  <div class='ocr_page' id='page_1' title='image "/cluster/home/n/w/nwhite01/storage/ocr_20150623/20:no.2/coo.31924054873009/213.png"; bbox 0 0 4198 6458; ppageno 0'>
   <div class='ocr_carea' id='block_1_1' title="bbox 605 356 704 416">
    <p class='ocr_par' dir='ltr' id='par_1_1' title="bbox 605 356 704 416">
     <span class='ocr_line' id='line_1_1' title="bbox 605 356 704 416; baseline -0.051 0"><span class='ocrx_word' id='word_1_1' title='bbox 605 356 704 416; x_wconf 67' lang='grc'><strong>10³1</strong></span> 
     </span>
    </p>
   </div>
   <div class='ocr_carea' id='block_1_2' title="bbox 1318 337 3148 398">
    <p class='ocr_par' dir='ltr' id='par_1_2' title="bbox 1318 337 3148 398">
     <span class='ocr_line' id='line_1_2' title="bbox 1318 337 3148 398; baseline -0.001 -1"><span class='ocrx_word' id='word_1_2' title='bbox 1318 339 1588 398; x_wconf 85' lang='lat' dir='ltr'><strong>EUSEBII</strong></span> <span class='ocrx_word' id='word_1_3' title='bbox 1628 339 2113 398; x_wconf 63' lang='grc' dir='ltr'><strong>ΕΑΕΞΑΒῙΕΝΒΙΞ</strong></span> <span class='ocrx_word' id='word_1_4' title='bbox 2149 340 2301 398; x_wconf 84' lang='lat' dir='ltr'><strong>OPP.</strong></span> <span class='ocrx_word' id='word_1_5' title='bbox 2342 337 2522 396; x_wconf 80' lang='lat' dir='ltr'><strong>PARS</strong></span> <span class='ocrx_word' id='word_1_6' title='bbox 2561 341 2604 396; x_wconf 85' lang='lat' dir='ltr'><strong>l.</strong></span> <span class='ocrx_word' id='word_1_7' title='bbox 2646 369 2716 381; x_wconf 93' lang='lat'><strong><em>—</em></strong></span> <span class='ocrx_word' id='word_1_8' title='bbox 2754 337 3148 396; x_wconf 77' lang='lat' dir='ltr'><strong>HISTORICA.</strong></span> 
     </span>
    </p>
   </div>
   <div class='ocr_carea' id='block_1_3' title="bbox 3762 341 3865 396">
    <p class='ocr_par' dir='ltr' id='par_1_3' title="bbox 3762 341 3865 396">
     <span class='ocr_line' id='line_1_3' title="bbox 3762 341 3865 396; baseline 0 0"><span class='ocrx_word' id='word_1_9' title='bbox 3762 341 3865 396; x_wconf 70' lang='grc' dir='ltr'><strong>ωδ</strong></span> 
     </span>
    </p>
   </div>
   <div class='ocr_carea' id='block_1_4' title="bbox 591 452 2155 532">
    <p class='ocr_par' dir='ltr' id='par_1_4' title="bbox 591 456 2155 532">
     <span class='ocr_line' id='line_1_4' title="bbox 591 456 2155 532; baseline -0.004 -12"><span class='ocrx_word' id='word_1_10' title='bbox 591 476 783 520; x_wconf 78' lang='lat' dir='ltr'><strong>rarum</strong></span> <span class='ocrx_word' id='word_1_11' title='bbox 811 458 1060 532; x_wconf 84' lang='lat' dir='ltr'><strong>partibus</strong></span> <span class='ocrx_word' id='word_1_12' title='bbox 1092 456 1385 514; x_wconf 92' lang='lat' dir='ltr'><strong>violentior</strong></span> <span class='ocrx_word' id='word_1_13' title='bbox 1413 457 1676 514; x_wconf 87' lang='lat' dir='ltr'><strong>adversus</strong></span> <span class='ocrx_word' id='word_1_14' title='bbox 1721 466 1944 513; x_wconf 90' lang='lat' dir='ltr'><strong>nostros</strong></span> <span class='ocrx_word' id='word_1_15' title='bbox 1988 472 2155 528; x_wconf 21' lang='lat' dir='ltr'><strong>penei</strong></span> 
     </span>
    </p>
   </div>
   <div class='ocr_carea' id='block_1_5' title="bbox 2258 452 3868 532">
    <p class='ocr_par' dir='ltr' id='par_1_5' title="bbox 2279 452 3868 529">
     <span class='ocr_line' id='line_1_5' title="bbox 2279 452 3868 529; baseline -0.017 0"><span class='ocrx_word' id='word_1_16' title='bbox 2279 457 2390 528; x_wconf 69' lang='grc' dir='ltr'><strong>Υῆςς</strong></span> <span class='ocrx_word' id='word_1_17' title='bbox 2431 455 2788 529; x_wconf 77' lang='grc' dir='ltr'>σφοδρότερον</span> <span class='ocrx_word' id='word_1_18' title='bbox 2846 452 3337 529; x_wconf 79' lang='grc' dir='ltr'>ἀναῤῥιπισθέντος</span> <span class='ocrx_word' id='word_1_19' title='bbox 3387 472 3484 510; x_wconf 87' lang='grc' dir='ltr'><strong>του</strong></span> <span class='ocrx_word' id='word_1_20' title='bbox 3536 454 3661 511; x_wconf 77' lang='grc' dir='ltr'>καθ’</span> <span class='ocrx_word' id='word_1_21' title='bbox 3707 457 3868 529; x_wconf 65' lang='grc' dir='ltr'><strong>ἡμῶν</strong></span> 
     </span>
    </p>
   </div>
   <div class='ocr_carea' id='block_1_6' title="bbox 593 547 2175 618">
    <p class='ocr_par' dir='ltr' id='par_1_6' title="bbox 593 547 2175 618">
     <span class='ocr_line' id='line_1_6' title="bbox 593 547 2175 618; baseline -0.004 -10"><span class='ocrx_word' id='word_1_22' title='bbox 593 552 744 610; x_wconf 92' lang='lat' dir='ltr'><strong>cutio</strong></span> <span class='ocrx_word' id='word_1_23' title='bbox 790 557 1064 607; x_wconf 90' lang='lat' dir='ltr'><strong>commota</strong></span> <span class='ocrx_word' id='word_1_24' title='bbox 1112 556 1259 603; x_wconf 91' lang='lat' dir='ltr'><strong>esset</strong></span> <span class='ocrx_word' id='word_1_25' title='bbox 1301 561 1370 602; x_wconf 78' lang='lat' dir='ltr'><strong>ex</strong></span> <span class='ocrx_word' id='word_1_26' title='bbox 1424 547 1739 604; x_wconf 87' lang='lat' dir='ltr'><strong>incursione</strong></span> <span class='ocrx_word' id='word_1_27' title='bbox 1789 547 2175 618; x_wconf 88' lang='lat' dir='ltr'><strong>popularium,</strong></span> 
     </span>
    </p>
   </div>
   <div class='ocr_carea' id='block_1_7' title="bbox 594 641 2175 713">
    <p class='ocr_par' dir='ltr' id='par_1_7' title="bbox 594 641 2175 713">
     <span class='ocr_line' id='line_1_7' title="bbox 594 641 2175 713; baseline -0.003 -13"><span class='ocrx_word' id='word_1_28' title='bbox 594 641 1019 700; x_wconf 89' lang='lat' dir='ltr'><strong>innumerabiles</strong></span> <span class='ocrx_word' id='word_1_29' title='bbox 1035 655 1203 711; x_wconf 81' lang='lat' dir='ltr'><strong>prope</strong></span> <span class='ocrx_word' id='word_1_30' title='bbox 1228 651 1499 713; x_wconf 81' lang='lat' dir='ltr'><strong>martyres</strong></span> <span class='ocrx_word' id='word_1_31' title='bbox 1518 656 1616 711; x_wconf 92' lang='lat' dir='ltr'><strong>per</strong></span> <span class='ocrx_word' id='word_1_32' title='bbox 1645 641 1958 698; x_wconf 89' lang='lat' dir='ltr'><strong>universum</strong></span> <span class='ocrx_word' id='word_1_33' title='bbox 1982 643 2175 698; x_wconf 91' lang='lat' dir='ltr'><strong>orbem</strong></span> 
     </span>
    </p>
   </div>
   <div class='ocr_carea' id='block_1_8' title="bbox 592 732 2175 803">
    <p class='ocr_par' dir='ltr' id='par_1_8' title="bbox 592 732 2175 803">
     <span class='ocr_line' id='line_1_8' title="bbox 592 732 2175 803; baseline -0.002 -12"><span class='ocrx_word' id='word_1_34' title='bbox 592 734 855 791; x_wconf 91' lang='lat' dir='ltr'><strong>enituisse</strong></span> <span class='ocrx_word' id='word_1_35' title='bbox 880 773 895 798; x_wconf 84' lang='lat'><strong>,</strong></span> <span class='ocrx_word' id='word_1_36' title='bbox 940 748 1007 788; x_wconf 77' lang='lat' dir='ltr'><strong>ex</strong></span> <span class='ocrx_word' id='word_1_37' title='bbox 1052 733 1120 786; x_wconf 89' lang='lat' dir='ltr'><strong>iis</strong></span> <span class='ocrx_word' id='word_1_38' title='bbox 1161 746 1283 801; x_wconf 73' lang='lat' dir='ltr'><strong>quae</strong></span> <span class='ocrx_word' id='word_1_39' title='bbox 1326 732 1379 786; x_wconf 92' lang='lat' dir='ltr'><strong>in</strong></span> <span class='ocrx_word' id='word_1_40' title='bbox 1419 733 1578 785; x_wconf 88' lang='lat' dir='ltr'><strong>unica</strong></span> <span class='ocrx_word' id='word_1_41' title='bbox 1608 733 1890 801; x_wconf 78' lang='lat' dir='ltr'><strong>provincia</strong></span> <span class='ocrx_word' id='word_1_42' title='bbox 1928 733 2175 803; x_wconf 80' lang='lat' dir='ltr'><strong>contige-</strong></span> 
     </span>
    </p>
   </div>
   <div class='ocr_carea' id='block_1_9' title="bbox 597 820 2172 895">
    <p class='ocr_par' dir='ltr' id='par_1_9' title="bbox 597 820 2172 895">
     <span class='ocr_line' id='line_1_9' title="bbox 597 820 2172 895; baseline -0.003 -13"><span class='ocrx_word' id='word_1_43' title='bbox 597 836 743 889; x_wconf 87' lang='lat' dir='ltr'><strong>runt,</strong></span> <span class='ocrx_word' id='word_1_44' title='bbox 781 823 1055 895; x_wconf 85' lang='lat' dir='ltr'><strong>conjicere</strong></span> <span class='ocrx_word' id='word_1_45' title='bbox 1082 831 1186 876; x_wconf 92' lang='lat' dir='ltr'><strong>est.</strong></span> <span class='ocrx_word' id='word_1_46' title='bbox 1219 821 1351 888; x_wconf 67' lang='lat' dir='ltr'><strong>Quae</strong></span> <span class='ocrx_word' id='word_1_47' title='bbox 1386 820 1627 890; x_wconf 91' lang='lat' dir='ltr'><strong>quidem,</strong></span> <span class='ocrx_word' id='word_1_48' title='bbox 1661 831 1848 890; x_wconf 89' lang='lat' dir='ltr'><strong>utpote</strong></span> <span class='ocrx_word' id='word_1_49' title='bbox 1877 823 2172 877; x_wconf 91' lang='lat' dir='ltr'><strong>immortali</strong></span> 
     </span>
    </p>
   </div>
   <div class='ocr_carea' id='block_1_10' title="bbox 593 912 2176 986">
    <p class='ocr_par' dir='ltr' id='par_1_10' title="bbox 593 912 2176 986">
     <span class='ocr_line' id='line_1_10' title="bbox 593 912 2176 986; baseline -0.007 -11"><span class='ocrx_word' id='word_1_50' title='bbox 593 916 860 975; x_wconf 83' lang='lat' dir='ltr'><strong>memoria</strong></span> <span class='ocrx_word' id='word_1_51' title='bbox 896 914 1242 986; x_wconf 78' lang='lat' dir='ltr'><strong>dignissima,</strong></span> <span class='ocrx_word' id='word_1_52' title='bbox 1277 912 1586 966; x_wconf 87' lang='lat' dir='ltr'><strong>litterarum</strong></span> <span class='ocrx_word' id='word_1_53' title='bbox 1632 912 1999 966; x_wconf 69' lang='lat' dir='ltr'><strong>monumentis</strong></span> <span class='ocrx_word' id='word_1_54' title='bbox 2024 928 2176 967; x_wconf 90' lang='lat' dir='ltr'><strong>com-</strong></span> 
     </span>
    </p>
   </div>
   <div class='ocr_carea' id='block_1_11' title="bbox 592 1003 2172 1075">
    <p class='ocr_par' dir='ltr' id='par_1_11' title="bbox 592 1003 2172 1075">
     <span class='ocr_line' id='line_1_11' title="bbox 592 1003 2172 1075; baseline -0.006 -8"><span class='ocrx_word' id='word_1_55' title='bbox 592 1011 846 1067; x_wconf 84' lang='lat' dir='ltr'><strong>mendata</strong></span> <span class='ocrx_word' id='word_1_56' title='bbox 890 1016 943 1062; x_wconf 86' lang='lat' dir='ltr'><strong>et</strong></span> <span class='ocrx_word' id='word_1_57' title='bbox 979 1006 1047 1059; x_wconf 83' lang='lat' dir='ltr'><strong>ad</strong></span> <span class='ocrx_word' id='word_1_58' title='bbox 1086 1013 1338 1075; x_wconf 75' lang='lat' dir='ltr'><strong>posteros</strong></span> <span class='ocrx_word' id='word_1_59' title='bbox 1371 1003 1695 1058; x_wconf 86' lang='lat' dir='ltr'><strong>transmissa</strong></span> <span class='ocrx_word' id='word_1_60' title='bbox 1742 1012 1892 1058; x_wconf 87' lang='lat' dir='ltr'><strong>sunt.</strong></span> <span class='ocrx_word' id='word_1_61' title='bbox 1941 1003 2008 1058; x_wconf 86' lang='lat' dir='ltr'><strong>Et</strong></span> <span class='ocrx_word' id='word_1_62' title='bbox 2051 1012 2172 1059; x_wconf 88' lang='lat' dir='ltr'><strong>acta</strong></span> 
     </span>
    </p>
   </div>
   <div class='ocr_carea' id='block_1_12' title="bbox 588 1093 2171 1171">
    <p class='ocr_par' dir='ltr' id='par_1_12' title="bbox 588 1093 2171 1171">
     <span class='ocr_line' id='line_1_12' title="bbox 588 1093 2171 1171; baseline -0.003 -17"><span class='ocrx_word' id='word_1_63' title='bbox 588 1100 810 1171; x_wconf 83' lang='lat' dir='ltr'><strong>quidem</strong></span> <span class='ocrx_word' id='word_1_64' title='bbox 847 1098 964 1167; x_wconf 87' lang='lat' dir='ltr'><strong>ipsa</strong></span> <span class='ocrx_word' id='word_1_65' title='bbox 1002 1096 1202 1166; x_wconf 91' lang='lat' dir='ltr'><strong>quibus</strong></span> <span class='ocrx_word' id='word_1_66' title='bbox 1239 1093 1555 1164; x_wconf 87' lang='lat' dir='ltr'><strong>plenissima</strong></span> <span class='ocrx_word' id='word_1_67' title='bbox 1595 1094 1787 1148; x_wconf 86' lang='lat' dir='ltr'><strong>barum</strong></span> <span class='ocrx_word' id='word_1_68' title='bbox 1824 1110 2005 1149; x_wconf 91' lang='lat' dir='ltr'><strong>rerum</strong></span> <span class='ocrx_word' id='word_1_69' title='bbox 2038 1110 2171 1150; x_wconf 85' lang='lat' dir='ltr'><strong>nar-</strong></span> 
     </span>
    </p>
   </div>
   <div class='ocr_carea' id='block_1_13' title="bbox 590 1186 2167 1258">
    <p class='ocr_par' dir='ltr' id='par_1_13' title="bbox 590 1186 2167 1258">
     <span class='ocr_line' id='line_1_13' title="bbox 590 1186 2167 1258; baseline -0.002 -12"><span class='ocrx_word' id='word_1_70' title='bbox 590 1192 729 1248; x_wconf 81' lang='lat' dir='ltr'><strong>ratio</strong></span> <span class='ocrx_word' id='word_1_71' title='bbox 765 1191 1098 1252; x_wconf 88' lang='lat' dir='ltr'><strong>continetur,</strong></span> <span class='ocrx_word' id='word_1_72' title='bbox 1136 1188 1189 1241; x_wconf 92' lang='lat' dir='ltr'><strong>in</strong></span> <span class='ocrx_word' id='word_1_73' title='bbox 1221 1201 1388 1255; x_wconf 89' lang='lat' dir='ltr'><strong>opere</strong></span> <span class='ocrx_word' id='word_1_74' title='bbox 1419 1186 1492 1239; x_wconf 81' lang='lat' dir='ltr'><strong>De</strong></span> <span class='ocrx_word' id='word_1_75' title='bbox 1520 1188 1843 1257; x_wconf 78' lang='lat' dir='ltr'><strong>martyribus</strong></span> <span class='ocrx_word' id='word_1_76' title='bbox 1883 1188 2096 1258; x_wconf 80' lang='lat' dir='ltr'><strong>integra</strong></span> <span class='ocrx_word' id='word_1_77' title='bbox 2135 1204 2167 1243; x_wconf 86' lang='lat' dir='ltr'><strong>a</strong></span> 
     </span>
    </p>
   </div>
   <div class='ocr_carea' id='block_1_14' title="bbox 587 1279 2183 1350">
    <p class='ocr_par' dir='ltr' id='par_1_14' title="bbox 587 1279 2183 1350">
     <span class='ocr_line' id='line_1_14' title="bbox 587 1279 2183 1350; baseline -0.001 -11"><span class='ocrx_word' id='word_1_78' title='bbox 587 1283 749 1340; x_wconf 87' lang='lat' dir='ltr'><strong>nobis</strong></span> <span class='ocrx_word' id='word_1_79' title='bbox 783 1282 993 1336; x_wconf 84' lang='lat' dir='ltr'><strong>inserta</strong></span> <span class='ocrx_word' id='word_1_80' title='bbox 1037 1286 1197 1345; x_wconf 88' lang='lat' dir='ltr'><strong>sunt;</strong></span> <span class='ocrx_word' id='word_1_81' title='bbox 1234 1294 1301 1333; x_wconf 80' lang='lat' dir='ltr'><strong>ex</strong></span> <span class='ocrx_word' id='word_1_82' title='bbox 1332 1279 1528 1347; x_wconf 86' lang='lat' dir='ltr'><strong>quibus</strong></span> <span class='ocrx_word' id='word_1_83' title='bbox 1574 1294 1680 1334; x_wconf 90' lang='lat' dir='ltr'><strong>non</strong></span> <span class='ocrx_word' id='word_1_84' title='bbox 1715 1279 1888 1334; x_wconf 91' lang='lat' dir='ltr'><strong>solum</strong></span> <span class='ocrx_word' id='word_1_85' title='bbox 1929 1280 2183 1350; x_wconf 78' lang='lat' dir='ltr'><strong>cognitio</strong></span> 
     </span>
    </p>
   </div>
   <div class='ocr_carea' id='block_1_15' title="bbox 590 1370 2167 1445">
    <p class='ocr_par' dir='ltr' id='par_1_15' title="bbox 590 1370 2167 1445">
     <span class='ocr_line' id='line_1_15' title="bbox 590 1370 2167 1445; baseline 0 -18"><span class='ocrx_word' id='word_1_86' title='bbox 590 1371 753 1445; x_wconf 58' lang='lat'><strong>155</strong></span> <span class='ocrx_word' id='word_1_87' title='bbox 806 1385 991 1427; x_wconf 89' lang='lat' dir='ltr'><strong>rerum</strong></span> <span class='ocrx_word' id='word_1_88' title='bbox 1037 1378 1353 1440; x_wconf 81' lang='lat' dir='ltr'><strong>gestarum,</strong></span> <span class='ocrx_word' id='word_1_89' title='bbox 1385 1384 1572 1423; x_wconf 88' lang='lat' dir='ltr'><strong>verum</strong></span> <span class='ocrx_word' id='word_1_90' title='bbox 1624 1370 1788 1424; x_wconf 88' lang='lat' dir='ltr'><strong>etiam</strong></span> <span class='ocrx_word' id='word_1_91' title='bbox 1836 1372 2167 1427; x_wconf 85' lang='lat' dir='ltr'><strong>documenta</strong></span> 
     </span>
    </p>
   </div>
   <div class='ocr_carea' id='block_1_16' title="bbox 585 1460 2165 1536">
    <p class='ocr_par' dir='ltr' id='par_1_16' title="bbox 585 1460 2165 1536">
     <span class='ocr_line' id='line_1_16' title="bbox 585 1460 2165 1536; baseline -0.001 -18"><span class='ocrx_word' id='word_1_92' title='bbox 585 1465 808 1534; x_wconf 85' lang='lat' dir='ltr'><strong>pietatis</strong></span> <span class='ocrx_word' id='word_1_93' title='bbox 836 1461 1048 1533; x_wconf 86' lang='lat' dir='ltr'><strong>percipi</strong></span> <span class='ocrx_word' id='word_1_94' title='bbox 1082 1468 1345 1536; x_wconf 31' lang='lat' dir='ltr'><strong>possunta</strong></span> <span class='ocrx_word' id='word_1_95' title='bbox 1370 1460 1721 1531; x_wconf 69' lang='lat' dir='ltr'><strong>Quaecunque</strong></span> <span class='ocrx_word' id='word_1_96' title='bbox 1759 1472 1940 1516; x_wconf 87' lang='lat' dir='ltr'><strong>tamen</strong></span> <span class='ocrx_word' id='word_1_97' title='bbox 1970 1463 2036 1516; x_wconf 86' lang='lat' dir='ltr'><strong>ad</strong></span> <span class='ocrx_word' id='word_1_98' title='bbox 2080 1464 2165 1516; x_wconf 85' lang='lat' dir='ltr'><strong>in-</strong></span> 
     </span>
    </p>
   </div>
   <div class='ocr_carea' id='block_1_17' title="bbox 585 1552 2166 1620">
    <p class='ocr_par' dir='ltr' id='par_1_17' title="bbox 585 1552 2166 1620">
     <span class='ocr_line' id='line_1_17' title="bbox 585 1552 2166 1620; baseline -0.001 -11"><span class='ocrx_word' id='word_1_99' title='bbox 585 1555 842 1609; x_wconf 87' lang='lat' dir='ltr'><strong>stitutum</strong></span> <span class='ocrx_word' id='word_1_100' title='bbox 885 1562 1132 1606; x_wconf 90' lang='lat' dir='ltr'><strong>nostrum</strong></span> <span class='ocrx_word' id='word_1_101' title='bbox 1166 1560 1413 1620; x_wconf 89' lang='lat' dir='ltr'><strong>spectare</strong></span> <span class='ocrx_word' id='word_1_102' title='bbox 1460 1552 1591 1605; x_wconf 87' lang='lat' dir='ltr'><strong>mihi</strong></span> <span class='ocrx_word' id='word_1_103' title='bbox 1641 1552 1755 1605; x_wconf 82' lang='lat' dir='ltr'><strong>visa</strong></span> <span class='ocrx_word' id='word_1_104' title='bbox 1782 1562 1950 1616; x_wconf 85' lang='lat' dir='ltr'><strong>sunt,</strong></span> <span class='ocrx_word' id='word_1_105' title='bbox 1982 1566 2045 1607; x_wconf 89' lang='lat' dir='ltr'><strong>ea</strong></span> <span class='ocrx_word' id='word_1_106' title='bbox 2081 1553 2166 1607; x_wconf 80' lang='lat' dir='ltr'><strong>in-</strong></span> 
     </span>
    </p>
   </div>
   <div class='ocr_carea' id='block_1_18' title="bbox 588 1641 2164 1714">
    <p class='ocr_par' dir='ltr' id='par_1_18' title="bbox 588 1641 2164 1714">
     <span class='ocr_line' id='line_1_18' title="bbox 588 1641 2164 1714; baseline -0.001 -17"><span class='ocrx_word' id='word_1_107' title='bbox 588 1643 1010 1714; x_wconf 67' lang='lat' dir='ltr'><strong>praesentiarum</strong></span> <span class='ocrx_word' id='word_1_108' title='bbox 1060 1641 1342 1711; x_wconf 80' lang='lat' dir='ltr'><strong>seligeus,</strong></span> <span class='ocrx_word' id='word_1_109' title='bbox 1394 1642 1482 1695; x_wconf 94' lang='lat' dir='ltr'><strong>hic</strong></span> <span class='ocrx_word' id='word_1_110' title='bbox 1519 1657 1807 1711; x_wconf 86' lang='lat' dir='ltr'><strong>apponam.</strong></span> <span class='ocrx_word' id='word_1_111' title='bbox 1853 1643 1928 1698; x_wconf 83' lang='lat' dir='ltr'><strong>Ac</strong></span> <span class='ocrx_word' id='word_1_112' title='bbox 1982 1644 2164 1699; x_wconf 66' lang='lat' dir='ltr'><strong>etteteri</strong></span> 
     </span>
    </p>
   </div>
   <div class='ocr_carea' id='block_1_19' title="bbox 585 1731 2165 1804">
    <p class='ocr_par' dir='ltr' id='par_1_19' title="bbox 585 1731 2165 1804">
     <span class='ocr_line' id='line_1_19' title="bbox 585 1731 2165 1804; baseline 0.003 -17"><span class='ocrx_word' id='word_1_113' title='bbox 585 1732 806 1804; x_wconf 84' lang='lat' dir='ltr'><strong>quidem</strong></span> <span class='ocrx_word' id='word_1_114' title='bbox 838 1732 1197 1787; x_wconf 83' lang='lat' dir='ltr'><strong>historiarum</strong></span> <span class='ocrx_word' id='word_1_115' title='bbox 1230 1732 1549 1801; x_wconf 90' lang='lat' dir='ltr'><strong>scriptores,</strong></span> <span class='ocrx_word' id='word_1_116' title='bbox 1579 1731 1715 1786; x_wconf 87' lang='lat' dir='ltr'><strong>nihil</strong></span> <span class='ocrx_word' id='word_1_117' title='bbox 1742 1732 1886 1786; x_wconf 71' lang='lat' dir='ltr'><strong>aliud</strong></span> <span class='ocrx_word' id='word_1_118' title='bbox 1913 1732 2029 1788; x_wconf 77' lang='lat' dir='ltr'><strong>fere</strong></span> <span class='ocrx_word' id='word_1_119' title='bbox 2056 1750 2165 1791; x_wconf 86' lang='lat' dir='ltr'><strong>mo-</strong></span> 
     </span>
    </p>
   </div>
   <div class='ocr_carea' id='block_1_20' title="bbox 2280 543 3866 618">
    <p class='ocr_par' dir='ltr' id='par_1_20' title="bbox 2280 543 3866 618">
     <span class='ocr_line' id='line_1_20' title="bbox 2280 543 3866 618; baseline 0.001 -18"><span class='ocrx_word' id='word_1_120' title='bbox 2280 544 2522 616; x_wconf 78' lang='grc' dir='ltr'><strong>διωγμοῦ</strong></span> <span class='ocrx_word' id='word_1_121' title='bbox 2551 544 2612 610; x_wconf 77' lang='grc' dir='ltr'>ἐξ</span> <span class='ocrx_word' id='word_1_122' title='bbox 2649 544 2946 609; x_wconf 84' lang='grc' dir='ltr'>ἐπιθέσεως</span> <span class='ocrx_word' id='word_1_123' title='bbox 2978 546 3087 599; x_wconf 84' lang='grc' dir='ltr'><strong>τῶν</strong></span> <span class='ocrx_word' id='word_1_124' title='bbox 3119 544 3263 599; x_wconf 87' lang='grc' dir='ltr'><strong>κατά</strong></span> <span class='ocrx_word' id='word_1_125' title='bbox 3291 543 3393 608; x_wconf 79' lang='grc' dir='ltr'>τὰς</span> <span class='ocrx_word' id='word_1_126' title='bbox 3425 545 3612 611; x_wconf 84' lang='grc' dir='ltr'>πόλεις</span> <span class='ocrx_word' id='word_1_127' title='bbox 3653 546 3866 618; x_wconf 82' lang='grc' dir='ltr'><strong>δήμων,</strong></span> 
     </span>
    </p>
   </div>
   <div class='ocr_carea' id='block_1_21' title="bbox 2282 633 3863 709">
    <p class='ocr_par' dir='ltr' id='par_1_21' title="bbox 2282 633 3863 709">
     <span class='ocr_line' id='line_1_21' title="bbox 2282 633 3863 709; baseline 0.003 -22"><span class='ocrx_word' id='word_1_128' title='bbox 2282 634 2548 709; x_wconf 73' lang='grc' dir='ltr'><strong>μυριάδας</strong></span> <span class='ocrx_word' id='word_1_129' title='bbox 2580 634 2874 706; x_wconf 86' lang='grc' dir='ltr'>μαρτύρων</span> <span class='ocrx_word' id='word_1_130' title='bbox 2917 634 3019 689; x_wconf 81' lang='grc' dir='ltr'><strong>ἀνά</strong></span> <span class='ocrx_word' id='word_1_131' title='bbox 3053 633 3151 705; x_wconf 77' lang='grc' dir='ltr'><strong>τὴν</strong></span> <span class='ocrx_word' id='word_1_132' title='bbox 3182 637 3507 707; x_wconf 81' lang='grc' dir='ltr'><strong>οἰκουμένην</strong></span> <span class='ocrx_word' id='word_1_133' title='bbox 3547 636 3863 709; x_wconf 73' lang='grc' dir='ltr'><strong>διαπρέψαι,</strong></span> 
     </span>
    </p>
   </div>
   <div class='ocr_carea' id='block_1_22' title="bbox 2280 723 3866 799">
    <p class='ocr_par' dir='ltr' id='par_1_22' title="bbox 2280 723 3866 799">
     <span class='ocr_line' id='line_1_22' title="bbox 2280 723 3866 799; baseline 0.002 -21"><span class='ocrx_word' id='word_1_134' title='bbox 2280 723 2573 796; x_wconf 86' lang='grc' dir='ltr'>στοχασμῷ</span> <span class='ocrx_word' id='word_1_135' title='bbox 2602 724 2786 778; x_wconf 91' lang='grc' dir='ltr'>λαϐεῖν</span> <span class='ocrx_word' id='word_1_136' title='bbox 2809 724 3018 779; x_wconf 75' lang='grc' dir='ltr'>ἔνεστιν</span> <span class='ocrx_word' id='word_1_137' title='bbox 3047 726 3156 779; x_wconf 71' lang='grc' dir='ltr'>ἀπὸ</span> <span class='ocrx_word' id='word_1_138' title='bbox 3177 724 3286 778; x_wconf 86' lang='grc' dir='ltr'><strong>τῶν</strong></span> <span class='ocrx_word' id='word_1_139' title='bbox 3318 725 3438 779; x_wconf 85' lang='grc' dir='ltr'>καθ’</span> <span class='ocrx_word' id='word_1_140' title='bbox 3464 724 3523 780; x_wconf 86' lang='grc' dir='ltr'>ἓν</span> <span class='ocrx_word' id='word_1_141' title='bbox 3550 726 3703 790; x_wconf 81' lang='grc' dir='ltr'>εθνος</span> <span class='ocrx_word' id='word_1_142' title='bbox 3734 745 3866 799; x_wconf 75' lang='grc' dir='ltr'>συμο</span> 
     </span>
    </p>
   </div>
   <div class='ocr_carea' id='block_1_23' title="bbox 2277 813 3864 888">
    <p class='ocr_par' dir='ltr' id='par_1_23' title="bbox 2277 813 3864 888">
     <span class='ocr_line' id='line_1_23' title="bbox 2277 813 3864 888; baseline 0.002 -21"><span class='ocrx_word' id='word_1_143' title='bbox 2277 814 2620 887; x_wconf 86' lang='grc' dir='ltr'>ϐεϐηκότων·</span> <span class='ocrx_word' id='word_1_144' title='bbox 2655 813 2692 869; x_wconf 78' lang='grc' dir='ltr'><strong>ά</strong></span> <span class='ocrx_word' id='word_1_145' title='bbox 2720 815 2814 867; x_wconf 72' lang='grc' dir='ltr'><strong>καὶ</strong></span> <span class='ocrx_word' id='word_1_146' title='bbox 2842 817 3025 886; x_wconf 70' lang='grc' dir='ltr'>γραφῇ</span> <span class='ocrx_word' id='word_1_147' title='bbox 3056 818 3168 879; x_wconf 84' lang='grc' dir='ltr'>τοῖς</span> <span class='ocrx_word' id='word_1_148' title='bbox 3220 815 3516 886; x_wconf 83' lang='grc' dir='ltr'>μετέπειτα</span> <span class='ocrx_word' id='word_1_149' title='bbox 3545 815 3864 888; x_wconf 78' lang='grc' dir='ltr'>παραδοθῆ-</span> 
     </span>
    </p>
   </div>
   <div class='ocr_carea' id='block_1_24' title="bbox 2275 907 3861 980">
    <p class='ocr_par' dir='ltr' id='par_1_24' title="bbox 2275 907 3861 980">
     <span class='ocr_line' id='line_1_24' title="bbox 2275 907 3861 980; baseline 0.001 -19"><span class='ocrx_word' id='word_1_150' title='bbox 2275 925 2385 973; x_wconf 91' lang='grc' dir='ltr'>ναι,</span> <span class='ocrx_word' id='word_1_151' title='bbox 2420 907 2655 979; x_wconf 89' lang='grc' dir='ltr'>ἀλήστου</span> <span class='ocrx_word' id='word_1_152' title='bbox 2699 908 2921 979; x_wconf 82' lang='grc' dir='ltr'><strong>μνήμης</strong></span> <span class='ocrx_word' id='word_1_153' title='bbox 2951 907 3029 971; x_wconf 86' lang='grc' dir='ltr'>ὡς</span> <span class='ocrx_word' id='word_1_154' title='bbox 3054 907 3268 979; x_wconf 84' lang='grc' dir='ltr'>ἀληθῶς</span> <span class='ocrx_word' id='word_1_155' title='bbox 3305 907 3505 972; x_wconf 79' lang='grc' dir='ltr'><strong>ἐπάξια</strong></span> <span class='ocrx_word' id='word_1_156' title='bbox 3532 908 3680 963; x_wconf 84' lang='grc' dir='ltr'>δντα.</span> <span class='ocrx_word' id='word_1_157' title='bbox 3718 925 3861 980; x_wconf 84' lang='grc' dir='ltr'>συμ-</span> 
     </span>
    </p>
   </div>
   <div class='ocr_carea' id='block_1_25' title="bbox 2274 996 3862 1074">
    <p class='ocr_par' dir='ltr' id='par_1_25' title="bbox 2274 996 3862 1074">
     <span class='ocr_line' id='line_1_25' title="bbox 2274 996 3862 1074; baseline 0.001 -21"><span class='ocrx_word' id='word_1_158' title='bbox 2274 1000 2497 1071; x_wconf 83' lang='grc' dir='ltr'>ϐέϐηκε.</span> <span class='ocrx_word' id='word_1_159' title='bbox 2526 999 2639 1071; x_wconf 83' lang='grc' dir='ltr'><strong>Τῆς</strong></span> <span class='ocrx_word' id='word_1_160' title='bbox 2668 1001 2765 1071; x_wconf 82' lang='grc' dir='ltr'>μὲν</span> <span class='ocrx_word' id='word_1_161' title='bbox 2792 996 2885 1054; x_wconf 84' lang='grc' dir='ltr'>οὖν</span> <span class='ocrx_word' id='word_1_162' title='bbox 2912 1001 3038 1072; x_wconf 79' lang='grc' dir='ltr'>περὶ</span> <span class='ocrx_word' id='word_1_163' title='bbox 3066 1001 3271 1054; x_wconf 88' lang='grc' dir='ltr'>τούτων</span> <span class='ocrx_word' id='word_1_164' title='bbox 3302 1001 3686 1072; x_wconf 80' lang='grc' dir='ltr'>ἐντελεστάτης</span> <span class='ocrx_word' id='word_1_165' title='bbox 3720 1002 3862 1074; x_wconf 53' lang='grc' dir='ltr'>ὑφη-</span> 
     </span>
    </p>
   </div>
   <div class='ocr_carea' id='block_1_26' title="bbox 2277 1090 3861 1165">
    <p class='ocr_par' dir='ltr' id='par_1_26' title="bbox 2277 1090 3861 1165">
     <span class='ocr_line' id='line_1_26' title="bbox 2277 1090 3861 1165; baseline 0.001 -20"><span class='ocrx_word' id='word_1_166' title='bbox 2277 1093 2488 1163; x_wconf 87' lang='grc' dir='ltr'>γήσεως</span> <span class='ocrx_word' id='word_1_167' title='bbox 2511 1090 2573 1145; x_wconf 74' lang='grc' dir='ltr'>τὸ</span> <span class='ocrx_word' id='word_1_168' title='bbox 2605 1094 2713 1146; x_wconf 80' lang='grc' dir='ltr'><strong>πᾶν</strong></span> <span class='ocrx_word' id='word_1_169' title='bbox 2738 1091 3098 1162; x_wconf 84' lang='grc' dir='ltr'>σύγγραμμα,</span> <span class='ocrx_word' id='word_1_170' title='bbox 3128 1094 3193 1162; x_wconf 79' lang='grc' dir='ltr'>τῇ</span> <span class='ocrx_word' id='word_1_171' title='bbox 3230 1090 3351 1147; x_wconf 78' lang='grc' dir='ltr'><em>Τῶν</em></span> <span class='ocrx_word' id='word_1_172' title='bbox 3379 1097 3698 1162; x_wconf 78' lang='grc' dir='ltr'>μαρτύρων</span> <span class='ocrx_word' id='word_1_173' title='bbox 3728 1095 3861 1165; x_wconf 75' lang='grc' dir='ltr'>ήμῖν</span> 
     </span>
    </p>
   </div>
   <div class='ocr_carea' id='block_1_27' title="bbox 2274 1182 3860 1256">
    <p class='ocr_par' dir='ltr' id='par_1_27' title="bbox 2274 1182 3860 1256">
     <span class='ocr_line' id='line_1_27' title="bbox 2274 1182 3860 1256; baseline 0.001 -19"><span class='ocrx_word' id='word_1_174' title='bbox 2274 1183 2678 1238; x_wconf 77' lang='grc' dir='ltr'><strong>κατατέτακται</strong></span> <span class='ocrx_word' id='word_1_175' title='bbox 2713 1182 3038 1253; x_wconf 76' lang='grc' dir='ltr'><strong>συναγωγῇ</strong></span> <span class='ocrx_word' id='word_1_176' title='bbox 3087 1183 3223 1254; x_wconf 79' lang='grc'><strong>(75),</strong></span> <span class='ocrx_word' id='word_1_177' title='bbox 3253 1185 3351 1254; x_wconf 83' lang='grc' dir='ltr'><strong>ούχ</strong></span> <span class='ocrx_word' id='word_1_178' title='bbox 3405 1185 3684 1256; x_wconf 75' lang='grc' dir='ltr'>ἱστορικὴν</span> <span class='ocrx_word' id='word_1_179' title='bbox 3726 1185 3860 1239; x_wconf 81' lang='grc' dir='ltr'>αὐτὸ</span> 
     </span>
    </p>
   </div>
   <div class='ocr_carea' id='block_1_28' title="bbox 2275 1274 3856 1349">
    <p class='ocr_par' dir='ltr' id='par_1_28' title="bbox 2275 1274 3856 1349">
     <span class='ocr_line' id='line_1_28' title="bbox 2275 1274 3856 1349; baseline 0.001 -21"><span class='ocrx_word' id='word_1_180' title='bbox 2275 1275 2455 1345; x_wconf 84' lang='grc' dir='ltr'>μόνον,</span> <span class='ocrx_word' id='word_1_181' title='bbox 2503 1274 2640 1332; x_wconf 87' lang='grc' dir='ltr'><strong>ἀλλά</strong></span> <span class='ocrx_word' id='word_1_182' title='bbox 2698 1276 2793 1330; x_wconf 74' lang='grc' dir='ltr'><strong>καὶ</strong></span> <span class='ocrx_word' id='word_1_183' title='bbox 2837 1275 3223 1347; x_wconf 81' lang='grc' dir='ltr'>διδασκαλικὴν</span> <span class='ocrx_word' id='word_1_184' title='bbox 3277 1276 3529 1347; x_wconf 82' lang='grc' dir='ltr'>περιέχον</span> <span class='ocrx_word' id='word_1_185' title='bbox 3581 1277 3856 1349; x_wconf 85' lang='grc' dir='ltr'>διήγησιν.</span> 
     </span>
    </p>
   </div>
   <div class='ocr_carea' id='block_1_29' title="bbox 2283 1366 3855 1440">
    <p class='ocr_par' dir='ltr' id='par_1_29' title="bbox 2283 1366 3855 1440">
     <span class='ocr_line' id='line_1_29' title="bbox 2283 1366 3855 1440; baseline 0.002 -20"><span class='ocrx_word' id='word_1_186' title='bbox 2283 1368 2489 1422; x_wconf 82' lang='grc' dir='ltr'>Ὁπόσα</span> <span class='ocrx_word' id='word_1_187' title='bbox 2520 1368 2584 1437; x_wconf 85' lang='grc' dir='ltr'><strong>γέ</strong></span> <span class='ocrx_word' id='word_1_188' title='bbox 2624 1385 2706 1422; x_wconf 89' lang='grc' dir='ltr'><strong>τοι</strong></span> <span class='ocrx_word' id='word_1_189' title='bbox 2756 1368 2858 1438; x_wconf 82' lang='grc' dir='ltr'>τῆς</span> <span class='ocrx_word' id='word_1_190' title='bbox 2904 1366 3187 1439; x_wconf 78' lang='grc' dir='ltr'>παρούσης</span> <span class='ocrx_word' id='word_1_191' title='bbox 3229 1367 3404 1439; x_wconf 81' lang='grc' dir='ltr'>ἔχοιτο</span> <span class='ocrx_word' id='word_1_192' title='bbox 3451 1371 3855 1440; x_wconf 80' lang='grc' dir='ltr'>πραγματείας,</span> 
     </span>
    </p>
   </div>
   <div class='ocr_carea' id='block_1_30' title="bbox 2269 1458 3852 1534">
    <p class='ocr_par' dir='ltr' id='par_1_30' title="bbox 2269 1458 3852 1534">
     <span class='ocr_line' id='line_1_30' title="bbox 2269 1458 3852 1534; baseline 0.004 -22"><span class='ocrx_word' id='word_1_193' title='bbox 2269 1459 2420 1513; x_wconf 79' lang='grc' dir='ltr'>ταῦτ’</span> <span class='ocrx_word' id='word_1_194' title='bbox 2448 1460 2542 1514; x_wconf 73' lang='grc' dir='ltr'><strong>ἐπὶ</strong></span> <span class='ocrx_word' id='word_1_195' title='bbox 2564 1459 2661 1514; x_wconf 80' lang='grc' dir='ltr'>τοῦ</span> <span class='ocrx_word' id='word_1_196' title='bbox 2693 1460 2959 1530; x_wconf 83' lang='grc' dir='ltr'>παρόντος</span> <span class='ocrx_word' id='word_1_197' title='bbox 2999 1458 3399 1531; x_wconf 79' lang='grc' dir='ltr'>ἀναλεξάμενος</span> <span class='ocrx_word' id='word_1_198' title='bbox 3434 1462 3852 1534; x_wconf 78' lang='grc' dir='ltr'>παραθήσομαι.</span> 
     </span>
    </p>
   </div>
   <div class='ocr_carea' id='block_1_31' title="bbox 2272 1546 3852 1626">
    <p class='ocr_par' dir='ltr' id='par_1_31' title="bbox 2272 1546 3852 1626">
     <span class='ocr_line' id='line_1_31' title="bbox 2272 1546 3852 1626; baseline 0.001 -22"><span class='ocrx_word' id='word_1_199' title='bbox 2272 1549 2454 1605; x_wconf 81' lang='grc' dir='ltr'>Ἀλλοι</span> <span class='ocrx_word' id='word_1_200' title='bbox 2522 1552 2621 1622; x_wconf 80' lang='grc' dir='ltr'><strong>μὲν</strong></span> <span class='ocrx_word' id='word_1_201' title='bbox 2680 1546 2775 1605; x_wconf 80' lang='grc' dir='ltr'>οὖν</span> <span class='ocrx_word' id='word_1_202' title='bbox 2839 1550 3118 1626; x_wconf 74' lang='grc' dir='ltr'>ἱστορικὰς</span> <span class='ocrx_word' id='word_1_203' title='bbox 3180 1551 3492 1623; x_wconf 78' lang='grc' dir='ltr'>ποιούμενοι</span> <span class='ocrx_word' id='word_1_204' title='bbox 3549 1553 3852 1625; x_wconf 80' lang='grc' dir='ltr'>διηγήσεις,</span> 
     </span>
    </p>
   </div>
   <div class='ocr_carea' id='block_1_32' title="bbox 2268 1641 3856 1715">
    <p class='ocr_par' dir='ltr' id='par_1_32' title="bbox 2268 1641 3856 1715">
     <span class='ocr_line' id='line_1_32' title="bbox 2268 1641 3856 1715; baseline 0.002 -20"><span class='ocrx_word' id='word_1_205' title='bbox 2268 1641 2487 1707; x_wconf 87' lang='grc' dir='ltr'>πάντως</span> <span class='ocrx_word' id='word_1_206' title='bbox 2513 1642 2578 1697; x_wconf 86' lang='grc' dir='ltr'>ἂν</span> <span class='ocrx_word' id='word_1_207' title='bbox 2610 1643 2929 1715; x_wconf 85' lang='grc' dir='ltr'>παρέδωκαν</span> <span class='ocrx_word' id='word_1_208' title='bbox 2956 1647 3023 1715; x_wconf 82' lang='grc' dir='ltr'>τῇ</span> <span class='ocrx_word' id='word_1_209' title='bbox 3057 1646 3242 1715; x_wconf 68' lang='grc' dir='ltr'>γραφῇ</span> <span class='ocrx_word' id='word_1_210' title='bbox 3269 1644 3522 1715; x_wconf 84' lang='grc' dir='ltr'>πολέμων</span> <span class='ocrx_word' id='word_1_211' title='bbox 3547 1645 3724 1709; x_wconf 82' lang='grc' dir='ltr'>νίκας,</span> <span class='ocrx_word' id='word_1_212' title='bbox 3759 1646 3856 1699; x_wconf 74' lang='grc' dir='ltr'>καὶ</span> 
     </span>
    </p>
   </div>
   <div class='ocr_carea' id='block_1_33' title="bbox 2266 1733 3854 1808">
    <p class='ocr_par' dir='ltr' id='par_1_33' title="bbox 2266 1733 3854 1808">
     <span class='ocr_line' id='line_1_33' title="bbox 2266 1733 3854 1808; baseline 0.004 -23"><span class='ocrx_word' id='word_1_213' title='bbox 2266 1733 2499 1805; x_wconf 87' lang='grc' dir='ltr'>τρόπαια</span> <span class='ocrx_word' id='word_1_214' title='bbox 2540 1738 2661 1788; x_wconf 81' lang='grc' dir='ltr'>κατ’</span> <span class='ocrx_word' id='word_1_215' title='bbox 2706 1735 2939 1807; x_wconf 81' lang='grc' dir='ltr'>ἐχθρῶν,</span> <span class='ocrx_word' id='word_1_216' title='bbox 2968 1734 3292 1807; x_wconf 79' lang='grc' dir='ltr'>στρατηγῶν</span> <span class='ocrx_word' id='word_1_217' title='bbox 3320 1753 3379 1789; x_wconf 87' lang='grc' dir='ltr'><strong>τε</strong></span> <span class='ocrx_word' id='word_1_218' title='bbox 3409 1736 3710 1808; x_wconf 85' lang='grc' dir='ltr'>ἀριστείας,</span> <span class='ocrx_word' id='word_1_219' title='bbox 3757 1737 3854 1797; x_wconf 77' lang='grc' dir='ltr'>καὶ</span> 
     </span>
    </p>
   </div>
   <div class='ocr_carea' id='block_1_34' title="bbox 584 1820 2155 1908">
    <p class='ocr_par' dir='ltr' id='par_1_34' title="bbox 584 1820 2155 1891">
     <span class='ocr_line' id='line_1_34' title="bbox 584 1820 2155 1891; baseline -0.001 -14"><span class='ocrx_word' id='word_1_220' title='bbox 584 1823 857 1877; x_wconf 87' lang='lat' dir='ltr'><strong>numentis</strong></span> <span class='ocrx_word' id='word_1_221' title='bbox 896 1822 1012 1876; x_wconf 86' lang='lat' dir='ltr'><strong>suis</strong></span> <span class='ocrx_word' id='word_1_222' title='bbox 1051 1821 1449 1891; x_wconf 88' lang='lat' dir='ltr'><strong>prodiderunt,</strong></span> <span class='ocrx_word' id='word_1_223' title='bbox 1483 1837 1645 1891; x_wconf 88' lang='lat' dir='ltr'><strong>quam</strong></span> <span class='ocrx_word' id='word_1_224' title='bbox 1701 1820 1928 1877; x_wconf 89' lang='lat' dir='ltr'><strong>bellicas</strong></span> <span class='ocrx_word' id='word_1_225' title='bbox 1980 1823 2155 1880; x_wconf 91' lang='lat' dir='ltr'><strong>victo-</strong></span> 
     </span>
    </p>
   </div>
   <div class='ocr_carea' id='block_1_35' title="bbox 2258 1820 3850 1908">
    <p class='ocr_par' dir='ltr' id='par_1_35' title="bbox 2264 1824 3850 1900">
     <span class='ocr_line' id='line_1_35' title="bbox 2264 1824 3850 1900; baseline 0.002 -21"><span class='ocrx_word' id='word_1_226' title='bbox 2264 1824 2500 1879; x_wconf 83' lang='grc' dir='ltr'>ὁπλιτῶν</span> <span class='ocrx_word' id='word_1_227' title='bbox 2541 1826 2932 1897; x_wconf 75' lang='grc' dir='ltr'>ἀνδραγαθίας,</span> <span class='ocrx_word' id='word_1_228' title='bbox 2991 1829 3182 1899; x_wconf 78' lang='grc' dir='ltr'>αἵματι</span> <span class='ocrx_word' id='word_1_229' title='bbox 3233 1830 3325 1882; x_wconf 75' lang='grc' dir='ltr'>καὶ</span> <span class='ocrx_word' id='word_1_230' title='bbox 3379 1827 3595 1900; x_wconf 85' lang='grc' dir='ltr'>μυρίοις</span> <span class='ocrx_word' id='word_1_231' title='bbox 3646 1830 3850 1899; x_wconf 80' lang='grc' dir='ltr'>φόνοις,</span> 
     </span>
    </p>
   </div>
   <div class='ocr_carea' id='block_1_36' title="bbox 583 1913 2154 1983">
    <p class='ocr_par' dir='ltr' id='par_1_36' title="bbox 583 1913 2154 1983">
     <span class='ocr_line' id='line_1_36' title="bbox 583 1913 2154 1983; baseline 0 -15"><span class='ocrx_word' id='word_1_232' title='bbox 583 1915 730 1977; x_wconf 90' lang='lat' dir='ltr'><strong>rias,</strong></span> <span class='ocrx_word' id='word_1_233' title='bbox 766 1922 822 1967; x_wconf 92' lang='lat' dir='ltr'><strong>et</strong></span> <span class='ocrx_word' id='word_1_234' title='bbox 850 1923 1034 1969; x_wconf 89' lang='lat' dir='ltr'><strong>erecta</strong></span> <span class='ocrx_word' id='word_1_235' title='bbox 1090 1914 1156 1966; x_wconf 88' lang='lat' dir='ltr'><strong>de</strong></span> <span class='ocrx_word' id='word_1_236' title='bbox 1191 1913 1444 1967; x_wconf 79' lang='lat' dir='ltr'><strong>hostibus</strong></span> <span class='ocrx_word' id='word_1_237' title='bbox 1474 1913 1635 1967; x_wconf 89' lang='lat' dir='ltr'><strong>victis</strong></span> <span class='ocrx_word' id='word_1_238' title='bbox 1679 1922 1913 1983; x_wconf 78' lang='lat' dir='ltr'><strong>tropzea;</strong></span> <span class='ocrx_word' id='word_1_239' title='bbox 1954 1914 2154 1970; x_wconf 90' lang='lat' dir='ltr'><strong>ducum</strong></span> 
     </span>
    </p>
   </div>
   <div class='ocr_carea' id='block_1_37' title="bbox 580 2003 2159 2080">
    <p class='ocr_par' dir='ltr' id='par_1_37' title="bbox 580 2003 2159 2080">
     <span class='ocr_line' id='line_1_37' title="bbox 580 2003 2159 2080; baseline 0 -19"><span class='ocrx_word' id='word_1_240' title='bbox 580 2020 669 2061; x_wconf 87' lang='lat' dir='ltr'><strong>res</strong></span> <span class='ocrx_word' id='word_1_241' title='bbox 698 2004 955 2075; x_wconf 70' lang='lat' dir='ltr'><strong>praeclare</strong></span> <span class='ocrx_word' id='word_1_242' title='bbox 1000 2017 1180 2080; x_wconf 82' lang='lat' dir='ltr'><strong>gestas</strong></span> <span class='ocrx_word' id='word_1_243' title='bbox 1203 2042 1218 2069; x_wconf 86' lang='lat'><strong>,</strong></span> <span class='ocrx_word' id='word_1_244' title='bbox 1271 2003 1432 2058; x_wconf 77' lang='lat' dir='ltr'><strong>fortia</strong></span> <span class='ocrx_word' id='word_1_245' title='bbox 1461 2004 1694 2059; x_wconf 86' lang='lat' dir='ltr'><strong>militum</strong></span> <span class='ocrx_word' id='word_1_246' title='bbox 1725 2006 1867 2061; x_wconf 75' lang='lat' dir='ltr'><strong>facta</strong></span> <span class='ocrx_word' id='word_1_247' title='bbox 1888 2047 1903 2073; x_wconf 89' lang='lat'><strong>,</strong></span> <span class='ocrx_word' id='word_1_248' title='bbox 1934 2007 2028 2076; x_wconf 91' lang='lat' dir='ltr'><strong>qui</strong></span> <span class='ocrx_word' id='word_1_249' title='bbox 2057 2022 2159 2076; x_wconf 90' lang='lat' dir='ltr'><strong>pro</strong></span> 
     </span>
    </p>
   </div>
   <div class='ocr_carea' id='block_1_38' title="bbox 580 2096 2160 2169">
    <p class='ocr_par' dir='ltr' id='par_1_38' title="bbox 580 2096 2160 2169">
     <span class='ocr_line' id='line_1_38' title="bbox 580 2096 2160 2169; baseline 0.002 -17"><span class='ocrx_word' id='word_1_250' title='bbox 580 2098 752 2167; x_wconf 86' lang='lat' dir='ltr'><strong>patria</strong></span> <span class='ocrx_word' id='word_1_251' title='bbox 779 2140 794 2161; x_wconf 85' lang='lat'><strong>,</strong></span> <span class='ocrx_word' id='word_1_252' title='bbox 843 2113 942 2169; x_wconf 90' lang='lat' dir='ltr'><strong>pro</strong></span> <span class='ocrx_word' id='word_1_253' title='bbox 996 2098 1185 2152; x_wconf 89' lang='lat' dir='ltr'><strong>liberis</strong></span> <span class='ocrx_word' id='word_1_254' title='bbox 1218 2113 1281 2152; x_wconf 91' lang='lat' dir='ltr'><strong>ac</strong></span> <span class='ocrx_word' id='word_1_255' title='bbox 1314 2096 1549 2154; x_wconf 79' lang='lat' dir='ltr'><strong>fortunis</strong></span> <span class='ocrx_word' id='word_1_256' title='bbox 1591 2097 1703 2153; x_wconf 88' lang='lat' dir='ltr'><strong>suis</strong></span> <span class='ocrx_word' id='word_1_257' title='bbox 1731 2138 1747 2163; x_wconf 94' lang='lat'><strong>,</strong></span> <span class='ocrx_word' id='word_1_258' title='bbox 1800 2114 1997 2155; x_wconf 88' lang='lat' dir='ltr'><strong>manus</strong></span> <span class='ocrx_word' id='word_1_259' title='bbox 2030 2115 2160 2156; x_wconf 89' lang='lat' dir='ltr'><strong>suas</strong></span> 
     </span>
    </p>
   </div>
   <div class='ocr_carea' id='block_1_39' title="bbox 576 2190 2159 2262">
    <p class='ocr_par' dir='ltr' id='par_1_39' title="bbox 576 2190 2159 2262">
     <span class='ocr_line' id='line_1_39' title="bbox 576 2190 2159 2262; baseline 0.002 -16"><span class='ocrx_word' id='word_1_260' title='bbox 576 2191 848 2262; x_wconf 77' lang='lat' dir='ltr'><strong>sanguine</strong></span> <span class='ocrx_word' id='word_1_261' title='bbox 896 2200 950 2246; x_wconf 86' lang='lat' dir='ltr'><strong>et</strong></span> <span class='ocrx_word' id='word_1_262' title='bbox 997 2190 1207 2245; x_wconf 82' lang='lat' dir='ltr'><strong>inﬁnita</strong></span> <span class='ocrx_word' id='word_1_263' title='bbox 1242 2190 1480 2245; x_wconf 91' lang='lat' dir='ltr'><strong>hostium</strong></span> <span class='ocrx_word' id='word_1_264' title='bbox 1527 2192 1675 2247; x_wconf 72' lang='lat' dir='ltr'><strong>caede</strong></span> <span class='ocrx_word' id='word_1_265' title='bbox 1724 2193 2159 2249; x_wconf 72' lang='lat' dir='ltr'><strong>commaculare—</strong></span> 
     </span>
    </p>
   </div>
   <div class='ocr_carea' id='block_1_40' title="bbox 576 2282 2160 2354">
    <p class='ocr_par' dir='ltr' id='par_1_40' title="bbox 576 2282 2160 2354">
     <span class='ocr_line' id='line_1_40' title="bbox 576 2282 2160 2354; baseline 0.001 -17"><span class='ocrx_word' id='word_1_266' title='bbox 576 2293 721 2337; x_wconf 85' lang='lat' dir='ltr'><strong>rant.</strong></span> <span class='ocrx_word' id='word_1_267' title='bbox 765 2283 839 2339; x_wconf 84' lang='lat' dir='ltr'><strong>At</strong></span> <span class='ocrx_word' id='word_1_268' title='bbox 886 2297 986 2337; x_wconf 91' lang='lat' dir='ltr'><strong>nos</strong></span> <span class='ocrx_word' id='word_1_269' title='bbox 1012 2282 1104 2352; x_wconf 91' lang='lat' dir='ltr'><strong>qui</strong></span> <span class='ocrx_word' id='word_1_270' title='bbox 1147 2297 1322 2336; x_wconf 71' lang='lat' dir='ltr'><strong>sacra:</strong></span> <span class='ocrx_word' id='word_1_271' title='bbox 1347 2282 1628 2350; x_wconf 88' lang='lat' dir='ltr'><strong>cujusdam</strong></span> <span class='ocrx_word' id='word_1_272' title='bbox 1659 2298 1726 2338; x_wconf 91' lang='lat' dir='ltr'><strong>ac</strong></span> <span class='ocrx_word' id='word_1_273' title='bbox 1758 2283 1957 2339; x_wconf 73' lang='lat' dir='ltr'><strong>divinze</strong></span> <span class='ocrx_word' id='word_1_274' title='bbox 1981 2286 2160 2354; x_wconf 87' lang='lat' dir='ltr'><strong>reipu-</strong></span> 
     </span>
    </p>
   </div>
   <div class='ocr_carea' id='block_1_41' title="bbox 576 2373 2156 2446">
    <p class='ocr_par' dir='ltr' id='par_1_41' title="bbox 576 2373 2156 2446">
     <span class='ocr_line' id='line_1_41' title="bbox 576 2373 2156 2446; baseline 0.001 -16"><span class='ocrx_word' id='word_1_275' title='bbox 576 2374 732 2430; x_wconf 68' lang='lat' dir='ltr'><strong>blicae</strong></span> <span class='ocrx_word' id='word_1_276' title='bbox 784 2373 1068 2429; x_wconf 87' lang='lat' dir='ltr'><strong>historiam</strong></span> <span class='ocrx_word' id='word_1_277' title='bbox 1126 2388 1455 2441; x_wconf 90' lang='lat' dir='ltr'><strong>narramus,</strong></span> <span class='ocrx_word' id='word_1_278' title='bbox 1510 2374 1854 2444; x_wconf 86' lang='lat' dir='ltr'><strong>pacatissima</strong></span> <span class='ocrx_word' id='word_1_279' title='bbox 1905 2376 2156 2446; x_wconf 80' lang='lat' dir='ltr'><strong>quzedam</strong></span> 
     </span>
    </p>
   </div>
   <div class='ocr_carea' id='block_1_42' title="bbox 576 2464 2156 2539">
    <p class='ocr_par' dir='ltr' id='par_1_42' title="bbox 576 2464 2156 2539">
     <span class='ocr_line' id='line_1_42' title="bbox 576 2464 2156 2539; baseline 0.002 -18"><span class='ocrx_word' id='word_1_280' title='bbox 576 2466 718 2522; x_wconf 89' lang='lat' dir='ltr'><strong>bella</strong></span> <span class='ocrx_word' id='word_1_281' title='bbox 747 2481 847 2537; x_wconf 90' lang='lat' dir='ltr'><strong>pro</strong></span> <span class='ocrx_word' id='word_1_282' title='bbox 876 2464 1111 2533; x_wconf 88' lang='lat' dir='ltr'><strong>spiritali</strong></span> <span class='ocrx_word' id='word_1_283' title='bbox 1142 2479 1277 2534; x_wconf 88' lang='lat' dir='ltr'><strong>pace</strong></span> <span class='ocrx_word' id='word_1_284' title='bbox 1304 2475 1578 2535; x_wconf 78' lang='lat' dir='ltr'><strong>suscepta,</strong></span> <span class='ocrx_word' id='word_1_285' title='bbox 1613 2480 1815 2536; x_wconf 87' lang='lat' dir='ltr'><strong>eosque</strong></span> <span class='ocrx_word' id='word_1_286' title='bbox 1838 2469 1931 2539; x_wconf 92' lang='lat' dir='ltr'><strong>qui</strong></span> <span class='ocrx_word' id='word_1_287' title='bbox 1964 2469 2017 2523; x_wconf 90' lang='lat' dir='ltr'><strong>in</strong></span> <span class='ocrx_word' id='word_1_288' title='bbox 2053 2470 2156 2524; x_wconf 92' lang='lat' dir='ltr'><strong>bu-</strong></span> 
     </span>
    </p>
   </div>
   <div class='ocr_carea' id='block_1_43' title="bbox 569 2554 2152 2627">
    <p class='ocr_par' dir='ltr' id='par_1_43' title="bbox 569 2554 2152 2627">
     <span class='ocr_line' id='line_1_43' title="bbox 569 2554 2152 2627; baseline 0.002 -18"><span class='ocrx_word' id='word_1_289' title='bbox 569 2555 808 2626; x_wconf 79' lang='lat' dir='ltr'><strong>jusmodi</strong></span> <span class='ocrx_word' id='word_1_290' title='bbox 840 2554 996 2608; x_wconf 88' lang='lat' dir='ltr'><strong>bellis</strong></span> <span class='ocrx_word' id='word_1_291' title='bbox 1025 2569 1121 2623; x_wconf 90' lang='lat' dir='ltr'><strong>pro</strong></span> <span class='ocrx_word' id='word_1_292' title='bbox 1155 2554 1386 2609; x_wconf 82' lang='lat' dir='ltr'><strong>veritate</strong></span> <span class='ocrx_word' id='word_1_293' title='bbox 1417 2570 1481 2609; x_wconf 89' lang='lat' dir='ltr'><strong>ac</strong></span> <span class='ocrx_word' id='word_1_294' title='bbox 1507 2554 1764 2625; x_wconf 80' lang='lat' dir='ltr'><strong>religione</strong></span> <span class='ocrx_word' id='word_1_295' title='bbox 1790 2558 1967 2626; x_wconf 89' lang='lat' dir='ltr'><strong>potius</strong></span> <span class='ocrx_word' id='word_1_296' title='bbox 1987 2572 2152 2627; x_wconf 82' lang='lat' dir='ltr'><strong>quam</strong></span> 
     </span>
    </p>
   </div>
   <div class='ocr_carea' id='block_1_44' title="bbox 574 2645 2154 2717">
    <p class='ocr_par' dir='ltr' id='par_1_44' title="bbox 574 2645 2154 2717">
     <span class='ocr_line' id='line_1_44' title="bbox 574 2645 2154 2717; baseline 0.002 -17"><span class='ocrx_word' id='word_1_297' title='bbox 574 2661 673 2717; x_wconf 90' lang='lat' dir='ltr'><strong>pro</strong></span> <span class='ocrx_word' id='word_1_298' title='bbox 696 2647 871 2715; x_wconf 89' lang='lat' dir='ltr'><strong>patria</strong></span> <span class='ocrx_word' id='word_1_299' title='bbox 901 2659 968 2699; x_wconf 87' lang='lat' dir='ltr'><strong>ac</strong></span> <span class='ocrx_word' id='word_1_300' title='bbox 995 2645 1182 2701; x_wconf 89' lang='lat' dir='ltr'><strong>liberis</strong></span> <span class='ocrx_word' id='word_1_301' title='bbox 1211 2646 1427 2701; x_wconf 77' lang='lat' dir='ltr'><strong>fortiter</strong></span> <span class='ocrx_word' id='word_1_302' title='bbox 1457 2649 1830 2713; x_wconf 76' lang='lat' dir='ltr'><strong>decet-larunt,</strong></span> <span class='ocrx_word' id='word_1_303' title='bbox 1870 2648 2154 2703; x_wconf 84' lang='lat' dir='ltr'><strong>immorta-</strong></span> 
     </span>
    </p>
   </div>
   <div class='ocr_carea' id='block_1_45' title="bbox 574 2738 2155 2800">
    <p class='ocr_par' dir='ltr' id='par_1_45' title="bbox 574 2738 2155 2800">
     <span class='ocr_line' id='line_1_45' title="bbox 574 2738 2155 2800; baseline 0.001 -8"><span class='ocrx_word' id='word_1_304' title='bbox 574 2738 722 2800; x_wconf 85' lang='lat' dir='ltr'><strong>libus</strong></span> <span class='ocrx_word' id='word_1_305' title='bbox 752 2739 1060 2793; x_wconf 88' lang='lat' dir='ltr'><strong>litterarum</strong></span> <span class='ocrx_word' id='word_1_306' title='bbox 1094 2740 1460 2793; x_wconf 87' lang='lat' dir='ltr'><strong>monumentis</strong></span> <span class='ocrx_word' id='word_1_307' title='bbox 1513 2739 1899 2794; x_wconf 90' lang='lat' dir='ltr'><strong>mandabimus</strong></span> <span class='ocrx_word' id='word_1_308' title='bbox 1927 2757 1941 2793; x_wconf 89' lang='lat'><strong>:</strong></span> <span class='ocrx_word' id='word_1_309' title='bbox 1980 2740 2155 2795; x_wconf 87' lang='lat' dir='ltr'><strong>athle-</strong></span> 
     </span>
    </p>
   </div>
   <div class='ocr_carea' id='block_1_46' title="bbox 574 2832 2152 2903">
    <p class='ocr_par' dir='ltr' id='par_1_46' title="bbox 574 2832 2152 2903">
     <span class='ocr_line' id='line_1_46' title="bbox 574 2832 2152 2903; baseline 0.001 -16"><span class='ocrx_word' id='word_1_310' title='bbox 574 2842 755 2887; x_wconf 90' lang='lat' dir='ltr'><strong>tarum</strong></span> <span class='ocrx_word' id='word_1_311' title='bbox 785 2847 883 2901; x_wconf 88' lang='lat' dir='ltr'><strong>pro</strong></span> <span class='ocrx_word' id='word_1_312' title='bbox 922 2832 1125 2903; x_wconf 88' lang='lat' dir='ltr'><strong>pietate</strong></span> <span class='ocrx_word' id='word_1_313' title='bbox 1153 2832 1511 2901; x_wconf 77' lang='lat' dir='ltr'><strong>pugnantium</strong></span> <span class='ocrx_word' id='word_1_314' title='bbox 1557 2832 1925 2886; x_wconf 84' lang='lat' dir='ltr'><strong>constantiam</strong></span> <span class='ocrx_word' id='word_1_315' title='bbox 1951 2873 1966 2897; x_wconf 90' lang='lat'><strong>,</strong></span> <span class='ocrx_word' id='word_1_316' title='bbox 1995 2843 2051 2888; x_wconf 91' lang='lat' dir='ltr'><strong>et</strong></span> <span class='ocrx_word' id='word_1_317' title='bbox 2098 2834 2152 2889; x_wconf 93' lang='lat' dir='ltr'><strong>in</strong></span> 
     </span>
    </p>
   </div>
   <div class='ocr_carea' id='block_1_47' title="bbox 2266 1918 3850 1994">
    <p class='ocr_par' dir='ltr' id='par_1_47' title="bbox 2266 1918 3850 1994">
     <span class='ocr_line' id='line_1_47' title="bbox 2266 1918 3850 1994; baseline 0.002 -21"><span class='ocrx_word' id='word_1_318' title='bbox 2266 1918 2492 1983; x_wconf 79' lang='grc' dir='ltr'>παίδων,</span> <span class='ocrx_word' id='word_1_319' title='bbox 2510 1921 2601 1973; x_wconf 77' lang='grc' dir='ltr'>καὶ</span> <span class='ocrx_word' id='word_1_320' title='bbox 2617 1921 2895 1993; x_wconf 80' lang='grc' dir='ltr'>πατρίδος,</span> <span class='ocrx_word' id='word_1_321' title='bbox 2915 1922 3122 1992; x_wconf 74' lang='grc' dir='ltr'>καὶτῆς</span> <span class='ocrx_word' id='word_1_322' title='bbox 3142 1921 3309 1993; x_wconf 83' lang='grc' dir='ltr'>ἄλλης</span> <span class='ocrx_word' id='word_1_323' title='bbox 3330 1922 3517 1976; x_wconf 76' lang='grc' dir='ltr'>ἕνεκεν</span> <span class='ocrx_word' id='word_1_324' title='bbox 3535 1924 3850 1994; x_wconf 76' lang='grc' dir='ltr'>περιουσίας</span> 
     </span>
    </p>
   </div>
   <div class='ocr_carea' id='block_1_48' title="bbox 2272 2010 3846 2085">
    <p class='ocr_par' dir='ltr' id='par_1_48' title="bbox 2272 2010 3846 2085">
     <span class='ocr_line' id='line_1_48' title="bbox 2272 2010 3846 2085; baseline 0.003 -21"><span class='ocrx_word' id='word_1_325' title='bbox 2272 2010 2623 2081; x_wconf 86' lang='grc' dir='ltr'>μιανθέντων.</span> <span class='ocrx_word' id='word_1_326' title='bbox 2661 2014 2717 2066; x_wconf 89' lang='lat'><strong>&#39;0</strong></span> <span class='ocrx_word' id='word_1_327' title='bbox 2736 2014 2792 2066; x_wconf 85' lang='grc' dir='ltr'><strong>δέ</strong></span> <span class='ocrx_word' id='word_1_328' title='bbox 2812 2030 2873 2083; x_wconf 87' lang='grc' dir='ltr'><strong>γε</strong></span> <span class='ocrx_word' id='word_1_329' title='bbox 2895 2014 2988 2067; x_wconf 78' lang='grc' dir='ltr'><strong>τοῦ</strong></span> <span class='ocrx_word' id='word_1_330' title='bbox 3012 2014 3153 2067; x_wconf 71' lang='grc' dir='ltr'>κατὰ</span> <span class='ocrx_word' id='word_1_331' title='bbox 3172 2015 3305 2069; x_wconf 83' lang='grc' dir='ltr'>Θεὸν</span> <span class='ocrx_word' id='word_1_332' title='bbox 3326 2014 3718 2085; x_wconf 84' lang='grc' dir='ltr'>πολιτεύματος</span> <span class='ocrx_word' id='word_1_333' title='bbox 3736 2016 3846 2085; x_wconf 66' lang='grc'><strong>(74)</strong></span> 
     </span>
    </p>
   </div>
   <div class='ocr_carea' id='block_1_49' title="bbox 2263 2101 3851 2181">
    <p class='ocr_par' dir='ltr' id='par_1_49' title="bbox 2263 2101 3851 2181">
     <span class='ocr_line' id='line_1_49' title="bbox 2263 2101 3851 2181; baseline 0.005 -26"><span class='ocrx_word' id='word_1_334' title='bbox 2263 2101 2660 2175; x_wconf 80' lang='grc' dir='ltr'>διηγηματικὸς</span> <span class='ocrx_word' id='word_1_335' title='bbox 2688 2107 2817 2176; x_wconf 81' lang='grc' dir='ltr'>ἡμῖν</span> <span class='ocrx_word' id='word_1_336' title='bbox 2846 2105 3029 2177; x_wconf 73' lang='grc' dir='ltr'>λόγος.</span> <span class='ocrx_word' id='word_1_337' title='bbox 3056 2108 3183 2171; x_wconf 76' lang='grc' dir='ltr'>τοὺς</span> <span class='ocrx_word' id='word_1_338' title='bbox 3215 2108 3355 2180; x_wconf 81' lang='grc' dir='ltr'>ὑπὲρ</span> <span class='ocrx_word' id='word_1_339' title='bbox 3386 2110 3554 2181; x_wconf 79' lang='grc' dir='ltr'>αὐτῆς</span> <span class='ocrx_word' id='word_1_340' title='bbox 3578 2110 3677 2181; x_wconf 76' lang='grc' dir='ltr'>τῆς</span> <span class='ocrx_word' id='word_1_341' title='bbox 3708 2110 3851 2164; x_wconf 74' lang='grc' dir='ltr'>κατὰ</span> 
     </span>
    </p>
   </div>
   <div class='ocr_carea' id='block_1_50' title="bbox 2260 2194 3851 2273">
    <p class='ocr_par' dir='ltr' id='par_1_50' title="bbox 2260 2194 3851 2273">
     <span class='ocr_line' id='line_1_50' title="bbox 2260 2194 3851 2273; baseline 0.005 -26"><span class='ocrx_word' id='word_1_342' title='bbox 2260 2194 2441 2268; x_wconf 81' lang='grc' dir='ltr'>ψυχὴν</span> <span class='ocrx_word' id='word_1_343' title='bbox 2475 2198 2699 2269; x_wconf 80' lang='grc' dir='ltr'>εἰρήνης</span> <span class='ocrx_word' id='word_1_344' title='bbox 2747 2200 3209 2269; x_wconf 82' lang='grc' dir='ltr'>είρηνικωτάτους</span> <span class='ocrx_word' id='word_1_345' title='bbox 3253 2201 3549 2273; x_wconf 80' lang='grc' dir='ltr'>πολέμους,</span> <span class='ocrx_word' id='word_1_346' title='bbox 3592 2203 3851 2267; x_wconf 72' lang='grc' dir='ltr'>καὶτοὺς</span> 
     </span>
    </p>
   </div>
   <div class='ocr_carea' id='block_1_51' title="bbox 2262 2286 3848 2364">
    <p class='ocr_par' dir='ltr' id='par_1_51' title="bbox 2262 2286 3848 2364">
     <span class='ocr_line' id='line_1_51' title="bbox 2262 2286 3848 2364; baseline 0.009 -27"><span class='ocrx_word' id='word_1_347' title='bbox 2262 2286 2321 2337; x_wconf 79' lang='grc' dir='ltr'>ἐν</span> <span class='ocrx_word' id='word_1_348' title='bbox 2366 2286 2574 2351; x_wconf 75' lang='grc' dir='ltr'>τούτοις</span> <span class='ocrx_word' id='word_1_349' title='bbox 2612 2288 2754 2359; x_wconf 73' lang='grc' dir='ltr'>ὑπὲρ</span> <span class='ocrx_word' id='word_1_350' title='bbox 2802 2289 3059 2359; x_wconf 83' lang='grc' dir='ltr'>ἀληθείας</span> <span class='ocrx_word' id='word_1_351' title='bbox 3094 2290 3293 2361; x_wconf 78' lang='grc' dir='ltr'>μᾶλλον</span> <span class='ocrx_word' id='word_1_352' title='bbox 3333 2292 3369 2364; x_wconf 80' lang='grc' dir='ltr'><strong>ἢ</strong></span> <span class='ocrx_word' id='word_1_353' title='bbox 3414 2293 3703 2364; x_wconf 75' lang='grc' dir='ltr'>πατρίδος,</span> <span class='ocrx_word' id='word_1_354' title='bbox 3753 2294 3848 2352; x_wconf 72' lang='grc' dir='ltr'>καὶ</span> 
     </span>
    </p>
   </div>
   <div class='ocr_carea' id='block_1_52' title="bbox 2266 2378 3845 2456">
    <p class='ocr_par' dir='ltr' id='par_1_52' title="bbox 2266 2378 3845 2456">
     <span class='ocr_line' id='line_1_52' title="bbox 2266 2378 3845 2456; baseline 0.004 -25"><span class='ocrx_word' id='word_1_355' title='bbox 2266 2378 2466 2448; x_wconf 85' lang='grc' dir='ltr'>μᾶλλον</span> <span class='ocrx_word' id='word_1_356' title='bbox 2498 2380 2639 2452; x_wconf 83' lang='grc' dir='ltr'>ὑπὲρ</span> <span class='ocrx_word' id='word_1_357' title='bbox 2677 2380 2961 2445; x_wconf 78' lang='grc' dir='ltr'>εὐσεϐείας</span> <span class='ocrx_word' id='word_1_358' title='bbox 3002 2383 3034 2454; x_wconf 84' lang='grc' dir='ltr'>ἢ</span> <span class='ocrx_word' id='word_1_359' title='bbox 3076 2383 3184 2437; x_wconf 81' lang='grc' dir='ltr'><strong>τῶν</strong></span> <span class='ocrx_word' id='word_1_360' title='bbox 3215 2384 3487 2454; x_wconf 80' lang='grc' dir='ltr'>φιλτάτων</span> <span class='ocrx_word' id='word_1_361' title='bbox 3516 2385 3845 2456; x_wconf 70' lang='grc' dir='ltr'>ἀνδρισάμε-</span> 
     </span>
    </p>
   </div>
   <div class='ocr_carea' id='block_1_53' title="bbox 2262 2473 3846 2548">
    <p class='ocr_par' dir='ltr' id='par_1_53' title="bbox 2262 2473 3846 2548">
     <span class='ocr_line' id='line_1_53' title="bbox 2262 2473 3846 2548; baseline 0.005 -24"><span class='ocrx_word' id='word_1_362' title='bbox 2262 2488 2406 2535; x_wconf 91' lang='grc' dir='ltr'>νους,</span> <span class='ocrx_word' id='word_1_363' title='bbox 2438 2473 2685 2535; x_wconf 78' lang='grc' dir='ltr'>αἰωνίαις</span> <span class='ocrx_word' id='word_1_364' title='bbox 2714 2474 3092 2546; x_wconf 66' lang='grc' dir='ltr'>ἀναγράψεται</span> <span class='ocrx_word' id='word_1_365' title='bbox 3141 2477 3383 2548; x_wconf 76' lang='grc' dir='ltr'>στήλαις,</span> <span class='ocrx_word' id='word_1_366' title='bbox 3420 2478 3528 2531; x_wconf 81' lang='grc' dir='ltr'><strong>τῶν</strong></span> <span class='ocrx_word' id='word_1_367' title='bbox 3562 2479 3846 2544; x_wconf 75' lang='grc' dir='ltr'>εὐσεϐείας</span> 
     </span>
    </p>
   </div>
   <div class='ocr_carea' id='block_1_54' title="bbox 2261 2563 3844 2646">
    <p class='ocr_par' dir='ltr' id='par_1_54' title="bbox 2261 2563 3844 2646">
     <span class='ocr_line' id='line_1_54' title="bbox 2261 2563 3844 2646; baseline 0.008 -29"><span class='ocrx_word' id='word_1_368' title='bbox 2261 2563 2509 2636; x_wconf 82' lang='grc' dir='ltr'>ἀθλητῶν</span> <span class='ocrx_word' id='word_1_369' title='bbox 2536 2565 2634 2629; x_wconf 79' lang='grc' dir='ltr'><strong>τὰς</strong></span> <span class='ocrx_word' id='word_1_370' title='bbox 2668 2568 2966 2632; x_wconf 69' lang='grc' dir='ltr'>ἐνστάσεις,</span> <span class='ocrx_word' id='word_1_371' title='bbox 2990 2570 3085 2622; x_wconf 73' lang='grc' dir='ltr'><strong>καὶ</strong></span> <span class='ocrx_word' id='word_1_372' title='bbox 3107 2570 3206 2634; x_wconf 74' lang='grc' dir='ltr'>τὰς</span> <span class='ocrx_word' id='word_1_373' title='bbox 3227 2571 3588 2643; x_wconf 87' lang='grc' dir='ltr'>πολυτλήτους</span> <span class='ocrx_word' id='word_1_374' title='bbox 3604 2570 3844 2646; x_wconf 68' lang='grc' dir='ltr'>ἀτδρίας.</span> 
     </span>
    </p>
   </div>
   <div class='ocr_carea' id='block_1_55' title="bbox 2258 2656 3847 2732">
    <p class='ocr_par' dir='ltr' id='par_1_55' title="bbox 2258 2656 3847 2732">
     <span class='ocr_line' id='line_1_55' title="bbox 2258 2656 3847 2732; baseline 0.005 -23"><span class='ocrx_word' id='word_1_375' title='bbox 2258 2656 2498 2727; x_wconf 87' lang='grc' dir='ltr'>τρόπαιά</span> <span class='ocrx_word' id='word_1_376' title='bbox 2547 2675 2606 2711; x_wconf 87' lang='grc' dir='ltr'><strong>τε</strong></span> <span class='ocrx_word' id='word_1_377' title='bbox 2643 2657 2710 2712; x_wconf 78' lang='grc' dir='ltr'>τὰ</span> <span class='ocrx_word' id='word_1_378' title='bbox 2759 2659 2901 2714; x_wconf 85' lang='grc' dir='ltr'><strong>κατά</strong></span> <span class='ocrx_word' id='word_1_379' title='bbox 2933 2660 3224 2732; x_wconf 80' lang='grc' dir='ltr'>δαιμόνων,</span> <span class='ocrx_word' id='word_1_380' title='bbox 3268 2665 3363 2717; x_wconf 70' lang='grc' dir='ltr'>καὶ</span> <span class='ocrx_word' id='word_1_381' title='bbox 3389 2664 3544 2728; x_wconf 89' lang='grc' dir='ltr'>νίκας</span> <span class='ocrx_word' id='word_1_382' title='bbox 3569 2664 3669 2728; x_wconf 78' lang='grc' dir='ltr'>τὰς</span> <span class='ocrx_word' id='word_1_383' title='bbox 3707 2664 3847 2717; x_wconf 88' lang='grc' dir='ltr'><strong>κατά</strong></span> 
     </span>
    </p>
   </div>
   <div class='ocr_carea' id='block_1_56' title="bbox 2258 2747 3838 2819">
    <p class='ocr_par' dir='ltr' id='par_1_56' title="bbox 2258 2747 3838 2819">
     <span class='ocr_line' id='line_1_56' title="bbox 2258 2747 3838 2819; baseline 0.006 -20"><span class='ocrx_word' id='word_1_384' title='bbox 2258 2747 2368 2800; x_wconf 83' lang='grc' dir='ltr'><strong>τῶν</strong></span> <span class='ocrx_word' id='word_1_385' title='bbox 2395 2747 2645 2817; x_wconf 80' lang='grc' dir='ltr'>ἀοράτων</span> <span class='ocrx_word' id='word_1_386' title='bbox 2675 2748 3008 2817; x_wconf 80' lang='grc' dir='ltr'>ἀντιπάλων,</span> <span class='ocrx_word' id='word_1_387' title='bbox 3045 2753 3139 2805; x_wconf 64' lang='grc' dir='ltr'><strong>καί¹</strong></span> <span class='ocrx_word' id='word_1_388' title='bbox 3167 2755 3292 2817; x_wconf 75' lang='grc' dir='ltr'>τοὺς</span> <span class='ocrx_word' id='word_1_389' title='bbox 3325 2755 3418 2807; x_wconf 74' lang='grc' dir='ltr'><strong>ἐπὶ</strong></span> <span class='ocrx_word' id='word_1_390' title='bbox 3446 2757 3583 2808; x_wconf 71' lang='grc' dir='ltr'>πᾶσι</span> <span class='ocrx_word' id='word_1_391' title='bbox 3622 2754 3838 2819; x_wconf 84' lang='grc' dir='ltr'>τούτοις</span> 
     </span>
    </p>
   </div>
   <div class='ocr_carea' id='block_1_57' title="bbox 2263 2838 3642 2917">
    <p class='ocr_par' dir='ltr' id='par_1_57' title="bbox 2263 2838 3642 2917">
     <span class='ocr_line' id='line_1_57' title="bbox 2263 2838 3642 2917; baseline 0.011 -29"><span class='ocrx_word' id='word_1_392' title='bbox 2263 2838 2579 2905; x_wconf 80' lang='grc' dir='ltr'>στεφάνους,</span> <span class='ocrx_word' id='word_1_393' title='bbox 2616 2840 2695 2903; x_wconf 82' lang='grc' dir='ltr'><strong>εἰς</strong></span> <span class='ocrx_word' id='word_1_394' title='bbox 2722 2840 2939 2895; x_wconf 83' lang='grc' dir='ltr'>αἰώνιον</span> <span class='ocrx_word' id='word_1_395' title='bbox 2982 2844 3204 2916; x_wconf 78' lang='grc' dir='ltr'>μνήμην</span> <span class='ocrx_word' id='word_1_396' title='bbox 3231 2846 3642 2917; x_wconf 82' lang='grc' dir='ltr'>ἀνακηρύττων.</span> 
     </span>
    </p>
   </div>
   <div class='ocr_carea' id='block_1_58' title="bbox 570 2926 3844 3009">
    <p class='ocr_par' dir='ltr' id='par_1_58' title="bbox 570 2926 3844 3009">
     <span class='ocr_line' id='line_1_58' title="bbox 570 2926 3844 3009; baseline 0.004 -27"><span class='ocrx_word' id='word_1_397' title='bbox 570 2926 914 2998; x_wconf 79' lang='lat' dir='ltr'><strong>perferendis</strong></span> <span class='ocrx_word' id='word_1_398' title='bbox 962 2926 1349 2997; x_wconf 88' lang='lat' dir='ltr'><strong>multiplicibus</strong></span> <span class='ocrx_word' id='word_1_399' title='bbox 1401 2927 1689 2987; x_wconf 88' lang='lat' dir='ltr'><strong>tormentis</strong></span> <span class='ocrx_word' id='word_1_400' title='bbox 1739 2926 2154 2993; x_wconf 78' lang='lat' dir='ltr'><strong>fortitudinem.</strong></span> <span class='ocrx_word' id='word_1_401' title='bbox 2219 2940 2418 3000; x_wconf 69' lang='lat' dir='ltr'><strong>tropma</strong></span> <span class='ocrx_word' id='word_1_402' title='bbox 2469 2937 2734 2988; x_wconf 88' lang='lat' dir='ltr'><strong>adversus</strong></span> <span class='ocrx_word' id='word_1_403' title='bbox 2784 2936 3059 2994; x_wconf 67' lang='lat' dir='ltr'><strong>daemones</strong></span> <span class='ocrx_word' id='word_1_404' title='bbox 3118 2949 3320 2994; x_wconf 81' lang='lat' dir='ltr'><strong>statuta</strong></span> <span class='ocrx_word' id='word_1_405' title='bbox 3350 2981 3365 3007; x_wconf 91' lang='lat'><strong>,</strong></span> <span class='ocrx_word' id='word_1_406' title='bbox 3405 2951 3591 3009; x_wconf 86' lang='lat' dir='ltr'><strong>partas</strong></span> <span class='ocrx_word' id='word_1_407' title='bbox 3641 2954 3709 2993; x_wconf 79' lang='lat' dir='ltr'><strong>ex</strong></span> <span class='ocrx_word' id='word_1_408' title='bbox 3755 2939 3844 2994; x_wconf 84' lang='lat' dir='ltr'><strong>in-</strong></span> 
     </span>
    </p>
   </div>
   <div class='ocr_carea' id='block_1_59' title="bbox 570 3021 3733 3103">
    <p class='ocr_par' dir='ltr' id='par_1_59' title="bbox 570 3021 3733 3103">
     <span class='ocr_line' id='line_1_59' title="bbox 570 3021 3733 3103; baseline 0.003 -27"><span class='ocrx_word' id='word_1_409' title='bbox 570 3022 877 3078; x_wconf 85' lang='lat' dir='ltr'><strong>visibilibus</strong></span> <span class='ocrx_word' id='word_1_410' title='bbox 942 3021 1191 3079; x_wconf 88' lang='lat' dir='ltr'><strong>hostibus</strong></span> <span class='ocrx_word' id='word_1_411' title='bbox 1246 3022 1525 3086; x_wconf 89' lang='lat' dir='ltr'><strong>victorias,</strong></span> <span class='ocrx_word' id='word_1_412' title='bbox 1582 3036 1818 3077; x_wconf 89' lang='lat' dir='ltr'><strong>coronas</strong></span> <span class='ocrx_word' id='word_1_413' title='bbox 1882 3022 2116 3094; x_wconf 81' lang='lat' dir='ltr'><strong>denique</strong></span> <span class='ocrx_word' id='word_1_414' title='bbox 2171 3026 2237 3079; x_wconf 89' lang='lat' dir='ltr'><strong>ad</strong></span> <span class='ocrx_word' id='word_1_415' title='bbox 2269 3035 2588 3097; x_wconf 88' lang='lat' dir='ltr'><strong>perpetuam</strong></span> <span class='ocrx_word' id='word_1_416' title='bbox 2632 3030 2969 3097; x_wconf 86' lang='lat' dir='ltr'><strong>posteritatis</strong></span> <span class='ocrx_word' id='word_1_417' title='bbox 3004 3034 3319 3087; x_wconf 90' lang='lat' dir='ltr'><strong>memoriam</strong></span> <span class='ocrx_word' id='word_1_418' title='bbox 3354 3033 3733 3103; x_wconf 74' lang='lat' dir='ltr'><strong>praedicantes.</strong></span> 
     </span>
    </p>
   </div>
   <div class='ocr_carea' id='block_1_60' title="bbox 1229 3113 1529 3173">
    <p class='ocr_par' dir='ltr' id='par_1_60' title="bbox 1229 3113 1529 3173">
     <span class='ocr_line' id='line_1_60' title="bbox 1229 3113 1529 3173; baseline -0.003 -3"><span class='ocrx_word' id='word_1_419' title='bbox 1229 3113 1460 3173; x_wconf 83' lang='lat' dir='ltr'><strong>CAPUT</strong></span> <span class='ocrx_word' id='word_1_420' title='bbox 1493 3115 1529 3169; x_wconf 92' lang='grc' dir='ltr'>Ι.</span> 
     </span>
    </p>
   </div>
   <div class='ocr_carea' id='block_1_61' title="bbox 560 3206 2148 3277">
    <p class='ocr_par' dir='ltr' id='par_1_61' title="bbox 560 3206 2148 3277">
     <span class='ocr_line' id='line_1_61' title="bbox 560 3206 2148 3277; baseline 0.004 -21"><span class='ocrx_word' id='word_1_421' title='bbox 560 3207 711 3275; x_wconf 80' lang='lat' dir='ltr'><strong>.Quot</strong></span> <span class='ocrx_word' id='word_1_422' title='bbox 744 3208 799 3260; x_wconf 89' lang='lat' dir='ltr'><strong>in</strong></span> <span class='ocrx_word' id='word_1_423' title='bbox 831 3206 1021 3261; x_wconf 79' lang='lat' dir='ltr'><strong>Galliis</strong></span> <span class='ocrx_word' id='word_1_424' title='bbox 1057 3218 1106 3261; x_wconf 82' lang='lat' dir='ltr'><strong>et</strong></span> <span class='ocrx_word' id='word_1_425' title='bbox 1158 3208 1435 3277; x_wconf 79' lang='lat' dir='ltr'><strong>quomon</strong></span> <span class='ocrx_word' id='word_1_426' title='bbox 1450 3224 1550 3277; x_wconf 84' lang='lat' dir='ltr'><strong>pro</strong></span> <span class='ocrx_word' id='word_1_427' title='bbox 1578 3209 1769 3277; x_wconf 76' lang='lat' dir='ltr'><strong>pietate</strong></span> <span class='ocrx_word' id='word_1_428' title='bbox 1806 3210 2148 3265; x_wconf 80' lang='lat' dir='ltr'><strong>occubuerint</strong></span> 
     </span>
    </p>
   </div>
   <div class='ocr_carea' id='block_1_62' title="bbox 1141 3275 1577 3346">
    <p class='ocr_par' dir='ltr' id='par_1_62' title="bbox 1141 3275 1577 3346">
     <span class='ocr_line' id='line_1_62' title="bbox 1141 3275 1577 3346; baseline 0.009 -16"><span class='ocrx_word' id='word_1_429' title='bbox 1141 3288 1388 3346; x_wconf 81' lang='lat' dir='ltr'><strong>regnante</strong></span> <span class='ocrx_word' id='word_1_430' title='bbox 1422 3275 1577 3334; x_wconf 84' lang='lat' dir='ltr'><strong>Vero.</strong></span> 
     </span>
    </p>
   </div>
   <div class='ocr_carea' id='block_1_63' title="bbox 639 3437 2149 3510">
    <p class='ocr_par' dir='ltr' id='par_1_63' title="bbox 639 3437 2149 3510">
     <span class='ocr_line' id='line_1_63' title="bbox 639 3437 2149 3510; baseline 0.003 -19"><span class='ocrx_word' id='word_1_431' title='bbox 639 3437 812 3494; x_wconf 87' lang='lat' dir='ltr'><strong>Porro</strong></span> <span class='ocrx_word' id='word_1_432' title='bbox 847 3438 999 3510; x_wconf 78' lang='lat' dir='ltr'><strong>regio</strong></span> <span class='ocrx_word' id='word_1_433' title='bbox 1032 3439 1149 3508; x_wconf 87' lang='lat' dir='ltr'><strong>ipsa</strong></span> <span class='ocrx_word' id='word_1_434' title='bbox 1180 3439 1233 3494; x_wconf 93' lang='lat' dir='ltr'><strong>in</strong></span> <span class='ocrx_word' id='word_1_435' title='bbox 1263 3453 1372 3508; x_wconf 90' lang='lat' dir='ltr'><strong>qua</strong></span> <span class='ocrx_word' id='word_1_436' title='bbox 1398 3437 1634 3494; x_wconf 91' lang='lat' dir='ltr'><strong>stadium</strong></span> <span class='ocrx_word' id='word_1_437' title='bbox 1663 3437 1730 3493; x_wconf 89' lang='lat' dir='ltr'><strong>ad</strong></span> <span class='ocrx_word' id='word_1_438' title='bbox 1752 3438 1871 3495; x_wconf 65' lang='lat' dir='ltr'><strong>haec</strong></span> <span class='ocrx_word' id='word_1_439' title='bbox 1898 3454 2020 3510; x_wconf 67' lang='lat' dir='ltr'><strong>quae</strong></span> <span class='ocrx_word' id='word_1_440' title='bbox 2038 3440 2149 3496; x_wconf 81' lang='lat' dir='ltr'><strong>dixi</strong></span> 
     </span>
    </p>
   </div>
   <div class='ocr_carea' id='block_1_64' title="bbox 569 3528 2152 3595">
    <p class='ocr_par' dir='ltr' id='par_1_64' title="bbox 569 3528 2152 3595">
     <span class='ocr_line' id='line_1_64' title="bbox 569 3528 2152 3595; baseline 0.004 -14"><span class='ocrx_word' id='word_1_441' title='bbox 569 3531 869 3586; x_wconf 71' lang='lat' dir='ltr'><strong>certamina</strong></span> <span class='ocrx_word' id='word_1_442' title='bbox 902 3532 1257 3586; x_wconf 89' lang='lat' dir='ltr'><strong>constitutum</strong></span> <span class='ocrx_word' id='word_1_443' title='bbox 1287 3530 1429 3595; x_wconf 81' lang='lat' dir='ltr'><strong>fuit,</strong></span> <span class='ocrx_word' id='word_1_444' title='bbox 1467 3528 1644 3585; x_wconf 85' lang='lat' dir='ltr'><strong>Gallia</strong></span> <span class='ocrx_word' id='word_1_445' title='bbox 1674 3540 1923 3587; x_wconf 80' lang='lat' dir='ltr'><strong>vocatur.</strong></span> <span class='ocrx_word' id='word_1_446' title='bbox 1956 3531 2014 3586; x_wconf 90' lang='lat' dir='ltr'><strong>In</strong></span> <span class='ocrx_word' id='word_1_447' title='bbox 2048 3532 2152 3587; x_wconf 89' lang='lat' dir='ltr'><strong>hac</strong></span> 
     </span>
    </p>
   </div>
   <div class='ocr_carea' id='block_1_65' title="bbox 568 3620 2150 3690">
    <p class='ocr_par' dir='ltr' id='par_1_65' title="bbox 568 3620 2150 3690">
     <span class='ocr_line' id='line_1_65' title="bbox 568 3620 2150 3690; baseline 0.004 -20"><span class='ocrx_word' id='word_1_448' title='bbox 568 3620 688 3674; x_wconf 71' lang='lat' dir='ltr'><strong>dum</strong></span> <span class='ocrx_word' id='word_1_449' title='bbox 729 3635 841 3689; x_wconf 67' lang='lat' dir='ltr'><strong>prae</strong></span> <span class='ocrx_word' id='word_1_450' title='bbox 887 3622 1101 3675; x_wconf 68' lang='lat' dir='ltr'><strong>caeteris</strong></span> <span class='ocrx_word' id='word_1_451' title='bbox 1154 3620 1395 3688; x_wconf 82' lang='lat' dir='ltr'><strong>insignes</strong></span> <span class='ocrx_word' id='word_1_452' title='bbox 1442 3628 1881 3690; x_wconf 68' lang='lat' dir='ltr'><strong>praestantesque</strong></span> <span class='ocrx_word' id='word_1_453' title='bbox 1934 3620 2150 3676; x_wconf 87' lang='lat' dir='ltr'><strong>urbium</strong></span> 
     </span>
    </p>
   </div>
   <div class='ocr_carea' id='block_1_66' title="bbox 570 3712 2148 3783">
    <p class='ocr_par' dir='ltr' id='par_1_66' title="bbox 570 3712 2148 3783">
     <span class='ocr_line' id='line_1_66' title="bbox 570 3712 2148 3783; baseline 0.003 -19"><span class='ocrx_word' id='word_1_454' title='bbox 570 3722 775 3767; x_wconf 88' lang='lat' dir='ltr'><strong>matres</strong></span> <span class='ocrx_word' id='word_1_455' title='bbox 806 3714 1171 3777; x_wconf 88' lang='lat' dir='ltr'><strong>celebrantur,</strong></span> <span class='ocrx_word' id='word_1_456' title='bbox 1210 3713 1531 3781; x_wconf 78' lang='lat' dir='ltr'><strong>Lugdunum</strong></span> <span class='ocrx_word' id='word_1_457' title='bbox 1560 3726 1625 3768; x_wconf 89' lang='lat' dir='ltr'><strong>ac</strong></span> <span class='ocrx_word' id='word_1_458' title='bbox 1650 3712 1881 3779; x_wconf 81' lang='lat' dir='ltr'><strong>Vienna,</strong></span> <span class='ocrx_word' id='word_1_459' title='bbox 1916 3728 2148 3783; x_wconf 73' lang='lat' dir='ltr'><strong>quarum</strong></span> 
     </span>
    </p>
   </div>
   <div class='ocr_carea' id='block_1_67' title="bbox 568 3804 2146 3877">
    <p class='ocr_par' dir='ltr' id='par_1_67' title="bbox 568 3804 2146 3877">
     <span class='ocr_line' id='line_1_67' title="bbox 568 3804 2146 3877; baseline 0.005 -22"><span class='ocrx_word' id='word_1_460' title='bbox 568 3813 855 3872; x_wconf 86' lang='lat' dir='ltr'><strong>utramque</strong></span> <span class='ocrx_word' id='word_1_461' title='bbox 881 3814 1125 3872; x_wconf 90' lang='lat' dir='ltr'><strong>permeat</strong></span> <span class='ocrx_word' id='word_1_462' title='bbox 1159 3804 1454 3862; x_wconf 78' lang='lat' dir='ltr'><strong>Rhodanus</strong></span> <span class='ocrx_word' id='word_1_463' title='bbox 1476 3844 1494 3871; x_wconf 89' lang='lat'><strong>,</strong></span> <span class='ocrx_word' id='word_1_464' title='bbox 1524 3805 1833 3861; x_wconf 88' lang='lat' dir='ltr'><strong>universam</strong></span> <span class='ocrx_word' id='word_1_465' title='bbox 1863 3808 2146 3877; x_wconf 80' lang='lat' dir='ltr'><strong>regionem</strong></span> 
     </span>
    </p>
   </div>
   <div class='ocr_carea' id='block_1_68' title="bbox 565 3892 2148 3963">
    <p class='ocr_par' dir='ltr' id='par_1_68' title="bbox 565 3892 2148 3963">
     <span class='ocr_line' id='line_1_68' title="bbox 565 3892 2148 3963; baseline 0.003 -16"><span class='ocrx_word' id='word_1_466' title='bbox 565 3892 830 3963; x_wconf 65' lang='lat' dir='ltr'><strong>praecipiti</strong></span> <span class='ocrx_word' id='word_1_467' title='bbox 854 3909 1014 3948; x_wconf 90' lang='lat' dir='ltr'><strong>cursu</strong></span> <span class='ocrx_word' id='word_1_468' title='bbox 1043 3892 1449 3951; x_wconf 79' lang='lat' dir='ltr'><strong>circumﬂuens.</strong></span> <span class='ocrx_word' id='word_1_469' title='bbox 1474 3893 1642 3963; x_wconf 79' lang='lat' dir='ltr'><strong>Igitur</strong></span> <span class='ocrx_word' id='word_1_470' title='bbox 1671 3895 2023 3953; x_wconf 71' lang='lat' dir='ltr'><strong>nobilissima:</strong></span> <span class='ocrx_word' id='word_1_471' title='bbox 2049 3898 2148 3952; x_wconf 86' lang='lat' dir='ltr'><strong>ho-</strong></span> 
     </span>
    </p>
   </div>
   <div class='ocr_carea' id='block_1_69' title="bbox 567 3985 2146 4058">
    <p class='ocr_par' dir='ltr' id='par_1_69' title="bbox 567 3985 2146 4058">
     <span class='ocr_line' id='line_1_69' title="bbox 567 3985 2146 4058; baseline 0.001 -19"><span class='ocrx_word' id='word_1_472' title='bbox 567 4001 684 4039; x_wconf 74' lang='lat' dir='ltr'><strong>rum</strong></span> <span class='ocrx_word' id='word_1_473' title='bbox 724 3985 971 4041; x_wconf 90' lang='lat' dir='ltr'><strong>locorum</strong></span> <span class='ocrx_word' id='word_1_474' title='bbox 1004 3985 1259 4042; x_wconf 74' lang='lat' dir='ltr'><strong>Ecclesiae</strong></span> <span class='ocrx_word' id='word_1_475' title='bbox 1302 3987 1754 4041; x_wconf 87' lang='lat' dir='ltr'><strong>commentarium</strong></span> <span class='ocrx_word' id='word_1_476' title='bbox 1786 3988 1855 4043; x_wconf 92' lang='lat' dir='ltr'><strong>de</strong></span> <span class='ocrx_word' id='word_1_477' title='bbox 1891 3989 2146 4058; x_wconf 87' lang='lat' dir='ltr'><strong>passione</strong></span> 
     </span>
    </p>
   </div>
   <div class='ocr_carea' id='block_1_70' title="bbox 565 4077 2147 4148">
    <p class='ocr_par' dir='ltr' id='par_1_70' title="bbox 565 4077 2147 4148">
     <span class='ocr_line' id='line_1_70' title="bbox 565 4077 2147 4148; baseline -0.001 -18"><span class='ocrx_word' id='word_1_478' title='bbox 565 4086 870 4147; x_wconf 80' lang='lat' dir='ltr'><strong>martyrum</strong></span> <span class='ocrx_word' id='word_1_479' title='bbox 904 4092 1129 4132; x_wconf 90' lang='lat' dir='ltr'><strong>suorum</strong></span> <span class='ocrx_word' id='word_1_480' title='bbox 1172 4077 1238 4131; x_wconf 88' lang='lat' dir='ltr'><strong>ad</strong></span> <span class='ocrx_word' id='word_1_481' title='bbox 1287 4077 1562 4132; x_wconf 87' lang='lat' dir='ltr'><strong>Ecclesias</strong></span> <span class='ocrx_word' id='word_1_482' title='bbox 1609 4077 1751 4134; x_wconf 74' lang='lat' dir='ltr'><strong>Asia:</strong></span> <span class='ocrx_word' id='word_1_483' title='bbox 1784 4079 2147 4148; x_wconf 66' lang='lat' dir='ltr'><strong>Phrygimque</strong></span> 
     </span>
    </p>
   </div>
   <div class='ocr_carea' id='block_1_71' title="bbox 563 4167 2146 4240">
    <p class='ocr_par' dir='ltr' id='par_1_71' title="bbox 563 4167 2146 4240">
     <span class='ocr_line' id='line_1_71' title="bbox 563 4167 2146 4240; baseline -0.003 -17"><span class='ocrx_word' id='word_1_484' title='bbox 563 4169 869 4235; x_wconf 87' lang='lat' dir='ltr'><strong>miserunt,</strong></span> <span class='ocrx_word' id='word_1_485' title='bbox 902 4184 966 4223; x_wconf 87' lang='lat' dir='ltr'><strong>ea</strong></span> <span class='ocrx_word' id='word_1_486' title='bbox 994 4183 1115 4239; x_wconf 74' lang='lat' dir='ltr'><strong>qua:</strong></span> <span class='ocrx_word' id='word_1_487' title='bbox 1146 4167 1289 4238; x_wconf 90' lang='lat' dir='ltr'><strong>apud</strong></span> <span class='ocrx_word' id='word_1_488' title='bbox 1336 4185 1395 4224; x_wconf 91' lang='lat' dir='ltr'><strong>se</strong></span> <span class='ocrx_word' id='word_1_489' title='bbox 1423 4180 1570 4240; x_wconf 79' lang='lat' dir='ltr'><strong>gesta</strong></span> <span class='ocrx_word' id='word_1_490' title='bbox 1600 4181 1755 4227; x_wconf 87' lang='lat' dir='ltr'><strong>erant</strong></span> <span class='ocrx_word' id='word_1_491' title='bbox 1778 4210 1793 4236; x_wconf 90' lang='lat'><strong>,</strong></span> <span class='ocrx_word' id='word_1_492' title='bbox 1830 4170 1936 4225; x_wconf 91' lang='lat' dir='ltr'><strong>hoc</strong></span> <span class='ocrx_word' id='word_1_493' title='bbox 1980 4170 2146 4222; x_wconf 91' lang='lat' dir='ltr'><strong>modo</strong></span> 
     </span>
    </p>
   </div>
   <div class='ocr_carea' id='block_1_72' title="bbox 560 4257 2145 4329">
    <p class='ocr_par' dir='ltr' id='par_1_72' title="bbox 560 4257 2145 4329">
     <span class='ocr_line' id='line_1_72' title="bbox 560 4257 2145 4329; baseline -0.003 -16"><span class='ocrx_word' id='word_1_494' title='bbox 560 4258 1249 4329; x_wconf 80' lang='lat' dir='ltr'><strong>commemorantes;ipsa</strong></span> <span class='ocrx_word' id='word_1_495' title='bbox 1300 4261 1448 4314; x_wconf 91' lang='lat' dir='ltr'><strong>enim</strong></span> <span class='ocrx_word' id='word_1_496' title='bbox 1497 4261 1661 4316; x_wconf 85' lang='lat' dir='ltr'><strong>verba</strong></span> <span class='ocrx_word' id='word_1_497' title='bbox 1716 4276 1821 4315; x_wconf 90' lang='lat' dir='ltr'><strong>non</strong></span> <span class='ocrx_word' id='word_1_498' title='bbox 1869 4257 2145 4328; x_wconf 79' lang='lat' dir='ltr'><strong>gravabor</strong></span> 
     </span>
    </p>
   </div>
   <div class='ocr_carea' id='block_1_73' title="bbox 564 4350 2145 4425">
    <p class='ocr_par' dir='ltr' id='par_1_73' title="bbox 564 4350 2145 4425">
     <span class='ocr_line' id='line_1_73' title="bbox 564 4350 2145 4425; baseline -0.003 -20"><span class='ocrx_word' id='word_1_499' title='bbox 564 4367 840 4421; x_wconf 88' lang='lat' dir='ltr'><strong>apponere</strong></span> <span class='ocrx_word' id='word_1_500' title='bbox 875 4370 888 4406; x_wconf 92' lang='lat'><strong>:</strong></span> <span class='ocrx_word' id='word_1_501' title='bbox 921 4370 941 4407; x_wconf 86' lang='grc'><strong>‹</strong></span> <span class='ocrx_word' id='word_1_502' title='bbox 999 4350 1157 4407; x_wconf 88' lang='lat' dir='ltr'><strong>Servi</strong></span> <span class='ocrx_word' id='word_1_503' title='bbox 1191 4352 1399 4410; x_wconf 89' lang='lat' dir='ltr'><strong>Christi</strong></span> <span class='ocrx_word' id='word_1_504' title='bbox 1450 4355 1541 4425; x_wconf 87' lang='lat' dir='ltr'><strong>qui</strong></span> <span class='ocrx_word' id='word_1_505' title='bbox 1598 4354 1741 4424; x_wconf 88' lang='lat' dir='ltr'><strong>apud</strong></span> <span class='ocrx_word' id='word_1_506' title='bbox 1768 4350 2034 4409; x_wconf 79' lang='lat' dir='ltr'><strong>Viennam</strong></span> <span class='ocrx_word' id='word_1_507' title='bbox 2088 4355 2145 4402; x_wconf 92' lang='lat' dir='ltr'><strong>et</strong></span> 
     </span>
    </p>
   </div>
   <div class='ocr_carea' id='block_1_74' title="bbox 562 4461 2221 4531">
    <p class='ocr_par' dir='ltr' id='par_1_74' title="bbox 562 4461 2221 4531">
     <span class='ocr_line' id='line_1_74' title="bbox 562 4461 2221 4531; baseline -0.001 -12"><span class='ocrx_word' id='word_1_508' title='bbox 562 4461 1280 4531; x_wconf 75' lang='lat' dir='ltr'><strong>MelitonisApologeticum</strong></span> <span class='ocrx_word' id='word_1_509' title='bbox 1310 4462 1380 4516; x_wconf 82' lang='grc' dir='ltr'>Μ.</span> <span class='ocrx_word' id='word_1_510' title='bbox 1409 4462 1687 4517; x_wconf 85' lang='lat' dir='ltr'><strong>Antonino</strong></span> <span class='ocrx_word' id='word_1_511' title='bbox 1732 4476 1857 4517; x_wconf 89' lang='lat' dir='ltr'><strong>esse</strong></span> <span class='ocrx_word' id='word_1_512' title='bbox 1899 4461 2139 4517; x_wconf 87' lang='lat' dir='ltr'><strong>oblatum</strong></span> <span class='ocrx_word' id='word_1_513' title='bbox 2175 4466 2221 4525; x_wconf 81' lang='grc' dir='ltr'>ο</span> 
     </span>
    </p>
   </div>
   <div class='ocr_carea' id='block_1_75' title="bbox 559 4532 2142 4601">
    <p class='ocr_par' dir='ltr' id='par_1_75' title="bbox 559 4532 2142 4601">
     <span class='ocr_line' id='line_1_75' title="bbox 559 4532 2142 4601; baseline -0.003 -11"><span class='ocrx_word' id='word_1_514' title='bbox 559 4548 703 4597; x_wconf 87' lang='lat' dir='ltr'><strong>anno</strong></span> <span class='ocrx_word' id='word_1_515' title='bbox 731 4533 849 4599; x_wconf 86' lang='lat' dir='ltr'><strong>ejus</strong></span> <span class='ocrx_word' id='word_1_516' title='bbox 878 4533 1088 4601; x_wconf 88' lang='lat' dir='ltr'><strong>imperii</strong></span> <span class='ocrx_word' id='word_1_517' title='bbox 1126 4547 1181 4585; x_wconf 86' lang='lat' dir='ltr'><strong>x.</strong></span> <span class='ocrx_word' id='word_1_518' title='bbox 1223 4533 1492 4587; x_wconf 63' lang='lat' dir='ltr'><strong>Caeterum</strong></span> <span class='ocrx_word' id='word_1_519' title='bbox 1519 4543 1573 4587; x_wconf 88' lang='lat' dir='ltr'><strong>et</strong></span> <span class='ocrx_word' id='word_1_520' title='bbox 1603 4534 1655 4586; x_wconf 92' lang='lat' dir='ltr'><strong>in</strong></span> <span class='ocrx_word' id='word_1_521' title='bbox 1680 4533 1830 4597; x_wconf 82' lang='lat' dir='ltr'><strong>Asia,</strong></span> <span class='ocrx_word' id='word_1_522' title='bbox 1863 4542 1915 4587; x_wconf 92' lang='lat' dir='ltr'><strong>et</strong></span> <span class='ocrx_word' id='word_1_523' title='bbox 1947 4532 1998 4585; x_wconf 94' lang='lat' dir='ltr'><strong>in</strong></span> <span class='ocrx_word' id='word_1_524' title='bbox 2016 4532 2142 4587; x_wconf 83' lang='lat' dir='ltr'><strong>Gal.</strong></span> 
     </span>
    </p>
   </div>
   <div class='ocr_carea' id='block_1_76' title="bbox 559 4601 2142 4672">
    <p class='ocr_par' dir='ltr' id='par_1_76' title="bbox 559 4601 2142 4672">
     <span class='ocr_line' id='line_1_76' title="bbox 559 4601 2142 4672; baseline -0.001 -13"><span class='ocrx_word' id='word_1_525' title='bbox 559 4605 648 4659; x_wconf 90' lang='lat' dir='ltr'><strong>liis</strong></span> <span class='ocrx_word' id='word_1_526' title='bbox 679 4604 909 4672; x_wconf 87' lang='lat' dir='ltr'><strong>aliisque</strong></span> <span class='ocrx_word' id='word_1_527' title='bbox 956 4601 1274 4671; x_wconf 82' lang='lat' dir='ltr'><strong>provinciis,</strong></span> <span class='ocrx_word' id='word_1_528' title='bbox 1329 4603 1637 4672; x_wconf 91' lang='lat' dir='ltr'><strong>persecutio</strong></span> <span class='ocrx_word' id='word_1_529' title='bbox 1694 4602 1785 4656; x_wconf 89' lang='lat' dir='ltr'><strong>illa</strong></span> <span class='ocrx_word' id='word_1_530' title='bbox 1825 4617 1968 4656; x_wconf 89' lang='lat' dir='ltr'><strong>anno</strong></span> <span class='ocrx_word' id='word_1_531' title='bbox 1994 4602 2142 4671; x_wconf 80' lang='lat' dir='ltr'><strong>ejus-</strong></span> 
     </span>
    </p>
   </div>
   <div class='ocr_carea' id='block_1_77' title="bbox 558 4672 2147 4737">
    <p class='ocr_par' dir='ltr' id='par_1_77' title="bbox 558 4672 2147 4737">
     <span class='ocr_line' id='line_1_77' title="bbox 558 4672 2147 4737; baseline -0.002 -11"><span class='ocrx_word' id='word_1_532' title='bbox 558 4674 680 4728; x_wconf 91' lang='lat' dir='ltr'><strong>dem</strong></span> <span class='ocrx_word' id='word_1_533' title='bbox 711 4673 970 4727; x_wconf 82' lang='lat' dir='ltr'><strong>Antonini</strong></span> <span class='ocrx_word' id='word_1_534' title='bbox 1008 4688 1122 4727; x_wconf 80' lang='lat' dir='ltr'><strong>xvii</strong></span> <span class='ocrx_word' id='word_1_535' title='bbox 1158 4673 1537 4728; x_wconf 88' lang='lat' dir='ltr'><strong>vehementius</strong></span> <span class='ocrx_word' id='word_1_536' title='bbox 1584 4673 1812 4737; x_wconf 83' lang='lat' dir='ltr'><strong>exarsit,</strong></span> <span class='ocrx_word' id='word_1_537' title='bbox 1843 4682 1904 4726; x_wconf 91' lang='lat' dir='ltr'><strong>ut</strong></span> <span class='ocrx_word' id='word_1_538' title='bbox 1946 4672 2034 4726; x_wconf 91' lang='lat' dir='ltr'><strong>hic</strong></span> <span class='ocrx_word' id='word_1_539' title='bbox 2060 4676 2147 4729; x_wconf 86' lang='lat' dir='ltr'><strong>di-</strong></span> 
     </span>
    </p>
   </div>
   <div class='ocr_carea' id='block_1_78' title="bbox 561 4742 2143 4812">
    <p class='ocr_par' dir='ltr' id='par_1_78' title="bbox 561 4742 2143 4812">
     <span class='ocr_line' id='line_1_78' title="bbox 561 4742 2143 4812; baseline 0.002 -16"><span class='ocrx_word' id='word_1_540' title='bbox 561 4752 707 4798; x_wconf 88' lang='lat' dir='ltr'><strong>serte</strong></span> <span class='ocrx_word' id='word_1_541' title='bbox 727 4743 896 4797; x_wconf 78' lang='lat' dir='ltr'><strong>refert</strong></span> <span class='ocrx_word' id='word_1_542' title='bbox 929 4742 1214 4798; x_wconf 80' lang='lat' dir='ltr'><strong>Eusebius.</strong></span> <span class='ocrx_word' id='word_1_543' title='bbox 1248 4742 1304 4797; x_wconf 89' lang='lat' dir='ltr'><strong>In</strong></span> <span class='ocrx_word' id='word_1_544' title='bbox 1329 4744 1487 4812; x_wconf 88' lang='lat' dir='ltr'><strong>cujus</strong></span> <span class='ocrx_word' id='word_1_545' title='bbox 1518 4753 1666 4796; x_wconf 74' lang='lat' dir='ltr'><strong>textu</strong></span> <span class='ocrx_word' id='word_1_546' title='bbox 1700 4757 1956 4798; x_wconf 90' lang='lat' dir='ltr'><strong>numeros</strong></span> <span class='ocrx_word' id='word_1_547' title='bbox 1975 4758 2143 4799; x_wconf 87' lang='lat' dir='ltr'><strong>anno-</strong></span> 
     </span>
    </p>
   </div>
   <div class='ocr_carea' id='block_1_79' title="bbox 563 4813 2142 4883">
    <p class='ocr_par' dir='ltr' id='par_1_79' title="bbox 563 4813 2142 4883">
     <span class='ocr_line' id='line_1_79' title="bbox 563 4813 2142 4883; baseline 0.006 -20"><span class='ocrx_word' id='word_1_548' title='bbox 563 4830 680 4865; x_wconf 89' lang='lat' dir='ltr'><strong>rum</strong></span> <span class='ocrx_word' id='word_1_549' title='bbox 733 4829 836 4866; x_wconf 89' lang='lat' dir='ltr'><strong>nou</strong></span> <span class='ocrx_word' id='word_1_550' title='bbox 887 4828 1007 4867; x_wconf 87' lang='lat' dir='ltr'><strong>esse</strong></span> <span class='ocrx_word' id='word_1_551' title='bbox 1057 4825 1366 4883; x_wconf 78' lang='lat' dir='ltr'><strong>corruptos,</strong></span> <span class='ocrx_word' id='word_1_552' title='bbox 1404 4813 1488 4867; x_wconf 87' lang='lat' dir='ltr'><strong>vel</strong></span> <span class='ocrx_word' id='word_1_553' title='bbox 1535 4815 1661 4867; x_wconf 90' lang='lat' dir='ltr'><strong>hinc</strong></span> <span class='ocrx_word' id='word_1_554' title='bbox 1708 4823 1954 4883; x_wconf 86' lang='lat' dir='ltr'><strong>apparet,</strong></span> <span class='ocrx_word' id='word_1_555' title='bbox 1995 4818 2142 4883; x_wconf 92' lang='lat' dir='ltr'><strong>quod</strong></span> 
     </span>
    </p>
   </div>
   <div class='ocr_carea' id='block_1_80' title="bbox 560 4882 2142 4951">
    <p class='ocr_par' dir='ltr' id='par_1_80' title="bbox 560 4882 2142 4951">
     <span class='ocr_line' id='line_1_80' title="bbox 560 4882 2142 4951; baseline 0.002 -15"><span class='ocrx_word' id='word_1_556' title='bbox 560 4883 666 4948; x_wconf 74' lang='lat' dir='ltr'><strong>hoc</strong></span> <span class='ocrx_word' id='word_1_557' title='bbox 687 4884 876 4937; x_wconf 89' lang='lat' dir='ltr'><strong>eodem</strong></span> <span class='ocrx_word' id='word_1_558' title='bbox 902 4899 1045 4936; x_wconf 78' lang='lat' dir='ltr'><strong>anno</strong></span> <span class='ocrx_word' id='word_1_559' title='bbox 1074 4882 1420 4939; x_wconf 87' lang='lat' dir='ltr'><strong>Eleutherum</strong></span> <span class='ocrx_word' id='word_1_560' title='bbox 1457 4884 1717 4937; x_wconf 75' lang='lat' dir='ltr'><strong>Romana:</strong></span> <span class='ocrx_word' id='word_1_561' title='bbox 1747 4882 1899 4937; x_wconf 85' lang='lat' dir='ltr'><strong>urbis</strong></span> <span class='ocrx_word' id='word_1_562' title='bbox 1929 4887 2142 4951; x_wconf 84' lang='lat' dir='ltr'><strong>episeo-</strong></span> 
     </span>
    </p>
   </div>
   <div class='ocr_carea' id='block_1_81' title="bbox 565 4953 2141 5021">
    <p class='ocr_par' dir='ltr' id='par_1_81' title="bbox 565 4953 2141 5021">
     <span class='ocr_line' id='line_1_81' title="bbox 565 4953 2141 5021; baseline 0.006 -21"><span class='ocrx_word' id='word_1_563' title='bbox 565 4967 688 5020; x_wconf 76' lang='lat' dir='ltr'><strong>pnm</strong></span> <span class='ocrx_word' id='word_1_564' title='bbox 752 4953 930 5004; x_wconf 70' lang='lat' dir='ltr'><strong>Soteri</strong></span> <span class='ocrx_word' id='word_1_565' title='bbox 970 4955 1304 5007; x_wconf 82' lang='lat' dir='ltr'><strong>successisse</strong></span> <span class='ocrx_word' id='word_1_566' title='bbox 1348 4955 1561 5012; x_wconf 88' lang='lat' dir='ltr'><strong>scribit.</strong></span> <span class='ocrx_word' id='word_1_567' title='bbox 1616 4953 1769 5019; x_wconf 83' lang='lat' dir='ltr'><strong>Quod</strong></span> <span class='ocrx_word' id='word_1_568' title='bbox 1813 4953 2034 5021; x_wconf 82' lang='lat' dir='ltr'><strong>quidem</strong></span> <span class='ocrx_word' id='word_1_569' title='bbox 2087 4958 2141 5010; x_wconf 91' lang='lat' dir='ltr'><strong>in</strong></span> 
     </span>
    </p>
   </div>
   <div class='ocr_carea' id='block_1_82' title="bbox 560 5021 2143 5079">
    <p class='ocr_par' dir='ltr' id='par_1_82' title="bbox 560 5021 2143 5079">
     <span class='ocr_line' id='line_1_82' title="bbox 560 5021 2143 5079; baseline 0.004 -6"><span class='ocrx_word' id='word_1_570' title='bbox 560 5023 823 5075; x_wconf 68' lang='lat' dir='ltr'><strong>Chronico</strong></span> <span class='ocrx_word' id='word_1_571' title='bbox 858 5021 1072 5075; x_wconf 81' lang='lat' dir='ltr'><strong>confert</strong></span> <span class='ocrx_word' id='word_1_572' title='bbox 1128 5024 1176 5074; x_wconf 91' lang='lat' dir='ltr'><strong>in</strong></span> <span class='ocrx_word' id='word_1_573' title='bbox 1208 5038 1409 5077; x_wconf 87' lang='lat' dir='ltr'><strong>annum</strong></span> <span class='ocrx_word' id='word_1_574' title='bbox 1440 5038 1531 5076; x_wconf 71' lang='lat' dir='ltr'><strong>xvn</strong></span> <span class='ocrx_word' id='word_1_575' title='bbox 1557 5022 1840 5076; x_wconf 86' lang='lat' dir='ltr'><strong>Antonini.</strong></span> <span class='ocrx_word' id='word_1_576' title='bbox 1879 5022 2008 5077; x_wconf 84' lang='lat' dir='ltr'><strong>Vide</strong></span> <span class='ocrx_word' id='word_1_577' title='bbox 2045 5025 2143 5079; x_wconf 86' lang='lat' dir='ltr'><strong>Ba-</strong></span> 
     </span>
    </p>
   </div>
   <div class='ocr_carea' id='block_1_83' title="bbox 563 5092 2145 5149">
    <p class='ocr_par' dir='ltr' id='par_1_83' title="bbox 563 5092 2145 5149">
     <span class='ocr_line' id='line_1_83' title="bbox 563 5092 2145 5149; baseline 0.003 -4"><span class='ocrx_word' id='word_1_578' title='bbox 563 5092 774 5145; x_wconf 91' lang='lat' dir='ltr'><strong>ronium</strong></span> <span class='ocrx_word' id='word_1_579' title='bbox 806 5093 873 5142; x_wconf 87' lang='lat' dir='ltr'><strong>ad</strong></span> <span class='ocrx_word' id='word_1_580' title='bbox 907 5107 1107 5143; x_wconf 90' lang='lat' dir='ltr'><strong>annum</strong></span> <span class='ocrx_word' id='word_1_581' title='bbox 1150 5092 1354 5148; x_wconf 81' lang='lat' dir='ltr'><strong>ChriSIi</strong></span> <span class='ocrx_word' id='word_1_582' title='bbox 1387 5094 1508 5147; x_wconf 78' lang='grc'><strong>179.</strong></span> <span class='ocrx_word' id='word_1_583' title='bbox 1555 5094 1714 5146; x_wconf 87' lang='lat' dir='ltr'><strong>Certe</strong></span> <span class='ocrx_word' id='word_1_584' title='bbox 1753 5102 1946 5145; x_wconf 88' lang='lat' dir='ltr'><strong>auctor</strong></span> <span class='ocrx_word' id='word_1_585' title='bbox 1978 5093 2145 5149; x_wconf 82' lang='lat' dir='ltr'><strong>Chro-</strong></span> 
     </span>
    </p>
   </div>
   <div class='ocr_carea' id='block_1_84' title="bbox 560 5160 2141 5233">
    <p class='ocr_par' dir='ltr' id='par_1_84' title="bbox 560 5160 2141 5233">
     <span class='ocr_line' id='line_1_84' title="bbox 560 5160 2141 5233; baseline 0.003 -18"><span class='ocrx_word' id='word_1_586' title='bbox 560 5162 666 5215; x_wconf 78' lang='lat' dir='ltr'><strong>nici</strong></span> <span class='ocrx_word' id='word_1_587' title='bbox 696 5160 1073 5226; x_wconf 77' lang='lat' dir='ltr'><strong>Alexandrini,</strong></span> <span class='ocrx_word' id='word_1_588' title='bbox 1108 5164 1431 5233; x_wconf 88' lang='lat' dir='ltr'><strong>martyrium</strong></span> <span class='ocrx_word' id='word_1_589' title='bbox 1475 5163 1692 5218; x_wconf 81' lang='lat' dir='ltr'><strong>Pathini</strong></span> <span class='ocrx_word' id='word_1_590' title='bbox 1727 5171 1782 5217; x_wconf 82' lang='lat' dir='ltr'><strong>et</strong></span> <span class='ocrx_word' id='word_1_591' title='bbox 1808 5163 2141 5233; x_wconf 87' lang='lat' dir='ltr'><strong>reliquorum</strong></span> 
     </span>
    </p>
   </div>
   <div class='ocr_carea' id='block_1_85' title="bbox 558 5233 1455 5300">
    <p class='ocr_par' dir='ltr' id='par_1_85' title="bbox 558 5233 1455 5300">
     <span class='ocr_line' id='line_1_85' title="bbox 558 5233 1455 5300; baseline 0.003 -18"><span class='ocrx_word' id='word_1_592' title='bbox 558 5234 854 5300; x_wconf 68' lang='lat' dir='ltr'><strong>(-ottsignat</strong></span> <span class='ocrx_word' id='word_1_593' title='bbox 881 5246 1025 5300; x_wconf 73' lang='lat' dir='ltr'><strong>anno</strong></span> <span class='ocrx_word' id='word_1_594' title='bbox 1057 5246 1145 5284; x_wconf 84' lang='lat' dir='ltr'><strong>va</strong></span> <span class='ocrx_word' id='word_1_595' title='bbox 1175 5233 1455 5286; x_wconf 85' lang='lat' dir='ltr'><strong>Antonini.</strong></span> 
     </span>
    </p>
   </div>
   <div class='ocr_carea' id='block_1_86' title="bbox 629 5298 2141 5371">
    <p class='ocr_par' dir='ltr' id='par_1_86' title="bbox 629 5298 2141 5371">
     <span class='ocr_line' id='line_1_86' title="bbox 629 5298 2141 5371; baseline 0.005 -19"><span class='ocrx_word' id='word_1_596' title='bbox 629 5298 744 5371; x_wconf 60' lang='lat'><strong>(75}</strong></span> <span class='ocrx_word' id='word_1_597' title='bbox 776 5298 855 5368; x_wconf 76' lang='grc' dir='ltr'><em>Τῇ</em></span> <span class='ocrx_word' id='word_1_598' title='bbox 894 5299 1015 5354; x_wconf 77' lang='grc' dir='ltr'><strong>Τῶν</strong></span> <span class='ocrx_word' id='word_1_599' title='bbox 1035 5302 1424 5368; x_wconf 73' lang='grc' dir='ltr'>μαρτύρων...</span> <span class='ocrx_word' id='word_1_600' title='bbox 1472 5300 1814 5371; x_wconf 76' lang='grc' dir='ltr'>συναγωγῇ.</span> <span class='ocrx_word' id='word_1_601' title='bbox 1850 5301 1942 5357; x_wconf 85' lang='lat' dir='ltr'><strong>Sic</strong></span> <span class='ocrx_word' id='word_1_602' title='bbox 1972 5303 2141 5359; x_wconf 86' lang='lat' dir='ltr'><strong>Euse-</strong></span> 
     </span>
    </p>
   </div>
   <div class='ocr_carea' id='block_1_87' title="bbox 557 5373 2142 5444">
    <p class='ocr_par' dir='ltr' id='par_1_87' title="bbox 557 5373 2142 5444">
     <span class='ocr_line' id='line_1_87' title="bbox 557 5373 2142 5444; baseline 0.004 -21"><span class='ocrx_word' id='word_1_603' title='bbox 557 5373 906 5444; x_wconf 69' lang='lat' dir='ltr'><strong>Iliusvorare</strong></span> <span class='ocrx_word' id='word_1_604' title='bbox 945 5373 1084 5424; x_wconf 86' lang='lat' dir='ltr'><strong>solet</strong></span> <span class='ocrx_word' id='word_1_605' title='bbox 1126 5374 1319 5425; x_wconf 88' lang='lat' dir='ltr'><strong>librum</strong></span> <span class='ocrx_word' id='word_1_606' title='bbox 1360 5374 1438 5426; x_wconf 84' lang='lat' dir='ltr'><strong>De</strong></span> <span class='ocrx_word' id='word_1_607' title='bbox 1476 5374 1837 5442; x_wconf 78' lang='lat' dir='ltr'><strong>martyribus,</strong></span> <span class='ocrx_word' id='word_1_608' title='bbox 1884 5388 1953 5427; x_wconf 90' lang='lat' dir='ltr'><strong>eo</strong></span> <span class='ocrx_word' id='word_1_609' title='bbox 1998 5376 2142 5444; x_wconf 91' lang='lat' dir='ltr'><strong>quod</strong></span> 
     </span>
    </p>
   </div>
   <div class='ocr_carea' id='block_1_88' title="bbox 557 5441 2141 5509">
    <p class='ocr_par' dir='ltr' id='par_1_88' title="bbox 557 5441 2141 5509">
     <span class='ocr_line' id='line_1_88' title="bbox 557 5441 2141 5509; baseline 0.001 -11"><span class='ocrx_word' id='word_1_610' title='bbox 557 5442 687 5499; x_wconf 91' lang='lat' dir='ltr'><strong>nihil</strong></span> <span class='ocrx_word' id='word_1_611' title='bbox 718 5441 864 5495; x_wconf 89' lang='lat' dir='ltr'><strong>aliud</strong></span> <span class='ocrx_word' id='word_1_612' title='bbox 909 5451 1055 5494; x_wconf 86' lang='lat' dir='ltr'><strong>esset</strong></span> <span class='ocrx_word' id='word_1_613' title='bbox 1105 5458 1266 5509; x_wconf 88' lang='lat' dir='ltr'><strong>quam</strong></span> <span class='ocrx_word' id='word_1_614' title='bbox 1305 5444 1552 5497; x_wconf 75' lang='lat' dir='ltr'><strong>collectio</strong></span> <span class='ocrx_word' id='word_1_615' title='bbox 1610 5441 1892 5496; x_wconf 83' lang='lat' dir='ltr'><strong>Actorum.</strong></span> <span class='ocrx_word' id='word_1_616' title='bbox 1952 5441 2030 5497; x_wconf 77' lang='lat' dir='ltr'><strong>Ita</strong></span> <span class='ocrx_word' id='word_1_617' title='bbox 2088 5447 2141 5499; x_wconf 89' lang='lat' dir='ltr'><strong>in</strong></span> 
     </span>
    </p>
   </div>
   <div class='ocr_carea' id='block_1_89' title="bbox 558 5510 2144 5586">
    <p class='ocr_par' dir='ltr' id='par_1_89' title="bbox 558 5510 2144 5586">
     <span class='ocr_line' id='line_1_89' title="bbox 558 5510 2144 5586; baseline 0.004 -23"><span class='ocrx_word' id='word_1_618' title='bbox 558 5512 698 5586; x_wconf 73' lang='lat' dir='ltr'><strong>libro</strong></span> <span class='ocrx_word' id='word_1_619' title='bbox 725 5527 799 5574; x_wconf 85' lang='lat' dir='ltr'><strong>tv,</strong></span> <span class='ocrx_word' id='word_1_620' title='bbox 827 5527 952 5586; x_wconf 83' lang='lat' dir='ltr'><strong>cap.</strong></span> <span class='ocrx_word' id='word_1_621' title='bbox 988 5511 1078 5586; x_wconf 58' lang='grc'><strong>15,</strong></span> <span class='ocrx_word' id='word_1_622' title='bbox 1098 5512 1209 5586; x_wconf 79' lang='lat' dir='ltr'><strong>sub</strong></span> <span class='ocrx_word' id='word_1_623' title='bbox 1238 5513 1398 5586; x_wconf 78' lang='lat' dir='ltr'><strong>tinem</strong></span> <span class='ocrx_word' id='word_1_624' title='bbox 1428 5528 1442 5565; x_wconf 93' lang='lat'>:</span> <span class='ocrx_word' id='word_1_625' title='bbox 1482 5514 1603 5586; x_wconf 76' lang='grc' dir='ltr'><strong>Ἐπὶ</strong></span> <span class='ocrx_word' id='word_1_626' title='bbox 1626 5510 1828 5586; x_wconf 75' lang='grc' dir='ltr'>ταύτην</span> <span class='ocrx_word' id='word_1_627' title='bbox 1854 5516 2144 5586; x_wconf 85' lang='grc' dir='ltr'>παραπέμ-</span> 
     </span>
    </p>
   </div>
   <div class='ocr_carea' id='block_1_90' title="bbox 552 5581 2142 5656">
    <p class='ocr_par' dir='ltr' id='par_1_90' title="bbox 552 5581 2142 5656">
     <span class='ocr_line' id='line_1_90' title="bbox 552 5581 2142 5656; baseline 0.003 -22"><span class='ocrx_word' id='word_1_628' title='bbox 552 5581 767 5656; x_wconf 71' lang='grc' dir='ltr'>ψωμεν,</span> <span class='ocrx_word' id='word_1_629' title='bbox 800 5583 922 5644; x_wconf 82' lang='grc' dir='ltr'>τοῖς</span> <span class='ocrx_word' id='word_1_630' title='bbox 944 5581 1054 5635; x_wconf 83' lang='grc' dir='ltr'>τῶν</span> <span class='ocrx_word' id='word_1_631' title='bbox 1086 5581 1356 5656; x_wconf 36' lang='grc' dir='ltr'>ἀρχαίων-</span> <span class='ocrx_word' id='word_1_632' title='bbox 1384 5583 1892 5656; x_wconf 36' lang='grc' dir='ltr'>συναχθείσινμήμίν</span> <span class='ocrx_word' id='word_1_633' title='bbox 1930 5581 2142 5656; x_wconf 81' lang='grc' dir='ltr'>μαρτυ-</span> 
     </span>
    </p>
   </div>
   <div class='ocr_carea' id='block_1_91' title="bbox 558 5650 2139 5727">
    <p class='ocr_par' dir='ltr' id='par_1_91' title="bbox 558 5650 2139 5727">
     <span class='ocr_line' id='line_1_91' title="bbox 558 5650 2139 5727; baseline 0.006 -23"><span class='ocrx_word' id='word_1_634' title='bbox 558 5650 694 5727; x_wconf 66' lang='grc' dir='ltr'>ρίοις</span> <span class='ocrx_word' id='word_1_635' title='bbox 729 5650 1394 5727; x_wconf 51' lang='grc' dir='ltr'>ἐντεταγμένηνζξμιψίθ</span> <span class='ocrx_word' id='word_1_636' title='bbox 1424 5650 1665 5727; x_wconf 75' lang='grc' dir='ltr'>γραφήν.</span> <span class='ocrx_word' id='word_1_637' title='bbox 1700 5650 1832 5707; x_wconf 81' lang='lat' dir='ltr'><strong>Vide</strong></span> <span class='ocrx_word' id='word_1_638' title='bbox 1854 5650 2139 5727; x_wconf 63' lang='lat' dir='ltr'><strong>infra&#39;cap.</strong></span> 
     </span>
    </p>
   </div>
   <div class='ocr_carea' id='block_1_92' title="bbox 553 5721 2141 5809">
    <p class='ocr_par' dir='ltr' id='par_1_92' title="bbox 553 5721 2141 5809">
     <span class='ocr_line' id='line_1_92' title="bbox 553 5721 2141 5809; baseline 0.001 -30"><span class='ocrx_word' id='word_1_639' title='bbox 553 5721 741 5809; x_wconf 34' lang='lat' dir='ltr'><strong>alaex</strong></span> <span class='ocrx_word' id='word_1_640' title='bbox 772 5738 879 5809; x_wconf 71' lang='lat' dir='ltr'><strong>quo</strong></span> <span class='ocrx_word' id='word_1_641' title='bbox 908 5721 1057 5803; x_wconf 79' lang='lat' dir='ltr'><strong>patet</strong></span> <span class='ocrx_word' id='word_1_642' title='bbox 1088 5721 1474 5782; x_wconf 54' lang='lat' dir='ltr'><strong>&#39;scribendum&#39;</strong></span> <span class='ocrx_word' id='word_1_643' title='bbox 1514 5721 1610 5781; x_wconf 45' lang='lat' dir='ltr'><strong>hic</strong></span> <span class='ocrx_word' id='word_1_644' title='bbox 1664 5736 1786 5783; x_wconf 86' lang='lat' dir='ltr'><strong>esse</strong></span> <span class='ocrx_word' id='word_1_645' title='bbox 1826 5721 2141 5809; x_wconf 83' lang='grc' dir='ltr'>μαρτυρίων</span> 
     </span>
    </p>
   </div>
   <div class='ocr_carea' id='block_1_93' title="bbox 556 5806 2027 5868">
    <p class='ocr_par' dir='ltr' id='par_1_93' title="bbox 556 5806 2027 5868">
     <span class='ocr_line' id='line_1_93' title="bbox 556 5806 2027 5868; baseline 0.001 -22"><span class='ocrx_word' id='word_1_646' title='bbox 556 5806 863 5868; x_wconf 64' lang='grc' dir='ltr'>συναγωγῇ.</span> <span class='ocrx_word' id='word_1_647' title='bbox 2024 5806 2027 5809; x_wconf 69' lang='lat'><em>‘</em></span> 
     </span>
    </p>
   </div>
   <div class='ocr_carea' id='block_1_94' title="bbox 2787 3123 3309 3179">
    <p class='ocr_par' dir='ltr' id='par_1_94' title="bbox 2787 3123 3309 3179">
     <span class='ocr_line' id='line_1_94' title="bbox 2787 3123 3309 3179; baseline 0.002 -2"><span class='ocrx_word' id='word_1_648' title='bbox 2787 3123 3185 3177; x_wconf 80' lang='grc' dir='ltr'><strong>ΚΕΦΑΛΑΙΟΝ</strong></span> <span class='ocrx_word' id='word_1_649' title='bbox 3231 3124 3309 3179; x_wconf 80' lang='lat' dir='ltr'><strong>A’.</strong></span> 
     </span>
    </p>
   </div>
   <div class='ocr_carea' id='block_1_95' title="bbox 2264 3212 3841 3282">
    <p class='ocr_par' dir='ltr' id='par_1_95' title="bbox 2264 3212 3841 3282">
     <span class='ocr_line' id='line_1_95' title="bbox 2264 3212 3841 3282; baseline 0.001 -15"><span class='ocrx_word' id='word_1_650' title='bbox 2264 3213 2442 3268; x_wconf 86' lang='grc' dir='ltr'>Ὅσοι</span> <span class='ocrx_word' id='word_1_651' title='bbox 2483 3215 2583 3269; x_wconf 82' lang='grc' dir='ltr'>καὶ</span> <span class='ocrx_word' id='word_1_652' title='bbox 2628 3212 2789 3279; x_wconf 83' lang='grc' dir='ltr'>ὅπως</span> <span class='ocrx_word' id='word_1_653' title='bbox 2833 3215 2983 3268; x_wconf 83' lang='grc' dir='ltr'>κατὰ</span> <span class='ocrx_word' id='word_1_654' title='bbox 3025 3213 3259 3282; x_wconf 75' lang='grc' dir='ltr'>οὑῆρον</span> <span class='ocrx_word' id='word_1_655' title='bbox 3288 3214 3385 3266; x_wconf 76' lang='grc' dir='ltr'><strong>ἐπὶ</strong></span> <span class='ocrx_word' id='word_1_656' title='bbox 3423 3213 3532 3280; x_wconf 80' lang='grc' dir='ltr'>τῆς</span> <span class='ocrx_word' id='word_1_657' title='bbox 3569 3215 3841 3281; x_wconf 75' lang='grc' dir='ltr'>Γαλλίας</span> 
     </span>
    </p>
   </div>
   <div class='ocr_carea' id='block_1_96' title="bbox 2340 3283 3839 3355">
    <p class='ocr_par' dir='ltr' id='par_1_96' title="bbox 2340 3283 3839 3355">
     <span class='ocr_line' id='line_1_96' title="bbox 2340 3283 3839 3355; baseline 0.001 -19"><span class='ocrx_word' id='word_1_658' title='bbox 2340 3285 2447 3355; x_wconf 64' lang='grc' dir='ltr'>τὸν</span> <span class='ocrx_word' id='word_1_659' title='bbox 2508 3283 2661 3355; x_wconf 61' lang='grc' dir='ltr'><strong>ῥπὲρ</strong></span> <span class='ocrx_word' id='word_1_660' title='bbox 2719 3284 2831 3351; x_wconf 80' lang='grc' dir='ltr'>τῆς</span> <span class='ocrx_word' id='word_1_661' title='bbox 2886 3287 3193 3352; x_wconf 78' lang='grc' dir='ltr'>εὐσεϐείας</span> <span class='ocrx_word' id='word_1_662' title='bbox 3247 3283 3571 3349; x_wconf 77' lang='grc' dir='ltr'>διεξῆλθον</span> <span class='ocrx_word' id='word_1_663' title='bbox 3636 3285 3839 3355; x_wconf 76' lang='grc' dir='ltr'>ἀγῶνα</span> 
     </span>
    </p>
   </div>
   <div class='ocr_carea' id='block_1_97' title="bbox 2329 3351 3029 3423">
    <p class='ocr_par' dir='ltr' id='par_1_97' title="bbox 2329 3351 3029 3423">
     <span class='ocr_line' id='line_1_97' title="bbox 2329 3351 3029 3423; baseline 0.003 -18"><span class='ocrx_word' id='word_1_664' title='bbox 2329 3351 2470 3423; x_wconf 85' lang='lat' dir='ltr'><strong>(Nic.</strong></span> <span class='ocrx_word' id='word_1_665' title='bbox 2505 3354 2572 3408; x_wconf 87' lang='lat' dir='ltr'><strong>Il.</strong></span> <span class='ocrx_word' id='word_1_666' title='bbox 2610 3351 2674 3410; x_wconf 82' lang='grc' dir='ltr'>Ε.</span> <span class='ocrx_word' id='word_1_667' title='bbox 2730 3355 2944 3420; x_wconf 77' lang='grc' dir='ltr'>ιν,18).</span> <span class='ocrx_word' id='word_1_668' title='bbox 3028 3394 3029 3397; x_wconf 58' lang='grc' dir='ltr'><strong>η</strong></span> 
     </span>
    </p>
   </div>
   <div class='ocr_carea' id='block_1_98' title="bbox 2316 3436 3824 3518">
    <p class='ocr_par' dir='ltr' id='par_1_98' title="bbox 2316 3436 3824 3518">
     <span class='ocr_line' id='line_1_98' title="bbox 2316 3436 3824 3518; baseline -0.008 -17"><span class='ocrx_word' id='word_1_669' title='bbox 2316 3448 2357 3501; x_wconf 90' lang='grc' dir='ltr'><strong>Γ</strong></span> <span class='ocrx_word' id='word_1_670' title='bbox 2358 3446 2516 3502; x_wconf 81' lang='grc' dir='ltr'>αλλία</span> <span class='ocrx_word' id='word_1_671' title='bbox 2549 3447 2648 3518; x_wconf 81' lang='grc' dir='ltr'>μὲν</span> <span class='ocrx_word' id='word_1_672' title='bbox 2676 3442 2769 3500; x_wconf 78' lang='grc' dir='ltr'><strong>οὖν</strong></span> <span class='ocrx_word' id='word_1_673' title='bbox 2804 3446 2837 3516; x_wconf 81' lang='grc' dir='ltr'>ὴ</span> <span class='ocrx_word' id='word_1_674' title='bbox 2866 3443 3017 3515; x_wconf 85' lang='grc' dir='ltr'>χώρα</span> <span class='ocrx_word' id='word_1_675' title='bbox 3043 3438 3131 3512; x_wconf 81' lang='grc' dir='ltr'>ἦν,</span> <span class='ocrx_word' id='word_1_676' title='bbox 3160 3441 3281 3495; x_wconf 88' lang='grc' dir='ltr'>καθ’</span> <span class='ocrx_word' id='word_1_677' title='bbox 3306 3441 3373 3512; x_wconf 77' lang='grc' dir='ltr'>ἢν</span> <span class='ocrx_word' id='word_1_678' title='bbox 3409 3439 3470 3493; x_wconf 82' lang='grc' dir='ltr'>τὸ</span> <span class='ocrx_word' id='word_1_679' title='bbox 3505 3437 3612 3492; x_wconf 81' lang='grc' dir='ltr'>τῶν</span> <span class='ocrx_word' id='word_1_680' title='bbox 3634 3436 3824 3508; x_wconf 80' lang='grc' dir='ltr'>δηλουο</span> 
     </span>
    </p>
   </div>
   <div class='ocr_carea' id='block_1_99' title="bbox 2258 3530 3832 3612">
    <p class='ocr_par' dir='ltr' id='par_1_99' title="bbox 2258 3530 3832 3612">
     <span class='ocr_line' id='line_1_99' title="bbox 2258 3530 3832 3612; baseline -0.01 -15"><span class='ocrx_word' id='word_1_681' title='bbox 2258 3544 2434 3612; x_wconf 87' lang='grc' dir='ltr'>μένων</span> <span class='ocrx_word' id='word_1_682' title='bbox 2459 3540 2833 3609; x_wconf 85' lang='grc' dir='ltr'>συνεκροτεῖτο</span> <span class='ocrx_word' id='word_1_683' title='bbox 2862 3536 3093 3589; x_wconf 88' lang='grc' dir='ltr'>στάδιον·</span> <span class='ocrx_word' id='word_1_684' title='bbox 3125 3532 3193 3605; x_wconf 78' lang='grc' dir='ltr'>ἧς</span> <span class='ocrx_word' id='word_1_685' title='bbox 3232 3533 3594 3605; x_wconf 80' lang='grc' dir='ltr'>μητροπόλεις</span> <span class='ocrx_word' id='word_1_686' title='bbox 3636 3530 3832 3599; x_wconf 68' lang='grc' dir='ltr'>ὲπίσηυ</span> 
     </span>
    </p>
   </div>
   <div class='ocr_carea' id='block_1_100' title="bbox 2250 3622 3835 3696">
    <p class='ocr_par' dir='ltr' id='par_1_100' title="bbox 2250 3622 3835 3696">
     <span class='ocr_line' id='line_1_100' title="bbox 2250 3622 3835 3696; baseline -0.004 -17"><span class='ocrx_word' id='word_1_687' title='bbox 2250 3643 2340 3695; x_wconf 85' lang='grc' dir='ltr'><strong>μοι</strong></span> <span class='ocrx_word' id='word_1_688' title='bbox 2380 3633 2474 3683; x_wconf 73' lang='grc' dir='ltr'>καὶ</span> <span class='ocrx_word' id='word_1_689' title='bbox 2503 3629 2655 3691; x_wconf 78' lang='grc' dir='ltr'>παρὰ</span> <span class='ocrx_word' id='word_1_690' title='bbox 2683 3630 2782 3693; x_wconf 82' lang='grc' dir='ltr'><strong>τάς</strong></span> <span class='ocrx_word' id='word_1_691' title='bbox 2814 3628 2978 3692; x_wconf 77' lang='grc' dir='ltr'>ἄλλας</span> <span class='ocrx_word' id='word_1_692' title='bbox 3011 3626 3118 3680; x_wconf 83' lang='grc' dir='ltr'><strong>τῶν</strong></span> <span class='ocrx_word' id='word_1_693' title='bbox 3147 3625 3336 3679; x_wconf 83' lang='grc' dir='ltr'>αύθόθι</span> <span class='ocrx_word' id='word_1_694' title='bbox 3365 3624 3718 3696; x_wconf 77' lang='grc' dir='ltr'>διαφέρουσαι</span> <span class='ocrx_word' id='word_1_695' title='bbox 3748 3622 3835 3692; x_wconf 80' lang='grc' dir='ltr'><strong>βε·</strong></span> 
     </span>
    </p>
   </div>
   <div class='ocr_carea' id='block_1_101' title="bbox 2253 3707 3831 3787">
    <p class='ocr_par' dir='ltr' id='par_1_101' title="bbox 2253 3707 3831 3787">
     <span class='ocr_line' id='line_1_101' title="bbox 2253 3707 3831 3787; baseline -0.003 -18"><span class='ocrx_word' id='word_1_696' title='bbox 2253 3717 2496 3787; x_wconf 73' lang='grc' dir='ltr'>εόηνται,</span> <span class='ocrx_word' id='word_1_697' title='bbox 2538 3718 2868 3786; x_wconf 88' lang='grc' dir='ltr'>Λούγδουνος</span> <span class='ocrx_word' id='word_1_698' title='bbox 2914 3717 3009 3770; x_wconf 78' lang='grc' dir='ltr'>καὶ</span> <span class='ocrx_word' id='word_1_699' title='bbox 3050 3715 3262 3775; x_wconf 87' lang='grc' dir='ltr'>Βίεννα,</span> <span class='ocrx_word' id='word_1_700' title='bbox 3305 3712 3374 3767; x_wconf 85' lang='grc' dir='ltr'>δι’</span> <span class='ocrx_word' id='word_1_701' title='bbox 3408 3707 3483 3767; x_wconf 83' lang='grc' dir='ltr'>ὧν</span> <span class='ocrx_word' id='word_1_702' title='bbox 3511 3711 3831 3782; x_wconf 70' lang='grc' dir='ltr'>ἀμφοτέρων</span> 
     </span>
    </p>
   </div>
   <div class='ocr_carea' id='block_1_102' title="bbox 2252 3800 3837 3881">
    <p class='ocr_par' dir='ltr' id='par_1_102' title="bbox 2252 3800 3837 3881">
     <span class='ocr_line' id='line_1_102' title="bbox 2252 3800 3837 3881; baseline -0.006 -17"><span class='ocrx_word' id='word_1_703' title='bbox 2252 3810 2349 3881; x_wconf 78' lang='grc' dir='ltr'>τὴν</span> <span class='ocrx_word' id='word_1_704' title='bbox 2394 3812 2573 3864; x_wconf 80' lang='grc' dir='ltr'>πᾶσαν</span> <span class='ocrx_word' id='word_1_705' title='bbox 2613 3808 2797 3881; x_wconf 82' lang='grc' dir='ltr'>χώραν</span> <span class='ocrx_word' id='word_1_706' title='bbox 2843 3806 3022 3878; x_wconf 84' lang='grc' dir='ltr'>πολλῷ</span> <span class='ocrx_word' id='word_1_707' title='bbox 3059 3804 3138 3876; x_wconf 83' lang='grc' dir='ltr'>τῷ</span> <span class='ocrx_word' id='word_1_708' title='bbox 3181 3804 3414 3877; x_wconf 82' lang='grc' dir='ltr'>ῥεύματι</span> <span class='ocrx_word' id='word_1_709' title='bbox 3454 3800 3760 3873; x_wconf 71' lang='grc' dir='ltr'>περιρρέων</span> <span class='ocrx_word' id='word_1_710' title='bbox 3806 3803 3837 3855; x_wconf 81' lang='grc' dir='ltr'><strong>ὁ</strong></span> 
     </span>
    </p>
   </div>
   <div class='ocr_carea' id='block_1_103' title="bbox 2263 3892 3840 3970">
    <p class='ocr_par' dir='ltr' id='par_1_103' title="bbox 2263 3892 3840 3970">
     <span class='ocr_line' id='line_1_103' title="bbox 2263 3892 3840 3970; baseline -0.006 -17"><span class='ocrx_word' id='word_1_711' title='bbox 2263 3894 2511 3965; x_wconf 81' lang='grc' dir='ltr'>Ῥοδανὸς</span> <span class='ocrx_word' id='word_1_712' title='bbox 2547 3899 2791 3970; x_wconf 78' lang='grc' dir='ltr'>ποταμὸς</span> <span class='ocrx_word' id='word_1_713' title='bbox 2830 3898 3074 3962; x_wconf 80' lang='grc' dir='ltr'>διέξεισι.</span> <span class='ocrx_word' id='word_1_714' title='bbox 3102 3897 3214 3968; x_wconf 84' lang='grc' dir='ltr'><strong>Τὴν</strong></span> <span class='ocrx_word' id='word_1_715' title='bbox 3256 3892 3351 3951; x_wconf 80' lang='grc' dir='ltr'>οὖν</span> <span class='ocrx_word' id='word_1_716' title='bbox 3393 3895 3522 3965; x_wconf 78' lang='grc' dir='ltr'>περὶ</span> <span class='ocrx_word' id='word_1_717' title='bbox 3556 3893 3664 3946; x_wconf 82' lang='grc' dir='ltr'><strong>τῶν</strong></span> <span class='ocrx_word' id='word_1_718' title='bbox 3696 3908 3840 3963; x_wconf 83' lang='grc' dir='ltr'>μαρ-</span> 
     </span>
    </p>
   </div>
   <div class='ocr_carea' id='block_1_104' title="bbox 2247 3983 3839 4065">
    <p class='ocr_par' dir='ltr' id='par_1_104' title="bbox 2247 3983 3839 4065">
     <span class='ocr_line' id='line_1_104' title="bbox 2247 3983 3839 4065; baseline -0.006 -21"><span class='ocrx_word' id='word_1_719' title='bbox 2247 3990 2426 4065; x_wconf 85' lang='grc' dir='ltr'>τύρων</span> <span class='ocrx_word' id='word_1_720' title='bbox 2452 3991 2669 4063; x_wconf 77' lang='grc' dir='ltr'>γραφὴν</span> <span class='ocrx_word' id='word_1_721' title='bbox 2690 3991 2747 4045; x_wconf 75' lang='grc' dir='ltr'><strong>αἱ</strong></span> <span class='ocrx_word' id='word_1_722' title='bbox 2772 3990 2899 4061; x_wconf 81' lang='grc' dir='ltr'>τῇδε</span> <span class='ocrx_word' id='word_1_723' title='bbox 2925 3987 3346 4060; x_wconf 83' lang='grc' dir='ltr'>διαφανέσταται</span> <span class='ocrx_word' id='word_1_724' title='bbox 3379 3983 3695 4055; x_wconf 86' lang='grc' dir='ltr'>Ἐκκλησίαι</span> <span class='ocrx_word' id='word_1_725' title='bbox 3718 3985 3839 4045; x_wconf 80' lang='grc' dir='ltr'>ταῖς</span> 
     </span>
    </p>
   </div>
   <div class='ocr_carea' id='block_1_105' title="bbox 2252 4068 3833 4147">
    <p class='ocr_par' dir='ltr' id='par_1_105' title="bbox 2252 4068 3833 4147">
     <span class='ocr_line' id='line_1_105' title="bbox 2252 4068 3833 4147; baseline -0.001 -24"><span class='ocrx_word' id='word_1_726' title='bbox 2252 4075 2392 4126; x_wconf 83' lang='grc' dir='ltr'>κατὰ</span> <span class='ocrx_word' id='word_1_727' title='bbox 2419 4076 2517 4147; x_wconf 73' lang='grc' dir='ltr'>τὴν</span> <span class='ocrx_word' id='word_1_728' title='bbox 2558 4076 2743 4127; x_wconf 81' lang='grc' dir='ltr'>Ἀσίαν</span> <span class='ocrx_word' id='word_1_729' title='bbox 2770 4077 2863 4128; x_wconf 84' lang='grc' dir='ltr'><strong>καί</strong></span> <span class='ocrx_word' id='word_1_730' title='bbox 2885 4075 3125 4146; x_wconf 83' lang='grc' dir='ltr'>Φρυγίαν</span> <span class='ocrx_word' id='word_1_731' title='bbox 3150 4073 3571 4143; x_wconf 78' lang='grc' dir='ltr'>διαπέμπονται,</span> <span class='ocrx_word' id='word_1_732' title='bbox 3605 4073 3674 4123; x_wconf 78' lang='grc' dir='ltr'><strong>τά</strong></span> <span class='ocrx_word' id='word_1_733' title='bbox 3703 4068 3833 4140; x_wconf 80' lang='grc' dir='ltr'>παρ’</span> 
     </span>
    </p>
   </div>
   <div class='ocr_carea' id='block_1_106' title="bbox 2251 4161 3831 4237">
    <p class='ocr_par' dir='ltr' id='par_1_106' title="bbox 2251 4161 3831 4237">
     <span class='ocr_line' id='line_1_106' title="bbox 2251 4161 3831 4237; baseline 0 -21"><span class='ocrx_word' id='word_1_734' title='bbox 2251 4165 2443 4228; x_wconf 83' lang='grc' dir='ltr'>αὑταῖς</span> <span class='ocrx_word' id='word_1_735' title='bbox 2477 4165 2809 4237; x_wconf 81' lang='grc' dir='ltr'>πραχθέντα,</span> <span class='ocrx_word' id='word_1_736' title='bbox 2844 4165 3034 4219; x_wconf 76' lang='grc' dir='ltr'>τοῦτον</span> <span class='ocrx_word' id='word_1_737' title='bbox 3066 4164 3442 4236; x_wconf 80' lang='grc' dir='ltr'>ἀνιστοροῦσαι</span> <span class='ocrx_word' id='word_1_738' title='bbox 3482 4161 3575 4216; x_wconf 76' lang='grc' dir='ltr'>τὸν</span> <span class='ocrx_word' id='word_1_739' title='bbox 3606 4161 3831 4233; x_wconf 83' lang='grc' dir='ltr'>τρόπον.</span> 
     </span>
    </p>
   </div>
   <div class='ocr_carea' id='block_1_107' title="bbox 2252 4251 3832 4328">
    <p class='ocr_par' dir='ltr' id='par_1_107' title="bbox 2252 4251 3832 4328">
     <span class='ocr_line' id='line_1_107' title="bbox 2252 4251 3832 4328; baseline -0.002 -20"><span class='ocrx_word' id='word_1_740' title='bbox 2252 4256 2649 4328; x_wconf 86' lang='grc' dir='ltr'>Παραθήσομαι</span> <span class='ocrx_word' id='word_1_741' title='bbox 2682 4259 2741 4312; x_wconf 80' lang='grc' dir='ltr'>δὲ</span> <span class='ocrx_word' id='word_1_742' title='bbox 2778 4257 2876 4322; x_wconf 83' lang='grc' dir='ltr'>τὰς</span> <span class='ocrx_word' id='word_1_743' title='bbox 2905 4251 3094 4312; x_wconf 77' lang='grc' dir='ltr'>αὐτῶν</span> <span class='ocrx_word' id='word_1_744' title='bbox 3118 4258 3335 4327; x_wconf 77' lang='grc' dir='ltr'>φωνάς·</span> <span class='ocrx_word' id='word_1_745' title='bbox 3388 4278 3406 4309; x_wconf 78' lang='grc' dir='ltr'><strong>ι</strong></span> <span class='ocrx_word' id='word_1_746' title='bbox 3444 4258 3508 4310; x_wconf 78' lang='grc' dir='ltr'><strong>Οἱ</strong></span> <span class='ocrx_word' id='word_1_747' title='bbox 3546 4257 3605 4309; x_wconf 82' lang='grc' dir='ltr'>ὲν</span> <span class='ocrx_word' id='word_1_748' title='bbox 3638 4254 3832 4324; x_wconf 83' lang='grc' dir='ltr'>Βιέννῃ</span> 
     </span>
    </p>
   </div>
   <div class='ocr_carea' id='block_1_108' title="bbox 2250 4344 3832 4422">
    <p class='ocr_par' dir='ltr' id='par_1_108' title="bbox 2250 4344 3832 4422">
     <span class='ocr_line' id='line_1_108' title="bbox 2250 4344 3832 4422; baseline -0.002 -21"><span class='ocrx_word' id='word_1_749' title='bbox 2250 4349 2343 4401; x_wconf 66' lang='grc' dir='ltr'><strong>κα)⁸</strong></span> <span class='ocrx_word' id='word_1_750' title='bbox 2374 4349 2695 4420; x_wconf 82' lang='grc' dir='ltr'>Λουγδούνῳ</span> <span class='ocrx_word' id='word_1_751' title='bbox 2722 4349 2831 4421; x_wconf 79' lang='grc'><strong>(75)</strong></span> <span class='ocrx_word' id='word_1_752' title='bbox 2861 4350 2958 4421; x_wconf 81' lang='grc' dir='ltr'><strong>τῆς</strong></span> <span class='ocrx_word' id='word_1_753' title='bbox 2979 4349 3207 4415; x_wconf 87' lang='grc' dir='ltr'>Γαλλίας</span> <span class='ocrx_word' id='word_1_754' title='bbox 3237 4347 3629 4422; x_wconf 81' lang='grc' dir='ltr'>παροικοῦντες</span> <span class='ocrx_word' id='word_1_755' title='bbox 3655 4344 3832 4401; x_wconf 81' lang='grc' dir='ltr'>δοῦλοι</span> 
     </span>
    </p>
   </div>
   <div class='ocr_carea' id='block_1_109' title="bbox 2319 4458 3833 4536">
    <p class='ocr_par' dir='ltr' id='par_1_109' title="bbox 2319 4458 3833 4536">
     <span class='ocr_line' id='line_1_109' title="bbox 2319 4458 3833 4536; baseline -0.006 -17"><span class='ocrx_word' id='word_1_756' title='bbox 2319 4463 2433 4536; x_wconf 74' lang='grc'><strong>(74)</strong></span> <span class='ocrx_word' id='word_1_757' title='bbox 2474 4463 2586 4536; x_wconf 78' lang='grc' dir='ltr'><strong>Τοῦ</strong></span> <span class='ocrx_word' id='word_1_758' title='bbox 2615 4464 2766 4519; x_wconf 81' lang='grc' dir='ltr'>κατὰ</span> <span class='ocrx_word' id='word_1_759' title='bbox 2821 4462 2970 4517; x_wconf 80' lang='grc' dir='ltr'>Θεὸν</span> <span class='ocrx_word' id='word_1_760' title='bbox 3003 4461 3457 4536; x_wconf 57' lang='grc' dir='ltr'>πολιτεύματος.</span> <span class='ocrx_word' id='word_1_761' title='bbox 3492 4458 3833 4536; x_wconf 60' lang='grc' dir='ltr'>Νἰιιςυιιθτιιξ</span> 
     </span>
    </p>
   </div>
   <div class='ocr_carea' id='block_1_110' title="bbox 2250 4528 3831 4605">
    <p class='ocr_par' dir='ltr' id='par_1_110' title="bbox 2250 4528 3831 4605">
     <span class='ocr_line' id='line_1_110' title="bbox 2250 4528 3831 4605; baseline -0.001 -21"><span class='ocrx_word' id='word_1_762' title='bbox 2250 4534 2302 4587; x_wconf 91' lang='lat' dir='ltr'><strong>in</strong></span> <span class='ocrx_word' id='word_1_763' title='bbox 2327 4528 2459 4605; x_wconf 56' lang='lat' dir='ltr'><strong>&#39;eap.</strong></span> <span class='ocrx_word' id='word_1_764' title='bbox 2495 4535 2584 4605; x_wconf 12' lang='lat'><strong>176,</strong></span> <span class='ocrx_word' id='word_1_765' title='bbox 2631 4536 2724 4588; x_wconf 90' lang='lat' dir='ltr'><strong>lib.</strong></span> <span class='ocrx_word' id='word_1_766' title='bbox 2762 4549 2850 4605; x_wconf 75' lang='lat' dir='ltr'><strong>Iv,_</strong></span> <span class='ocrx_word' id='word_1_767' title='bbox 2868 4548 2965 4601; x_wconf 91' lang='lat' dir='ltr'><strong>pro</strong></span> <span class='ocrx_word' id='word_1_768' title='bbox 3000 4532 3086 4586; x_wconf 85' lang='lat' dir='ltr'><strong>his</strong></span> <span class='ocrx_word' id='word_1_769' title='bbox 3110 4528 3301 4605; x_wconf 64' lang='lat' dir='ltr'><strong>verbis</strong></span> <span class='ocrx_word' id='word_1_770' title='bbox 3354 4532 3534 4605; x_wconf 78' lang='lat' dir='ltr'><strong>habet.</strong></span> <span class='ocrx_word' id='word_1_771' title='bbox 3573 4529 3674 4605; x_wconf 80' lang='grc' dir='ltr'>τῆς</span> <span class='ocrx_word' id='word_1_772' title='bbox 3709 4528 3831 4583; x_wconf 85' lang='grc' dir='ltr'>καθ’</span> 
     </span>
    </p>
   </div>
   <div class='ocr_carea' id='block_1_111' title="bbox 2247 4601 3833 4676">
    <p class='ocr_par' dir='ltr' id='par_1_111' title="bbox 2247 4601 3833 4676">
     <span class='ocr_line' id='line_1_111' title="bbox 2247 4601 3833 4676; baseline -0.005 -15"><span class='ocrx_word' id='word_1_773' title='bbox 2247 4601 2418 4676; x_wconf 59' lang='grc' dir='ltr'>ἡμᾶς’</span> <span class='ocrx_word' id='word_1_774' title='bbox 2446 4604 2741 4669; x_wconf 80' lang='grc' dir='ltr'>πολιτείας,</span> <span class='ocrx_word' id='word_1_775' title='bbox 2804 4603 2854 4658; x_wconf 86' lang='lat' dir='ltr'><strong>id</strong></span> <span class='ocrx_word' id='word_1_776' title='bbox 2913 4612 2998 4656; x_wconf 86' lang='lat' dir='ltr'><strong>est</strong></span> <span class='ocrx_word' id='word_1_777' title='bbox 3041 4601 3345 4676; x_wconf 59' lang='lat' dir='ltr'><strong>reipublirtz</strong></span> <span class='ocrx_word' id='word_1_778' title='bbox 3395 4601 3735 4676; x_wconf 46' lang='lat' dir='ltr'><strong>Christiane,</strong></span> <span class='ocrx_word' id='word_1_779' title='bbox 3772 4610 3833 4653; x_wconf 81' lang='lat' dir='ltr'><strong>ut.</strong></span> 
     </span>
    </p>
   </div>
   <div class='ocr_carea' id='block_1_112' title="bbox 2249 4672 3829 4743">
    <p class='ocr_par' dir='ltr' id='par_1_112' title="bbox 2249 4672 3829 4743">
     <span class='ocr_line' id='line_1_112' title="bbox 2249 4672 3829 4743; baseline -0.004 -15"><span class='ocrx_word' id='word_1_780' title='bbox 2249 4672 2595 4743; x_wconf 76' lang='lat' dir='ltr'><strong>interpretati</strong></span> <span class='ocrx_word' id='word_1_781' title='bbox 2653 4690 2866 4729; x_wconf 82' lang='lat' dir='ltr'><strong>sumus.</strong></span> <span class='ocrx_word' id='word_1_782' title='bbox 2919 4676 2988 4726; x_wconf 78' lang='lat' dir='ltr'><strong>At</strong></span> <span class='ocrx_word' id='word_1_783' title='bbox 3032 4672 3563 4743; x_wconf 78' lang='lat' dir='ltr'><strong>Chrismphorsonus</strong></span> <span class='ocrx_word' id='word_1_784' title='bbox 3593 4672 3829 4743; x_wconf 73' lang='lat' dir='ltr'><strong>divinant</strong></span> 
     </span>
    </p>
   </div>
   <div class='ocr_carea' id='block_1_113' title="bbox 2247 4740 3832 4807">
    <p class='ocr_par' dir='ltr' id='par_1_113' title="bbox 2247 4740 3832 4807">
     <span class='ocr_line' id='line_1_113' title="bbox 2247 4740 3832 4807; baseline -0.005 -10"><span class='ocrx_word' id='word_1_785' title='bbox 2247 4740 2447 4799; x_wconf 67' lang='lat' dir='ltr'><strong>vivendi</strong></span> <span class='ocrx_word' id='word_1_786' title='bbox 2475 4747 2732 4799; x_wconf 86' lang='lat' dir='ltr'><strong>rationem</strong></span> <span class='ocrx_word' id='word_1_787' title='bbox 2757 4745 2942 4805; x_wconf 86' lang='lat' dir='ltr'><strong>vertit,</strong></span> <span class='ocrx_word' id='word_1_788' title='bbox 2976 4743 3118 4807; x_wconf 86' lang='lat' dir='ltr'><strong>quod</strong></span> <span class='ocrx_word' id='word_1_789' title='bbox 3155 4757 3259 4794; x_wconf 91' lang='lat' dir='ltr'><strong>non</strong></span> <span class='ocrx_word' id='word_1_790' title='bbox 3292 4742 3491 4807; x_wconf 76' lang='lat' dir='ltr'><strong>placet.</strong></span> <span class='ocrx_word' id='word_1_791' title='bbox 3539 4740 3592 4792; x_wconf 91' lang='lat' dir='ltr'><strong>In</strong></span> <span class='ocrx_word' id='word_1_792' title='bbox 3622 4740 3832 4792; x_wconf 80' lang='lat' dir='ltr'><strong>codici-</strong></span> 
     </span>
    </p>
   </div>
   <div class='ocr_carea' id='block_1_114' title="bbox 2248 4809 3832 4875">
    <p class='ocr_par' dir='ltr' id='par_1_114' title="bbox 2248 4809 3832 4875">
     <span class='ocr_line' id='line_1_114' title="bbox 2248 4809 3832 4875; baseline -0.003 -9"><span class='ocrx_word' id='word_1_793' title='bbox 2248 4815 2346 4867; x_wconf 84' lang='lat' dir='ltr'><strong>bus</strong></span> <span class='ocrx_word' id='word_1_794' title='bbox 2372 4816 2575 4870; x_wconf 79' lang='lat' dir='ltr'><strong>nostris</strong></span> <span class='ocrx_word' id='word_1_795' title='bbox 2603 4813 2943 4875; x_wconf 80' lang='lat' dir='ltr'><strong>Maz.,Med..</strong></span> <span class='ocrx_word' id='word_1_796' title='bbox 2980 4811 3112 4864; x_wconf 76' lang='lat' dir='ltr'><strong>Fuk.</strong></span> <span class='ocrx_word' id='word_1_797' title='bbox 3145 4822 3195 4862; x_wconf 85' lang='lat' dir='ltr'><strong>et</strong></span> <span class='ocrx_word' id='word_1_798' title='bbox 3232 4813 3281 4862; x_wconf 88' lang='lat' dir='ltr'><strong>in</strong></span> <span class='ocrx_word' id='word_1_799' title='bbox 3312 4811 3442 4865; x_wconf 83' lang='lat' dir='ltr'><strong>Sav.</strong></span> <span class='ocrx_word' id='word_1_800' title='bbox 3474 4809 3543 4861; x_wconf 83' lang='lat' dir='ltr'><strong>ita</strong></span> <span class='ocrx_word' id='word_1_801' title='bbox 3570 4809 3832 4861; x_wconf 77' lang='lat' dir='ltr'><strong>scribitur</strong></span> 
     </span>
    </p>
   </div>
   <div class='ocr_carea' id='block_1_115' title="bbox 2247 4878 3832 4953">
    <p class='ocr_par' dir='ltr' id='par_1_115' title="bbox 2247 4878 3832 4953">
     <span class='ocr_line' id='line_1_115' title="bbox 2247 4878 3832 4953; baseline -0.003 -17"><span class='ocrx_word' id='word_1_802' title='bbox 2247 4884 2336 4938; x_wconf 86' lang='lat' dir='ltr'><strong>hic</strong></span> <span class='ocrx_word' id='word_1_803' title='bbox 2366 4885 2515 4940; x_wconf 89' lang='lat' dir='ltr'><strong>locus</strong></span> <span class='ocrx_word' id='word_1_804' title='bbox 2542 4902 2556 4937; x_wconf 75' lang='grc' dir='ltr'><strong>ι</strong></span> <span class='ocrx_word' id='word_1_805' title='bbox 2598 4886 2657 4937; x_wconf 90' lang='grc' dir='ltr'>Ὀ</span> <span class='ocrx_word' id='word_1_806' title='bbox 2677 4884 2734 4937; x_wconf 88' lang='grc' dir='ltr'><strong>δέ</strong></span> <span class='ocrx_word' id='word_1_807' title='bbox 2763 4901 2827 4952; x_wconf 88' lang='grc' dir='ltr'><strong>γε</strong></span> <span class='ocrx_word' id='word_1_808' title='bbox 2868 4883 2995 4953; x_wconf 74' lang='grc' dir='ltr'>περὶ</span> <span class='ocrx_word' id='word_1_809' title='bbox 3024 4880 3119 4953; x_wconf 64' lang='grc' dir='ltr'><strong>τοῦ</strong></span> <span class='ocrx_word' id='word_1_810' title='bbox 3154 4880 3277 4933; x_wconf 79' lang='grc' dir='ltr'>καθ’</span> <span class='ocrx_word' id='word_1_811' title='bbox 3316 4881 3463 4950; x_wconf 80' lang='grc' dir='ltr'>ἡμᾶς</span> <span class='ocrx_word' id='word_1_812' title='bbox 3502 4878 3832 4953; x_wconf 63' lang='grc' dir='ltr'>πολιτεύματ-</span> 
     </span>
    </p>
   </div>
   <div class='ocr_carea' id='block_1_116' title="bbox 2244 4950 3826 5023">
    <p class='ocr_par' dir='ltr' id='par_1_116' title="bbox 2244 4950 3826 5023">
     <span class='ocr_line' id='line_1_116' title="bbox 2244 4950 3826 5023; baseline -0.004 -16"><span class='ocrx_word' id='word_1_813' title='bbox 2244 4972 2357 5019; x_wconf 89' lang='grc' dir='ltr'>τος,</span> <span class='ocrx_word' id='word_1_814' title='bbox 2399 4965 2533 5018; x_wconf 57' lang='grc' dir='ltr'>τις..</span> <span class='ocrx_word' id='word_1_815' title='bbox 2583 4950 2896 5023; x_wconf 80' lang='lat' dir='ltr'><strong>quanquam</strong></span> <span class='ocrx_word' id='word_1_816' title='bbox 2945 4950 3003 5005; x_wconf 78' lang='lat' dir='ltr'><strong>in</strong></span> <span class='ocrx_word' id='word_1_817' title='bbox 3060 4951 3203 5006; x_wconf 77' lang='lat' dir='ltr'><strong>Med.</strong></span> <span class='ocrx_word' id='word_1_818' title='bbox 3268 4957 3489 5019; x_wconf 73' lang='lat' dir='ltr'><strong>vulgata</strong></span> <span class='ocrx_word' id='word_1_819' title='bbox 3557 4950 3721 5004; x_wconf 85' lang='lat' dir='ltr'><strong>lectio</strong></span> <span class='ocrx_word' id='word_1_820' title='bbox 3756 4951 3826 5002; x_wconf 85' lang='lat' dir='ltr'><strong>ad</strong></span> 
     </span>
    </p>
   </div>
   <div class='ocr_carea' id='block_1_117' title="bbox 2248 5025 2954 5092">
    <p class='ocr_par' dir='ltr' id='par_1_117' title="bbox 2248 5025 2954 5092">
     <span class='ocr_line' id='line_1_117' title="bbox 2248 5025 2954 5092; baseline -0.004 -14"><span class='ocrx_word' id='word_1_821' title='bbox 2248 5026 2550 5089; x_wconf 68' lang='lat' dir='ltr'><strong>marginem</strong></span> <span class='ocrx_word' id='word_1_822' title='bbox 2583 5025 2827 5092; x_wconf 74' lang='lat' dir='ltr'><strong>apposita</strong></span> <span class='ocrx_word' id='word_1_823' title='bbox 2852 5033 2954 5075; x_wconf 75' lang='lat' dir='ltr'><strong>est.</strong></span> 
     </span>
    </p>
   </div>
   <div class='ocr_carea' id='block_1_118' title="bbox 2318 5087 3833 5163">
    <p class='ocr_par' dir='ltr' id='par_1_118' title="bbox 2318 5087 3833 5163">
     <span class='ocr_line' id='line_1_118' title="bbox 2318 5087 3833 5163; baseline -0.004 -16"><span class='ocrx_word' id='word_1_824' title='bbox 2318 5087 2432 5163; x_wconf 74' lang='lat'><strong>(75)</strong></span> <span class='ocrx_word' id='word_1_825' title='bbox 2466 5097 2531 5147; x_wconf 79' lang='lat' dir='ltr'><strong>Ol</strong></span> <span class='ocrx_word' id='word_1_826' title='bbox 2561 5087 2631 5147; x_wconf 61' lang='grc' dir='ltr'>ἐκ</span> <span class='ocrx_word' id='word_1_827' title='bbox 2657 5087 2882 5161; x_wconf 64' lang='grc' dir='ltr'>’Βιέννῃ</span> <span class='ocrx_word' id='word_1_828' title='bbox 2924 5091 3023 5145; x_wconf 77' lang='grc' dir='ltr'>καὶ</span> <span class='ocrx_word' id='word_1_829' title='bbox 3079 5089 3457 5163; x_wconf 76' lang='grc' dir='ltr'>Λουτδούνῳ.</span> <span class='ocrx_word' id='word_1_830' title='bbox 3502 5087 3702 5163; x_wconf 74' lang='lat' dir='ltr'><strong>Duplex</strong></span> <span class='ocrx_word' id='word_1_831' title='bbox 3742 5088 3833 5163; x_wconf 80' lang='lat' dir='ltr'><strong>hic</strong></span> 
     </span>
    </p>
   </div>
   <div class='ocr_carea' id='block_1_119' title="bbox 2245 5160 3831 5229">
    <p class='ocr_par' dir='ltr' id='par_1_119' title="bbox 2245 5160 3831 5229">
     <span class='ocr_line' id='line_1_119' title="bbox 2245 5160 3831 5229; baseline -0.003 -12"><span class='ocrx_word' id='word_1_832' title='bbox 2245 5160 2477 5229; x_wconf 57' lang='lat' dir='ltr'><strong>quaestio</strong></span> <span class='ocrx_word' id='word_1_833' title='bbox 2502 5165 2700 5217; x_wconf 89' lang='lat' dir='ltr'><strong>oritur.</strong></span> <span class='ocrx_word' id='word_1_834' title='bbox 2733 5160 2938 5223; x_wconf 86' lang='lat' dir='ltr'><strong>Prima,</strong></span> <span class='ocrx_word' id='word_1_835' title='bbox 2977 5178 3073 5215; x_wconf 78' lang='lat' dir='ltr'><strong>cur</strong></span> <span class='ocrx_word' id='word_1_836' title='bbox 3102 5162 3216 5215; x_wconf 81' lang='lat' dir='ltr'><strong>ha-c</strong></span> <span class='ocrx_word' id='word_1_837' title='bbox 3243 5162 3473 5224; x_wconf 84' lang='lat' dir='ltr'><strong>epistola</strong></span> <span class='ocrx_word' id='word_1_838' title='bbox 3513 5160 3831 5229; x_wconf 76' lang='lat' dir='ltr'><strong>scripta_sit</strong></span> 
     </span>
    </p>
   </div>
   <div class='ocr_carea' id='block_1_120' title="bbox 2245 5224 3842 5299">
    <p class='ocr_par' dir='ltr' id='par_1_120' title="bbox 2245 5224 3842 5299">
     <span class='ocr_line' id='line_1_120' title="bbox 2245 5224 3842 5299; baseline -0.006 -12"><span class='ocrx_word' id='word_1_839' title='bbox 2245 5224 2580 5299; x_wconf 71' lang='lat' dir='ltr'><strong>coniunctim</strong></span> <span class='ocrx_word' id='word_1_840' title='bbox 2630 5249 2660 5286; x_wconf 91' lang='lat' dir='ltr'><strong>a</strong></span> <span class='ocrx_word' id='word_1_841' title='bbox 2704 5234 2913 5287; x_wconf 90' lang='lat' dir='ltr'><strong>duabus</strong></span> <span class='ocrx_word' id='word_1_842' title='bbox 2948 5232 3229 5293; x_wconf 76' lang='lat' dir='ltr'><strong>Ecclesiis,</strong></span> <span class='ocrx_word' id='word_1_843' title='bbox 3268 5229 3554 5283; x_wconf 85' lang='lat' dir='ltr'><strong>Viennensi</strong></span> <span class='ocrx_word' id='word_1_844' title='bbox 3603 5224 3673 5299; x_wconf 77' lang='lat' dir='ltr'><strong>ac</strong></span> <span class='ocrx_word' id='word_1_845' title='bbox 3729 5224 3842 5299; x_wconf 51' lang='lat' dir='ltr'><strong>hu-</strong></span> 
     </span>
    </p>
   </div>
   <div class='ocr_carea' id='block_1_121' title="bbox 2245 5297 3829 5373">
    <p class='ocr_par' dir='ltr' id='par_1_121' title="bbox 2245 5297 3829 5373">
     <span class='ocr_line' id='line_1_121' title="bbox 2245 5297 3829 5373; baseline -0.004 -17"><span class='ocrx_word' id='word_1_846' title='bbox 2245 5297 2533 5373; x_wconf 74' lang='lat' dir='ltr'><strong>gdunensi.</strong></span> <span class='ocrx_word' id='word_1_847' title='bbox 2571 5304 2775 5358; x_wconf 80' lang='lat' dir='ltr'><strong>Altera.</strong></span> <span class='ocrx_word' id='word_1_848' title='bbox 2808 5319 2908 5357; x_wconf 91' lang='lat' dir='ltr'><strong>cur</strong></span> <span class='ocrx_word' id='word_1_849' title='bbox 2942 5302 3082 5357; x_wconf 87' lang='lat' dir='ltr'><strong>Galli</strong></span> <span class='ocrx_word' id='word_1_850' title='bbox 3110 5300 3297 5373; x_wconf 64' lang='lat' dir='ltr'><strong>Grgrce</strong></span> <span class='ocrx_word' id='word_1_851' title='bbox 3343 5297 3675 5373; x_wconf 58' lang='lat' dir='ltr'><strong>scribantad</strong></span> <span class='ocrx_word' id='word_1_852' title='bbox 3728 5297 3829 5350; x_wconf 78' lang='lat' dir='ltr'><strong>Ec-</strong></span> 
     </span>
    </p>
   </div>
   <div class='ocr_carea' id='block_1_122' title="bbox 2244 5369 3829 5444">
    <p class='ocr_par' dir='ltr' id='par_1_122' title="bbox 2244 5369 3829 5444">
     <span class='ocr_line' id='line_1_122' title="bbox 2244 5369 3829 5444; baseline -0.004 -20"><span class='ocrx_word' id='word_1_853' title='bbox 2244 5369 2440 5428; x_wconf 74' lang='lat' dir='ltr'><strong>clesias</strong></span> <span class='ocrx_word' id='word_1_854' title='bbox 2469 5376 2614 5429; x_wconf 74' lang='lat' dir='ltr'><strong>Asia:</strong></span> <span class='ocrx_word' id='word_1_855' title='bbox 2643 5386 2697 5429; x_wconf 87' lang='lat' dir='ltr'><strong>et</strong></span> <span class='ocrx_word' id='word_1_856' title='bbox 2715 5374 2979 5444; x_wconf 58' lang='lat' dir='ltr'><strong>Phrygiae.</strong></span> <span class='ocrx_word' id='word_1_857' title='bbox 3017 5383 3071 5426; x_wconf 88' lang='lat' dir='ltr'><strong>et</strong></span> <span class='ocrx_word' id='word_1_858' title='bbox 3094 5371 3533 5444; x_wconf 75' lang='lat' dir='ltr'><strong>adEleutherum</strong></span> <span class='ocrx_word' id='word_1_859' title='bbox 3568 5369 3829 5444; x_wconf 64' lang='lat' dir='ltr'><strong>[initiatus</strong></span> 
     </span>
    </p>
   </div>
   <div class='ocr_carea' id='block_1_123' title="bbox 2248 5438 3825 5515">
    <p class='ocr_par' dir='ltr' id='par_1_123' title="bbox 2248 5438 3825 5515">
     <span class='ocr_line' id='line_1_123' title="bbox 2248 5438 3825 5515; baseline -0.006 -18"><span class='ocrx_word' id='word_1_860' title='bbox 2248 5446 2398 5498; x_wconf 85' lang='lat' dir='ltr'><strong>urbis</strong></span> <span class='ocrx_word' id='word_1_861' title='bbox 2431 5447 2766 5515; x_wconf 81' lang='lat' dir='ltr'><strong>episcopum.</strong></span> <span class='ocrx_word' id='word_1_862' title='bbox 2800 5438 2955 5510; x_wconf 72' lang='lat' dir='ltr'><strong>Quod</strong></span> <span class='ocrx_word' id='word_1_863' title='bbox 2994 5445 3059 5496; x_wconf 87' lang='lat' dir='ltr'><strong>ad</strong></span> <span class='ocrx_word' id='word_1_864' title='bbox 3095 5440 3576 5515; x_wconf 59' lang='lat' dir='ltr'><strong>primamattittet.</strong></span> <span class='ocrx_word' id='word_1_865' title='bbox 3614 5438 3825 5515; x_wconf 69' lang='lat' dir='ltr'><strong>boeid-</strong></span> 
     </span>
    </p>
   </div>
   <div class='ocr_carea' id='block_1_124' title="bbox 2246 5507 3825 5580">
    <p class='ocr_par' dir='ltr' id='par_1_124' title="bbox 2246 5507 3825 5580">
     <span class='ocr_line' id='line_1_124' title="bbox 2246 5507 3825 5580; baseline -0.004 -15"><span class='ocrx_word' id='word_1_866' title='bbox 2246 5518 2394 5567; x_wconf 78' lang='lat' dir='ltr'><strong>circo</strong></span> <span class='ocrx_word' id='word_1_867' title='bbox 2424 5507 2632 5569; x_wconf 75' lang='lat' dir='ltr'><strong>factum</strong></span> <span class='ocrx_word' id='word_1_868' title='bbox 2655 5507 2931 5575; x_wconf 74' lang='lat' dir='ltr'><strong>existimo,</strong></span> <span class='ocrx_word' id='word_1_869' title='bbox 2964 5507 3108 5580; x_wconf 86' lang='lat' dir='ltr'><strong>quod</strong></span> <span class='ocrx_word' id='word_1_870' title='bbox 3150 5511 3403 5564; x_wconf 78' lang='lat' dir='ltr'><strong>Ecclesia:</strong></span> <span class='ocrx_word' id='word_1_871' title='bbox 3435 5507 3825 5561; x_wconf 69' lang='lat' dir='ltr'><strong>Viennensium</strong></span> 
     </span>
    </p>
   </div>
   <div class='ocr_carea' id='block_1_125' title="bbox 2245 5580 3827 5655">
    <p class='ocr_par' dir='ltr' id='par_1_125' title="bbox 2245 5580 3827 5655">
     <span class='ocr_line' id='line_1_125' title="bbox 2245 5580 3827 5655; baseline -0.004 -18"><span class='ocrx_word' id='word_1_872' title='bbox 2245 5600 2309 5637; x_wconf 86' lang='lat' dir='ltr'><strong>ac</strong></span> <span class='ocrx_word' id='word_1_873' title='bbox 2337 5584 2800 5655; x_wconf 77' lang='lat' dir='ltr'><strong>Lugdunensium,</strong></span> <span class='ocrx_word' id='word_1_874' title='bbox 2852 5600 2960 5638; x_wconf 87' lang='lat' dir='ltr'><strong>non</strong></span> <span class='ocrx_word' id='word_1_875' title='bbox 3011 5581 3320 5655; x_wconf 88' lang='lat' dir='ltr'><strong>modo_loci</strong></span> <span class='ocrx_word' id='word_1_876' title='bbox 3375 5580 3676 5655; x_wconf 66' lang='lat' dir='ltr'><strong>vicinitate,</strong></span> <span class='ocrx_word' id='word_1_877' title='bbox 3729 5591 3827 5631; x_wconf 68' lang='lat' dir='ltr'><strong>seu</strong></span> 
     </span>
    </p>
   </div>
   <div class='ocr_carea' id='block_1_126' title="bbox 2246 5649 3823 5720">
    <p class='ocr_par' dir='ltr' id='par_1_126' title="bbox 2246 5649 3823 5720">
     <span class='ocr_line' id='line_1_126' title="bbox 2246 5649 3823 5720; baseline -0.004 -12"><span class='ocrx_word' id='word_1_878' title='bbox 2246 5657 2406 5709; x_wconf 84' lang='lat' dir='ltr'><strong>etiam</strong></span> <span class='ocrx_word' id='word_1_879' title='bbox 2423 5649 2597 5708; x_wconf 69' lang='lat' dir='ltr'><strong>inutui</strong></span> <span class='ocrx_word' id='word_1_880' title='bbox 2625 5657 2827 5709; x_wconf 80' lang='lat' dir='ltr'><strong>autoris</strong></span> <span class='ocrx_word' id='word_1_881' title='bbox 2851 5656 3064 5707; x_wconf 87' lang='lat' dir='ltr'><strong>vinculo</strong></span> <span class='ocrx_word' id='word_1_882' title='bbox 3089 5652 3389 5720; x_wconf 59' lang='lat' dir='ltr'><strong>conjuncta</strong></span> <span class='ocrx_word' id='word_1_883' title='bbox 3415 5659 3593 5702; x_wconf 86' lang='lat' dir='ltr'><strong>erant.</strong></span> <span class='ocrx_word' id='word_1_884' title='bbox 3618 5649 3676 5701; x_wconf 67' lang='lat' dir='ltr'><strong>Iit</strong></span> <span class='ocrx_word' id='word_1_885' title='bbox 3697 5661 3823 5720; x_wconf 73' lang='lat' dir='ltr'><strong>cuit!</strong></span> 
     </span>
    </p>
   </div>
   <div class='ocr_carea' id='block_1_127' title="bbox 2246 5719 3839 5792">
    <p class='ocr_par' dir='ltr' id='par_1_127' title="bbox 2246 5719 3839 5792">
     <span class='ocr_line' id='line_1_127' title="bbox 2246 5719 3839 5792; baseline -0.004 -14"><span class='ocrx_word' id='word_1_886' title='bbox 2246 5725 2301 5778; x_wconf 89' lang='lat' dir='ltr'><strong>in</strong></span> <span class='ocrx_word' id='word_1_887' title='bbox 2347 5726 2536 5780; x_wconf 87' lang='lat' dir='ltr'><strong>eadem</strong></span> <span class='ocrx_word' id='word_1_888' title='bbox 2584 5725 2958 5792; x_wconf 79' lang='lat' dir='ltr'><strong>persecutione</strong></span> <span class='ocrx_word' id='word_1_889' title='bbox 2994 5720 3155 5792; x_wconf 85' lang='lat' dir='ltr'><strong>simul</strong></span> <span class='ocrx_word' id='word_1_890' title='bbox 3187 5719 3581 5792; x_wconf 81' lang='lat' dir='ltr'><strong>decertassent,</strong></span> <span class='ocrx_word' id='word_1_891' title='bbox 3620 5719 3839 5792; x_wconf 58' lang='lat' dir='ltr'><strong>epistm</strong></span> 
     </span>
    </p>
   </div>
   <div class='ocr_carea' id='block_1_128' title="bbox 2247 5789 3829 5867">
    <p class='ocr_par' dir='ltr' id='par_1_128' title="bbox 2247 5789 3829 5867">
     <span class='ocr_line' id='line_1_128' title="bbox 2247 5789 3829 5867; baseline -0.007 -14"><span class='ocrx_word' id='word_1_892' title='bbox 2247 5795 2354 5853; x_wconf 68' lang='lat' dir='ltr'><strong>lam</strong></span> <span class='ocrx_word' id='word_1_893' title='bbox 2388 5798 2452 5852; x_wconf 85' lang='lat' dir='ltr'><strong>de</strong></span> <span class='ocrx_word' id='word_1_894' title='bbox 2477 5789 2597 5853; x_wconf 76' lang='lat' dir='ltr'><strong>suis</strong></span> <span class='ocrx_word' id='word_1_895' title='bbox 2625 5795 2952 5867; x_wconf 84' lang='lat' dir='ltr'><strong>martyribus</strong></span> <span class='ocrx_word' id='word_1_896' title='bbox 2973 5790 3136 5849; x_wconf 88' lang='lat' dir='ltr'><strong>simul</strong></span> <span class='ocrx_word' id='word_1_897' title='bbox 3164 5802 3218 5847; x_wconf 91' lang='lat' dir='ltr'><strong>et</strong></span> <span class='ocrx_word' id='word_1_898' title='bbox 3238 5790 3563 5859; x_wconf 87' lang='lat' dir='ltr'><strong>conjunctim</strong></span> <span class='ocrx_word' id='word_1_899' title='bbox 3587 5789 3829 5859; x_wconf 68' lang='lat' dir='ltr'><strong>scripse-</strong></span> 
     </span>
    </p>
   </div>
  </div>
