4198 6464
435 306 541 362 409

1466 306 1815 364 ΗΙδΤΟΒιᾸΞ
1853 306 2411 368 ECCLESIASTICAS
2452 312 2579 369 LIB.
2622 313 2683 367 γ.

3590 316 3697 373 “0

434 417 700 494 Χριστοῦ,
732 421 845 484 τοῖς
878 419 1020 475 κατὰ
1042 420 1142 492 τὴν
1180 419 1366 474 Ἀσίαν
1395 418 1490 474 καὶ
1524 420 1765 491 Φρυγίαν
1798 418 1895 491 τὴν
1924 421 2014 473 αύ-

2124 423 2443 494 Lngdunum
2473 424 2665 480 Galliae
2694 425 2942 495 degunt,
2986 423 3248 480 fratribus
3293 440 3388 495 per
3413 426 3597 482 Asiam
3639 442 3696 484 et

433 514 532 585 τὴν
563 514 662 585 τῆς
682 513 1111 586 ἀπολυτρώσεως
1142 515 1272 585 ἡμῖν
1301 515 1483 568 πίστιν
1518 517 1614 569 καὶ
1648 514 1840 569 ἐλπίδα
1864 515 2019 585 ἔχου-

436 620 522 657 σιν
557 603 825 672 ἀδελφοῖς,
876 606 1061 676 εἰρήνη
1113 604 1207 656 καὶ
1247 602 1405 673 χάρις
1445 604 1539 657 καὶ
1567 603 1694 670 δόξα
1732 603 1841 657 ὰπὸ
1882 604 2017 657 Θεοῦ

436 695 650 768 Πατρὺς
673 697 766 749 καὶ
794 695 1030 767 Χριστοῦ
1070 693 1243 766 Ἰησοῦ
1268 694 1361 748 τοῦ
1389 695 1593 766 Κυρίου
1620 697 1798 767 ἡμῶν.
1831 716 1848 747 ι
1884 692 2017 749 Εἶτα

436 783 646 848 τούτοις
672 784 816 857 ἑξῆς,
856 785 1021 855 ἕτερα
1051 787 1562 857 προοιμιασάμενοι,
1593 788 1693 857 τὴν
1732 786 1827 841 τοῦ
1855 787 2016 856 λόγου

438 879 718 951 καταρχὴν
754 879 1030 933 ποιοῦνται
1072 881 1128 931 ἐν
1157 878 1397 943 τούτοις·
1438 899 1457 931 ι
1501 881 1573 934 Τὸ
1626 880 1724 951 μὲν
1769 878 1865 934 οὖν
1917 880 2017 951 μέ-

438 970 598 1039 γεθος
632 972 728 1042 τῆς
777 971 965 1024 ἐνθάδε
1012 971 1266 1041 θλίψεως,
1318 972 1411 1025 κει
1448 971 1548 1042 τὴν
1594 973 1863 1044 τοσαύτην
1909 972 2018 1026 τῶν

439 1061 609 1116 ἐθνῶν
650 1064 730 1127 είς
771 1065 897 1127 τοὺς
930 1064 1118 1131 ἁγίους
1151 1063 1340 1134 ὀργὴν,
1381 1064 1474 1117 καὶ
1501 1066 1600 1118 ὅσα
1630 1064 1926 1134 ὑπέμειναν
1968 1065 2018 1117 οἱ

443 1155 701 1226 μακάριοι
749 1155 1044 1228 μάρτυρες,
1080 1156 1167 1209 ἐπ’
1209 1154 1438 1228 ἀκριϐὲς
1481 1155 1593 1209 οὗθ’
1643 1158 1803 1227 ἡμεῖς
1846 1158 2019 1209 εἰπεῖν

441 1247 634 1310 ἱκανοὶ,
665 1245 789 1300 οὗτε
826 1246 932 1317 μὴν
957 1251 1140 1318 γραφῇ
1160 1248 1562 1320 περιληφθῆναι
1583 1248 1827 1301 δυνατόν.
1849 1249 2019 1301 Παντὶ

439 1337 549 1408 γὰρ
600 1336 1114 1407 σθένειένέσκηψεν
1152 1343 1180 1393 ὁ
1220 1339 1615 1409 ἀντικείμενος,
1669 1338 2019 1412 προοιμιαζό-

445 1446 605 1501 μενος
638 1431 739 1501 ήδη
774 1430 873 1502 τὴν
916 1430 1088 1494 ἀδεῶς
1125 1433 1422 1502 μέλλουσαν
1460 1432 1678 1486 ἔσεσθαι
1720 1432 2020 1504 παρουσίαν

440 1520 602 1573 αὐτοῦ
622 1538 634 1551 ·
670 1522 764 1573 καὶ
794 1520 879 1574 διὰ
911 1522 1126 1577 πάντων
1159 1523 1392 1594 διῆλθεν,
1433 1522 1627 1589 ἐθίζων
1666 1525 1792 1587 τοὺς
1827 1522 2018 1577 ἑαυτοῦ

441 1614 535 1667 καὶ
567 1614 965 1685 προγυμνάζων
1003 1616 1144 1669 κατὰ
1173 1616 1281 1668 τῶν
1315 1615 1517 1669 δούλων
1550 1617 1642 1670 τοῦ
1678 1615 1835 1677 Θεοῦ,
1880 1617 2018 1671 ὥστε

442 1705 517 1777 μὴ
551 1707 709 1777 μόνον
739 1708 923 1760 οἰκιῶν
955 1706 1064 1779 (76)
1094 1708 1186 1761 καὶ
1224 1709 1516 1778 βαλανείων
1547 1710 1641 1762 καὶ⁸
1667 1711 1873 1781 ἀγορᾶς
1907 1709 2019 1780 εἵρ-

438 1798 651 1868 γεσθαι,
692 1799 825 1853 ἀλλὰ
857 1801 951 1855 καὶ
998 1800 1059 1853 τὸ
1087 1801 1316 1854 καθόλου
1367 1801 1649 1871 φαίνεσθαι
1697 1802 1850 1874 ήμῶν
1897 1820 2018 1856 τινα

437 1892 620 1955 αὐτοῖς
674 1892 1007 1965 ἀπειρῆσθαι
1053 1895 1110 1946 ἐν
1171 1895 1341 1965 ὁποίῳ
1386 1895 1583 1967 δήποτε
1631 1895 1803 1966 τόπῳ.
1863 1896 2015 1948 Ἀντ-

437 1984 764 2054 εστρατήγει
805 1984 861 2037 δὲ
893 1987 924 2056 ἡ
957 1986 1116 2056 χάρις
1143 1986 1237 2038 τοῦ
1269 1985 1426 2050 Θεοῦ,
1456 1987 1552 2039 καὶ
1578 1987 1704 2050 τοὺς
1740 1987 1835 2056 μὲν
1856 1985 2013 2039 ἀσθε-

436 2072 545 2135 νεῖς
590 2071 837 2144 ἐρρύετο,
887 2074 1320 2144 ἀντιπαρέτασσε
1359 2075 1415 2128 δέ
1468 2075 1691 2139 στύλους
1748 2076 2014 2148 ἑδραίους,

438 2163 772 2234 δυναμένους
808 2164 895 2217 διὰ
925 2166 1024 2235 τῆς
1055 2166 1333 2238 ὑπομονῆς
1370 2169 1551 2221 πᾶσαν
1582 2169 1680 2239 τὴν
1717 2167 1891 2239 ὁρμὴν
1921 2166 2043 2221 τοῦ·

356 2257 375 2277 '
437 2257 674 2330 πονηροῦ
715 2261 795 2322 εἰς
819 2259 1046 2322 ἑαυτοὺς
1077 2258 1298 2313 ἑλκύσαι
1323 2278 1334 2289 ·
1371 2260 1420 2313 οἳ
1454 2260 1548 2313 καὶ
1581 2259 1747 2331 ὁμόσε
1781 2259 2019 2331 ἐχώρουν

435 2351 603 2423 αὐτῷ,
634 2353 740 2405 πᾶν
764 2347 906 2416 εἶδος
926 2350 1229 2423 ὀνειδισμοῦ
1262 2351 1357 2405 καὶ
1380 2351 1654 2416 κολάσεως
1679 2354 2015 2423 ἀνεχόμενοι,

437 2442 487 2497 οἳ
532 2444 627 2497 καὶ
672 2445 741 2497 τὰ
784 2443 955 2497 πολλὰ
1003 2443 1159 2511 ὀλίγα
1204 2443 1520 2514 ἡγούμενοι,
1570 2443 1829 2498 ἔσπευδον
1878 2445 2016 2515 πρὸς

438 2535 690 2608 Χριστὸν,
722 2536 890 2600 ὅντως
920 2535 1352 2605 ἐπιδεικνύμενοι
1384 2536 1518 2607 (77),
1552 2538 1633 2591 ὅτι
1666 2537 1766 2590 ούκ
1794 2537 1917 2604 ἄξια
1946 2538 2015 2591 τὰ

437 2628 737 2699 παθήματα
763 2627 857 2681 τοῦ
884 2627 980 2681 νῦν
1010 2629 1225 2700 καιροῦ,
1253 2628 1389 2699 πρὸς
1407 2629 1506 2699 τὴν
1537 2628 1829 2700 μέλλουσαν
1857 2630 2014 2697 δόξαν

330 2768 343 2779 .
434 2721 884 2792 ἀποκαλυφθῆναι
918 2724 998 2785 εἰς
1035 2723 1202 2793 ἡμᾶς.
1240 2720 1352 2773 Καὶ
1402 2720 1618 2790 πρῶτον
1672 2722 1771 2793 μὲν
1803 2721 1872 2775 τὰ
1906 2723 2014 2777 ἀπὸ

432 2811 525 2866 τοῦ
555 2812 712 2883 ὄχλου
751 2813 1020 2884 πανδημεὶ
1057 2812 1297 2885 σωρηδὸν
1324 2813 1715 2885 ἐπιφερόμενα,
1751 2812 2015 2882 γενναίως

436 2906 725 2976 ὑπέμενον,
754 2905 1087 2977 ἐπιϐοήσεις,
1118 2907 1212 2960 καὶ
1244 2906 1478 2977 πληγὰς,
1503 2906 1597 2959 καὶ
1628 2908 1891 2977 συρμοὺς,
1921 2907 2015 2960 καὶ

432 2996 758 3068 διαρπαγὰς,
808 2997 901 3050 καὶ
933 2997 1096 3051 λίθων
1138 2997 1322 3067 βολὰς,
1368 2999 1462 3052 καὶ
1504 3000 1845 3068 συγκλείσεις
1874 3000 2010 3071 (78),

432 3088 527 3140 καὶ
561 3086 718 3139 πάνθ’
761 3087 863 3139 ὅσα
891 3086 1221 3158 ἠγριωμένῳ
1266 3087 1460 3156 πλήθει
1494 3088 1570 3151 ὡς
1605 3088 1742 3160 πρὸς
1784 3089 2013 3161 ἐχθροὺς

431 3178 526 3230 καὶ
561 3176 850 3247 πολεμίους
876 3177 1018 3246 φιλεῖ
1038 3179 1304 3246 γίνεσθαι.
1339 3179 1450 3233 Καὶ
1481 3180 1545 3251 δὴ
1573 3180 1898 3250 ἀναχθέντες
1932 3183 2011 3245 είς

432 3267 529 3340 τὴν
557 3269 763 3338 ἀγορὰν
791 3269 895 3322 ὑπό
928 3286 988 3322 τε
1019 3269 1114 3322 τοῦ
1151 3270 1432 3341 χιλιάρχου
1477 3273 1571 3325 καὶ
1607 3272 1716 3325 τῶν
1746 3289 2012 3344 προεστη-

431 3363 607 3419 κότων
657 3363 757 3432 τῆς
804 3361 1010 3425 πόλεως
1060 3361 1318 3428 ἐξουσιῶν
1350 3363 1489 3431 (79),
1534 3365 1627 3417 ἐπὶ
1678 3362 1880 3426 παντὸς
1915 3362 2009 3416 τοῦ

433 3455 671 3526 πλήθους
705 3453 1086 3525 ἀνακριθέντες
1118 3454 1213 3507 καὶ
1241 3453 1692 3525 ὁμολογήσαντες,
1740 3453 2012 3508 συνεκλεί-

436 3593 585 3638 rtmt.
614 3584 694 3636 Ad
718 3584 832 3636 haac
873 3591 1099 3651 utraque
1131 3582 1406 3650 provincia
1450 3584 1550 3638 sub
1583 3585 1740 3637 unius
1771 3584 2012 3652 prtesidis

429 3652 829 3724 jurisdictione.
853 3662 979 3724 tunc
1007 3654 1223 3724 quidem
1271 3654 1529 3724 temporis
1556 3655 1767 3708 videtur
1821 3657 2007 3715 luisse;

435 3721 570 3777 ittex
596 3738 660 3776 eo
685 3722 997 3792 conjicitur,
1025 3722 1167 3790 quod
1197 3734 1301 3774 tam
1323 3721 1659 3777 Viennenses
1682 3740 1841 3791 quam
1875 3725 2008 3792 Lugo

434 3794 727 3856 dunenses,
771 3794 838 3844 ob
883 3791 1036 3844 iidem
1078 3792 1277 3845 Christi
1315 3808 1340 3843 a
1372 3794 1598 3861 praeside
1628 3794 2006 3858 comprehensi

434 3873 488 3918 et
522 3862 760 3915 damnati
801 3878 920 3914 esse
953 3862 1210 3914 dicuntur
1237 3863 1288 3914 in
1320 3864 1420 3914 har
1455 3864 1697 3929 epistola.
1731 3865 1819 3916 lla!
1846 3864 2010 3930 igitur

434 3948 614 3987 causa:
660 3941 789 3985 sunt
832 3947 930 3984 cur
956 3931 1281 3995 ronjunetim
1317 3933 1640 3997 scripserint
1672 3934 2011 3988 Viennenses

434 4011 487 4058 et
533 4002 940 4071 Lugduncusrs.
980 4001 1111 4055 Nam
1142 4003 1577 4072 quodsuspicali
1620 4004 2010 4072 suntquidatn,

433 4089 597 4127 unum
613 4070 740 4125 tunc
756 4072 919 4125 fuisse
937 4070 1484 4142 episcopttaniennte
1506 4084 1667 4141 atque
1683 4070 1947 4142 Lugduni,
1965 4072 2017 4125 id

431 4158 495 4198 ex
514 4144 739 4211 hacipsa
756 4143 980 4207 cpistola
1005 4142 1162 4194 l'acile
1178 4141 1460 4205 refellitur,
1476 4157 1594 4211 qua!
1612 4143 1892 4211 Pothinum
1909 4143 2018 4210 epi-

433 4229 655 4279 scopum
683 4210 923 4281 Lugduni
944 4211 1107 4265 fuisse
1126 4212 1278 4273 dicit,
1300 4228 1404 4264 non
1428 4210 1554 4265 item
1588 4210 1824 4268 Viennte.
1850 4212 2016 4265 Porro

432 4281 815 4351 Lugdunenses
839 4283 1059 4335 honoris
1072 4296 1231 4333 eausa
1260 4282 1857 4349 Vieuttensiuminomen
1881 4298 2017 4350 pra--

471 4361 798 4411 onunt,cnm
829 4362 1008 4421 tamen
1030 4353 1129 4419 ipsi
1165 4351 1548 4421 Lugdunenses
1566 4354 1850 4417 epistolam
1876 4353 2016 4406 scri—

471 4368 798 4411 Olllltll,l'tlm
829 4368 1008 4405 tamen
1030 4368 1128 4419 ψει
1165 4368 1548 4421 Lugdunenses
1566 4368 1850 4417 eptst0tam
1876 4368 2016 4406 scrt-

432 4368 559 4479 iiant
584 4422 732 4477 deiis
754 4435 871 4484 qua:
898 4420 1137 4487 Lugduni
1172 4434 1322 4493 gesta
1340 4424 1570 4481 fuerant.
1589 4423 1855 4477 Vetuslali
1881 4438 2016 4493 quo-

2122 513 2410 583 Phrygiam
2452 515 2788 580 constituatis,
2816 516 2909 583 qui
2939 515 3186 569 eamdem
3219 517 3501 572 uobiscum
3535 519 3692 573 [idem

2121 622 2183 661 ac
2211 622 2359 674 spem
2387 607 2589 661 habent
2618 609 3032 676 redemptionis.
3075 624 3183 678 pax
3209 620 3263 663 et
3296 612 3468 678 gratia
3498 620 3551 664 et
3582 612 3697 680 glo-

2122 694 2199 747 ria
2230 709 2259 746 a
2297 692 2407 747 Deo
2456 694 2616 749 Patre
2642 706 2695 749 et
2739 696 2964 751 Christo
2991 698 3120 751 Jesu
3152 699 3379 752 Domino
3420 710 3629 754 nostro.
3669 720 3689 751 ι

2122 785 2245 840 Post
2280 787 2394 840 hzec
2434 787 2628 840 deinde
2659 789 2905 857 quaedam
2941 790 3044 841 alia
3068 789 3301 857 prmfati,
3327 791 3692 844 narrationem

2121 879 2289 946 ipsam
2324 878 2715 933 ordiuntnrhis
2742 880 2924 933 verbis
2952 900 2964 934 :
2999 899 3017 931 ι
3049 881 3109 933 Et
3132 882 3449 947 gravitatem
3475 884 3693 951 quidem

2121 970 2289 1037 ipsam
2310 984 2695 1031 :erumnarunt,
2719 980 2774 1022 et
2795 972 3072 1036 gentilium
3096 975 3354 1028 adversus
3375 987 3596 1029 sanctos
3615 975 3694 1027 fn-

2124 1076 2299 1116 I‘Orem
2335 1077 2396 1114 ae
2431 1062 2655 1125 rabiem,
2687 1077 2911 1131 qumque
2935 1072 2988 1118 et
3015 1078 3215 1133 quanta
3253 1068 3395 1120 beati
3430 1084 3696 1140 martyres

2121 1154 2361 1224 perpe~si
2390 1152 2546 1223 155
2578 1164 2721 1218 sunt,
2743 1171 2839 1208 nec
2868 1169 2964 1208 nos
2987 1156 3287 1225 exprimere
3319 1161 3561 1215 dicendo.
3596 1177 3696 1215 nec

2122 1249 2407 1315 quisquam
2430 1248 2717 1299 scribendo
2742 1247 3311 1314 compleCIiaccnrate
3332 1252 3519 1318 possit.
3537 1250 3694 1306 Omni

2122 1340 2387 1406 siquidem
2418 1339 2607 1391 virium
2641 1339 2840 1404 impetu
2886 1341 2936 1392 in
2981 1354 3079 1393 nos
3130 1341 3289 1395 irruit
3321 1345 3691 1410 adversarius,

2123 1432 2387 1484 adventus
2421 1431 2501 1484 sui
2535 1429 2586 1483 in
2618 1446 2725 1499 quo
2757 1446 2879 1484 cum
2909 1432 3055 1486 omni
3094 1432 3311 1486 licentia
3350 1444 3697 1503 grassatnrns

2121 1532 2227 1587 est,
2279 1523 2389 1591 jam
2425 1532 2532 1574 tum
2569 1523 2724 1577 nobis
2778 1524 2929 1577 initia
2961 1539 3022 1576 ac
3072 1524 3371 1591 primordia
3409 1527 3694 1580 exhibens.

2124 1613 2267 1667 Nihil
2307 1613 2509 1681 quippe
2563 1614 2889 1669 intentatum
2946 1616 3187 1685 reliquit,
3239 1616 3363 1669 dum
3416 1616 3697 1670 ministros

2123 1719 2253 1759 suos
2280 1705 2595 1767 assuefacit,
2624 1714 2677 1758 el
2711 1706 3034 1772 quibusdam
3074 1707 3227 1777 quasi
3263 1706 3521 1775 proludiis
3539 1722 3698 1760 exer-

2122 1804 2209 1851 cet
2234 1796 2493 1849 adversus
2519 1811 2705 1850 servos
2731 1796 2842 1848 Dei.
2868 1796 3018 1849 Adeo
3040 1807 3096 1849 ιιι
3126 1814 3228 1850 non
3259 1798 3431 1851 solum
3465 1800 3532 1851 ab
3566 1800 3697 1852 aedi-

2122 1886 2241 1942 bus.
2278 1901 2306 1938 a
2338 1886 2565 1950 balneis,
2597 1899 2625 1938 a
2653 1884 2772 1939 foro
2796 1899 3114 1940 arceremur
3146 1903 3369 1941 :vcrnm
3413 1889 3575 1942 etiam
3608 1889 3697 1942 iu-

2121 1978 2410 2031 terdictnm
2474 1977 2637 2031 fuerit
2719 1991 2786 2030 ne
2868 1979 2990 2046 quis
3066 1991 3310 2034 nostrum
3373 1996 3697 2051 quocunque

2121 2069 2336 2123 demum
2375 2069 2428 2122 in
2459 2067 2578 2123 loco
2611 2077 2915 2139 appareret.
2953 2067 3057 2123 Sed
3084 2072 3253 2140 gratia
3287 2073 3379 2126 Dei
3419 2088 3514 2142 pro
3537 2073 3696 2128 nobis

2120 2162 2383 2215 adversus
2405 2161 2678 2215 diabolmn
2705 2163 3033 2232 depugnavit
3066 2181 3079 2217 :
3112 2173 3163 2217 et
3214 2164 3544 2220 inﬁrmiores
3570 2166 3691 2234 qui-

2122 2251 2243 2305 dem
2272 2252 2531 2316 servavit,
2559 2257 2708 2307 viros
2737 2264 2916 2308 autem
2942 2254 3015 2308 illi
3038 2256 3287 2323 Opposuit
3318 2257 3693 2311 columnarum

2120 2344 2295 2397 instar
2330 2344 2518 2398 firmos
2548 2360 2610 2399 ac
2646 2347 2894 2412 stabiles,
2947 2348 3040 2416 qui
3078 2346 3394 2401 fortitudine
3444 2363 3538 2401 sua
3574 2349 3696 2401 nui-

2119 2454 2338 2492 versum
2374 2438 2636 2492 dtenmnis
2660 2440 2921 2509 impetum
2949 2441 3001 2494 iu
3038 2441 3356 2508 semetipsos
3379 2441 3696 2509 pertrahere

2119 2529 2389 2582 valerent.
2429 2528 2492 2582 lli
2539 2545 2669 2598 ergo
2694 2531 2943 2583 cominus
2989 2531 3291 2600 congressi,
3326 2546 3486 2583 tnttne
3524 2545 3693 2599 genus

2114 2621 2394 2688 Opprobrii
2446 2622 2820 2674 sustinuerunt
2868 2638 2883 2675 :
2935 2630 2990 2674 et
3040 2636 3161 2688 quae
3200 2621 3290 2674 alii
3347 2621 3599 2674 diuturna
3639 2630 3694 2675 et

2117 2713 2299 2781 gravia
2325 2711 2640 2764 existimant
2661 2752 2677 2775 ,
2707 2713 2805 2781 ipsi
2845 2712 2981 2766 levia
3014 2711 3293 2776 ducentes,
3324 2713 3389 2764 ad
3415 2711 3691 2767 Christum

2117 2808 2200 2861 ire
2248 2807 2664 2875 properabant;
2718 2807 2970 2874 exemplo
3019 2821 3117 2859 suo
3155 2808 3521 2867 ostendentes,
3585 2820 3690 2860 non

2116 2913 2239 2953 esse
2267 2899 2455 2967 dignas
2489 2898 2765 2966 passiones
2813 2897 2972 2966 hujus
3006 2898 3189 2951 sreculi
3233 2912 3352 2966 quae
3399 2896 3693 2951 conferan-

2118 3002 2208 3044 tur
2238 3004 2358 3042 cum
2392 2987 2564 3055 gloria
2592 3002 2714 3055 qua:
2748 2987 2800 3040 in
2834 2990 2988 3041 nobis
3015 2987 3304 3042 revelanda
3338 2997 3443 3042 est.
3475 2989 3552 3042 Ac
3585 2991 3692 3057 pri-

2120 3098 2262 3136 mum
2305 3082 2524 3151 quidem
2566 3096 2902 3150 ιμιωςιιιιιιιιο
2950 3097 2978 3133 a
3028 3082 3223 3149 populo
3258 3082 3512 3137 universo
3541 3097 3695 3135 acer-

2119 3176 2286 3228 vatim
2347 3171 2759 3241 ingerebantur,
2831 3174 3278 3228 constantissime
3343 3173 3690 3229 tolerarunt:

2118 3263 2543 3317 acclamationes
2586 3261 2818 3324 scilicet,
2853 3261 3059 3329 plagas,
3096 3265 3449 3330 raptationes,
3488 3263 3694 3330 spolia-

2121 3355 2296 3409 tiones
2326 3355 2614 3414 bonorum,
2646 3352 2880 3418 lapidum
2927 3351 3130 3419 jactus,
3170 3368 3446 3415 carceres,
3495 3363 3691 3407 cuncta

2119 3446 2355 3515 denique
2379 3459 2500 3515 qua;
2525 3444 2718 3514 vulgus
2743 3445 2929 3500 lurore
2956 3453 3011 3499 et
3036 3446 3185 3499 rabie
3219 3445 3571 3509 concitatum,
3598 3447 3696 3499 ad-

2119 3583 2221 3636 bus
2264 3590 2372 3635 tum
2416 3580 2746 3634 arcebantur
2793 3580 3109 3645 Christiani,
3149 3580 3201 3634 id
3250 3589 3330 3635 est
3380 3580 3447 3633 ab
3487 3582 3691 3636 tedibus

2116 3652 2441 3708 amicorum,
2494 3652 2943 3719 propinquorum,
2997 3652 3275 3720 Opilicum.
3312 3648 3500 3719 Neque
3545 3652 3691 3705 enim

2114 3721 2385 3791 assentior
2421 3721 2634 3783 ltntino,
2668 3722 2756 3789 qui
2791 3721 3131 3774 Christianos
3188 3722 3239 3775 in
3292 3721 3405 3775 suis
3450 3722 3690 3791 ipsorum

2112 3790 2358 3858 dantibus
2388 3790 2635 3844 habitare
2664 3792 2959 3858 prohibitos
2989 3793 3335 3845 existimavit.

2184 3860 2298 3930 (77)
2335 3851 2861 3930 Ἐπιδεικνῦμενοι.
2922 3862 3099 3915 Codex
3153 3861 3440 3916 Medica-us
3491 3862 3691 3916 adver-

2118 3929 2449 4005 biumaddit
2479 3931 2581 4005 hoc
2618 3929 2806 4005 minio,
2830 3931 2998 4005 ὅντως
3026 3929 3477 4005 ἐπιδεικνύμενοι.
3506 3932 3692 4005 Neque

2122 4002 2282 4053 aliter
2315 4001 2483 4054 codex
2513 4000 2627 4054 Maz
2659 4041 2672 4061 ,
2712 4001 2845 4058 Fttk.
2879 4012 2932 4055 et
2964 4002 3291 4056 Savilianus.

2196 4068 2305 4140 (78)
2334 4071 2740 4137 Συγκλείσεις.
2769 4071 2882 4124 Non
2913 4088 3129 4139 possum
3157 4073 3389 4140 probare
3421 4072 3688 4140 interpreo

2125 4139 2386 4194 tationem
2419 4141 2584 4209 Langi
2612 4139 3189 4212 clitihrtstophorsoui,
3224 4143 3312 4210 qui
3347 4139 3691 4212 συγκλείσεις

2125 4226 2361 4263 carceres
2393 4222 2630 4268 vertunt.
2668 4211 2765 4266 llic
2800 4213 2942 4265 enim
2981 4213 3157 4278 primo
3187 4213 3304 4266 loco
3337 4211 3689 4267 recensentur

2126 4278 2340 4351 injuria:
2379 4290 2432 4333 ct
2459 4281 2620 4346 mala,
2647 4296 2767 4350 qur
2790 4297 2817 4333 a
2855 4281 3098 4351 conferta
3132 4282 3310 4351 populi
3341 4284 3684 4338 tnnititndine

2126 4350 2500 4421 inferebantur
2547 4349 2891 4421 Christianis.
2939 4349 2994 4403 In
3047 4349 3246 4421 quibus
3298 4366 3484 4405 carcer
3509 4353 3684 4407 locum

2125 4419 2327 4473 habere
2366 4435 2471 4474 non
2534 4432 2730 4488 potest.
2784 4419 3296 4492 Jtniicumjjnippc,
3341 4438 3483 4492 non“
3506 4423 3683 4492 populi

430 4508 538 4560 que
560 4503 614 4546 et
637 4483 905 4545 nobilitati
930 4483 1154 4545 colonia:
1174 4483 1566 4546 'Vienneusium
1587 4496 1638 4545 id
1658 4483 1916 4548 tributum
1937 4493 2018 4546 vi-
2049 4483 2093 4536 Ι)
2121 4498 2258 4550 erat,
2291 4505 2412 4544 reos
2441 4483 2645 4544 carceri
2685 4491 3012 4558 mancipare.
3051 4483 3431 4558 Ret-iiits'ergo
3458 4483 3684 4546 Ruﬁnus

430 4563 545 4617 deri
569 4571 764 4630 potest.
782 4562 935 4627 Quod
960 4578 1088 4616 vero
1101 4563 1165 4614 ad
1188 4564 1483 4615 secundam
1512 4565 1865 4631 qumstionem
1891 4564 2011 4617 atti-

432 4642 546 4694 net,
565 4648 627 4685 ex
650 4633 764 4699 ipsa
786 4631 1009 4699 epistola
1037 4633 1291 4685 discimus
1312 4632 1574 4700 plurimos
1595 4632 1760 4688 fuisse
1790 4632 2008 4688 Graecos

432 4702 485 4756 in
524 4702 763 4756 Ecclesia
808 4700 1177 4768 Lugdunensi,
1207 4701 1508 4770 cnjusmodi
1549 4703 1649 4756 fuit
1697 4706 1910 4757 Attalus
1952 4716 2007 4758 et

430 4772 738 4840 Alexander
769 4770 1029 4840 Phryges,
1057 4782 1107 4840 et
1146 4773 1454 4827 Alcibiades
1493 4773 1760 4827 oriundus
1785 4776 1910 4826 item
1939 4788 2006 4828 ex

429 4839 686 4912 Phrygia,
720 4850 778 4893 ttt
807 4839 1001 4912 opinor
1032 4859 1044 4894 :
1076 4839 1310 4912 Irenaeus
1342 4858 1560 4912 quoque
1595 4844 1855 4898 oriundus
1890 4854 2006 4897 erat

429 4927 494 4966 ex
539 4908 688 4975 Asia,
719 4921 772 4982 et
805 4908 1163 4980 Polycarpnm
1197 4908 1442 4982 Smyrna:
1469 4908 1716 4966 audierat
1748 4929 1850 4967 una
1882 4927 2003 4966 eum

431 4983 653 5038 Florino
699 4981 989 5033 admodmn
1030 4998 1184 5050 puer,
1228 4981 1442 5051 ut’ipse
1484 4992 1735 5037 testatur.
1789 4983 2002 5037 Pothini

429 5067 649 5123 quoque
686 5050 1039 5123 episcopi_vel
1077 5067 1273 5105 nomen
1324 5050 1519 5121 ipsum.
1564 5052 1807 5108 Graecam
1839 5055 2006 5122 origi-

430 5119 570 5180 nem
600 5122 872 5191 designat.
918 5119 1153 5175 Proinde
1191 5137 1297 5176 non
1341 5119 1537 5176 mirum
1591 5134 1695 5185 est,
1732 5123 1777 5175 si
1813 5126 1902 5191 qui
1930 5119 2005 5177 cx

429 5194 558 5249 Asia
588 5193 638 5244 in
665 5189 871 5245 Gallias
895 5199 1174 5257 venerant,
1207 5191 1466 5246 fratribus
1497 5195 1609 5247 suis
1633 5196 1684 5247 in
1709 5189 1843 5246 Asia
1869 5208 2001 5247 con-

429 5263 642 5317 stitutis
665 5264 729 5315 de
773 5263 934 5313 rebus
961 5264 1076 5315 suis
1098 5263 1378 5318 scribant:
1410 5277 1438 5317 a
1477 5264 1694 5330 Quibus,
1739 5273 1797 5317 ιιι
1827 5264 2001 5317 credi-

428 5335 537 5388 bile
557 5341 661 5393 est,
696 5330 977 5398 epistolam
1028 5329 1170 5383 illam
1217 5333 1285 5387 de
1314 5329 1602 5403 imartyrio
1638 5333 1919 5402 Polycarpi
1948 5343 2003 5386 et

432 5407 683 5465 aliorum,
728 5404 878 5471 prius
912 5403 1274 5469 accepissent.
1312 5402 1495 5469 llujus
1525 5414 1706 5456 autem
1754 5402 2002 5470 epistola:

430 5483 724 5542 auctorem
759 5472 926 5526 fuisse
975 5473 1216 5525 arbitror
1243 5471 1533 5538 Irenaeum;
1564 5474 1656 5542 qui
1690 5473 1905 5541 quidem
1935 5488 2000 5528 eo

436 5554 676 5609 tempore
712 5541 799 5612 Ευι
820 5542 968 5596 les-im.
996 5542 1370 5612 Lugdunensis
1391 5553 1503 5596 erat
1535 5541 1844 5612 presbyter.

504 5612 618 5683 (76)
649 5610 745 5680 Μὴ
766 5613 962 5683 μόνον
988 5609 1211 5668 οἰκιῶν.
1247 5609 1779 5681 Chrismphorsouus
1827 5611 1999 5682 (ediﬁ-

434 5684 515 5734 cia
562 5682 772 5749 publica
816 5682 1237 5753 interpretatur,
1278 5684 1421 5751 quod
1471 5698 1574 5736 non
1607 5684 1798 5752 probo,
1836 5684 2001 5741 οἰκίαι

432 5754 576 5808 enim
606 5752 826 5808 nonnisi
858 5756 922 5809 de
957 5752 1184 5820 privatis
1231 5752 1479 5808 domibus
1511 5753 1783 5821 dicuntur,
1815 5769 1845 5810 a
1877 5770 1997 5825 qut-

2114 4560 2299 4622 vertil,
2330 4560 2594 4613 concludi.
2627 4560 2732 4615 Sed
2762 4570 2811 4612 et
2837 4560 3119 4622 verberari,
3150 4563 3341 4627 inquit,
3379 4576 3433 4613 se
3464 4562 3681 4627 abillis,

2109 4645 2171 4681 ac
2201 4629 2455 4693 lapidari,
2487 4642 2534 4682 rt
2570 4630 2839 4693 concludi,
2866 4632 3126 4695 patienter
3155 4626 3504 4698 accipiebant.
3534 4626 3684 4683 Gen-

2110 4699 2233 4753 tiles
2256 4701 2400 4752 enint
2438 4699 2782 4753 Christianos
2832 4701 2969 4752 itttra
3002 4702 3192 4752 domos
3237 4716 3365 4754 suas
3395 4699 3686 4753 conclude-

2107 4768 2258 4832 bant,
2298 4770 2422 4822 dtnu
2457 4785 2485 4822 a
2522 4771 2639 4824 foro
2684 4781 2739 4823 et
2783 4770 2992 4823 balneis
3046 4785 3140 4822 eos
3191 4780 3461 4831 arcerent,
3499 4784 3598 4823 nec
3630 4770 3683 4824 in

2108 4840 2382 4909 publicum
2427 4842 2644 4908 prodire
2693 4842 2960 4903 sinerent,
3003 4847 3062 4891 ut
3114 4854 3279 4909 supra
3321 4842 3522 4892 dictum
3576 4851 3681 4895 est.

2107 4907 2249 4961 Infra
2276 4907 2458 4979 tamen
2490 4910 2830 4979 συγκλείσεις
2865 4926 2961 4979 pro
2991 4907 3199 4963 carcere
3228 4921 3536 4979 sumuntur.

2178 4978 2291 5049 (79)
2324 4977 2792 5049 Προεστὴκότων
2820 4978 2930 5048 τῆς
2959 4983 3201 5047 πόλεως
3224 4977 3537 5046 ἐξουσιῶν.
3570 4979 3683 5035 Meo

2107 5049 2371 5120 gistratus
2419 5053 2779 5117 municipales
2820 5053 3095 5120 intelligit,
3129 5054 3218 5118 qui
3265 5053 3430 5104 etiam
3486 5052 3680 5104 duum-

2106 5118 2207 5171 viri
2242 5119 2579 5172 dicebantur.
2613 5121 2876 5187 Quamvis
2899 5118 3081 5174 autem
3111 5121 3360 5188 ἐξουσίας
3390 5135 3481 5174 seu
3528 5131 3680 5188 pole-

2106 5190 2266 5262 statis
2298 5191 2662 5262 vocabulum,
2687 5191 2895 5262 lerede
2924 5189 3240 5262 majoribus
3267 5192 3543 5262 jmlicilms
3573 5191 3679 5244 dici

2106 5258 2266 5323 solet,
2298 5262 2388 5329 qui
2423 5261 2618 5312 habent
2644 5261 2735 5327 jus
2768 5260 2958 5328 gladii,
3003 5269 3061 5313 ut
3112 5258 3282 5316 docet
3322 5259 3582 5329 Ulpianus
3624 5263 3678 5312 in

2107 5329 2263 5381 titulo
2297 5327 2792 5398 Dejuriadictione,
2822 5339 2875 5381 et
2913 5330 2988 5382 De
3018 5332 3296 5384 verborum
3329 5327 3682 5397 signiﬁcatio-

2104 5398 2282 5462 nibus,
2309 5409 2485 5451 tamen
2511 5402 2577 5453 de
2616 5400 3022 5467 magistratibus
3068 5402 3233 5454 etiam
3269 5398 3684 5461 tnunicipalibus

2104 5480 2425 5536 usurpatur,
2455 5471 2546 5536 qui
2582 5469 2854 5522 habebant
2880 5470 3146 5523 modicam
3173 5468 3680 5536 coercitit)ttein,_ttt

2105 5533 2401 5607 loquuntur
2445 5533 2844 5607 jurisconsulti.
2887 5538 2981 5593 Sic
3012 5543 3151 5607 apud
3182 5534 3488 5607 Juvenalem
3523 5547 3538 5583 ε
3571 5533 3677 5607 (ξα-

2101 5600 2409 5676 biorumque
2436 5600 2548 5661 éue
2568 5618 2817 5676 potestas.
2851 5606 2997 5664 Iul’ra
3035 5600 3124 5665 tibi
3150 5610 3216 5665 de
3243 5603 3493 5664 Pothino,
3528 5600 3687 5665 πολι-

2103 5678 2253 5734 τικαὶ
2282 5676 2524 5735 ἐξουσίαι
2557 5679 2830 5735 dicuntur.
