4198 6468
431 335 543 391 415

1156 329 1427 388 EUSEBII
1464 326 1951 386 CESARIENSIS
1989 324 2141 383 OPP.
2179 323 2363 380 PARS
2401 321 2442 379 1.
2482 356 2551 366 --
2588 318 2982 377 Ηιδτοιιιολ.

3614 316 3721 368 416

438 461 586 507 sunt.
611 450 712 505 liis
746 450 799 504 in
844 450 1037 521 vulgus
1068 450 1300 520 sparsis,
1337 462 1531 504 omnes
1559 449 1821 503 continuo
1850 448 1902 501 iu
1938 462 2038 501 uos

2155 442 2683 515 ’Υπερσεὸλημένως
2723 440 2782 495 δὲ
2831 438 3131 509 ἐνέσκηψεν
3176 438 3209 508 ὴ
3258 435 3395 508 ὁρτὴ
3439 435 3590 489 πᾶσα
3626 430 3720 485 καὶ

440 545 578 599 adeo
600 541 812 598 eﬂ‘erali
846 554 993 609 sunt,
1029 553 1086 596 ut
1116 542 1159 596 si
1186 542 1277 610 qui
1312 541 1449 597 forte
1481 540 1830 610 cognationis
1857 555 2023 596 causa

442 635 710 689 moderati
760 648 887 701 erga
942 647 1042 687 nos
1108 631 1377 687 hactenus
1433 630 1818 695 exstitissent,
1897 638 2027 684 tunc

438 727 789 781 acerbissima
824 726 1205 795 indignatione
1233 724 1488 780 commoti
1515 725 1781 777 adversus
1808 731 2026 776 nostros

440 812 816 866 infremereut.
844 812 1233 883 Complebatur
1267 814 1450 878 itaque
1480 811 1532 866 id
1561 812 1705 879 quod
1738 826 1768 864 a
1799 809 2028 864 Domino

439 903 756 972 prauliclum
804 903 979 957 fuerat
1024 904 1110 957 his
1142 904 1323 957 verbis
1365 902 1457 955 ":
1498 921 1518 954 ι
1557 900 1751 955 Veniet
1792 912 2027 969 tempus,

442 1010 564 1047 cum
599 996 911 1065 quicunque
943 1010 1037 1049 vos
1083 996 1370 1060 occiderit,
1407 994 1614 1048 cultum
1644 992 1845 1047 oil'crre
1877 992 2030 1046 vide-

441 1087 593 1141 bitur
624 1088 750 1142 Deo.
796 1109 816 1141 ι
851 1089 1061 1143 Exinde
1088 1088 1418 1143 sanctissimi
1458 1098 1730 1156 martyres
1764 1085 2029 1155 ejusmodi

443 1189 715 1234 tormenta
745 1183 1142 1243 sustinuerunt,
1168 1197 1290 1249 qua:
1330 1180 1473 1233 nulla
1507 1195 1744 1249 unquam
1772 1177 2030 1233 oratione

443 1273 675 1341 exprimi
705 1274 955 1341 possint:
997 1273 1197 1327 Satana
1238 1273 1528 1326 ambitiose
1578 1270 1944 1325 contendente
1973 1279 2032 1324 nt

444 1360 514 1415 ab
547 1362 656 1415 illis
697 1378 916 1431 quoque
956 1363 1162 1432 aliquid
1212 1363 1375 1430 impie
1410 1363 1704 1415 diceretur.
1750 1360 2031 1429 Przecipue

450 1463 629 1506 tamen
666 1452 807 1523 volgi
842 1469 907 1507 ac
947 1454 1194 1523 pra-sidis
1221 1463 1275 1506 et
1303 1453 1535 1506 militum
1567 1452 1722 1507 furor
1748 1452 2033 1506 universus

449 1544 695 1598 incubuit
725 1546 778 1598 in
818 1545 1118 1609 Sanctum,
1146 1545 1434 1599 diaconum
1477 1545 1861 1611 Viennensem,
1891 1554 1945 1597 et
1978 1545 2030 1597 in

451 1633 1093 1706 Malorum,neopbytum
1123 1635 1339 1704 quidem
1378 1634 1552 1701 illum,
1599 1634 1691 1689 sed
1725 1633 2034 1704 generosis-

450 1726 647 1780 simum
707 1728 1062 1782 nihilominus
1121 1729 1356 1799 pugilem
1394 1728 1599 1783 Christi
1628 1746 1645 1784 :
1678 1729 1732 1782 in
1789 1727 2032 1781 Attalum

2133 535 2293 607 ὄχλου
2328 534 2424 588 καὶ⁸
2458 533 2725 605 ἡγεμόνος
2756 530 2852 584 καὶ
2896 528 3244 601 στρατιωτῶν
3281 526 3418 598 (91),
3455 526 3536 588 είς
3578 522 3720 592 Σάγ-

2131 644 2260 681 κτον
2305 625 2551 679 διάκονον
2599 622 2709 678 ἀπὸ
2744 622 2968 693 Βιέννης
3010 620 3144 691 (92),
3187 620 3282 674 καὶ
3312 620 3394 682 εἰς
3434 616 3720 687 Μάτουρον

2133 717 2496 788 νεοςρὼτιστον
2533 716 2654 787 μὲν,
2683 715 2821 768 ἀλλὰ
2861 715 3105 783 γενναῖον
3139 710 3472 781 ἀγωνιστὴν,
3514 708 3612 762 καὶ
3640 710 3721 771 είς

2134 810 2401 866 Ἀτταλον
2427 807 2786 880 Περγαμηνὸν
2800 805 2880 878 τῷ
2906 807 3075 875 γένει.
3103 805 3295 858 στύλον
3315 804 3412 857 καὶ
3437 798 3720 872 ἑδραίωμα

2134 900 2243 957 τῶν
2277 900 2509 953 ἐνταῦθα
2541 899 2629 952 ἀεὶ
2652 898 2933 967 γεγονότα,
2967 898 3063 951 καὶ
3089 898 3170 961 είς
3197 893 3512 956 Βλανδίναν,
3555 889 3625 943 δι’
3650 885 3723 962 ἧς

2136 991 2406 1056 ἐπέδειξεν
2443 992 2472 1045 ὁ
2498 991 2731 1061 Χριστὸς
2764 992 2843 1044 ὅτι
2875 989 2945 1042 τὰ
2987 989 3140 1061 παρὰ
3187 985 3497 1060 ἀνθρώποις
3525 982 3720 1052 εὐτελῆ

2133 1085 2228 1140 καὶ
2271 1084 2428 1154 ἀειδῆ
2484 1083 2577 1137 καὶ
2611 1082 3063 1154 εὐκαταφρόνητα
3104 1079 3428 1150 φαινόμενα,
3477 1074 3722 1148 μεγάλης

2139 1176 2493 1242 καταξιοῦται
2540 1175 2691 1249 παρὰ
2733 1175 2853 1246 Θεῷ
2900 1175 3060 1245 δόξης
3097 1173 3186 1228 διὰ
3230 1172 3330 1243 τὴν
3374 1170 3515 1242 πρὸς
3559 1167 3722 1223 αὐτὸν

2134 1270 2377 1342 ἀγάπην,
2399 1270 2499 1341 τὴν
2525 1270 2580 1322 ἐν
2603 1267 2832 1338 δυνάμει
2862 1265 3245 1336 δεικνυμένην,
3276 1263 3374 1318 καὶ
3400 1260 3475 1334 μὴ
3508 1264 3567 1314 ἐν
3594 1257 3729 1312 εἴδει

2135 1363 2519 1436 καυχωμένην.
2569 1361 2757 1434 Ἠμῶν
2797 1360 2907 1431 γὰρ
2943 1360 3161 1414 πάντων
3190 1357 3461 1421 δεδιότων,
3499 1353 3594 1408 καὶ
3624 1352 3726 1423 τῆς

2137 1458 2404 1530 σαρκίνης
2456 1454 2747 1524 δεσποίνης
2781 1451 2973 1522 αὐτῆς,
3021 1451 3143 1521 ἥτις
3184 1444 3253 1519 ἦν
3296 1447 3391 1501 καὶ
3435 1445 3575 1518 αὑτὴ
3615 1443 3728 1498 τῶν

2139 1548 2433 1623 μαρτύρων
2473 1547 2573 1618 μία
2608 1544 2967 1614 ἀγωνίστρια,
3000 1540 3324 1612 ἁγωνιὼσης
3360 1538 3436 1611 μὴ
3476 1538 3596 1593 οὐδὲ
3627 1538 3727 1609 τὴν

2137 1640 2428 1713 ὁμολογίαν
2469 1639 2760 1711 δυνήσεται
2796 1634 3280 1708 παρρησιάσασθαι
3306 1632 3394 1687 διὰ
3415 1631 3477 1686 τὸ
3502 1630 3730 1693 ἀσθενὲς

2139 1734 2231 1788 τοῦ
2263 1734 2534 1805 σώματος,
2568 1734 2602 1803 ἡ
2645 1730 2908 1784 Βλανδίνα
2946 1727 3216 1799 τοσαύτης
3246 1724 3540 1797 ἐπληρώθη
3572 1723 3732 1777 δυνά-

448 1832 688 1888 quoque,
714 1820 885 1887 patria
916 1819 1333 1889 Pergamenum,
1362 1821 1452 1889 qui
1490 1820 1740 1874 columna
1762 1831 1816 1874 et
1845 1820 2034 1876 firma-

2151 1843 2309 1896 μεως,
2337 1824 2479 1878 ὥστε
2516 1823 2809 1893 ἐκλυθῆναι
2835 1824 2930 1876 καὶ
2960 1820 3269 1893 παρεθῆναι
3297 1819 3426 1881 τοὺς
3449 1816 3593 1872 κατὰ
3614 1815 3731 1869 δια-

452 1915 695 1958 mentum
718 1906 975 1962 Ecclesiae
1004 1920 1202 1962 nostra:
1227 1924 1443 1977 semper
1467 1908 1568 1964 fuit
1593 1927 1606 1964 :
1637 1910 1687 1963 in
1718 1909 2032 1964 Blaudiuam

453 1997 708 2065 denique,
739 2013 834 2067 per
855 2015 1017 2069 quam
1042 2000 1293 2055 Christus
1320 2001 1582 2065 ostendit,
1605 2017 1726 2072 quae
1756 2002 1908 2063 vilia.
1936 2004 2033 2056 de-

454 2086 650 2143 formia
679 2103 1094 2162 contemptaque
1121 2092 1432 2148 hominibus
1464 2094 1737 2159 videntur,
1765 2108 1828 2149 ea
1867 2094 2036 2147 maxi-

456 2194 545 2234 mo
578 2179 786 2236 honore
818 2182 953 2238 allici
1009 2201 1041 2239 a
1095 2186 1205 2241 Deo
1242 2196 1469 2255 propter
1509 2185 1869 2241 excellentem
1904 2202 2035 2258 erga

456 2270 630 2341 ipsum
661 2274 1004 2342 ebaritatem,
1032 2294 1153 2348 quae
1177 2279 1227 2332 in
1257 2281 1460 2334 virtute
1482 2280 1829 2349 potentiaque
1857 2289 2037 2333 osten-

456 2363 623 2429 ditur,
677 2380 781 2419 non
818 2369 1001 2437 specie
1047 2369 1189 2422 inani
1232 2370 1519 2440 gloriatur.
1576 2370 1709 2424 Nam
1752 2385 1874 2424 cum
1917 2372 2040 2426 uni-

456 2455 602 2510 versi
653 2458 1075 2526 trepidaremus,
1113 2460 1337 2529 ipsaque
1395 2461 1538 2515 illius
1592 2463 1908 2531 temporalis
1938 2465 2038 2517 do-

459 2546 629 2608 mina.
649 2562 768 2616 qua:
788 2559 838 2603 et
874 2549 988 2619 ipsa
1019 2568 1122 2604 una
1142 2567 1264 2605 cum
1295 2551 1517 2623 reliquis
1549 2555 1877 2625 martyribus
1899 2564 2040 2609 stre-

462 2655 568 2694 nue
601 2643 897 2712 pugnabat,
919 2644 1240 2698 formidaret
1267 2645 1318 2697 in
1341 2646 1532 2714 primis
1557 2661 1623 2699 ne
1648 2646 1736 2699 illa
1763 2647 1834 2703 ob
1868 2650 2041 2702 lenui-

464 2740 629 2788 tatetn
672 2735 942 2804 corporis,
1001 2736 1228 2792 liberam
1285 2739 1683 2793 confessionem
1734 2742 1897 2795 edere
1933 2756 2038 2795 non

463 2824 706 2880 valeret:
736 2835 886 2881 tanto
913 2828 1079 2882 animi
1113 2830 1306 2886 robore
1333 2832 1547 2886 (inuata
1570 2843 1652 2887 est
1678 2831 1967 2899 Blaudina,
1985 2845 2044 2889 ut

466 2925 700 2972 tortores
724 2918 816 2985 qui
844 2918 1081 2973 invicem
1112 2921 1214 2974 sibi
1274 2924 1629 2978 succedentes
1656 2940 1684 2978 a
1723 2926 1896 2996 prima
1925 2927 2044 2981 luce

468 3024 640 3079 usque
668 3003 736 3063 ad
769 3024 1048 3080 vesperam
1079 3012 1227 3066 onmi
1259 3020 1652 3068 tormentorum
1695 3032 1894 3085 genere
1922 3032 2042 3072 eam

465 3106 935 3173 excruciaverant,
972 3108 1206 3163 resoluta
1239 3124 1530 3165 nervorum
1561 3127 1820 3181 compage
1842 3113 2042 3168 defice-

2140 1916 2298 1988 δοχὰς
2330 1916 2495 1969 παντὶ
2521 1916 2708 1987 τρόπῳ
2749 1911 3139 1985 βασανίζοντας
3166 1909 3338 1980 αὐτὴν
3366 1907 3474 1963 ἀπὸ
3505 1906 3733 1976 ἑωθινῆς

2141 2012 2247 2076 ἓως
2286 2010 2545 2083 ἑσπέρας,
2581 2011 2675 2064 καὶ
2714 2009 2913 2071 αὐτοὺς
2942 2003 3342 2078 ὁμολογοῦντας
3373 2004 3457 2058 ὅτι
3483 2000 3732 2073 νενίκην-

2140 2120 2251 2167 ται,
2298 2103 2463 2174 μηδὲν
2509 2101 2727 2173 ἔχοντες
2775 2100 2973 2172 μηκέτι
3021 2098 3049 2152 ὃ
3082 2098 3402 2169 ποιήσουσιν
3444 2095 3605 2166 αὐτῇ,
3637 2092 3734 2147 καὶ

2144 2191 2445 2265 θαυμάζειν
2473 2193 2566 2245 ἐπὶ
2602 2192 2680 2264 τῷ
2712 2191 3050 2263 παραμένειν
3081 2188 3327 2258 ἔμπνουν
3365 2186 3558 2256 αὐτὴν,
3590 2200 3734 2237 παν-

2143 2285 2235 2350 τὸς
2256 2286 2349 2339 τοῦ
2380 2284 2630 2355 σώματος
2655 2284 3090 2357 περιερῤωγότος
3109 2282 3218 2351 (95)
3237 2280 3334 2333 καὶ
3356 2278 3733 2349 ἠνεῳγμένον,

2145 2378 2239 2431 καὶ
2285 2379 2581 2448 μαρτυρεῖν
2621 2378 2703 2430 ὃτι
2744 2376 2802 2429 ἓν
2838 2372 2977 2439 εἶδος
3024 2371 3409 2445 στρεϐλώσεως
3459 2368 3642 2423 ἱκανὸν
3665 2363 3737 2440 ἦν

2146 2470 2279 2541 πρὸς
2304 2469 2364 2521 τὸ
2393 2468 2682 2537 ἐξαγαγεῖν
2708 2469 2806 2540 τὴν
2825 2466 3025 2537 ψυχὴν.
3058 2465 3155 2535 οὐχ
3176 2465 3258 2517 ὅτι
3286 2479 3350 2531 γε
3383 2460 3604 2516 τοιαῦτα
3641 2459 3738 2514 καὶ

2143 2558 2397 2611 τοσαῦτα.
2454 2558 2589 2610 Ἀλλ’
2636 2560 2669 2627 ἡ
2708 2556 2955 2629 μακαρία
2979 2556 3052 2620 ὡς
3081 2556 3326 2624 γενναῖος
3361 2551 3601 2622 ἀθλητὴς
3652 2553 3742 2605 ἀν-

2146 2652 2363 2717 ενέαζεν
2397 2654 2455 2706 ἐν
2496 2655 2562 2723 τῇ
2609 2650 3003 2722 ὀμολογίᾳ,καὶ
3031 2645 3098 2719 ἦν
3131 2646 3301 2717 αὐτῆς
3340 2644 3608 2717 ἀνάληψις
3641 2644 3735 2697 καὶ

2146 2743 2452 2804 ἀνάπαυσις
2482 2744 2576 2796 καὶ
2615 2740 2919 2811 ἀναλγησία
2956 2739 3064 2793 τῶν
3092 2736 3520 2809 συμϐαινόντων,
3545 2735 3606 2789 τὸ
3653 2733 3739 2786 λέ-

2147 2852 2285 2905 γειν,
2299 2837 2381 2890 ὅτι
2400 2836 2728 2908 «Χριστιανή
2744 2835 2875 2905 εἰμι’
2929 2835 3023 2888 καὶ
3063 2833 3192 2902 παρ’
3214 2831 3344 2901 ἡμῖν
3360 2828 3512 2882 οὐδὲν
3536 2825 3737 2897 φαῦλον

2150 2928 2476 2998 γίνεταιδὉ
2500 2927 2558 2980 δὲ
2603 2927 2864 2995 Σάγκτος,
2897 2924 2992 2978 καὶ
3034 2924 3196 2987 αὐτὸς
3246 2919 3738 2992 ὑπερϐεϐλημένως

2152 3023 2246 3076 καῖ¹
2287 3022 2428 3091 ὑπὲρ
2473 3019 2650 3074 πάντα
2695 3017 2981 3088 ἄνθρωπον
3011 3016 3189 3079 πάσας
3230 3017 3327 3078 τὰς
3347 3013 3406 3077 ἐξ
3440 3009 3743 3077 ἀνθρώπιον

2156 3113 2342 3177 αίκίας
2395 3114 2658 3181 γενναίως
2673 3110 2978 3180 ὑπομένων,
3012 3108 3120 3161 τῶν
3159 3107 3377 3177 ἀνόμων
3413 3102 3744 3169 ἐλπιζόντων

469 3207 627 3262 rent;
658 3214 834 3269 seque
872 3199 1046 3253 victos
1071 3198 1335 3265 confessi,
1395 3218 1517 3255 rum
1551 3202 1755 3256 nullum
1792 3207 2047 3259 tormenti

2152 3204 2241 3258 διὰ
2288 3202 2385 3274 τὴν
2431 3201 2697 3273 ἐπιμονὴν
2747 3198 2858 3272 (94)
2887 3200 2981 3254 καὶ
3003 3199 3062 3253 τὸ
3095 3199 3324 3270 μέγεθος
3354 3198 3462 3251 τῶν
3494 3197 3743 3268 βασάνων

469 3306 640 3360 genus
663 3290 805 3360 quod
858 3290 957 3360 ipsi
990 3289 1176 3344 inferri
1210 3302 1415 3361 posset,
1468 3292 1736 3362 reliquum
1765 3293 2048 3358 haberent,

472 3384 802 3439 mirarentur
844 3385 1021 3439 adlmc
1052 3383 1194 3438 illam
1235 3386 1486 3455 spiritum
1522 3386 1742 3449 ducere,
1780 3395 1891 3440 toto
1924 3401 2046 3441 cor-

472 3487 605 3544 pore
645 3474 885 3529 laceraio
918 3484 1084 3544 atque
1123 3473 1406 3546 perfosso;
1462 3486 1902 3546 testarenturque
1934 3477 2058 3531 uni-

473 3584 600 3625 cum
634 3571 888 3625 tormenti
914 3585 1085 3640 genus
1110 3571 1178 3625 ad
1204 3571 1356 3625 illam
1388 3573 1721 3626 enecandam
1748 3570 2054 3637 suffecisse,

477 3659 676 3714 nedum
705 3669 784 3714 tot
806 3675 868 3713 ac
894 3667 1042 3713 tanta
1077 3667 1365 3715 tormenta.
1430 3660 1626 3715 Verum
1651 3662 1812 3717 beata
1840 3661 1947 3724 illa,
1978 3661 2060 3714 in-

476 3759 590 3806 star
618 3750 867 3820 generosi
890 3752 1173 3821 cuiusdam
1207 3752 1447 3817 athletaa,
1473 3753 1529 3806 in
1562 3752 1679 3822 ipsa
1715 3753 2061 3808 confessione

479 3841 625 3895 vires
658 3852 821 3910 atque
845 3843 1055 3897 animos
1083 3848 1413 3898 resumebat.
1444 3844 1681 3912 Eratque
1734 3844 1785 3898 ei
1838 3844 2062 3899 refectio

482 3942 535 3984 et
558 3932 738 4001 quies,
784 3947 1117 4002 sensumque
1144 3950 1361 3989 Omnem
1399 3938 1690 4004 praesentis
1718 3935 1921 3991 doloris
1950 3937 2064 3991 adi-

483 4021 665 4076 urebat.
692 4022 924 4091 prolatio
942 4025 1133 4078 horum
1163 4027 1452 4079 verborum
1481 4026 1859 4081 “Christiana
1923 4042 2067 4093 sum,

480 4123 538 4167 et
575 4114 709 4167 nihil
750 4115 890 4184 apud
932 4130 1032 4171 nos
1065 4115 1192 4169 mali
1222 4116 1733 4186 geritumSanctus
1761 4130 1910 4183 vero,
1939 4132 2062 4170 cum

479 4216 535 4260 et
569 4207 686 4275 ipse
725 4222 889 4277 supra
925 4208 1221 4262 humanum
1254 4208 1471 4262 modum
1502 4219 1697 4263 cuncta
1721 4224 1842 4277 quae
1870 4210 1937 4263 ab
1968 4211 2068 4265 ho-

486 4299 725 4356 minibus
755 4302 1053 4371 excogitari
1082 4310 1335 4372 poterant
1359 4312 1626 4357 tormenta
1661 4301 1881 4358 iortiter
1902 4306 2068 4358 sustis

487 4402 662 4458 neret,
696 4393 1047 4461 sperantibus
1072 4394 1184 4462 jam
1215 4394 1396 4462 impiis
1428 4393 1634 4463 aliquid
1666 4408 1726 4449 se
1754 4393 2065 4450 indecorum

487 4493 648 4554 atque
680 4483 842 4555 158
891 4485 1135 4541 illicitum
1165 4501 1231 4541 ex
1261 4501 1327 4542 eo
1361 4486 1674 4553 audituros,
1720 4486 1791 4542 ob
1843 4487 2064 4542 nimiam
2106 4538 2109 4543 ,

557 4575 606 4611 ⁸⁸
635 4574 790 4633 Joan.
825 4594 935 4634 xvi.

2156 3293 2485 3348 ἀκούσεσθαί
2526 3311 2579 3346 τι
2608 3292 2741 3364 παρ’
2781 3291 2945 3345 αύτοῦ
2979 3290 3087 3344 τῶν
3125 3291 3199 3363 μὴ
3232 3290 3479 3347 δεόντων.
3504 3284 3744 3361 τοσαύτῃ

2157 3386 2450 3439 ὑποστάσει
2477 3384 2945 3457 ἀντιπαρετάξατο
2963 3383 3166 3447 αὐτοῖς,
3194 3382 3336 3436 ὥστε
3369 3382 3502 3453 μηδὲ
3530 3381 3593 3434 τὸ
3612 3379 3746 3433 ἴδιον

2158 3479 2437 3529 κατειπεῖν
2471 3475 2661 3545 ὄνομα,
2710 3476 2845 3544 μήτε
2875 3473 3079 3538 ἔθνους,
3111 3476 3245 3544 μήτε
3276 3472 3481 3536 πόλεως
3513 3472 3633 3525 ὅθεν
3655 3467 3745 3543 ἦν,

2163 3571 2297 3642 μήτε
2323 3570 2372 3623 εί
2391 3569 2573 3632 δοῦλος
2600 3568 2632 3639 ἦ
2663 3566 2946 3638 ἐλεύθερος
2983 3566 3092 3637 εἴη,
3123 3565 3257 3619 ἀλλὰ
3296 3564 3433 3637 πρὸς
3472 3563 3648 3617 πάντα
3679 3563 3749 3615 τὰ

2159 3664 2560 3734 ἐπερωτώμενα
2582 3659 2912 3730 ἁπεκρίνατο
2931 3662 2996 3731 τῇ
3029 3660 3309 3730 Ῥωμαϊκῇ
3343 3659 3514 3728 φωνῇ’
3557 3673 3576 3706 ι
3613 3656 3750 3727 Χρι-

2163 3754 2377 3818 στιανός
2406 3755 2541 3824 εἰμι.
2567 3774 2585 3805 ι
2608 3753 2778 3806 Τοῦτο
2811 3752 2902 3805 καὶ
2924 3751 3044 3804 ἀντὶ
3071 3751 3355 3821 ὀνόματος,
3389 3750 3483 3802 καὶ
3518 3749 3637 3803 ἀντὶ
3661 3747 3752 3803 πό-

2163 3846 2318 3909 λεως,
2347 3846 2442 3899 καὶ
2483 3846 2603 3898 ἀντὶ
2649 3844 2859 3913 γένους,
2893 3845 2988 3898 καὶ⁸
3026 3844 3149 3897 ἀντὶ⁸
3199 3840 3400 3905 παντὸς
3431 3840 3750 3911 ἐπαλλήλως

2162 3939 2450 4010 ὡμολόγει,
2503 3938 2668 4009 ἄλλην
2718 3938 2775 3992 δὲ
2828 3937 3011 4007 φωνὴν
3059 3937 3160 3989 οὐκ
3195 3936 3433 4006 ἥκουσαν
3478 3930 3643 3986 αὑτοῦ
3679 3931 3750 3985 τά

2164 4029 2313 4102 ἔθνη.
2352 4027 2515 4083 Ὅθεν
2542 4028 2607 4097 δὴ
2625 4028 2719 4081 καὶ⁵
2748 4026 3049 4095 φιλονεικία
3090 4025 3297 4096 μεγάλη
3323 4022 3419 4076 τοῦ
3451 4039 3512 4074 τε
3543 4021 3752 4093 ἡγεμό-

2165 4136 2254 4182 νος
2285 4120 2379 4173 καὶ
2420 4118 2529 4173 τῶν
2567 4117 2905 4189 βασανιστῶν
2948 4118 3164 4187 ἐγένετο
3206 4115 3341 4187 πρὸς
3377 4114 3560 4179 αὐτὸν,
3609 4112 3749 4166 ὥστε

2166 4210 2327 4264 ὁπότε
2356 4211 2551 4282 μηκέτι
2585 4211 2750 4283 μηδὲν
2779 4205 2923 4280 εἶχον
2950 4210 2978 4263 ὃ
3014 4211 3330 4279 ποιήσουσιν
3362 4204 3533 4276 αὐτῷ,
3572 4205 3631 4258 τὸ
3659 4220 3750 4257 τε·-

2167 4302 2409 4355 λευταῖον
2433 4302 2641 4373 χαλκᾶς
2672 4302 2894 4365 λεπίδας
2913 4301 3212 4373 διαπύρους
3242 4297 3617 4371 προσεκόλλων
3639 4298 3753 4359 τοῖς

2167 4396 2605 4468 τρυφερωτάτοις
2632 4396 2814 4467 μέλεσι
2846 4394 2940 4448 τοῦ
2967 4394 3217 4463 σώματος
3242 4389 3424 4444 αὑτοῦ.
3450 4388 3559 4444 Καὶ
3580 4386 3754 4441 ταῦτα

2174 4491 2271 4561 μὲν
2300 4489 2535 4556 ἐκαίετο,
2569 4489 2731 4553 αὐτὸς
2780 4489 2839 4543 δὲ
2865 4488 3173 4560 παρέμενεν
3202 4484 3615 4554 ἁνεπίκαμπτος
3659 4480 3756 4535 καὶ

489 4674 608 4741 Quo
634 4684 843 4741 spectat
871 4675 956 4728 illa
991 4691 1092 4730 vox
1125 4674 1483 4738 Blandinze,in
1511 4676 1706 4730 mediis
1735 4678 2072 4733 cruciatibus
2104 4683 2150 4736 D
2179 4678 2388 4733 inducti
2432 4677 2833 4734 existimarunt.
2888 4674 3048 4732 Certe
3100 4673 3492 4745 Lugdunenses
3542 4668 3751 4745 inultae

494 4746 625 4798 nihil
660 4745 804 4798 aliud
851 4746 1226 4814 proloqnentis
1282 4761 1482 4811 quam:
1513 4764 1534 4797 ι
1584 4747 1891 4801 Christiana
1926 4764 2068 4810 sum,

496 4814 628 4885 nihil
661 4817 799 4885 apud
836 4830 934 4867 nos
955 4818 1077 4869 mali
1112 4817 1340 4885 geritur.
1374 4835 1392 4868 ι
1417 4815 1778 4871 Potestetiam
1816 4818 1943 4873 illud
1977 4818 2073 4873 καὶ

482 4885 532 4937 δι
555 4886 569 4907 ’
592 4884 837 4956 ἐκείνων,
870 4884 1063 4939 referri
1101 4884 1167 4939 ad
1204 4887 1389 4940 decem
1420 4886 1541 4940 illos
1572 4887 1665 4955 qui
1704 4888 1859 4941 initio
1891 4904 2075 4956 perse-

496 4955 741 5026 cutiOuis
762 4957 905 5020 capti
937 4956 1175 5009 animum
1206 4956 1631 5024 desponderant.
1687 4958 2074 5026 Cbristopbor-

497 5040 665 5145 situlus
696 5025 1082 5094 blasphemiam
1113 5036 1303 5081 contra
1329 5042 1525 5082 nomen
1546 5026 1747 5083 Christi
1776 5025 2079 5098 intelligere

497 5110 583 5145 ma
610 5105 705 5145 tttl.

497 5105 705 5149 maluit.

573 5163 684 5238 (91)
723 5164 836 5238 [fati
885 5164 1280 5238 στρατιωτῶν.
1327 5166 1553 5222 [inlimis
1596 5169 1779 5231 vertit,
1824 5168 2071 5238 ofﬁcium,

503 5236 715 5308 milites.
747 5234 881 5290 Nam
926 5236 1114 5290 Graeca
1157 5252 1259 5290 vox
1304 5250 1593 5308 utrumque
1625 5234 1920 5306 significat,
1964 5249 2071 5291 tam

500 5305 753 5377 oliieiales
783 5321 875 5360 seu
904 5308 1240 5377 apparitores
1267 5305 1537 5375 judieuni,
1569 5305 1731 5373 quain
1759 5310 1977 5373 milites,
2014 5317 2073 5361 ut

502 5375 675 5431 fusius
700 5375 987 5433 ostensuri'
1012 5393 1198 5430 sumus
1247 5380 1312 5431 ad
1349 5376 1521 5433 libros
1555 5378 1629 5431 De
1672 5380 1776 5432 vita
1809 5378 2070 5434 Constan-

502 5447 620 5501 tini.
660 5446 759 5519 Hie
786 5461 916 5500 vero
947 5446 1150 5501 milites
1176 5448 1360 5501 malim
1397 5449 1721 5519 intelligere,
1760 5465 1887 5504 cum
1916 5464 2075 5517 supra

502 5518 708 5574 mentio
737 5518 827 5571 fiat
854 5519 1051 5571 tribuni
1087 5519 1338 5572 militum.

574 5588 685 5658 (92)
730 5588 1000 5657 Σάγοκτον
1041 5587 1325 5642 διάκονον
1383 5588 1502 5644 ἀπὸ
1545 5587 1817 5657 Βιέννης.
1854 5588 2083 5643 Rufinus

506 5655 762 5712 Sancl’um
801 5655 1082 5712 diaconum
1126 5659 1461 5713 Viennensem
1502 5655 1911 5729 interpreiatur,
1934 5661 2076 5725 quod

506 5736 591 5811 est
620 5729 1376 5811 ambiguum._Nequeeniin
1422 5730 1660 5811 Sanctus
1691 5731 2078 5811 [ειη-«1130911115

513 5796 830 5855 Viennensis
859 5796 1137 5868 Ecclesiae,
1164 5810 1221 5857 ut
1243 5800 1464 5871 quidam
1495 5800 1597 5858 hac
1621 5799 1804 5859 Ruﬁni
1830 5796 2076 5859 versione

2177 4752 2404 4814 epistola
2438 4751 2502 4805 id.
2522 4765 2627 4802 non
2657 4750 2867 4820 dicunt,
2917 4748 3038 4820 seil_
3058 4740 3264 4820 tantum
3304 4742 3571 4820 aliirmant
3600 4740 3753 4792 illum

2174 4821 2379 4875 Vienna
2415 4821 2707 4871 oriundum
2764 4819 2950 4872 fuisse.
2981 4814 3119 4869 'Fuil
3164 4816 3327 4880 igitur
3379 4816 3464 4868 hic
3522 4814 3758 4880 Sanctus

2174 4892 2349 4959 patria
2388 4890 2605 4959 quidem
2646 4887 2995 4954 Viennensis,
3026 4886 3290 4940 diacoous
3319 4895 3499 4937 autem
3532 4879 3755 4947 Lugdu-

2177 4958 2361 5014 nensis
2386 4958 2658 5012 Ecclesiae.

2250 5031 2362 5100 (95)
2393 5028 2879 5100 Περιεῤῥωγιότος.
2911 5024 3093 5081 Codex
3134 5022 3293 5100 Μαι,
3319 5019 3479 5100 Fuit"
3510 5018 3675 5074 Savil.
3698 5027 3757 5074 et

2184 5092 2975 5183 Νύξ-διερρωγότοίΙιυιιθιιι..
3012 5097 3155 5183 quod
3192 5097 3365 5183 magis
3392 5092 3590 5183 placet:

2252 5170 2363 5240 (9i)
2398 5161 2502 5222 Δὶᾶ
2550 5161 2666 5235 τὴν
2701 5161 3043 5240 imparting
3077 5166 3389 5240 _Ample_rtor
3421 5161 3751 5240 scripturam

2179 5231 2384 5295 codicis
2417 5231 2653 5293 Medionii
2700 5251 2752 5292 et
2786 5231 2960 5299 avla-5.,
2995 5235 3129 5290 Fnk.
3166 5231 3215 5289 et
3250 5234 3403 5297 Sav.,
3453 5233 3504 5284 in
3553 5231 3752 5297 quibus

2179 5311 2375 5379 legitur
2426 5308 2689 5380 ἐπιμονὴν
2727 5309 2820 5363 καὶ
2875 5307 2936 5361 τὸ
2993 5304 3220 5380 μέγεθος
3258 5303 3365 5358 τῶν
3395 5300 3663 5380 βασάνων.
3698 5299 3756 5354 Id

2185 5392 2304 5444 est,
2347 5381 2409 5434 ob
2452 5379 2818 5434 assiduitatem
2881 5390 2927 5433 et
2983 5379 3299 5449 gravitatem
3349 5379 3754 5449 tormentgr‘unm.

2186 5439 2319 5504 Nam
2351 5453 2491 5520 quod
2521 5465 2584 5504 ex
2635 5449 2853 5505 Gruteri
2904 5439 3399 5520 libro__proponitur
3426 5439 3756 5520 ὑπερβολήν,

2186 5516 2477 5576 vanissima
2523 5521 2834 5585 conjectura
2889 5530 2993 5574 est.
3048 5517 3216 5570 l’aulo
3246 5527 3383 5584 post,
3426 5517 3529 5585 ubi
3562 5516 3756 5585 legitur

2182 5590 2346 5645 ὁπότε
2392 5591 2558 5662 μηδὲν
2589 5577 2754 5663 εἶχον,
2808 5593 2977 5645 codex
3024 5577 3309 5663 hledicmus
3339 5584 3585 5663 et_Maz.,
3618 5577 3756 5663 Fui}.

2183 5672 2240 5716 et
2266 5649 2432 5717 Savii.
2456 5649 3012 5718 'voceuthiuierserunt
3044 5659 3148 5712 hoc
3179 5656 3358 5727 modo,
3386 5654 3548 5711 ὁπότε
3582 5649 3765 5727 (aqua

2181 5751 2231 5790 τι
2265 5732 2428 5807 μηδὲν
2456 5728 2620 5806 εἶχον,
2648 5734 2791 5804 quod
2825 5741 2909 5789 est
2937 5728 3258 5803 elegantius.
