4198 6392
566 321 673 382 M9

555 540 983 607 abnegaverant,
1027 550 1154 590 cum
1202 534 1320 604 jam
1364 533 1616 589 diabolus
1650 549 1678 585 a
1713 548 1772 588 se
1821 530 2135 600 absorptam

555 632 826 694 crederet,
856 628 1122 697 velletque
1154 627 1377 696 insuper
1414 627 1827 682 damnationem
1873 624 2016 680 illius
2042 640 2137 678 cu-

553 722 761 776 mulare
802 720 1159 791 blasphemia.
1213 720 1280 772 ad
1321 720 1643 788 supplicium
1697 718 1871 781 duxit,
1911 717 2135 786 adigens

550 831 670 869 eam
743 824 933 882 utpote
1009 813 1259 885 fragilem
1312 813 1425 881 jam
1502 821 1559 868 et
1619 812 1913 883 ignavam,
1967 810 2131 881 impia

552 909 714 979 159
735 909 800 963 de
827 908 982 963 nobis
1020 906 1290 977 proloqui.
1328 904 1525 959 Verum
1576 905 1665 959 illa
1701 905 1930 973 resipuit
1978 906 2130 960 inter

546 1003 846 1067 cruciatus,
899 1014 965 1054 ac
1015 998 1178 1054 veluti
1226 1014 1291 1052 ex
1333 998 1599 1053 altissimo
1647 1013 1841 1053 somno
1892 999 2128 1052 excitata

544 1104 649 1160 est,
688 1102 953 1162 praesente
977 1092 1247 1162 supplicio
1288 1091 1354 1145 de
1377 1101 1596 1145 acterna:
1624 1092 1888 1160 gehennae
1912 1092 2129 1144 crucia-

545 1188 690 1239 tibus
733 1187 905 1255 ipsam
943 1185 1325 1239 submonente.
1358 1182 1428 1238 Et
1463 1181 1848 1237 contradicens
1898 1182 2122 1251 impiis:

541 1276 644 1342 Qui
678 1276 794 1330 fieri
849 1284 1054 1344 posset.
1093 1274 1289 1342 inquit,
1349 1283 1408 1326 ut
1468 1274 1705 1326 infantes
1752 1275 2119 1335 comederent,

538 1369 739 1436 quibus
789 1381 858 1419 ne
901 1366 1220 1435 sanguinem
1269 1366 1487 1435 quidem
1544 1366 1903 1418 animantium
1961 1366 2125 1435 degu-

541 1472 691 1512 stare
712 1456 860 1511 licel.
886 1457 1478 1511 AbbincChristianam
1506 1472 1563 1510 se
1595 1473 1715 1511 esse
1748 1461 2026 1521 confessa,
2067 1460 2118 1511 in

544 1549 878 1602 consortium
931 1559 1231 1621 martyrum
1294 1550 1463 1603 relata
1521 1559 1621 1606 est.
1647 1549 1819 1604 Porro
1850 1566 1971 1604 cum
2000 1552 2121 1606 nni-

535 1653 697 1692 versa
764 1649 1121 1709 tyrannorum
1180 1650 1447 1694 ιονηιριιιιι
1500 1655 1595 1707 per
1645 1651 1945 1712 martyrum
1980 1658 2118 1697 (⁵011·

538 1729 794 1784 stantiam
830 1747 858 1783 a
899 1731 1115 1785 Christo
1143 1740 1324 1785 essent
1351 1732 1606 1785 hebetata
1640 1749 1703 1785 ac
1742 1742 1950 1798 retusa,
1977 1734 2115 1788 alias

1263 319 1535 379 EUSEBII
1575 316 2059 374 (ΖᾹΞΞΑΒΙΕΝΒΙΞ
2101 314 2253 373 OPP.
2294 315 2476 373 PARS
2515 317 2555 372 1.
2598 349 2667 362 -
2706 318 3103 379 ΠίὸΤΟΒΙϐΑ.

558 446 681 503 dem
710 445 999 516 quamdam
1044 458 1110 497 ex
1134 456 1322 497 eorum
1349 456 1572 496 numero
1594 441 1686 510 qui
1730 440 1931 494 Christi
1970 438 2103 493 ῐὶιιοιι

2200 440 2329 497 ,καὶ
2370 441 2470 503 τὰς
2514 439 2708 503 λοιπὰς
2754 441 2958 505 αἰκίας,
3006 441 3138 505 ὅσας
3185 442 3441 497 εἰώθασιν
3481 446 3828 518 ὀργιζόμενοι

3722 329 3827 386 4ἓο

2242 531 2527 602 ὑπουργοὶ,
2580 532 2673 584 καὶ
2719 532 2890 585 ταῦτα
2930 532 3177 586 διαϐόλου
3229 532 3478 606 πλήρεις,
3527 537 3825 594 διατιθέναι

2236 624 2364 686 τοὺς
2416 622 2848 694 ὲγκλειομένους,
2905 625 3047 677 ὥστε
3102 626 3470 697 ἀποπνιγῆναι
3504 631 3632 695 τοὺς
3676 631 3822 686 πλεί·

2240 730 2397 776 στους
2422 715 2481 766 ἐν
2501 716 2566 785 τῇ
2603 717 2817 785 εἱρκτῇ,
2867 715 3025 779 ὅσους
3056 732 3117 784 γε
3145 718 3173 769 ὁ
3224 716 3427 789 Κύριος
3458 716 3632 784 οὕτως
3671 719 3823 785 ἐξελ-

2237 807 2349 860 θεῖν
2372 807 2660 877 ἠθέλησεν,
2695 807 3047 861 ἐπιδεικνύων
3087 810 3185 878 τὴν
3210 809 3376 862 αὑτοῦ
3419 810 3594 874 δόξαν.
3629 813 3694 864 Οί
3723 814 3822 884 μὲν

2234 902 2341 973 γάρ
2390 901 2809 972 βασανισθέντες
2856 901 3089 973 πικρῶς,
3136 900 3276 956 ὥστε
3310 903 3486 956 δοκεῖν
3543 905 3678 976 μηδὲ
3721 905 3821 979 τῆς

2231 993 2412 1063 πάσης
2447 993 2742 1063 θεραπείας
2780 994 3040 1063 τυχόντας
3087 994 3166 1046 ἔτι
3199 995 3364 1064 ζῆσαι
3396 994 3676 1061 δύνασθαι,
3708 1014 3818 1051 πα-

2233 1083 2455 1157 ρέμενον
2480 1088 2536 1138 ὲν
2576 1089 2641 1157 τῇ
2677 1088 2888 1158 εἱρκτῇ,
2920 1086 3116 1158 ἔρημοι
3154 1088 3249 1157 μὲν
3287 1086 3388 1155 τῆς
3412 1088 3562 1160 παρὰ
3605 1089 3815 1161 ἀνθρώ-

2228 1194 2344 1229 πων
2377 1176 2711 1246 ἐπιμελείας,
2743 1176 3221 1248 ἀναρρωννύμενοι
3247 1177 3303 1230 δὲ
3337 1177 3441 1230 ὑπὸ
3473 1179 3569 1231 τοῦ
3608 1181 3815 1251 Κυρίου

2226 1268 2321 1320 καὶ
2351 1268 2811 1340 ὲνδυναμούμενοι
2850 1271 2944 1322 καὶ
2987 1268 3197 1340 σώματι
3225 1270 3318 1322 καὶ
3345 1270 3512 1342 ψυχῇ,
3545 1272 3640 1325 καὶ
3690 1273 3815 1337 τοὺς

2223 1361 2442 1424 λοιποὺς
2494 1362 2885 1433 παρορμῶντες
2938 1363 3034 1415 καὶ
3089 1362 3600 1434 παραμυθούμενοι.
3654 1367 3717 1417 Οί
3759 1365 3816 1419 δέ

2222 1451 2405 1522 νεαροὶ
2434 1453 2526 1505 καὶ
2556 1453 2679 1523 ἄρτι
2715 1451 3158 1522 συνειλημμένοι,
3189 1448 3263 1505 ὧν
3305 1452 3380 1524 μὴ
3408 1453 3815 1526 προκατῄκιστο

2221 1545 2290 1598 τὰ
2342 1543 2592 1615 σώματα,
2624 1545 2686 1596 τὸ
2727 1544 2892 1614 βάρος
2941 1544 3041 1596 οὐκ
3069 1545 3261 1615 ἔφερον
3293 1546 3394 1615 τῆς
3426 1545 3811 1614 συγκλείσεως,

2220 1636 2334 1691 ἀλλ’
2359 1637 2504 1690 ἔνδον
2543 1636 2965 1707 ἐναπέθνησκον.
3014 1637 3070 1689 '0
3106 1637 3161 1688 δὲ
3195 1638 3465 1707 μακάριος
3505 1636 3758 1701 Ποθεινὸς
3783 1637 3813 1689 ὀ

2217 1731 2315 1800 τὴν
2335 1729 2607 1781 διακονίαν
2642 1730 2741 1798 τῆς
2762 1728 3067 1797 ἐπισκοπῆς
3091 1730 3147 1781 ἐν
3179 1729 3494 1799 Λουγδούνῳ
3522 1747 3812 1783 πεπιστευ-

539 1822 820 1877 inachinas
846 1822 1095 1877 diabolus
1117 1824 1468 1891 exmgitavit,
1501 1837 1558 1876 ut
1590 1825 1798 1878 scilicet
1835 1827 1889 1878 in
1916 1826 2103 1879 obscu-

2223 1824 2403 1892 μένος,
2435 1822 2574 1891 ὑπὲρ
2608 1822 2675 1875 τὰ
2700 1823 3021 1892 ἐνενήκοντα
3051 1820 3144 1891 ἔτη
3174 1820 3274 1890 τῆς
3305 1820 3520 1890 ἡλικίας
3546 1821 3805 1890 γεγονὼς,

534 1913 811 1968 rissimum
847 1928 910 1968 ac
955 1913 1399 1970 molestissimum
1433 1917 1675 1969 carceris
1711 1916 1885 1971 locum
1940 1918 2114 1986 conji-

528 2014 806 2071 cerentur,
850 2014 1018 2074 utque
1072 2007 1238 2074 pedes
1282 2006 1335 2059 in
1371 2020 1537 2060 nervo
1570 2007 1635 2058 ad
1663 2009 1909 2075 quintum
1940 2025 2112 2077 usque

530 2094 771 2149 foramen
823 2095 1101 2149 distensos
1138 2094 1426 2156 haberent.
1460 2111 1525 2149 ac
1555 2095 1760 2165 reliqua
1802 2097 2108 2166 hujusmodi

526 2186 861 2239 crnciatnum
893 2201 1092 2255 genera
1114 2186 1440 2256 perferrent,
1498 2187 1698 2255 quibus
1730 2186 1986 2255 ministri,
2021 2199 2109 2242 ut-

525 2285 651 2343 pote
684 2275 877 2330 infensi
906 2284 960 2330 et
984 2292 1012 2329 a
1041 2277 1285 2331 daemone
1314 2277 1553 2341 incitati,
1602 2292 1808 2331 vexare
1868 2278 2109 2333 inclusos

520 2377 940 2422 consueverunt.
973 2369 1123 2422 Adeo
1154 2378 1211 2421 u'.
1246 2382 1309 2422 ex
1335 2384 1520 2422 eorum
1563 2385 1793 2424 numero
1821 2371 2109 2439 quamplu-

523 2461 645 2515 rimi
695 2461 749 2514 in
798 2476 1022 2514 carcere
1063 2459 1311 2514 suﬂ'ocati
1347 2463 1684 2527 interierint,
1715 2476 1855 2530 quos
1890 2463 2106 2516 scilicet

520 2548 684 2614 Deus,
728 2550 818 2618 qui
871 2564 1026 2604 suam
1060 2550 1112 2602 in
1149 2549 1403 2604 omnibus
1447 2550 1673 2621 gloriam
1703 2551 1962 2615 05tendit,
2000 2553 2106 2607 hoc

521 2640 714 2693 mortis
737 2655 939 2710 genere
987 2640 1207 2710 defungi
1235 2642 1497 2696 voluerat.
1541 2642 1647 2695 Alii
1688 2642 1980 2711 siquidem,
2011 2645 2101 2711 qui

519 2732 875 2786 acerbissime
927 2733 1227 2787 excruciati
1284 2732 1526 2799 fuerant,
1564 2734 1636 2788 ita
1694 2743 1753 2788 nt
1802 2748 1870 2788 ne
1920 2735 2103 2790 vivere

517 2827 737 2895 quidem
792 2827 999 2881 diutius
1038 2842 1204 2891 posse
1253 2828 1615 2881 crederentur
1661 2827 1914 2897 quamvis
1951 2829 2099 2883 omni

516 2920 817 2975 curationis
857 2933 1062 2989 genere
1112 2920 1400 2975 refoeillati
1456 2920 1722 2988 fuissent,
1780 2936 2099 2990 permanse-

517 3012 709 3064 runtin
737 3012 980 3065 custodia
1013 3028 1027 3066 :
1054 3011 1332 3066 hominum
1364 3011 1579 3080 quidem
1603 3013 1803 3067 auxilio
1829 3014 2095 3077 destituti,

515 3118 702 3156 verum
741 3105 979 3158 roborati
1011 3120 1038 3156 a
1078 3104 1210 3168 Deo,
1240 3113 1294 3159 et
1334 3115 1445 3158 tam
1488 3105 1653 3159 animi
1702 3120 1864 3173 quam
1897 3120 2095 3175 corpo-

2220 1917 2314 1968 καὶ
2351 1916 2494 1969 πάνυ
2516 1914 2747 1984 ἀσθενὴς
2764 1913 2841 1983 τῷ
2869 1912 3101 1982 σώματι,
3128 1913 3279 1983 μόλις
3311 1914 3411 1983 μὲν
3445 1914 3695 1984 ἐμπνέων
3720 1913 3806 1967 διά

2217 2006 2315 2077 τὴν
2358 2007 2723 2079 προκειμένην
2769 2007 2843 2075 (5)
2896 2005 3210 2077 σωματικὴν
3254 2004 3557 2070 ἀσθένειαν,
3608 2005 3714 2060 ὑπὸ
3748 2004 3805 2057 δὲ

2217 2099 2526 2169 προθυμίας
2551 2096 2861 2167 πνεύματος
2878 2096 3199 2169 ἀναρρωννῦ
3209 2114 3369 2166 μενος
3394 2096 3481 2149 διὰ
3497 2099 3595 2167 τὴν
3624 2098 3803 2164 ἐγκει-

2219 2188 2385 2258 μένην
2411 2188 2511 2258 τῆς
2548 2188 2852 2258 μαρτυρίας
2902 2186 3221 2257 ἐπιθυμίαν,
3275 2187 3370 2240 καὶ
3403 2187 3565 2249 αὐτὸς
3617 2186 3708 2239 ἐπὶ
3740 2185 3802 2238 τὸ

2216 2279 2365 2350 βῆμα
2394 2279 2639 2350 ἐσύρετο,
2678 2280 2771 2332 τοῦ
2802 2279 2900 2349 μὲν
2932 2277 3183 2349 σώματος
3212 2278 3306 2331 καὶ
3337 2278 3442 2331 ὑπὸ
3488 2279 3583 2331 τοῦ
3614 2279 3802 2350 γήρως

2213 2374 2306 2427 καὶ
2339 2373 2445 2425 ὑπὸ
2471 2371 2569 2441 τῆς
2593 2372 2750 2424 νόσου
2779 2370 3092 2440 λελυμένου,
3125 2369 3465 2440 τηρουμένης
3494 2367 3550 2421 δὲ
3579 2368 3679 2438 τῆς
3700 2369 3801 2438 glas--

2212 2468 2311 2537 χῆς
2343 2469 2398 2520 ἐν
2428 2464 2596 2536 αὐτῷ,
2623 2466 2712 2519 ἵνα
2737 2463 2802 2517 δι’
2840 2464 3008 2534 αὐτῆς
3034 2462 3267 2530 Χριστὸς
3297 2461 3660 2534 θριαμϐεύσῃ.
3704 2464 3798 2525 Ὃς

2212 2559 2316 2611 ὑπὸ
2342 2559 2451 2611 τῶν
2487 2556 2836 2628 στρατιωτῶν
2867 2556 2960 2608 ἐπὶ
2988 2554 3049 2607 τὸ
3096 2555 3247 2626 βῆμα
3277 2555 3579 2626 κομισθεὶς,
3613 2571 3795 2626 παρα-

2210 2651 2537 2720 πεμπόντων
2573 2649 2733 2702 αὑτὸν
2774 2648 2884 2701 τῶν
2914 2647 3203 2701 πολιτικῶν
3229 2645 3505 2712 ἐξουσιῶν,
3535 2647 3629 2699 καὶ
3656 2661 3788 2698 πανο

2206 2744 2299 2807 τὸς
2342 2742 2435 2795 τοῦ
2470 2741 2709 2813 πλήθους
2759 2739 3071 2811 ἐπιϐοήσεις
3135 2738 3392 2800 παντοίας
3435 2737 3791 2808 ποιουμένων.

2206 2836 2282 2898 ὡς
2312 2834 2475 2888 αὐτοῦ
2492 2834 2643 2893 ὄντος
2668 2832 2762 2886 τοῦ
2784 2831 3041 2904 Χριστοῦ,
3066 2831 3313 2884 ἀπεδίδου
3338 2830 3435 2901 τὴν
3459 2829 3628 2901 καλὴν
3654 2846 3791 2900 μαρο

2202 2928 2417 2998 τυρίαν.
2482 2925 2901 2995 Ἀνεταζὸμενος
2955 2923 3012 2976 δὲ
3072 2922 3176 2975 ὑπὸ
3223 2921 3319 2974 τοῦ
3377 2921 3664 2993 ἡγεμόνος.
3708 2921 3792 2983 τίς

2203 3020 2287 3089 εἴη
2313 3018 2654 3089 Χριστιανῶν
2688 3020 2715 3071 ὁ
2746 3016 2898 3079 Θεὸς,
2941 3015 3066 3085 ἔφη·
3112 3034 3129 3066 ι
3192 3014 3318 3068 Ἐάν
3351 3011 3417 3089 ᾗς
3455 3013 3621 3081 ἄξιος,
3648 3014 3787 3081 γνὼ-

2204 3126 2293 3183 σῃ.
2334 3129 2351 3161 ι
2398 3108 2680 3163 Ἐντεῦθεν
2726 3107 2791 3178 δὴ
2843 3107 3077 3175 ἀφειδῶς
3114 3105 3357 3177 ἐσύρετο,
3393 3106 3488 3159 καὶ
3539 3104 3789 3167 ποικίλας

515 3191 590 3243 ris
615 3195 797 3260 vigore
829 3190 1063 3254 ﬁrmati;
1096 3194 1188 3261 qui
1213 3193 1432 3261 quidem
1458 3194 1837 3249 accendebant
1863 3205 2093 3250 caeteros

2200 3206 2405 3276 ἔπασχε
2451 3203 2685 3275 πληγάς,
2716 3201 2822 3255 τῶν
2860 3202 2957 3271 μὲν
2994 3199 3280 3267 σύνεγγυς,
3326 3200 3481 3270 χερσὶ
3512 3197 3607 3251 καὶ
3633 3197 3789 3249 ποσὶν

508 3290 564 3332 et
583 3280 1028 3335 consolabantur.
1063 3283 1166 3337 Alii
1197 3298 1327 3338 vero
1359 3284 1560 3338 novelli
1586 3285 1683 3355 qui
1721 3299 1917 3341 recens
1941 3301 2091 3340 com-

508 3374 766 3440 prehensi
800 3374 1035 3437 fuerant,
1069 3391 1303 3444 quorum
1338 3392 1570 3447 corpora
1598 3377 1937 3433 cruciatibus
1967 3394 2093 3449 per-

509 3462 745 3520 ferendis
778 3467 1014 3521 nondum
1044 3478 1414 3534 assueverant,
1447 3484 1570 3523 cum
1602 3470 1923 3539 gravitatem
1966 3486 2091 3525 car-

508 3558 647 3611 ceris
668 3558 780 3626 pati
804 3574 909 3614 non
943 3569 1190 3628 possent,
1217 3561 1267 3614 in
1302 3561 1417 3629 ipsa
1440 3563 1685 3616 custodia
1710 3565 2086 3633 exspirarunt.

507 3649 862 3706 Beatissinms
893 3663 1076 3708 autem
1104 3653 1388 3718 Pothinus,
1421 3656 1511 3724 qui
1543 3656 1915 3727 episcopatum
1947 3657 2088 3726 Lug-

506 3743 767 3798 dunensis
814 3744 1071 3798 Ecclesia:
1113 3746 1533 3801 administrabat
1570 3747 1942 3815 nonagenario
1973 3764 2087 3801 ma-

501 3834 612 3904 jor,
643 3844 698 3887 et
722 3850 953 3904 corpore
1001 3838 1292 3890 admodum
1348 3836 1590 3903 infirmo,
1637 3845 1709 3894 ob
1758 3851 2082 3909 prasentcm

506 3927 731 3994 quidem
754 3931 998 3994 corporis
1034 3928 1458 3983 imbecillitatem
1502 3945 1647 4001 aegre
1675 3933 1925 4002 spiritmn
1969 3945 2077 3989 tra-

509 4017 664 4081 hens,
688 4027 946 4072 caeterum
999 4035 1109 4086 pra:
1140 4021 1437 4089 cupiditate
1468 4023 1804 4081 imminentis
1833 4030 2079 4099 martyrii

504 4110 737 4165 mirabili
799 4111 1080 4167 alacritate
1127 4116 1294 4169 animi
1354 4117 1621 4181 firmatus,
1668 4119 1833 4173 etiam
1869 4122 1985 4191 ipse
2015 4123 2080 4175 ad

507 4203 741 4259 tribunal
763 4203 1047 4260 ferebatur
1080 4225 1094 4261 :
1126 4222 1351 4277 corpore
1390 4209 1607 4279 quidem
1658 4214 1855 4281 partim
1889 4214 1958 4266 ob
1994 4228 2080 4266 sc-

2200 3296 2590 3369 ἐνυὸριζόντων
2640 3294 2930 3357 παντοίως,
2975 3292 3110 3364 μηδὲ
3150 3293 3248 3362 τὴν
3293 3289 3507 3362 ἠλικίαν
3539 3288 3788 3357 αἰδουμέ-

2197 3406 2304 3443 νων
2328 3386 2515 3450 αὑτοῦ,
2562 3386 2672 3440 τῶν
2723 3386 2781 3439 δὲ
2820 3384 3056 3456 μακρὰν,
3085 3384 3114 3436 ὃ
3155 3381 3295 3454 μετά
3341 3385 3529 3453 χεῖρας
3556 3382 3787 3444 ἕκαστος

2198 3479 2362 3553 εἶχεν,
2403 3483 2483 3544 είς
2512 3480 2673 3533 αὑτὸν
2693 3478 3106 3541 ἀκοντιζόντων,
3136 3476 3353 3530 πάντων
3381 3476 3437 3527 δὲ
3464 3473 3785 3545 ἡγουμένων

2198 3575 2449 3646 μεγάλως
2474 3572 2813 3643 πλημμελεῖν
2848 3570 2942 3623 καὶ
2974 3568 3211 3632 ἀσεϐεῖν,
3242 3566 3297 3620 εἴ
3321 3584 3405 3630 τις
3429 3564 3780 3635 ἀπολειφθείη

2192 3667 2292 3737 τῆς
2333 3668 2413 3729 είς
2445 3665 2604 3721 αὑτὸν
2634 3663 2939 3731 ἀσελγείας·
2978 3660 3199 3732 καὶγὰρ
3227 3660 3352 3723 τοὺς
3388 3658 3544 3722 θεοὺς
3573 3657 3782 3711 ἑαυτῶν

2192 3756 2359 3827 ᾤοντο
2386 3756 2559 3818 οὕτως
2592 3754 2919 3824 ἐκδικήσειν.
2969 3752 3080 3806 Καὶ
3108 3751 3266 3821 μόγις
3294 3750 3545 3819 ἐμπνέων
3579 3749 3779 3822 ἐρρίφη

2191 3849 2250 3900 ἐν
2299 3850 2364 3918 τῇ
2410 3849 2601 3920 εἱρκτῇ
2638 3848 2735 3916 (4),
2781 3846 2877 3900 καὶ
2937 3843 3080 3915 μετὰ
3105 3843 3198 3896 δύο
3240 3842 3453 3914 ἡμέρας
3481 3840 3774 3911 ἀπέψυξεν.

2204 3936 2465 3991 Ἐνταῦθα
2484 3938 2548 4007 δὴ
2586 3936 2797 4008 μεγάλη
2822 3951 2906 3997 τις
2937 3932 3222 4003 οἰκονομία
3253 3932 3347 3986 τοῦ
3372 3932 3508 3986 Θεοῦ
3544 3932 3775 4001 ἐγίνετο,

2190 4029 2281 4081 καὶ
2304 4028 2450 4092 ἕλεος
2476 4029 2786 4100 ἀμέτρητον
2815 4025 3135 4093 ἀνεφαίνετο
3162 4023 3361 4093 Ἰησοῦ,
3398 4022 3642 4086 σπανίως
3676 4021 3775 4092 μὲν

2189 4123 2248 4173 ὲν
2270 4123 2335 4191 τῇ
2382 4119 2702 4188 ἀδελφότητι
2753 4118 2976 4187 γεγονὸς
3006 4116 3103 4185 (5),
3158 4115 3234 4185 μὴ
3268 4115 3691 4185 ἀπολειπόμενον
3716 4112 3774 4164 δὲ

2186 4215 2286 4285 τῆς
2339 4214 2534 4283 τέχνης
2564 4210 2658 4264 τοῦ
2695 4208 2952 4281 Χριστοῦ.
3003 4208 3062 4259 Oi
3106 4207 3215 4277 γαρ
3243 4208 3384 4260 κατά
3415 4207 3511 4276 τὴν
3550 4204 3772 4277 πρώτην

501 4364 666 4418 Porro
719 4363 879 4428 huius
932 4365 1176 4433 supplicii
1228 4366 1343 4419 hinc
1391 4366 1607 4421 videtur
1655 4366 1821 4423 fuisse
1865 4368 2060 4424 forma.
2096 4374 2138 4428 D
2167 4372 2301 4424 stitit
2337 4372 2473 4425 inter
2503 4372 2605 4424 ista
2633 4370 2813 4422 divina
2851 4364 3289 4425 Providentia,nt
3318 4364 3374 4415 in
3398 4364 3561 4433 titulis
3581 4365 3770 4429 patria,-

500 4434 745 4489 Truncus
772 4434 872 4486 fuit
898 4434 1129 4504 ligneus,
1155 4436 1337 4502 quinis
1372 4437 1499 4490 hinc
1524 4447 1579 4491 et
1628 4439 1752 4494 inde
1779 4439 2066 4494 foramini-

500 4504 598 4574 bus
624 4515 774 4559 certo
798 4506 1026 4559 invicem
1065 4506 1240 4574 spatio
1270 4507 1458 4561 divisis
1486 4518 1801 4564 excavatus.
1857 4509 1912 4562 ln
1954 4512 2068 4564 hate

500 4573 761 4647 foramina
799 4586 1055 4643 tanquam
1091 4573 1142 4629 in
1171 4592 1362 4647 ocreas
1390 4579 1675 4645 quasdam.
1715 4582 1878 4647 pedes
1928 4580 2071 4633 inse-

499 4644 757 4717 rebantur
786 4647 1094 4717 noxiorum,
1124 4655 1178 4699 et
1206 4644 1435 4701 vinculis
1467 4663 1559 4701 seu
1594 4644 1774 4702 nervis
1800 4649 2066 4717 astringe-

500 4713 715 4777 bantur,
771 4724 936 4789 nte:
977 4716 1225 4789 A_rato_ris
1273 4719 1522 4789 versibus
1585 4718 1882 4789 colligitur,
1930 4713 2067 4787 quos

496 4798 657 4851 supra
693 4785 976 4839 retulimus
1007 4786 1059 4838 in
1088 4785 1534 4842 adnotationibus
1567 4788 1635 4841 ad
1662 4785 1861 4844 librum
1896 4785 1969 4842 Iv}
2002 4790 2068 4844 Et

496 4849 725 4928 Rufinus
759 4855 977 4928 quidem
1003 4854 1120 4909 haec
1147 4856 1410 4912 foramina
1448 4857 1606 4928 vulgo
1655 4869 1852 4926 puncta
1879 4859 2066 4927 appel.

495 4923 605 4996 lirta
639 4938 757 4996 esse
804 4926 1251 4996 testaturaquod
1291 4923 1585 4981 confirmat
1634 4923 1786 4983 locus
1829 4923 2062 4996 ex’pas—

492 4995 649 5064 sione
666 4992 958 5064 Chrysauti
984 5001 1040 5047 et
1068 4992 1263 5060 uariae,
1294 5012 1453 5064 quem
1480 4999 1676 5051 ibidem
1702 4992 2063 5053 adduxifSed

491 5063 635 5130 quod
664 5063 891 5134 Rufinus
916 5065 1201 5134 septimum
1227 5063 1486 5134 punctum
1511 5068 1667 5128 dixit,
1693 5069 1779 5122 vix
1804 5069 2066 5123 credibile

492 5121 628 5205 mihi
682 5133 919 5205 videtur.
963 5121 1125 5187 Certe
1178 5121 1440 5191 Eusebius
1484 5121 1598 5192 hoc
1635 5121 1755 5193 loco
1813 5121 2061 5205 quintum

489 5204 754 5257 duntaxat
781 5203 1022 5257 foramen
1048 5205 1182 5258 dixit
1216 5222 1231 5261 :
1265 5214 1319 5260 et
1369 5207 1562 5261 aliisin
1612 5208 1749 5263 locis
1782 5203 1929 5263 hunc
1964 5224 2063 5261 nu-

488 5288 696 5346 merum
723 5272 1051 5346 foraminum
1089 5290 1360 5346 nunquam
1386 5292 1775 5346 supergressus
1798 5287 1903 5331 est.

558 5345 635 5417 (5)
663 5345 767 5399 Διὰ
795 5342 910 5412 τὴν
942 5342 1357 5414 προκειμέᾷ-ην.
1388 5342 1498 5401 Hoc
1526 5342 1644 5402 loco
1674 5349 1838 5402 verba
1877 5345 2064 5417 viden—

486 5421 577 5485 tur
600 5414 721 5470 esse
747 5420 1095 5482 transposita.
1126 5419 1217 5469 hic
1246 5418 1409 5484 igitur
1446 5417 1732 5484 legendum
1774 5425 1925 5485 puto,
1972 5414 2062 5467 διὰ

482 5483 581 5557 τὴν
612 5486 938 5557 ἐγκειμένην
964 5483 1286 5557 σωματικὴν
1300 5483 1609 5557 ἀσθένειαν.
1649 5488 1714 5540 Ει
1737 5483 1895 5555 paulo
1942 5493 2063 5557 post

487 5555 573 5628 ubi
603 5555 813 5628 legitur,
840 5555 927 5609 διὰ
958 5555 1058 5626 τὴν
1086 5555 1410 5628 ἐγκειμένην
1448 5556 1548 5626 τῆς
1584 5556 1887 5628 μαρτυρίας
1939 5556 2061 5609 ἐπι-

485 5622 702 5693 θυμίαν,
733 5630 911 5697 scribo
934 5622 1324 5697 προκειμένην.
1358 5622 1526 5681 Porro
1550 5622 1886 5697 hoe'Pofhini
1917 5642 2062 5679 inar-

485 5696 683 5761 tyriuui
728 5696 1145 5765 elegantissime
1171 5697 1434 5750 describit
1485 5697 1784 5751 Eucherius
1838 5696 2060 5764 Lugdu-

482 5765 665 5820 nensis
698 5767 982 5834 episcopus
1009 5774 1063 5823 in
1095 5781 1348 5824 sermone
1368 5765 1438 5825 de
1470 5767 1528 5823 Β.
1561 5767 1827 5825 Blaudina
1854 5782 1870 5822 :
1900 5767 2055 5821 Prte-

2173 4441 2476 4508 sacri/iciis,
2509 4442 2667 4493 etiam
2708 4438 2951 4504 pontifex
2985 4452 3107 4508 non
3147 4436 3373 4508 deesset.
3427 4429 3652 4508 Rapitur
3698 4435 3764 4508 at!

2173 4501 2392 4576 impiam
2420 4501 2767 4580 qumstioném
2820 4501 3139 4580 gratillmtvus
3165 4515 3211 4556 et
3237 4503 3424 4580 plenus
3460 4504 3669 4580 dierum
3696 4501 3762 4556 Β.

2171 4574 2323 4649 pater
2357 4574 2533 4633 uoster
2586 4574 2897 4649 Pothinus.“
2934 4574 3189 4649 Eccleritc
3244 4575 3686 4649 Itujua_antistes,
3713 4585 3762 4649 rt

2169 4644 2263 4717 pro
2297 4649 2628 4712 eruditionis,
2646 4659 2703 4701 ut
2754 4645 3430 4717 crediiiius,nterito,gregi
3459 4658 3556 4696 suo
3574 4644 3763 4717 jungi-

2171 4711 2277 4773 tur.
2315 4722 2387 4772 Ac
2420 4730 2533 4785 post
2565 4717 2825 4770 Dominici
2854 4711 3463 4785 corporisiaacriﬁcittm,
3516 4711 3761 4785 profanis

2169 4781 2521 4843 tribunalibus
2555 4801 2742 4839 novam
2773 4787 2836 4838 de
2890 4800 2945 4834 se
2972 4784 3200 4835 hostiam
3232 4782 3443 4835 Christo
3485 4781 3761 4833 oblaturus

2168 4859 2414 4927 infertur.
2448 4855 2645 4911 Senilis
2670 4856 2959 4927 infirmitas
2984 4852 3339 4927 per_injuriaa
3379 4861 3430 4927 et
3453 4851 3758 4927 a/ﬂictionn

2168 4922 2459 4994 furentium
2498 4927 2862 4978 ministrorum
2894 4923 2970 4974 ita
3016 4922 3251 4994 referent
3277 4922 3757 4994 sortitur‘ewitum,

2168 4991 2224 5051 tu
2265 5000 2582 5066 intelligere:
2622 5001 2689 5047 ad
2737 5004 2942 5061 tempus
2982 4992 3119 5044 illud
3151 4992 3253 5046 soli
3295 4991 3555 5061 martyrio
3588 5008 3758 5045 reser-

2167 5078 2365 5121 vatum.

2238 5137 2317 5207 (ι)
2365 5137 2633 5207 Ἐρῤίφηί
2669 5134 2739 5186 ἐν
2795 5129 2871 5200 τῇ
2931 5129 3161 5207 εἱρκτῇ.
3221 5128 3755 5207 codex__Metlit_-_:eus

2168 5198 2328 5261 habet
2351 5198 2432 5269 είς
2450 5198 2558 5277 τὴν
2591 5198 3160 5275 είρκτηνίιιοιιίειιιιὸι·
3192 5204 3362 5255 codex
3405 5199 3569 5262 Μαι,
3616 5198 3752 5254 Fuk.

2165 5289 2219 5333 et
2247 5278 2460 5330 Savilii.

2235 5347 2313 5415 (5)
2339 5345 2613 5409 Σπανιως
2862 5341 3129 5415 γεγονός.
3169 5338 3473 5415 Notandum
3500 5339 3751 5415 estquod

2164 5410 2319 5472 aiunt
2354 5410 2768 5485 Lugdunenses,
2817 5410 3001 5485 rarum
3033 5413 3213 5464 adhuc
3242 5410 3311 5485 in_
3326 5410 3567 5485 Ecclesia
3579 5413 3750 5485 _ejus-

2165 5487 2308 5542 modi
2345 5479 2694 5557 indulgentia:
2732 5500 2889 5540 usum
2920 5484 3089 5536 fuisse
3120 5496 3245 5558 erga
3296 5480 3499 5558 lapsos.
3547 5479 3750 5558 Nempe

2162 5558 2287 5627 quia
2331 5559 2398 5610 ad
2447 5550 2550 5610 hoc
2584 5569 2756 5625 usque
2799 5565 3013 5620 tempus
3046 5556 3202 5627 pauci
3255 5551 3547 5627 admodum
3609 5550 3746 5615 lapsi

2163 5620 2401 5682 fuerant.
2454 5627 2642 5697 Itaque
2666 5620 2942 5697 '_cessa_nte
2994 5621 3207 5697 morbo,
3267 5620 3408 5673 nihil
3451 5634 3589 5688 opus
3628 5627 3751 5697 erat

2162 5698 2468 5765 hujusmodi
2501 5691 2791 5749 medicina.
2828 5691 3151 5765 Subsecutis
3183 5700 3365 5765 autem
3397 5691 3746 5758 persecutio-

2163 5760 2344 5836 uibus,
2379 5770 2481 5824 hoc
2516 5765 2816 5822 remedium
2846 5761 3097 5819 crebrius
3131 5760 3394 5815 usitatum
3423 5768 3529 5815 est.
