4198 6394
369 339 469 395 421

1429 335 1780 392 HISTORIAE
1818 334 2382 392 ECCLESIASTICA‘J
2422 335 2550 390 LIB.
2594 335 2660 390 V.

3534 335 3641 399 422

372 455 632 528 σύλληψιν
669 455 884 528 ἔξαρνοι
922 455 1226 526 γενόμενοι,
1281 456 1651 509 συνεκλείοντο
1677 457 1773 509 καὶ
1801 456 1956 509 αὐτοὶ

2066 464 2369 519 nectutem,
2396 457 2599 526 partim
2629 455 2677 510 vi
2708 451 2881 509 morbi
2904 453 3123 523 penitus
3146 451 3415 506 exhausto
3455 465 3519 505 ac
3554 465 3643 504 Sn-

368 550 467 604 καὶ
491 552 737 620 μετεῖχον
763 549 871 603 τῶν
903 549 1110 602 δεινῶν.
1141 548 1276 602 Οὐδὲ
1306 550 1414 621 γὰρ
1441 550 1498 601 ὲν
1526 548 1605 620 τῷ
1633 548 1810 619 καιρῷ
1831 548 1957 602 τού-

370 659 450 712 τῳ
479 640 667 711 ὄφελός
685 658 738 694 τι
782 642 963 705 αὐτοῖς
1000 641 1342 713 ὴὲξάρνησις
1382 642 1608 710 ἐγίνετοο
1637 641 1753 694 ἀλλ’
1781 643 1829 694 οἱ
1861 641 1959 711 μὲν

373 733 763 806 ὁμολογοῦντες
801 734 828 787 ὃ
863 735 958 787 καὶ
992 731 1153 807 ἦσαν,
1188 735 1558 788 συνεκλείοντο
1595 734 1671 797 ὡς
1697 735 1960 805 Χριστια-

375 830 475 893 νοὶ,
515 827 783 899 μηδεμιᾶς
815 828 979 897 ἄλλης
1008 829 1186 892 αἰτίας
1213 830 1396 893 αὐτοῖς
1426 826 1849 899 ἐπιφερομένης,
1871 820 1961 879 οὖ-

372 939 455 975 τοι
485 920 543 973 δὲ
587 918 772 974 λοιπὸν
812 919 886 983 ὡς
919 920 1234 991 ἀνδροφόνοι
1270 922 1364 974 καὶ
1396 920 1585 990 μιαροὶ
1618 919 1956 989 κατείχοντο,

374 1010 690 1082 διπλότερον
719 1009 873 1082 παρά
893 1012 1020 1074 τοὺς
1036 1010 1257 1076 λοιποὺς
1281 1011 1653 1083 κολαζόμενοι.
1689 1010 1959 1073 Ἐκείνους

376 1103 475 1173 μὲν
507 1104 616 1174 γὰρ
654 1100 1068 1174 ὲπεκούφιζενή
1104 1104 1248 1176 χαρά
1300 1104 1400 1174 τῆς
1431 1103 1758 1176 μαρτυρίας,
1800 1104 1895 1157 κοιλ⁸
1926 1104 1958 1174 ὴ

374 1194 530 1258 ἐλπὶς
569 1193 678 1250 τῶν
723 1196 1168 1265 ἐπηγγελμένων,
1216 1198 1311 1250 καὶ
1348 1198 1382 1268 η
1423 1196 1559 1268 πρὸς
1607 1196 1698 1251 τὸν
1727 1196 1960 1268 Χριστὸν

374 1286 586 1356 ἀγάπη,
624 1286 719 1341 καὶ⁹
752 1288 813 1341 τὸ
853 1288 1079 1359 Πνεῦμα
1103 1288 1166 1341 τὸ
1210 1288 1495 1357 πατρικὸν·
1528 1287 1750 1351 τούτους
1791 1288 1850 1342 δὲ
1899 1288 1962 1341 τὸ

376 1378 614 1443 συνειδὸς
661 1379 913 1450 μεγάλως
946 1382 1288 1454 ἐτιμωρεῖτο,
1345 1380 1486 1434 ὥστε
1530 1382 1625 1434 καὶ
1658 1382 1809 1453 παρὰ
1849 1384 1962 1444 τοῖς

374 1471 580 1536 λοιποῖς
626 1473 795 1526 ἅπασι
844 1475 985 1528 κατὰ
1029 1474 1127 1537 τὰς
1176 1474 1466 1546 παρόδους,
1527 1475 1807 1547 διαδήλους
1862 1476 1961 1539 τὰς

376 1562 526 1632 ὕψεις
561 1564 741 1618 αὐτῶν
771 1561 931 1619 εἶναι.
960 1566 1024 1619 Ol
1068 1565 1167 1637 μὲν
1200 1565 1308 1638 γὰρ
1356 1566 1531 1638 ἱλαροὶ
1557 1567 1831 1639 προῄεσαν
1863 1567 1958 1637 (6i,

376 1655 533 1727 δόξης
566 1656 659 1710 καὶ
684 1657 905 1729 χάριτος
957 1657 1159 1728 πολλῆς
1187 1662 1309 1723 ταῖς
1329 1659 1515 1728 ὄψεσιν
1553 1659 1731 1713 αὐτῶν
1763 1676 1961 1728 συγκε-

379 1748 680 1820 κραμένης,
712 1748 850 1803 ὥστε
887 1749 980 1804 καὶ
1000 1750 1067 1802 τὰ
1094 1749 1269 1821 δεσμὰ
1297 1751 1501 1823 κόσμον
1526 1751 1777 1822 εὐπρεπῆ
1807 1768 1963 1823 περικ

2060 547 2489 603 luto:animam
2543 561 2671 602 vero
2722 547 2905 601 adhuc
2958 545 3223 608 retinens,
3274 553 3334 597 ut
3388 558 3484 611 per
3519 557 3638 596 eam

2059 639 2312 696 Christus
2358 638 2747 706 triumpharet.
2801 637 3057 692 Perlatus
3113 635 3281 707 igitur
3309 650 3339 688 a
3378 632 3643 689 militibus

2060 732 2126 786 ad
2188 732 2447 796 tribunal,
2496 731 2957 800 prosequentibus
2993 730 3166 798 ipsum
3223 728 3642 798 magistratibus

2061 823 2323 886 civitatis,
2358 831 2413 876 et
2444 821 2699 876 universa
2748 821 2903 889 plebe
2938 824 3106 874 variis
3137 835 3258 875 eum
3293 818 3643 873 acclamatio—

2064 911 2224 966 nibus
2290 911 2589 981 impetente
2670 919 2925 978 tauquam
3009 909 3124 978 ipse
3163 909 3414 965 Christus
3469 918 3643 974 esset,

2061 1001 2343 1075 egregium
2392 1001 2566 1057 edidit
2616 1001 3011 1055 testimonium.
3050 999 3423 1067 Interrogatus
3455 1015 3643 1056 veroa

2061 1095 2292 1163 praiside
2343 1094 2595 1164 quisnam
2646 1100 2790 1147 esset
2846 1092 3295 1146 Christianorum
3351 1094 3514 1158 Deus,
3564 1108 3646 1147 re-

2060 1187 2322 1257 spondit:
2349 1204 2368 1238 ι
2402 1186 2459 1240 Si
2487 1185 2681 1254 dignus
2714 1184 2873 1254 160
2894 1181 3085 1251 fueris,
3107 1199 3426 1254 cognosces.
3467 1204 3484 1236 ι
3514 1183 3644 1238 Post

2063 1279 2182 1335 hac
2236 1278 2445 1346 absque
2495 1276 2606 1330 ullo
2658 1275 3021 1330 humanitatis
3074 1286 3326 1345 respectu
3372 1285 3640 1346 raptatus,

2062 1382 2225 1442 atque
2259 1370 2561 1425 innumeris
2595 1368 2771 1438 plagis
2804 1366 3034 1422 affectus
3066 1376 3167 1435 est,
3198 1385 3320 1423 cum
3353 1369 3388 1422 ii
3424 1369 3640 1438 quidem

2061 1463 2155 1531 qui
2196 1459 2421 1530 propius
2473 1460 2751 1525 astabant,
2801 1458 3049 1514 calcibus
3102 1469 3157 1512 et
3227 1458 3421 1526 pugnis
3493 1458 3641 1511 illum

2064 1551 2456 1608 contumeliose
2484 1558 2829 1619 appeterent,
2856 1564 2955 1603 nec
2973 1547 3138 1602 ullam
3167 1549 3284 1617 ejus
3305 1548 3451 1602 relati
3487 1563 3637 1603 reve-

2064 1645 2301 1700 rentiam
2358 1642 2720 1708 exhiberem;
2759 1642 2851 1711 qui
2898 1655 3029 1696 vero
3083 1642 3297 1711 longius
3345 1641 3644 1705 distabant,

2064 1721 2323 1806 quidquid
2374 1734 2442 1789 ad
2492 1724 2720 1789 'manum
2771 1744 2914 1798 erat,
2944 1733 2998 1788 in
3046 1733 3222 1803 ipsum
3270 1733 3643 1804 conjicerent:

377 1814 592 1894 κεῖσθαι
616 1814 824 1906 αὐτοῖς,
870 1841 945 1905 ὡς
976 1840 1161 1915 νύμφῃ
1194 1814 1584 1915 κεκοσμημένη
1619 1814 1676 1896 εν
1718 1814 1963 1915 κροσσω-

2066 1844 2254 1885 omoes
2280 1828 2515 1899 denique
2541 1828 2851 1898 gravissimi
2889 1827 3072 1882 delicti
3109 1842 3169 1882 ac
3203 1827 3399 1896 piaculi
3435 1841 3557 1882 reos
3587 1841 3648 1879 se

376 1935 487 1997 τοῖς
537 1936 759 2003 χρυσοῖς
815 1933 1391 2005 περιπεποικιλμένοις
1453 1934 1552 2005 (7),
1600 1935 1698 2006 τὴν
1732 1934 1959 1989 εὐωδίαν

376 2024 632 2089 ὀδωδότες
660 2024 777 2096 ἅμα
806 2026 906 2098 τὴν
938 2025 1175 2097 Χριστοῦ
1199 2026 1297 2097 (8),
1329 2024 1471 2079 ὥστε
1500 2027 1675 2090 ἐνίους
1695 2026 1842 2094 δόξαι
1867 2027 1962 2081 καὶ

382 2116 538 2188 μύρῳ
567 2117 816 2187 κοσμικῷ
843 2118 1128 2189 κεχρίσθαι
1162 2118 1377 2183 αὐτούς·
1408 2120 1457 2172 oi
1476 2119 1552 2183 δὲ,
1577 2122 1842 2190 κατηφεῖς
1870 2119 1962 2173 καὶ

377 2212 620 2263 ταπεινοὶ
649 2211 742 2265 καὶ
779 2210 1057 2273 δυσειδεῖς,
1085 2211 1178 2264 καὶ
1208 2211 1389 2280 πάσης
1414 2210 1802 2281 ἀσχημοσύνης
1834 2210 1958 2265 ἀνά-

383 2301 552 2368 πλεοι,
610 2302 834 2375 προσέτι
872 2303 930 2356 δὲ
970 2302 1075 2356 ὑπὸ
1105 2302 1213 2356 τῶν
1253 2302 1421 2356 ἐθνῶν
1447 2302 1827 2373 ὀνειδιζόμενοι
1888 2303 1964 2365 ὡς

380 2392 624 2460 ἀγεννεῖς
646 2393 742 2446 καὶ
763 2393 1035 2465 ἄνανδροι,
1067 2392 1408 2463 ἀνδροφόνων
1428 2393 1525 2463 μὲν
1547 2392 1713 2464 ἕγκλτς
1724 2410 1798 2463 μα
1816 2392 1966 2463 ἔχον-

377 2498 489 2543 τες,
529 2481 934 2545 ἀπολωλεκότες
976 2482 1032 2535 δὲ
1061 2480 1158 2552 τὴν
1185 2482 1447 2552 πάντιμον
1481 2481 1572 2534 καὶ
1612 2481 1820 2548 ἔνδοξον
1868 2481 1964 2535 καὶ

381 2570 643 2636 ζωοποιὸν
675 2572 1067 2644 προσηγορίαν.
1118 2573 1303 2627 Ταῦτα
1326 2572 1382 2625 δὲ
1410 2575 1459 2625 οἱ
1485 2573 1664 2627 λοιποὶ
1696 2572 1965 2643 θεωροῦν-

378 2678 490 2726 τες,
516 2662 939 2735 ὲστηρίχθησαν,
972 2664 1066 2717 καὶ
1107 2665 1156 2716 οἱ
1207 2663 1707 2734 συλλαμϐανόμενοι
1750 2663 1968 2718 eama—

380 2766 521 2814 κτως
559 2750 892 2823 ὡμολόγουν,
927 2753 1061 2823 μηδὲ
1080 2752 1287 2807 ἔννοιαν
1309 2753 1518 2825 ἔχοντες
1545 2752 1848 2808 διαϐολικοῦ
1882 2753 1965 2808 λο-

379 2840 600 2913 γισμοῦ.
633 2861 652 2894 ι
680 2843 901 2909 Τούτοις
934 2844 1137 2915 μεταξύ
1166 2862 1288 2899 τινα
1304 2847 1642 2910 ὲπειπόντες,
1671 2842 1826 2909 αὖθις
1847 2848 1967 2898 ἐπι-

381 2934 628 3007 φέρουσι’
671 2955 689 2987 ι
731 2937 885 2990 Μετὰ
915 2935 1087 2990 ταῦτα
1115 2937 1180 3008 δὴ
1210 2937 1396 2992 λοιπὸν
1440 2940 1521 3001 είς
1554 2938 1663 2990 πᾶν
1688 2933 1826 3001 εἶδος
1852 2937 1968 3007 διῃ-

385 3034 529 3102 ρεῖτο
546 3030 615 3084 τὰ
654 3030 931 3102 μαρτύρια
952 3031 1052 3103 τῆς
1087 3031 1271 3099 ἐξόδου
1304 3032 1377 3104 (9)
1418 3029 1615 3085 αὐτῶν.
1666 3031 1762 3084 Ἐκ
1783 3030 1969 3098 διαφό-

385 3139 493 3193 ρων
514 3123 623 3194 γάρ
644 3124 950 3195 χρωμάτων
985 3125 1077 3178 καὶ
1108 3126 1377 3179 παντοίων
1405 3124 1581 3178 ἀνθῶν
1614 3124 1709 3178 ἕνα
1740 3123 1967 3187 πλέξαν-

378 3231 471 3280 τες
505 3215 788 3285 στέφανον,
826 3220 1204 3289 προσήνεγκαν
1249 3217 1327 3288 τῷ
1358 3217 1551 3289 Πατρί.
1607 3217 1802 3288 Ἐχρῆν
1834 3215 1964 3285 γοῦν

379 3309 506 3371 τοὺς
542 3309 819 3377 γενναίους
844 3308 1104 3380 ἀθλητὰς,
1136 3308 1378 3363 ποικίλον
1402 3308 1803 3379 ὑπομείναντας
1825 3308 1966 3376 d763-

379 3414 449 3452 να
482 3398 578 3450 καὶ
630 3398 881 3468 μεγάλως
923 3400 1275 3465 νικήσαντας,
1332 3398 1625 3453 ἀπολαϐεῖν
1657 3399 1748 3452 τὸν
1790 3399 1964 3471 μέγαν

380 3490 480 3559 τῆς
505 3488 812 3559 ἀφθαρσίας
851 3489 1135 3558 στέφανον.
1167 3490 1225 3544 ὐ
1257 3492 1355 3560 μὲν
1386 3487 1478 3544 οὖν
1508 3492 1796 3562 Μάτουρος
1816 3493 1910 3544 καὶ
1937 3493 1966 3544 ό

383 3579 623 3646 Σάγκτος
655 3580 802 3652 καὶὴ
835 3580 1097 3635 Βλανδίνα
1118 3582 1212 3635 καὶ
1239 3582 1498 3645 Ἄτταλος
1530 3582 1726 3656 ἤγοντο
1752 3582 1843 3636 ἐπὶ
1896 3581 1964 3634 τὰ

384 3668 548 3741 θηρία
594 3670 674 3734 είς
713 3671 775 3724 τὸ
826 3670 1083 3742 δημόσιον
1128 3672 1259 3745 (10),
1311 3674 1404 3728 καὶ
1423 3675 1503 3737 εἰς
1527 3673 1588 3726 τὸ
1635 3673 1814 3726 κοινὸν
1855 3672 1964 3725 τῶν

385 3760 556 3816 ἐθνῶν
603 3762 703 3832 τῆς
749 3763 1143 3837 ἀπανθρωπίας
1192 3764 1392 3836 θέαμα,
1440 3765 1690 3836 ἐπίτηδες
1727 3765 1827 3834 τῆς
1858 3764 1968 3817 τῶν

384 3852 762 3925 θηριομαχιῶν
811 3854 1024 3926 ἡμέρας
1072 3855 1161 3909 διὰ
1219 3858 1347 3919 τοὺς
1399 3855 1700 3926 ἡμετέρους
1756 3854 1969 3924 διδομέ-

382 3959 481 4014 νης
510 3943 641 4014 (ll).
698 3946 807 3998 Καὶ
835 3946 863 3997 ὁ
892 3945 991 4015 μὲν
1012 3945 1295 4017 Μὰτουρος
1328 3946 1423 4000 καὶ
1458 3946 1487 3997 ὁ
1523 3946 1766 4013 Σάγκτος
1811 3941 1969 4008 αὖθις

453 4097 529 4171 (θ)
561 4095 716 4171 Vulg.
753 4098 1127 4171 προσῄεσαν.
1174 4098 1231 4153 In
1272 4099 1464 4171 codice
1504 4098 1642 4153 Maz.
1696 4107 1750 4153 et
1792 4098 1955 4165 Fuk.,

453 4114 529 4171 to)
566 4114 716 4221 vulgi.
753 4114 1127 4168 προσῃεσαν.
1175 4114 1231 4153 In
1272 4114 1464 4153 conice
1504 4114 1642 4153 maz.
1696 4114 1750 4153 et
1794 4114 1955 4165 rum,

385 4168 554 4224 Savil.
584 4177 638 4221 et
717 4170 941 4249 edicazo,
976 4171 1172 4249 legitur
1194 4169 1495 4249 προῄεσαν,
1526 4171 1960 4249 quam_scriptu-

387 4254 500 4293 ram
553 4246 769 4294 secutus
816 4240 1635 4309 videturChristopliorsonus.
1701 4240 1815 4293 lloc
1874 4249 1957 4294 est

387 4309 529 4378 quod
575 4319 699 4363 ante
728 4308 896 4381 dixit,
938 4308 1080 4363 κατὰ
1119 4308 1218 4373 τὰς
1254 4308 1541 4381 παρόδους,
1580 4312 1706 4365 dum
1744 4310 1954 4366 scilicet

386 4395 419 4436 e
450 4393 675 4450 carcere
699 4379 1003 4447 procedunt
1035 4395 1211 4450 usque
1237 4382 1304 4433 ad
1336 4379 1597 4434 tribunal.

458 4448 536 4521 (7)
717 4449 1089 4534 ᾕροοςσΙωτοῒς
1122 4448 1392 4534 χρυσοῖς
1441 4449 1959 4534 περιπεποικιλμέτ
1994 4480 2035 4534 D

385 4518 536 4591 νοις.
572 4518 778 4591 Alludit
806 4521 870 4591 ad
912 4520 1088 4591 locum
1135 4518 1224 4591 qui
1258 4529 1339 4575 est
1366 4526 1416 4573 in
1472 4524 1678 4591 psalmo
1731 4518 1863 4575 κων
1906 4530 1961 4575 et

390 4589 549 4663 paulo
576 4588 733 4663 aliter
756 4589 914 4642 hodie
942 4588 1163 4656 legitur,
1186 4589 1711 4663 pegaurcoqﬂpévr;
1730 4592 1958 4657 scilicet,

389 4658 701 4731 sedmelius
724 4668 807 4731 est
838 4658 1425 4731 περιπεποικιλρξένοις.
1480 4658 1596 4714 Μοέ
1648 4658 1797 4731 enim
1821 4672 1958 4727 erat,

393 4729 699 4800 tunicarum
749 4727 990 4800 fimbrias
1038 4727 1340 4800 variegare,
1391 4739 1449 4783 ut
1505 4740 1738 4784 testatur
1775 4730 1957 4784 Amm.

394 4797 737 4851 Marcellinus
767 4798 819 4849 in
853 4796 947 4851 lib.
979 4814 1091 4862 xlv,
1120 4812 1173 4853 ut
1193 4796 1477 4869 'longiores
1505 4800 1729 4867 ﬁmbrias
1770 4802 1963 4853 tunica:

391 4869 661 4939 perspicue
706 4870 952 4939 luceant,
1012 4872 1265 4923 varietate
1313 4871 1555 4923 liciorum
1609 4870 1846 4939 eﬂigiatw
1906 4876 1962 4924 tu

391 4937 585 5008 species
636 4936 1365 5008 animaliumrmultiformea.
1447 4939 1606 4993 Certe
1636 4936 1714 4992 "tu
1772 4940 1962 4994 codice

390 5006 536 5131 ges.
586 5016 640 5060 et
688 5005 822 5058 Μαι.
872 5005 1646 5081 εοτίὺίιιιι·“πεποικιλμὲνοις,
1679 5024 1780 5064 nec
1808 5010 1964 5064 aliter

441 5093 471 5130 tt
515 5115 529 5129 .

441 5093 529 5130 υκ.

465 5146 542 5219 (si
572 5144 843 5219 εςῠωριαν
868 5143 1220 5219 (sedecim...
1250 5147 1357 5202 τοῦ
1371 5147 1650 5219 Χριστοῦ.
1668 5149 1875 5204 Alludit
1897 5149 1965 5205 ad

393 5217 558 5272 verba
587 5215 739 5269 Pauli
773 5216 1022 5283 apostoli,
1061 5218 1259 5272 Christi
1296 5215 1461 5273 bona:
1489 5223 1622 5275 odor
1652 5236 1854 5276 sumus.

465 5285 542 5359 (9)
572 5283 652 5339 Τὰ
680 5285 973 5359 μαρτύρια
1016 5287 1127 5356 τῆς
1158 5287 1396 5354 ἐξόδου.
1429 5288 1606 5345 Verba
1656 5292 1747 5345 hic
1774 5290 1965 5344 viden—

395 5358 483 5428 tur
532 5370 656 5428 esse
708 5358 1056 5428 transposita,
1116 5374 1237 5428 qua:
1296 5361 1375 5414 sic
1425 5370 1704 5423 construo.
1748 5361 1827 5424 εἰς
1857 5359 1991 5427 πᾶν,

391 5422 551 5501 εῐδος-
567 5420 918 5501 διῃρεῖτοσῇς
942 5426 1122 5501 ἐξόδου
1133 5420 1522 5501 ’τα-μαρτύρια
1552 5420 1751 5483 αὐτῶν.

462 5498 579 5567 (10)
750 5492 821 5568 τό
849 5492 1163 5566 δημόσιον.
1204 5492 1343 5552 ΙΙὸο”
1368 5492 1585 5553 ηόιηίηθ
1621 5499 1966 5568 amphithea-

395 5564 540 5639 trum
569 5565 782 5639 videtur
808 5564 1058 5637 intelligi.
1094 5568 1280 5639 Neque
1301 5569 1446 5622 enim
1477 5567 1667 5639 referri
1696 5564 1874 5639 potest
1897 5569 1965 5622 ad

395 5635 800 5710 θέαμαηρτξιιιο
825 5643 948 5703 quia
977 5635 1245 5710 repetitur
1268 5638 1580 5710 praepositio
1605 5635 1770 5701 εἰς’τὸ
1792 5638 1967 5710 δημό-

397 5702 511 5778 σιον
534 5702 733 5778 καὶᾴείς
752 5703 824 5778 τὲ
840 5702 1172 5778 κοινόνξειε.
1198 5702 1447 5778 Ita-enim
1476 5708 1674 5778 legitur
1697 5710 1749 5762 in
1775 5702 1966 5778 codice

398 5776 561 5842 Med.,
596 5772 753 5842 Mam,
783 5772 920 5833 Fult.
961 5772 1218 5834 et'Savil.
1247 5777 1405 5846 Quod
1430 5779 1476 5836 si
1505 5772 1766 5850 δημόσιον
1791 5777 1964 5835 reler-

2064 1920 2461 1983 existimarent,
2498 1918 2604 1974 nisi
2654 1934 2753 1988 pro
2788 1933 2884 1972 sua
2933 1920 3166 1989 quisque
3200 1927 3356 1988 parte
3394 1917 3444 1972 ei
3493 1926 3647 1985 petu-

2065 2011 2247 2066 lanter
2279 2010 2546 2064 insultare
2587 2010 2950 2065 studuissent.
2997 2009 3204 2080 Quippe
3238 2010 3342 2064 hoc
3376 2008 3536 2063 modo
3566 2008 3641 2060 iu-

2060 2102 2266 2172 juriam
2304 2103 2528 2156 deorum
2573 2116 2797 2155 suorum
2842 2102 3051 2156 ulturos
3103 2116 3163 2155 se
3209 2100 3643 2155 arbitrabantur.

2065 2195 2273 2249 Exinde
2307 2193 2396 2248 vix
2444 2195 2624 2248 adhuc
2671 2196 2890 2260 spirans
2932 2194 2986 2248 in
3041 2209 3319 2248 carcerem
3369 2191 3649 2263 proiectus

2067 2297 2172 2349 est,
2223 2284 2559 2351 tandemque
2607 2294 2730 2352 post
2776 2283 2998 2338 biduum
3051 2286 3291 2338 animam
3344 2283 3641 2338 exhalavit.

2065 2379 2165 2435 Hic
2194 2394 2325 2435 vero
2348 2379 2645 2449 singularis
2671 2380 2916 2448 quredam
2950 2380 3043 2434 Dei
3078 2379 3434 2449 dispensatio,
3461 2387 3516 2433 et
3544 2378 3644 2431 iiii-

2067 2488 2254 2528 mcnsa
2311 2471 2437 2527 Jesu
2496 2472 2703 2527 Christi
2759 2472 3132 2527 misericordia
3185 2472 3480 2541 apparuit:
3519 2486 3647 2525 raro

2066 2567 2281 2634 quidem
2339 2568 2484 2620 inter
2526 2565 2723 2620 fratres
2782 2565 3056 2634 exemplo,
3088 2567 3182 2619 sed
3237 2580 3268 2618 a
3322 2564 3649 2618 dexteritate

2068 2660 2392 2728 ingenioque
2435 2656 2564 2713 Jesu
2602 2658 2802 2714 Christi
2838 2657 3064 2712 minime
3094 2657 3297 2712 alieno.
3330 2655 3534 2711 Omnes
3570 2656 3649 2710 si-

2066 2752 2287 2821 quidem
2320 2751 2411 2820 qui
2454 2766 2481 2805 a
2532 2752 2708 2822 prima
2740 2751 2923 2807 statim
2954 2750 3451 2819 comprehensione
3487 2749 3648 2803 fidem

2068 2858 2419 2919 negaverant,
2485 2848 2589 2915 ipsi
2652 2862 2873 2916 quoque
2936 2847 2989 2900 in
3047 2860 3324 2900 carcerem
3389 2846 3651 2915 coniecti,

2067 2940 2256 2995 eadem
2307 2952 2427 3008 quae
2486 2939 2670 2992 caeteri
2721 2949 2988 3008 martyres
3042 2938 3410 3006 perferebant.
3460 2936 3649 3005 Neque

2068 3032 2213 3085 enim
2252 3028 2359 3084 illis
2387 3030 2685 3100 quidquam
2720 3038 2849 3084 tunc
2882 3029 3083 3097 profuit
3109 3028 3234 3084 fidei
3267 3044 3380 3084 suae
3408 3031 3648 3100 negatio.

2072 3124 2270 3178 Verum
2306 3123 2379 3176 iili
2414 3125 2633 3190 quidem
2682 3123 2772 3190 qui
2809 3137 2933 3177 sese
2964 3122 3012 3175 id
3049 3123 3193 3189 quod
3241 3136 3433 3176 revera
3465 3130 3647 3180 erant.

2072 3229 2193 3271 esse
2239 3214 2659 3283 profitebantur,
2716 3222 2976 3280 tanquam
3030 3211 3328 3265 Christiani
3395 3210 3651 3280 conjiciu-

2073 3307 2272 3360 bautur
2304 3303 2357 3357 in
2382 3303 2621 3363 vincula,
2660 3301 2805 3353 nullo
2837 3300 2944 3352 alio
2968 3297 3202 3352 crimine
3238 3297 3371 3365 ipsis
3407 3296 3646 3362 objerto.

2074 3395 2137 3450 ili
2172 3410 2301 3450 vero
2336 3394 2564 3462 perinde
2612 3407 2675 3446 ac
2720 3390 3003 3444 homicidae
3029 3399 3084 3441 et
3118 3387 3368 3442 scelerati
3400 3388 3651 3441 homines

2073 3487 2334 3553 deinceps
2362 3482 2774 3544 detinebantur,
2810 3478 2973 3546 duplo
3004 3478 3222 3548 gravius
3257 3490 3419 3544 quam
3452 3475 3646 3543 reliqui

2072 3577 2399 3648 supplicium
2430 3575 2791 3646 perferentes.
2824 3571 2948 3625 111ος
2982 3570 3125 3624 enim
3156 3569 3412 3638 gaudium
3443 3577 3649 3637 marty-

2073 3670 2161 3732 rii,
2192 3682 2427 3737 spesque
2447 3665 2726 3734 promissa:
2770 3660 3146 3723 beatitudinis,
3172 3670 3226 3712 et
3253 3658 3491 3713 charitas
3520 3672 3650 3726 erga

2071 3759 2372 3825 Christum,
2407 3767 2461 3812 et
2519 3756 2611 3813 Dei
2657 3755 2838 3810 Patris
2881 3753 3120 3823 Spiritus
3177 3751 3482 3805 recreabat.
3537 3750 3651 3806 llos

2072 3866 2202 3906 vero
2246 3851 2488 3919 graviter
2538 3848 2827 3916 torquebat
2877 3843 3258 3899 conscientia:
3292 3842 3365 3895 ita
3416 3851 3477 3895 ut
3519 3842 3648 3902 dum

2072 3944 2521 4005 traducerentur,
2555 3941 2674 4010 ipso
2699 3937 2845 3993 vultu
2878 3948 3042 4007 atque
3078 3945 3300 4006 aspectu
3337 3933 3501 3991 facile
3534 3934 3647 3993 dis-

2068 4107 2217 4151 retur
2245 4096 2309 4149 ad
2343 4111 2531 4151 vocem
2558 4095 2759 4164 θέαμα,
2789 4094 3051 4148 dixissent
3076 4093 3156 4156 εἰς
3180 4092 3242 4145 τὸ
3270 4091 3527 4162 δημόσιον
3552 4094 3648 4148 καὶ

2066 4167 2264 4227 κοινόν,
2303 4177 2407 4221 etc.
2446 4165 2616 4221 Porro
2645 4169 2921 4234 eleganter
2949 4164 3401 4234 ampliitbeatrale
3429 4179 3644 4225 munus,

2064 4239 2118 4291 in
2150 4240 2253 4291 hac
2284 4236 2516 4304 epistola
2561 4233 2788 4289 vocatur
2832 4236 3108 4304 publicum
3164 4233 3447 4304 gentilium
3491 4234 3647 4304 inliu-

2066 4301 2344 4361 manitatis
2370 4306 2761 4373 spectaculum.
2790 4301 2845 4358 In
2875 4320 2939 4359 eo
2973 4301 3251 4373 siquidem
3273 4302 3390 4355 loco
3416 4301 3650 4370 gentiles

2065 4393 2221 4433 Suam
2260 4386 2371 4431 tum
2406 4372 2460 4429 in
2515 4376 2882 4436 Christianos,
2915 4385 3027 4426 tum
3075 4374 3126 4427 in
3176 4372 3416 4439 reliquos
3448 4373 3648 4424 bestia-

2068 4452 2196 4510 rios,
2235 4447 2523 4501 belluinam
2552 4446 2817 4500 Stevitiam
2849 4444 3066 4512 publice
3097 4441 3454 4512 spectandam
3485 4441 3646 4494 exhi-

2066 4519 2286 4573 hebant.

2139 4587 2188 4658 (1
2206 4590 2251 4651 l)
2277 4586 2400 4640 Τῶν
2415 4582 2813 4655 θηριομαχιῶν
2824 4578 3646 4658 ᾐμέρας...διδομένηςΣ-Ηιι]ιιε

2068 4648 2170 4711 1οοῖ
2199 4648 2423 4711 settsum
2462 4648 3007 4711 tion'as'secutiwsunt
3040 4648 3383 4717 interpretes.
3439 4648 3646 4703 SenSus

2068 4737 2252 4781 autem
2278 4737 2383 4791 est,
2403 4726 2683 4794 praesidem
2711 4739 2806 4777 seu
2845 4724 3081 4792 legatum
3109 4720 3404 4794 provinciae
3429 4718 3645 4794 Lugda-

2071 4799 2280 4857 pensis,
2310 4790 2678 4865 spectaculum
2711 4790 3129 4865 ferarumextra
3171 4790 3643 4865 ordinem‘populo

2071 4859 2385 4937 praebuisse,
2418 4865 2710 4937 constituta
2746 4865 2810 4916 ad
2840 4863 2891 4916 id
2917 4861 3023 4937 die2
3054 4869 3272 4937 propter
3301 4859 3645 4937 Christianus

2070 4930 2208 5005 quos
2236 4937 2303 4991 ad
2329 4931 2547 5005 bestias
2579 4937 2951 5005 damnaverat.
2986 4931 3151 4984 Erant
3183 4930 3500 5005 eiiiiu_apud
3535 4931 3644 5005 lto-

2072 4999 2264 5060 manus
2290 5004 2551 5060 ordinarii
2581 5019 2645 5057 ac
2671 5003 2943 5057 solemnes
2977 5015 3258 5054 munerum
3292 4999 3428 5062 dies,
3466 4999 3558 5067 qui
3588 5000 3639 5052 in

2073 5090 2313 5131 mensem
2341 5076 2694 5130 Decembrem
2728 5072 3063 5135 incidebant,
3105 5080 3164 5124 ut
3192 5081 3277 5123 est
3306 5068 3357 5121 in
3388 5069 3647 5122 calenda-

2072 5145 2155 5198 rio
2177 5143 2506 5200 Heruvartii.
2540 5143 2702 5195 Extra
2730 5142 2828 5197 hos
2878 5142 2995 5195 dies
3027 5158 3131 5196 non
3162 5140 3358 5193 licebat
3392 5154 3647 5192 munera-

2074 5215 2172 5270 riis
2199 5230 2264 5269 ac
2292 5213 2595 5269 duumviris
2618 5213 2817 5282 quibus
2846 5211 3148 5282 hujusmodi
3179 5210 3476 5282 editionum
3503 5218 3644 5282 otius

2072 5294 2191 5340 erat
2239 5285 2574 5353 impositum,
2632 5278 2938 5353 spectacula
2968 5279 3228 5353 ferarum_
3257 5278 3454 5349 populo
3482 5278 3641 5353 exhi-

2072 5355 2221 5420 bere,
2274 5348 2336 5409 ut
2391 5355 2547 5408 docet
2594 5348 2823 5420 epistola
2880 5350 3135 5405 Ecclesiae
3195 5348 3540 5420 Smyrnensis
3574 5349 3643 5420 de

2074 5414 2676 5496 martyriqf’olycarp'i,
2723 5435 2845 5496 qum
2892 5414 3352 5496 superiusrelatu
3384 5423 3467 5496 est
3496 5415 3547 5496 in
3578 5414 3641 5496 li:-

2074 5497 2175 5550 bro
2202 5484 2278 5551 t'v.
2316 5484 2513 5548 Verum
2555 5484 2790 5564 majores
2817 5484 3032 5564 jttdtées
3059 5491 3157 5564 qui
3185 5485 3473 5564 jusgladii
3495 5494 3549 5564 et
3574 5484 3642 5535 ad

2075 5567 2277 5620 bestias
2314 5563 2601 5617 damnandi
2637 5553 2952 5633 habebant,‘
2984 5553 3285 5628 huiusmodi
3310 5553 3327 5554 ”
3344 5553 3642 5633 meridiana

2074 5634 2406 5703 spectacula,
2451 5633 2665 5702 quoties
2690 5633 2831 5701 ipsis
2863 5623 3075 5703 libitum
3114 5623 3642 5703 erat,_exl_iil_i_ebant,

2075 5692 2134 5759 u't
2168 5720 2290 5760 cum
2323 5692 2502 5774 populi
2543 5692 2817 5774 voluptate
2861 5701 3050 5754 noxios
3078 5713 3118 5774 _e
3164 5695 3338 5774 taedio
3366 5692 3643 5774 tollerent.

2075 5774 2240 5848 Cujus
2268 5765 2346 5831 rei
2390 5765 2695 5843 exemplum
2727 5773 2933 5827 illustre
2961 5780 3043 5825 est
3078 5768 3129 5821 in
3174 5765 3316 5818 Actis
3345 5769 3642 5832 martyrum
