4198 6428
545 351 655 409 425

1258 345 1529 401 ΕυδΕΒιι
1566 343 2051 402 CESARIENSIS
2087 342 2240 400 OPP.
2280 342 2461 399 PARS
2498 340 2541 400 l.
2581 374 2649 387 ——-
2686 342 3083 401 HISTORICA.

3725 346 3825 400 424

546 471 908 522 cernerentur
936 478 966 517 a
996 462 1228 517 caeteris.
1260 461 1471 532 Quippe
1521 460 1597 516 illi
1653 460 1874 532 quidem
1931 461 2132 516 hilares

2237 461 2457 533 διῄεσαν
2491 462 2549 515 ὲν
2570 461 2648 532 τῷ
2684 461 3046 534 ἀμψιθεάτρῳ
3073 458 3160 514 διὰ
3203 459 3385 530 πάσης
3418 458 3714 525 κολάσεως,
3752 461 3828 525 ὡς

547 561 905 619 accedebant,
953 555 1295 623 majestatem
1328 556 1616 626 quamdam
1649 555 1927 609 venustati
1968 556 2129 609 inter-

547 652 768 706 Inistant
801 648 1040 701 \nltibns
1077 645 1466 715 prarferetttes;
1501 645 1638 699 adeo
1664 654 1721 697 ut
1754 644 1966 698 vincula
1993 660 2132 714 prae-

545 744 766 813 cipuum
814 741 944 810 ipsis
972 754 1228 793 ornatum
1269 738 1545 791 addidisse
1585 738 1926 801 viderentur,
1961 738 2134 791 instar

546 849 764 902 sponstc
819 831 1047 884 ﬁmbriis
1093 832 1274 883 antcis
1297 829 1593 897 variegatis
1641 840 1850 882 ornatte
1874 845 1892 881 :
1922 830 1989 882 ad
2020 831 2133 883 haec

547 937 769 977 Suavem
823 922 1024 977 Christi
1079 923 1305 975 odorem
1349 921 1644 989 spirantes,
1676 922 1749 975 ita
1781 930 1841 972 ut
1893 920 2130 975 nonnulli

547 1025 768 1070 terreno
816 1031 910 1069 eos
954 1025 1235 1080 unguento
1287 1013 1561 1067 delibutus
1601 1022 1876 1082 putarent.
1912 1012 1972 1065 lli
2004 1028 2133 1067 vero

546 1105 790 1161 demisso
811 1106 984 1168 vultu,
1022 1102 1219 1171 abjecti
1253 1114 1307 1157 et
1340 1104 1571 1172 squalidi
1615 1119 1677 1155 ac
1707 1103 1931 1164 sordidi,
1959 1104 2134 1156 omni—

546 1214 653 1268 que
704 1199 1068 1252 deformitatis
1118 1210 1320 1265 genere
1383 1195 1626 1262 cooperti
1657 1208 1672 1245 :
1706 1196 1773 1248 ab
1834 1195 1963 1264 ipsis
2002 1194 2131 1263 quin

546 1291 712 1345 etiam
744 1288 1040 1356 gentilibus
1090 1286 1294 1356 probro
1329 1284 1506 1339 aﬂ'ccti
1535 1295 1720 1353 utpote
1751 1284 1928 1353 ignavi
1971 1295 2135 1352 atque

545 1380 816 1444 imbelles,
839 1380 931 1448 qui
964 1378 1357 1430 homicidarum
1389 1379 1604 1446 quidem
1637 1378 1739 1432 sibi
1774 1378 1902 1445 ipsis
1924 1379 2131 1431 crimen

546 1474 958 1542 imposuissent,
992 1469 1432 1523 Christianorum
1463 1480 1644 1521 autem
1678 1469 2048 1523 venerandum
2078 1476 2133 1520 et

547 1564 841 1636 gloriosum
885 1578 948 1614 ac
978 1562 1217 1615 salutare
1250 1576 1446 1614 n0mcn
1480 1561 1809 1614 amisissent.
1848 1559 1979 1626 Qua:
2009 1575 2131 1614 cum

546 1657 733 1711 eteteri
777 1656 1061 1717 viderent,
1129 1669 1458 1723 magnopere
1515 1652 2005 1707 confirmabantur.
2068 1652 2135 1706 Et

2236 555 2405 623 μηδὲν
2433 553 2571 618 ὅλως
2606 554 3066 625 προπεπονθότες,
3103 552 3304 624 μᾶλλον
3326 552 3383 605 δὲ
3418 551 3495 616 ὡς
3521 551 3609 607 διὰ
3643 552 3830 607 πλειό.

2233 662 2339 700 νων
2355 647 2453 718 ήδη
2481 648 2699 719 κλήρων
2728 648 2840 718 (12)
2864 647 3253 712 ἐκ6ε6ιακότες
3276 647 3366 701 τὸν
3396 646 3711 712 ἀντίπαλον,
3734 650 3830 703 καὶ

2234 739 2362 810 περὶ
2391 739 2486 791 τοῦ
2519 740 2783 809 στεφάνου
2838 740 3002 793 αυτοῦ
3050 740 3142 793 τὸν
3178 738 3367 808 ἀγῶνα
3424 739 3659 809 ἔχοντες,
3720 741 3828 794 ὑπ-

2234 834 2428 905 έφερον
2457 833 2617 885 πάλιν
2657 832 2759 895 τὰς
2792 831 3057 896 διεξόδους
3105 833 3211 886 τῶν
3249 831 3526 904 μαστίγων
3564 832 3675 904 (15)
3728 834 3827 894 τὰς

2233 923 2413 975 ἐκεῖσε
2460 921 2795 991 εἰθισμέναις,
2837 923 2931 975 καὶ
2977 923 3106 985 τοὺς
3147 922 3259 976 ἀπὸ
3289 921 3397 975 τῶν
3434 921 3636 993 θηρίων
3674 922 3831 995 ἑλκη-

2234 1014 2426 1085 θμοῦς,
2448 1014 2542 1067 καὶ
2573 1014 2731 1067 πάνθ’
2755 1016 2854 1067 ὅσα
2888 1014 3209 1086 μαινόμενος
3235 1014 3263 1067 ὁ
3290 1014 3460 1086 δῆμος
3491 1017 3637 1070 ἄλλοι
3660 1016 3830 1071 ἀλλα-

2233 1106 2389 1178 χόθεν
2444 1107 2683 1159 ἐπεϐόων
2710 1108 2804 1160 καὶ
2851 1106 3260 1171 ἐπεκελεύοντο,
3300 1108 3393 1162 καὶ
3423 1109 3516 1162 ἐπὶ
3552 1106 3690 1162 πᾶσι.
3726 1109 3832 1181 τὴν

2235 1199 2460 1270 σιδηρᾶν
2513 1199 2801 1270 καθέδραν,
2866 1202 2950 1269 ἐφ’
2998 1196 3065 1272 ἦς
3121 1201 3525 1271 τηγανιζόμενα
3582 1202 3651 1256 τὰ
3719 1201 3828 1255 σώ-

2238 1312 2403 1365 ματα,
2463 1294 2691 1364 κνίσσης
2733 1295 2929 1357 αὐτοὺς
2973 1292 3237 1364 ἐνεςόρει.
3286 1294 3348 1347 υἱ
3400 1292 3445 1346 δ’
3492 1295 3599 1346 οὐδ’
3656 1291 3826 1355 οὕτως

2234 1388 2449 1456 ἔληγον,
2504 1386 2618 1439 ἀλλ’
2682 1385 2761 1439 ἔτι
2811 1387 2905 1438 καὶ
2978 1384 3594 1456 μᾶλλον’ἐξεμαίνοντο,
3644 1382 3820 1455 βουλό·

2238 1498 2389 1551 μενοι
2438 1480 2662 1549 νικῆσαι
2692 1478 2790 1551 τὴν
2823 1479 3046 1533 ἐκείνων
3091 1476 3389 1549 ὑπομονήν.
3440 1479 3550 1530 Καὶ
3595 1477 3704 1530 οὐδ’
3750 1477 3822 1539 ὡς

2235 1570 2388 1643 παρὰ
2446 1571 2690 1640 Σάγκτου
2730 1571 2918 1643 ἕτερόν
2970 1589 3022 1625 τι
3072 1571 3332 1643 ἥκουσαν,
3378 1572 3507 1641 παρ’
3541 1569 3608 1639 ἤν
3647 1569 3814 1639 ἁπαρ

2234 1664 2337 1735 κῆς
2400 1663 2604 1716 εἴθιστο
2662 1664 2842 1731 λέγειν
2893 1663 2995 1734 τῆς
3033 1645 3339 1735 (ὁμολογίας
3399 1663 3604 1733 φωνήν.
3665 1656 3820 1715 οὗτοι

546 1751 591 1805 si
631 1764 792 1820 quem
833 1760 1015 1817 postea
1056 1747 1449 1815 comprehendi
1508 1748 1836 1814 contigerat,
1876 1748 1921 1800 is
1948 1747 2131 1800 statim

2239 1756 2337 1826 μὲν
2402 1753 2495 1808 οὖν
2557 1755 2622 1808 δι’
2680 1756 2890 1823 ἀγῶνος
2960 1755 3198 1827 μεγάλου
3273 1756 3504 1808 ἐπιπολὺ
3572 1769 3814 1827 παραμε·

547 1842 760 1910 absque
792 1840 895 1893 tilla
921 1842 1273 1894 cunctatione
1293 1840 1683 1907 confitebatur,
1711 1856 1777 1894 nc
1802 1839 2132 1906 cogitatione

2235 1849 2431 1921 νούσης
2460 1849 2640 1902 αὐτῶν
2678 1850 2779 1920 τῆς
2816 1848 3029 1920 ψυχῆς,
3073 1847 3367 1919 τοῦσχατον
3406 1847 3704 1919 ἐτύθησαν,
3737 1845 3821 1900 διὸ

546 1933 764 2002 quidem
818 1938 984 1985 tenus
1032 1930 1320 1985 consilium
1388 1931 1542 2003 161
1600 1947 1666 1985 ac
1728 1931 2129 2001 suggestionem

547 2025 813 2079 daemonis
876 2024 1192 2078 admittens.
1233 2041 1253 2074 ι
1297 2023 1495 2078 Paucis
1543 2023 1742 2078 deinde
1803 2023 2129 2092 interiectis,

548 2113 743 2168 iterum
789 2114 907 2168 haec
962 2115 1297 2184 subjiciunt:
1329 2135 1349 2167 ι
1388 2116 1484 2170 llis
1514 2117 1584 2169 ita
1622 2118 1809 2185 guStis,
1854 2118 2129 2189 inquiunt,

543 2204 804 2276 deinceps
837 2207 1073 2273 ipsorum
1113 2208 1376 2277 tnartyria
1412 2208 1464 2260 in
1495 2207 1673 2261 varias
1710 2209 1899 2263 Inertis
1923 2214 2133 2280 Species

546 2295 719 2349 divisa
762 2306 913 2349 sunt.
952 2297 1027 2349 Ex
1062 2299 1210 2352 Olttbi
1244 2299 1446 2368 quippe
1491 2298 1684 2352 ﬂorum
1728 2315 1927 2368 genere
1955 2304 2134 2356 divero

546 2391 733 2459 sisque
765 2392 1047 2446 coloribus
1106 2393 1321 2444 unicam
1359 2403 1607 2447 terentes
1637 2410 1893 2447 coronam
1928 2397 2133 2451 beatis—

546 2484 670 2538 simi
702 2494 991 2554 martyres,
1024 2484 1134 2538 Deo
1160 2482 1307 2538 Patri
1344 2485 1685 2539 obtulerunt.
1718 2484 1958 2555 Equum
2004 2504 2135 2545 sane

545 2584 753 2628 eratut
786 2574 1073 2629 fortissimi
1115 2576 1356 2640 athleta,
1392 2577 1487 2645 qui
1531 2578 1810 2647 multiplex
1855 2591 2133 2635 certamen

549 2667 863 2733 subierunt,
916 2678 1082 2735 atque
1146 2667 1417 2737 insignem
1468 2671 1756 2725 victoriam
1810 2672 2132 2736 retulerant,

550 2760 823 2827 insignem
861 2760 1294 2814 immortalitatis
1330 2776 1592 2815 coronam
1641 2764 1984 2833 acciperent;
2023 2764 2137 2819 Ma-

550 2861 708 2908 turus
755 2854 918 2922 igitnr
964 2865 1021 2909 et
1066 2853 1302 2910 Sanctus
1360 2871 1482 2910 eum
1536 2854 1798 2910 Blandina
1850 2867 1904 2912 et
1953 2860 2135 2913 Attalo

548 2945 697 3000 ducti
737 2957 864 3003 sunt
894 2948 961 3001 ad
1003 2949 1206 3002 bestias
1236 2947 1288 3001 iu
1336 2948 1827 3015 amphitheatrum,
1864 2950 1931 3004 ad
1960 2949 2136 3019 publi-

545 3054 674 3096 cum
703 3037 1074 3105 spectaculum
1111 3038 1531 3092 inhumanitatis
1554 3039 1838 3109 gentilium
1868 3057 1885 3098 :
1910 3042 2134 3111 praebito

2232 1945 2332 2015 τῆς
2361 1944 2572 2015 ἡμέρας
2618 1945 2864 2015 ἐκείνης,
2902 1944 3023 1996 ἀντὶ
3060 1944 3241 2014 πάσης
3278 1942 3379 2013 τῆς
3419 1943 3478 1994 ἐν
3518 1943 3630 2004 τοῖς
3671 1954 3822 2010 μονο-

2236 2037 2449 2108 μαχξοις
2501 2035 2609 2106 (Ui)
2664 2033 2971 2097 ποικιλίας,
3024 2034 3177 2086 αὐτοὶ
3219 2032 3396 2102 θέαμα
3427 2032 3705 2102 γενόμενοι
3746 2027 3823 2100 τῷ

2234 2128 2441 2199 κόσμῳ.
2485 2128 2548 2179 'H
2577 2126 2633 2178 δὲ
2659 2125 2917 2179 Βλανδίνα
2944 2124 3034 2177 ἐπὶ
3059 2124 3215 2189 ξύλου
3240 2142 3336 2195 κρε
3348 2123 3633 2194 μασθεῖσα,
3658 2121 3829 2193 προΰσ

2233 2234 2382 2271 κειτο
2429 2216 2562 2288 βορὰ
2610 2215 2720 2268 τῶν
2754 2214 3187 2286 εἰσϐαλλομένων
3229 2212 3470 2283 θηρίων·
3518 2213 3552 2284 ἢ
3601 2212 3694 2266 καὶ
3738 2211 3823 2264 διὰ

2231 2307 2325 2360 τοῦ
2365 2306 2654 2377 βλέπεσθαι
2686 2306 2920 2378 σταυροῦ
2958 2309 3195 2376 σχήματι
3230 2302 3574 2376 κρεμαμένη,
3609 2301 3697 2354 διὰ
3727 2301 3824 2371 τῆς

2233 2400 2449 2452 εὐτόνου
2484 2398 2825 2471 προσευχῆς,
2866 2397 3066 2468 πολλὴν
3100 2395 3410 2468 προθυμίαν
3452 2393 3685 2447 ἐνεποίει
3713 2395 3823 2455 τοῖς

2232 2490 2656 2561 ἀγωνιζομένοις
2677 2530 2691 2552 ,
2730 2489 3034 2560 βλεπόντων
3078 2489 3259 2542 αὐτῶν
3288 2491 3344 2541 ἐν
3376 2487 3453 2558 τῷ
3488 2485 3695 2555 ἀγῶνι,
3731 2485 3826 2538 καὶ

2233 2587 2345 2647 ταῖς
2384 2583 2585 2649 ἔξωθεν
2637 2580 2938 2653 ὀφθαλμοῖς
2980 2580 3067 2633 διὰ
3113 2580 3213 2651 τῆς
3248 2578 3511 2649 ἀδελφῆς,
3546 2576 3638 2630 τὸν
3685 2576 3828 2649 ὑπὲρ

2233 2675 2413 2728 abi:th
2447 2674 2880 2745 ἐσταυρωμένον,
2912 2674 2999 2727 ἶνα
3030 2673 3191 2743 πείσῃ
3214 2673 3339 2735 τοὺς
3370 2669 3721 2733 πιστεύοντας
3745 2669 3826 2733 εἰς

2235 2762 2430 2830 αὐτὸν,
2470 2764 2553 2817 δτι
2588 2765 2694 2824 πᾶς
2744 2764 2773 2815 ὁ
2826 2762 2971 2834 ὑπὲρ
3002 2761 3101 2831 τῆς
3130 2760 3367 2832 Χριστοῦ
3412 2760 3569 2831 δόξης
3617 2756 3823 2819 παθὼν.

2233 2855 2332 2925 τὴν
2366 2854 2651 2909 κοινωνίαν
2691 2854 2778 2907 ἀεὶ¹
2824 2854 2937 2924 ἔχει
2982 2854 3119 2924 μετὰ
3150 2853 3244 2906 τοῦ
3288 2851 3489 2918 ζῶντος
3519 2849 3677 2905 Θεοῦ.
3716 2850 3827 2903 Καὶ

2239 2947 2465 3019 μηδενὸς
2499 2946 2778 3017 ἁψαμένου
2814 2946 2934 2999 τότε
2968 2946 3075 2999 τῶν
3109 2947 3312 3017 θηρίων
3346 2947 3534 3016 αὐτῆς,
3566 2943 3826 3017 καθαιρι·

2237 3038 2391 3093 θεῖσα
2435 3039 2543 3093 ἀπὸ
2576 3039 2671 3092 τοῦ
2704 3038 2893 3103 ξύλου,
2938 3038 3213 3110 ἀνελήφθη
3248 3039 3409 3093 πάλιν
3450 3040 3531 3101 εἰς
3576 3039 3675 3109 τὴν
3714 3038 3827 3109 εἱρ-

550 3132 620 3187 de
659 3132 926 3187 industria
959 3147 1245 3185 munermn
1276 3130 1362 3184 die
1393 3141 1617 3200 propter
1656 3142 1897 3188 nostros.
1928 3135 1993 3189 Iit
2030 3135 2132 3189 Ma-

2237 3134 2395 3205 κτὴν,
2423 3136 2503 3196 εἰς
2530 3132 2688 3186 ἄλλον
2715 3131 2903 3200 ἀγῶνα
2934 3131 3247 3202 τηρουμένη
3270 3170 3284 3194 ,
3320 3132 3407 3183 ἴνα
3444 3128 3533 3183 διὰ
3566 3127 3826 3182 πλειόνων

551 3230 710 3277 turtts
739 3221 957 3292 quidem
988 3235 1051 3274 ac
1083 3220 1322 3275 Sanctus
1386 3235 1581 3276 rursus
1608 3223 1791 3276 omnia
1831 3232 2133 3279 tormento-

548 3329 673 3370 rum
704 3328 907 3384 genera
941 3315 992 3368 in
1022 3312 1429 3383 amphitheatro
1473 3315 1779 3381 subierunt,
1808 3317 1962 3384 quasi
1997 3316 2133 3370 nihil

550 3416 709 3462 antea
763 3409 1005 3478 perpessi
1061 3420 1268 3465 essent.
1321 3410 1429 3463 Aut
1475 3410 1655 3479 potius
1703 3409 1859 3477 quasi
1914 3409 2132 3465 athletae

548 3503 639 3572 qui
667 3502 854 3557 multis
886 3502 997 3567 jam
1028 3502 1241 3556 vicibus
1274 3501 1646 3555 adversarium
1677 3510 2049 3569 superassent,
2077 3512 2133 3556 et

547 3594 616 3647 de
642 3608 845 3647 corona
889 3593 1007 3662 ipsa
1045 3590 1156 3659 jam
1217 3592 1587 3657 decertarent,
1632 3606 1825 3645 rursus
1870 3603 2130 3647 c0nsncta

549 3684 665 3739 illic
709 3686 1008 3751 ﬂagrorum
1063 3684 1291 3738 verbera
1329 3683 1695 3752 pertulerunt,
1731 3691 1786 3737 et
1832 3683 2132 3739 bestiarum

550 3776 700 3846 ipsos
728 3773 1061 3829 trahentium
1117 3788 1360 3842 morsus,
1394 3783 1450 3830 et
1483 3789 1831 3846 quaecunque
1866 3776 1971 3831 alia
2009 3778 2131 3832 vul-

550 3977 813 4043 Tarachi,
866 3977 1027 4032 Probi
1060 3987 1114 4033 et
1140 3977 1468 4033 Andronici.
1501 3977 1636 4033 Nam
1681 3994 1804 4033 cum
1842 3976 2133 4042 Maximus,

548 4048 843 4126 procun_sul
875 4049 1098 4126 Ciliciae,
1142 4063 1237 4102 eos
1275 4051 1339 4101 ad
1358 4050 1572 4126 bestias
1603 4050 1936 4126 damnasset,
1969 4051 2140 4126 advo;

551 4118 685 4179 'cans
730 4118 1118 4174 Terentianum
1175 4119 1573 4173 sacerdotalem
1618 4119 1851 4182 Ciliciae,
1894 4118 2056 4186 jussit
2085 4119 2136 4173 ei

551 4191 803 4263 sequenti
849 4192 941 4245 die
974 4203 1194 4263 munera
1233 4190 1440 4242 edenda
1489 4203 1705 4252 curare,
1754 4199 1812 4241 ut
1857 4189 2054 4259 legitur
2082 4188 2138 4243 in

552 4260 1106 4334 capaioeorunitlem
1146 4260 1429 4334 Aetprum.

622 4326 734 4417 (12)
765 4332 869 4386 Διὰ
903 4330 1203 4417 πλειονων
1232 4328 1347 4417 ﬁt???
1375 4326 1995 4417 adripaw.iam#suplra
2013 4342 2144 4417 nino-

556 4400 776 4459 nuimns
808 4403 1009 4455 multas
1040 4403 1124 4452 hic
1157 4401 1547 4452 ll‘:lltSi:tiittllt'S
1576 4414 1697 4451 esse
1725 4415 1751 4448 a
1783 4413 1839 4451 rc
1862 4400 2138 4452 athletica.

551 4475 699 4530 lttlet‘
734 4474 830 4527 has
862 4472 1196 4524 numeranda
1228 4482 1311 4522 est
1336 4485 1435 4521 vox
1462 4469 1671 4540 κλῆροι.
1707 4469 1967 4523 Solebant
1994 4470 2139 4523 enim

552 4546 773 4599 athleta:
814 4545 904 4611 qui
935 4542 990 4595 in
1022 4541 1162 4594 ludis
1195 4541 1457 4592 certaturi
1495 4552 1674 4611 erant,
1718 4540 1915 4611 sortito
1950 4541 2130 4611 educi.

552 4615 706 4682 Quod
748 4607 1020 4683 quomodo
1066 4611 1238 4672 fieret,
1265 4611 1425 4663 docet
1456 4625 1552 4663 nos
1600 4609 1953 4683 Lucianusin
1984 4607 2132 4683 Her-

552 4680 790 4738 niotimol
826 4683 1051 4737 Cistella
1101 4690 1222 4734 erat
1271 4689 1554 4748 argentea,
1614 4681 1717 4734 deo
1768 4680 2130 4735 certaminum

550 4755 767 4825 praesidi
821 4767 996 4825 sacra,
1038 4752 1096 4825 in_
1142 4766 1304 4825 quam
1340 4751 1774 4825 conjiciebantur
1817 4761 1997 4825 sortes
2034 4765 2132 4825 seu

555 4820 778 4880 iessera:
824 4823 1034 4876 breves.
1082 4821 1138 4874 lu
1172 4820 1384 4874 duabus
1413 4821 1667 4889 inscripta
1693 4829 1813 4873 erat
1852 4820 2027 4875 littera
2062 4820 2126 4880 Α,

553 4896 610 4950 in
639 4893 761 4948 aliis
812 4892 1026 4946 duabus
1049 4891 1115 4953 Β,
1149 4891 1203 4945 in
1256 4890 1377 4944 aliis
1422 4890 1548 4943 item
1594 4890 1803 4944 duabus
1848 4889 1913 4953 Γ,
1961 4902 2013 4944 et
2050 4894 2132 4945 sic

553 4967 839 5032 deinceps.
883 4961 1022 5016 Tum
1074 4961 1520 5032 athletatusortes
1567 4975 1598 5015 e
1636 4963 1773 5015 cista
1803 4961 2128 5032 educebant.

553 5030 766 5100 Quibus
813 5031 860 5086 Α
908 5033 1241 5097 obvenisset,
1293 5030 1329 5083 ii
1378 5031 1531 5084 inter
1559 5045 1620 5084 se
1642 5030 2133 5100 committebantur

552 5098 732 5174 primo
759 5102 879 5158 loco
909 5100 1218 5174 pugnaturi.
1263 5099 1614 5174 Eratquehzc
1640 5098 1858 5172 πρῶτος
1906 5099 2128 5172 κλῆρος.

553 5169 821 5230 Similiter
860 5173 953 5241 qui
997 5169 1238 5225 litteram
1268 5169 1311 5223 Β
1360 5169 1699 5237 eduxissent,
1731 5174 1971 5224 secundo
2000 5169 2131 5224 ioco

551 5247 697 5300 inter
748 5256 808 5297 se
853 5244 1163 5297 certabant.
1193 5242 1268 5294 Ita
1302 5257 1421 5295 sors
1449 5252 1503 5293 et
1549 5256 1683 5293 urna
1738 5256 1895 5296 suum
1935 5242 2131 5308 cuique

551 5315 924 5369 adversarium
970 5313 1307 5381 assignabat.
1352 5310 1400 5364 ls
1429 5312 1520 5378 qui
1548 5311 1924 5381 adversarium
1971 5326 2128 5364 suum

550 5388 777 5450 vicerat,
816 5400 919 5438 non
950 5378 1133 5437 statim
1163 5381 1548 5435 coronabatur.
1596 5378 1702 5435 Sed
1727 5397 1846 5435 cum
1877 5381 1999 5433 aliis
2033 5381 2127 5448 qui

550 5456 890 5510 adversarios
920 5456 1048 5507 item
1096 5468 1221 5507 suos
1246 5454 1513 5515 vicerant,
1562 5453 1754 5504 iterum
1795 5459 2131 5519 pugnaturus

549 5528 999 5595 componebatur,
1054 5523 1406 5595 donecunus
1449 5524 1692 5575 omnium
1737 5523 1911 5574 victor
1935 5534 2131 5595 super-

549 5592 714 5651 esset.
751 5596 923 5661 Quam
973 5594 1024 5648 in
1058 5609 1171 5647 rent
1208 5592 1455 5661 pluribus
1505 5606 1640 5660 Opus
1673 5601 1803 5661 erat
1824 5592 2131 5645 sortitioni-

551 5666 671 5719 bus.
731 5660 867 5719 Hinc
917 5674 1004 5718 est.
1049 5663 1191 5731 quod
1248 5663 1299 5714 in
1352 5662 1706 5728 inscriptione
1770 5660 2127 5731 Farnesiana,

552 5749 711 5802 quam
745 5737 909 5787 refert
930 5730 1195 5788 Gruterus
1219 5743 1341 5800 pag.
1374 5731 1501 5793 514,
1537 5731 1884 5800 Asclepiatles
1906 5730 2129 5802 quidam

549 5801 934 5876 pancratiasta,
982 5804 1039 5860 in
1065 5802 1253 5859 multis
1282 5801 1678 5859 certaminibus
1724 5801 2015 5857 victoriam
2044 5815 2130 5857 re-

2240 3225 2647 3296 γυμνασμὰτων
2674 3224 2964 3296 νικήσασα,
2992 3223 3069 3294 τῷ
3100 3224 3195 3295 μὲν
3218 3222 3415 3293 σκολιῷ
3436 3222 3556 3291 ὄψει
3586 3217 3824 3293 ἀπαρατ-

2238 3334 2402 3387 τητον
2431 3320 2634 3391 ποιήσῃ
2664 3316 2763 3387 τὴν
2808 3316 3139 3387 καταδίκην,
3184 3313 3558 3386 προτρέψηται
3601 3312 3659 3366 δὲ
3702 3313 3827 3375 τοὺς

2240 3410 2501 3479 ἀδελφοὺς
2530 3411 2563 3480 ἡ
2606 3408 2779 3480 μικρὰ
2811 3411 2904 3462 καὶ
2936 3409 3169 3479 ἀσθενὴς
3203 3410 3295 3463 καὶ
3329 3403 3825 3477 εὐκαταφρόνητος,

2244 3502 2417 3571 μέγαν
2456 3501 2551 3554 καὶ
2588 3501 3028 3570 ἁκαταγώνιστον
3068 3499 3308 3572 ἀθλητὴν
3341 3497 3574 3572 Χριστὸν
3616 3495 3827 3550 ἐκδεδικ-

2245 3595 2402 3666 μένη,
2434 3594 2521 3647 διὰ
2554 3593 2765 3647 πολλῶν
2797 3593 3016 3665 κλήρων
3054 3591 3391 3647 ὲκδιϐἀσασα
3423 3590 3532 3661 (15)
3571 3587 3662 3641 τὸν
3680 3587 3827 3640 ἀντιο

2241 3687 2528 3758 κείμενον,
2564 3686 2658 3739 καὶ
2690 3685 2756 3739 δι’
2781 3685 2993 3754 ἀγῶνος
3026 3684 3116 3738 τὸν
3156 3685 3256 3755 τῆς
3294 3682 3601 3753 ἀφθαρσίας
3627 3677 3826 3749 στεψαο

2244 3780 2380 3851 μένη
2416 3779 2701 3849 στέφανον.
2746 3778 2805 3831 '0
2838 3779 2895 3831 δὲ
2926 3777 3189 3841 Ἄτταλος
3235 3776 3326 3830 καὶ
3370 3776 3530 3839 αὐτὸς
3576 3772 3827 3845 μεγάλως

2246 3977 2434 4050 tulisse
2472 3979 2692 4050 dicitur.
2724 3978 2786 4033 τὸ
2814 3977 3064 4050 δεύτερον
3100 3977 3194 4050 καὶ
3225 3978 3406 4050 τρίτον
3442 3976 3579 4049 μετά
3608 3973 3827 4050 πρῶτον

2245 4049 2562 4121 ἢδεύτερον
2601 4049 2801 4121 κλῆρον
2855 4048 3061 4119 στήσας
3119 4048 3715 4117 τοὺςάνταγωνιστάς.
3769 4048 3823 4101 Id

2245 4131 2348 4182 est,
2397 4130 2513 4186 post
2573 4124 2798 4188 primum
2851 4131 2939 4171 aut
2986 4128 3100 4187 post
3152 4121 3436 4172 secundum
3473 4121 3821 4182 sortitionem,

2248 4191 2475 4243 secundo
2502 4192 2576 4243 vel
2600 4191 2754 4243 tertio
2784 4191 3043 4258 superatis
3076 4190 3410 4241 adversariis.
3460 4189 3511 4240 Id
3555 4190 3698 4241 enim
3725 4204 3822 4242 usu

2251 4261 2535 4320 veniebat,
2584 4261 2654 4313 ob
2695 4276 2814 4312 eam
2873 4262 3138 4311 rationem
3196 4274 3359 4324 quam
3421 4259 3558 4319 dixi,
3615 4259 3826 4325 quoties

2251 4332 2402 4398 plura
2434 4341 2588 4383 erant
2617 4331 2765 4395 paria
2794 4331 3150 4382 athletarum.
3190 4330 3398 4396 Quippe
3425 4332 3656 4381 victores
3684 4328 3826 4383 inter

2250 4416 2310 4453 se
2338 4403 2824 4468 componebantur,
2853 4410 2908 4453 et
2934 4402 3170 4454 secunda
3210 4403 3351 4453 inter
3397 4414 3493 4453 eos
3520 4398 3682 4451 fiebat
3706 4413 3826 4451 sor-

2254 4471 2391 4533 titio,
2422 4486 2486 4523 ac
2517 4486 2706 4524 rursus
2742 4473 2925 4534 tertia,
2976 4470 3148 4523 donec
3193 4469 3417 4523 victoria
3447 4469 3512 4522 ad
3544 4484 3709 4521 utnnn
3737 4482 3823 4521 re-

2173 4523 2217 4578 Ῐ)
2240 4523 2451 4593 diisset.
2491 4539 2559 4594 Et
2589 4523 2696 4594 hoc
2735 4552 2819 4594 est
2846 4523 2991 4609 quod
3024 4540 3075 4593 in
3103 4540 3205 4593 hac
3233 4538 3461 4608 epistula
3506 4538 3708 4592 dicitur
3734 4536 3824 4592 διὰ

2237 4610 2497 4682 πλειόνων
2530 4610 2769 4682 κλήρων.
2807 4611 2890 4664 Ad
2924 4610 3069 4664 hanc
3106 4609 3439 4682 athletarum
3486 4619 3691 4682 sortem
3747 4622 3825 4682 re-

2236 4681 2458 4735 ferenda
2481 4677 2706 4734 Sttnt'ea
2742 4696 2863 4748 qua:
2898 4682 3069 4733 habes
3105 4680 3156 4731 in
3203 4680 3477 4747 principio
3525 4677 3687 4748 hujus
3707 4678 3824 4748 epi-

2236 4752 2390 4805 stnl:e
2418 4753 2485 4806 de
2517 4746 2819 4821 Epagath‘o,
2846 4748 3127 4821 ἀνελήφθη
3148 4746 3244 4803 καὶ
3270 4748 3435 4812 αὐτὸς
3462 4748 3543 4811 εἰς
3575 4746 3668 4802 τὸν
3693 4747 3823 4819 κλῆο

2236 4838 2331 4893 ρον
2367 4820 2485 4893 τῶε
2518 4820 2832 4893 μαρτύρφνι

2306 4838 2892 4965 afﬂigat;
2913 4889 3033 4944 τῶν
3051 4889 3381 4965 μαστίγων,
3412 4886 3679 4942 Mnsculus
3696 4903 3820 4965 vero

2236 4963 2299 5016 tit
2345 4962 2612 5017 verberum
2669 4962 2972 5025 ilintiones;
3034 4963 3585 5028 Ctirtstophorsmtus.
3655 4962 3820 5028 traje-

2235 5036 2458 5086 ctiones.
2511 5032 2722 5085 Dictum
2776 5034 2991 5085 videtur
3050 5046 3146 5097 pro
3182 5025 3281 5094 τὰς
3311 5032 3370 5083 ὲν
3412 5031 3532 5092 ταῖς
3564 5025 3823 5093 διεξόδοις

2236 5103 2533 5173 μάστιγας,
2573 5102 2623 5155 id
2645 5112 2746 5166 est,
2779 5105 2987 5157 verbera
3011 5102 3161 5155 illata
3185 5106 3310 5154 dum
3344 5104 3745 5153 traducerentur
3768 5098 3821 5149 in

2306 5191 2445 5226 mna.

2231 5189 2543 5365 Ροὲἶίῗπεν
2570 5242 2694 5309 τοῖς
2713 5242 3126 5312 μονομαχίοις.
3170 5240 3350 5297 Codex
3382 5239 3552 5303 Maz.,
3583 5237 3723 5294 lled.
3767 5246 3824 5290 et

2234 5311 2308 5367 Fu
2356 5352 2368 5364 .
2417 5317 2614 5367 habent
2647 5313 3061 5376 μονομαχίμοις.

2356 5352 2368 5364 .
2417 5332 2447 5365 ll
2457 5336 2481 5364 :l
2492 5332 2587 5366 IK'II
2597 5332 2614 5365 ι
2649 5332 3061 5366 αονοιιαγιιιοις.

2304 5331 2368 5365 lli.
2417 5331 2614 5367 ll:ll)0||l
2647 5331 3061 5384 μονομαχιμοις.

2304 5382 2417 5452 (15)
2450 5382 2554 5438 Διά
2586 5382 2834 5437 πολλῶν
2857 5383 3096 5451 κλήρων
3138 5377 3534 5452 ἐκϐιϐάσασα,
3567 5377 3823 5452 scriben—

2233 5450 2357 5507 dum
2388 5450 2469 5507 est
2517 5454 2846 5514 ἐκϐιάσασα.
2882 5464 2938 5505 ιιι
2977 5468 3162 5521 supra.
3196 5456 3371 5520 Atque
3410 5451 3484 5503 ita
3520 5450 3821 5521 [σείων-ἰπὶ

2233 5524 2419 5577 codice
2471 5525 2724 5579 Mctlicteo
2772 5538 2843 5585 et,
2882 5516 3653 5591 apud'Nicepb'orutnaVide
3721 5516 3822 5591 Ife-

2235 5601 2379 5645 trum
2420 5593 2656 5649 Fabrum
2697 5596 2751 5648 in
2801 5587 2942 5647 libro
2992 5593 3168 5661 primo
3210 5587 3525 5660 Agonistici,
3578 5604 3699 5658 cap.
3728 5587 3819 5642 24.

2231 5661 2405 5717 Porro
2453 5666 2746 5718 notandum
2807 5672 2893 5716 est
2950 5662 3293 5725 Blandinam,
3347 5671 3533 5728 utpote
3578 5672 3821 5719 servam,

2232 5734 2380 5786 cruci
2439 5733 2655 5789 afﬁxam
2706 5734 2896 5798 fuisse,
2950 5731 3096 5803 quod
3154 5739 3273 5786 erat
3323 5729 3646 5799 supplicium
3704 5741 3797 5785 ser

2233 5817 2451 5858 vorum.
