4198 6450
340 368 447 423 ιΞῦ

1402 360 1750 421 HISTORIA:
1788 353 2350 418 ECCLESIASTICE
2385 354 2516 411 LIB.
2559 356 2623 413 τ’.

3499 364 3605 423 ἇὲϐ

340 495 643 568 ἱξαιτηθεὶς
689 493 796 548 ὑπὸ
836 490 932 547 τοῦ
975 491 1156 564 δχλου,
1201 491 1297 545 καὶ
1336 489 1445 562 γὰρ
1488 483 1557 561 ἦν
1604 484 1922 557 ὀνομαστὸς,

2028 496 2126 554 gus
2150 481 2400 536 insanum
2432 493 2532 550 pro
2568 493 2668 535 suo
2697 478 2927 551 quisque
2955 482 3188 539 arbitrio
3215 484 3382 541 variis
3414 487 3598 542 accla-

340 591 557 660 ἕτοιμος
606 585 854 659 εἰσῆλθεν
907 583 1213 657 ἀγωνιστὴς
1269 582 1359 637 διὰ
1419 580 1481 634 τὸ
1526 578 1920 648 εὐσυνείδητον,

342 681 530 753 ἐπειδὴ
559 679 797 751 γνησίως
837 680 896 732 ἐν
933 681 998 749 τῇ
1032 677 1333 750 Χριστιανῇ
1373 672 1622 739 συντάξει
1650 688 1925 741 γεγυμνα-

342 771 538 843 σμένος
567 766 638 842 ἦν
656 811 671 834 ,
713 769 810 825 καὶ
841 770 927 823 ἀεὶ
975 768 1186 841 μάρτυς
1212 765 1454 835 ἐγεγόνει
1481 764 1610 834 παρ’
1635 765 1768 833 ἡμῖν
1794 761 1926 831 ἀλη-

341 860 512 924 θείας.
544 860 656 916 Kal
684 859 998 932 περιαχθεὶς
1023 858 1208 930 κύκλῳ
1247 857 1341 910 τοῦ
1381 853 1754 927 ἀμφιθεάτρου
1790 851 1923 923 (16),

341 952 572 1018 πίνακος
607 952 771 1006 αὐτὸν
811 950 1145 1023 προάγοντος
1189 951 1247 1002 ὲν
1281 941 1326 1016 ᾧ
1371 945 1754 1016 ἐπεγέγραπτο
1793 944 1926 997 Ῥω-

345 1047 533 1119 μαϊστί
557 1063 571 1076 ·
606 1039 773 1109 Οὗτός
798 1046 946 1099 ἐστιν
976 1041 1237 1104 Ἀτταλος
1260 1043 1289 1094 ό
1312 1038 1635 1113 Χριστιανός
1660 1051 1674 1066 ⁸
1707 1038 1800 1091 καὶ
1829 1034 1924 1090 τοῦ

340 1138 510 1211 δήμου
543 1137 748 1209 σφόδρα
792 1134 1128 1208 σφριγῶντας
1173 1134 1257 1185 ἐπ’
1288 1130 1468 1201 αὐτῷ,
1522 1126 1707 1201 μαθὼν
1738 1131 1767 1183 ὁ
1797 1130 1928 1201 ἡγε-

345 1227 461 1301 μὼν
494 1229 574 1282 ὅτι
609 1227 878 1298 Ῥωμαῖός
910 1228 1077 1290 ἐστιν,
1107 1222 1393 1278 ἐκέλευσεν
1420 1221 1583 1276 αὐτὸν
1611 1218 1926 1292 ἀναληφθῆ-

342 1339 433 1377 ναι
467 1321 606 1394 μετὰ
640 1320 733 1374 καὶ
768 1318 876 1372 τῶν
918 1317 1121 1372 λοιπῶν
1152 1315 1263 1371 τῶν
1306 1318 1364 1370 ὲν
1401 1317 1469 1387 τῇ
1507 1315 1699 1387 εἱρκτῇ
1733 1313 1924 1379 ὅντων,

340 1414 472 1486 περὶ
504 1406 578 1465 ὧν
610 1409 892 1466 ἐπέστειλε
932 1408 1011 1480 τῷ
1055 1407 1293 1480 Καίσαρι
1317 1446 1333 1471 ,
1379 1407 1473 1461 καὶ
1505 1405 1796 1477 περιέμενε
1826 1405 1927 1476 τὴν

343 1502 617 1571 ἀπόφασιν
642 1498 740 1572 τὴν
765 1499 857 1553 ἀπ’
877 1499 1107 1553 ἐκείνου.
1137 1498 1197 1551 '0
1223 1497 1280 1551 δὲ
1304 1496 1392 1551 διὰ
1410 1496 1580 1569 μέσου
1608 1496 1798 1569 καιρὸς
1826 1495 1928 1550 οὐκ

342 1595 512 1667 ἀργὸς
559 1594 742 1656 αὐτοῖς
780 1592 902 1647 οὐδὲ
944 1591 1191 1664 ἄκαρπος
1232 1591 1441 1661 ἐγίνετο
1465 1629 1480 1654 ,
1523 1588 1661 1644 ἀλλὰ
1702 1589 1790 1644 διὰ
1825 1588 1927 1659 τῆς

340 1687 622 1760 ὑπομονῆς
641 1685 840 1750 αὐτῶν,
872 1686 933 1740 τὸ
954 1684 1258 1757 ἀμέτρητον
1287 1683 1437 1746 ἕλεος
1457 1680 1775 1752 ἀνεφαίνετο
1794 1681 1928 1753 Χρι-

345 1778 495 1834 στοῦ.
540 1777 639 1833 Διὰ
676 1777 791 1848 γὰρ
825 1777 933 1831 τῶν
964 1776 1180 1842 ζώντων
1207 1774 1597 1840 ὲζωοποιοΰντο
1626 1776 1695 1830 τὰ
1734 1774 1923 1847 νεκρὰ,

342 1871 439 1925 καὶ
469 1869 743 1943 μάρτυρες
768 1871 879 1933 τοῖς
905 1868 980 1940 μὴ
1013 1868 1280 1940 μάρτυσιν
1306 1866 1620 1939 ἐχαρίζοντο
1646 1864 1779 1938 (17).
1814 1866 1925 1929 Καὶ

343 1959 615 2031 ἔνεγίνετο
663 1960 831 2032 πολλὴ
875 1958 1023 2033 χαρὰ
1067 1962 1133 2030 τῇ
1175 1958 1429 2031 παρθένῳ
1474 1958 1671 2029 μητρὶ,
1715 1955 1809 2022 οὓς
1850 1956 1925 2024 ὡς

344 2053 572 2127 νεκροὺς
604 2049 903 2124 έξέτρωσε,
940 2049 1164 2114 τούτους
1193 2048 1401 2114 ζῶντας
1439 2047 1922 2122 ἀπολαμϐανούσῃ.

343 2144 421 2199 Δι’
450 2144 673 2199 ἐκείνων
721 2142 829 2216 γὰρ
880 2147 928 2199 οἱ
973 2141 1190 2207 πλείους
1216 2141 1325 2195 τῶν
1354 2142 1677 2213 ἡρνημένων
1715 2144 1924 2214 ἀνεμη-

343 2233 570 2306 τροῦντο
607 2234 716 2306 (l8)
754 2234 847 2287 ml
876 2234 1295 2298 ἀνεκυῖσκοντο,
1325 2235 1419 2288 καὶ
1452 2233 1923 2305 ἀνεζωπυροῦντο,

344 2326 441 2380 καὶ
470 2325 776 2398 ἐμάνθανον
809 2323 1111 2397 ὁμολογεῖν,
1145 2324 1241 2378 καὶ
1272 2323 1473 2389 ζῶντες
1504 2324 1603 2395 ἤδη
1639 2324 1734 2377 καὶ
1773 2341 1923 2378 τετο-

343 2416 594 2487 νωμένοι,
627 2414 937 2487 προσῄεσαν
968 2412 1046 2484 τῷ
1075 2413 1298 2484 βήματι,
1332 2412 1778 2482 ὲγγλυκάίνοντος
1811 2412 1924 2484 (19)

342 2505 439 2560 τοῦ
468 2506 559 2560 τὸν
594 2507 690 2577 μὲν
727 2505 954 2560 θάνατον
988 2502 1081 2557 τοῦ
1118 2503 1442 2578 ἀμαρτωλοῦ
1474 2502 1549 2574 μὴ
1579 2502 1924 2574 βουλομένου,

344 2596 439 2652 ἐπὶ
479 2595 536 2651 δὲ
581 2597 681 2668 τὴν
726 2597 1017 2668 μετάνοιαν
1057 2595 1496 2668 χρηστευομένου
1524 2593 1681 2659 Θεοῦ,
1716 2595 1803 2648 ἵνα
1832 2595 1927 2649 καὶ

347 2684 510 2740 πάλιν
573 2684 994 2757 ὲπερωτηθῶσιν
1039 2684 1144 2740 ὑπὸ
1194 2684 1289 2739 τοῦ
1339 2685 1603 2758 ἡγεμόνος
1635 2703 1649 2717 ο
1690 2684 1928 2740 ἐπιστεί-

343 2777 533 2841 λαντος
559 2776 667 2850 γὰρ
698 2777 791 2831 τοῦ
815 2778 1116 2850 Καίσαρος,
1149 2777 1276 2841 τοὺς
1311 2777 1410 2848 μὲν
1441 2777 1928 2849 ἀποτυμπανισθῆ-

343 2882 431 2921 ναι
461 2864 571 2937 (εο)
591 2905 607 2930 ,
641 2867 690 2918 εἰ
731 2865 788 2918 δέ
815 2882 959 2929 τινες
997 2866 1272 2937 ἀρνοῖντο,
1303 2865 1523 2930 τούτους
1563 2865 1924 2939 ἀπολυθῆναι,

343 2959 442 3029 τῆς
480 2957 666 3012 ἐνθάδε
699 2955 1061 3029 πανηγύρεως
1093 2954 1229 3028 (ἔστι
1254 2956 1311 3010 δὲ
1337 2956 1475 3029 αὕτη
1506 2956 1927 3029 πολυάνθρωπος

343 3049 409 3103 ὲκ
441 3049 657 3104 πάντων
697 3048 805 3105 τῶν
836 3047 1005 3103 ἐθνῶν
1040 3047 1448 3122 συνερχομένων
1476 3050 1556 3113 εἰς
1583 3048 1789 3120 αὐτὴν)
1821 3048 1924 3122 ἀρ-

342 3142 581 3217 χομένης
614 3143 934 3198 συνεστάναι
977 3142 1121 3215 (21),
1155 3144 1355 3215 ἀνῆγεν
1385 3142 1478 3196 ἐπὶ
1509 3142 1570 3196 τδ
1605 3142 1759 3215 βῆμα
1799 3140 1927 3198 θεα-

342 3233 542 3309 τρίζων
564 3237 690 3299 τοὺς
718 3236 1042 3308 μακαρίους,
1068 3235 1163 3289 καὶ
1187 3233 1561 3308 ὲμπομπεύων
1588 3238 1699 3299 τοῖς
1723 3234 1923 3307 ὄχλοις.

345 3328 439 3384 Διὸ
469 3331 564 3384 καὶ
596 3329 756 3384 πάλιν
784 3325 1020 3401 ἀνήταζε
1041 3367 1056 3392 ,
1103 3328 1198 3382 καὶ
1230 3328 1344 3381 ὅσοι
1384 3328 1483 3398 μὲν
1517 3328 1735 3382 ἐδόκουν
1768 3327 1922 3382 πολι-

339 3422 495 3478 τείαν
536 3421 822 3491 Ῥωμαίων
871 3420 1161 3491 ἐσχηκέναι
1186 3460 1202 3484 ,
1250 3418 1454 3473 τούτων
1506 3420 1767 3490 ἀνέτεμνε
1821 3420 1923 3486 τὰς

342 3511 616 3585 κεφαλὰς,
647 3512 773 3575 τοὺς
802 3510 861 3565 δὲ
906 3509 1127 3574 λοιποὺς
1159 3510 1404 3582 ἔπεμπεν
1432 3512 1513 3574 είς
1552 3509 1735 3583 θηρία.
1784 3511 1925 3565 Ἐδο-

344 3604 538 3673 ξάζετο
587 3603 645 3657 δὲ
706 3603 956 3673 μεγάλως
1006 3604 1036 3656 ό
1075 3603 1308 3677 Χριστὸς
1358 3603 1452 3657 ἐπὶ
1504 3607 1616 3668 τοῖς
1660 3603 1925 3676 πρότερον

343 3694 741 3767 ἀρνησαμένοις
767 3732 783 3757 ,
825 3693 947 3747 τότε
994 3693 1146 3767 παρὰ
1179 3694 1278 3768 τὴν
1321 3693 1429 3749 τῶν
1469 3693 1638 3750 ἐθνῶν
1667 3696 1924 3751 ὑπόνοιαν

341 3787 684 3860 ὁμολογοῦσι.
709 3787 820 3842 Καὶ
848 3787 956 3860 γὰρ
993 3787 1097 3860 ἰδίᾳ
1121 3780 1267 3842 οὗτοι
1289 3787 1637 3860 ἀνητάζοντο,
1663 3788 1739 3852 ὼς
1763 3776 1923 3860 δῆθεν

340 3877 826 3951 ἀπολυθησόμενοι.
858 3879 968 3932 Καὶ
991 3877 1401 3950 ὁμολογοῦντες,
1436 3878 1820 3950 προσετίθεντο
1842 3877 1921 3949 τῷ

411 4049 525 4176 (16)
556 4050 1046 4134 Καζπεριαχθεὶς
1089 4051 1295 4117 κύκλῳ
1494 4051 1912 4123 ἀμφιϐεάτρου.

411 4142 420 4175 ι
445 4121 605 4176 ebant
627 4121 752 4176 olnn
776 4122 1101 4176 gladiatores
1124 4130 1180 4176 et
1207 4123 1470 4176 bestiarii.
1492 4132 1780 4176 anteanam
1805 4138 1912 4176 cer-

2031 571 2358 627 mationibus
2395 571 2698 641 imperabat
2740 585 2751 617 :
2805 570 2981 641 ipsam
3030 583 3308 644 postremo
3366 576 3600 633 ferream

2024 665 2388 728 cathedram,
2456 662 2543 718 cui
2595 666 2943 735 superposita
2996 679 3296 738 martyrum
3358 670 3602 726 membra

2025 768 2148 808 cum
2175 761 2537 820 torrerentur,
2565 752 2781 809 illorum
2807 768 2969 811 nares
3001 757 3421 816 molestissimns
3445 763 3606 818 nidor

2026 843 2306 915 implebat.
2346 844 2543 899 Verum
2567 843 2646 898 illi
2681 859 2751 899 ne
2779 845 2861 902 sic
2891 847 3110 918 quidem
3146 850 3309 907 linem
3343 855 3600 911 sazvicndi

2026 936 2293 993 fecerunt.
2321 936 2428 993 Sed
2457 948 2668 1007 contra,
2696 955 2763 996 eo
2794 941 3170 1000 vehementius
3207 947 3605 1003 accendebatur

2026 1042 2214 1084 eorum
2247 1029 2425 1098 furor,
2466 1044 2597 1085 cum
2637 1046 2951 1106 expugnare
2999 1044 3304 1106 martyrum
3346 1049 3608 1094 constan-

2029 1121 2156 1175 tiam
2189 1122 2606 1178 contenderent.
2644 1123 2858 1181 Nullam
2897 1136 3077 1183 tamen
3126 1130 3194 1185 ab
3248 1131 3367 1200 ipso
3408 1139 3608 1189 sancto

2025 1227 2217 1268 vocem
2272 1213 2475 1270 elicere
2509 1224 2828 1286 potuerunt,
2861 1231 3064 1290 praeter
3120 1221 3271 1277 illam
3327 1238 3489 1292 quam
3534 1222 3605 1279 ab

2028 1300 2183 1358 initio
2204 1302 2454 1372 proferre
2468 1314 2834 1362 consueverat
2866 1308 3232 1367 confessionis
3260 1328 3370 1368 sua:
3390 1328 3600 1370 vocem.

2026 1387 2094 1447 lli
2118 1405 2248 1463 ergo
2287 1393 2528 1449 maximo
2560 1395 2863 1452 certamine
2897 1399 3192 1469 perfuncti,
3221 1417 3346 1457 cum
3380 1404 3602 1461 vitalem

2030 1483 2291 1552 spiritum
2322 1484 2415 1541 diu
2463 1487 2886 1555 protraxissent,
2920 1492 3138 1546 tandem
3164 1493 3394 1564 jugulati
3426 1504 3600 1552 sunt:

2025 1592 2091 1632 eo
2123 1578 2211 1634 die
2241 1580 2614 1649 spectaculum
2665 1580 2795 1637 facti
2855 1585 3078 1652 mundo,
3135 1587 3256 1644 loco
3291 1588 3604 1660 multiplicis

2028 1669 2175 1725 illius
2202 1671 2488 1728 varietatis
2508 1687 2631 1742 qua:
2654 1676 2711 1730 in
2733 1674 3092 1744 gladiatorum
3123 1680 3456 1749 spectaculis
3483 1696 3606 1737 cer-

2028 1761 2197 1820 nitur.
2231 1762 2498 1821 Blandina
2525 1781 2659 1840 vero
2719 1769 2788 1823 ad
2842 1770 3027 1839 palum
3086 1787 3377 1843 suspensa,
3412 1774 3606 1832 bestiis

2029 1857 2241 1928 objecta
2271 1868 2376 1915 est.
2412 1859 2543 1928 Quae
2580 1876 2703 1916 cum
2754 1862 2808 1917 in
2842 1865 3025 1919 crucis
3072 1866 3307 1935 speciem
3341 1882 3605 1939 suSpensa

2028 1960 2366 2017 cerneretur,
2384 1950 2605 2022 Deoque
2624 1955 3036 2011 contentissime
3056 1957 3405 2028 supplicaret,
3431 1961 3606 2016 maxi-

2027 2056 2168 2095 mam
2199 2040 2538 2098 alacritatem
2570 2045 2807 2102 addebat
2855 2047 3225 2116 certantibus;
3284 2052 3485 2122 quippe
3511 2053 3605 2123 qui

2026 2132 2079 2187 in
2134 2132 2252 2203 ipso
2304 2136 2632 2203 certamine,
2664 2138 2767 2195 sub
2803 2139 3014 2195 sororis
3055 2154 3289 2209 persona
3324 2144 3604 2214 corporeis

2024 2224 2200 2279 oculis
2256 2237 2552 2282 cernerent
2591 2228 2746 2285 illum
2775 2269 2792 2295 ,
2828 2231 2921 2299 qui
2971 2246 3074 2300 pro
3129 2232 3373 2301 ipsorum
3425 2235 3605 2293 salute

2026 2315 2323 2375 cruciﬁxus
2349 2317 2473 2373 ideo
2490 2317 2690 2386 fuerat,
2719 2328 2781 2374 ut
2809 2322 3160 2379 credentibus
3184 2324 3237 2378 in
3273 2324 3449 2394 ipsum
3484 2341 3608 2397 per-

2027 2407 2307 2474 suaderet,
2339 2409 2654 2480 quicunque
2700 2425 2800 2480 pro
2838 2412 3040 2469 Christi
3080 2414 3260 2485 gloria
3290 2424 3598 2485 pateretur,

2027 2501 2176 2558 hunc
2228 2502 2323 2558 Dei
2377 2504 2614 2560 viventis
2666 2516 2981 2562 consortem
3041 2507 3310 2565 futurum.
3358 2510 3606 2582 Cumque

2028 2594 2171 2649 nulla
2205 2605 2335 2649 tunc
2369 2595 2538 2651 bestia
2574 2610 2772 2666 corpus
2822 2597 2967 2654 illius
3012 2599 3310 2670 attigisset,
3358 2602 3605 2673 deposita

2026 2698 2096 2740 ex
2143 2683 2349 2754 stipite,
2375 2698 2565 2740 rursus
2592 2684 2647 2739 in
2684 2686 2844 2759 162
2873 2703 3155 2745 carcerem
3204 2692 3522 2763 conjicitur,
3550 2696 3606 2750 in

2026 2773 2175 2828 aliud
2220 2784 2497 2830 certamen
2546 2788 2826 2833 reservata
2860 2798 2874 2834 :
2905 2790 2964 2834 ut
3009 2779 3254 2851 pluribus
3286 2782 3612 2853 prolusioni-

2026 2865 2128 2920 hns
2150 2865 2467 2923 adversario
2501 2878 2782 2938 superato,
2818 2872 3049 2927 tortuosi
3093 2874 3311 2942 quidem
3378 2890 3607 2946 serpen-

2030 2955 2101 3011 tis
2158 2957 2678 3015 condemnationem
2737 2972 2944 3017 certam
3023 2973 3188 3036 atque
3236 2966 3606 3023 inevitabilem

2030 3046 2305 3114 redderet,
2353 3047 2552 3107 fratres
2603 3064 2737 3108 vero
2787 3052 3038 3123 exemplo
3089 3070 3189 3111 suo
3233 3058 3600 3115 accenderet:

1949 3167 2000 3232 α
2031 3138 2239 3232 quippe
2259 3155 2385 3232 quae
2426 3144 2640 3201 tametsi
2674 3145 2866 3216 pusilla
2921 3145 3249 3220 inﬁrmaque
3285 3161 3343 3207 et
3367 3160 3607 3209 contem-

2027 3240 2147 3304 pta,
2179 3230 2389 3287 Christi
2417 3241 2622 3297 tamen,
2643 3233 2826 3304 magni
2854 3233 3000 3290 illius
3035 3236 3337 3310 invictique
3359 3241 3602 3311 athletae,

2030 3323 2228 3380 robore
2271 3323 2487 3387 induta,
2531 3335 2587 3380 et
2631 3325 3005 3380 adversarium
3045 3328 3232 3384 multis
3263 3331 3476 3388 vicibus
3510 3348 3608 3391 su-

2028 3423 2298 3486 perasset,
2328 3425 2386 3470 et
2423 3413 2662 3486 glorioso
2685 3417 2993 3474 certamine
3021 3435 3287 3477 coronam
3328 3425 3607 3482 immorta-

2026 3508 2203 3564 litatis
2242 3514 2596 3577 reportasset.
2646 3507 2861 3565 Attalus
2921 3524 3140 3581 qnoque
3186 3513 3541 3572 vehementer
3571 3534 3603 3572 a

2029 3600 2232 3670 populo
2276 3600 2584 3672 postulatus
2634 3602 2703 3657 ad
2736 3603 3091 3674 supplicium,
3118 3613 3306 3676 utpote
3338 3608 3421 3663 vir
3447 3609 3606 3667 valde

2030 3691 2282 3761 celebris,
2312 3702 2539 3765 paratus
2566 3695 2635 3751 ad
2664 3704 2944 3751 certamen
2978 3699 3235 3765 accessit,
3265 3698 3440 3757 fretus
3470 3717 3604 3759 con-

2028 3783 2259 3840 scientia
2300 3794 2450 3843 recte
2496 3786 2785 3843 factorum.
2818 3788 3028 3861 Quippe
3070 3792 3122 3845 in
3156 3792 3600 3851 Christianorum

2026 3876 2312 3948 disciplina
2360 3877 2534 3934 solide
2589 3879 2953 3949 exercitatus,
3004 3882 3269 3955 testisque
3320 3888 3464 3957 apud
3503 3903 3603 3945 nos

2014 4061 2237 4126 potest,
2267 4063 2329 4126 et
2378 4053 2609 4126 quidem
2643 4056 2947 4121 commode,
2990 4064 3052 4112 ιιι
3099 4056 3232 4112 mihi
3282 4061 3509 4117 videtur.
3547 4062 3600 4119 Id

345 4121 605 4200 Solebant
627 4121 752 4200 olim
776 4122 1101 4191 gladiatores
1124 4130 1180 4177 et
1207 4122 1470 4200 bestiarii,
1492 4121 1788 4200 antequam
1805 4138 1917 4178 εει·-
2009 4121 2156 4200 enim
2178 4124 2279 4179 sibi
2309 4121 2493 4179 volunt
2510 4125 2894 4200 Lugdunenses
2923 4145 2938 4182 :
2966 4140 3162 4200 nomen
3191 4128 3416 4200 Christi,
3438 4145 3599 4200 quem

342 4204 524 4247 tamen
557 4192 791 4254 obirent,
834 4207 930 4315 ρει
957 4206 1052 4246 ora
1082 4192 1261 4260 populi
1296 4192 1654 4248 circumduci.
1697 4195 1772 4248 De
1809 4208 1916 4262 qua
2011 4193 2151 4264 lapsi
2183 4205 2538 4264 negaverant,
2565 4192 2721 4250 dulce
2745 4197 2813 4251 de
2832 4204 3028 4253 caetero
3056 4197 3191 4266 ipsis
3213 4192 3413 4256 fuisse.
3433 4192 3603 4260 Paulo

342 4277 535 4315 nomna
568 4260 806 4315 lonnitur
882 4262 1108 4315 ucianns
1131 4263 1184 4315 in
1219 4260 1439 4315 Toxari.
1472 4273 1530 4315 nt
1563 4266 1775 4315 notavit
1796 4262 1917 4315 Sal-
2013 4273 2135 4315 post
2163 4279 2263 4315 ιιι-ο
2293 4263 2637 4315 ὲοωτηθῶσι-
2665 4264 2851 4315 Codex
2886 4265 3180 4315 Medicinas
3202 4277 3258 4315 et
3293 4270 3602 4315 Maznrinnl

340 4277 535 4342 pom-pa
568 4260 806 4342 loquitur
836 4260 1108 4342 Lucianns
1131 4260 1439 4342 inn'l'oaari,
1472 4273 1530 4316 ut
1563 4266 1782 4342 notavit
1796 4260 1917 4342 ξιιμ

2013 4263 2135 4345 post
2163 4263 2638 4345 pro’fpmyﬂtbm,
2665 4264 2851 4345 codex
2882 4263 3180 4345 medica—eus
3202 4277 3275 4345 et_
3290 4270 3602 4345 Mazarinns

343 4329 547 4406 ipasi'us
582 4329 827 4387 in'Notis
849 4330 1151 4406 ad_J_uli_um
1176 4329 1721 4406 Capitolinum,_pag.
1752 4333 1848 4406 9i,
1865 4340 1923 4388 et
2013 4329 2406 4406 ἐπερὼηθῶσι
2440 4329 2662 4392 habent.
2701 4335 2794 4390 Sic
2820 4337 2988 4391 etiam
3026 4337 3194 4393 codex
3236 4338 3373 4397 Fuk.
3412 4352 3470 4397 et
3499 4341 3603 4397 Sa-

341 4401 878 4474 Casaubonusjﬂpost
921 4400 1162 4474 Lipsium
1197 4399 1261 4455 in
1282 4399 1696 4474 Saturnalibus:
1713 4405 1806 4474 qui
1837 4403 1920 4456 lo-

342 4486 466 4527 cum
524 4470 839 4543 Quintiliani
899 4468 1414 4543 ex‘Declqmatiorte
1467 4488 1607 4543 nona
1673 4468 1748 4528 e6
1787 4486 1913 4543 spe-

341 4548 579 4595 ctantem
616 4540 822 4608 primus
866 4541 1112 4595 adduxit.
1155 4539 1210 4594 ld
1249 4550 1430 4596 autem
1461 4541 1622 4597 ﬁebat
1668 4558 1774 4599 non
1818 4539 1916 4597 so-

343 4609 453 4665 lum
484 4610 539 4664 in
570 4610 639 4663 iis
667 4611 757 4678 qni
794 4609 1001 4678 seipsos
1027 4611 1096 4664 ad
1125 4610 1311 4665 ludum
1343 4621 1780 4677 anctoraverant,
1818 4613 1914 4667 sed

343 4679 663 4804 ingrtiislqui
709 4678 779 4734 ad
817 4680 1019 4735 ferrum
1064 4688 1159 4736 aut
1207 4681 1407 4737 bestias
1453 4683 1692 4738 damnati
1736 4692 1912 4738 erant.

399 4764 461 4801 ar
489 4765 536 4802 ta
563 4764 647 4804 is:

399 4764 607 4803 amans
631 4766 647 4806 ἓ

455 4817 720 4889 Tradueta
744 4826 817 4889 est
849 4819 1013 4889 gyris,
1046 4833 1139 4873 nec
1169 4818 1305 4889 cepit
1330 4835 1492 4875 arena
1511 4830 1771 4875 nocentes.

423 4886 534 4961 (l7)
553 4888 666 4942 Καὶ
680 4886 1045 4958 μάρτυρες...
1060 4886 1423 4961 ἐχαρίζοντο.
1442 4890 1498 4945 Id
1534 4901 1641 4953 εει,
1660 4891 1907 4947 dextram

345 4956 519 5030 lapsis
537 4956 919 5030 porrexerunt,
938 4956 1325 5030 etmetlicina_m
1343 4961 1725 5025 adhibuerunt,
1747 4969 1796 5015 el
1816 4976 1916 5030 pro

346 5028 415 5102 iis
434 5031 873 5102 intercesserunt.
906 5028 960 5083 id
988 5029 1132 5084 enim
1154 5028 1403 5085 solebant
1433 5041 1722 5102 martyres,
1752 5028 1910 5087 ut‘ex

343 5098 611 5171 Cypriane
642 5098 950 5171 didicimus.

416 5168 526 5240 (t8)
552 5166 1027 5240 Ἀνεμητροῦντο.
1060 5167 1269 5224 Dudum
1295 5167 1635 5240 conieceram
1669 5169 1745 5225 ita
1774 5169 1916 5225 scri-

343 5238 577 5294 bendum
605 5254 748 5311 esse.
793 5238 985 5311 l’ostea
1023 5253 1154 5292 vero
1191 5240 1245 5292 in
1294 5242 1481 5311 codice
1513 5239 1697 5311 Regio,
1722 5255 1916 5310 super-

345 5311 604 5378 scriptum
635 5308 815 5378 inveni
849 5309 1040 5363 eadem
1078 5322 1263 5362 manu.
1303 5308 1619 5376 Quinetiatn'
1663 5308 1914 5366 Christo-

345 5377 674 5449 pliorsounm
699 5381 772 5432 ita
798 5377 990 5449 legisse
1014 5389 1256 5449 apparet.

414 5446 1103 5518 (19)Ἑτγλυκαινοντοζι.
1140 5447 1257 5504 Ηοε
1305 5448 1529 5518 verbum
1585 5456 1694 5503 tam
1734 5451 1917 5507 active

345 5516 509 5590 quam
553 5519 945 5590 passivesuini
995 5529 1194 5590 potest.
1227 5518 1293 5590 Et
1328 5516 1662 5590 Nicepliorus
1697 5523 1914 5590 quidem

347 5588 522 5641 active
551 5588 752 5641 dictum
776 5587 1061 5642 intellexit.
1095 5588 1187 5643 Sic
1207 5589 1350 5643 enim
1373 5587 1515 5645 hunc
1545 5587 1731 5642 locum
1747 5592 1916 5646 inter-

346 5655 568 5778 Bolavit,
622 5656 717 5709 καὶ
741 5655 1119 5725 ὲγλυκαίνοντο
1155 5657 1261 5712 ὑπὸ
1300 5656 1394 5712 τοῦ
1424 5657 1786 5740 μὴβέλιιντος
1823 5661 1916 5714 τὸν

380 5727 597 5778 άνατον.
625 5726 931 5778 Metanliora
955 5739 1038 5778 est
1069 5729 1139 5778 ab
1160 5730 1414 5778 oleastro-
1439 5745 1531 5778 aut
1565 5740 1758 5778 tnsrtns
1789 5732 1914 5778 dul-

380 5727 597 5799 άνατον.
625 5726 931 5799 Metaphora
955 5739 1038 5783 est
1069 5729 1139 5782 ab
1160 5726 1531 5799 oleastro,'qni
1564 5730 1758 5799 insitus
1789 5732 1914 5785 dul-

346 5793 532 5861 cescit,
556 5796 626 5853 de
654 5793 984 5866 quoPaulus
1009 5800 1302 5868 aposwlns.
1330 5793 1436 5856 Sed
1456 5793 1513 5857 et
1535 5798 1748 5870 passive
1771 5800 1915 5856 sumi

657 5888 934 5954 Panos.
974 5891 1087 5954 Gn.
1134 5891 1277 5960 XX.

2015 4404 2151 4459 vilii.

1947 4506 1993 4562 Β
2090 4468 2204 4555 (βο)
2228 4473 2874 4558 Ἀποτυμανισθῆναε.
2908 4464 3063 4531 Hanc
3088 4490 3275 4557 vocem
3309 4493 3413 4561 non
3445 4480 3604 4535 intel~

2020 4541 2153 4597 lem
2184 4542 2733 4597 Christonhorsonns.
2760 4561 2851 4597 aut
2873 4555 3136 4597 (umnam:
3167 4555 3398 4597 lbranert
3417 4554 3595 4597 venit-

2072 4542 2161 4616 xit
2184 4542 2853 4616 Cbristop’borsonns,'qui
2873 4548 3136 4616 tympanis
3167 4550 3399 4616 torqueri
3417 4554 3596 4606 vertit.

2020 4611 2164 4685 Quid
2228 4613 2333 4669 hoc
2394 4611 2619 4685 verbum
2674 4611 3355 4685 si’giiilicétj'jamprid'em
3414 4622 3602 4677 docuit

2019 4680 2369 4739 Villiomarus
2397 4685 2451 4738 in
2474 4684 2632 4739 libris
2652 4680 2912 4738 Att—versus
2932 4680 3214 4739 Haliartum
3237 4685 3454 4743 Titium.

2089 4751 2203 4830 (2i)
2230 4753 2353 4830 Τῆς
2372 4751 2586 4830 arcades
2602 4753 3057 4830 πανηγύρεως...
3087 4755 3434 4830 ἀρχομένης
3449 4774 3601 4817 συν-

2018 4819 2555 4879 εστάιραιξοειειιτίε
2571 4839 2636 4879 ex
2661 4819 2806 4879 omni
2832 4819 3005 4879 Callia
3017 4819 3316 4882 convenius
3352 4819 3601 4887 ludorum

2019 4907 2185 4965 causa
2220 4893 2383 4947 ﬂebat
2428 4892 2695 4965 Lugduni.
2732 4894 2801 4947 ad
2844 4893 3276 4965 aram‘Augusto
3303 4911 3599 4958 sacratam.

2019 4962 2207 5036 picata
2232 4970 2413 5018 autem
2451 4960 2631 5036 fuerat
2649 4963 2769 5036 haec
2803 4977 2897 5036 ara
2915 4960 3317 5036 JulioA'ntonio
3348 4977 3398 5023 et
3432 4969 3603 5029 Fabio

2017 5031 2283 5088 Africano
2322 5047 2494 5097 coss.,
2522 5031 2779 5088 Kalendis
2805 5031 3056 5100 Augusti,
3091 5046 3151 5091 ut
3179 5039 3370 5093 scribit
3400 5039 3601 5097 Sueto-

2024 5104 2152 5158 nius
2196 5104 2249 5157 in
2293 5101 2537 5158 Claudio.
2574 5102 2681 5158 Eos
2718 5101 2872 5157 ludos
2911 5104 3089 5159 adhuc
3120 5121 3214 5160 sua
3250 5119 3409 5164 aetate
3452 5126 3605 5165 man-

2019 5172 2163 5227 sisse
2190 5166 2381 5227 scribit
2411 5173 2529 5250 Dio.
2557 5171 2743 5250 Exliis
2776 5172 3048 5242 colligitur
3077 5189 3351 5250 martyres
3381 5178 3603 5250 Lugdu-

2020 5256 2422 5319 [t_enses_men_se
2444 5241 2690 5319 Angusto
2713 5241 3061 5319 passos’esse.
3076 5241 3432 5319 Qitod'antem
3456 5241 3603 5319 Ᾰιιο,

2020 5257 2218 5297 nenses
2230 5257 2422 5297 mense
2449 5257 2690 5365 Λιιεὲειο
2713 5257 2902 5311 passos
2917 5258 3061 5301 esse.
3076 5257 3231 5313 Quod
3252 5261 3432 5305 autem
3456 5257 3602 5319 Atio,

2019 5310 2322 5391 Usuardus,
2351 5312 2516 5391 Beda,
2600 5310 2824 5391 οιιιειλιιιπ.
2861 5313 3082 5391 aliique
3105 5319 3337 5373 natalem
3380 5318 3602 5391 Lugdu-

2019 5383 2598 5457 nensium__mart_y_rum
2631 5380 2931 5457 conferunt
2944 5380 2996 5457 in
3027 5385 3172 5457 diem
3208 5380 3597 5457 qnartnm'No-

2021 5448 2124 5505 nas
2152 5450 2320 5515 Junii,
2375 5448 2509 5526 nihil
2540 5466 2627 5506 nte
2667 5461 2867 5526 movet.
2898 5451 2998 5526 Din
3054 5456 3199 5509 enim
3226 5448 3353 5526 post
3380 5459 3599 5513 ill0rnm

2020 5536 2234 5583 necem.
2259 5535 2381 5575 cum
2413 5520 2626 5576 illorum
2662 5522 2901 5591 reliquiae
2940 5523 3171 5580 inventa:
3206 5520 3454 5591 fuissent,
3511 5530 3605 5584 hic

2020 5591 2139 5647 dies
2162 5592 2503 5661 potissimum
2527 5591 2736 5646 electus
2765 5602 2872 5657 est,
2903 5607 3013 5661 quo
3036 5596 3275 5649 omnium
3307 5596 3466 5650 simul
3492 5612 3603 5651 nte-

2022 5663 2196 5717 moria
2250 5661 2638 5726 celebraretur,
2683 5676 2810 5716 cum
2856 5674 3034 5718 tamen
3076 5680 3182 5719 non
3227 5679 3336 5720 uno
3381 5666 3602 5720 eodem-

2021 5745 2130 5800 que
2155 5732 2241 5788 die
2267 5743 2456 5789 omnes
2482 5732 2627 5799 passi
2672 5733 2815 5797 sint,.
2852 5746 2914 5788 ut
2964 5749 3031 5789 ex
3081 5735 3184 5788 hac
3217 5733 3447 5803 epistola
3470 5748 3604 5790 con-

2022 5812 2155 5858 ειιιι.

3215 5892 3288 5951 15
