4198 6398
356 328 462 386 4.29

1408 325 1758 382 HISTORIE
1798 322 2359 383 ECCLESIASTICE
2399 324 2524 385 LIB.
2567 325 2632 382 Υ.

3496 334 3605 390 ιεθ

352 442 470 499 δίνα
519 440 674 496 πάλιν
716 441 1088 514 εἰσεκομίζετο
1127 442 1266 515 μετὰ
1309 445 1400 497 καὶ
1440 444 1701 498 Ποντικοῦ
1738 444 1919 499 παιδα-

1998 491 2006 503 _
2033 444 2163 513 liqui
2188 445 2367 499 traditi
2397 456 2525 499 sunt
2556 443 2762 500 bestiis.
2800 443 3065 499 Caeterum
3099 445 3287 516 ingens
3315 445 3483 517 gloria
3512 464 3604 505 ac-

353 534 471 608 ρίου
503 533 579 598 ὡς
604 533 996 587 πεντεκαίδεκα
1025 534 1181 588 ἐτῶν.
1220 535 1283 588 Οἳ
1310 537 1403 590 καὶ
1445 537 1766 608 καθημέραν
1818 539 1929 590 εἰσ-

351 625 549 696 ήγοντο
574 624 710 696 πρὸς
732 624 792 678 τδ
822 624 1037 695 βλέπειν
1074 625 1171 697 τὴν
1192 626 1300 679 τῶν
1328 626 1529 680 λοιπῶν
1558 628 1798 692 κόλασιν,
1833 629 1927 682 καὶ

349 714 721 786 ἠναγκάζοντο
745 716 970 788 ὀμνύναι
1002 718 1145 772 κατὰ
1170 717 1276 772 τῶν
1316 717 1547 771 εἰδώλων
1578 719 1776 773 αὐτῶν.
1820 722 1928 774 Καὶ

347 807 436 863 διὰ
484 809 546 861 τὸ
588 809 844 880 ἐμμένειν
882 809 1180 874 εὐσταθῶς,
1213 811 1305 864 καὶ
1363 809 1663 876 ἐξουθενεῖν
1707 812 1927 878 αὐτοὺς,

347 900 596 973 ὴγριώθη
643 901 779 973 πρὸς
815 903 1012 966 αὐτοὺς
1052 902 1112 955 τὸ
1142 902 1376 976 πλῆθος,
1411 904 1485 967 ὡς
1514 905 1649 975 μήτε
1678 903 1776 977 τὴν
1808 905 1929 975 ἠλι-

346 994 473 1050 κίαν
496 993 590 1047 τοῦ
619 994 805 1058 παιδὸς
832 996 1129 1068 οἰκτεῖραι,
1161 996 1299 1067 μήτε
1330 996 1390 1049 τὸ
1419 995 1639 1065 γύναιον
1680 997 1929 1069 αἰδεσθῆ-

346 1104 456 1141 ναι.
482 1086 625 1158 Πρὺς
656 1087 832 1141 πάντα
863 1086 919 1140 δὲ
942 1085 1012 1139 τά
1042 1086 1192 1140 δεινὰ
1217 1087 1557 1158 παρέϐαλλον
1588 1089 1804 1153 αὐτοὺς,
1835 1088 1929 1142 καὶ

344 1178 434 1234 διὰ
483 1179 662 1249 πάσης
703 1178 760 1230 ἐν
805 1177 987 1248 κύκλῳ
1035 1178 1218 1250 διῆγον
1261 1179 1567 1244 κολάσεως,
1613 1179 1930 1252 ἐπαλλήλως

344 1269 746 1339 ἀναγκάζοντες
775 1268 988 1340 ὀμόσαι,
1018 1270 1154 1324 ἀλλὰ
1194 1270 1268 1343 μὴ
1293 1271 1580 1343 δυνάμενοι
1605 1272 1763 1325 τοῦτο
1789 1276 1928 1345 πρᾶ-

348 1359 434 1427 ξαι
452 1379 466 1390 ·
486 1362 627 1433 ὁμὲν
652 1362 761 1433 γὰρ
784 1361 1066 1430 Ποντικὸς,
1099 1364 1205 1416 ὑπὸ
1228 1367 1328 1435 τῆς
1353 1363 1585 1438 ἀδελφῆς
1617 1381 1927 1437 παρωρμη-

346 1454 527 1525 μένος,
562 1453 637 1518 ὡς
683 1456 777 1508 καὶ
821 1453 888 1508 τά
929 1455 1053 1528 ἔθνη
1093 1455 1310 1527 βλέπειν
1343 1457 1427 1511 ὅτι
1458 1459 1639 1531 ἐκείνη
1682 1455 1749 1529 ἦν
1792 1476 1929 1530 προ-

342 1544 653 1618 τρεπομένη
702 1550 797 1600 atat
844 1546 1174 1620 στηρίζουσα
1221 1548 1382 1602 αὐτὸν
1404 1590 1420 1614 ,
1475 1552 1654 1604 πᾶσαν
1708 1550 1928 1605 κόλασιν

342 1637 604 1706 γενναίως
636 1637 953 1709 ὑπομείνας,
988 1639 1237 1693 ἀπέδωκε
1269 1640 1332 1693 τὸ
1365 1637 1600 1710 πνεῦμα.
1644 1640 1707 1694 Ἦ
1734 1640 1791 1693 δὲ
1819 1658 1926 1712 μαο

340 1726 511 1799 καρία
558 1727 818 1781 Βλανδίνα
870 1729 1086 1785 πάντων
1141 1731 1378 1801 ἐσχάτη,
1439 1731 1690 1802 καθάπερ
1743 1732 1928 1805 μήτηρ

2032 536 2195 591 cessit
2217 535 2436 591 Christo
2462 552 2559 606 per
2590 552 2685 594 eos
2716 539 2805 608 qui
2840 538 2991 606 prius
3013 538 3229 607 quidem
3254 551 3602 610 negaverant,

2032 637 2162 683 tunc
2205 643 2334 683 vero
2366 630 2767 685 confitebantur
2798 629 2956 684 ﬁdem
2989 630 3193 684 Christi
3230 643 3425 701 przeter
3452 648 3603 703 spem

2031 727 2193 789 atque
2222 720 2677 790 exspectationem
2710 721 3010 791 gentilium.
3054 721 3118 776 lli
3153 724 3416 791 siquidem
3449 739 3605 778 seor»

2036 828 2155 868 sum
2213 814 2532 884 interrogati
2581 825 2709 868 sunt
2757 814 2912 883 quasi
2947 828 3072 867 mox
3123 815 3459 870 absolvendi.
3501 816 3603 884 Qui

2030 919 2152 960 cum
2206 920 2266 958 se
2311 904 2655 960 Christianos
2703 906 2936 962 confessi
2985 916 3209 970 essent,
3268 908 3602 978 reliquorum

2042 1006 2342 1067 martyrum
2400 1012 2625 1051 numero
2697 998 2919 1067 ascripti
2980 1008 3125 1054 sunt.
3200 998 3359 1054 Foris
3421 1008 3602 1053 autem

2034 1097 2349 1142 manserunt
2380 1088 2417 1142 ii
2443 1128 2458 1152 ,
2495 1105 2726 1160 quorum
2759 1090 2957 1145 animis
2992 1105 3091 1145 nec
3115 1092 3403 1160 vestigium
3434 1092 3603 1146 ullum

2033 1177 2156 1232 fidei
2184 1219 2200 1243 ,
2252 1194 2352 1234 nec
2386 1181 2691 1236 reverentia
2724 1183 2892 1237 vestis
2924 1183 3184 1251 nuptialis
3206 1223 3221 1247 ,
3281 1191 3379 1238 nec
3413 1199 3605 1240 sensus

2034 1271 2244 1324 timoris
2275 1270 2368 1324 Dei
2412 1271 2714 1339 impressus
2746 1289 2983 1343 unquam
3022 1274 3324 1339 insederat;
3367 1275 3455 1329 filii
3497 1276 3605 1330 sci.-

2031 1359 2159 1415 licet
2197 1362 2555 1430 perditionis,
2616 1363 2709 1432 qni
2767 1378 2862 1417 sua
2914 1364 3153 1432 ipsorum
3194 1366 3603 1420 conversatione

2032 1452 2353 1521 religionem
2394 1467 2561 1522 quam
2603 1454 2996 1525 profitebantur
3029 1454 3452 1511 infamaverant.
3499 1455 3601 1512 Ve—

2030 1558 2150 1596 rum
2179 1542 2362 1598 caeteri
2387 1558 2577 1599 omnes
2607 1547 2881 1616 aggregati
2918 1554 3044 1601 sunt
3072 1545 3350 1602 Ecclesiae.
3389 1547 3462 1601 De
3491 1550 3603 1618 qni-

2030 1633 2129 1688 bus
2175 1648 2298 1689 cum
2341 1636 2572 1704 quaestio
2618 1636 2952 1703 haberetur,
3007 1639 3311 1695 Alexander
3341 1640 3602 1710 quidam,

2030 1726 2251 1782 natione
2289 1726 2508 1798 Phryx,
2556 1727 2899 1798 professione
2948 1729 3231 1797 medicus,
3288 1731 3379 1801 qui
3419 1730 3602 1801 plures

340 1819 568 1890 εὐγενὴς
599 1821 1003 1893 παρορμήσασα
1030 1820 1097 1876 τὰ
1123 1823 1291 1878 τέκνα
1319 1823 1414 1878 καλ⁸
1441 1824 1765 1897 νικηφόρους
1793 1841 1919 1896 προ-

2022 1818 2136 1886 jam
2176 1833 2349 1873 annos
2382 1830 2631 1876 moratus
2668 1820 2848 1875 fuerat
2884 1822 2935 1875 in
2972 1819 3195 1890 Galliis,
3229 1823 3315 1877 vir
3347 1823 3603 1879 omnibus

339 1908 608 1981 πέμψασα
638 1910 773 1982 πρὸς
798 1911 889 1965 τὸν
906 1911 1158 1976 Βασιλέα,
1189 1913 1635 1987 ἀναμετρουμένη
1666 1916 1759 1967 καὶ
1784 1914 1922 1986 αὐτὴ

336 2004 519 2057 πάντα
565 2002 634 2056 τὰ
684 2002 792 2056 τῶν
838 2003 1043 2056 παίδων
1081 2004 1470 2077 ἀγωνίσματα,
1516 2004 1742 2059 ἔσπευδε
1787 2006 1922 2076 πρὸς

337 2095 536 2159 αὐτοὺς
563 2094 827 2167 χαίρουσα
858 2096 952 2148 καὶ
982 2095 1362 2170 άγαλλιωμένη
1394 2100 1486 2152 ἐπὶ
1514 2099 1580 2168 τῇ
1606 2096 1769 2169 ἐξόδῳ
1791 2138 1806 2162 ,
1846 2098 1921 2163 ὡς

335 2190 419 2251 εις
440 2187 709 2258 νυμφικὸν
729 2186 940 2240 δεῖπνον
967 2187 1298 2261 κεκλημένη,
1323 2190 1459 2243 ἀλλά
1486 2190 1560 2261 μὴ
1590 2191 1727 2262 πρὸς
1757 2189 1923 2262 θηρία

335 2277 667 2352 βεϐλημένη.
708 2281 818 2335 Καὶ
854 2281 991 2354 μετὰ
1021 2281 1119 2345 τὰς
1152 2282 1442 2352 μάστιγας,
1476 2280 1613 2352 μετὰ
1639 2281 1707 2334 τὰ
1733 2281 1917 2352 θηρία,

335 2369 477 2441 μετὰ
493 2370 565 2424 τὸ
590 2372 822 2443 τήγανον
859 2371 969 2444 (28)
990 2413 1005 2436 ,
1048 2370 1339 2444 τοῦσχατον
1368 2375 1447 2436 είς
1476 2371 1749 2442 γύργαθον
1791 2370 1920 2443 βλη-

336 2460 510 2529 θεῖσα,
527 2462 715 2535 ταύρῳ
730 2480 806 2516 πα
813 2462 1066 2537 ρεϐλήθηο
1091 2465 1185 2517 καὶ
1209 2462 1408 2526 ἱκανῶς
1424 2461 1786 2533 ἀναϐληθεῖσα
1806 2461 1917 2534 (29)

336 2553 473 2625 πρὸς
495 2551 589 2607 τοῦ
619 2551 780 2619 ζώου,
817 2553 951 2627 μηδὲ
987 2554 1237 2626 αἴσθησιν
1263 2553 1344 2608 ἔτι
1375 2554 1481 2606 τῶν
1513 2554 1916 2625 συμϐαινόντων

335 2643 534 2715 ἔχουσα
557 2645 645 2699 διὰ
680 2650 780 2717 τὴν
807 2646 997 2701 ἐλπίδα
1039 2647 1132 2700 καὶ
1167 2645 1367 2717 ἐποχὴν
1403 2644 1510 2698 τῶν
1555 2646 1919 2715 πεπιστευμέ-

334 2752 443 2789 νων
470 2735 563 2789 ml.
600 2737 816 2808 ὁμιλίαν
843 2738 978 2813 πρὸς
1003 2736 1259 2811 Χριστὸν,
1295 2736 1458 2808 ἐτύθη
1493 2736 1589 2791 καὶ
1628 2737 1784 2807 αὑτὴ,
1822 2737 1918 2790 καὶ

334 2827 510 2881 αὐτῶν
543 2827 944 2901 ὁμολογούντων
982 2829 1088 2884 τῶν
1136 2827 1338 2893 ἐθνῶν,
1385 2830 1468 2882 ὅτι
1519 2828 1653 2899 μηδὲ
1697 2827 1915 2882 πώποτε

334 2919 464 2991 παρ’
487 2921 667 2984 αὐτοῖς
696 2924 832 2994 γυνὴ
861 2921 1084 2977 τοιαῦτα
1112 2923 1205 2977 καὶ
1242 2921 1481 2976 τοσαῦτα
1513 2920 1733 2974 ἔπαθεν.
1775 2920 1914 2974 Ἀλλ’

331 3013 440 3067 οὐδ’
470 3013 642 3077 οὓτως
679 3015 839 3087 κόρον
887 3015 1191 3088 ἐλάμϐανεν
1225 3015 1404 3069 αὐτῶν
1450 3015 1483 3084 ἡ
1524 3013 1710 3083 μανία,
1743 3013 1837 3066 καὶ
1875 3014 1910 3085 ὴ

333 3105 470 3174 πρὸς
506 3107 631 3169 τοὺς
669 3106 857 3175 ἁγίους
899 3107 1151 3179 ὠμότηςο
1216 3107 1320 3161 ὑπὸ
1359 3107 1466 3178 γὰρ
1513 3105 1704 3177 ἀγρίου
1749 3096 1917 3176 θηρδέ

330 3196 440 3268 (30)
472 3197 640 3268 ἄγρια
678 3197 769 3252 καὶ
803 3197 1051 3271 βάρϐαρα
1090 3197 1230 3266 φῦλα
1258 3194 1633 3269 ταραχθέντα,
1674 3195 1911 3249 δυσπαύ-
1939 3180 1982 3238 (ἶ

330 3306 469 3355 στως
509 3287 650 3362 εἶχε.
685 3290 796 3342 Καὶ
833 3290 999 3361 ἄλλην
1029 3291 1164 3344 ίδίαν
1199 3290 1372 3363 ἀρχὴν
1399 3288 1493 3340 ἐπὶ
1519 3292 1632 3353 τοῖς
1666 3287 1913 3359 σώμασιν

328 3381 632 3452 ἐλάμϐανεν
655 3384 688 3452 ἠ
720 3381 875 3453 ὕϐρις
903 3380 1103 3435 αὐτῶν.
1140 3381 1213 3434 Τὸ
1238 3381 1346 3452 γὰρ
1369 3379 1684 3450 νενικῆσθαι
1715 3380 1913 3443 αὐτοὺς

325 3476 429 3530 οὐκ
461 3472 759 3535 ἐδυσώπει,
806 3474 893 3528 διὰ
938 3473 998 3527 τὸ
1045 3473 1118 3545 μὴ
1162 3474 1306 3545 ἔχειν
1350 3471 1687 3549 ἀνθρώπινον
1725 3471 1907 3525 ἐπιλο-

325 3564 558 3635 γισμὸν.
606 3565 809 3635 μᾶλλον
853 3564 908 3617 δὲ
955 3566 1048 3619 καὶ
1088 3564 1310 3637 ὲξέκᾳεν
1355 3563 1534 3618 αὐτῶν
1576 3563 1674 3635 τὴν
1718 3564 1908 3635 ὀργὴν,

326 3655 580 3733 καθάπερ
616 3656 805 3728 θηρίου
853 3656 948 3710 καὶ
994 3656 1088 3709 τοῦ
1133 3656 1398 3729 ἡγεμόνος
1443 3657 1537 3710 καὶ
1581 3655 1677 3709 τοῦ
1712 3656 1907 3726 δήμου,

325 3747 387 3802 τὸ
408 3747 589 3818 ὅμοιον
611 3750 689 3812 εἰς
716 3750 860 3821 ἡμᾶς
886 3748 1084 3813 ἀδίκως
1103 3749 1558 3822 ἐπιδεικνυμένων
1589 3742 1742 3821 μῖσος
1770 3749 1902 3820 (51)·

324 3968 489 4023 supra
524 3953 661 4009 dixit
695 3953 763 4009 de
785 3954 997 4009 Maturo
1033 3964 1086 4009 et
1127 3954 1331 4011 Sancto
1361 3974 1375 4009 :
1421 3956 1565 4009 Ἀντὶ
1593 3955 1774 4025 πάσης
1802 3954 1902 4025 τῆς

322 4026 388 4097 ὲν-
411 4028 524 4097 τοῖς
546 4026 891 4097 μονομαχίοις
920 4026 1192 4090 ποικιλίας
1226 4027 1385 4097 αὐτοὶ,
1419 4026 1598 4095 θέαμα
1623 4026 1903 4096 γενόμενοι

322 4043 380 4081 εν
411 4043 524 4089 τοις
546 4043 891 4149 μονομαχιοις
920 4043 1192 4090 ποικιλιας
1226 4043 1377 4080 αυτοι
1419 4043 1598 4095 υεαμα
1623 4043 1900 4096 γενομενοι

319 4095 400 4166 τῷ
422 4096 631 4166 κόσμῳ.
697 4101 880 4150 ’raeter
919 4096 1037 4149 hau:
1081 4112 1305 4150 munera
1342 4096 1679 4165 gladiatoria,
1742 4101 1900 4149 datus

320 4166 781 4237 prastereafuerat
823 4183 851 4220 ιι
892 4167 1120 4234 praeside
1161 4167 1278 4221 dies
1309 4168 1610 4237 speCtaculi
1656 4168 1895 4221 ferarum

321 4234 544 4307 propter
575 4234 935 4307 Christianos,
985 4246 1043 4289 ut
1085 4234 1403 4307 nominatim
1454 4236 1650 4307 dicitur
1685 4238 1736 4289 in
1793 4237 1893 4290 hac

320 4305 567 4379 epistola,
587 4306 707 4379 ﬁt”);
726 4306 835 4359 τῶν
860 4305 1233 4379 θηριομαχιῶν
1255 4306 1468 4379 ἡμέρας
1493 4305 1583 4360 διὰ
1606 4308 1733 4370 τοὺς
1756 4307 1893 4377 ἠμε-

316 4375 511 4447 τέρους
529 4374 829 4447 διδομένης.
862 4374 1044 4444 Nequc
1075 4374 1217 4431 enim
1253 4374 1540 4431 liolec'inter
1563 4392 1623 4431 se
1660 4374 1891 4447 couinn-

2029 1910 2347 1966 notissimus
2400 1913 2471 1967 ob
2508 1927 2747 1968 amorem
2796 1913 2890 1968 Dei
2931 1923 2985 1968 et
3023 1915 3278 1969 eximiam
3317 1917 3370 1970 in
3406 1916 3602 1986 prmdi-

2028 2005 2199 2059 canda
2258 2003 2363 2059 fide
2418 2006 2726 2061 libertatem
2786 2008 3006 2077 (quippe
3051 2008 3359 2076 apostolicae
3412 2010 3601 2078 gratiae

2029 2096 2251 2151 minime
2281 2111 2477 2165 expers
2498 2096 2668 2169 erat),
2713 2098 2970 2153 tribunali
3006 2100 3297 2163 assistens,
3330 2114 3453 2153 cum
3483 2100 3602 2154 illos

2028 2188 2095 2243 ad
2128 2188 2249 2244 ﬁdei
2288 2188 2689 2245 confessionem
2728 2191 2951 2247 nutibus
2986 2192 3333 2257 hortaretur,
3388 2194 3601 2248 cunctis

2026 2282 2119 2352 qui
2172 2282 2408 2336 tribunal
2460 2282 2918 2350 circumdabant,
2979 2294 3236 2354 tanquam
3291 2288 3600 2353 parturiens

2027 2373 2328 2428 videbatur.
2360 2375 2428 2427 At
2455 2374 2646 2446 vulgus
2677 2374 2906 2431 moleste
2939 2374 3121 2432 ferens
3149 2378 3292 2448 quod
3321 2378 3409 2447 qui
3437 2387 3598 2432 antea

2026 2465 2186 2522 ﬁdem
2221 2476 2555 2538 negaverant
2578 2509 2594 2533 ,
2635 2470 2885 2524 eamdem
2919 2471 2985 2525 de
3033 2470 3245 2541 integro
3277 2470 3600 2525 confiteren-

2027 2568 2116 2613 tur
2136 2600 2151 2624 ,
2187 2559 2448 2615 adversus
2472 2560 2838 2616 Alexandrum
2870 2572 3123 2632 tanquam
3156 2560 3314 2630 hujus
3340 2562 3599 2617 facinoris

2025 2659 2309 2705 auctorem
2344 2651 2688 2708 conclamare
2720 2653 2908 2722 coepit.
2948 2653 3158 2708 instans
3192 2653 3337 2709 illico
3366 2668 3596 2721 praeses.

2025 2743 2378 2814 interrogavit
2401 2746 2671 2802 hominem
2698 2749 2945 2816 quisnam
2970 2758 3138 2804 esset.
3170 2747 3271 2814 Qui
3298 2746 3597 2803 cum'Chri-

2023 2836 2259 2891 stianum
2293 2852 2354 2892 sc
2386 2852 2505 2893 esse
2535 2839 2799 2905 dixisset,
2853 2839 3020 2893 iratus
3054 2838 3218 2908 judex
3252 2856 3373 2895 eum
3407 2840 3472 2893 ad
3507 2840 3599 2895 be-

2023 2929 2157 2984 stias
2188 2930 2487 2987 damnavit.
2520 2930 2788 2986 Postridie
2822 2932 2987 3002 igitur
3020 2946 3126 2984 una
3155 2946 3275 2985 cum
3305 2931 3483 2985 Attalo
3518 2933 3596 2986 in-

2021 3036 2238 3091 gressus
2277 3032 2381 3076 est.
2437 3021 2570 3076 Nam
2606 3032 2660 3078 et
2699 3023 2843 3078 hunc
2876 3038 3078 3092 prases
3102 3063 3117 3086 ,
3168 3023 3466 3093 gratificari
3500 3039 3581 3095 po-

2021 3110 2149 3179 pulo
2178 3112 2402 3167 studens
2423 3152 2436 3176 ,
2476 3112 2668 3166 bestiis
2698 3128 2914 3167 rursum
2945 3112 3260 3167 tradiderat.
3295 3113 3468 3168 Ambo
3494 3115 3576 3168 ita

2015 3216 2122 3270 que
2154 3216 2277 3257 cum
2312 3203 2494 3258 omnia
2524 3213 2918 3258 tormentorum
2952 3218 3154 3274 genera
3186 3219 3307 3274 quae
3334 3204 3595 3259 adversus

2015 3294 2163 3364 ipsos
2185 3296 2493 3366 excogitata
2523 3294 2765 3361 fuerant,
2798 3296 2850 3350 in
2876 3295 3280 3364 amphitheatro
3306 3310 3591 3364 percucur—

2013 3386 2232 3451 rissent,
2275 3385 2617 3457 maximoque
2652 3386 2950 3441 certamine
2969 3385 3235 3454 perfuncti
3256 3396 3591 3453 essent,tan-

2013 3475 2135 3530 dem
2159 3476 2337 3546 gladio
2363 3478 2602 3546 percussi
2632 3487 2775 3531 sunt.
2813 3475 2880 3530 Et
2902 3476 3214 3530 Alexander
3239 3477 3461 3545 quidem
3490 3492 3590 3531 nec

2015 3567 2276 3638 ingemuit
2318 3582 2588 3636 unquam,
2623 3583 2727 3623 nec
2760 3582 2949 3623 vocem
2985 3567 3149 3621 ullam
3183 3568 3443 3636 protulit,
3493 3569 3592 3624 sed

2017 3657 2248 3714 interius
2296 3669 2478 3712 mente
2534 3659 2584 3712 in
2636 3674 2694 3713 se
2726 3658 2953 3713 collecta
3006 3656 3416 3726 colloquebatur
3463 3673 3587 3712 cum

2019 3749 2147 3803 Deo.
2187 3747 2400 3805 Attalus
2432 3764 2563 3806 vero
2593 3764 2715 3805 cum
2750 3751 2803 3805 in
2843 3748 3021 3803 ferrea
3067 3749 3326 3803 cathedra
3356 3749 3586 3806 colloca-

2080 3952 2192 4026 (28)
2213 3952 2378 4026 Μετὰ
2402 3952 2467 4006 τὸ
2493 3951 2775 4023 τήγανον.
2800 3950 3128 4026 Craticulam
3141 3953 3307 4026 vertit
3336 3953 3581 4011 Rufinus.

2004 4022 2150 4079 Idem
2173 4024 2332 4093 plane
2373 4033 2456 4077 est
2498 4022 2638 4090 quad
2689 4039 2850 4090 supra
2883 4024 3098 4078 vocavit
3132 4024 3363 4079 ferream
3391 4027 3582 4082 cathe-

2004 4094 2178 4165 dram,
2207 4095 2293 4149 cui
2331 4094 2570 4163 impositi
2608 4104 2899 4165 martyres,
2924 4102 3191 4165 tanquam
3226 4096 3276 4147 in
3306 4097 3581 4165 sartagine

2007 4164 2380 4218 torrebantur.
2418 4165 2511 4217 Sic
2539 4163 2682 4217 enim
2715 4164 3081 4232 supradictum
3118 4165 3295 4232 est_de
3327 4163 3534 4218 Maturo
3559 4186 3577 4221 :

2013 4233 2136 4287 Ἐπὶ
2182 4235 2337 4306 πόίσιΔ
2360 4232 2460 4303 τὴν
2490 4233 2741 4306 σιδηρᾶν-
2763 4229 3051 4305 καθέδραν,
3086 4235 3173 4303 ἐφ’
3195 4229 3580 4306 ἦςῌτηγανιζό-

2001 4319 2139 4373 μενα
2169 4304 2238 4357 τὰ
2273 4302 2525 4375 σώματα,
2550 4302 2658 4359 etc.
2693 4302 2807 4358 Mos
2832 4302 2976 4375 enim
3010 4302 3152 4375 erat,
3180 4317 3237 4359 ut
3251 4302 3574 4374 Citristiani,

1999 4372 2289 4442 antequam
2331 4372 2517 4428 bestiis
2541 4375 2929 4442 ohjicerentur,
2960 4374 3011 4426 in
3044 4372 3350 4439 hnjusmodi
3381 4372 3573 4429 cathe-L

317 4442 492 4538 de'nda
523 4442 657 4501 esse
698 4442 969 4538 existimp,
1012 4447 1348 4529 μονομαχίας
1386 4448 1596 4527 scilicet
1626 4457 1680 4501 et
1708 4446 1889 4538 θηριρ-
1925 4484 1968 4538 D
1997 4444 2093 4538 dra
2130 4444 2425 4538 suppositis
2453 4447 2644 4538 prunlis
2670 4444 2986 4498 ardentibus
3014 4442 3286 4507 sederent,
3317 4453 3374 4495 ut
3414 4447 3575 4512 paulo

317 4515 543 4588 μαχίας,
594 4519 841 4584 quamvis
910 4513 1088 4571 Latini
1147 4513 1262 4573 "uno
1316 4520 1557 4571 muneris
1628 4513 1889 4588 vocabulo
1927 4513 1968 4538 υ
2000 4514 2345 4588 anteiegitnr
2369 4513 2658 4588 d_eAttalo.

316 4586 609 4652 utrumque
672 4588 1042 4657 spectaculum
1115 4588 1599 4657 comprehendant.
1652 4586 1708 4640 Si
1765 4587 1888 4656 quis

316 4662 498 4729 tamen
519 4656 850 4726 μονομαχίας
870 4667 925 4729 et
942 4656 1301 4729 θηριομαχίας
1338 4657 1426 4711 hic
1454 4672 1550 4725 pro
1581 4659 1769 4711 eodem
1790 4672 1885 4729 su-

313 4725 391 4797 mi
422 4725 1012 4797 contendat,equidem
1058 4725 1509 4797 nun'magnopere
1553 4726 1881 4795 repugnabo.

313 4796 480 4850 Certe
508 4797 559 4849 in
599 4792 775 4850 Gesti:
813 4792 1197 4863 praesidialibus
1242 4792 1554 4851 sanciorum
1586 4792 1883 4864 martyrum

314 4864 574 4929 Tarachi,
599 4865 756 4921 Probi
795 4878 847 4920 et
878 4866 1198 4931 Andronici,
1229 4867 1554 4935 gladiatores
1597 4874 1885 4935 sumuntur

311 4950 413 5006 pro
432 4936 722 4990 bestiariis.
748 4935 840 4990 Sic
865 4937 1008 4989 enim
1041 4934 1297 4991 scribitur
1327 4951 1446 5006 cap.
1479 4936 1547 4990 10
1579 4952 1593 4988 :
1618 4934 1685 4988 In
1715 4937 1885 5001 prima

310 5007 545 5059 muneris
589 5008 833 5068 editione,
869 5022 987 5058 cum
1032 5007 1209 5061 multa
1241 5006 1368 5076 {erce
1415 5008 1661 5060 immissa:
1695 5017 1880 5070 essent,

310 5078 599 5147 multorum
626 5075 985 5146 gladiatorum
1020 5075 1564 5147 corpora’quiimultis
1593 5077 1737 5130 horis
1762 5090 1881 5127 cum

312 5145 491 5216 bestiis
506 5145 882 5215 pugnaverant,
909 5149 1157 5200 devorata
1187 5145 1329 5199 sunt.
1355 5146 1519 5200 Paulo
1553 5153 1671 5216 post
1702 5156 1879 5199 tamen

311 5214 674 5283 gladiatorum
699 5231 893 5270 munus
911 5230 940 5267 a
964 5230 1186 5270 munere
1210 5215 1442 5269 ferarum
1468 5214 1665 5269 ibidem
1690 5216 1883 5270 distin-

309 5284 496 5353 guitur
519 5284 600 5355 his
624 5286 803 5340 verbis
839 5303 853 5338 :
894 5283 1159 5339 Maximus
1193 5285 1474 5352 proconsul
1496 5284 1882 5355 indignansju—

310 5359 391 5406 bet
426 5355 509 5406 edi
539 5354 890 5425 gladiatorum
924 5372 1134 5421 munus,
1173 5356 1359 5425 quibus
1406 5357 1750 5408 mandaretur
1775 5357 1879 5407 im-

308 5425 496 5496 primis
525 5421 856 5496 Citristianos
905 5428 1157 5494 martyres
1184 5421 1388 5496 ’gladiis
1410 5424 1662 5496 confodi.
1697 5424 1804 5478 Sed
1825 5432 1880 5476 et

310 5491 545 5565 Cyrillus
564 5491 1089 5565 Hierosolyntitautis
1108 5498 1160 5548 in
1197 5491 1371 5564 prima
1395 5491 1664 5546 Catebhesi
1690 5503 1880 5563 mysta-

309 5563 513 5634 gogica,
543 5563 865 5634 μονομαχεῖν
897 5566 1028 5620 dicit
1057 5568 1124 5619 de
1160 5563 1447 5634 bestiariis,
1479 5576 1536 5634 et
1559 5565 1880 5634 Clirysosto-

307 5649 428 5707 tuus
445 5633 495 5684 in
516 5632 732 5707 bomilja
750 5632 813 5707 de
825 5635 988 5707 .fona,
1010 5634 1269 5707 pag.6lil,'
1291 5634 1338 5707 oi
1362 5632 1571 5707 θηρίοις
1590 5632 1879 5707 πυκτεύειν

310 5699 614 5772 μέλλοντες.
657 5702 809 5770 Quod
844 5706 983 5762 idem
1010 5699 1106 5762 est:
1119 5721 1182 5761 ac
1215 5705 1259 5760 si
1285 5699 1514 5759 dixisset
1550 5702 1758 5774 θηρίοις
1784 5717 1879 5774 μο-

306 5774 581 5845 νομαχεῖν.

2068 4583 2182 4652 (29)
2207 4580 2458 4648 Ἳκανῶς
2491 4582 2917 4650 ἀναϐληθεῒσα.
2952 4580 3096 4635 Inter
3125 4580 3429 4652 voluptates
3455 4598 3573 4638 am-

1993 4650 2374 4721 phitheatralis
2392 4655 2685 4721 spectaculi
2706 4658 2816 4706 haec
2832 4665 2971 4718 erat,
2993 4661 3049 4704 ut
3068 4661 3251 4705 taurus
3270 4650 3321 4703 in
3347 4667 3571 4709 arenam

1995 4722 2411 4785 produceretur,
2443 4723 2529 4775 cui
2562 4725 2613 4776 in
2647 4723 2885 4775 furorem
2933 4721 3205 4775 concitato
3235 4723 3427 4777 noxios
3469 4724 3570 4778 ho-

1993 4793 2168 4848 mines
2202 4795 2430 4848 reticulo
2458 4793 2694 4847 inclnsos
2722 4792 3086 4859 objiciebant,
3125 4806 3261 4859 quos
3302 4793 3390 4845 ille
3427 4795 3571 4848 velut

1992 4863 2133 4931 pilas
2177 4864 2230 4916 in
2280 4865 2449 4917 altum
2476 4862 2741 4929 jactabat.
2781 4862 3062 4917 Notissimi
3114 4872 3240 4916 sunt
3282 4863 3383 4917 hae
3408 4865 3475 4919 de
3513 4880 3573 4918 re

1990 4932 2258 4987 Martialis
2289 4948 2514 4986 versus:

2102 5000 2310 5056 Taurus
2340 5011 2393 5054 ut
2425 5000 2695 5068 impositas
2717 5000 2892 5068 jactat
2919 5001 2990 5055 ad
3016 5011 3161 5055 astra
3195 4999 3352 5070 pilas.

2060 5070 2331 5145 (50)_'I‘:t'd
2348 5075 2460 5141 γὰρ
2477 5070 2692 5145 Δἀγρίου
2714 5073 2915 5145 θηρός,
2945 5073 3237 5145 Antiquum
3259 5080 3566 5145 serpentem

1989 5141 2154 5198 vertit
2180 5141 2426 5204 Rufinus,
2459 5142 2758 5197 damonem
2792 5143 3001 5195 scilicet
3036 5143 3234 5197 rectius
3272 5143 3374 5197 hoc
3407 5149 3567 5197 modo

1990 5212 2262 5281 designari
2305 5212 2648 5281 existimans.
2673 5211 2833 5281 Certe
2883 5210 3069 5266 Graeca
3122 5228 3227 5266 vox
3264 5213 3428 5266 etiam
3455 5230 3566 5265 ser-

1986 5280 2190 5350 pentem
2212 5281 2504 5351 significat.
2544 5280 2696 5337 Unde
2715 5291 2769 5336 et
2791 5280 3019 5334 theriace
3051 5284 3264 5336 dicitur.
3296 5283 3389 5335 Sic
3405 5284 3564 5351 paulo

1989 5349 2126 5404 infra
2148 5352 2178 5403 ὁ
2206 5349 2313 5423 θήρ
2341 5366 2437 5421 pro
2463 5351 2676 5407 diabolo
2708 5352 2963 5417 sumitur,
2987 5353 3076 5407 ubi
3109 5352 3384 5407 Masculus
3404 5349 3565 5419 -ὐίμε-

1989 5436 2104 5473 ram
2141 5424 2325 5475 vertit.

2058 5491 2170 5558 151)
2208 5490 2276 5561 Τὸ
2303 5490 2506 5559 ὅμοιον
2531 5492 2620 5557 εὶς
2645 5490 2802 5561 ἡμᾶς
2825 5489 3038 5561 ἀδίκως
3058 5488 3562 5561 ἐπιδεικνυμένων

1979 5556 2181 5628 μῖσος.
2216 5556 2442 5616 Rectius
2472 5562 2525 5612 in
2569 5556 2753 5616 codice
2778 5556 2952 5624 Mam,
3003 5561 3255 5616 Medicam
3287 5570 3340 5611 et
3363 5556 3560 5612 ‘Fuke-

1989 5630 2137 5684 tiauo
2164 5628 2654 5700 scribiturﬁatxov,
2686 5633 2827 5700 quod
2875 5631 3122 5698 equidem
3154 5629 3333 5700 valde_
3359 5630 3556 5700 probo,

1988 5701 2088 5772 nisi
2116 5702 2237 5772 quis
2262 5701 2411 5752 malit
2426 5699 2612 5772 legere
2632 5695 2904 5772 τδ’ἄδικον
2927 5695 3015 5762 εἰς
3042 5699 3185 5772 ημᾶς
3213 5695 3410 5772 ὁμοίως
3435 5695 3559 5772 ἐπι-ο

1958 5763 2344 5841 ’δεικνυμένων
2374 5763 2548 5842 μῖσος.
2598 5771 2671 5825 De
2699 5771 2896 5839 injusto
2926 5763 3145 5844 erga'Se
3169 5763 3405 5837 gerulum
3431 5763 3558 5823 odio
