4198 6410
629 385 734 441 ηδ

1326 378 1597 438 EUSEBII
1632 379 2110 439 CESARIENSlS
2147 376 2299 434 OPP.
2338 376 2519 433 PARS

2616 378 2698 449 ε-
2734 376 3124 436 HISTORICA.
3756 375 3860 432 ιεε

629 505 829 578 crymis
858 502 1221 560 obsecrabant
1258 502 1486 568 fratres,
1527 514 1587 558 ut
1628 503 1896 558 continua:
1932 503 1998 557 ad
2029 502 2188 558 Deum

2296 499 2642 572 τελειωθῆναι
2669 500 2884 564 αὐτούς.
2919 502 3029 554 Καὶ
3059 500 3157 571 τὴν
3200 499 3300 570 μὲν
3334 498 3561 570 δύναμιν
3599 498 3696 568 τῆς
3725 514 3867 570 μαρ-

630 612 820 666 preces
870 597 1096 663 tierent,
1143 612 1253 667 quo
1298 598 1512 652 tandem
1560 599 1657 667 ipsi
1706 595 2001 666 perfectum
2035 595 2194 650 finem

629 689 850 757 adipisci
903 698 1267 743 mererentur.
1320 689 1398 743 Ac
1449 689 1627 758 reipsa
1677 687 1894 757 quidem
1938 687 2194 742 virtutem

629 788 926 849 martyrum
981 776 1342 843 exhibebant,
1400 793 1523 832 cum
1581 778 1782 848 ingenti
1834 777 2084 831 libertate
2132 792 2197 832 ac

628 868 824 922 fiducia
854 869 1146 938 gentilibus
1184 869 1606 938 respondentes:
1647 878 1701 922 et
1729 868 2000 938 egregiam
2032 868 2192 923 animi

628 956 861 1011 indolem
910 959 1110 1028 partim
1143 957 1459 1022 tolerantia,
1506 957 1700 1027 partim
1742 959 1884 1027 quod
1916 969 2088 1013 metus
2131 973 2195 1013 ac

625 1052 842 1120 pavoris
896 1061 1147 1121 expertes
1203 1060 1427 1115 essent,
1493 1052 1777 1120 perspicue
1834 1053 2189 1106 testabantur.

623 1141 801 1211 Ipsam
826 1159 956 1198 vero
984 1154 1281 1214 martyrum
1314 1141 1724 1211 appellationem
1754 1158 1784 1195 a
1807 1141 2064 1196 fratribus
2090 1142 2192 1197 sibi

621 1236 857 1290 oblatam
876 1276 892 1299 ,
924 1245 1107 1305 utpote
1137 1237 1330 1290 timore
1359 1236 1449 1289 Dci
1479 1236 1757 1290 constricti
1788 1233 2139 1304 refugiebant.
2167 1254 2187 1286 ι

619 1324 689 1383 Ει
736 1328 897 1397 paulo
944 1337 1095 1396 post:
1153 1327 1580 1395 (Deprimebant
1616 1343 1710 1390 se,
1769 1326 2057 1396 inquiunt,
2091 1327 2190 1379 sub

621 1436 784 1473 manu
825 1421 1066 1489 potenti;
1106 1436 1135 1474 a
1170 1436 1274 1490 qua
1324 1438 1468 1475 nunc
1502 1421 1788 1476 sublimius
1815 1419 2009 1473 elevati
2040 1426 2187 1475 sunt.

622 1511 778 1566 'l‘unc
811 1527 942 1566 vero
975 1514 1215 1568 omnium
1259 1512 1624 1568 defensionem
1656 1510 2056 1581 suscipiebant,
2098 1529 2194 1565 ne-

621 1604 823 1658 minem
858 1604 1220 1667 accusabant,
1253 1598 1476 1659 cunct‘os
1504 1602 1885 1665 absolvchaut,
1909 1601 2065 1673 167
2098 1617 2191 1657 ne-

623 1692 821 1747 minem
853 1694 1111 1764 ligabant.
1141 1694 1451 1761 Quinetiam
1500 1709 1597 1764 pro
1628 1693 1734 1746 illis
1763 1708 1791 1745 a
1815 1693 2007 1763 quibus
2038 1708 2190 1746 acer-

622 1787 849 1842 bissime
944 1788 1171 1842 cruciati
1234 1785 1489 1849 fuerant,
1578 1786 1827 1857 exemplo
1908 1785 2186 1856 perfectis—

620 1880 744 1933 simi
777 1880 1028 1951 martyris
1064 1879 1347 1949 Stephani,
1382 1877 1549 1933 Deum
1570 1879 1980 1949 precabantur:
2023 1897 2042 1930 ι
2085 1878 2192 1931 Do-
2224 1858 2267 1914 Β

625 1989 647 2023 ι
683 1972 842 2038 mine,
882 1987 947 2025 ne
978 1971 1207 2040 imputes
1230 1972 1339 2026 illis
1371 1972 1471 2025 hoc
1494 1980 1793 2038 peccatum.
1825 1968 2012 2034 iQnod
2036 1968 2080 2023 si
2106 1968 2192 2024 ille

620 2078 718 2129 pro
749 2062 1117 2133 lapidantibus
1150 2064 1364 2127 orabat,
1397 2072 1602 2133 quanto
1638 2061 1811 2132 magis
1854 2076 1955 2132 pro
1998 2060 2186 2115 fratriv

618 2154 719 2208 bus
755 2170 876 2210 eum
926 2170 1111 2211 orasse
1155 2155 1419 2211 credibile
1448 2164 1550 2211 est.
1592 2174 1611 2207 ι
1669 2152 1782 2209 Nec
1830 2153 2001 2209 multo
2047 2164 2187 2225 post,

619 2243 734 2300 haec
764 2246 1007 2300 addunt:
1051 2263 1071 2297 ι
1106 2245 1218 2300 Hoc
1244 2246 1391 2299 enim
1424 2246 1721 2299 maximum
1770 2254 2048 2300 certamen
2085 2245 2189 2299 ilﬁs

618 2335 720 2389 fuit
749 2336 1020 2391 adversus
1069 2334 1366 2396 diabolum,
1415 2336 1486 2389 ob
1536 2336 1808 2391 sinceram
1858 2351 1922 2391 ac
1967 2337 2190 2392 minime

618 2427 855 2483 tucatam
882 2429 1235 2492 charitatem,
1270 2438 1327 2484 ut
1358 2444 1495 2498 quos
1526 2429 1616 2484 ille
1650 2430 1916 2500 malignus
1962 2446 2189 2502 serpens

614 2520 767 2574 vivos
795 2519 907 2587 jam
943 2535 1004 2575 se
1037 2520 1328 2601 devorasse
1357 2523 1687 2587 crediderat,
1736 2523 1886 2579 elisis
1937 2524 2187 2579 faucibus

613 2625 870 2668 evomere
933 2621 1237 2682 cogeretur.
1266 2612 1451 2683 Neque
1476 2615 1619 2668 enim
1656 2615 1797 2669 fastu
1826 2627 1881 2669 et
1919 2631 2189 2686 arrogan-

619 2701 690 2754 tia
750 2701 1126 2757 intumuerunt
1178 2703 1439 2771 adversus
1490 2703 1690 2773 lapsos,
1738 2705 1829 2759 sed
1874 2720 1936 2760 ea
1993 2708 2188 2775 quibus

616 2788 965 2845 abundabant
1006 2794 1167 2856 bona,
1217 2792 1585 2862 indigentibus
1630 2795 1934 2850 liberaliter
1983 2796 2189 2851 submi-

617 2880 949 2945 nistrabant,
979 2890 1221 2936 materna
1252 2884 1499 2950 quaedam
1544 2883 1935 2940 misericordiae
1973 2887 2185 2942 viscera

614 2982 912 3044 gestantes,
950 2987 1311 3044 magnamque
1352 2972 1461 3026 vim
1500 2974 1863 3045 lacrymarum
1917 2991 2016 3045 pro
2067 2972 2195 3031 illo.

2295 593 2487 663 τυρίας
2520 593 2667 664 ῑργῳ
2699 592 3093 657 ἐπεδείκνυντο,
3139 591 3339 663 πολλὴν
3367 590 3675 662 παρρησίαν
3706 589 3870 660 ἀγον-

2294 702 2386 748 τες
2412 685 2547 756 πρὸς
2570 685 2747 738 πάντα
2774 683 2844 737 τά
2871 683 3020 754 ἔθνη,
3064 684 3155 737 καὶ
3196 684 3295 755 τὴν
3338 683 3617 751 εὐγένειαν
3654 680 3740 734 διὰ
3767 680 3870 753 τῆς

2297 776 2572 846 ὑπομονῆς
2595 778 2684 829 καὶ
2704 776 2931 844 ἀφοϐίας
2967 776 3060 828 καὶ
3084 775 3348 845 ἁτρομίας
3372 771 3611 844 φανερὰν
3631 771 3870 835 ἐποίουν,

2295 868 2391 939 τὴν
2417 868 2472 920 δὲ
2505 868 2642 937 πρὸς
2669 869 2794 930 τοὺς
2827 868 3088 935 ἀδελφοὺς
3125 867 3234 919 τῶν
3270 865 3561 937 μαρτύρων
3592 879 3868 935 προσηγο-

2297 962 2418 1032 ρίαν
2452 959 2810 1031 παρῃτοῦντο,
2838 959 3283 1030 ἐμπεπλησμένοι
3315 959 3479 1026 φόϐου
3521 956 3677 1010 Θεοῦ.
3711 974 3730 1007 ι
3761 955 3870 1009 Καὶ

2294 1049 2449 1117 αὖθις
2502 1053 2639 1124 μετά
2675 1052 2881 1122 βραχέα
2934 1052 3124 1121 φασίν·
3178 1067 3196 1100 ι
3253 1050 3600 1104 Ἐταπείνουν
3644 1048 3870 1112 ἑαυτοὺς

2296 1144 2401 1196 ὑπὸ
2442 1145 2540 1215 τὴν
2582 1143 2848 1213 κραταιάν
2885 1145 3059 1212 χεῖρα,
3107 1144 3194 1210 ὑφ’
3240 1137 3308 1213 ἧς
3351 1140 3550 1204 ἱκανῶς
3597 1140 3690 1193 νῦν
3733 1142 3871 1193 εἰσιν

2296 1236 2589 1306 ὑψωμένοι.
2626 1234 2759 1288 Τότε
2781 1235 2837 1288 δὲ
2865 1238 2995 1288 πᾶσι
3046 1236 3144 1305 μὲν
3172 1234 3530 1303 ἀπελογοῦντο
3551 1234 3681 1304 (57),
3736 1251 3868 1288 κατ-

2294 1327 2525 1398 ηγόρουν
2569 1326 2626 1379 δὲ
2657 1326 2903 1390 οὐδενόςο
2928 1326 3080 1379 ἔλυον
3125 1326 3222 1395 μὲν
3272 1323 3533 1388 ἅπαντας,
3583 1326 3873 1396 ἐδέσμευον

2293 1419 2351 1471 δὲ
2375 1419 2585 1482 οὐδένα,
2635 1420 2729 1473 καὶ
2769 1418 2910 1489 ὑπὲρ
2945 1418 3053 1470 τῶν
3087 1417 3156 1470 τά
3195 1416 3343 1470 δεινά
3381 1416 3726 1471 διατιθέντων
3771 1415 3872 1489 ηὕ-

2293 1530 2464 1582 χοντο,
2500 1511 2749 1584 καθάπερ
2787 1512 3058 1581 Στέφανος
3089 1515 3117 1566 ὁ
3147 1512 3349 1574 τέλειος
3411 1511 3655 1582 μάρτυς’
3698 1529 3718 1562 ι
3753 1509 3869 1565 Κῦο

2298 1620 2318 1652 ι
2351 1618 2453 1673 ριε,
2484 1601 2558 1673 μὴ
2590 1603 2794 1675 στήσῃς
2814 1601 2995 1665 αὐτοῖς
3026 1601 3124 1672 τὴν
3143 1601 3413 1672 ἁμαρτίαν
3461 1599 3717 1670 ταύτην.»
3738 1600 3801 1655 Εί
3822 1600 3871 1654 δ’

2294 1696 2434 1766 ὑπὲρ
2466 1694 2573 1747 τῶν
2603 1693 2928 1759 λιθαζόντων
2956 1693 3152 1757 ἐδέετο,
3179 1693 3329 1764 πόσῳ
3365 1693 3562 1764 μᾶλλον
3596 1694 3735 1765 ὑπὲρ
3759 1694 3868 1747 τῶν

2294 1785 2572 1855 ἀδελφῶν;
2625 1805 2641 1837 ι
2702 1786 2812 1839 Καὶ
2858 1780 3014 1849 αὖθίς
3063 1802 3191 1855 φασι
3240 1785 3356 1856 μεθ’
3400 1785 3594 1857 ἕτεραο
3645 1804 3665 1835 ι
3702 1778 3870 1851 Οὗτος

2296 1877 2404 1949 γὰρ
2442 1879 2536 1931 καὶ⁵
2577 1878 2833 1949 μέγιστος
2861 1878 3043 1942 αὐτοῖς
3079 1878 3216 1949 πρὸς
3248 1877 3410 1930 αὐτὸν
3437 1880 3465 1932 ὁ
3491 1878 3724 1949 πόλεμος
3751 1878 3872 1949 ἐγέ-

2297 1988 2436 2033 νετο,
2466 1969 2554 2023 διὰ
2584 1969 2645 2022 τὸ
2669 1971 2890 2041 γνήσιον
2922 1969 3024 2039 τῆς
3045 1969 3291 2040 ἀγάπης,
3323 1970 3410 2023 ἵνα
3444 1968 3801 2040 ἀποπνιχθεὶς
3839 1972 3872 2024 ό

2297 2064 2420 2137 θὴρ,
2448 2063 2541 2129 οὓς
2564 2065 2823 2136 πρότερον
2846 2063 2981 2134 ᾤετο
3013 2063 3473 2118 καταππωκὲναι
3492 2062 3721 2128 ζῶντας,
3742 2062 3860 2129 ἐξεο

2298 2157 2441 2230 μέσῃ
2465 2159 2622 2226 (37‘).
2654 2158 2727 2211 Οὐ
2751 2157 2858 2229 γὰρ
2886 2156 3076 2210 ἔλαϐον
3097 2155 3355 2227 καύχημα
3373 2168 3512 2211 κατα
3528 2156 3633 2210 τῶν
3651 2173 3872 2211 πεπτω-

2296 2249 2489 2312 κότων,
2522 2250 2635 2303 ἀλλ’
2680 2251 2738 2302 ἐν
2768 2245 2849 2313 οἷς
2892 2247 3213 2313 ἐπλεόναζον
3232 2249 3406 2311 αὐτοὶ,
3450 2248 3608 2302 τοῦτο
3640 2251 3755 2312 τοῖς
3786 2251 3873 2303 ἐν-

2294 2342 2591 2413 δεεστέροις
2640 2345 2938 2416 ἐπήρκουν,
2991 2343 3233 2415 μητρικά
3290 2342 3573 2412 σπλάγχνα
3622 2341 3870 2413 ἔχοντες,

2294 2436 2388 2489 καὶ
2422 2435 2587 2489 πολλά
2627 2437 2753 2508 περῖ⁹
2784 2434 2961 2490 αὐτῶν
2996 2437 3276 2507 ἐκχέοντες
3325 2436 3538 2508 δάκρυα
3593 2435 3728 2507 πρὸς
3778 2436 3870 2489 τὸν

2294 2529 2533 2599 Πατέρα.
2562 2528 2715 2599 Ζωὴν
2746 2530 3036 2599 ᾐτήσαντο,
3076 2527 3170 2581 καὶ
3198 2526 3396 2580 ἔδωκεν
3425 2526 3635 2590 αὐτοῖς·
3671 2526 3737 2596 ἣν
3778 2525 3871 2578 καὶ

2296 2621 2717 2692 συνεμερίσαντο
2758 2624 2870 2683 τοῖς
2908 2618 3154 2691 πλησίον.
3196 2617 3353 2673 Κατά
3400 2618 3616 2673 πάντων
3649 2617 3872 2687 νικηφό-

2296 2730 2378 2782 ροι
2404 2713 2515 2782 (58)
2546 2712 2683 2783 πρδς
2714 2712 2846 2766 Θεὸν
2897 2711 3245 2775 ἀπελθόντες.
3292 2712 3512 2783 εἰρήνην
3551 2711 3871 2780 ἀγαπήσαν-

2293 2821 2383 2867 τες
2407 2805 2512 2867 ἀεὶ,
2554 2805 2649 2858 καὶ
2678 2806 2897 2876 εἰρήνην
2922 2804 3009 2857 ἀεὶ
3032 2805 3534 2875 παρεγγυήσαντες,
3576 2802 3690 2874 μετ’
3723 2800 3873 2874 είρήο

2293 2912 2391 2966 νης
2435 2894 2719 2967 ἐχώρησαν
2766 2898 2904 2967 πρὸς
2948 2897 3100 2960 Θεὸν,
3155 2898 3229 2968 μὴ
3279 2896 3666 2959 καταλιπόντες
3710 2896 3871 2949 πόνον

2292 2990 2357 3058 τῇ
2398 2989 2587 3059 μητρὶ,
2629 2989 2762 3060 μηδὲ
2810 2989 2998 3043 στάσιν
3046 2991 3139 3043 καὶ
3185 2989 3419 3060 πόλεμον
3457 2991 3571 3053 τοῖς
3601 2987 3875 3057 ἀδελφοῖς,

616 3081 736 3120 rum
767 3064 941 3120 salute
968 3079 1156 3119 coram
1188 3063 1298 3119 Deo
1331 3063 1490 3119 Patre
1532 3064 1850 3120 fundentes.
1889 3067 2064 3122 Vitam
2102 3084 2188 3137 pe-

2293 3080 2428 3134 ἀλλά
2451 3081 2626 3150 χαρὰν
2650 3081 2745 3134 καὶ
2765 3083 3005 3153 εἰρήνην,
3025 3084 3118 3135 καὶ
3150 3082 3422 3153 ὁμόνοιαν,
3452 3081 3547 3134 καὶ
3568 3080 3809 3151 ἀγάπην.
3842 3097 3864 3130 ι

614 3159 843 3220 tierunt,
877 3168 931 3213 et
961 3157 1186 3229 largitus
1208 3167 1293 3213 est
1318 3159 1397 3214 eis
1423 3157 1563 3213 Deus
1597 3157 1642 3190 ³⁶
1684 3176 1697 3211 :
1726 3174 1885 3230 quam
1916 3161 2079 3215 etiam
2112 3163 2188 3216 illi

2292 3171 2477 3226 Ταῦτα
2501 3172 2594 3226 καὶ
2617 3174 2744 3246 περὶ
2772 3173 2871 3243 τῆς
2894 3173 3002 3227 τῶν
3027 3175 3313 3245 μακαρίων
3340 3174 3564 3228 ἐκείνων
3590 3172 3725 3244 πρὸς
3744 3170 3872 3234 τοὺς

610 3251 877 3319 proximis
912 3250 1027 3306 suis
1059 3249 1558 3315 communicarunt,
1607 3251 1810 3318 ubique
1852 3252 2093 3308 victores
2121 3257 2186 3308 ad

2297 3264 2804 3333 παραπεπτωκότας
2843 3264 2950 3317 τῶν
2997 3264 3238 3333 ἀδελφῶν
3276 3264 3532 3335 στοργῆς,
3577 3261 3875 3332 ὠφελίμως

615 3342 782 3396 Deum
817 3341 1068 3412 profecti.
1107 3342 1352 3411 Cumque
1382 3357 1570 3411 pacem
1599 3342 1941 3405 dilexissem.
1996 3361 2185 3415 pacem

2296 3355 2657 3424 προσκείσθω,
2686 3356 2787 3426 τῆς
2813 3355 3179 3427 ἀπανθρώπου
3210 3374 3270 3410 τε
3300 3356 3392 3409 καὶ
3422 3353 3682 3426 ἀνηλεοῦς
3704 3353 3875 3407 ἕνεκα

610 3436 775 3489 nobis
806 3436 1303 3500 commendassent,
1340 3434 1445 3503 ipsi
1471 3450 1594 3489 cum
1627 3450 1762 3504 pace
1814 3438 2187 3506 migraverunt

2292 3445 2604 3511 διαθέσεως,
2640 3448 2745 3501 τῶν
2791 3449 2927 3519 μετά
2954 3448 3126 3503 ταῦτα
3165 3447 3400 3518 ἀφειδῶς
3442 3446 3553 3519 (59)
3587 3447 3698 3509 τοῖς
3730 3442 3876 3516 Χριο

610 3526 675 3577 ad
708 3526 876 3580 Deum
902 3543 917 3580 :
948 3540 1055 3581 non
1083 3525 1327 3582 dolorem
1356 3526 1541 3589 matri,
1569 3542 1676 3581 non
1715 3527 1980 3584 fratribus
2017 3531 2184 3586 disei-

2294 3538 2421 3592 στοῢ
2449 3539 2632 3610 μέλεσι
2668 3540 3219 3613 προσενηνεγμένων..

611 3617 759 3672 dium
791 3632 854 3671 ac
881 3616 1109 3681 bellum,
1141 3618 1234 3671 sed
1265 3618 1521 3686 gaudium
1562 3626 1617 3671 et
1680 3633 1872 3684 pacem
1903 3630 1958 3675 et
1983 3626 2332 3682 concordiam
2401 3632 2837 3701 charitatemque
2896 3632 3153 3688 omnibus
3217 3629 3602 3702 relinquentes.
3640 3651 3660 3681 ο
3694 3629 3870 3697 Atque

611 3713 730 3766 hsce
762 3713 829 3766 de
860 3713 1139 3767 beatorum
1183 3712 1401 3767 illorum
1450 3711 1646 3767 affectu
1676 3724 1804 3783 erga
1836 3730 1931 3769 eos
1976 3715 2178 3774 fratres
2215 3724 2306 3791 qui
2368 3723 2503 3795 lapsi
2568 3725 2802 3792 fuerant,
2853 3727 2920 3781 ad
2973 3726 3265 3797 legentium
3320 3726 3609 3780 utilitatem
3653 3724 3744 3779 hic
3773 3737 3871 3792 po-

611 3802 719 3857 sita
746 3802 882 3867 sint,
928 3809 1150 3870 propter
1196 3815 1295 3857 eos
1340 3803 1432 3871 qui
1481 3803 1776 3859 inhumano
1822 3807 2057 3875 quodam
2114 3826 2178 3866 ac
2217 3814 2355 3869 truci
2418 3815 2599 3870 animo
2662 3817 2896 3887 praediti,
2958 3816 3311 3874 inclementer
3353 3817 3617 3873 adversus
3662 3811 3875 3870 Christi

613 3900 857 3954 membra
882 3898 1225 3966 postmodum
1268 3900 1587 3954 saevierunt.

1227 3989 1457 4046 CAPUT
1494 3991 1580 4049 Ill.

612 4085 928 4156 Cujusmodi
972 4085 1107 4138 visio
1149 4084 1374 4165 martyri
1407 4083 1591 4165 Attalo
1617 4085 1671 4137 in
1702 4089 1902 4142 somnis
1942 4090 2196 4146 divinitus

1171 4160 1332 4207 missa
1361 4160 1631 4221 apparuit.

677 4250 849 4305 Porro
881 4247 934 4302 in
968 4246 1158 4301 eadem
1184 4248 1410 4316 epistola
1444 4263 1564 4315 quze
1594 4263 1685 4303 res
1714 4264 1877 4319 supra
1912 4267 2183 4307 memora-

608 4354 691 4399 tas
725 4340 1128 4412 complectitur.
1159 4341 1263 4394 alia
1299 4340 1466 4395 etiam
1492 4340 1726 4395 habetur
1757 4345 1999 4397 narratio
2022 4362 2184 4415 pror-

607 4451 699 4490 sus
752 4435 1014 4489 memoria
1065 4433 1409 4504 dignissima,
1464 4448 1628 4501 quam
1662 4434 1881 4503 quidem
1925 4436 2057 4490 nihil
2092 4454 2187 4493 rc-

605 4534 723 4590 tat,
778 4524 1075 4593 quominus
1123 4526 1224 4578 hoc
1274 4522 1396 4577 loco
1443 4522 1743 4578 lectoribus
1792 4540 2183 4595 proponamus.

607 4616 702 4670 Sic
732 4628 911 4671 autem
959 4615 1119 4669 habet
1158 4633 1171 4670 :
1214 4633 1232 4666 ι
1270 4613 1584 4669 Alcibiades
1642 4600 1887 4683 quidam,
1941 4632 2080 4671 unus
2114 4634 2189 4674 ex

604 4706 822 4761 illorum
866 4717 1170 4778 martyrum
1223 4721 1471 4770 numero,
1519 4706 1721 4759 durum.
1763 4716 1821 4761 et
1869 4706 2181 4777 squalidum

676 4824 721 4857 "
748 4825 889 4879 Psal.
928 4841 1021 4880 xx.

674 4918 961 4993 (57)Πᾶσι
982 4920 1101 4993 μὲν
1125 4920 1554 4991 ἀπελογοῦντο.
1573 4919 1806 4993 Rufinus
1836 4920 1979 4974 hunc
2004 4921 2193 4993 locum.

602 4989 918 5048 ita'vcrtit:
972 4989 1267 5044 Placabnnt
1298 4989 1495 5054 omnes,
1530 4990 1785 5043 nemiu‘em
1836 4992 2177 5046 accusabant.

602 5061 1134 5128 Christophorsouus
1153 5076 1285 5130 νιετο
1303 5071 1359 5115 et
1376 5071 1501 5114 ante
1517 5060 1666 5115 illum
1686 5059 1902 5130 Laugus
1918 5063 1993 5115 sic
2012 5065 2180 5116 inter-

604 5132 807 5200 pretari
830 5125 1056 5192 'maluit,
1098 5125 1376 5193 defendere
1404 5148 1603 5193 omnes,
1630 5125 1882 5183 nemine»:
1906 5147 2179 5185 accurare.

605 5203 785 5269 Quam
814 5201 1309 5268 interpretationem
1343 5202 1573 5266 probare
1602 5217 1706 5253 non
1731 5214 1971 5266 possum.
1997 5200 2182 5270 Neque

603 5275 749 5328 enim
771 5273 822 5326 in
840 5271 1029 5342 Grajco
1048 5270 1268 5333 dicitur,
1286 5271 1425 5342 ὑπὲρ
1446 5271 1665 5342 πάντων
1687 5270 2070 5338 ἀπελογοῦντο,
2086 5271 2180 5326 sed

605 5345 772 5397 πᾶσιν
805 5343 901 5396 ἀπ.
934 5341 1038 5393 Sed
1074 5354 1248 5408 neque
1271 5340 1537 5411 martyres
1569 5340 1642 5394 illi
1679 5341 2046 5411 cunctos_sine
2068 5342 2180 5394 dis~

604 5414 834 5467 crimine
886 5411 1270 5471 defendebant.
1300 5409 1588 5464 luereticos
1624 5411 1857 5472 scilicet,
1887 5409 2103 5465 Judaeos
2126 5418 2183 5465 et

604 5486 855 5550 gentiles.
916 5480 1137 5534 licrtius
1184 5480 1367 5550 itaque
1401 5478 1689 5550 Musculus
1725 5481 1907 5543 vertit,
1944 5480 2187 5534 omnibus

607 5549 865 5607 rationem
894 5551 1019 5619 ﬁdei
1046 5567 1159 5605 sum
1211 5549 1513 5619 reddebam.
1547 5549 1727 5603 Possis
1768 5551 1932 5603 etiam
1968 5560 2184 5603 vertere

606 5626 847 5675 carnibus
871 5617 924 5674 se
946 5621 1290 5675 excusabant.
1322 5617 1378 5670 lzl
1426 5621 1569 5672 enim
1614 5620 1828 5689 proprie
1862 5630 1943 5673 est
1982 5619 2189 5672 ἀπολοο-

606 5692 837 5756 γείσθαι.
872 5692 1025 5745 Unde
1055 5690 1321 5758 Apologia:
1351 5692 1700 5754 sacerdotum,
1731 5691 1795 5744 dc
1832 5690 2024 5758 quibus
2045 5689 2183 5745 Gre-

607 5765 791 5828 gorius
823 5762 1043 5827 Magnus
1071 5764 1121 5814 iu
1153 5759 1603 5813 Sncramentnrio.

2819 4005 3214 4059 ΚΕΦΑΛΑΙΟΝ
3259 4002 3333 4059 Γ.

2305 4091 2504 4149 Ὀποιά
2530 4092 2609 4162 τῷ
2636 4094 2891 4164 μάρτυρι
2945 4095 3194 4160 Ἀττάλῳ
3232 4095 3307 4150 δι’
3348 4095 3585 4164 ὀνείρου
3625 4094 3873 4164 γέγονενἰ

2607 4165 2917 4236 ἐπιφάνεια
2949 4167 3085 4236 (Nic.
3133 4166 3206 4222 Η.
3242 4167 3305 4221 E.
3338 4181 3409 4233 tv,
3443 4168 3522 4235 δ).

2375 4256 2497 4326 Ἦλδ⁹
2513 4257 2649 4329 αὑτὴ
2665 4258 3202 4332 τῶνπροειρημένων
3225 4257 3516 4330 μαρτύρων
3542 4257 3750 4328 γραφὴ,
3774 4273 3879 4311 και

2220 4383 2265 4440 D
2292 4346 2588 4420 ἀλληντινά
2610 4351 2826 4422 μνήμης
2852 4351 3007 4418 ἀξίαν
3025 4351 3261 4422 ἱστορίαν
3284 4350 3549 4422 περιέχει,
3568 4350 3635 4420 ἢν
3654 4349 3748 4404 καὶ
3777 4348 3869 4401 οὐ·

2293 4440 2404 4504 δεὶς
2428 4440 2493 4495 ἂν
2521 4442 2729 4511 γένοιτο
2756 4442 2968 4513 φθόνος,
3007 4442 3081 4514 μὴ
3097 4444 3216 4513 οὐχὶ
3236 4442 3344 4496 τῶν
3373 4438 3771 4511 ἐντευξομένων
3788 4439 3879 4502 είς.

2294 4530 2495 4599 γνῶσιν
2527 4532 2859 4603 προσθεῖναι.
2893 4534 3045 4603 Ἔχει
3069 4533 3124 4586 δὲ
3145 4532 3333 4597 οὕτως’
3356 4551 3374 4584 ι
3399 4529 3731 4585 Ἀλκιϐιάδου
3762 4527 3871 4601 γάρ

2292 4638 2438 4685 τινος
2477 4621 2537 4688 ἐξ
2563 4616 2766 4686 αὐτῶν,
2798 4625 2939 4679 πάνυ
2982 4624 3264 4695 αὐχμηρὸν
3302 4620 3544 4693 βιοῦντος
3594 4620 3728 4691 βίον,
3772 4616 3870 4675 καὶ

2294 4713 2521 4784 μηδενὸς
2559 4714 2694 4779 ὅλως
2721 4715 2782 4768 τὸ
2812 4715 3075 4787 πρότερον
3116 4713 3646 4786 μεταλαμϐάνοντος,
3681 4710 3796 4766 ἀλλ’
3830 4707 3865 4780 ἢ

2344 4922 2747 4993 (37⁸)4Ἶναηη
2788 4923 2962 4991 οὓς...
3012 4922 3158 4989 ᾤετο
3194 4923 3683 4980 καταπεπτωκέναι
3729 4919 3867 4983 ζῶν.

2284 4991 2413 5064 τας,
2451 4991 2732 5063 ἐξεμέσῃ.
2778 4995 2920 5049 Sunt
2955 4997 3150 5063 quibus
3173 4996 3715 5064 placeret.virgulam
3741 5004 3865 5044 ante

2280 5062 2942 5135 {Gavmctransponendm
2977 5062 3283 5124 Scribere...
3320 5064 3481 5130 οὓς...
3536 5078 3865 5116 καταπεπυ·

2964 5177 2977 5189 .
3016 5136 3171 5191 Eutr.

2355 5205 2467 5278 (38)
2498 5197 2839 5278 Ῡιιίεηκατᾶ
2872 5197 3069 5263 πᾶντα
3094 5211 3428 5278 νικηφόροι.
3472 5209 3563 5263 Sic
3594 5223 3657 5263 ex
3680 5210 3866 5265 codice

2286 5276 2456 5348 [legio
2473 5276 2988 5348 eiliLlitAStepltanus.
3008 5278 3217 5348 Reliqui
3239 5276 3425 5332 tamen
3455 5279 3669 5334 codices
3699 5281 3861 5342 Μαι..

2287 5343 2433 5421 Med.
2459 5355 2515 5421 et
2551 5343 2686 5421 Fuk.
2704 5343 2964 5421 scriptum
2991 5343 3186 5421 habent
3214 5349 3355 5421 κατά
3380 5351 3595 5404 πάντων
3640 5350 3863 5421 νικηφό-

2353 5432 2391 5469 ι.
2416 5414 2471 5469 ld
2496 5425 2597 5478 est,
2632 5419 2696 5471 de
2744 5419 2982 5471 omnibus
3011 5420 3247 5475 victores.
3281 5418 3616 5485 Nicephorius
3643 5414 3860 5475 veroita

2303 5485 2628 5562 "apologum
2664 5488 2909 5562 refinxit.
2941 5488 3053 5562 Ακαὶ
3097 5488 3307 5562 ⁸πάντες
3349 5491 3651 5562 νικηφόροι,
3676 5498 3780 5545 etc.

2379 5556 2468 5628 39)
2505 5555 2629 5611 Τῶν
2658 5558 2809 5628 μετὰ
2856 5560 3041 5615 ταῦτα
3076 5558 3355 5627 ἀφειδῶς.
3416 5555 3747 5614 Novatianos
3778 5560 3860 5613 in-

2287 5626 2501 5703 telligit.
2528 5628 2618 5697 qui
2660 5626 2824 5698 lapsis
2858 5646 3073 5684 omnem
3110 5626 3260 5697 spem
3304 5630 3648 5701 indulgentiae
3673 5638 3866 5703 postea

2283 5697 2692 5766 pra‘eluserunt.

2284 5133 2460 5197 κέναι,
2489 5133 2696 5199 ζῶντας
2722 5133 2809 5201 ea:
2818 5137 2883 5201 μέ
