4198 6410
438 341 538 395 ιιε

1454 346 1804 405 ΗΙΞΤΟΡιΙᾸΞ.
1844 348 2411 407 ECCLESIASTICIE
2448 351 2579 411 LIB.
2619 352 2685 409 V.

3582 353 3690 411 ιισ

432 452 711 545 νους-ήμῖν
749 454 1079 524 ἐξετάζεται,
1109 460 1183 526 ὡς
1212 462 1277 516 ἂν
1316 462 1380 534 δὴ
1419 466 1539 517 κατ’
1580 464 1743 518 αὑτὸν
1775 466 2005 520 σπουδα-

2111 483 2325 521 manam
2365 467 2665 525 Ecclesiam
2700 472 3038 540 gubernante
3067 488 3208 545 opus
3247 474 3378 529 illud
3420 476 3506 531 eia
3522 477 3686 533 bora-

432 541 666 615 ξομὲνης
706 546 853 619 αὐτῷ
893 550 993 621 τῆς
1030 551 1268 623 γραφῆς,
1316 552 1407 606 τὸν
1446 553 1751 623 κατάλογον
1803 555 2005 626 ἵστησι,

431 635 658 708 γράφων
686 632 806 693 ὧδε.

957 735 1352 791 ΚΕΦΑΛΑΙΟΝ
1382 740 1473 805 ς’.

438 816 560 875 Τῶν
599 820 698 875 ἐπὶ
742 822 1601 902 Ῥώμηςῃὲπιᾳκ-οπευσάγτων
1675 829 2008 902 κατάλογος

924 895 1064 966 (Nic.
1090 897 1167 950 ιι.
1192 896 1261 953 E.
1292 914 1364 966 ιν,
1403 900 1515 971 ιδ).

504 1002 524 1035 ι
560 982 1000 1055 Θεμελιιῦσαντες
1023 982 1115 1041 οὖν
1148 990 1242 1042 καὶ
1272 990 1727 1062 οἰκοδομήσαντες
1746 993 1795 1045 οἱ
1829 991 2008 1063 μακά-

433 1092 536 1146 ριοι
569 1076 852 1132 ἀπόστολοι
893 1079 991 1150 τὴν
1032 1080 1381 1153 Ἐκκλησίαν,
1418 1082 1563 1154 Λίνῳ
1601 1084 1700 1155 τὴν
1745 1084 1845 1155 τῆς
1888 1086 2009 1137 ὲπι-

431 1168 644 1238 σκοπῆς
676 1169 1016 1242 λειτουργίαν
1057 1174 1417 1247 ἐνεχείρισαν.
1463 1175 1666 1229 Τούτου
1707 1175 1803 1229 τοῦ
1846 1175 2006 1230 Λίνου

430 1257 641 1325 Παῦλος
667 1262 725 1315 ἐν
756 1267 876 1328 ταῖς
901 1264 1037 1335 πρὸς
1064 1266 1326 1336 Τιμόθεον
1359 1267 1672 1331 ἐπιστολαῖς
1705 1268 2003 1339 μέμνηταιο

429 1352 743 1422 Διαδέχεται
778 1354 836 1407 δὲ
883 1355 1056 1409 αὑτὸν
1103 1355 1475 1429 Ἀνέγκλητος.
1530 1358 1685 1412 Μετὰ
1730 1358 1920 1412 τοῦτον
1951 1359 2008 1413 δὲ

426 1442 596 1516 τρίτῳ
624 1444 776 1515 τόπῳ
797 1446 904 1499 ἀπὸ
926 1447 1035 1501 τῶν
1066 1449 1381 1503 ἀποστόλων
1405 1450 1504 1521 τὴν
1543 1449 1848 1521 ἐπισκοπὴν
1877 1448 2009 1520 κλη-

431 1533 618 1609 ροῦται
644 1537 901 1609 Κλήμης,
927 1540 959 1591 ό
983 1540 1078 1593 καὶ
1107 1540 1369 1613 ἑωρακὼς
1388 1543 1512 1606 τοὺς
1538 1543 1840 1614 μακαρίους
1870 1544 2008 1596 ἀπο-

432 1627 670 1693 στόλους,
711 1630 806 1683 καὶ
846 1631 1239 1702 συμϐεὸληκὼς
1289 1635 1495 1698 αὐτοῖς,
1532 1635 1627 1688 καὶ
1668 1633 1748 1687 ἔτι
1788 1633 2010 1689 ἔναυλον

426 1721 490 1773 τὸ
520 1722 785 1795 κήρυγμα
819 1724 929 1778 τῶν
961 1726 1273 1780 ἀποστόλων
1300 1729 1394 1781 καὶ
1423 1727 1523 1799 τὴν
1559 1727 1860 1799 παράδοσιν
1902 1726 2011 1798 πρὸ

428 1813 721 1886 ὀφθαλμῶν
751 1816 889 1887 έχων
911 1835 926 1849 ·
955 1820 1016 1871 οὐ
1048 1819 1207 1890 μόνος
1226 1836 1240 1849 ο
1290 1819 1369 1872 ἔτι
1402 1819 1511 1891 γὰρ
1564 1819 1747 1873 πολλοὶ
1797 1818 2012 1873 ὑπελεί-

429 1920 592 1960 ποντο
628 1907 746 1961 τότε
794 1909 900 1962 ὑπὸ
941 1910 1049 1963 τῶν
1092 1910 1407 1981 ἀποστόλων
1446 1911 1838 1982 δεδιδαγμένοι.
1883 1911 2007 1964 Ἐπὶ

426 1996 617 2052 τούτου
652 1995 746 2054 οὖν
771 2001 865 2055 τοῦ
903 2002 1218 2073 Κλήμεντος
1258 2004 1501 2069 στάσεως
1531 2004 1630 2057 οὐκ
1659 2003 1855 2074 ,ὀλίγης
1894 2006 2006 2067 τοῖς

428 2091 487 2145 ὲν
531 2092 780 2165 Κορίνθῳ
832 2095 1132 2167 γενομένης
1175 2096 1454 2167 ἀδελφοῖς,
1514 2095 1827 2150 ἐπέστειλεν
1867 2097 1898 2166 ή
1948 2097 2013 2150 ὲν

439 2182 626 2260 Ῥώμῃ
687 2187 979 2259 Ἐκκλησία
1019 2189 1357 2260 ἱκανωτάτην
1393 2189 1610 2263 γραφὴν
1656 2192 1771 2255 τοῖς
1810 2192 2007 2263 Κοριν-

427 2271 585 2341 θίοις,
623 2278 703 2340 είς
746 2280 970 2350 εἰρήνην
1020 2277 1430 2349 συμϐιϐἀζουσα
1473 2278 1701 2344 αὐτοὺς.
1746 2282 1840 2335 καὶ
1882 2281 2009 2335 ἀνα-

427 2363 627 2418 νεοῦσα
655 2365 753 2437 τὴν
787 2368 968 2421 πίστιν
1008 2368 1207 2431 αὐτῶν,
1248 2371 1344 2423 καὶ
1390 2370 1455 2441 ἢν
1505 2371 1700 2423 νεωστὶ
1747 2371 1855 2425 ἀπὸ
1896 2370 2006 2424 τῶν

425 2459 740 2513 ἀποστόλων
784 2460 1082 2531 παράδοσιν
1132 2460 1365 2533 εἰλήφει.
1405 2480 1424 2514 ›
1466 2463 1575 2516 Καὶ
1613 2462 1750 2534 μετὰ
1802 2464 2007 2536 βραχέα

427 2549 594 2620 φησί’
626 2569 644 2602 ι
673 2551 776 2605 Τὸν
815 2551 873 2604 δὲ
906 2551 1198 2622 Κλήμεντα
1238 2552 1427 2606 τοῦτον
1464 2552 1767 2625 διαδέχεται
1802 2555 2009 2628 Εὐάρε-

429 2655 573 2706 στος,
623 2644 719 2697 mi.
762 2642 854 2696 τδν
896 2643 1203 2715 Εὐάρεστον
1245 2644 1612 2715 Ἀλέξανδρος.
1671 2642 1785 2701 Εἶθ’
1833 2646 2008 2713 οὕτως

426 2731 581 2796 ἕκτος
607 2733 715 2787 ἀπὺ
741 2733 849 2787 τῶν
877 2734 1188 2788 ἀποστόλων
1229 2735 1551 2790 καθίσταται
1589 2736 1812 2801 Ξὺστος.
1853 2739 2007 2793 Μετὰ

425 2825 483 2882 δὲ
513 2824 710 2880 τοῦτον.
725 2825 1080 2898 Τελεσφόρος,
1114 2828 1174 2892 ὃς
1202 2829 1298 2882 καὶ
1326 2828 1552 2895 ἐνδόξως
1590 2828 1970 2901 ἐμαρτύρησεν
1989 2848 2002 2861 ·

424 2917 615 2973 ἔπειτα
665 2919 900 2988 ’Υγίνος,
937 2914 1058 2973 εἶτα
1093 2921 1242 2986 Πίος,
1286 2920 1403 2992 μεθ’
1439 2921 1498 2976 ὃν
1549 2922 1846 2993 Ἀνίκητος.
1881 2923 2009 2975 Δια-

2110 570 2209 615 ret.
2245 560 2338 615 Sic
2372 562 2517 616 enim
2550 566 2760 621 scribit.

2719 747 2949 805 CAPUT
2982 750 3069 805 Vl.

2313 830 2663 890 Enumeratio
2687 839 3049 908 episcoporum
3080 840 3225 896 urbis
3269 842 3473 899 Romte.‘

2186 1010 2207 1044 ι
2239 991 2482 1046 Fundata
2505 992 2625 1062 jam
2643 1003 2698 1048 et
2746 994 3011 1051 aedificata
3078 997 3321 1054 Ecclesia
3380 997 3686 1056 beatissimi

2108 1084 2340 1155 apostoli
2377 1085 2726 1155 episcopatus
2754 1086 2986 1141 ofﬁcium
3021 1087 3159 1144 Lino
3182 1090 3547 1145 tradiderunt.
3572 1090 3688 1145 Hu-

2103 1178 2196 1247 jus
2251 1176 2373 1231 Lini
2430 1177 2766 1234 mentionem
2828 1177 2961 1234 facit
3012 1179 3211 1236 Paulus
3257 1181 3309 1236 in
3363 1181 3567 1238 litteris
3618 1183 3687 1239 ad

2110 1246 2478 1325 Timotheum.
2513 1269 2649 1325 Huic
2683 1272 2946 1327 successit
2968 1246 3323 1329 Anencletus.
3360 1273 3489 1330 P‘ost
3514 1291 3681 1345 quem

2112 1361 2269 1415 tertio
2300 1361 2369 1415 ab
2412 1361 2679 1430 apostolis
2718 1362 2841 1417 loco
2887 1362 3264 1432 pontificatum
3316 1366 3543 1421 sortitus
3599 1378 3687 1424 est

2108 1451 2382 1513 Clemens,
2412 1452 2504 1521 qui
2532 1452 2748 1522 qui-lem
2785 1453 3129 1508 beatissimos
3152 1455 3427 1523 apostolos
3448 1457 3687 1522 viderat,

2109 1552 2165 1596 et
2185 1557 2307 1596 cum
2337 1542 2527 1598 iisdem
2558 1542 2904 1607 familiariter
2930 1554 3183 1600 versatus
3225 1546 3399 1601 fuerat
3427 1564 3451 1601 ε’
3471 1556 3525 1600 ct
3548 1561 3693 1616 pra:-

2112 1633 2439 1689 dicatioucm
2468 1633 2839 1703 apostolorum
2881 1636 3061 1691 adhuc
3111 1636 3342 1691 auribus
3376 1637 3492 1692 suis
3534 1637 3688 1692 inso-

2111 1734 2359 1789 nantem,
2395 1723 2853 1796 traditionemque
2904 1741 3016 1791 prae
3055 1727 3232 1782 oculis
3287 1727 3542 1783 habebat.
3573 1727 3695 1785 Nec

2044 1855 2085 1909 Β
2109 1832 2242 1873 vero
2270 1820 2384 1887 ipse
2412 1817 2563 1871 solus
2589 1833 2603 1870 :
2633 1818 2728 1873 sed
2756 1828 2808 1872 et
2827 1817 2914 1872 alii
2935 1818 3149 1885 plurimi
3177 1820 3340 1875 etiam
3365 1826 3478 1873 tum
3497 1835 3689 1888 super-

2107 1919 2267 1964 erant
2309 1908 2378 1964 ab
2420 1909 2681 1979 apostolis
2711 1909 2964 1964 instituti.
3004 1910 3175 1978 ilujus
3226 1910 3527 1967 Clementis
3554 1922 3687 1967 tem-

2105 2000 2333 2071 poribus
2362 2016 2484 2056 cum
2516 2001 2840 2072 gravissima
2890 2003 3159 2057 dissensio
3200 2001 3447 2057 Corinthi
3496 2009 3695 2057 exorta

2106 2103 2252 2150 esset
2286 2093 2429 2148 inter
2467 2095 2689 2159 fratres,
2734 2093 2977 2149 Ecclesia
3027 2092 3276 2148 Romana
3310 2092 3686 2149 luculentissi-

2110 2201 2253 2240 mam
2286 2185 2577 2253 epistolam
2607 2184 2909 2241 Corinthiis
2942 2185 3187 2255 scripsit,
3218 2200 3327 2255 qua
3370 2198 3468 2241 eos
3493 2185 3558 2240 ad
3588 2199 3694 2255 pa-

2107 2290 2223 2331 cem
2249 2276 2706 2345 concordiamque
2739 2286 3045 2342 revocaret,
3075 2285 3130 2331 et
3158 2274 3318 2330 fidem
3345 2275 3586 2341 illorum,
3630 2285 3687 2331 et

2108 2382 2270 2436 quam
2311 2379 2503 2421 recens
2531 2365 2598 2419 ab
2632 2364 2898 2435 apostolis
2924 2376 3279 2436 susceperant
3333 2365 3695 2420 traditionem-

2109 2469 2423 2513 renovaret.
2458 2476 2477 2511 ι
2515 2456 2684 2513 Paulo
2715 2469 2839 2527 post
2866 2456 3092 2514 subdit:
3140 2475 3159 2509 ι
3203 2457 3342 2513 lluic
3368 2472 3532 2526 porro
3563 2457 3687 2514 Cle-

2109 2550 2277 2605 menti
2340 2550 2615 2606 successit
2667 2547 2989 2614 Evarestus,
3042 2549 3302 2604 Evaresto
3350 2548 3694 2605 Alexander.

2109 2645 2313 2701 Sextus
2347 2646 2541 2702 deinde
2574 2655 2697 2714 post
2724 2645 3000 2714 apostolos
3036 2646 3192 2716 171
3240 2646 3573 2703 constitutus
3601 2655 3688 2703 est

2109 2735 2336 2810 Xystus.
2365 2737 2539 2804 Quem
2589 2738 2849 2808 deinceps
2887 2738 3106 2806 excepit
3155 2738 3546 2808 Telesphorus,
3594 2740 3686 2808 qui

2107 2829 2274 2882 etiam
2331 2827 2526 2882 illustri
2580 2829 2845 2899 martyrio
2897 2827 3188 2884 defunctus
3232 2839 3339 2884 est.
3388 2828 3518 2884 Post
3540 2828 3702 2884 hunc'

2110 2919 2378 2991 Hyginus,
2413 2935 2477 2974 ac
2507 2918 2702 2974 deinde
2730 2919 2882 2974 Pius.
2915 2919 3046 2975 Post
3073 2919 3228 2975 Pium
3269 2922 3552 2977 Anicetus.
3587 2920 3685 2975 Cui

425 3009 721 3082 δεξαμένου
767 3012 860 3066 τὸν
915 3013 1195 3084 Ἀνίκητον
1248 3013 1523 3086 Σωτῆρος,
1582 3014 1675 3068 νῦν
1719 3014 2005 3085 δωδεκάτῳ

2110 3031 2230 3069 cum
2289 3014 2646 3069 successisset
2717 3012 2905 3081 Soter,
2969 3012 3293 3069 duodecimo
3348 3015 3564 3070 demum
3618 3013 3701 3068 air

425 3103 576 3173 τόπῳ
600 3101 690 3155 τὸν
712 3105 811 3174 τῆς
841 3105 1143 3176 ἐπισκοπῆς
1163 3104 1271 3157 ἀπὸ
1293 3103 1403 3157 τῶν
1445 3104 1755 3159 ἀποστόλων
1788 3106 2005 3176 κατέχει

2110 3106 2370 3175 apostolis
2417 3105 2537 3161 loco
2585 3104 2964 3175 episcopatum
3001 3120 3147 3160 nunc
3187 3105 3400 3160 obtinet
3429 3105 3688 3161 Eleuthe-

425 3193 624 3266 κλῆρον
657 3194 990 3267 Ἐλεύθερος.
1023 3194 1101 3266 Τῇ
1134 3196 1271 3266 αὐτῇ
1300 3194 1451 3262 τάξει
1501 3197 1596 3250 καὶ
1642 3198 1708 3267 τῇ
1760 3196 1897 3267 αὐτῇ
1927 3196 2005 3249 δι-

2113 3214 2226 3253 rus.
2262 3198 2373 3254 Hac
2398 3199 2542 3254 serie
2574 3207 2627 3252 et
2663 3197 3039 3260 successione,
3067 3206 3176 3251 tum
3207 3196 3431 3252 traditio
3462 3207 3688 3267 apostoi-

424 3284 559 3358 δοκῇ
584 3285 694 3358 (56)
727 3287 763 3357 ἦ
796 3304 854 3340 τε
881 3288 990 3341 άπδ
1027 3287 1139 3340 τῶν
1170 3288 1487 3342 ἀποστόλων
1509 3290 1566 3341 ὲν
1596 3290 1663 3360 τῇ
1705 3288 2004 3360 Ἐκκλησία

2108 3292 2283 3346 lorqu
2316 3292 2369 3345 in
2402 3289 2673 3357 Ecclesia,
2720 3299 2832 3344 tum
2860 3289 3108 3345 veritatis
3144 3290 3462 3359 praedicatio
3489 3292 3556 3345 ad
3588 3305 3697 3348 nos

425 3378 723 3451 παράδοσις
766 3378 860 3433 καὶ
903 3379 963 3432 τὸ
1001 3379 1101 3451 τῆς
1141 3379 1398 3451 ἀληθείας
1443 3382 1702 3453 κήρυγμα
1737 3384 2006 3454 κατήντη-

423 3484 522 3523 κεν
546 3471 625 3532 et;
652 3470 819 3540 ἡμᾶς.
856 3488 875 3521 ι

957 3563 1353 3619 ΚΕΦΑΛΑΙΟΝ
1387 3567 1460 3619 Ζ’.

435 3654 533 3721 Ὦς
558 3654 664 3725 καὶ
691 3653 867 3725 μέχρι
907 3654 1026 3710 τῶν
1061 3656 1195 3710 τότε
1231 3656 1453 3723 καιρῶν
1479 3653 1577 3711 διὰ
1610 3656 1727 3711 τῶν
1775 3659 2009 3714 πιστῶν

489 3721 1162 3851 ξέἴάμέιξένηργοῦντο
1187 3721 1512 3797 παράδοξοι
1544 3726 1687 3787 (Nic.
1719 3728 1794 3784 Η.
1833 3730 1898 3785 Ε.
1932 3745 2004 3798 tv,

564 3834 607 3866 ,.

495 3887 679 3942 Ταῦτα
697 3889 726 3942 ό
739 3889 1046 3960 Εἰρηναῖος,
1058 3887 1400 3955 ἀκουλοόθως
1415 3893 1535 3955 ταῖς
1550 3890 2008 3962 προδιεξοδευθεί-

427 3998 546 4045 σαις
568 3982 700 4052 ήμῖν
724 3981 1048 4053 ὑπογράψας
1075 3983 1339 4057 ἱστορίαις
1360 3982 1495 4054 (55),
1512 3987 1571 4038 ὲν
1598 3978 1679 4048 οἷς
1698 3984 2004 4057 ἐπέγραψε,

422 4074 583 4130 πέντε
611 4069 728 4130 οὖσι
746 4075 839 4130 τδν
869 4056 1122 4149 ἀριθμδνξ
1141 4077 1423 4147 Ἐλέγχου
1447 4078 1586 4146 (55⁸)
1620 4078 1718 4132 καὶ
1753 4056 2005 4149 arma-

421 4166 544 4236 πῆς
568 4166 1095 4238 τῆς-ψευδωνύμου
1116 4166 1416 4239 γνώσεως,
1446 4170 1503 4224 ὲν
1522 4169 1677 4223 δευτέ
1684 4188 1763 4243 ρῳ
1783 4171 1885 4242 τῆς
1909 4173 2007 4226 αὑ·-

410 4261 518 4333 ’τῆς
541 4260 870 4328 ὑποθέσεως,
899 4263 982 4317 ὅτι
1005 4263 1070 4331 δὴ
1103 4264 1196 4318 καὶ
1217 4265 1298 4328 είς
1313 4264 1477 4318 αὑτὸν
1512 4264 1885 4336 ὑποδείγματα
1902 4265 2004 4336 τῆς

422 4351 572 4428 θείας
610 4353 707 4407 καὶ
748 4353 1055 4426 παραδόξου
1089 4356 1372 4427 δυνάμεως
1401 4357 1461 4411 ὲν
1496 4356 1848 4427 Ἐκκλησίαις
1865 4358 2005 4411 τισὶν

421 4442 793 4508 ὑπολέλειπτο,
823 4443 911 4498 διὰ
931 4443 1135 4499 τούτων
1167 4444 1591 4515 ἐπισημαίνεται
1621 4444 1824 4514 λέγων·
1858 4464 1877 4496 ι
1902 4445 2005 4497 Το-

2107 3400 2277 3454 usque
2304 3383 2567 3454 pervenit.
2601 3401 2622 3437 ι

2706 3566 2937 3622 CAPUT
2982 3563 3089 3619 Vil.

2110 3664 2262 3730 Quod
2313 3665 2384 3717 ad
2427 3662 2522 3716 illa
2571 3676 2732 3731 usque
2782 3669 3015 3723 tempora
3064 3671 3156 3723 per
3202 3653 3384 3725 ﬁdeles
3429 3654 3696 3710 miracula

2714 3731 3065 3800 patrubautur

2183 3890 2306 3947 llrcc
2336 3890 2573 3945 lrcnzcus
2609 3887 2854 3943 breviter
2896 3886 3215 3956 perstrinxit
3246 3900 3309 3941 ac
3349 3883 3516 3940 veluti
3559 3884 3688 3939 deli-

2110 3986 2294 4039 neavit
2315 3985 2366 4037 in
2392 3983 2498 4037 illis
2528 3981 2769 4052 quinque
2803 3980 3134 4050 libris,quos
3161 3979 3234 4034 De
3264 3978 3418 4048 falsa:
3434 3966 3691 4032 doctrinm

2109 4074 2432 4144 refutatione
2487 4087 2551 4126 ac
2604 4071 2871 4124 eversione
2922 4068 3243 4138 inscripsit,
3301 4083 3421 4136 qua:
3468 4068 3688 4135 quidem

2108 4169 2267 4238 plane
2324 4164 2673 4222 consentiunt
2715 4179 2837 4218 cum
2898 4163 2962 4217 iis
3014 4178 3135 4233 qua:
3206 4162 3260 4216 in
3314 4161 3689 4231 superioribus

2108 4259 2350 4314 historiae
2376 4255 2745 4313 nostraelibris
2769 4255 3120 4309 tradidimus.
3147 4253 3204 4306 lu
3230 4254 3474 4308 secundo
3504 4261 3686 4305 autem

2107 4350 2347 4422 ejusdem
2375 4348 2555 4418 operis
2590 4346 2759 4410 libro,
2785 4346 2978 4400 divinae
3006 4344 3448 4410 admirandisque
3475 4341 3690 4395 virtutis

2107 4441 2406 4512 specimina
2441 4437 2618 4493 adhuc
2645 4451 2740 4491 sua
2783 4445 2944 4489 aetate
2979 4436 3031 4488 in
3066 4432 3390 4504 quibusdam
3424 4431 3690 4486 Ecclesiis

423 4535 611 4590 (τοῦτον
643 4536 699 4590 δὲ
731 4536 1016 4591 ἀποδέουσι
1042 4535 1137 4591 τοῦ
1160 4535 1353 4609 νεκρὸν
1373 4538 1606 4608 ἐγεῖραι,
1630 4537 1810 4602 καθὼς
1829 4539 1858 4591 ὁ
1886 4536 2002 4590 Κύ-

2109 4534 2445 4605 superfuisse
2484 4540 2720 4588 testatur
2756 4529 2842 4583 his
2874 4528 3061 4583 verbis
3099 4544 3113 4580 :
3153 4544 3172 4577 ι
3223 4523 3454 4580 Tantum
3494 4526 3686 4590 abest,

424 4648 541 4702 ριος
566 4630 753 4704 ἤγειρε
797 4631 890 4684 καὶ
934 4633 984 4685 οἱ
1017 4629 1307 4685 ἀπόστολοι
1340 4629 1428 4683 διὰ
1460 4630 1802 4700 προσευχῆς,
1828 4629 1922 4683 καὶ
1973 4632 2005 4682 ὲε

2105 4629 2298 4697 inquit,
2325 4636 2384 4680 ut
2414 4635 2686 4679 mortuum
2705 4622 2942 4677 excitent
2961 4636 3058 4691 per
3076 4620 3405 4685 orationem,
3424 4619 3688 4688 quemad-

420 4726 487 4796 τῇ
526 4724 846 4796 ἀδελφότητι
888 4723 1147 4787 πολλάκις
1181 4722 1332 4794 (56),
1361 4721 1451 4777 διὰ
1482 4725 1543 4776 τὸ
1588 4723 1884 4791 ἀναγκαῖον
1908 4721 2009 4790 τῆς

422 4839 575 4892 furor
619 4836 1010 4908 deferbuisset,
1053 4848 1108 4893 et
1160 4838 1419 4901 lrenmus,
1445 4838 1533 4908 qui
1569 4838 1794 4891 Romam
1835 4853 1865 4891 a
1893 4838 1999 4892 Po-

423 4910 573 4964 thino
603 4918 658 4961 et
689 4923 716 4960 a
747 4906 1090 4977 Lngdunensi
1144 4908 1386 4963 Ecclesia
1423 4906 1621 4963 missus
1656 4908 1862 4970 fuerat,
1904 4910 2002 4963 do-

422 4995 577 5032 mum
616 4992 868 5031 reversns
906 4988 1073 5032 esset.
1113 4978 1221 5033 Sed
1265 4994 1364 5032 nos
1400 4994 1560 5047 supra
1613 4994 1726 5031 nou
1772 4979 2002 5033 infirmis

422 5049 723 5103 rationibus
779 5047 1309 5113 demonstravimus,
1360 5049 1619 5104 Irenaeum
1673 5048 1997 5116 legationem

421 5119 569 5172 illam
602 5133 706 5172 non
737 5117 957 5173 ohiisse.
1000 5116 1190 5186 Itaque
1227 5117 1358 5171 nihil
1383 5117 1496 5186 jam
1525 5126 1673 5172 vetat
1712 5121 2001 5183 quominus

420 5186 617 5243 lreuazi-
653 5188 927 5241 ordinatio
959 5188 1009 5241 in
1051 5188 1299 5241 eumdem
1343 5203 1544 5242 annum
1588 5202 1695 5258 quo
1735 5188 2000 5244 Pothinus

420 5268 503 5313 est
537 5265 797 5320 mortuus,
827 5258 1165 5311 conferatur.

491 5327 602 5398 (56)
647 5325 928 5398 Τῇ-αὺτῇ
967 5326 1206 5397 διδαχῇ.
1256 5327 1347 5383 Sic
1382 5327 1584 5398 habent
1623 5328 1797 5384 etiam.
1824 5329 1996 5384 nostri

421 5395 654 5470 codices.
699 5395 879 5451 Malim
916 5395 1367 5470 tamensmihere
1394 5397 1646 5470 διαδοχῇ,
1688 5415 1812 5470 cum
1841 5399 2002 5454 Chri-

420 5469 783 5540 stOpliorsono
827 5477 883 5523 et
933 5469 1159 5535 Savilio,
1189 5479 1245 5523 et
1292 5484 1417 5524 cum
1470 5469 1638 5523 veteri
1698 5469 1998 5540 interprete

418 5535 624 5593 irenmi.

493 5606 608 5675 (55)
661 5606 1048 5678 ’Υπογράψας
1073 5608 1384 5676 ἱστορίαις.
1417 5605 1585 5675 Hujus
1625 5608 1779 5663 verbi
1803 5609 1910 5662 vim
1933 5623 1999 5663 ac

461 5678 805 5746 roprietatem
874 5694 979 5731 non
1025 5679 1158 5732 satis
1211 5689 1593 5746 expresserunt
1645 5679 1993 5746 interpretes.

476 5744 697 5817 uscufus
717 5747 861 5817 enim
909 5748 1074 5802 vertit
1121 5744 1364 5815 subjecit,
1412 5748 1553 5814 quod
1591 5757 1681 5803 est
1722 5744 2002 5817 ineptissis-

416 5829 600 5876 mum:
633 5815 1150 5887 Christophorsoous
1172 5833 1270 5880 pro
1306 5817 1538 5890 simplici
1576 5815 2002 5895 verboaccepit,

2117 4718 2335 4774 modum
2392 4715 2653 4769 Dominus
2704 4722 2759 4769 et
2818 4712 3047 4783 apostoli
3098 4710 3369 4767 fecerunt.
3435 4711 3543 4766 Sed
3629 4720 3686 4766 et

2106 4837 2306 4891 Verum
2330 4829 2894 4906 orto-{pdcpatvaliqnid
2921 4827 3151 4906 amplius
3174 4827 3467 4906 signiﬁcat,
3494 4842 3687 4906 nempe

2104 4907 2370 4959 deliueare
2409 4899 2845 4958 et'adumbrare.
2889 4899 3203 4967 metaphora
3248 4899 3408 4950 ducta
3442 4914 3470 4950 a
3515 4899 3690 4967 picto-

2105 4976 2274 5030 ribus.
2314 4974 2497 5030 l’ossis
2540 4974 2702 5027 etiam
2755 4971 3097 5038 interpretari
3145 4968 3492 5034 subscribere,
3542 4969 3687 5039 quod

2106 5046 2246 5101 idem
2273 5055 2356 5099 est
2390 5062 2451 5095 ar
2480 5041 2775 5097 consentire
2796 5050 2848 5095 et
2879 5040 3187 5108 suffragari.

2176 5114 2312 5185 (55')
2347 5116 2670 5185 Ἔλεγχοι).
2709 5106 2968 5180 Intellige‘
2987 5106 3144 5181 quasi
3183 5106 3445 5177 scriptum
3500 5120 3685 5177 esset,

2095 5188 2161 5242 τὰ
2199 5183 2301 5240 τοῦ
2324 5185 2567 5255 ἐλέγχου.
2604 5183 2766 5255 Ent'r_.

2175 5255 2295 5327 (56)
2346 5245 2683 5327 adiiciam.
2721 5250 2926 5327 Toxlus
2978 5250 3264 5327 vulgatus,
3297 5245 3502 5327 fonto!
3551 5247 3686 5302 πολ-

2101 5316 2289 5388 metu:
2316 5327 2468 5392 Apud
2502 5316 2865 5389 Nicephorum
2896 5322 2946 5374 in
2983 5316 3181 5392 Iihftv,
3219 5335 3271 5372 c.
3291 5316 3378 5392 ιο,
3408 5320 3556 5372 deest
3577 5335 3682 5392 vos

2101 5387 2303 5459 πολλοί,
2339 5387 2499 5462 quam
2532 5387 2647 5462 nec
2680 5400 2834 5445 vetus
2867 5392 3132 5462 interpres
3168 5388 3387 5453 ιτα-ηυξ,
3435 5403 3533 5442 nec
3577 5387 3687 5440 Itu-

2104 5469 2245 5518 linus
2275 5460 2538 5534 agnoscit.
2585 5461 2768 5534 Itaque
2798 5460 3170 5534 expungenda
3200 5468 3317 5534 est,
3348 5466 3552 5534 utpote_
3565 5473 3687 5534 gnte

2103 5525 2339 5590 seusnui'
2382 5532 2582 5586 turbet.
2627 5525 2791 5584 Paulo
2837 5525 3002 5599 post;
3027 5528 3115 5582 ubi
3153 5527 3437 5599 legebatur
3470 5541 3491 5599 _:
3530 5525 3687 5599 Μετὰ

2101 5604 2357 5677 νηστείας
2386 5601 2585 5677 πολλῆς
2630 5601 2722 5654 καὶ
2758 5593 3001 5677 ἀγνείας,
3038 5598 3371 5677 restituimus
3399 5593 3495 5648 καὶ
3532 5593 3682 5677 λιτα-

2105 5665 2274 5738 νέίας.
2313 5665 2370 5727 ut
2416 5665 2611 5746 legitur
2643 5674 2782 5746 apud
2807 5665 3218 5746 Nicephorum;
3261 5673 3322 5746 et
3356 5665 3415 5746 in
3453 5672 3687 5746 quatuor

2108 5731 2314 5801 nostris
2368 5731 2644 5797 codicibus
2681 5731 2888 5801 "Mazu
2947 5731 3126 5795 Med..
3180 5731 3318 5786 Fuk.
3369 5742 3424 5787 et
3480 5733 3685 5801 Savil.,

2111 5799 2308 5889 quibus
2332 5812 2630 5871 subscribit
2645 5820 2796 5868 vetus
2819 5799 3083 5878 interpres
3104 5804 3292 5867 Irenaei
3317 5812 3371 5859 et
3392 5799 3652 5858 Ruﬁnus.
3672 5848 3695 5868 ,
