4198 6402
439 315 545 373 449
1466 324 1812 383 ΙΠΞΤΟΒιᾸΞ
1852 328 1997 385 ECCI

2091 328 2411 388 SIASTICAE
2455 333 2517 389 LI
2529 336 2591 391 B.
2634 337 2700 395 γ.
3597 349 3702 404 450

438 431 571 505 φέρι
600 435 695 488 καὶ
726 432 823 499 τὰς
851 433 1013 488 αὕτοῦ
1047 428 1417 510 παραδώμεθα
1441 439 1614 508 λέξεις
1636 483 1651 507 ,
1681 443 1775 497 καὶ
1797 443 1997 515 πρώτα.

2091 448 2309 512 ,νρτὺιῃ
2357 449 2402 503 si
2438 450 2640 520 placet,
2676 468 3028 524 apponamus,
3075 472 3139 513 ac
3187 458 3420 529 primum
3478 465 3696 533 quidem

434 544 499 598 γε
530 525 628 590 τὰς
650 527 778 598 περὶ
807 526 914 582 τῶν
959 528 1119 601 ἱερῶν
1154 530 1520 601 Εὑαγγελίων,
1551 533 1724 598 οὕτως
1755 535 1984 605 ἐχούσας

2121 553 2242 608 qum
2285 540 2351 594 de
2388 541 2556 596 sacris
2595 542 2900 617 Evangeliis
2937 551 3126 605 scribit
3158 551 3213 605 in
3250 551 3395 608 hunc
3430 558 3644 613 modum
3677 577 3691 614 :

438 640 459 676 ι
480 621 539 676 Ὀ
568 622 664 692 μὲν
689 621 753 693 δὴ
773 620 1044 682 Ματθαίος
1066 623 1125 676 ἐν
1148 625 1261 687 τοῖς
1296 623 1568 695 Ἑϐραίοις
1600 628 1664 697 τῇ
1704 626 1810 698 ἰδίᾳ
1837 627 1997 681 αὑτῶε

2126 646 2145 679 ι
2180 627 2463 686 Μοιιιιαιυε
2487 673 2502 698 ,
2539 633 2748 704 inquit,
2790 641 2929 709 apud
2963 639 3218 698 llebrmos
3255 646 3473 714 propria
3506 663 3693 704 eorum

430 713 699 785 διαλέκτῳ
755 714 848 767 καὶ
915 713 1130 787 γραφὴν
1179 714 1469 789 ἐξήνεγκεν
1522 717 1891 786 Εὑαγγελίου,
1923 720 1997 773 τοί

2120 720 2298 790 lingua
2334 727 2705 799 conscriptum
2741 728 3089 798 Evangelium
3121 735 3324 803 edidit,
3350 713 3475 792 dum
3504 738 3696 797 Petrus

429 806 638 876 Πέτρου
683 806 777 860 καὶ
816 803 909 860 τοῦ
940 806 1155 862 Παύλου
1202 809 1259 862 ἐν
1298 807 1488 881 Ῥώμῃ
1512 810 2014 884 εὐαγγελιζομένων

427 900 523 955 καὶ
553 897 945 968 θεμελιούντων
971 901 1070 971 τὴν
1107 899 1450 974 Ἐκκλησίαν.
1481 902 1634 956 Μετὰ
1659 902 1716 955 δὲ
1757 903 1857 976 τὴν
1890 903 2016 958 τού-

426 1007 532 1044 των
580 989 755 1058 ἐξοδον
787 989 923 1062 (60),
976 990 1202 1064 Μάρκος
1250 993 1278 1047 6
1329 991 1578 1064 μαθητὴς
1620 994 1713 1047 καὶ
1748 996 2016 1069 ἑρμηνευ-

423 1081 522 1152 τὴς
573 1081 800 1154 Πέτρου,
856 1082 950 1137 καὶ
993 1082 1156 1147 αὐτὸς
1197 1082 1268 1138 τὰ
1327 1084 1431 1137 ὑπὸ
1472 1086 1682 1158 Πέτρου
1744 1088 2015 1160 κηρυσσόι

427 1190 584 1244 μενα,
632 1172 924 1246 ἐγγράφως
978 1176 1109 1246 ἡμῖν
1136 1175 1487 1247 παραδέδωκε
1508 1216 1523 1241 ,
1574 1179 1667 1232 καὶ
1694 1180 1908 1245 Λουκᾶς
1956 1181 2013 1236 δέ

421 1268 450 1321 6
492 1266 784 1333 ἀκόλουθος
832 1267 1068 1332 Παύλου,
1114 1270 1175 1323 τὸ
1223 1270 1312 1324 ὑπ’
1346 1269 1555 1324 ἐκείνου
1607 1273 2013 1344 κηρυσσόμενον

422 1361 773 1430 Εὐαγγέλιον,
816 1362 872 1415 ἐν
911 1360 1100 1432 βιϐλίῳ
1142 1362 1421 1418 κατέθετο.
1472 1364 1705 1419 Ἔπειτα
1756 1365 2012 1437 Ἰωάννης

421 1455 451 1507 6
496 1453 741 1526 μαθητὴς
790 1453 882 1509 τοῦ
924 1456 1163 1528 Κυρίου,
1209 1458 1237 1510 6
1287 1456 1383 1510 καὶ
1411 1457 1503 1510 ἐπὶ
1551 1458 1613 1510 τὸ
1670 1458 1864 1531 στῆθος
1914 1461 2012 1514 αὑ-

423 1544 517 1598 τοῦ
554 1544 859 1610 ἀναπεσὼν,
886 1548 981 1601 καὶ
1011 1546 1173 1612 αὐτὸς
1217 1547 1446 1613 ἐξέδωκε
1472 1548 1533 1602 τὸ
1563 1550 1916 1619 Εὑαγγέλιον,
1945 1554 2006 1605 ἐν

434 1632 641 1705 Ἐφέσῳ
677 1635 778 1706 τῆς
820 1637 1003 1702 Ἀσίας
1046 1637 1355 1710 διατρίϐων.
1393 1655 1412 1691 ι
1470 1641 1654 1695 Ταῦτα
1685 1642 1786 1714 μὲν
1816 1638 1910 1697 οὖν
1950 1645 2007 1698 ἐν

2084 862 2087 867 ,
2121 827 2182 867 ac
2209 812 2612 872 ΡειυιυδΒοτιιαι
2629 819 2902 875 Christum
2934 825 3313 894 praedicarent,
3346 837 3402 883 et
3433 830 3693 888 Ecclesiae

2127 904 2476 962 fundamenta
2514 908 2787 977 jacerent.
2824 911 2957 969 Post
3002 914 3196 970 borum
3238 933 3371 975 vero
3413 921 3692 978 interitum

2118 994 2332 1052 Marcus
2394 999 2695 1071 discipulus
2746 1015 2909 1074 atque
2954 1004 3228 1077 interpres
3276 1009 3463 1081 Petri,
3505 1028 3626 1082 qua:
3661 1029 3694 1069 a

2116 1085 2280 1143 Petro
2307 1091 2602 1160 prmdicata
2645 1092 2898 1162 fuerant,
2929 1103 3230 1170 perscripta
3260 1103 3418 1159 nobis
3448 1105 3689 1161 tradidit.

2115 1178 2290 1237 Lucas
2315 1197 2554 1254 quoque,
2600 1197 2841 1243 seetator
2870 1188 3057 1257 Pauli,
3086 1192 3434 1266 Evangelium
3467 1211 3495 1251 a
3524 1194 3692 1251 Paulo

2115 1277 2466 1342 praedicatum
2493 1279 2689 1336 litteris
2714 1285 3010 1342 mandavit.
3037 1286 3274 1345 Joannes
3299 1291 3555 1360 denique,
3584 1292 3691 1347 Do-

2119 1367 2250 1422 mini
2277 1368 2574 1440 discipulus
2596 1412 2610 1436 ,
2644 1374 2735 1441 qui
2765 1374 2927 1428 etiam
2957 1376 3009 1430 in
3039 1377 3156 1449 ejus
3187 1379 3308 1435 sinu
3339 1383 3685 1451 recubuerat,

2115 1456 2461 1529 Evangelium
2478 1462 2665 1527 edidit,
2698 1479 2820 1519 cum
2861 1464 3057 1536 Ephesi
3085 1469 3139 1522 in
3167 1468 3293 1524 Asia
3326 1482 3683 1526 moraretur.»

2114 1548 2237 1604 llaec
2269 1549 2358 1605 ille
2406 1550 2457 1605 in
2510 1553 2672 1609 tertio
2727 1556 3022 1625 supradicti
3068 1560 3253 1629 operis
3300 1560 3477 1629 libro,
3531 1564 3690 1634 cujus

2110 1650 2271 1695 antea
2317 1643 2647 1700 mentionem
2697 1644 2946 1703 fecimus.
3010 1649 3066 1704 ln
3126 1652 3318 1721 quinto
3378 1669 3553 1721 vero,
3619 1658 3688 1710 de

418 1729 586 1800 τρίτῳ
614 1731 712 1801 τῆς
739 1731 858 1804 είρη
868 1731 1035 1803 μένης
1062 1732 1369 1797 ὑποθέσεως
1397 1733 1474 1805 τῷ
1506 1734 1905 1807 προδηλωθέντι
1929 1734 1997 1788 εί-

2114 1732 2462 1790 ltevelatione
2511 1735 2738 1794 Joannis
2776 1750 2831 1796 et
2877 1742 2942 1796 de
2991 1744 3397 1813 computatione
3430 1749 3686 1813 nominis

422 1836 606 1892 ρηται.
649 1822 735 1875 Ἐν
777 1823 834 1876 δὲ
863 1823 941 1894 τῷ
973 1823 1207 1895 πέμπτῳ
1249 1826 1504 1897 περὶτῆς
1547 1827 1793 1880 Ἰωάννου
1839 1828 1997 1881 Ἀπο-

2108 1824 2427 1881 Antichristi
2469 1828 2550 1882 sic
2593 1830 2819 1887 disserit
2856 1848 2871 1888 ;
2927 1853 2945 1887 ι
2998 1806 3132 1889 Cum
3161 1836 3326 1906 igitur
3367 1812 3483 1895 haec
3511 1841 3582 1895 ita
3623 1859 3684 1897 se

420 1911 727 1983 καλύψεως,
770 1914 864 1968 καὶ
879 1914 980 1985 τῆς
1008 1913 1187 1987 ψήφου
1216 1916 1316 1986 τῆς
1332 1915 1426 1969 τοῦ
1444 1917 1807 1991 Ἀντιχρίστου
1832 1937 2000 1991 προσ-

416 2004 646 2075 ηγορίας
677 2002 819 2059 οὕτω
860 2004 1210 2077 διαλαμϐάνει
1231 2022 1244 2033 ·
1275 2023 1294 2057 ι
1322 2006 1541 2061 Τούτων
1568 2007 1625 2062 δὲ
1647 2007 1821 2074 οὕτως
1847 2010 1997 2081 ἐχόν-

418 2111 547 2160 των,
572 2096 665 2149 καὶ
689 2098 746 2150 ἐν
768 2098 904 2150 πᾶσι
928 2096 985 2151 δὲ
1012 2100 1124 2163 τοῖς
1153 2096 1461 2164 σπουδαίοις
1492 2099 1586 2154 καὶ
1628 2100 1875 2173 ἀρχαίοις
1904 2103 1998 2155 άν-

417 2188 699 2260 τιγράφοις
729 2189 824 2244 τοῦ
852 2189 1085 2263 ἀριθμοῦ
1116 2190 1308 2245 τούτου
1340 2190 1592 2263 κειμένου
1612 2233 1627 2259 ,
1661 2194 1757 2247 καὶ
1792 2211 1997 2267 μαρτυ-

419 2277 652 2348 ρούντων
688 2280 866 2334 αὐτῶν
911 2282 1134 2336 ἐκείνων
1161 2282 1270 2337 τῶν
1308 2285 1428 2337 κατ’
1457 2283 1580 2354 όψιν
1608 2285 1700 2340 τὸν
1739 2285 1993 2358 Ἰωάννην

414 2368 756 2442 ἑωρακότων,
790 2372 885 2427 καὶ
925 2373 1017 2427 τοῦ
1069 2373 1226 2444 λόγου
1274 2374 1617 2442 διδάσκοντος
1669 2379 1817 2449 ἡμᾶς
1850 2380 1934 2433 ὅτι
1963 2381 1993 2434 6

413 2460 644 2533 ἀριθμὸς
673 2462 766 2517 τοῦ
798 2464 1060 2536 ὀνόματος
1079 2465 1173 2519 τοῦ
1210 2465 1399 2539 Θηρίου
1431 2468 1573 2523 κατὰ
1598 2469 1696 2541 τὴν
1724 2469 1833 2523 τῶν
1874 2459 1992 2523 Ἐ’λ-

413 2549 588 2623 λήνων
615 2553 793 2625 ψῆφον
823 2554 912 2609 διὰ
940 2555 1049 2610 τῶν
1076 2558 1137 2612 ἐν
1176 2558 1324 2628 αὑτῴ
1350 2559 1693 2631 γραμμάτων
1733 2561 1995 2633 ἐμφαίνε-

412 2664 520 2701 ται.
578 2667 598 2699 ι
644 2650 753 2703 Καὶ
794 2649 1143 2715 ὑποκαταϐὰς
1199 2652 1329 2725 περὶ
1377 2652 1474 2706 τοῦ
1523 2653 1688 2709 αὐτοῦ
1752 2654 1988 2723 φάσκει·

419 2757 436 2790 ι
485 2739 672 2811 Ἡμεῖς
703 2736 796 2795 οὖν
821 2743 920 2796 οὐκ
947 2743 1433 2816 ἁποκινδυνεύομεν
1457 2745 1702 2818 περὶτοῦ
1730 2747 1993 2819 ὀνόματος

411 2832 501 2886 τοῦ
534 2834 899 2905 ’Δντιχρίστου
931 2835 1353 2909 ἀποφαινόμενοι
1379 2836 1766 2908 βεϐαιωτικῶς.
1799 2840 1862 2891 Εἰ
1883 2838 1990 2912 γὰρ

412 2921 515 2975 ἔδει
553 2922 854 2992 ἀναφανδὸν
902 2925 980 2995 τῷ
1006 2926 1100 2980 νῦν
1137 2926 1314 3000 καιρῷ
1357 2927 1725 3000 κηρύττεσθαι
1753 2928 1990 3000 τοῦνομα

412 3010 678 3075 αὐτοῦ,δι’
700 3013 908 3067 ἐκείνου
939 3015 1004 3069 ἂν
1032 3015 1230 3088 ἐρρέθη
1250 3015 1344 3070 τοῦ
1375 3018 1471 3071 καὶ
1495 3017 1595 3089 τὴν
1622 3018 2017 3088 Ἀποκάλυψιν-

411 3103 714 3172 ἑωρακότος
739 3122 752 3136 ’
798 3105 919 3160 οὐδὲ
963 3105 1071 3179 γὰρ
1118 3108 1226 3180 πρὸ
1270 3107 1466 3163 πολλοῦ
1514 3111 1704 3182 χρόνου
1745 3110 2015 3184 ἑωράθη,’

411 3195 550 3249 ἀλλὰ
571 3196 756 3267 σχεδὸν
784 3197 877 3250 ἐπὶ
904 3197 1006 3268 τῆς
1035 3200 1309 3271 ἡμετέρας
1336 3203 1549 3271 γενεᾶς,
1576 3203 1715 3275 πρὸς
1739 3203 1817 3275 τῷ
1846 3203 1988 3257 τέλει

409 3286 507 3357 τῆς
532 3286 859 3358 Δομετιανοῦ
886 3288 1079 3361 ἀρχῆς.
1121 3307 1140 3340 ι
1172 3288 1356 3345 Ταῦτα
1389 3292 1484 3346 καὶ
1525 3292 1656 3364 περὶ
1693 3293 1790 3364 τῆς
1835 3292 1992 3346 Ἀπο-

410 3379 691 3450 καλύψεως
734 3380 1011 3452 ἱστόρηται
1050 3380 1128 3452 τῷ
1178 3382 1551 3457 δεδηλωμένῳ.
1601 3385 1889 3457 Μέμνηται
1934 3386 1992 3440 δὲ

409 3473 505 3525 καὶ
521 3471 619 3541 τῆς
650 3470 893 3525 Ἰωάννου
921 3471 1143 3543 πρώτης
1168 3475 1475 3545 ἐπιστολῆς,
1506 3477 1778 3547 μαρτύρια
1807 3475 1867 3541 ἐξ
1897 3478 1992 3530 αὐ-

410 3563 506 3632 τῆς
529 3561 750 3616 πλεῖστα
770 3564 1063 3636 εἰσφέρωνο
1078 3565 1277 3635 ὁμοίως
1297 3565 1355 3618 δὲ
1384 3568 1477 3620 καὶ
1495 3569 1595 3638 τῆς
1626 3568 1834 3639 Πέτρου
1862 3586 1990 3639 προ-

409 3652 592 3724 τέρας.
621 3654 695 3707 Οὐ
716 3654 872 3725 μόνον
885 3654 940 3708 δὲ
951 3651 1089 3709 οἶδεν
1109 3695 1124 3720 ,
1144 3656 1278 3715 ἀλλὰ
1298 3659 1391 3711 καὶ
1420 3657 1747 3730 ἀποδέχεται
1767 3659 1865 3731 τὴν
1890 3660 1984 3713 τοῦ

408 3741 698 3812 Ποιμένος
719 3745 954 3818 γραφὴν,
973 3747 1145 3816 λέγων
1159 3764 1183 3793 ⁸.
1197 3744 1423 3815 «Καλῶς
1444 3745 1538 3806 οὖν
1563 3747 1717 3805 εἶπεν
1743 3753 1775 3823 ἡ
1797 3753 1984 3825 γραφὴ

407 3835 687 3906 ήλέγουσα
705 3839 971 3910 ’Πρῶτον
1000 3840 1215 3895 πάντων
1233 3842 1520 3898 πίστευσον
1556 3839 1741 3908 61tng
1776 3846 1923 3899 ἐστιν
1952 3849 1982 3900 6

406 3933 558 4000 θεὸς,
576 3935 606 3987 ὀ
620 3934 686 3989 τὰ
701 3937 877 3989 πάντα
903 3935 1093 4000 κτίσας
1116 3936 1208 3990 καὶ
1230 3938 1586 4008 καταρτίσας,
1599 3955 1616 3987 ι
1638 3936 1813 3991 καὶτὰ
1832 3934 1976 4010 ἑξῆς.

405 4026 517 4080 Καὶ
544 4028 725 4099 ῥητοῖς
747 4027 805 4081 δέ
827 4045 965 4081 τισιν
984 4030 1048 4082 ἐκ
1066 4029 1166 4100 τῆς
1188 4028 1529 4101 Σολομῶντος
1548 4031 1772 4098 Σοφίας
1793 4030 1987 4102 κέχρη-

404 4133 515 4184 ται,
549 4121 830 4192 μονονουχὶ
865 4123 1089 4190 φάσκων
1131 4119 1544 4193 (61)·ιὌρασις
1578 4121 1635 4175 δὲ
1666 4122 1801 4176 Θεοῦ
1832 4140 1985 4195 περιο

405 4209 661 4282 ποιητικὴ
712 4210 1018 4285 ἀφθαρσίας
1041 4230 1054 4244 ·
1089 4212 1365 4286 ἁφθαρσία
1396 4213 1452 4266 δὲ
1478 4214 1644 4282 ἐγγὺς
1674 4209 1812 4267 εἶναι
1841 4217 1985 4268 ποιεῖ

403 4301 562 4358 Θεοῦ.
601 4323 620 4358 ι
641 4305 751 4359 Καὶ
787 4306 1369 4380 ἀπομνημονευμάτων
1397 4304 1510 4379 (62)
1532 4306 1588 4360 δὲ
1619 4305 1979 4361 ἀποστολικοῦ

2106 1915 2343 1972 habeant
2361 1957 2376 1982 ,
2400 1928 2453 1972 et
2482 1919 2534 1973 in
2572 1923 2825 1978 omnibus
2851 1925 3038 1993 probis
3062 1941 3127 1980 ac
3161 1929 3385 1984 vetustis
3406 1931 3683 2000 exempla-

2107 2010 2255 2066 ribus
2289 2011 2446 2087 173
2484 2028 2745 2070 numerus
2788 2016 2877 2072 hic
2919 2029 3136 2088 exstet,
3164 2031 3218 2078 et
3250 2024 3348 2093 ipsi
3391 2025 3482 2092 qui
3511 2022 3681 2079 Joan-

2105 2117 2228 2156 nem
2253 2102 2507 2158 viderunt
2536 2103 2694 2160 ﬁdem
2734 2106 2976 2176 faciant,
3010 2111 3122 2179 ipsa
3151 2111 3385 2182 denique
3409 2114 3550 2169 ratio
3582 2131 3678 2170 nos

2104 2192 2316 2258 doceat,
2350 2208 2633 2249 numerum
2653 2198 2889 2254 nominis
2916 2199 3097 2255 bestiae
3119 2200 3276 2272 juxta
3315 2204 3668 2273 computatio-

2102 2299 2225 2340 nem
2247 2284 2582 2354 Graecorum,
2606 2287 3002 2359 litterisinipso
3036 2292 3307 2355 contentis
3321 2294 3610 2351 declarari.
3650 2316 3672 2351 ο

2102 2375 2167 2431 Et
2188 2376 2463 2446 aliquanto
2494 2389 2615 2446 post
2637 2379 2753 2434 haec
2770 2379 2837 2434 de
2858 2381 3045 2437 eodem
3074 2382 3281 2440 Joanne
3308 2387 3467 2442 dicit:
3514 2402 3533 2437 ι
3569 2386 3677 2441 Nos

2102 2482 2233 2524 vero
2267 2468 2335 2524 de
2373 2469 2693 2527 Antichristi
2751 2472 2972 2527 nomine
3021 2482 3226 2533 temere
3262 2494 3326 2532 ac
3373 2479 3678 2549 periculose

2099 2560 2398 2630 quidquam
2437 2560 2711 2617 aﬂirmare
2760 2567 3035 2619 nolumus.
3067 2566 3201 2623 Nam
3232 2570 3276 2623 si
3304 2571 3427 2625 huic
3471 2574 3677 2627 saeculo

2099 2665 2297 2706 nomen
2331 2650 2477 2706 illius
2507 2653 2794 2708 manifeste
2825 2657 3181 2712 nuntiandum
3225 2657 3452 2726 fuisset,
3481 2662 3551 2718 ab
3583 2662 3677 2718 illo

2100 2742 2292 2811 utique
2336 2757 2657 2813 expressum
2710 2756 2858 2803 esset
2912 2749 3005 2817 qui
3050 2748 3458 2807 Revelationem
3513 2754 3671 2809 vidit.

2098 2832 2283 2903 Neque
2321 2836 2464 2890 enim
2491 2835 2692 2891 dudum
2714 2879 2728 2901 ,
2757 2839 2850 2895 sed
2893 2851 3079 2896 nostra
3116 2856 3252 2915 pene
3292 2846 3551 2902 memoria
3575 2847 3677 2903 sub

2096 2927 2303 2982 exitum
2337 2927 2554 3001 imperii
2586 2928 2879 2986 Domitiani
2923 2932 3037 2987 visa
3084 2947 3170 2991 est
3206 2935 3509 2993 Revelatio.
3550 2937 3677 2993 Ηυτο

2096 3018 2188 3074 ille
2228 3019 2296 3075 de
2341 3019 2695 3077 Revelatione
2727 3025 2913 3079 tradit.
2959 3026 3155 3081 Prima:
3192 3042 3410 3098 quoque
3450 3026 3677 3083 Joannis

2095 3101 2338 3173 epistola:
2384 3105 2715 3161 mentionem
2778 3108 2947 3178 facit,
2988 3110 3156 3163 multa
3183 3125 3248 3164 ex
3280 3126 3343 3164 ea
3385 3113 3675 3182 proferens

2101 3195 2451 3263 testimonia;
2498 3206 2553 3253 et
2595 3198 2795 3268 prioris
2842 3200 2973 3256 item
3020 3199 3191 3254 Petri.
3241 3200 3406 3256 Liber
3455 3217 3673 3273 quoque

2105 3285 2346 3343 Pastoris
2408 3304 2515 3344 non
2551 3292 2729 3345 solum
2788 3290 2857 3347 ab
2911 3308 2977 3347 eo
3034 3294 3314 3361 cognitus,
3368 3295 3460 3347 se‘d
3506 3295 3670 3349 etiam

2101 3393 2427 3451 magnopere
2463 3381 2795 3451 approbatus
2822 3393 2904 3437 est
2933 3384 3018 3438 his
3047 3384 3232 3438 verbis
3257 3401 3269 3437 :
3311 3401 3330 3435 ι
3356 3382 3524 3438 Recte
3588 3383 3673 3437 in-

2100 3475 2217 3543 quit
2263 3473 2533 3543 scriptura
2564 3490 2685 3544 qua:
2718 3476 2852 3531 dicit
2883 3492 2897 3529 :
2937 3476 3080 3530 Ante
3101 3475 3281 3531 omnia
3317 3476 3478 3531 crede
3503 3489 3668 3528 unum

2095 3582 2216 3622 esse
2240 3568 2427 3631 Deum,
2455 3568 2544 3636 qui
2570 3575 2766 3621 cuncta
2790 3567 3022 3635 creavit,
3040 3578 3095 3624 et
3128 3568 3369 3622 numeris
3418 3567 3672 3621 omnibus

2095 3657 2342 3712 absoluta
2375 3657 2620 3727 digessit,
2657 3679 2677 3713 ι
2709 3669 2764 3714 et
2814 3667 3037 3714 caetera.
3083 3658 3267 3715 Utitur
3312 3659 3477 3714 etiam
3548 3673 3671 3712 sen-

2094 3746 2280 3799 tentiis
2326 3759 2391 3801 ex
2465 3746 2778 3804 Salomonis
2832 3747 3111 3819 Sapientia
3168 3748 3537 3819 depromptis,
3589 3746 3661 3800 ita

2090 3837 2206 3893 fere
2264 3840 2496 3897 dicens:
2540 3859 2562 3893 σ
2611 3841 2764 3898 Visio
2809 3841 2904 3898 Dei
2957 3843 3102 3912 parit
3150 3841 3613 3911 incorruptionem
3650 3857 3664 3893 :

2095 3930 2435 4003 incorruptio
2477 3943 2658 3990 autem
2700 3936 2978 4007 proximos
3027 3934 3137 3989 Deo
3192 3933 3349 3989 facit.
3384 3952 3427 4013 »ι
3455 3933 3562 3989 Sed
3613 3945 3669 3989 et

2092 4024 2374 4092 apostolici
2391 4026 2669 4093 cujdsdam
2684 4027 3017 4100 presbyteri,
3032 4042 3100 4082 cu
3107 4028 3121 4096 j
3129 4042 3191 4082 us
3208 4042 3405 4083 nomen
3428 4029 3668 4091 reticuit,

2091 4115 2233 4170 dicta
2272 4128 2700 4188 commemorat,
2727 4130 2783 4175 et
2806 4120 3049 4191 ejusdem
3074 4118 3461 4189 expositiones»
3482 4133 3669 4174 sacra-

2092 4222 2211 4261 rum
2252 4208 2657 4280 Scripturarum
2702 4212 2942 4267 adducit.
2981 4209 3252 4268 Praeterea
3281 4206 3481 4264 Justini
3526 4223 3668 4264 mar-

2092 4299 2226 4371 tyris
2253 4309 2307 4356 et
2338 4300 2529 4373 lgnatii
2561 4304 2898 4359 mentionem
2926 4302 3084 4369 facit,
3117 4316 3186 4357 ex
3214 4316 3403 4357 eorum
3446 4302 3666 4370 scriptis

476 4421 589 4500 (60)
624 4421 785 4500 λίστᾲ
819 4422 1047 4500 δὲ-τὴν
1091 4425 1319 4500 τούτων
1361 4425 1610 4500 ξξοδογη
1647 4426 1842 4500 Nescio
1869 4440 1973 4495 qua

2091 4423 2219 4479 libro
2253 4438 2306 4478 tv
2341 4418 2542 4500 Contra
2593 4420 2846 4500 literas-es,
2882 4436 3006 4490 cap.
3025 4420 3127 4500 ξολ,
3170 4418 3470 4500 θεᾲριξυιο
3505 4419 3666 4476 aliter

406 4492 620 4549 ratione
649 4492 1171 4563 Christophorsonus
1206 4497 1349 4551 hunc
1375 4495 1563 4552 lrenaei
1598 4497 1774 4551 locum
1807 4492 1973 4551 inter-

405 4564 639 4633 polarit,
685 4573 738 4619 et
778 4580 876 4633 pro
918 4564 1132 4635 vulgata
1180 4565 1447 4631 lectione,
1511 4581 1671 4635 quam
1729 4566 1969 4620 omnium

405 4635 649 4689 codicum
713 4648 1028 4700 consensus,
1063 4646 1117 4690 et
1155 4635 1334 4690 Ruﬁni
1379 4637 1677 4691 auctoritas
1717 4646 1978 4702 vetusque

406 4705 673 4773 interpres
707 4703 894 4759 lrentei
937 4704 1284 4768 confirmant,
1315 4706 1455 4760 hanc
1487 4706 1740 4761 maluerit
1775 4706 1981 4760 substi-
2026 4734 2031 4740 -

409 4772 582 4847 luere,
609 4772 751 4847 μετὰ
796 4773 1084 4847 δὲ-τούτου
1117 4774 1217 4846 τὴν
1263 4774 1493 4831 ἔκδοσιν.
1535 4776 1619 4830 An
1650 4776 1878 4847 fortasse
1919 4775 1982 4828 ti-

406 4844 563 4916 muit,
607 4843 680 4900 ne
704 4843 823 4899 hmo
864 4843 1051 4916 lrengei
1074 4843 1231 4916 ratio
1270 4862 1464 4916 parum,
1489 4846 1832 4916 consentiret
1852 4860 1977 4916 cum

405 4913 511 4968 illis
533 4928 651 4982 qua:
680 4929 841 4983 supra
866 4914 1054 4969 retulit
1074 4913 1339 4970 Eusebius
1366 4916 1418 4969 in
1455 4915 1595 4970 libro
1617 4931 1681 4980 ll,
1711 4930 1776 4970 ex
1810 4915 1976 4982 Papia

402 4994 456 5059 et
494 4984 768 5059 Clemente
815 4983 1204 5059 Alexandrilto,
1253 4985 1727 5059 qui_Evangelium
1787 4985 1975 5059 Marci,

403 5055 621 5109 vivente
671 5054 847 5107 adhuc
880 5052 1066 5119 Petro,
1098 5052 1286 5109 Romae
1311 5056 1512 5109 editum
1537 5052 1679 5110 'esse
1709 5063 1765 5110 et
1797 5056 1864 5108 ab
1892 5069 1978 5110 eo-

403 5124 523 5179 dem
553 5122 929 5194 conflrmatum
959 5124 1310 5194 tradiderunt.
1352 5126 1558 5192 Quibus
1604 5126 1761 5194 plane
1801 5124 1975 5178 refra-

401 5193 945 5275 ga‘turrlrengsushoc
972 5192 1263 5275 loco,.duin
1287 5192 1668 5275 Evangeliumm
1666 5195 1831 5275 Marci
1855 5203 1975 5275 post

403 5262 677 5319 interitum
705 5262 857 5318 Pauli
886 5279 950 5317 ac
981 5263 1128 5318 Petri
1155 5263 1412 5332 scriptum
1440 5262 1558 5319 esse
1585 5265 1836 5319 aﬂirmat.
1856 5262 1973 5318 Sed

401 5335 534 5405 quid
562 5335 841 5400 mirum,si
861 5336 966 5405 hac
996 5334 1052 5389 in
1083 5349 1141 5389 re
1162 5335 1368 5405 antiqui
1404 5334 1592 5405 Patres
1618 5338 1757 5389 inter
1784 5351 1846 5389 se
1865 5336 1977 5388 dis-

403 5402 670 5475 sentiunt,
688 5420 810 5458 cum
840 5402 910 5459 de
934 5419 1212 5459 sacrorum
1241 5403 1655 5475 Evangeliorum
1677 5406 1975 5475 scriptione

402 5475 536 5535 nihil
563 5473 674 5529 fere
700 5475 834 5529 certi
862 5475 1178 5541 habeamus,
1206 5474 1307 5545 nisi
1331 5473 1566 5545 quatuor
1590 5473 1801 5529 tantum
1827 5487 1970 5538 esse,

405 5552 463 5595 et
492 5558 524 5598 a
566 5555 797 5613 quatuor
829 5545 1140 5599 auctoribus
1178 5542 1402 5613 scripta.
1447 5543 1565 5610 Quo
1608 5554 1786 5599 autem
1833 5554 1970 5598 tem-

406 5621 643 5684 pore,_et
683 5628 842 5684 quam
875 5615 1197 5684 ob_causam
1233 5616 1433 5683 scripta
1470 5616 1612 5681 sint,
1641 5623 1698 5668 et
1734 5630 1799 5667 an
1842 5613 1973 5667 Mat-

409 5678 530 5735 threi
564 5678 910 5754 Eunigelium
950 5682 1216 5739 Hebraico
1252 5678 1489 5754 primum
1529 5678 1778 5739 sermone
1809 5684 1972 5739 fuerit

407 5760 687 5804 exaratum
697 5789 711 5814 ,
743 5769 932 5817 parum
959 5764 1194 5808 constat.

476 5819 589 5893 (61)
625 5821 963 5890 Μονονουχι
988 5822 1257 5891 φάσκων.
1282 5823 1455 5882 Locus
1483 5821 1669 5880 lrenei
1706 5831 1884 5880 exstat
1916 5821 1967 5878 in

2082 4503 2395 4562 conceptus.
2426 4489 2537 4562 Nec
2565 4492 2708 4547 enim
2746 4488 3002 4562 lrenaeus
3024 4488 3331 4562 salomonis
3361 4488 3535 4562 locum
3569 4507 3665 4544 no-

2078 4558 2325 4617 minatim
2377 4559 2510 4615 citzit
2545 4575 2611 4616 ex
2656 4562 2836 4628 capite
2865 4576 2918 4616 vr
2964 4559 3271 4629 Sapientim,
3319 4558 3412 4613 sed
3455 4569 3660 4614 tantum

2080 4634 2147 4686 ad
2183 4647 2305 4687 eum
2335 4632 2542 4685 alludit.
2572 4631 2752 4697 Quare
2783 4631 3044 4687 Eusebius
3081 4646 3185 4686 non
3228 4629 3345 4683 sine
3378 4642 3539 4683 causa
3575 4631 3665 4683 ads

2081 4703 2216 4756 didit
2250 4701 2573 4774 μονονουχί,⁸
2600 4702 2653 4755 id
2692 4711 2798 4765 est,
2833 4711 3152 4774 tantumnon
3193 4700 3265 4754 ita
3292 4699 3513 4774 dicens.
3546 4698 3662 4774 Ca:-

2085 4768 2264 4827 teruni
2314 4768 2817 4842 praetei‘ilrenznum
2885 4772 3048 4842 etiam
3098 4768 3446 4842 Hegesippus
3491 4770 3662 4842 utitur

2085 4838 2410 4897 testimoniis
2433 4857 2496 4895 ex
2529 4841 2670 4897 libro
2699 4840 2995 4910 Sapientia:
3021 4839 3355 4910 Salomonis;
3386 4847 3446 4910 ut
3475 4838 3660 4910 videre

2081 4922 2166 4965 est
2196 4914 2248 4965 in
2273 4912 2506 4980 (κηλεῖ),
2530 4912 2625 4965 lib.
2652 4927 2711 4976 ll,
2741 4908 2830 4965 ubi
2866 4908 3399 4981 niartyriun_i_Jacobi
3430 4909 3661 4964 refertur

2078 4996 2142 5052 ex
2177 4978 2499 5052 Hegesippo.
2545 4981 2748 5052 Neuter
2782 4978 3122 5052 tamen,_'nec
3162 4978 3517 5052 liegesippu‘s,
3554 4994 3659 5052 nec

2078 5049 2335 5119 lprenzeus,
2364 5049 2560 5105 librum
2595 5050 2746 5105 illum
2776 5065 2934 5106 vocat
2965 5050 3299 5119 Sapientiam
3330 5049 3655 5119 Salomonis.

2078 5118 2286 5191 Quippe
2318 5131 2530 5177 veteres
2569 5135 2761 5177 oniues
2794 5117 3150 5191 ecclesiastici
3199 5122 3518 5189 scriptores,
3555 5117 3660 5173 Sa-

2076 5190 2331 5260 pientiam
2386 5191 2696 5245 Salomonis
2765 5192 3059 5260 appellant,
3096 5190 3293 5245 librum
3348 5190 3498 5260 illum
3558 5191 3655 5256 qui

2079 5259 2241 5316 hodie
2270 5260 2561 5316 Prouerbia
2603 5261 2944 5315 inscribitur.
2980 5259 3146 5314 Liber
3191 5269 3371 5315 autem
3419 5259 3509 5314 ille
3560 5260 3652 5326 qui

2078 5331 2292 5386 titulum
2322 5330 2612 5401 Sapientia:
2669 5329 2975 5401 Salomonis
3007 5331 3165 5383 hodie
3206 5329 3469 5401 praefert,
3499 5326 3655 5401 ψευδτ

2076 5401 2379 5473 επίγραφος
2399 5397 2535 5473 εει,
2550 5471 2556 5473 Α
2572 5410 2710 5455 teste
2760 5400 3111 5470 Hieronymo,
3137 5397 3652 5473 quamvisEusebi’i

2075 5467 2234 5527 aetate
2276 5467 2348 5546 ita
2388 5471 2770 5546 appellaretur,
2796 5467 3106 5546 ιιι-θείους
3136 5467 3254 5546 loco
3285 5467 3567 5546 discimus,
3595 5476 3653 5546 et

2076 5556 2142 5614 ex
2171 5543 2349 5614 capite
2385 5536 2487 5614 26,
2520 5542 2680 5607 infra,
2720 5542 2809 5614 ubi
2849 5539 3248 5614 Eusebiusait,
3291 5536 3647 5614 Irenzeunt‘in

2077 5605 2313 5683 Qialogis
2360 5611 2606 5683 proferre
2651 5605 2956 5683 testimonia
3000 5624 3069 5664 ex
3119 5608 3258 5661 libro
3300 5605 3394 5675 qui
3450 5605 3651 5658 dicitur

2075 5680 2720 5755 SapientiaSalomonis.
2817 5748 2827 5755 _
3009 5746 3024 5755 _
3106 5746 3118 5755 _
3180 5745 3193 5755 _
3390 5742 3403 5754 .
3486 5740 3498 5755 ,

2147 5742 2259 5819 (62)
2311 5748 2979 5821 Ἀπομνημονευμάτων.
3009 5746 3061 5799 In
3106 5745 3261 5814 hujus
3288 5742 3436 5821 vocis
3485 5742 3648 5821 in_t_er-

2075 5810 2382 5892 prétatione
2412 5810 2577 5875 ainbo-
2605 5810 2764 5876 laosi'
2794 5829 2923 5875 sunt
2969 5810 3314 5887 interpretes.
3353 5810 3488 5865 Nam
3532 5812 3643 5863 Mu-
