4198 6408
416 370 522 426 853

1440 368 1783 427 HISTORIA:
1822 370 2380 429 ECCLESIASTICA‘I
2422 373 2550 430 LIB.
2591 373 2657 430 V.

3577 377 3682 435 454

417 488 597 544 ιεδόσι
646 488 804 561 τότε)
840 491 966 554 τοὺς
1013 492 1143 564 παρ’
1188 490 1371 554 αὐτοῖς
1427 492 1853 569 ἐμπειροτάτους
1894 493 1991 546 τῶι

2106 495 2256 548 derio
2311 496 2703 554 satisfacturos.
2767 494 3118 561 Ptolemaeus,
3154 510 3278 551 cum
3336 495 3680 566 singulorum

416 579 647 655 Γραφῶν
675 584 769 637 καὶ
798 581 1123 654 ἀμφοτέρων
1157 581 1267 636 τῶν
1290 582 1604 647 διαλέκτων,
1629 584 1999 656 ἑϐδομήκοντα

417 674 817 747 πρεσϐυτέρους
850 674 1101 746 ἔπεμψαν
1133 674 1471 747 Πτολεμαίῳ,
1503 678 1829 749 ποιήσοντας
1857 677 1999 731 τοῦθ’

415 769 554 840 ὅπερ
583 767 841 823 ἐϐούλετο
876 766 1007 837 (ϐἷ).
1053 767 1110 819 '0
1142 767 1199 821 δὲ
1235 767 1339 839 ἰδίᾳ
1379 771 1577 840 πεῖραν
1614 770 1792 823 αὐτῶν
1816 769 2000 823 λαϐεῖν

417 857 668 930 θελήσας,
696 857 1015 928 εὐλαϐηθείς
1052 875 1111 911 τε
1148 861 1219 929 μή
1248 877 1300 913 τι
1342 859 1451 932 ἄρα
1497 859 1834 931 συνθέμενοι,
1862 862 2000 915 ἀπο-

415 947 663 1021 κρύψωσι
690 948 788 1019 τὴν
815 949 873 1000 ἐν
899 950 1017 1012 ταῖς
1044 948 1286 1019 Γραφαῖς
1309 948 1397 1001 διὰ
1419 949 1517 1019 τῆς
1541 950 1839 1021 ἑρμηνείας
1869 950 2002 1023 ἀλή-

416 1040 584 1103 θειαν,
612 1040 853 1111 χωρίσας
902 1039 1098 1103 αὐτοὺς
1142 1041 1238 1093 ἀπ’
1282 1040 1526 1113 ἀλλήλων
1565 1039 1698 1113 (68),
1743 1042 1999 1097 ἐκέλευσε

412 1133 539 1196 τοὺς
566 1133 774 1197 πάντας
800 1132 900 1204 τὴν
929 1132 1098 1203 αὐτὴν
1115 1132 1418 1205 ’ἑρμηνείαν
1446 1133 1700 1205 γράφειν,
1728 1133 2000 1188 καὶτοῦτο

413 1225 507 1279 ἐπὶ
536 1226 750 1279 πάντων
769 1225 875 1279 τῶν
900 1223 1120 1296 βιϐλίων
1146 1225 1388 1297 ἐποίησε.
1415 1227 1784 1281 Συνελθόντων
1814 1227 1871 1280 δὲ
1901 1228 2001 1282 αὐ-

412 1315 520 1369 τῶν
560 1317 652 1369 ἐπὶ
693 1316 755 1369 τδ
786 1316 919 1369 αὐτὸ
964 1316 1115 1387 παρὰ
1143 1316 1221 1387 τῷ
1258 1317 1599 1389 Πτολεμαίῳ,
1628 1318 1723 1372 καὶ
1750 1335 1997 1373 συναντι-

413 1406 682 1461 ϐαλόντων
713 1407 944 1461 ἑκάστου
974 1408 1072 1479 τὴν
1103 1409 1298 1463 ἑαυτοῦ
1336 1410 1651 1481 ἑρμηνείαν,
1687 1412 1715 1463 ὁ
1747 1411 1843 1481 μὲν
1867 1410 1999 1474 Θεὸς

412 1496 691 1569 ἐδοξάσθη,
723 1500 780 1553 αἱ
810 1499 867 1553 δὲ
898 1500 936 1552 Γ
940 1502 1111 1572 ραφαὶ
1133 1500 1301 1565 ὅντως
1329 1501 1468 1555 θεῖαι
1491 1501 1860 1575 ἐγνώσθησαν,
1891 1503 1998 1557 τῶν

413 1590 630 1646 πάντων
661 1590 730 1643 τὰ
764 1590 905 1645 αὐτὰ
947 1594 1065 1655 ταῖς
1098 1593 1288 1657 αὐταῖς
1320 1591 1497 1659 λέξεσι
1544 1594 1638 1645 καὶ
1670 1596 1783 1657 τοῖς
1811 1595 1998 1657 αὐτοῖς

410 1683 667 1755 ὀνόμασιν
701 1684 1183 1757 ἀναγορευσάντων
1214 1684 1323 1756 (69)
1366 1686 1463 1738 ἀπ’
1497 1684 1672 1757 ἀρχῆς
1720 1684 1881 1757 μέχρι
1911 1685 1999 1738 τέ-

408 1772 566 1839 λουςο
601 1774 743 1829 ὥστε
786 1776 880 1828 καὶ
926 1776 996 1829 τὰ
1026 1776 1270 1847 παρόντα
1299 1775 1426 1846 ἔθνη
1476 1775 1720 1845 γνῶναι,
1747 1775 1829 1828 ὅτι
1874 1776 1994 1829 κατ’

2104 600 2350 640 seorsum
2397 588 2695 655 periculum
2728 587 2912 644 facere
2948 588 3142 650 vellet,
3183 588 3391 643 veritus
3424 600 3491 641 ne
3540 586 3682 645 forte

2103 690 2169 731 ex
2217 690 2502 746 compacto
2550 679 2840 733 veritatem
2886 678 3184 748 Scriptura
3229 680 3684 749 interpretatione

2103 784 2199 823 sua
2217 768 2579 832 occultarent,
2608 779 2847 823 semotus
2877 770 2944 823 ab
2969 769 3198 824 invicem
3215 770 3460 823 eamdem
3490 782 3683 826 omnes

2106 856 2443 925 Scripturam
2484 856 2836 924 interpretari
2874 856 3072 924 jussit:
3118 859 3282 928 idque
3332 859 3383 912 in
3423 857 3682 914 omnibus

2104 948 2359 1019 praestitit
2388 948 2561 1002 libris.
2610 947 2743 1002 Post
2786 949 2904 1003 hmc
2937 965 3058 1004 cum
3108 966 3300 1004 omnes
3336 950 3498 1004 simul
3543 967 3679 1005 con-

2101 1042 2383 1096 venissent
2416 1044 2554 1106 apud
2579 1040 2950 1104 Ptoleuucum,
2977 1056 3041 1094 ac
3061 1044 3339 1097 versiones
3373 1057 3502 1097 suas
3533 1044 3682 1097 inter

2102 1149 2161 1189 se
2188 1133 2587 1199 contulissent,
2622 1141 2677 1184 ct
2726 1131 2866 1184 Deus
2911 1132 3246 1200 glorilicatus
3284 1145 3398 1199 est,
3432 1143 3486 1188 el
3527 1132 3685 1189 Scri-

2100 1237 2291 1295 pturas
2335 1241 2460 1279 vero
2509 1224 2719 1278 divinas
2774 1237 2895 1277 esse
2933 1234 3270 1293 compertum
3312 1235 3414 1280 est.
3466 1226 3678 1300 Quippe

2101 1333 2292 1373 omnes
2319 1329 2519 1372 cuncta
2555 1334 2584 1371 a
2608 1319 2787 1388 capite
2805 1319 2870 1371 ad
2903 1317 3108 1371 calcent
3128 1317 3316 1372 iisdem
3348 1320 3676 1378 dictionibus

2100 1425 2165 1465 ac
2189 1411 2462 1464 vocabulis
2489 1419 2912 1479 expresserant:
2939 1411 3073 1463 adeo
3107 1421 3162 1463 ut
3202 1410 3302 1479 ipsi
3345 1413 3435 1480 qui
3455 1414 3680 1470 aderant

2100 1502 2370 1573 gentiles,
2414 1500 2592 1555 ainant
2641 1503 2825 1556 divino
2870 1518 3168 1559 conversas
3208 1517 3330 1557 esse
3361 1503 3676 1573 Scripturas

2100 1604 2521 1667 cognoscerent.
2560 1595 2745 1664 Neque
2775 1611 2904 1651 vero
2949 1597 3253 1649 mirandum
3284 1606 3368 1650 est
3405 1596 3457 1650 id
3502 1613 3530 1650 a
3566 1598 3678 1653 Deo

2101 1686 2404 1757 praestitum
2448 1686 2654 1751 fuisse,
2687 1702 2812 1741 cum
2862 1687 2914 1739 itt
2965 1686 3282 1754 captivitate
3327 1687 3508 1755 populi
3555 1703 3677 1757 qua:

2100 1778 2200 1833 sub
2232 1775 2771 1834 Nabuchodonosoro
2798 1781 3049 1849 contigit,
3075 1780 3346 1848 corruptis
3359 1780 3675 1848 Scripturis,

411 1869 698 1923 ἐπίπνοιαν
745 1869 838 1924 τοῦ
874 1868 1009 1923 Θεοῦ
1048 1846 1183 1923 εἰσιν
1232 1870 1642 1942 ἡρμηνευμέναι
1671 1871 1728 1924 αἱ
1758 1870 1991 1942 Γραφαί.

2100 1886 2165 1925 ac
2219 1882 2340 1940 post
2395 1870 2736 1940 septuaginta
2801 1872 3014 1923 demunt
3069 1887 3242 1925 annos
3295 1871 3559 1938 regressis
3620 1876 3676 1928 tn

409 1963 520 2017 Καὶ
547 1963 698 2017 οὐδέν
724 1980 789 2032 γε
817 1962 1127 2035 θαυμαστὸν
1149 1962 1308 2016 τοῦτο
1335 1963 1698 2035 ἐνηργηκέναι
1718 1964 1810 2017 τὸν
1840 1963 1993 2029 Θεὸν,

408 2055 468 2120 ὃς
499 2072 564 2125 γε
592 2056 685 2109 καὶ
710 2057 769 2109 ὲν
801 2058 867 2128 τῇ
896 2057 988 2109 ἐπὶ
1018 2056 1487 2128 Ναϐουχοδονόσορ
1512 2056 1861 2128 αἰχμαλωσίᾳ
1898 2056 1992 2110 τοῦ

409 2144 561 2210 λαοῦ,
591 2145 993 2216 διαφθαρεισῶν
1024 2147 1132 2200 τῶν
1162 2146 1394 2219 Γραφῶν
1413 2188 1428 2213 ,
1460 2148 1555 2202 καὶ
1586 2148 1729 2219 μετά
1756 2148 1992 2221 ἑϐδομή-

409 2254 574 2292 κοντα
601 2237 696 2309 ἔτη
720 2238 829 2291 τῶν
874 2239 1141 2293 Ἰουδαίων
1172 2239 1500 2294 ἀνελθόντων
1534 2243 1616 2304 εἰς
1666 2240 1763 2311 τὴν
1806 2240 1990 2314 χώραν

409 2331 622 2396 αὐτῶν,
652 2330 841 2385 ἔπειτα
869 2332 929 2384 ὲν
959 2334 1070 2396 τοῖς
1094 2333 1308 2404 χρόνοις
1345 2332 1702 2405 Ἀρταξέρξου
1730 2334 1825 2388 τοῦ
1853 2336 1994 2406 Περ-

410 2423 520 2478 σῶν
563 2422 857 2496 βασιλέως,
895 2424 1218 2478 ἐνέπνευσεν
1246 2426 1456 2496 Ἔσδρα
1498 2425 1577 2497 τῷ
1610 2427 1753 2495 ἱερεῖ
1786 2427 1849 2479 ἐκ
1894 2426 1997 2497 τῆς

2100 1964 2334 2035 patriam
2369 1962 2605 2026 .Iudteis,
2637 1964 2959 2017 Artaxerxis
3003 1962 3295 2018 Persarum
3360 1964 3507 2031 regis
3538 1974 3677 2017 tem-

2098 2055 2356 2125 poribus,
2390 2054 2618 2110 Esdram
2674 2056 3010 2108 sacerdotem
3061 2057 3126 2109 de
3151 2056 3289 2109 tribu
3331 2054 3463 2109 Leti
3491 2054 3673 2111 aﬂlatu

2096 2162 2197 2202 suo
2225 2145 2368 2202 Deus
2407 2147 2716 2213 impulerit,
2756 2156 2814 2198 ut
2851 2160 3045 2202 omnes
3083 2156 3325 2200 veterum
3385 2150 3678 2216 propheta-

2103 2256 2223 2294 rum
2261 2238 2431 2295 libros
2454 2240 2631 2293 denuo
2667 2249 3039 2306 componeret,
3068 2239 3351 2310 legemque
3371 2241 3677 2296 ministerio

2105 2330 2303 2402 Moysis
2376 2332 2542 2385 latam
2620 2330 2821 2400 populo
2897 2332 3228 2385 restitueret.
3293 2350 3316 2383 ι
3407 2331 3678 2389 Hactenus

2098 2420 2363 2480 'lrenacus.

409 2516 582 2587 φυλῆς
611 2514 764 2578 Λευῒ,
798 2518 924 2579 τοὺς
954 2516 1061 2570 τῶν
1092 2519 1500 2589 προγεγονότων
1532 2521 1827 2592 προφητῶν
1881 2522 2089 2584 πάντας
2123 2518 2495 2585 ἀνατάξασθαι
2544 2518 2767 2589 λόγους,
2812 2519 2907 2573 καὶ
2956 2519 3404 2592 ἀποκαταστῆναι
3432 2516 3511 2590 τῷ
3559 2517 3677 2591 λαῷ

406 2607 506 2679 τὴν
541 2606 629 2661 διὰ
659 2608 938 2672 Μωῦσέως
976 2609 1319 2680 νομοθεσίαν.
1364 2630 1383 2663 ι
1419 2612 1671 2668 Τοσαῦτα
1702 2617 1730 2668 ὁ
1759 2615 2069 2687 Εἰρηναῖος.

943 2704 1342 2758 ΚΕΦΑΛΑΙΟΝ
1372 2704 1450 2760 Θ’.

401 2796 470 2851 οι
505 2795 655 2850 κατὰ
672 2795 943 2867 Κόμοδον
970 2796 1524 2940 ἐπισκρξῖύσαντες
1547 2799 1686 2871 (Nic.
1725 2800 1797 2857 Η.
1830 2801 1896 2857 Ε.
1916 2819 1987 2868 tv,

490 2957 677 3013 Ἕννέα
702 2959 757 3014 δὲ
784 2961 879 3015 καί
899 2961 1033 3016 δέκα
1061 2960 1207 3014 ἔτεσι
1241 2963 1306 3034 τῇ
1337 2961 1583 3035 βασιλείᾳ
1604 2963 1991 3035 διαρκέσαντος

421 3050 735 3106 Ἀντωνίνου
754 3093 770 3119 ,
799 3054 1044 3126 Κόμοδος
1076 3054 1174 3127 τὴν
1208 3055 1505 3126 ἡγεμονίαν
1536 3056 1954 3129 παραλαμϐάνει
1973 3075 1986 3089 ·

2705 2707 2936 2767 CAPUT
2990 2709 3082 2765 ΙΧ.

2213 2806 2442 2872 Quinam
2469 2799 2697 2873 episcopi
2724 2801 2924 2871 fuerint
2948 2800 3222 2856 Commodi
3246 2802 3564 2872 principum.

2162 2976 2334 3034 Porro
2362 2993 2484 3034 cum
2529 2976 2842 3032 Antoninus
2887 2975 3261 3030 novemdecim
3310 2974 3469 3029 annis
3505 2974 3677 3045 impos

2096 3069 2237 3125 rium
2282 3070 2580 3132 tenuisset,
2633 3067 2963 3124 Commodus
3012 3066 3378 3137 principatum
3436 3067 3675 3133 excepit.

407 3134 470 3196 οὗ
495 3143 638 3198 κατὰ
670 3145 731 3199 τὸ
768 3145 984 3216 πρῶτον
1017 3146 1137 3211 ἔτος
1162 3146 1274 3202 τῶν
1308 3149 1427 3206 κατ’
1447 3146 1991 3221 ἈλεξάνδρειανἙκ-

2096 3154 2265 3225 Cujus
2294 3171 2438 3210 anno
2477 3156 2656 3226 primo
2701 3154 2950 3210 Julianus
2980 3134 3370 3210 Alexandriam
3414 3154 3676 3210 Ecclesiae

407 3232 645 3307 κλησιῶν
689 3236 975 3301 Ἰουλιανὸς
1004 3238 1368 3311 ἐγχειρίζεται
1401 3240 1499 3312 τὴν
1533 3240 1859 3312 ἐπισκοπὴν,
1896 3241 1990 3294 ἐπὶ

406 3323 726 3379 δυοκαίδεκα
806 3326 953 3381 ἔτεσι
1018 3325 1117 3399 τὴν
1175 3325 1515 3400 λειτουργίαν
1578 3330 1991 3403 ἀναπλήσαντος

420 3418 794 3492 ’Δγριππίνοω

947 3511 1344 3565 ΚΕΦΑΛΑΙΟΝ
1381 3514 1438 3566 I'.

404 3601 545 3671 Περὶ
560 3603 899 3657 Παπαίνου
922 3603 1030 3657 τοῦ
1041 3608 1380 3675 φιλοσόφου
1403 3604 1542 3674 (Nic.
1579 3606 1648 3664 Η.
1676 3606 1741 3662 Ε.
1772 3623 1849 3671 tv,
1879 3606 1990 3677 32).

487 3694 703 3763 Ἦγεῖτο
733 3695 790 3748 δὲ
813 3694 1117 3764 τηνικαῦτα
1147 3698 1246 3769 τῆς
1271 3697 1380 3751 τῶν
1419 3699 1627 3752 πιστῶν
1656 3699 1846 3752 αὐτόθι
1875 3698 1994 3754 δια-

403 3783 617 3857 τριϐῆς,
651 3784 760 3838 τῶν
801 3786 910 3839 ἀπὸ
937 3786 1188 3851 παιδείας
1219 3788 1359 3859 ἀνὴρ
1391 3788 1789 3854 ὲπιδοξότατος,
1818 3789 1991 3860 ὄνομα

401 3875 552 3947 αὐτῷ
579 3876 898 3943 Πάνταινος,
929 3878 987 3945 ἐξ
1024 3879 1251 3950 ἀρχαίου
1283 3879 1435 3944 ἔθους
1473 3880 1845 3934 διδασκαλείου
1879 3880 1987 3934 τῶν

403 3967 566 4039 ιερῶν
590 3968 764 4039 λόγων
795 3972 926 4044 παρ’
958 3972 1142 4037 αὐτοῖς
1172 3971 1523 4037 συνεστῶτος,
1552 3971 1580 4026 ὃ
1611 3973 1706 4027 καὶ
1734 3975 1814 4039 εἰς
1839 3974 1989 4047 ἡμᾶς

402 4178 516 4233 sius
541 4177 594 4231 in
620 4192 737 4245 cap.
763 4176 824 4231 ll
853 4174 1223 4245 Responsionis
1245 4176 1313 4230 ad
1332 4174 1605 4230 ,Minerval
1631 4175 1860 4232 Serarii.
1887 4175 1986 4232 Cui

403 4248 748 4317 cxplicationi
781 4248 963 4302 favere
988 4248 1200 4300 videtur
1225 4247 1495 4317 Joscpltus
1518 4247 1693 4317 inlih.
1720 4262 1757 4301 ιι
1785 4247 1986 4301 Contra

402 4316 675 4378 Anionem,
713 4318 786 4370 ita
838 4319 1087 4373 scrihens
1129 4318 1197 4370 de
1245 4316 1539 4370 Ptolemaeo
1580 4316 1979 4380 Philadelpho:

412 4385 786 4458 Ἐπιθυμητὴς
844 4386 1063 4458 ἐγένετο
1104 4387 1200 4458 τοῦ
1229 4386 1458 4458 Ῠγνῶναι
1499 4387 1637 4458 frob;
1679 4388 1983 4458 ἡμετέρους

400 4456 622 4529 νόμους,
641 4456 739 4529 και
757 4458 876 4529 ταῖς
901 4456 1203 4529 τῶνλίερῶν
1227 4456 1977 4529 l‘pacpt'bv§i610tcévsuxsiw

2098 3248 2339 3317 suscepit
2389 3249 2789 3313 sacerdotium,
2838 3264 2961 3302 cum
3015 3249 3345 3320 Agrippiuus
3390 3248 3676 3305 duodecim

2098 3351 2272 3393 annos
2300 3339 2628 3409 episcopalis
2657 3340 3149 3396 administrationis
3177 3339 3466 3410 explesset.

2618 3510 2776 3582 175
2825 3510 3052 3566 CAPUT
3092 3512 3160 3569 x.

2511 3602 2589 3658 De
2621 3604 2876 3659 Pantamo
2917 3604 3248 3674 philosopho.

2162 3694 2266 3751 Per
2317 3695 2459 3750 idem
2516 3705 2727 3766 tempus
2776 3696 3016 3751 ﬁdelium
3071 3695 3272 3753 schola:
3318 3707 3550 3768 prmerat
3591 3699 3677 3757 vir

2091 3786 2355 3842 doctrina:
2393 3801 2557 3843 causa
2606 3787 3004 3844 celeberrimus
3029 3826 3045 3853 ,
3096 3788 3316 3843 nomine
3358 3789 3676 3858 Pantaenus;

2094 3881 2298 3951 quippe
2332 3883 2446 3951 jam
2494 3880 2621 3935 inde
2666 3896 2696 3934 a
2741 3881 2937 3949 priscis
2985 3879 3364 3949 temporibus,
3394 3897 3673 3938 sacrarum

2098 3975 2408 4029 litterarum
2456 3971 2645 4028 schola
2695 3972 2751 4026 in
2804 3988 2868 4028 ea
2909 3973 3130 4029 civitate
3168 3972 3350 4029 fuerat
3378 3973 3672 4030 instituta:

2095 4177 2243 4246 ipsos
2302 4174 2453 4229 LXX
2500 4175 2775 4241 seniores,
2829 4176 2925 4230 sed
2968 4176 3301 4231 Demetrium
3346 4174 3672 4235 Phalereum

2096 4248 2598 4315 interpretationem
2624 4247 2770 4300 illam
2806 4261 2905 4316 pro
2932 4248 3490 4316 concione_recitasse
3528 4250 3670 4304 scri-

2090 4314 2253 4372 bunt.
2292 4316 2490 4370 Verum
2532 4317 2671 4371 liber
2711 4314 2819 4370 ille
2852 4317 3081 4373 Aristeze
3128 4331 3156 4369 a
3192 4314 3378 4371 Jndzeo
3431 4320 3666 4384 quodam

2088 4387 2462 4441 Alexandrino
2490 4386 2757 4441 conﬁctos
2790 4397 2892 4450 est,
2921 4397 2979 4439 ut
3018 4396 3167 4440 recte
3189 4388 3504 4440 observavit
3532 4387 3671 4442 Sca-

2091 4458 2228 4527 liger
2267 4457 2321 4511 in
2361 4456 2929 4527 animaduersionibus
2978 4456 3320 4527 Ensebianis.
3365 4457 3527 4527 Certe
3556 4458 3674 4526 epi-

644 4503 1201 4613 ἒξῐΰέξξιῷἶίᾱζᾷῑὲῖᾶᾆ
1228 4503 1987 4613 ξιτςῖρὶἔάλῆῇμᾶζξοῦξ’ξξῌήτ

2093 4503 2224 4613 ita;
2268 4503 2540 4613 segetis;
2549 4503 2931 4607 “petisti;
2978 4503 3645 4613 “stagnis-L1.rimati

399 4596 691 4669 uagam;
715 4596 864 4668 αὐτῷ
888 4597 983 4651 τὸν
1018 4596 1200 4669 νόμον.
1236 4598 1371 4652 Vide
1404 4596 1781 4668 prmt'ationetn
1827 4596 1984 4653 Mitsti

401 4668 455 4721 in
489 4666 738 4723 Graecam
769 4666 1065 4721 editionem
1086 4666 1292 4722 losum}.

471 4738 583 4810 (67)
622 4735 1000 4810 Ποιήσοντας
1028 4736 1194 4810 τοῦθξ
1216 4737 1362 4806 ὅπερ
1406 4738 1706 4792 ἐϐούλετο.
1754 4736 1829 4810 Ita
1862 4737 1985 4808 l'ego

387 4807 523 4862 cu‘in
554 4809 1051 4879 Clll‘iSlQpllOl'SOllO
1078 4819 1132 4862 et
1165 4807 1319 4874 Sav.,
1353 4823 1453 4878 pro
1482 4809 1690 4879 vulgati
1715 4807 1982 4879 ποιήσαν-

397 4894 490 4942 τος
522 4877 617 4932 τοῦ
645 4877 805 4943 Θεοῦ,
843 4880 1054 4931 tametsi
1097 4880 1315 4932 codices
1348 4877 1518 4932 nostri
1560 4890 1617 4931 et
1649 4877 1987 4947 Nicephorius

396 4949 537 5073 inihi!
570 4957 800 5013 mutant,
830 4949 933 5003 nisi
968 4951 1109 5018 quod
1139 4946 1401 5020 ἠϐούλετο
1431 4949 1654 5016 habent,
1679 4946 1793 5003 non
1821 4948 1984 5002 ἐϐού-

430 5033 539 5071 ετο.

430 5033 539 5071 ετο.

471 5087 583 5158 (68)
622 5089 902 5156 Χωρίσας
956 5086 1179 5158 αὐτοὺς
1229 5087 1331 5143 ἀπ’
1371 5087 1688 5154 ἀλλήλων.
1731 5087 1981 5144 Justinus

400 5156 618 5225 quidem
663 5159 806 5213 LXX
836 5159 1084 5214 seniores
1128 5156 1376 5227 singulos
1416 5174 1661 5213 seorsum
1700 5159 1753 5212 itt
1790 5160 1980 5226 singu-

401 5228 472 5283 lis
499 5229 652 5284 cellis
676 5247 704 5283 a
726 5228 1018 5284 Ptolemaeo
1034 5228 1332 5282 collocatos
1357 5243 1480 5283 esse
1511 5231 1722 5284 scribit.
1749 5229 1983 5298 Epipha-

400 5299 524 5353 nius
558 5314 688 5353 vero
726 5301 781 5353 in
820 5300 960 5354 libro
1017 5298 1090 5351 De
1143 5300 1461 5367 ponderibus
1503 5310 1551 5352 et
1585 5302 1846 5353 mensuris
1903 5300 1980 5352 ait

396 5368 556 5441 binos
584 5374 633 5423 in
661 5370 889 5441 singulis
923 5370 1433 5441 cellis_con_stitntos
1471 5369 1658 5423 fuisse.
1708 5370 1813 5424 Sed
1863 5369 1979 5424 ire-

394 5440 499 5493 ιιιθί
530 5441 693 5495 verba
720 5436 943 5509 piopius
973 5442 1039 5493 ad
1074 5436 1277 5492 Jusﬁni
1301 5444 1673 5492 narrationem
1715 5441 1979 5493 accedere

399 5510 668 5563 Videntur.
694 5510 798 5563 Alii
831 5520 996 5564 totam
1024 5510 1166 5562 hanc
1193 5510 1258 5563 de
1288 5510 1631 5577 septuaginta
1661 5509 1815 5562 cellis
1850 5524 1980 5562 nar-

397 5578 661 5649 rationem
700 5580 953 5642 irrident,
1000 5593 1236 5649 quarum
1278 5575 1552 5649 necapud
1599 5575 1895 5647 Josepltum
1922 5586 1978 5633 et

395 5642 685 5719 Aristeatq,
715 5666 816 5704 nec
852 5653 993 5719 apud
1021 5642 1322 5719 Philonem
1344 5642 1461 5719 ulla
1484 5650 1542 5699 tit
1574 5642 1798 5702 mentio.

467 5712 583 5786 (69)
654 5712 1230 5789 Ἀητορευσάντων.
1284 5716 1531 5773 Recitare
1560 5719 1757 5789 _vertit
1816 5725 1973 5770 vetus

396 5782 664 5853 interpres
699 5782 903 5842 lretrx't.
960 5792 1209 5844 Aristeas
1255 5798 1434 5846 tamen
1467 5798 1521 5842 et
1552 5786 1822 5856 Josephus
1862 5802 1972 5842 non

454 5856 470 5885 '1

2089 4599 2254 4666 phum
2296 4597 2594 4667 falsitatem
2635 4612 2787 4651 suam
2828 4597 2962 4650 satis
2992 4598 3194 4667 prodit.
3258 4595 3314 4649 In
3360 4612 3422 4651 ea
3465 4600 3670 4667 quippe

2088 4665 2342 4723 laudatur
2364 4666 2651 4722 Hecatzeus
2682 4667 2988 4732 Abderites,
3028 4665 3254 4734 ejusque
3298 4665 3665 4722 testimonium

2088 4747 2347 4806 tanquam
2380 4737 2574 4792 vetusti
2627 4737 2916 4806 scriptoris
2954 4737 3266 4800 adducitur,
3308 4751 3431 4790 cum
3481 4746 3662 4792 tamen

2088 4817 2305 4865 constet
2334 4821 2457 4861 eum
2481 4808 2755 4861 Demetrio
2787 4806 3050 4861 Phalereo
3074 4808 3491 4875 haudquaquam
3517 4807 3661 4860 anti-

2087 4880 2339 4948 quiorem
2372 4892 2518 4948 esse.
2541 4875 2689 4931 Vixit
2714 4879 2859 4933 enim
2884 4878 3168 4931 ilecattnus
3192 4877 3282 4931 ille
3299 4878 3406 4948 sub
3426 4878 3664 4948 Alexan-

2088 4947 2169 5003 dri
2204 4947 2384 5017 Magni
2421 4950 2864 5015 successoribus,
2904 4957 2965 5001 ut
3012 4957 3246 5001 testatur
3290 4947 3486 5017 §uidas
3530 4947 3665 5017 alti-

2087 5034 2214 5087 que.
2251 5015 2523 5084 Josephus
2556 5018 2772 5086 quidem
2812 5019 2865 5071 in
2897 5017 3036 5072 libro
3066 5020 3244 5085 primo
3275 5015 3474 5071 Contra
3503 5016 3666 5084 Apio-

2086 5104 2225 5155 nem,
2254 5089 2330 5141 ait
2358 5087 2663 5140 llecatteum
2705 5089 3016 5142 Abderitam
3041 5102 3165 5141 cum
3209 5089 3499 5141 Ptolemaeo
3534 5087 3667 5155 Lagi

2087 5160 2199 5210 tilio
2257 5158 2605 5212 familiariter
2655 5172 2778 5212 esse
2836 5168 3131 5213 versatum.
3191 5157 3452 5225 Athttales
3504 5158 3669 5225 igitur

2085 5226 2308 5281 fuerunt
2352 5228 2636 5282 llecatmns
2680 5239 2736 5281 et
2775 5227 3084 5281 Demetrius
3123 5227 3441 5282 Phalereus.
3513 5229 3668 5281 Addo

2084 5300 2227 5366 quod
2256 5298 2486 5366 epistola
2516 5298 2604 5350 illa
2635 5298 2894 5351 Demetrii
2941 5297 3192 5353 Phalerei
3239 5313 3402 5367 quant
3448 5297 3667 5351 adducit

2081 5369 2353 5432 Aristeas,
2408 5369 2569 5437 plane
2627 5368 2828 5421 insulsa
2880 5378 2966 5421 est
3018 5380 3072 5421 et
3130 5368 3380 5421 barbaris
3442 5367 3667 5437 vecibus

2082 5438 2261 5505 plena,
2288 5434 2425 5492 cum'
2439 5450 2618 5491 tamen
2656 5448 2866 5492 constet
2891 5438 3254 5501 Demetrium,
3288 5446 3475 5505 utpote
3502 5434 3668 5505 Athe-

2082 5504 2353 5575 niensem,
2375 5507 2886 5575 eloquentissimum
2917 5507 3108 5563 fuisse.
3155 5509 3297 5573 Quid
3332 5504 3475 5574 quod
3517 5504 3660 5556 idem

2080 5580 2325 5632 Aristeas
2386 5578 2719 5646 Heptastadii
2787 5578 3069 5645 meminit,
3120 5577 3492 5646 quodgtamen
3540 5579 3663 5638 post

2083 5646 2421 5717 Philadelphi
2455 5643 2705 5717 tempora
2741 5664 2770 5700 a
2808 5647 3026 5715 regibus
3054 5643 3292 5717 VxE'gypti
3328 5643 3658 5717 aedificatum

2081 5729 2186 5838 ρει,
2221 5728 2280 5770 ιιι
2332 5707 2514 5774 itotavi
2556 5707 2609 5770 i'tt
2669 5707 3081 5772 Commentariis
3117 5707 3388 5769 αἶῖᾉηιηι.
3418 5707 3672 5779 Βαναία,

2104 5803 2274 5838 mum.

2104 5803 2274 5842 mum.
