4198 6396
426 342 521 402 Atil

1484 335 1838 393 HISTORIA:
1878 337 2437 396 ECCLESIASTICE
2477 339 2607 396 LIB.
2647 340 2713 395 V.

3579 342 3686 397 462

427 457 749 529 ϐαλλόμενοι
778 456 1018 525 λέγουσι.
1054 474 1074 507 ι
1114 454 1321 526 Γράφει
1354 454 1412 508 δέ
1443 456 1473 508 6
1504 457 1667 520 αὐτὸς
1697 456 1774 519 ὡς
1805 457 1903 511 καὶ
1934 459 1994 519 είς

2119 459 2224 514 lius
2249 469 2549 515 sectatores
2580 465 2907 522 memorant,
2934 459 3194 528 princeps
3219 465 3276 512 et
3296 456 3686 528 antesignanus

411 550 616 621 ,λόγους
659 548 906 619 ἐληλύθοι
938 547 1016 619 τῷ
1055 547 1306 617 Ἀπελλῇ,
1351 548 1575 616 φάσκων
1601 547 1808 612 οὕτως·
1866 568 1884 600 ι
1946 550 2006 601 ’0

424 641 531 715 γὰρ
562 641 742 713 γέρων
788 639 1052 709 ’Δπελλῆς
1083 638 1358 709 συμμίξας
1390 639 1541 709 ἡμῖν,
1572 639 1743 693 πολλὰ
1770 640 1866 711 μὲν
1908 656 2005 693 κα-

423 733 534 798 κῶς
566 733 742 802 λέγων
772 732 1013 803 ἠλέγχθη
1032 748 1047 763 ’
1076 731 1196 785 ὅθεν
1236 731 1330 785 καὶ
1367 731 1571 801 ἔφασκε
1613 731 1687 804 μὴ
1733 732 1844 786 δεῖν
1869 732 2005 795 ὅλως

423 825 697 892 ἐξετάζειν
733 826 825 879 τὸν
858 825 1033 895 λόγον,
1068 824 1182 877 ἀλλ’
1221 824 1485 889 ἕκαστον,
1524 825 1601 888 ὡς
1646 826 2001 893 πεπίστευκε,

421 916 711 987 διαμένειν.
752 915 1102 988 Σωθήσεσθαι
1149 915 1258 986 γὰρ
1289 917 1417 980 τοὺς
1453 917 1549 969 ἐπὶ
1592 916 1687 970 τὸν
1726 917 2004 989 ἐσταυρω-

425 1008 587 1078 μένον
632 1008 935 1079 ⁴ῆλπικότσις
978 1008 1329 1076 ἀπεφαίνετο,
1377 1008 1539 1079 μόνον
1569 1007 1664 1061 ἐὰν
1715 1009 1775 1062 ἐν
1819 1008 2003 1081 ἔργοις

420 1100 643 1170 ἀγαθοῖς
667 1100 1049 1173 εύρίσκωνται.
1074 1101 1148 1153 Τὸ
1170 1099 1227 1152 δέ
1247 1100 1464 1153 πάντων
1492 1100 1865 1169 ἁσαφέστατον
1888 1100 2000 1171 (82)

420 1192 806 1264 ἐδογματίζετο
849 1191 997 1262 αὐτῷ
1042 1192 1293 1263 πρᾶγμα,
1342 1189 1524 1254 καθὼς
1565 1192 1998 1263 προειρήκαμεν,

421 1285 483 1337 τὸ
515 1285 645 1356 περὶ
683 1283 776 1338 τοῦ
826 1284 981 1338 Θεοῦ.
1018 1284 1209 1354 Ἔλεγε
1247 1285 1355 1356 γὰρ
1406 1284 1534 1356 μίαν
1582 1283 1778 1354 ἀρχὴν,
1817 1281 2001 1346 καθὼς

420 1377 516 1429 καὶ
554 1378 583 1429 6
615 1377 884 1448 ἡμέτερος
912 1377 1089 1446 λόγος.
1146 1396 1165 1429 ι
1199 1372 1332 1430 Εἶτα
1364 1376 1587 1448 προθεὶς
1620 1375 1786 1429 αὐτοῦ
1818 1376 1999 1428 πᾶσαν

419 1468 516 1540 τὴν
546 1468 723 1533 δόξαν,
779 1469 1030 1541 ἐπιφέρει
1086 1468 1341 1538 φάσκων·
1396 1487 1415 1519 ι
1467 1469 1732 1536 Λέγοντος
1780 1466 1837 1520 δέ
1896 1483 1998 1538 μου

420 1557 554 1630 πρὸς
581 1557 766 1621 αὑτὸν,
802 1558 977 1611 Πόθεν
1011 1557 1337 1630 ήὰπόδειξις
1378 1558 1518 1629 α’ύτη
1555 1575 1658 1623 σοι,
1684 1558 1718 1629 ἢ
1749 1558 1868 1621 πῶς
1908 1557 2000 1611 δύ-

417 1666 576 1702 νασαι
621 1648 800 1717 λέγειν
846 1649 976 1720 μίαν
1023 1649 1217 1725 ἀρχὴν,
1272 1650 1479 1721 φράσον
1528 1652 1688 1722 ἡμῖν*
1735 1650 1862 1721 ἔφη,
1899 1650 1998 1715 τὰς

421 1738 518 1807 μὲν
554 1737 891 1809 προφητείας
924 1738 1122 1803 ἑαυτὰς
1150 1739 1419 1810 ἐλέγχειν,
1462 1740 1552 1793 διὰ
1581 1740 1642 1794 τὸ
1673 1741 1837 1812 μηδὲν
1862 1740 1999 1803 ὅλως

2114 552 2214 604 fuit
2242 550 2508 621 Syneros.
2555 568 2575 601 ι
2616 549 2761 604 Idem
2801 549 3029 604 Rhodon
3071 564 3131 602 se
3159 562 3282 602 cum
3311 547 3498 617 Apelle
3521 547 3690 604 culto-

2110 653 2294 696 cutum
2358 655 2481 697 esse
2538 643 2732 696 scribit
2782 642 2868 696 his
2920 641 3103 695 verbis
3157 658 3172 695 :
3232 657 3252 691 ι
3316 639 3494 694 Senex
3538 639 3686 695 enim

2108 734 2357 802 Apelles,
2408 733 2617 802 inquit,
2663 732 2798 787 inito
2845 732 3124 787 nobiscum
3175 730 3476 799 colloquio,
3518 730 3685 785 multa

2109 824 2325 893 quidem
2350 836 2631 891 perperam
2656 823 2837 876 dicere
2858 822 3137 876 convictus
3180 830 3283 874 est.
3320 818 3685 886 Quamobrem

2108 917 2273 971 etiam
2306 914 2584 969 asserebat
2624 927 2730 967 non
2767 927 2890 966 esse
2925 912 3149 966 omnino
3177 909 3594 965 examinandam
3626 910 3689 962 li-

2109 1009 2254 1075 dem,
2285 1006 2384 1061 sed
2408 1018 2857 1075 unumquemque
2895 1004 2948 1057 in
2977 1018 3042 1058 eo
3075 1004 3219 1073 quod
3251 1003 3419 1060 semel
3440 1001 3688 1057 imbibis-

2107 1109 2222 1166 set,
2265 1109 2512 1168 perstare
2538 1105 2813 1165 oportere.
2848 1094 3060 1165 Quippe
3090 1109 3182 1149 eos
3208 1095 3300 1164 qui
3333 1093 3389 1148 in
3410 1093 3687 1149 Cruciﬁxo

2107 1210 2258 1266 spem
2295 1209 2447 1249 suam
2478 1192 2858 1257 collocassent,
2892 1189 3192 1244 servandos
3215 1203 3337 1243 esse
3358 1186 3682 1250 afﬁrmabat,

2106 1284 2400 1339 dummodo
2458 1282 2512 1336 in
2580 1281 2740 1336 bonis
2797 1276 3081 1348 operibus~
3117 1275 3683 1345 deprehenderentur.

2105 1374 2241 1428 Rem
2275 1387 2406 1427 vero
2440 1369 2683 1426 omnium
2724 1366 3169 1423 obscurissimam
3213 1378 3335 1419 esse
3377 1363 3682 1426 statuebat,

2105 1476 2167 1521 ut
2192 1465 2466 1529 diximus,
2513 1464 2871 1533 quaestionem
2915 1460 2981 1513 de
3020 1457 3152 1512 Deo.
3199 1455 3378 1510 Unum
3416 1456 3682 1524 siquidem

2104 1558 2438 1629 principium
2472 1570 2593 1611 esse
2620 1555 2837 1609 dicebat
2886 1552 3030 1607 sicut
3053 1561 3107 1603 et
3140 1559 3328 1603 nostra
3369 1547 3562 1617 religio
3587 1547 3685 1600 do-

2105 1659 2243 1704 cet.i
2279 1647 2543 1703 Universa
2575 1643 2771 1699 deinde
2796 1643 2912 1711 ejus
2940 1640 3187 1694 doctrina
3220 1638 3273 1691 in
3300 1636 3537 1691 medium
3558 1648 3685 1704 pro-

2104 1739 2236 1804 lata,
2266 1739 2384 1792 haec
2428 1735 2709 1804 subjungit
2749 1749 2764 1787 :
2815 1746 2836 1784 ‹
2889 1731 3021 1787 Cum
3066 1745 3198 1785 vero
3242 1729 3346 1798 ipsi
3395 1728 3680 1782 dicerem:

417 1826 617 1898 ἀληθὲς
658 1829 959 1899 είρηκέναι.
1020 1827 1365 1900 ’Λσύμφωνοι
1405 1832 1513 1903 γὰρ
1564 1832 1867 1903 ὑπάρχουσι
1905 1834 1994 1887 καὶ

2103 1832 2257 1888 Unde
2290 1829 2404 1884 haec
2432 1829 2527 1883 tibi
2562 1825 2956 1882 demonstratio
2984 1868 2997 1891 ,
3036 1834 3131 1877 aut
3162 1837 3270 1893 qua
3305 1821 3517 1876 ratione
3539 1819 3683 1873 aﬁir—

415 1917 651 1986 ψευδεῖς,
688 1920 780 1973 καὶ
825 1923 1045 1986 ἑαυταῖς
1087 1922 1481 1993 ἀντικείμεναι.
1516 1925 1589 1976 Τὸ
1630 1924 1687 1977 δὲ
1720 1923 1837 1987 πῶς
1879 1929 1995 1979 ἐστι

417 2008 517 2079 μία
552 2010 713 2082 ἀρχὴ,
755 2011 829 2083 μὴ
865 2011 1155 2081 γινώσκειν
1196 2014 1404 2085 ἔλεγεν,
1451 2014 1593 2069 οὕτω
1629 2015 1686 2068 δὲ
1729 2016 1995 2070 κινεῖσθαι

416 2098 598 2169 μόνον.
621 2098 732 2155 Εἶτ’
754 2104 1169 2175 ἐπομοσαμένου
1200 2124 1301 2178 μου
1322 2106 1550 2179 τάληθὲς
1566 2108 1761 2172 εἰπεῖν,
1782 2106 1994 2179 ὤμνυεν

413 2188 690 2260 ἀληθεύων
725 2191 924 2261 λέγειν,
957 2195 1031 2265 μὴ
1070 2196 1395 2251 ἐπίστασθαι
1424 2195 1535 2267 (83)
1569 2195 1686 2260 πῶς
1721 2192 1803 2261 εἷς
1842 2199 1993 2251 ἐστιν

413 2282 706 2353 ἁγέννητος
740 2285 892 2351 Θεὸς,
928 2286 1085 2339 τοῦτο
1115 2286 1171 2339 δὲ
1213 2288 1510 2342 πιστεύειν.
1556 2286 1697 2356 Ἐγὼ
1739 2288 1797 2343 δὲ
1827 2289 1992 2357 γελά-

414 2388 532 2438 σας,
568 2374 848 2443 κατέγνων
883 2376 1070 2441 αύτοῦ,
1110 2376 1242 2431 διότι
1275 2378 1593 2443 διδάσκαλος
1626 2375 1763 2433 εἶναι
1795 2381 1989 2450 λέγων,

410 2464 510 2518 οὐκ
541 2465 657 2537 ᾔδει
681 2467 741 2520 τὸ
764 2468 1146 2540 διδασκόμενον
1178 2472 1271 2524 ὑπ’
1299 2469 1463 2526 αὐτοῦ
1492 2468 1799 2544 κρατύνειν.
1840 2494 1859 2526 ι
1903 2476 1992 2529 Ἐν

408 2554 487 2625 τῷ
519 2557 668 2628 αὐτῷ
699 2559 756 2612 δὲ
792 2561 1187 2631 συγγράμματι
1230 2560 1589 2615 Καλλιστίωνι
1632 2562 1989 2634 προσφωνῶν,

408 2650 438 2701 ὁ
466 2649 629 2713 αὐτὸς
662 2651 1107 2722 μεμαθητεῦσθαι
1134 2654 1225 2706 ἐπὶ
1268 2652 1487 2725 Ῥώμης
1520 2654 1772 2725 Τατιανῷ
1803 2655 1991 2708 ἑαυτὸν

408 2741 680 2812 ὁμολογεῖ.
714 2742 851 2814 Φησὶ
874 2744 929 2797 δὲ
955 2744 1050 2798 καὶ
1076 2743 1442 2797 ἐσπουδάσθαι
1472 2742 1551 2814 τῷ
1581 2742 1831 2814 Τατιανῷ
1858 2760 1993 2815 προ-

408 2832 701 2905 ϐλημάτων
736 2834 937 2905 βιϐλίον
956 2853 970 2866 ·
998 2837 1064 2890 δι’
1093 2831 1168 2891 ὧν
1200 2838 1260 2891 τὸ
1286 2837 1495 2909 ἀσαφὲς
1524 2838 1620 2892 καὶ
1653 2839 1993 2912 ἐπικεκρυμ-

410 2923 568 2991 μένον
600 2923 708 2977 τῶν
741 2924 901 2981 θείων
934 2928 1166 3000 Γραφῶν
1202 2931 1577 3002 παραστήσειν
1611 2931 1988 3003 ὑποσχομένου

2099 1937 2251 1977 mare
2292 1930 2445 1990 potes
2494 1934 2655 1972 unum
2694 1918 2859 1987 178
2898 1933 3018 1970 esse
3059 1912 3419 1984 principium?
3451 1912 3548 1968 Dic
3584 1926 3683 1966 no-

2095 2013 2182 2068 bis
2225 2011 2271 2066 si
2322 2011 2520 2081 placet.
2570 2011 2706 2065 Tum
2760 2011 2852 2063 ille
2903 2007 3226 2078 respondit;
3258 2005 3574 2074 Prophetias
3614 2017 3681 2056 eo

2096 2107 2242 2177 quod
2286 2105 2419 2159 nihil
2465 2103 2690 2158 omnino
2733 2102 2847 2155 veri
2884 2102 3105 2167 dicant,
3149 2099 3359 2167 seipsas
3403 2096 3676 2151 refellere.

2096 2202 2233 2257 Sunt
2267 2201 2438 2265 enim,
2462 2199 2661 2264 aiebat,
2700 2198 3045 2252 dissonantes
3078 2204 3133 2249 et
3163 2194 3311 2249 falsae
3339 2209 3402 2247 ac
3432 2192 3681 2246 sibimet-

2093 2294 2229 2364 ipsis
2278 2292 2585 2347 contrariae.
2631 2288 2801 2343 Porro
2847 2302 2952 2359 qua
2999 2288 3211 2340 ratione
3276 2285 3497 2338 unicum
3532 2291 3679 2338 esset

2093 2383 2455 2454 principium,
2502 2396 2561 2436 se
2603 2382 2822 2449 quidem
2875 2378 3087 2432 nescire
3136 2375 3533 2446 proﬁtebatur;
3581 2372 3678 2427 sed

2096 2485 2278 2530 tamen
2326 2473 2531 2527 moveri
2574 2481 2738 2541 atque
2778 2469 2981 2539 impelli
3034 2477 3094 2520 ut
3138 2468 3212 2520 ita
3260 2466 3509 2521 sentiret.
3551 2462 3681 2517 Post

2093 2564 2210 2619 ham
2236 2579 2358 2619 cum
2388 2577 2511 2617 eum
2541 2560 2897 2631 jurejurando
2927 2558 3254 2626 adegissent,
3294 2565 3354 2608 ut
3397 2570 3460 2610 ex
3506 2552 3676 2607 animi

2092 2657 2177 2712 sui
2215 2654 2487 2711 sententia
2516 2655 2854 2724 loqueretur,
2894 2650 3105 2720 juravit
3143 2664 3202 2705 se
3238 2664 3426 2704 verum
3466 2647 3675 2712 dicere,

2092 2762 2193 2802 nec
2226 2762 2286 2801 se
2310 2747 2537 2801 omnino
2573 2747 2714 2801 scire
2743 2760 2853 2815 qua
2888 2744 3099 2797 ratione
3130 2755 3271 2796 unus
3295 2750 3441 2795 esset
3468 2738 3680 2809 ingeni-

2092 2848 2180 2895 tus
2207 2838 2373 2905 Deus,
2402 2854 2462 2894 se
2486 2847 2667 2893 tamen
2700 2839 2773 2892 ita
2804 2837 3050 2892 credere.
3085 2835 3181 2889 llis
3209 2833 3414 2889 auditis
3440 2847 3542 2902 ego
3571 2831 3675 2886 bo-

2092 2934 2291 2987 minem
2324 2932 2579 2987 deridens
2615 2930 2982 3000 reprehendi,
3014 2928 3111 2998 qui
3144 2943 3268 2982 cum
3301 2942 3363 2982 se
3393 2926 3674 2980 ductorem

405 3012 498 3065 τοῦ
534 3015 821 3081 Τατιανοῦ,
853 3018 1016 3083 αὐτὸς
1051 3021 1080 3072 6
1122 3019 1319 3074 Ῥόδων
1345 3023 1402 3075 ἐν
1440 3020 1555 3092 ίδίῳ
1594 3020 1988 3094 συγγράμματι

2097 3025 2465 3095 proﬁteretur,
2500 3024 2804 3078 doctrinam
2836 3036 2989 3075 suam
3017 3021 3318 3075 rationibus
3346 3018 3675 3075 conﬁrmare

404 3106 505 3168 τὰς
534 3104 643 3159 τῶν
680 3108 890 3163 ἐκείνου
922 3111 1322 3183 προϐλημάτων
1352 3112 1630 3176 ὲπιλύσεις
1657 3113 1989 3184 ὲκθήσεσθαι

2097 3130 2201 3171 non
2236 3125 2436 3185 posset.
2479 3133 2497 3166 ι
2529 3115 2793 3169 Caeterum
2839 3113 2893 3166 in
2935 3114 3123 3167 eodem
3172 3112 3311 3166 libro
3347 3124 3505 3179 quem
3546 3108 3672 3164 Cal-

405 3195 819 3264 ἐπαγγέλλεται.
866 3199 1094 3271 Φέρεται
1152 3201 1208 3254 δὲ
1256 3201 1351 3255 τοῦ
1401 3202 1565 3255 αὑτοῦ
1616 3202 1709 3256 καὶ
1755 3206 1843 3266 εὶς
1873 3201 1990 3271 τὴν

2097 3184 2293 3263 Iistioni
2336 3207 2691 3275 nuncupavit,
2717 3204 2902 3259 Roma:
2952 3220 2981 3257 a
3024 3202 3255 3258 Tatiano
3292 3216 3352 3257 se
3393 3200 3671 3256 eruditum

416 3280 786 3358 Ἕξαήμερον
802 3290 1015 3362 ύπόμνη
1025 3310 1119 3360 μα.
1150 3294 1210 3346 'U
1223 3293 1369 3362 γέτοι
1397 3293 1661 3365 Ἀπελλῆς
1686 3285 1863 3359 οὗτος,
1884 3312 1986 3364 μυ-

2097 3314 2211 3355 esse
2238 3307 2489 3353 testatur.
2534 3295 2726 3350 Refert
2764 3295 2930 3349 etiam
2970 3308 2998 3347 a
3037 3292 3270 3346 Tatiauu
3292 3293 3670 3344 elm-ubratum

410 3378 499 3449 piat
531 3381 673 3434 κατὰ
698 3383 793 3436 τοῦ
817 3384 1095 3448 Μωῡσέως
1130 3386 1368 3457 ἠσέϐησε
1392 3387 1579 3459 νόμου,
1609 3386 1699 3441 διὰ
1731 3386 1989 3440 πλειόνων

2097 3406 2210 3446 esse
2242 3389 2604 3455 Quaestionum
2638 3386 2858 3449 librum,
2888 3387 2941 3438 in
2972 3399 3080 3453 quo
3124 3399 3246 3437 cum
3279 3381 3543 3435 Tatianus
3573 3381 3672 3434 ob-

407 3475 853 3545 συγγραμμάτων
879 3476 1005 3539 τοὺς
1036 3476 1214 3541 θείους
1242 3478 1626 3551 βλασφημίσας
1656 3479 1872 3548 λόγους,
1908 3480 1990 3542 εἰς

2097 3496 2281 3535 Ecnros
2334 3460 2513 3549 atque.
2556 3480 2829 3533 involutos
2871 3491 3040 3531 sacrae
3080 3475 3378 3543 Scripturae
3424 3471 3576 3526 locos
3610 3485 3671 3525 se

405 3561 625 3633 ἐλεγχόν
657 3582 739 3630 τε,
781 3565 858 3630 ὥς
889 3583 954 3635 γε
992 3567 1057 3639 δὴ
1100 3568 1298 3633 ἐδόκει,
1341 3571 1436 3623 καὶ
1466 3570 1779 3642 ἀνατροπὴν
1807 3571 1988 3624 αὐτῶν

2097 3572 2464 3641 expositurum
2491 3584 2613 3625 esse
2641 3568 3005 3639 promisisset,
3032 3567 3146 3635 ipse
3171 3565 3400 3619 Rhodon
3442 3563 3671 3619 soluti:-

402 3654 466 3707 ού
494 3657 696 3726 μικρὰν
721 3660 1085 3730 πεποιημένος
1106 3661 1361 3734 σπουδήν.
1388 3660 1574 3717 Ταῦτα
1598 3662 1697 3733 μὲν
1731 3657 1825 3717 οὖν
1855 3664 1985 3734 περὶ

2097 3678 2185 3717 nes
2226 3662 2590 3732 quaestionum
2631 3660 2843 3714 Tatiani
2890 3659 3153 3730 peculiari
3201 3650 3369 3727 opere
3394 3657 3667 3712 editurum

403 3744 632 3805 τούτων·
2087 3769 2148 3810 se
2166 3769 2288 3810 esse
2311 3753 2619 3824 proﬁtetur.
2649 3754 2880 3809 Exstant
2909 3752 3074 3807 etiam
3104 3748 3348 3818 ejusdem
3380 3750 3433 3802 in
3462 3748 3669 3803 flexae-

403 3855 581 3893 meron
609 3838 1009 3897 Commentarii.
1042 3841 1148 3899 lste
1198 3858 1364 3914 porro
1414 3859 1576 3915 quem
1626 3844 1865 3900 diximus
1916 3843 2175 3915 Apelles,
2219 3845 2453 3917 plurima
2521 3845 2784 3900 adversus
2827 3844 2998 3914 legem
3037 3840 3333 3896 Mosaicam
3387 3841 3549 3911 impie
3584 3856 3668 3900 est

403 3930 654 3996 lucutus;
686 3930 984 4001 multisque
1013 3933 1172 3989 libris
1222 3934 1761 3990 maledicentissimis
1789 3937 2009 3990 oracula
2043 3936 2224 3991 divina
2261 3938 2562 3992 insectatus
2590 3948 2698 4002 est,
2722 3936 2849 3991 dum
2887 3948 2950 3987 ea
2991 3932 3299 3997 confutare,
3352 3941 3406 3986 et
3457 3941 3515 3987 ut
3546 3935 3667 4003 qui-

408 4030 537 4080 dem
576 4027 679 4081 sibi
712 4026 1034 4092 videbatur,
1068 4029 1286 4097 penitus
1309 4039 1580 4095 evertere,
1620 4030 1828 4100 ingenti
1867 4031 2050 4086 studio
2100 4032 2349 4088 molitur.
2382 4031 2580 4088 Verum
2616 4031 2685 4086 de
2714 4031 2804 4086 his
2837 4029 3121 4083 hactenus.

928 4122 1325 4175 ΚΕΦΑΛΑΙΟΝ
1352 4123 1451 4176 ΙΔ’.

1368 4215 1836 4286 ευδοπροφητῶν

543 4213 683 4282 Περὶ
710 4213 828 4269 τῶν
859 4214 1010 4286 καζᾲ
1053 4216 1287 4285 Φρύγας
1317 4219 1369 4286 ψ

926 4284 1065 4356 (Nic.
1100 4284 1246 4343 ILE.
1279 4284 1353 4349 xv,
1371 4286 1485 4357 20).

471 4371 779 4440 Μισόκαλός
811 4393 875 4446 γε
906 4379 1013 4449 μὴν
1040 4379 1119 4442 είς
1140 4378 1209 4432 τὰ
1240 4378 1473 4449 μάλιστα
1498 4380 1594 4433 καὶ
1616 4378 1978 4452 φιλοπόνηρος

398 4462 474 4517 ὢν
493 4465 521 4516 6
552 4465 652 4537 τῆς
696 4467 1021 4542 Ἐκκλησίας
1050 4469 1144 4524 τοῦ
1175 4469 1310 4524 Θεοῦ
1357 4471 1634 4543 πολέμιος,
1686 4470 1889 4543 μηδένα
1918 4489 1979 4525 τε

2672 4127 2900 4184 CAPUT
2941 4126 3082 4182 XIV.

2325 4220 2407 4276 De
2436 4220 2590 4290 falsis
2626 4221 2893 4291 prophetis
2926 4219 3412 4290 Cataphrygarum.

2158 4375 2429 4433 Caeterum
2460 4377 2634 4432 hostis
2670 4376 2929 4432 Ecclesiae
2964 4374 3082 4449 Dei,
3106 4377 3199 4445 qui
3226 4389 3440 4445 semper
3472 4373 3660 4432 virtuti

2086 4471 2319 4527 infestus
2344 4480 2428 4526 est
2453 4480 2508 4526 et
2540 4471 2699 4525 malis
2721 4470 3051 4534 delectatur,
3084 4482 3185 4522 nec
3219 4467 3386 4521 ullam
3416 4483 3658 4539 unquam

399 4556 664 4626 μηδαμῶς
688 4558 788 4629 τῆς
817 4561 960 4614 κατὰ
992 4560 1100 4616 τῶν
1132 4560 1432 4634 ἀνθρώπων
1459 4562 1751 4633 ἐπιϐουλῆς
1784 4563 1979 4617 ἀπολι-

2097 4563 2379 4620 insidiandi
2430 4562 2745 4618 hominibus
2800 4561 3035 4631 speciem
3086 4568 3250 4628 atque
3315 4561 3658 4614 occasionem

397 4645 516 4702 πὼν
559 4648 780 4718 τρόπον,
821 4653 1060 4723 αἱρέσεις
1096 4654 1253 4719 ξένας
1292 4651 1447 4719 αὖθις
1479 4654 1804 4723 ὲπιφύεσθαι
1837 4656 1978 4710 κατὰ

394 4738 495 4808 τῆς
532 4739 853 4812 Ἐκκλησίας
880 4745 1126 4816 ἐνήργει·
1159 4738 1235 4800 ὧν
1258 4747 1309 4799 οί
1340 4748 1435 4818 μὲν
1464 4747 1683 4801 ἰοϐόλων
1700 4747 1856 4820 δίκην
1888 4748 1978 4819 ἐρ-

398 4830 573 4884 πετῶν
610 4834 703 4886 ἐπὶ⁵
740 4833 843 4903 τῆς
884 4837 1067 4897 Ἀσίας
1102 4841 1195 4893 καὶ
1223 4840 1461 4911 Φρυγίας
1501 4837 1712 4911 εἷρπον,
1754 4841 1846 4894 τὸν
1880 4841 1979 4912 μὲν

463 4999 575 5080 (8?)
617 5001 690 5056 Τὸ
719 5002 787 5056 δὲ
815 5003 1057 5060 πάντων
1097 5009 1540 5080 ἀσαφέστατον.
1578 5010 1806 5066 Ruﬁnus
1849 5010 1979 5080 legit

393 5070 753 5140 σαφέστατον,
790 5084 847 5127 ιιι
878 5090 943 5128 ex
1000 5070 1252 5134 versione
1298 5082 1418 5149 ejus
1449 5091 1668 5135 constat
1718 5096 1840 5151 qua:
1881 5070 1964 5135 sic

392 5140 899 5211 habetdlanifeste
951 5155 1127 5201 tamen
1169 5149 1476 5204 decernebat
1524 5152 1589 5205 de
1638 5149 1767 5211 Deo.
1825 5152 1959 5204 sicut

392 5160 899 5211 nuneunanqeste
951 5160 1127 5201 tamen
1169 5160 1476 5204 decernebat
1524 5160 1589 5205 de
1638 5160 1767 5212 Deo.
1825 5160 1959 5204 sicut

389 5212 755 5275 prazdt'ximus,
782 5229 947 5286 unum
971 5231 1082 5286 esse
1104 5220 1447 5286 principium.
1463 5218 1637 5285 Quam
1664 5220 1959 5274 lectionem

389 5289 737 5365 secutuslest
779 5284 944 5365 etiam
992 5284 1543 5365 Christophorsonus.
1596 5288 1795 5365 Verum
1842 5291 1961 5345 hac

391 5351 766 5417 interpretatio
800 5351 929 5405 ferri
963 5370 1070 5408 non
1103 5351 1302 5424 potest.
1346 5357 1591 5413 Primum
1642 5360 1787 5413 enim
1830 5374 1957 5413 ver-

388 5417 515 5487 bum
562 5417 947 5487 ἐδογματίζετο
985 5427 1256 5487 passivam
1294 5428 1457 5481 habet
1485 5428 1957 5487 signiﬁcationem.

391 5437 515 5499 nutu
562 5437 947 5491 εοογματιςετο
985 5440 1256 5494 passnvam
1294 5437 1457 5481 habet
1485 5437 1958 5497 significationem.

391 5485 616 5570 Petnde,
652 5500 861 5570 tantum
889 5493 1045 5549 abest
1072 5504 1135 5548 ut
1174 5496 1390 5570 Apelles
1419 5498 1848 5570 disputationem
1890 5499 1961 5553 de

389 5556 523 5634 Deo,
572 5559 914 5634 manifestam
971 5572 1133 5633 atque
1183 5556 1665 5634 eipeditam'esse
1713 5568 1957 5632 diceret,

388 5627 731 5713 quinpotius
770 5627 1372 5713 asserebat'Lremesse
1401 5636 1646 5713 omnium
1684 5627 1960 5692 obscuris-'-

390 5708 605 5773 snuam,
634 5703 1129 5776 prorsusquenihil
1157 5704 1285 5776 sciri
1314 5719 1473 5773 posse
1510 5707 1578 5759 de
1606 5704 1741 5769 Deo,
1783 5720 1848 5759 ac
1888 5721 1960 5761 ne

390 5769 539 5832 ipsos
572 5769 792 5835 quidem
834 5773 1125 5840 prophetas
1164 5769 1461 5844 quidquam
1505 5776 1571 5831 de
1614 5775 1724 5830 Deo
1769 5776 1949 5830 mani-

2083 4655 2473 4723 praetermittit,
2498 4654 2814 4725 peregrinas
2835 4653 3096 4723 quasdam
3128 4654 3364 4707 hznreses
3388 4651 3658 4707 adversus

2085 4746 2388 4802 Ecclesiam
2420 4746 2688 4816 pullulare
2736 4747 2932 4801 iterum
2974 4744 3121 4801 fecit.
3148 4743 3388 4812 Quarum
3424 4753 3659 4799 sectato-

2087 4852 2177 4895 res
2214 4838 2304 4893 alii
2339 4839 2555 4909 quidem
2605 4850 2996 4892 venenatorum
3039 4839 3295 4907 anguium
3344 4836 3520 4892 instar
3558 4851 3656 4906 per

2088 5011 2252 5084 feste,
2299 5019 2462 5084 atque
2503 5020 2562 5064 ut
2605 5025 2697 5084 res
2725 5018 2808 5084 est
2839 5010 3241 5079 pronuntiasse,
3294 5009 3652 5081 quemadmo-

2083 5082 2209 5135 dum
2242 5080 2382 5135 infra
2414 5082 2573 5135 docet
2604 5080 2854 5134 Rhodon.

2144 5150 2258 5220 (85)
2314 5149 2412 5219 Μὴ
2477 5150 2857 5205 ἐπίστασθαι.
2910 5149 2966 5203 In
3005 5165 3072 5203 eo
3136 5149 3354 5219 quidem
3398 5165 3503 5204 non
3538 5150 3651 5203 val-

2070 5220 2137 5274 de
2190 5221 2670 5289 reprehendendus
2742 5228 2863 5273 erat
2930 5220 3186 5288 Apelles,
3231 5221 3389 5289 quod
3445 5220 3646 5274 diceret

2069 5288 2282 5344 nescire
2321 5305 2381 5343 se
2411 5291 2684 5358 quomodo
2720 5304 2861 5359 unus
2890 5299 3036 5345 esset
3068 5290 3344 5359 ingenitus
3380 5288 3551 5352 Deus,
3586 5301 3647 5342 se

2072 5370 2249 5412 tamen
2300 5361 2372 5413 ita
2411 5357 2658 5414 credere.
2710 5357 2909 5413 Verum
2942 5361 2995 5413 iu
3022 5374 3088 5413 eo
3121 5357 3454 5426 aberrabat,
3495 5359 3643 5426 quod

2066 5429 2388 5497 prophetias
2408 5430 2605 5497 quibus
2625 5443 2689 5483 ea
2705 5432 2773 5482 de
2789 5444 2896 5499 uno
2920 5438 2976 5483 et
2997 5430 3237 5499 ingenito
3264 5425 3643 5499 D:_:o_doctriua

2069 5501 2322 5560 traditur,
2364 5496 2589 5566 pr0rsus
2616 5497 2974 5567 repudiabat;
3010 5496 3079 5552 et'
3109 5498 3251 5567 quod
3288 5496 3642 5567 philosophite

2066 5564 2510 5636 imperitissimus
2537 5607 2555 5630 ρ
2588 5564 2818 5622 aliorum
2856 5583 2914 5622 se
2955 5564 3231 5636 doctorem
3260 5564 3636 5636 proﬁtebatur.

2066 5630 2179 5691 llnc
2201 5641 2266 5690 de
2295 5652 2454 5691 causa
2487 5638 2682 5690 merito
2703 5652 2731 5688 a
2758 5637 3018 5692 Rhodone
3037 5634 3371 5705 suggillatur.
3400 5630 3639 5705 [surum

2070 5706 2377 5778 ἀληθεύειν,
2414 5707 2589 5776 λέγων
2618 5723 2681 5762 ex
2720 5706 2984 5776 Stephan.
3025 5700 3147 5761 me;
3182 5700 3423 5769 scripsit:
3454 5700 3559 5774 11.]
