4198 6394
395 351 502 407 465

1426 349 1777 407 ΠΙΒΤΟΒΙᾹΞ
1818 349 2382 411 ECCLESIASTICIE
2426 349 2554 407 LIB.
2596 348 2662 404 V.

3562 349 3667 403 466

398 485 525 540 μην,
542 465 641 521 οὐκ
662 466 868 539 ἀπορία
886 466 980 521 τοῦ
1005 466 1265 521 δύνασθαι
1289 468 1531 538 ἐλέγχειν
1559 469 1656 538 μὲν
1685 469 1745 521 τὸ
1767 468 1974 538 ψεῦδος,

2088 468 2209 523 hius
2250 467 2514 522 hactenus
2550 464 2765 520 substiti
2800 480 2814 517 :
2851 478 2954 517 non
3001 464 3146 534 quod
3186 472 3282 518 aut
3319 462 3666 519 mendacium

396 576 572 630 μαρτυ
582 560 692 629 ρεῖν
706 558 762 612 δὲ
775 561 843 629 τῇ
862 558 1106 629 ἀληθείᾳ·
1130 556 1314 621 δεδιὼς
1331 558 1387 611 δέ
1400 558 1492 612 καὶ
1505 558 1791 624 ἐξευλαὸού
1801 575 1978 628 μενος,

396 652 469 722 μή
495 668 569 719 πη
590 649 726 714 δόξω
744 651 885 703 τισὶν
913 651 1288 721 ἐπισυγγράφε
1298 668 1344 703 ιν
1363 651 1395 721 ἦ
1416 650 1890 705 ἐπιδιατάσσεσθαι
1906 650 1983 722 τῷ

390 744 492 812 τῆς
518 742 611 796 τοῦ
642 742 972 811 Εὐαγγελίου
1006 744 1215 814 Καινῆς
1247 743 1524 815 Διαθήκης
1555 744 1718 814 λόγῳ,
1844 746 1980 816 μήτε

391 836 709 908 προσθεῖναι
743 836 866 907 μήτ’
889 835 1107 904 ἀφελεῖν
1131 835 1374 897 δυνατὸν,
1396 834 1473 906 τῷ
1493 835 1634 889 κατά
1655 836 1715 888 τὸ
1732 837 1979 906 Εὐαγγέ-

390 928 503 981 λιον
540 929 673 983 αὐτὸ
711 928 1085 981 πολιτεύεσθαι
1126 928 1515 1000 προῃρημένῳ.
1556 929 1892 1001 Προσφάτως
1923 930 1980 982 δὲ

390 1023 684 1093 γενῦμενος
713 1023 769 1074 ἐν
811 1020 1056 1091 Ἀγκύρᾳ
1086 1022 1184 1092 τῆς
1219 1022 1507 1086 Γαλατίας,
1539 1022 1631 1075 καὶ
1657 1022 1980 1076 καταλαϐὼν

388 1113 487 1185 τὴν
514 1114 657 1168 κατὰ
680 1114 845 1167 τόπον
868 1113 1193 1185 Ἐκκλησίαν
1217 1114 1325 1184 (89)
1354 1113 1458 1167 ὑπὸ
1480 1115 1578 1185 τῆς
1604 1114 1730 1177 νέας
1755 1114 1978 1186 ταύτης,

390 1208 509 1276 οὐχ,
540 1206 618 1270 ὡς
650 1206 804 1260 αὐτοί
832 1223 986 1275 φασι,
1017 1206 1371 1277 προφητείας,
1402 1206 1537 1259 πολὺ
1566 1206 1620 1259 δὲ
1655 1206 1874 1277 μᾶλλον,
1905 1206 1980 1271 ὼς

386 1297 749 1368 δειχθήσεται,
776 1297 1278 1369 ψευδοπροφητείας
1300 1296 1823 1369 διατεθρυλλημένην
1846 1298 1977 1369 (90),

391 1390 621 1445 καθόσον
635 1390 875 1454 δυνατὸν,
901 1391 993 1445 τοῦ
1012 1391 1219 1463 Κυρίου
1246 1392 1621 1462 παρασχόντος
1646 1394 1774 1464 περὶ
1801 1391 1980 1445 αὐτῶν

387 1501 449 1538 τε
462 1482 668 1537 τούτων
686 1484 902 1538 καὶτῶν
927 1485 1360 1556 προτεινομένων
1381 1486 1474 1538 ὑπ’
1491 1485 1667 1539 αὐτῶν
1687 1486 1894 1540 ἕκαστά
1919 1504 1979 1539 τε

392 1576 505 1645 (91)
524 1575 770 1647 διελέχθη
780 1593 877 1648 μεν
907 1577 1145 1648 ἡμέραις
1164 1577 1404 1630 πλείοσιν
1419 1577 1477 1629 ἐν
1493 1580 1556 1650 τῇ
1578 1577 1844 1651 ἐκκλησίᾳ
1864 1596 1875 1608 ·
1905 1578 1979 1644 ὡς

386 1666 487 1737 τὴν
511 1666 610 1737 μὲν
643 1667 969 1738 Ἐκκλησίαν
989 1666 1435 1737 ἀγαλλιασθῆναι,
1454 1669 1549 1721 καὶ
1572 1668 1709 1740 πρὸς
1730 1668 1828 1741 τὴν
1855 1669 1981 1741 ἀλή-

2087 560 2354 623 refellere,
2386 568 2478 614 aut
2502 558 2719 612 veritati
2754 556 3085 627 patrocinari
3119 557 3341 612 minime
3368 558 3610 621 valerem
3649 575 3665 612 :

2083 651 2178 707 sed
2207 651 2351 719 quod
2380 651 2615 705 verebar
2653 664 2717 704 ac
2765 648 3214 713 refortuidabam,
3253 665 3321 706 ne
3373 649 3513 705 forte
3544 652 3667 720 qui-

2083 743 2308 798 busdam
2340 741 2552 794 viderer
2576 739 2904 807 evangelicae
2926 738 3058 794 Novi
3086 739 3423 795 Testamenti
3454 740 3660 796 doctri-

2084 850 2167 889 nae
2201 833 2498 903 quidquam
2532 830 2825 887 scribendo
2866 832 3089 896 addere,
3114 842 3171 886 et
3196 833 3378 887 denuo
3423 843 3667 888 statuere

2081 926 2360 981 voluisse:
2399 924 2486 979 cui
2516 934 2695 978 tamen
2728 938 2904 993 neque
2931 924 3092 995 adjici
3145 926 3442 994 quidquam
3488 939 3665 994 neque

2084 1019 2251 1074 adimi
2293 1019 2377 1073 fas
2411 1026 2516 1085 est,
2548 1016 2615 1073 ab
2661 1031 2728 1071 eo
2778 1016 3080 1085 praesertim
3134 1019 3225 1085 qui
3272 1032 3338 1071 ex
3382 1018 3665 1088 Evangelii

2083 1111 2366 1182 praeceptis
2402 1113 2564 1165 vitam
2589 1123 2753 1178 agere
2776 1109 3092 1163 instituerit.
3127 1109 3307 1180 Nuper
3351 1126 3483 1165 vero
3539 1126 3661 1165 cum

2081 1218 2259 1259 essem
2290 1202 2520 1274 Anryrze
2554 1201 2607 1255 in
2652 1199 2889 1265 Galatia,
2922 1208 2976 1255 ct
3022 1199 3319 1255 Ecclesiam
3373 1201 3518 1257 illius
3561 1202 3662 1257 loci

2083 1312 2220 1351 nova
2252 1295 2337 1349 illa
2376 1310 2481 1350 non
2518 1302 2577 1348 ut
2610 1294 2712 1363 ipsi
2747 1293 2935 1347 dicunt
2965 1293 3272 1362 prophetia,
3313 1295 3429 1358 sed,
3472 1303 3529 1348 ut
3569 1309 3664 1363 po-

2081 1397 2199 1442 stea
2277 1386 2761 1449 demonstrabitnr,
2832 1384 3325 1455 pseudoprophetia
3394 1387 3662 1440 turbatam

2080 1478 2897 1548 deprehendissém;quantum
2960 1477 3141 1531 facere
3190 1477 3364 1546 potui,
3417 1478 3525 1531 Deo
3573 1476 3665 1545 ju-

2082 1580 2262 1637 vante,
2297 1581 2409 1625 tum
2437 1570 2503 1625 de
2553 1569 2639 1624 his
2685 1570 2841 1639 ipsis,
2878 1579 2986 1623 tum
3036 1571 3104 1623 de
3138 1568 3362 1638 reliquis
3413 1569 3665 1626 omnibus

2074 1679 2201 1734 quae
2229 1664 2295 1718 ab
2325 1662 2430 1719 illis
2463 1662 2924 1738 proponebantur,
2969 1660 3283 1730 singillatim
3323 1661 3375 1716 in
3429 1662 3663 1717 ecclesia

389 1758 540 1813 θειαν
555 1760 982 1831 ἐπιρρωσθῆναι,
1002 1761 1128 1824 τοὺς
1154 1760 1210 1813 δέ
1232 1760 1542 1825 ἐξεναντίας
1562 1761 1698 1832 πρὸς
1725 1761 1785 1814 τὸ
1803 1763 1974 1834 παρὸν

2082 1755 2312 1810 disserui
2363 1753 2610 1824 pluribus
2644 1751 2835 1807 diebus
2869 1770 2882 1806 :
2918 1751 3051 1806 adeo
3084 1761 3141 1805 ut
3174 1751 3415 1809 Ecclesia
3443 1753 3664 1823 quidem

387 1828 982 1924 ἀποκρουσθῆναιξκαὶ
1013 1854 1141 1922 τρὺς
1165 1854 1478 1918 ἀντιθέτους
1507 1828 1617 1925 (921
1650 1828 1973 1926 λυπηθῆναι.

2083 1845 2388 1902 incredibili
2418 1844 2616 1915 gaudio
2648 1842 2861 1910 aﬂ‘ecta,
2908 1852 2963 1898 et
3003 1844 3053 1897 in
3097 1841 3330 1899 veritate
3381 1844 3503 1899 ﬁdei
3548 1860 3666 1899 ma-

403 1945 726 2010 Ἀξιούντων
764 1941 857 2001 οὖν
886 1947 993 2001 τῶν
1023 1948 1165 2002 κατά
1188 1948 1354 2001 τόπον
1385 1948 1794 2021 πρεσδυτέρων,
1830 1950 1978 2015 ὅπως

387 2038 497 2091 τῶν
538 2039 837 2111 λεχθέντων
894 2040 1037 2094 κατά
1080 2042 1185 2095 τῶν
1225 2040 1733 2111 ἀντιδιατιθεμένων
1769 2039 1848 2111 τῷ
1876 2041 1978 2112 τῆς

388 2130 648 2196 ἀληθείας
684 2132 829 2203 λόγῳ
857 2132 1158 2203 ὑπόμνημά
1182 2149 1234 2184 τι
1270 2131 1679 2202 καταλίπωμεν,
1716 2133 1980 2202 παρόντος

387 2226 485 2276 καὶ
528 2222 623 2276 τοῦ
652 2223 1136 2294 ωμπρεσὸυτέρου
1175 2227 1207 2295 ὴ
1219 2222 1335 2293 μῶν
1379 2222 1619 2277 Ζωτικοῦ
1655 2222 1750 2277 τοῦ
1784 2223 1977 2295 Ὀτρη-

388 2312 480 2365 νοῦ
505 2311 638 2383 (95),
672 2311 832 2365 τοῦτο
868 2313 965 2384 μὲν
1006 2313 1106 2365 οὐκ
1154 2312 1495 2385 ἐπράξαμεν,
1534 2312 1978 2389 ἐπηγγειλάμεθα

387 2404 444 2457 δὲ
470 2404 660 2459 ἐνθάδε
687 2403 999 2475 γράψαντες
1029 2404 1123 2458 τοῦ
1151 2404 1359 2477 Κυρίου
1394 2405 1648 2468 διδόντος,
1693 2404 1782 2460 διὰ
1809 2423 1977 2459 σπου·-

386 2496 482 2567 δῆς
507 2496 745 2567 πέμπειν
772 2496 976 2560 αὐτοῖς.
1016 2516 1035 2548 ι
1074 2496 1263 2551 Ταῦτα
1298 2498 1394 2551 καὶ
1426 2495 1552 2567 ἑξῆς
1573 2496 1783 2561 τούτοις
1815 2498 1977 2569 ἕτερα

387 2588 670 2661 καταρχὰς
696 2587 867 2641 εἰπὼν
910 2588 1004 2642 τοῦ
1032 2588 1213 2658 λόγου,
1242 2588 1335 2642 τὸν
1369 2589 1542 2643 αἴτιον
1566 2578 1684 2661 ’τῆς
1715 2589 1980 2662 δηλουμέ-

386 2699 485 2753 νης
530 2680 794 2753 αἱρέσεως
845 2680 1052 2753 προῖὼν
1086 2680 1273 2734 τοῦτον
1314 2682 1589 2752 ἀνιστορεί
1619 2682 1711 2735 τὸν
1752 2682 1975 2753 τρόπον’

394 2793 412 2825 ι
454 2773 516 2826 Ἠ
533 2772 711 2827 τοίνυν
736 2772 990 2837 ἔνστασις
1015 2774 1192 2828 αὐτῶν
1216 2774 1311 2827 καὶ
1338 2776 1368 2845 ἡ
1394 2774 1705 2846 πρόσφατος
1724 2775 1819 2830 τοῦ
1845 2777 1979 2830 ἀπο-

388 2866 686 2938 σχίσματος
723 2867 938 2939 αἵρεσις
975 2867 1110 2939 πρὸς
1138 2867 1237 2940 τὴν
1276 2866 1624 2939 Ἐκκλησίαν,
1666 2867 1763 2939 τὴν
1799 2867 1978 2923 αἰτίαν

387 2956 513 3026 ἔσχε
565 2954 842 3029 τοιαύτην.
885 2955 1062 3029 Κὼμη
1108 2974 1193 3022 τις
1225 2953 1363 3012 εἶναι
1389 2957 1609 3027 λέγεται
1655 2961 1713 3012 ἐν
1744 2962 1809 3030 τῇ
1836 2959 1977 3012 κατά

385 3046 483 3119 τὴν
517 3047 757 3118 Φρυγίαν
777 3049 964 3121 Μυσίᾳ
986 3048 1121 3121 (94),
1150 3050 1464 3122 καλουμένη
1490 3050 1759 3125 Ἀρδαόᾶν
1790 3051 1975 3105 τοῦνο-

2081 1953 2321 2009 gnopere
2335 1937 2655 1993 conﬁrmata
2682 1937 2783 2007 sit;
2811 1937 3112 1991 adversarii
3139 1953 3267 1994 vero
3293 1946 3420 1993 tunc
3447 1937 3664 2008 quidem

2080 2030 2249 2101 fugati
2281 2042 2337 2085 et
2368 2029 2460 2083 Dei
2488 2029 2674 2084 hostes
2722 2043 2832 2083 non
2875 2028 3138 2084 mediocri
3192 2032 3378 2084 dolore
3430 2028 3664 2099 perculsi

2083 2123 2306 2180 fuerint.
2384 2123 2517 2178 Cum
2559 2136 2687 2177 vero
2729 2121 2848 2191 ejus
2905 2122 3007 2177 loci
3068 2122 3368 2194 presbyteri
3422 2123 3667 2193 postula-

2083 2226 2203 2270 rent
2258 2227 2538 2271 uteorum
2597 2230 2720 2285 quze
2772 2225 2966 2271 contra
3024 2215 3274 2269 veritatis
3319 2215 3663 2270 adversarios

2081 2313 2226 2363 tltcta
2250 2308 2485 2368 fuerant.
2512 2307 2971 2363 commentarium
3007 2308 3138 2377 ipsis
3169 2308 3433 2379 scriptum
3496 2307 3664 2363 relin-

2078 2417 2305 2472 querem
2338 2420 2353 2457 :
2390 2410 2605 2456 astante
2651 2401 2813 2455 etiam
2858 2400 3299 2470 compresbytero
3326 2410 3515 2455 nostro
3556 2399 3661 2456 Zo-

2083 2497 2192 2550 tico
2223 2496 2448 2562 Utreno,
2475 2496 2527 2549 id
2552 2496 2777 2564 quidem
2801 2494 3028 2549 minime
3069 2495 3295 2564 praestiti
3323 2513 3338 2562 ;
3375 2496 3538 2567 180
3568 2497 3662 2552 sed

2080 2587 2241 2643 simul
2283 2596 2446 2657 atque
2474 2587 2580 2642 huc
2613 2587 2923 2653 rediissem,
2954 2588 3289 2655 scripturum
3339 2604 3425 2643 me
3455 2590 3661 2653 omnia,

2079 2691 2135 2736 et
2191 2682 2257 2734 ad
2306 2681 2450 2750 ipsos
2488 2681 2894 2750 quamprimum
2952 2681 3244 2736 missurum
3299 2679 3408 2737 Deo
3451 2679 3666 2738 favente

2080 2772 2329 2843 promisi.
2366 2793 2384 2825 ι
2426 2773 2550 2828 llaec
2577 2783 2632 2828 et
2661 2773 2766 2827 alia
2802 2774 2855 2827 in
2889 2773 3118 2829 exordio
3163 2774 3342 2843 operis
3374 2783 3663 2845 postquam

2080 2867 2240 2927 dixit.
2277 2866 2539 2936 paulatim
2568 2866 2793 2920 ulterius
2823 2880 3171 2935 progressus,
3202 2866 3526 2935 supradictae
3556 2867 3667 2922 hae-

2080 2963 2216 3018 resis
2244 2971 2520 3017 auctorem
2544 2962 2811 3015 describit
2840 2960 2925 3015 his
2971 2959 3152 3014 verbis
3183 2975 3199 3014 :
3247 2979 3265 3013 ι
3300 2960 3468 3029 Igitur
3493 2960 3665 3016 obsti-

2081 3064 2206 3109 nata
2257 3054 2471 3108 illorqu
2526 3053 2693 3109 coitio
2747 3054 3010 3111 adversus
3061 3052 3380 3119 Ecclesiam,
3413 3063 3469 3108 et
3522 3069 3665 3109 nova

389 3157 496 3211 μα·
529 3139 656 3194 ἔνθα
688 3141 820 3211 φασί
852 3159 970 3195 τινα
1003 3140 1114 3194 τῶν
1147 3143 1446 3197 νεοπίστων
1473 3142 1729 3215 πρώτως,
1763 3130 1974 3198 Μοντα-

2083 3146 2369 3216 perniciosi
2395 3146 2704 3225 schismatis
2730 3146 2970 3209 haeresis,
3000 3147 3140 3201 hanc
3162 3146 3352 3201 habuit
3374 3145 3664 3216 originem.

383 3230 473 3285 νὺν
503 3230 761 3304 τοῦνομα,
788 3234 931 3288 κατά
962 3236 1168 3306 Γράτον
1197 3236 1378 3299 Ἀσίας
1400 3235 1731 3302 ἀνθύπατον,
1765 3239 1823 3291 ἐν
1852 3238 1973 3291 ἐπι-

384 3325 555 3398 θυμίᾳ
578 3327 756 3399 ψυχῆς
779 3328 1005 3400 ἀμέτρῳ
1024 3328 1423 3400 φιλοπρωτείας
1449 3330 1609 3383 δόντα
1634 3329 1866 3400 πάροδον
1894 3331 1974 3394 είς

385 3416 577 3470 ἑαυτὸν
618 3417 696 3488 τῷ
728 3418 1110 3488 ἀντικειμένῳ,
1147 3418 1735 3491 πνευματοφορηθῆναί
1770 3436 1830 3473 τε
1877 3419 1972 3474 καὶ

384 3508 663 3577 αἰφνιδίως
691 3510 747 3561 ἐν
770 3512 974 3579 κατοχῇ
1001 3528 1104 3564 τινι
1134 3511 1228 3563 καὶ
1256 3512 1628 3582 παρεκστάσει
1657 3511 1970 3582 γενόμενον,

387 3600 692 3671 ἐνθουσιᾷν,
727 3599 996 3672 ἄρξασθαί
1030 3619 1089 3655 τε
1121 3601 1302 3656 λαλεῖν
1333 3602 1428 3657 καὶ
1450 3602 1791 3673 ξενοφωνεῑν,
1822 3603 1973 3676 παρά

383 3690 446 3771 το
499 3691 641 3746 κατά
674 3692 974 3764 παράδοσιν
1019 3693 1114 3746 καὶ
1165 3695 1306 3748 κατά
1354 3694 1601 3767 διαδοχὴν
1638 3693 1845 3749 ἄνωθεν
1873 3697 1973 3767 τῆς

456 3892 571 3954 (891
615 3892 737 3960 Τὴν
754 3893 907 3948 κατὰ
927 3896 1116 3948 τόπον
1147 3894 1537 3964 Ἐκκλησίαν.
1557 3895 1776 3949 Editum
1796 3894 1976 3950 fuerat

382 3965 483 4037 τὴν
514 3964 670 4037 κατὰΔ
688 3964 886 4037 Πόντον
924 3964 1273 4034 Ἐκκλησίαν·
1314 3968 1408 4020 sed
1444 3967 1608 4036 longe
1638 3966 1973 4034 praeferenda

386 4033 469 4105 est
501 4033 706 4089 codicis
741 4034 889 4103 Regii
947 4033 1241 4105 scriptura,
1305 4051 1467 4104 quam
1534 4033 1845 4105 recepimus
1904 4053 1973 4091 ex

387 4104 693 4173 Nicephoro
762 4106 814 4159 in
866 4105 959 4159 lib.
1013 4104 1099 4167 Iv,
1167 4121 1287 4170 cap.
1343 4106 1451 4169 25;
1519 4106 1569 4159 id
1616 4104 1722 4168 est,
1780 4104 1969 4160 Eccle-

389 4175 522 4247 siom
551 4176 695 4247 illius
722 4175 845 4237 ioci,
875 4176 1108 4246 Ancyra:
1137 4177 1367 4231 scilicet.
1404 4176 1495 4231 Sic
1525 4176 1577 4230 in
1613 4177 1971 4247 inscriptione

390 4244 632 4316 epistolae
663 4244 1079 4316 Smyrneusium
1128 4248 1192 4299 ad
1229 4246 1467 4316 reliquas
1506 4244 1816 4300 Ecclesias':
1855 4246 1969 4300 Καὶ

389 4314 593 4389 πάσα-ις
619 4318 739 4389 ταῖς
764 4314 907 4369 κατά
937 4316 1317 4389 πάνταητόπον
1350 4314 1449 4389 τῆς
1481 4316 1643 4386 ἁγίας
1672 4317 1970 4389 καθολικῆς

402 4383 727 4454 Ἐκκλησίας
748 4386 1077 4457 παροικίαις.
1116 4387 1177 4440 Et
1205 4389 1344 4441 infra
1375 4383 1425 4441 iu
1455 4383 1554 4442 hac
1584 4389 1801 4457 pagina.
1835 4383 1975 4443 Tei-

395 4464 483 4508 tus
514 4457 657 4524 Vulg.
692 4456 876 4522 antea,
907 4456 1047 4510 κατὰ
1077 4458 1298 4512 Πόντον.

463 4525 573 4595 (90)
606 4527 1223 4597 Διατεθρυλλημένην.
1294 4530 1352 4582 Id
1410 4537 1538 4594 est,
1598 4537 1967 4597 personantem

390 4610 453 4649 ac
509 4603 937 4665 perstrepentem.
976 4598 1112 4651 'l‘ota
1167 4598 1311 4652 enim
1366 4598 1609 4654 Ecclesia
1664 4598 1812 4652 illius
1862 4599 1964 4653 loci

390 4680 617 4737 rumore
650 4681 803 4721 nova:
841 4668 1142 4735 prophetiae
1163 4669 1515 4737 personabat,
1546 4684 1667 4722 cum
1697 4670 1767 4722 ob
1802 4678 1968 4723 tantre

391 4737 465 4789 rei
500 4735 794 4789 novitatem
825 4738 1007 4791 cuncti
1053 4739 1120 4792 de
1148 4735 1208 4792 ea
1247 4754 1303 4792 re
1341 4739 1714 4807 loquerentur.
1750 4739 1827 4793 Ex
1857 4754 1966 4807 quo

390 4814 653 4874 apparet,
685 4808 885 4861 donum
915 4807 1214 4876 pmphetize
1256 4808 1367 4876 jam
1401 4819 1512 4861 tum
1545 4809 1648 4863 illis
1703 4809 1968 4875 tempori-

390 4877 493 4931 bus
549 4876 601 4929 in
646 4877 883 4930 Ecclesia
937 4893 1121 4947 rarum
1177 4889 1343 4947 atque
1400 4879 1716 4932 inusitatum
1759 4879 1964 4945 fuisse;

389 4947 592 5018 quippe
616 4961 739 4999 cum
769 4955 956 5000 exorta
997 4946 1232 5018 Montani
1260 4946 1589 5018 prophetia,
1646 4958 1827 5002 tantos
1879 4961 1965 5003 tu-

390 5016 590 5070 inultus
636 5025 761 5069 tunc
786 5019 1046 5081 temporis
1077 5018 1130 5071 in
1166 5016 1404 5072 Ecclesia
1437 5020 1778 5073 excitaverit.
1811 5018 1965 5086 Quod

389 5098 537 5141 certe
558 5086 1049 5159 _non_co_ntigisset,
1075 5090 1121 5140 si
1158 5089 1402 5142 solemne
1429 5098 1553 5143 tunc
1582 5105 1644 5143 ac
1675 5092 1968 5159 pervulga-

391 5166 505 5227 tum
550 5157 608 5227 in
644 5155 911 5227 Ecclesia
950 5155 1145 5227 fuisset
1197 5160 1494 5227 prophetiae
1532 5155 1753 5212 donum.
1791 5155 1967 5215 Porro

386 5224 914 5298 διατεθρυλλημένην
945 5226 1158 5297 Langus
1190 5224 1354 5281 vertit
1383 5230 1743 5282 decantatam.

462 5295 584 5368 (9l)'
604 5295 875 5368 "Exeosz
890 5314 974 5352 τε.
995 5367 998 5368 ν
1017 5295 1332 5366 Amplector
1361 5300 1790 5353 emendationem
1808 5299 1965 5353 Chri-

388 5366 760 5433 sto'ph'orsoni,
788 5366 880 5437 qui
909 5367 1168 5421 ἐκάστοτε
1200 5368 1462 5429 correxit,
1507 5368 1558 5420 id
1596 5379 1700 5431 est,
1729 5371 1962 5435 assidue,

387 5438 639 5508 quotidie,
669 5446 723 5490 et
747 5439 834 5508 sic
862 5437 1098 5492 Savilius
1114 5439 1179 5508 ad
1198 5438 1499 5508 oramlihri
1516 5440 1596 5492 sui
1634 5442 1962 5508 emendavit.

460 5506 572 5578 (9‘2)
598 5508 707 5561 Kal
747 5507 889 5573 τοὺς
933 5506 1298 5573 ἀντιθέτους.
1346 5506 1524 5578 Malim
1574 5507 1869 5573 ἀντιθέους.
1907 5517 1967 5563 ιιι

388 5576 591 5650 legitur
647 5578 714 5632 ad
764 5579 1079 5650 marginem
1120 5576 1964 5650 editionisGenevetisis.UCiitu

388 5648 672 5719 enimjatn
724 5646 925 5702 dixerit
975 5648 1102 5712 τοὺς
1159 5646 1468 5719 ἐξεναντίας
1497 5647 1962 5719 ἀποκρουσθῆναι,

389 5717 725 5788 ineptissima
771 5726 933 5788 esset,
967 5718 1243 5788 repetitio,
1272 5718 1318 5772 si
1356 5718 1484 5781 τοὺς
1518 5717 1965 5782 ἀντιθέτουςίιθ·

392 5802 510 5840 rum
535 5787 858 5844 nominaret.
895 5787 1092 5845 Verum
1122 5788 1426 5854 ἀντιθέους,
1462 5791 1605 5859 quod
1640 5790 1797 5859 longe
1835 5806 1962 5859 gra-

2084 3236 2249 3292 Vicus
2279 3237 2507 3306 quidam.
2551 3252 2673 3293 esse
2732 3237 2933 3292 dicitur
2982 3237 3035 3290 in
3092 3236 3263 3306 Mysia
3320 3240 3663 3294 contermina

2080 3331 2333 3401 Phrygiae
2379 3332 2597 3386 nomine
2622 3330 2862 3385 Ardaba.
2918 3328 2974 3384 In
3008 3344 3114 3398 quo
3144 3329 3298 3385 aiunt
3348 3331 3665 3387 Montanum

2080 3422 2373 3492 quemdam
2406 3437 2473 3477 ex
2509 3424 2576 3478 iis
2614 3422 2702 3493 qui
2734 3422 2969 3477 ﬁdelium
3006 3437 3235 3477 numero
3273 3437 3467 3479 recens
3494 3425 3666 3479 ascri-

2080 3512 2157 3582 pti
2182 3511 2420 3578 fuerant,
2448 3511 2737 3567 immodica
2765 3511 2924 3581 primi
2962 3512 3066 3566 loci
3101 3510 3400 3582 cupiditate
3421 3522 3662 3583 captum,

2081 3600 2318 3671 primum
2344 3601 2446 3655 sub
2473 3599 2643 3655 Grato
2667 3600 2808 3655 Asiae
2828 3598 3151 3669 proconsule
3177 3598 3380 3653 aditum
3412 3600 3465 3654 in
3490 3615 3547 3653 se
3568 3600 3666 3654 ad-

2083 3692 2331 3748 versario
2353 3691 2572 3763 spiritui
2604 3691 2903 3762 praabuisse
2934 3709 2948 3747 :
2996 3701 3053 3747 et
3093 3691 3341 3747 daemone
3389 3692 3660 3762 repletum

2081 3896 2205 3950 vius
2225 3905 2331 3959 est,
2373 3896 2613 3965 appellat
2664 3896 3042 3957 Montanistas,
3069 3898 3124 3952 id
3149 3905 3256 3965 est,
3291 3895 3389 3952 Dei
3413 3897 3666 3952 adversa-

2081 3970 2211 4038 rios,
2253 3982 2318 4021 eo
2338 3969 2478 4034 quod
2508 3983 2703 4038 novum
2733 3967 3073 4038 Paracletum
3112 3968 3457 4022 iudueerent.
3484 3969 3664 4038 Atque

2081 4036 2152 4091 ita
2203 4040 2254 4090 in
2309 4039 2497 4091 codice
2526 4037 2661 4091 Fuk.
2697 4048 2751 4091 et
2781 4036 2952 4094 Savil.
2994 4039 3256 4106 scriptum
3298 4038 3548 4092 habetur.
3574 4036 3662 4092 'Si

2078 4109 2201 4175 quis
2231 4123 2364 4161 vero
2396 4107 2707 4171 ἀντιθέτους
2740 4109 2977 4163 retinere
3040 4109 3313 4168 maluerit,
3350 4123 3457 4161 non
3499 4123 3664 4176 repu-

2079 4178 2279 4249 gnabo:
2314 4178 2459 4249 Infra
2478 4179 2634 4249 enim
2671 4180 2929 4233 dicuntur
2967 4176 3476 4249 ἀντιδιατιθέμενοι,
3509 4188 3568 4231 ut
3607 4185 3664 4233 et

2081 4249 2218 4318 apud
2242 4247 2405 4318 Greg.
2443 4247 2759 4318 Nyssmnum
2807 4250 2898 4304 lib.
2936 4266 2952 4303 1
2985 4251 3186 4304 Contra
3233 4247 3574 4313 Eunomium,
3607 4259 3665 4304 et

2078 4316 2304 4371 Paulum
2335 4316 2385 4370 in
2416 4318 2454 4371 II
2492 4320 2561 4369 ad
2592 4316 2821 4372 Timoth.

2152 4387 2265 4457 (95)
2306 4387 2421 4442 Τοῦ
2465 4388 2770 4455 Ὀτρηνοῦ.
2800 4388 2936 4443 Male
2966 4387 3104 4456 apud
3131 4386 3493 4457 Nicephorum
3528 4386 3657 4457 legi-

1996 4480 2048 4539 ι)
2075 4467 2163 4540 tur
2185 4457 2501 4540 Ὀστρηνοῢ.
2534 4458 2954 4540 Distingttentdus
2981 4468 3162 4540 autem
3196 4458 3410 4540 videtur
3439 4457 3529 4512 hic
3554 4456 3664 4539 ζο-

2078 4530 2220 4583 ticus
2259 4527 2498 4583 Otrenns
2527 4544 2554 4581 a
2589 4527 2796 4592 Zotico,
2834 4528 3159 4582 Comanensi
3197 4527 3480 4595 episcopo.
3505 4528 3661 4591 cuius

2078 4596 2218 4681 infra
2246 4599 2496 4681 meminit
2528 4599 2614 4653 hic
2640 4611 2853 4654 auctor.
2886 4597 3022 4653 Nam
3041 4597 3400 4654 Comanensis
3435 4597 3526 4653 ille
3559 4614 3658 4651 an-

2079 4679 2278 4820 “ngz;
2302 4669 2505 4820 {135.117
2542 4739 2703 4820 gata
2725 4737 2841 4806 τὴν
2856 4737 3144 4820 ,φρυγίαν
3166 4737 3391 4820 Magia.
3413 4738 3662 4820 _Ruﬁ_nus

2076 4808 2265 4875 vertit,
2294 4811 2438 4863 vicus
2462 4811 2686 4880 quidam,
2704 4825 2813 4880 esse
2834 4808 3031 4880 dicitur
3054 4811 3197 4880 apud
3222 4808 3515 4880 Phrygiam
3539 4809 3661 4880 My-

2075 4880 2171 4932 siw
2202 4882 2484 4944 civitatem,
2525 4878 2885 4949 ineptissime.
2926 4878 3037 4933 Nec
3065 4879 3259 4935 melius
3298 4879 3577 4935 Musculus
3602 4878 3659 4935 et

2076 4950 2607 5019 Christophorsonus
2694 4951 3128 5017 interpretantur
3209 4949 3352 5019 apud
3429 4949 3659 5018 Mysiam

2080 5017 2358 5091 Phrygio}.
2381 5021 2520 5087 Quid
2555 5020 2725 5085 enim,
2755 5019 2969 5091 amabo,
3000 5020 3103 5075 sibi
3130 5017 3253 5091 vult
3283 5019 3456 5091 Mysia
3480 5017 3657 5089 Phry-

2076 5089 2433 5159 gitewuplex
2462 5091 2589 5144 olim
2617 5091 2721 5143 fuit
2746 5090 2937 5159 Mysia,
2963 5092 3105 5160 sicut
3129 5100 3185 5146 et
3215 5089 3476 5160 Phrygia,
3521 5100 3659 5144 teste

2077 5162 2347 5231 Strabone
2386 5161 2439 5213 in
2470 5161 2563 5215 lib.
2598 5176 2676 5214 xtl
2701 5178 2715 5216 :
2743 5161 2850 5212 alia
2882 5159 3071 5227 major,
3101 5175 3261 5227 quam
3294 5159 3652 5231 Olympenem

2075 5240 2235 5283 vocat
2264 5230 2494 5294 Strabo;
2533 5231 2637 5300 aiio
2667 5231 2867 5294 minor,
2896 5245 3062 5300 quam
3104 5230 3529 5300 Hellespontiam
3561 5244 3658 5283 vo-

2075 5309 2167 5371 cat
2197 5300 2540 5371 Ptolenurus.
2570 5299 3004 5371 Utraqueport‘o
3034 5299 3296 5371 Phrygiae
3315 5300 3654 5371 contermina

2076 5317 2167 5354 cat
2197 5317 2540 5355 Ptelemu'us.
2573 5317 2812 5370 Utraque
2842 5317 3004 5368 porro
3034 5317 3179 5371 rnry
3221 5317 3285 5355 Ia:
3315 5317 3654 5355 contermina

2076 5370 2192 5423 fuit.
2228 5370 2383 5426 Unde
2414 5381 2596 5440 natum
2626 5369 2967 5440 proverbium
3000 5317 3405 5440 apudﬁrmcos
3433 5368 3655 5440 ιΧωρὶς

2072 5440 2141 5493 τὰ
2168 5440 2389 5498 Μυσῶν.
2416 5439 2542 5494 Fuit
2571 5438 2821 5510 et'altera
2851 5438 3017 5510 Mysia
3036 5438 3110 5495 'in
3145 5438 3383 5509 Europa,
3407 5439 3655 5493 Thracia:

2073 5513 2406 5577 contributa,
2453 5525 2615 5578 quam
2668 5509 2851 5564 Latini
2903 5509 3120 5579 quidem
3155 5511 3404 5564 Moesiam
3431 5516 3650 5579 vocant,

2072 5581 2249 5635 Graeci
2286 5595 2414 5634 vero
2460 5577 2677 5646 semper
2703 5577 2945 5634 Μυσίανζ
2996 5582 3077 5635 Ad
3104 5581 3268 5650 hujus
3290 5593 3421 5650 ergo
3454 5577 3651 5650 distin-

2073 5652 2311 5722 ctionem
2337 5654 2370 5722 ἡ
2403 5652 2545 5704 κατὰ
2576 5651 2817 5720 Φρυγίαν
2849 5650 3049 5722 Μυσία
3090 5646 3203 5722 hic;
3220 5647 3423 5722 dicitur
3478 5646 3649 5722 Mysia

2071 5719 2324 5792 Phrygia:
2359 5716 2719 5792 contermina,
2743 5737 2837 5774 seu
2878 5720 3141 5792 Asiatica.
3172 5717 3342 5775 Porro
3366 5716 3518 5773 vicus
3534 5716 3648 5774 iste

2074 5792 2128 5846 in
2159 5789 2346 5848 codice
2369 5790 2504 5847 Maz.
2538 5792 2735 5847 dicitur
2774 5789 3061 5859 Ἀρδαϐἆϐ.
