4198 6400
535 324 642 378 467
1249 331 1522 388 EUSEBII
1561 332 2051 390 CIESARIENSIS
2089 335 2242 390 OPP.
2282 335 2464 391 PARS
2503 336 2542 392 1.
2583 369 2655 379 -
2689 336 3080 393 HISTOBICA.
3701 340 3805 396 468

535 444 720 498 subito
776 449 1010 515 quodam
1041 449 1224 506 furore
1277 466 1343 507 ac
1374 454 1572 509 mentis
1619 468 1849 510 excessu
1901 457 2108 511 concuti

2237 456 2564 529 Ἐκκλησίας
2617 456 2738 521 ἔθος
2777 457 2938 529 δῆθεν
2978 456 3411 530 προφητεῦοντα.
3445 456 3567 512 Τῶν
3596 458 3654 513 δὲ
3683 465 3818 512 κατ’

536 535 791 603 coepisse,
831 549 886 593 et
928 555 1068 595 nova
1125 544 1373 611 quaedam
1421 554 1589 615 atque
1642 547 1885 601 inaudita
1934 547 2108 616 prolo-

2221 549 2396 600 ἐκεῖνο
2424 545 2619 617 καιροῦ
2651 548 2710 600 ἐν
2731 550 2799 617 τῇ
2824 546 2931 601 τῶν
2956 546 3123 601 νόθων
3156 546 3566 619 ἐκφωνημάτων
3598 547 3805 620 ἀκροά-

538 627 670 695 qui;
707 628 1063 686 hariolantem
1126 648 1191 688 ac
1229 637 1612 705 praedicentem
1670 638 1870 706 futura,
1922 647 2108 708 praeter

2223 657 2307 694 σει
2329 640 2658 711 γενομένων,
2692 642 2740 693 οἱ
2776 641 2873 710 μὲν
2904 640 2981 703 ὡς
3022 640 3115 693 ἐπὶ
3147 639 3526 711 ἐνεργουμένῳ
3559 642 3654 694 καὶ
3684 640 3803 693 δαι-

539 733 747 774 morem
775 729 939 790 atque
968 723 1273 780 institutum
1319 727 1577 785 Ecclesiae
1610 744 1641 783 a
1680 729 1983 798 majoribus
2007 738 2119 785 tra-

538 808 710 862 ditum
736 821 791 864 et
812 813 1065 867 continua
1088 813 1348 886 deinceps
1370 819 1715 874 successione
1739 829 2117 889 propagatum.

538 898 709 956 Porro
737 917 805 957 ex
830 903 916 958 his
941 906 1032 974 qui
1065 915 1195 961 tunc
1231 910 1492 978 temporis
1549 912 1887 968 adulterinos
1942 912 2118 967 bomi~

541 993 626 1047 nis
659 1009 939 1051 sermones
967 998 1279 1065 audieram,
1310 1001 1402 1056 alii
1437 1002 1653 1072 quidem
1690 1013 1745 1057 ut
1769 1004 2114 1074 abreptitium

537 1094 597 1138 et
626 1087 1021 1142 dtetnoniacum
1046 1104 1110 1144 ac
1139 1091 1334 1159 spiritu
1364 1098 1569 1148 erroris
1592 1104 1796 1160 actum,
1822 1097 2117 1167 turbasque

539 1177 594 1229 in
616 1178 815 1247 populo
844 1180 1175 1237 excitantem
1204 1183 1597 1255 indignabundi
1635 1184 2014 1258 ohjurgabant,
2061 1200 2117 1244 et

537 1267 684 1338 loqui
710 1269 941 1326 ulterius
966 1274 1356 1342 prohibebant.
1434 1277 1644 1350 Quippe
1690 1281 1780 1350 qui
1831 1281 1886 1335 in
1937 1292 2117 1338 meme

539 1359 804 1417 haberent
827 1362 1117 1420 discrimen
1149 1382 1179 1420 a
1233 1369 1463 1423 Domino
1496 1381 1881 1439 prtenotatum,
1913 1375 2117 1431 minas-

539 1463 649 1516 que
700 1451 898 1520 quibus
917 1451 1173 1522 jubemur
1198 1458 1487 1514 adventum
1534 1460 2116 1534 lalsorumpropheta-

537 1554 658 1594 rum
703 1544 992 1613 vigilanter
1032 1561 1098 1602 ac
1145 1548 1382 1606 sollicite
1436 1553 1751 1609 observare.
1828 1555 1933 1611 Alii
1983 1572 2115 1613 vero

535 1632 686 1687 velut
714 1646 907 1692 sancto
939 1638 1144 1708 Spiritu
1184 1652 1238 1697 et
1271 1646 1572 1714 prophetiae
1599 1650 1773 1721 gratia
1807 1650 1931 1703 elati
1961 1649 2114 1705 inﬂa-

536 1724 709 1792 tique,
731 1727 926 1784 mirum
953 1731 1004 1785 in
1040 1735 1279 1800 modum,
1312 1746 1368 1791 et
1419 1738 1786 1796 distinctionis
1807 1756 1839 1795 a
1883 1741 2114 1799 Domino

535 1828 970 1883 praemonstratte
998 1824 1212 1890 penitus
1238 1826 1415 1891 obliti,
1458 1827 1612 1883 illum
1668 1829 2027 1887 infatuantem
2058 1842 2114 1890 et

535 1909 875 1966 adulatorem
902 1914 1157 1985 vulgique
1188 1919 1531 1973 seductorem
1578 1923 1829 1991 spiritum
1859 1924 2002 1982 ultro
2045 1925 2113 1981 ad

537 2000 864 2070 loquendum
893 2009 1280 2075 provocabant,
1316 2012 1462 2081 capti
1490 2011 1608 2082 ejus
1652 2014 1950 2085 illecebris,
1976 2030 2033 2074 et
2058 2021 2112 2079 in

534 2092 781 2150 fraudem
815 2096 1044 2155 inducti.
1078 2099 1190 2157 Hac
1224 2102 1396 2173 igitur
1421 2113 1541 2160 arte
1564 2120 1662 2161 seu
1694 2108 1877 2177 potius
1922 2110 2114 2167 fraude

533 2195 597 2235 ac
626 2186 865 2240 versutia
889 2188 1138 2245 diabolus
1163 2192 1428 2249 adversus
1470 2210 1566 2250 eos
1596 2197 1689 2266 qui
1724 2199 1871 2255 dicto
1897 2201 2112 2258 Domini

533 2282 819 2339 audientes
843 2300 948 2340 non
972 2296 1149 2352 erant,
1174 2289 1402 2346 exitium
1452 2294 1818 2362 machinatus,
1855 2312 1982 2352 cum
2043 2300 2113 2355 ab

534 2373 642 2428 illis
676 2377 949 2435 immerito
980 2381 1275 2451 coleretur,
1310 2397 1519 2442 mentes
1559 2403 1747 2444 eorum
1786 2406 1817 2446 a
1839 2407 1968 2447 vera
2004 2393 2113 2450 ﬁde

532 2466 860 2523 secubantes
888 2485 1191 2542 somnoque
1220 2490 1513 2545 oppressas
1558 2480 1814 2536 excitavit
1846 2484 2110 2553 paulatim

532 2571 600 2610 ac
625 2558 1001 2617 vehementius
1024 2563 1404 2622 inﬂammavit.
1431 2568 1641 2641 Quippe
1670 2573 1805 2630 duas
1830 2576 1965 2631 alias
1990 2593 2110 2632 mu-

532 2644 789 2703 lierculas
821 2653 1133 2719 suscitavit,
1164 2665 1220 2710 et
1261 2658 1567 2717 adulterino
1603 2665 1796 2733 spiritu
1854 2668 2109 2739 replevit,

532 2738 670 2791 adeo
699 2747 757 2793 ut
781 2740 908 2809 ipsa
937 2759 1153 2814 quoque
1180 2749 1406 2816 perinde
1447 2768 1511 2807 ac
1551 2768 1714 2825 supra
1767 2738 2102 2816 memoratus

534 2828 646 2890 ille,
686 2831 872 2886 insana
898 2837 1143 2903 quaedam
1176 2850 1231 2895 et
1261 2841 1570 2912 importuna
1598 2857 1762 2918 atque
1799 2850 1978 2907 aliena
2028 2854 2111 2908 lo-

531 2932 848 2989 querentur.
881 2924 949 2980 Et
991 2941 1083 2982 eos
1112 2932 1329 2998 quidem
1376 2937 1468 3004 qui
1520 2952 1582 2991 ea
1619 2954 1677 2992 re
1703 2939 2111 3000 delectabantur

531 3025 699 3084 atque
725 3016 1177 3089 intumescebaut,
1205 3025 1430 3093 spiritus
1489 3029 1578 3084 ille
1620 3031 1811 3088 beatos
1853 3037 2111 3104 praedica-

2223 727 2453 798 μονῶντι
2483 728 2579 781 καὶ
2600 730 2659 780 ἐν
2690 728 2897 799 πλάνης
2924 730 3193 799 πνεύματι
3222 729 3522 800 ὑπάρχοντι
3553 732 3650 784 καὶ
3680 732 3807 795 τοὺς

2218 821 2408 893 ὄχλους
2458 822 2778 894 ταράττοντι
2822 821 3110 892 ἀχθόμενοι
3158 822 3457 892 ἐπετίμων,
3496 822 3591 875 καὶ
3625 821 3806 876 λαλεῖν

2220 911 2479 977 ἐκώλυον,
2513 912 2855 984 μεμνημένοι
2893 914 2994 985 τῆς
3032 912 3125 967 τοῦ
3174 913 3383 986 Κυρίου
3429 914 3716 986 διαστολῆς
3744 933 3805 969 τε

2217 1003 2315 1056 καὶ
2346 1002 2597 1074 ἀπειλῆς,
2637 1002 2776 1073 πρὸς
2820 1001 2881 1055 τὸ
2931 1001 3293 1073 φυλάττεσθαι
3338 1002 3438 1074 τὴν
3475 1002 3583 1055 τῶν
3613 1003 3806 1072 ψευδο-

2218 1094 2512 1167 προφητῶν
2561 1084 2941 1167 ἐγρηγορότιιὴ
2982 1094 3320 1167 παρουσίανο
3365 1097 3415 1148 οἱ
3460 1095 3518 1149 δὲ
3554 1096 3631 1159 ὼς
3662 1095 3805 1167 ἁγίῳ

2218 1188 2500 1258 Πνεύματι
2520 1185 2617 1240 καὶ
2640 1186 2962 1259 προφητικῷ
2988 1188 3289 1259 χαρίσματι
3322 1188 3675 1261 ἐπαιρόμενοι
3711 1191 3805 1244 καὶ

2216 1281 2316 1351 οὐχ
2344 1280 2547 1352 ἥκιστα
2573 1280 2954 1350 χαυνούμενοι,
2996 1280 3092 1333 καὶ
3123 1280 3224 1351 τῆς
3253 1279 3539 1351 διαστολῆς
3570 1280 3665 1334 τοῦ
3689 1282 3803 1335 Κυ-

2217 1372 2335 1444 ρίου
2388 1370 2887 1442 ἐπιλανθανόμενοι,
2915 1370 2976 1425 τὸ
3005 1370 3305 1443 βλαψίφρον
3326 1374 3422 1426 καὶ
3457 1373 3806 1444 ὑποκοριστι-

2215 1462 2313 1518 κὸν
2337 1462 2434 1518 καὶ
2454 1462 2753 1518 λαοπλάνον
2783 1462 3001 1534 πνεῦμα
3031 1463 3457 1535 προύκαλοῦντο,
3487 1465 3802 1535 θελγόμενοι

2214 1556 2310 1610 καὶ
2348 1554 2690 1627 πλανώμενοι
2724 1556 2815 1609 ὑπ’
2838 1554 3027 1618 αὑτοῦ,
3056 1557 3136 1620 είς
3168 1556 3228 1609 τὸ
3259 1556 3463 1627 μηκέτι
3495 1555 3803 1609 κωλύεσθαι

2217 1650 2451 1720 σιωπᾷν.
2485 1648 2662 1722 Τέχνῃ
2690 1648 2747 1701 δέ
2768 1665 2895 1715 τινι,
2935 1646 3135 1717 μᾶλλον
3156 1648 3213 1701 δέ
3232 1648 3458 1722 τοιαύτῃ
3483 1647 3690 1720 μεθόδῳ
3710 1667 3804 1702 κα-

2216 1740 2499 1813 κοτεχνίας
2550 1743 2579 1794 ὁ
2627 1739 2872 1804 διάϐολος
2917 1741 3018 1811 τὴν
3052 1741 3190 1795 κατά
3222 1739 3334 1795 τῶν
3363 1741 3655 1812 παρηκόων
3686 1741 3799 1812 (95)

2216 1832 2492 1887 ἀπώλειαν
2520 1834 2995 1905 μηχανησάμενος,
3027 1836 3123 1888 καὶ
3149 1828 3276 1905 παρ’
3307 1833 3465 1899 ἀξίαν
3496 1835 3587 1886 ὑπ’
3620 1832 3798 1887 αὐτῶν

2214 1923 2542 1996 τιμώμενος,
2576 1925 2905 1998 ὑπεξήγειρὲ
2934 1944 2993 1978 τε
3026 1926 3120 1980 καὶ
3152 1926 3589 1999 προσεξέκαυσεν
3621 1927 3802 1981 αὐτῶν

2214 2018 2315 2090 τὴν
2346 2019 2864 2089 ἀποκεκοιμημένην
2894 2018 3003 2089 (96)
3053 2018 3183 2072 ἀπὸ·
3209 2019 3309 2088 τῆς
3350 2020 3491 2073 κατά
3541 2019 3801 2090 ἀλήθειαν

2215 2109 2452 2173 πίστεως
2483 2109 2743 2174 διάνοιαν,
2778 2110 2854 2173 ὡς
2883 2112 2979 2165 καὶ
3003 2112 3196 2183 ἐτέρας
3232 2112 3385 2176 τινὰς
3411 2112 3505 2165 δύο
3537 2117 3801 2181 γυναῖκας

2214 2204 2516 2277 ἐπεγεῖραι,
2538 2205 2633 2257 καὶ
2654 2204 2747 2258 τοῦ
2768 2205 2923 2259 νόθου
2947 2205 3257 2276 πνεύματος
3277 2205 3579 2278 πληρῶσαι,
3606 2206 3682 2268 ὼς
3703 2209 3800 2261 καὶ

2214 2297 2393 2351 λαλεῖν
2434 2297 2715 2368 ἐκφρόνως
2767 2299 2862 2352 καὶ
2904 2298 3148 2370 ἀκαίρως
3199 2298 3295 2352 καὶ
3333 2298 3800 2371 ἀλλοτριοτρόπως

2212 2391 2413 2461 ὁμοίως
2442 2389 2521 2462 τῷ
2546 2390 2950 2462 προειρημένῳ,
2979 2390 3216 2453 καὶτοὺς
3252 2392 3350 2461 μὲν
3378 2392 3668 2462 χαίροντας
3684 2389 3797 2457 (97')

2213 2483 2309 2535 καὶ
2335 2483 2724 2553 καυχωμένους
2751 2484 2840 2536 ἐπ’
2875 2481 3048 2553 αὐτῷ,
3081 2482 3473 2555 μακαρίζοντος
3505 2481 3599 2535 τοῦ
3631 2481 3797 2535 πνεύ-

2216 2592 2403 2645 ματος,
2435 2574 2530 2628 καὶ
2561 2573 2650 2628 διὰ
2676 2573 2769 2629 τοῦ
2797 2573 3060 2645 μεγέθους
3091 2573 3200 2625 τῶν
3230 2573 3659 2644 ἐπαγγελμάτων
3702 2574 3799 2626 ἐκ·

2213 2666 2553 2738 φυσιοῦντος,
2590 2665 2701 2733 ἐσθ’
2728 2666 2834 2726 ὅπη
2864 2665 2921 2719 δέ
2953 2664 3048 2719 καὶ
3071 2663 3490 2735 κατακρίνοντος
3519 2679 3800 2732 στοχαστι-

2212 2763 2325 2826 κῶς
2370 2763 2461 2816 καί
2501 2760 2828 2828 ἀξιοπίστως
2863 2761 3057 2825 αὐτοὺς
3086 2762 3364 2832 ἄντικρυς,
3396 2760 3484 2811 ἵνα
3517 2758 3612 2811 καὶ
3646 2756 3799 2824 ἐλεγ-

2211 2854 2398 2908 κτικὸν
2452 2852 2562 2924 (98)
2610 2847 2748 2907 εἶναι
2800 2853 2959 2925 δοκῇ·
3011 2853 3181 2922 ὀλίγοι
3227 2853 3272 2907 δ’
3316 2849 3456 2925 ἦσαν
3502 2847 3646 2906 οὗτοι
3689 2849 3799 2904 τῶν

2210 2948 2438 3019 Φρυγῶν
2460 2946 2894 3019 ἐξηπατημένοι·
2924 2946 3020 3017 τὴν
3039 2945 3097 2998 δὲ
3122 2944 3351 3000 καθόλου
3376 2947 3469 2999 καὶ
3493 2945 3674 2999 πᾶσαν
3696 2944 3799 3013 τὴν

2214 3039 2319 3092 ὑπὸ
2348 3038 2439 3092 τὸν
2470 3037 2697 3110 οὐρανὸν
2729 3038 3053 3108 Ἐκκλησίαν
3084 3036 3424 3108 βλασφημεῖν
3454 3036 3798 3099 διδάσκοντος

527 3105 641 3169 bat,
684 3116 741 3162 et
788 3112 1186 3178 promissorum
1244 3121 1620 3188 magnitudine
1675 3139 1838 3194 supra
1892 3129 2108 3182 modum

2216 3128 2309 3181 τοῦ
2330 3105 2808 3201 ἀπηυθαδισμένου
2844 3105 3176 3199 πνεύματος,
3211 3105 3463 3199 μήτε
3493 3129 3658 3199 τιμὴν
3689 3128 3797 3198 μή-

526 3197 777 3258 inﬁabat.
821 3199 1096 3257 interdum
1132 3214 1310 3262 tamen
1337 3210 1665 3281 conjecturis
1708 3226 1764 3269 et
1794 3215 1899 3273 ﬁde
1929 3217 2108 3285 dignis

2212 3236 2271 3272 τε
2305 3197 2534 3292 πάροδον
2571 3197 2657 3283 είς
2683 3218 2853 3291 αὐτὴν
2892 3220 2952 3271 τὸ
2981 3197 3484 3290 ψευδοπροφητικὸν
3521 3197 3796 3288 ἐλάμϐανε

524 3294 861 3383 argumentis
890 3305 1068 3362 utens,
1116 3299 1291 3367 palam
1330 3316 1426 3357 eos
1482 3308 1904 3376 condemnabat,
1945 3311 2102 3383 181

2213 3310 2452 3382 πνεῦμα.
2484 3310 2606 3364 Τῶν
2644 3311 2753 3382 γὰρ
2775 3311 2915 3365 κατά
2943 3311 3043 3382 τὴν
3086 3310 3269 3363 Ἀσίαν
3300 3309 3507 3362 πιστῶν
3536 3308 3797 3372 πολλάκις

526 3394 635 3450 quo
666 3382 873 3441 scilicet
905 3388 1066 3443 etiam
1098 3391 1503 3462 objurgatorius
1530 3397 1824 3456 videretur.
1882 3401 1947 3456 lli
1976 3382 2106 3473 per;

2211 3403 2305 3456 καὶ
2346 3402 2585 3474 πολλαχῆ
2617 3404 2717 3473 τῆς
2742 3403 2927 3467 Ἀσίας
2963 3405 3044 3467 εἰς
3080 3402 3239 3456 τοῦτο
3274 3401 3634 3455 συνελθόντων
3663 3400 3794 3472 (99),

523 3473 685 3566 pauci
722 3486 882 3530 erant
944 3478 1219 3551 Phryges,
1272 3484 1585 3554 bujusmodi
1626 3489 1823 3546 fraude
1869 3493 2101 3565 decepti.

2211 3495 2304 3548 κα)¹
2333 3494 2461 3556 τοὺς
2498 3473 2842 3566 προσφάτους
2880 3494 3074 3563 λόγους
3109 3493 3478 3561 ἐξετασάντων
3513 3494 3607 3547 καὶ
3634 3492 3797 3564 βεϐή-

525 3559 851 3622 llniversam
884 3586 1034 3638 vero,
1058 3588 1178 3643 qua:
1203 3591 1299 3643 per
1345 3579 1536 3634 orbem
1574 3589 1845 3639 terrarum
1902 3559 2097 3656 sparsa

2211 3587 2329 3652 λους
2356 3588 2747 3659 ἀποφηνάντων
2779 3588 2873 3641 καὶ
2894 3588 3410 3658 ἀποδοκιμασάντων
3429 3586 3527 3658 τὴν
3561 3588 3795 3656 αἵρεσιν,

521 3664 626 3721 est,
662 3656 979 3729 Ecclesium,
1026 3664 1169 3719 idem
1220 3667 1310 3723 ille
1345 3673 1829 3743 arrogantissimus
1877 3678 2102 3745 spiritus

2211 3678 2343 3734 οὕτω
2366 3679 2430 3751 δὴ
2574 3697 2634 3734 τε
2648 3680 2976 3750 Ἐκκλησίας
2994 3656 3355 3751 ἐξεώσθησαν,
3378 3656 3592 3749 καὶτῆς
3607 3696 3799 3733 κοινω-

525 3748 828 3806 maledictis
856 3765 1114 3823 appetere
1142 3774 1236 3815 eos
1261 3761 1508 3830 docebat,
1539 3780 1605 3821 eo
1626 3768 1769 3836 quod
1796 3784 1897 3824 nec
1923 3770 2100 3826 bono-

2211 3772 2324 3836 νίας
2352 3748 2667 3843 εἴρχθησαν.
2715 3791 2734 3824 ι
2778 3748 2963 3825 Ταῦτα
2991 3774 3048 3825 ἐν
3078 3748 3315 3844 πρώτοις
3352 3772 3665 3844 ἱστορήσας,
3700 3770 3797 3825 καὶ

527 3856 665 3908 rem,
694 3859 794 3901 nec
819 3846 1025 3901 aditum
1067 3850 1234 3905 ullum
1260 3853 1333 3907 ad
1352 3853 1522 3924 ipsam
1545 3862 2103 3931 pseudopropheticus

2211 3861 2272 3918 δι’
2321 3860 2445 3919 ὅλου
2477 3862 2572 3917 τοῦ
2605 3864 3034 3936 συγγράμματος
3054 3865 3147 3918 τὸν
3178 3865 3397 3934 ἔλεγχον
3420 3863 3523 3934 τῆς
3547 3864 3671 3917 κατ’
3699 3863 3798 3916 αὐ-

523 3933 748 4000 spiritus
790 3941 1069 4006 reperiret.
1116 3943 1252 3998 Nam
1302 3963 1425 4001 cum
1480 3950 1667 4006 ﬁdeles
1722 3954 1814 4022 qui
1854 3955 1908 4008 in
1973 3954 2099 4010 Asia

523 4036 701 4093 erant,
735 4033 935 4100 sapius
986 4045 1042 4089 et
1072 4037 1123 4092 in
1164 4039 1413 4109 plurimis
1466 4044 1609 4098 Asiae
1669 4045 1803 4100 locis
1855 4045 1972 4116 ejus
2023 4048 2100 4103 rei

733 4189 897 4265 ξςατὰ
923 4189 1041 4265 τῶν
1060 4196 1401 4262 παρηκόων.
1430 4196 1656 4253 Ruﬁnus
1680 4200 2106 4263 indisciplinatos

518 4255 1009 4342 ‘vertit,'Mu.sculus
1034 4255 1424 4342 imniorigeroa,
1452 4271 1747 4342 nonmale.
1787 4255 2102 4342 IntelligunL

521 4334 613 4410 tur
636 4334 780 4410 enim
814 4334 973 4410 ii‘qui
1006 4334 1333 4410 praeceptum
1359 4337 1601 4410 Domini,
1634 4358 1743 4409 quo
1793 4334 2100 4410 praeumniti

2206 3956 2335 4019 τοὺς
2365 3957 2576 4026 πλάνης
2627 3956 2947 4025 ἐπαγαγὼν,
2973 3960 3029 4011 ἐν
3066 3957 3144 4028 τῷ
3161 3957 3401 4029 δευτέρῳ
3435 3957 3562 4028 περὶ
3585 3954 3685 4025 τῆς
3710 3970 3799 4008 τε·

2207 4045 2407 4118 λευτῆς
2447 4045 2556 4100 τῶν
2597 4047 3085 4121 προδεδηλωμένων
3123 4048 3298 4101 ταῦτά
3330 4065 3525 4118 φησιν·
3564 4067 3582 4098 ι
3617 4047 3797 4100 Ἐπει-

2214 4202 2424 4258 daemon
2457 4202 2549 4271 qui
2581 4219 2678 4271 per
2706 4203 2944 4257 Montani
2986 4219 3048 4258 os
3092 4203 3430 4271 loquebatur,
3464 4203 3595 4257 olim
3628 4219 3655 4256 a
3689 4199 3796 4254 Do-

2214 4274 2363 4328 mino
2388 4274 2704 4343 praediolum
2740 4275 2930 4341 fuisse,
2961 4275 3076 4329 fore
3106 4275 3422 4343 utSpiritus
3475 4276 3566 4328 Dei
3603 4274 3655 4343 in
3698 4272 3797 4324 ad-

2211 4342 2534 4397 ventu’suo
2595 4345 2855 4400 mundum
2909 4355 3159 4413 argueret
3214 4342 3281 4399 de
3332 4354 3574 4413 peccato.
3608 4342 3797 4410 Itaque

518 4396 787 4483 inquiin-
820 4396 913 4483 ut“
934 4415 962 4455 a
1006 4396 1161 4483 falsis
1185 4396 1197 4404 ’
1223 4407 1499 4483 ρςορίιοιίε
1543 4396 1820 4483 caverent:
1861 4396 2106 4483 neglige;
2137 4410 2182 4465 D
2213 4396 2551 4469 dietnoniille
2595 4396 2872 4469 interdiu
2908 4396 3298 4483 Deisbiinmn
3332 4396 3552 4468 rsevesse
3582 4396 3797 4467 audito-

863 4469 1149 4555 διαστολῆς
1169 4467 1293 4555 ’τοῦ
1323 4467 1554 4555 ’Κυρίου
1600 4467 2100 4555 ἐπιλανθανόμενοι,

518 4546 578 4622 ut
600 4540 1036 4622 stupra-loquitur
1053 4540 1141 4600 hic
1168 4540 1542 4606 iunomina'tus
1572 4554 1825 4622 scriptor.
1858 4540 2102 4610 Pessime

516 4606 1073 4674 ChristOphorsonus.

589 4676 859 4761 (ἓϐλφὴν
907 4680 1494 4761 ἀποκεὲοιμημένην.
1554 4690 1869 4760 Metaphora
1924 4705 2009 4750 est
2069 4711 2100 4750 a

516 4747 854 4828 mulieribus.
879 4764 1020 4821 quae,
1040 4747 1229 4828 relicto
1255 4747 1433 4813 iiiariti
1453 4763 1633 4828 thoro,
1666 4747 1850 4816 furtim
1879 4747 1950 4817 ad
1965 4747 2103 4822 inte:

514 4819 678 4901 phum
729 4819 1036 4901 transeunt.
1078 4824 1585 4901 ῌεηιμκοιμᾶσθαι,
1616 4819 1718 4887 seu
1749 4835 2011 4901 dormire,
2037 4819 2104 4890 de

517 4884 822 4968 hujusutodi
876 4891 1161 4968 adulteriis
1210 4897 1318 4968 dici
1352 4884 1512 4964 solet,
1548 4884 1605 4954 ιιί
1632 4884 2104 4961 inlibris—"sacris

514 4964 908 5043 trectgir‘ritmon
967 4964 1158 5019 semel.
1222 4967 1379 5043 Quod
1432 4986 1556 5025 cum
1612 4988 1717 5027 non
1772 4973 2103 5043 intelligeret

512 5024 1067 5117 (ib/rigto'phprsopus,
1083 5024 1288 5117 erroris
1312 5024 1515 5095 somno
1546 5058 1605 5117 eo
1615 5024 2101 5117 ἡεᾶρίιᾷίιὶςὶὲἒίίὶζ

585 5093 699 5181 (θῖ)
720 5098 833 5181 [fat
858 5100 996 5181 τοὺς
1169 5093 2105 5181 xalportaé,llaec—periodusvco‘n;

513 5168 779 5252 ﬂectenda
803 5179 888 5223 est
928 5168 1051 5252 cum
1083 5168 1590 5252 ἰΙΙιΓερῆυοῃιῗτὴν
1624 5181 1682 5234 δὲ
1708 5168 1964 5249 καθόλου,
1993 5196 2101 5239 etc.

513 5236 606 5322 .Sic
620 5237 771 5322 enim
799 5254 996 5322 sensus
1022 5242 1228 5315 integer
1257 5236 1591 5322 absolvitui;
1634 5255 1775 5319 quod
1830 5236 2101 5322 interpre-V

513 5316 593 5392 tes
613 5321 721 5392 pop
760 5312 1286 5392 animadverterunt.
1323 5317 1528 5375 Tamen
1575 5312 1804 5376 actittieii
1836 5312 2104 5392 interpre-

514 5377 582 5454 tis
612 5377 663 5458 in
698 5377 802 5458 hoc
833 5383 1338 5458 prtecipueelucet,
1379 5399 1437 5444 ut
1473 5393 1763 5445 verborum
1819 5409 1881 5448 ac
1909 5377 2103 5449 sensus

509 5447 843 5529 ἀκολουθίαν
865 5447 1335 5529 diligentissime
1361 5471 1731 5529 consectetur.
1782 5447 1960 5518 Porro
1989 5447 2099 5519 .hic

512 5515 739 5603 inclusit]
777 5522 939 5603 codd.
985 5515 1152 5603 illam,
1181 5526 1354 5603 .Med.,
1405 5528 1539 5603 Fult.
1568 5542 1623 5584 et
1649 5515 2101 5603 Savilnitavlegiv-

511 5592 739 5675 ξ’ξιὲμκαὶ
766 5590 918 5675 τοὺς
968 5592 1069 5661 μὲν
1100 5590 1396 5665 χαίροντας
1428 5600 1522 5652 καὶ
1572 5603 1974 5675 χαυνουμένους
2008 5590 2101 5658 εἶπ’

508 5670 712 5722 αυτων,
750 5670 857 5714 etc.

582 5726 694 5795 (98)
726 5729 848 5782 Ἵνα
882 5732 977 5785 καὶ
1007 5734 1373 5804 ἐλεγκτικόν.
1411 5738 1631 5798 Sciebat
1666 5742 1975 5811 Montanus,
2006 5763 2099 5803 seu.

2215 4486 2366 4539 ribus
2394 4484 2768 4549 conﬁrmaret,
2795 4500 2888 4541 eos
2924 4485 3194 4540 interdum
3249 4489 3513 4554 arguebat
3537 4483 3797 4552 etolijur-

2210 4555 2396 4623 gebat.
2436 4554 2573 4610 Vide
2598 4555 2953 4611 Ambrosium
2985 4557 3039 4609 in
3075 4555 3246 4621 Epist.
3278 4552 3343 4607 ait
3381 4552 3643 4615 Thessal.,
3668 4570 3793 4621 cap.

2206 4625 2259 4679 5.
2296 4624 2467 4693 Cujus
2492 4629 2655 4680 verba
2689 4625 2776 4679 hic
2802 4636 3078 4680 merentur
3095 4624 3291 4678 ascribi
3320 4640 3335 4675 :
3365 4623 3503 4683 Hinc
3525 4636 3624 4687 est,
3656 4629 3795 4676 imae

2205 4706 2251 4748 et
2282 4693 2508 4751 Joannis
2551 4697 2780 4762 apostoli
2835 4694 3073 4763 Epistola
3119 4693 3361 4759 «Nolite,
3397 4697 3587 4759 inquit,
3651 4695 3795 4746 omni

2205 4766 2420 4832 spiritui
2444 4766 2690 4830 credere;
2719 4767 2810 4819 sed
2828 4767 3043 4832 probate
3065 4767 3288 4833 spiritus
3311 4766 3357 4818 si
3373 4780 3437 4819 ea;
3455 4764 3564 4817 Deo
3592 4773 3715 4816 sunt
3737 4778 3789 4815 τι

2204 4837 2330 4904 quia
2357 4838 2404 4887 si
2432 4835 2599 4887 multa
2622 4837 2756 4888 bona
2786 4839 2950 4900 dicat,
2973 4836 3028 4889 in
3062 4836 3239 4904 aliqua
3263 4847 3461 4899 autem,
3494 4834 3633 4900 quod
3666 4834 3792 4899 fidei

2207 4908 2485 4958 adversum
2512 4914 2615 4969 est,
2633 4916 2859 4970 promat,
2900 4906 3104 4961 sciatur
3126 4921 3229 4958 non
3261 4920 3372 4958 esse
3407 4904 3639 4970 Spiritus
3669 4921 3794 4957 san-

2205 4985 2345 5029 ctus.
2383 4974 2702 5043 Nihilenim
2746 4978 2944 5029 erroris
2999 4978 3054 5029 in
3112 4974 3315 5041 Spiritu
3369 4988 3549 5028 sancto
3599 4976 3789 5043 poterit

2207 5045 2448 5113 reperiri.
2518 5041 2622 5098 Sed
2669 5057 2723 5098 ut
2783 5062 2877 5114 per
2934 5046 3245 5099 exercitium
3299 5044 3494 5110 eloquii
3548 5041 3793 5108 qna'dam

2204 5114 2497 5183 spiritalia,
2526 5118 2772 5185 quaedam
2824 5133 2945 5169 vero
2981 5116 3250 5174 carnalia,
3275 5118 3401 5182 quia
3442 5118 3610 5167 omnis
3645 5130 3794 5167 error

2207 5186 2357 5237 carni
2388 5186 2705 5253 deputatur,
2740 5198 2830 5239 aut
2872 5195 3011 5243 certe
3057 5196 3347 5239 commento
3370 5186 3601 5251 quodam
3643 5194 3794 5237 ustu-

2206 5256 2295 5309 tite
2336 5255 2471 5308 bona
2529 5255 2707 5324 lingit,
2753 5269 2806 5309 ut
2852 5257 2935 5315 [iis
2980 5258 3176 5309 inserat
3222 5256 3390 5318 mala,
3443 5256 3582 5324 sicut
3632 5269 3794 5321 supra

2204 5322 2537 5389 memoravi,
2567 5322 3011 5395 quemadmodum
3061 5326 3116 5378 in
3165 5324 3421 5378 Montano
3454 5335 3502 5377 et
3542 5322 3793 5377 Priseilla

2205 5406 2259 5467 et
2290 5394 2594 5467 Maximilla
2621 5399 2895 5467 prophetis
2917 5397 3381 5466 Catapltrygarutn
3403 5396 3621 5467 spiritus
3644 5410 3795 5467 mun-

2205 5464 2261 5517 di
2288 5466 2583 5521 imitatione
2623 5464 2755 5520 'boni
2805 5469 3109 5529 simulabat,
3139 5464 3193 5519 ut
3218 5480 3311 5534 per
3339 5465 3510 5518 multa
3542 5464 3795 5520 verisimi-

2205 5536 2301 5597 lia,
2326 5552 2529 5590 necnon
2557 5547 2605 5591 et
2636 5554 2784 5602 vera,
2812 5539 3122 5591 mentiretur
3144 5553 3199 5590 se
3230 5552 3341 5590 esse
3366 5534 3630 5605 Spiritum
3667 5552 3794 5588 san-

2205 5616 2348 5660 ctum
2359 5647 2372 5660 .

2279 5678 2391 5748 (99)
2414 5679 2516 5745 Εἰς
2547 5679 2723 5733 τοῦτο
2782 5680 3226 5734 συνελθόντων.
3259 5676 3791 5746 Christophorsouus

2204 5749 2398 5817 legisse
2429 5753 2638 5805 videtur
2671 5751 2749 5813 εἰς
2784 5749 2967 5804 ταύτό.
