4198 6404
442 317 546 372 469

1465 311 1818 369 HISTORIA)
1860 308 2422 368 ECCLESIASTICIE
2463 310 2591 365 LIB.
2632 309 2701 365 ν.

3586 305 3693 360 470

440 432 536 487 δὰν
574 430 753 486 τοίνυν
784 430 879 493 καὶ
905 429 1353 501 προφητοφόντας
1390 431 1537 503 ἡμᾶς
1572 430 1900 496 ἀπεκάλουν,
1934 430 2001 483 ὅτι

2117 445 2282 485 causa
2342 428 2750 491 convenissent,
2817 439 3121 495 novamque
3173 424 3324 479 illam
3384 424 3691 478 doctrinam

442 526 518 597 μὴ
544 525 669 588 τοὺς
694 521 1113 595 ἀμετροφώνους
1137 522 1213 593 (1)
1240 522 1419 576 αὐτῶν
1450 526 1733 597 προφήτας
1760 524 2017 594 ἐδεξάμε-

440 616 526 671 θα·
549 615 772 679 τούτους
796 616 905 687 γὰρ
934 611 1072 667 εἷναί
1097 630 1281 682 φασιν,
1302 613 1510 688 οὕσπερ
1542 616 1908 687 ἐπηγγείλατο
1935 615 2016 687 τῷ

438 708 553 778 λαῷ
591 709 826 780 πέμψειν
874 710 903 760 ὁ
945 706 1168 777 Κύριος,
1199 706 1686 779 ἀποκρινάσθωσαν
1712 708 1841 779 ἡμῖν
1878 706 2015 779 πρὸς

438 798 593 863 Θεοῦ,
615 799 730 853 ἔστι
763 817 864 863 τις,
895 791 941 853 ὦ
983 797 1276 868 βέλτιστοι,
1304 798 1507 853 τούτων
1532 797 1639 851 τῶν
1673 799 1781 852 ἀπὸ
1801 800 2015 853 Μοντα-

436 890 529 945 νοῦ
568 890 956 959 καὶγυναικῶν
981 889 1160 942 λαλεῖν
1194 890 1535 961 ἀρξαμένων,
1567 891 1715 954 ὅστις
1744 890 1849 944 ὑπὸ
1878 891 2012 944 Ἰου-

436 982 596 1036 δαίων
616 980 914 1053 ἐδιώχθη,ἢ
944 981 1049 1034 ὑπὸ
1075 981 1407 1053 παρανόμων
1431 980 1742 1052 ἀπεκτάνθη
1769 998 1783 1046 ;
1816 980 2009 1045 οὐδείς·

435 1074 556 1127 οὐδέ
602 1073 667 1143 γέ
708 1091 793 1137 τις
833 1072 1012 1126 αὐτῶν
1036 1071 1331 1160 κρατηθεὶς
1360 1073 1499 1145 ὑπὲρ
1523 1072 1616 1126 τοῦ
1643 1073 1902 1143 ὀνόματος
1934 1072 2010 1143 ('2)

434 1163 857 1235 ἀνεσταυρώθη;
892 1166 952 1219 οὐ
993 1164 1101 1236 γὰρ
1134 1160 1260 1218 οὖν’
1297 1162 1417 1216 οὐδὲ
1461 1163 1567 1235 μὴν
1600 1163 1720 1217 οὐδὲ
1760 1167 1816 1217 ὲν
1854 1181 2013 1217 συνα-

434 1259 642 1326 γωγαῖς
678 1256 947 1309 Ἰουδαίων
982 1255 1093 1309 τῶν
1118 1254 1395 1326 γυναικῶν
1426 1271 1509 1318 τις
1539 1254 1884 1325 ὲμαστιγώθη
1913 1273 2012 1308 πο-

433 1353 511 1423 τὲ,
538 1351 571 1423 ἢ
597 1350 978 1423 ὲλιθοϐολήθη;
1012 1350 1278 1421 οὐδαμόσε
1306 1348 1578 1420 οὐδαμῶς.
1621 1348 1799 1420 Ἄλλῳ
1834 1349 1889 1402 δὲ
1915 1349 2010 1403 θα-

433 1446 577 1514 νάτῳ
608 1443 928 1515 τελευτῆσαι
956 1442 1207 1511 λέγονται
1237 1443 1510 1506 Μοντανὸς
1535 1459 1592 1495 τε
1616 1443 1711 1495 κα)⁵
1740 1440 2010 1512 Μαξίμιλ-

430 1536 517 1592 λα.
547 1535 782 1600 Τούτους
817 1535 926 1606 γὰρ
956 1535 1061 1588 ὑπὸ
1087 1534 1395 1605 πνεύματος
1427 1533 1783 1605 βλαψίφρονος
1812 1533 2006 1585 ἐκατέ-

430 1645 557 1699 ρους
599 1628 1046 1698 ὑποκινήσαντος,
1098 1626 1255 1695 λόγος
1284 1627 1585 1698 ἀναρτῆσαι
1628 1627 1872 1689 ἑαυτοὺς,
1908 1626 2006 1694 οὐχ

426 1719 583 1791 ὁμοῦ,
615 1719 756 1774 κατὰ
788 1719 846 1772 δὲ
881 1719 972 1772 τὸν
1002 1719 1102 1788 τῆς
1130 1719 1365 1773 ἑκάστου
1389 1718 1647 1789 τελευτῆς
1674 1717 1865 1787 καιρὸν
1900 1718 2004 1790 φή-

2117 521 2541 584 examinassent,
2588 527 2643 574 et
2692 519 2978 589 profanam
3038 527 3203 584 atque
3271 515 3492 585 impiam
3545 514 3694 583 judi-

2117 616 2354 672 cassent,
2388 609 2638 661 damnata
2685 608 2870 662 haeresi
2899 608 2986 661 isti
3014 608 3079 660 ab
3111 605 3349 675 Ecclesia
3372 617 3424 658 et
3454 604 3690 659 ﬁdelium

2118 700 2499 753 communione
2528 698 2736 769 expulsi
2766 710 2913 754 sunt.
2948 718 2967 751 ι
3002 698 3096 753 His
3129 699 3181 752 in
3218 698 3481 767 principio
3508 697 3691 767 operis

2116 790 2577 854 commemoratis,
2603 805 2666 844 ac
2691 805 2785 858 per
2812 800 2979 843 totum
3031 789 3285 859 deinceps
3334 788 3531 842 librum
3561 801 3691 841 cono

2118 880 2386 935 futatione
2416 880 2631 935 illorum
2664 882 2869 934 erroris
2900 880 3130 949 adjecta,
3168 880 3511 948 supradictus
3547 878 3689 933 scri-

2117 984 2241 1044 ptor
2273 975 2326 1028 in
2350 974 2591 1029 secundo
2625 974 2763 1027 libro
2789 974 2854 1028 de
2887 972 3102 1026 illorum
3127 989 3263 1042 quos
3293 972 3403 1027 dixi
3438 971 3589 1027 obitu
3616 971 3689 1026 ita

2116 1066 2312 1121 scribit
2343 1084 2357 1120 :
2401 1084 2419 1117 ι
2451 1067 2677 1132 Quando
2702 1066 2882 1135 igitur,
2930 1066 3126 1133 inquit,
3153 1066 3536 1135 prophetarum
3588 1078 3690 1118 uos

2116 1158 2498 1213 interfectores
2546 1168 2843 1223 vocarunt,
2890 1166 3173 1227 propterea
3226 1159 3368 1225 quod
3433 1157 3689 1226 loquaces

2116 1247 2351 1316 ipsorum
2383 1248 2676 1317 prephetas
2713 1262 2817 1300 non
2846 1246 3163 1300 admisimus
3211 1247 3336 1312 (hos
3363 1247 3511 1301 enim
3564 1260 3690 1301 esse

2114 1339 2405 1404 aﬁirmant,
2433 1355 2570 1408 quos
2604 1339 2865 1394 Dominus
2897 1339 3093 1409 populo
3120 1354 3178 1393 se
3226 1341 3518 1394 missurum
3565 1353 3688 1393 esse

2113 1429 2474 1500 promiserit),
2508 1430 2873 1499 respondeant
2903 1431 3082 1493 nobis,
3110 1445 3313 1497 quaeso,
3341 1446 3437 1500 per
3467 1431 3635 1504 Deum
3668 1447 3682 1484 :

2111 1533 2266 1576 estne
2288 1512 2485 1592 aliquis
2525 1537 2714 1577 eorum
2745 1523 2836 1592 qui
2869 1522 2981 1593 jam
3007 1523 3133 1577 inde
3166 1539 3193 1575 a
3222 1521 3475 1577 Montano
3496 1533 3551 1579 et
3578 1540 3690 1577 mu-

2112 1614 2352 1669 lierculis
2384 1615 2597 1683 garrire
2652 1600 2883 1684 primum
2934 1627 3235 1679 cmpcrunl,
3272 1614 3366 1682 qui
3410 1633 3441 1668 a
3485 1613 3689 1671 Iudaeis

2111 1709 2543 1775 persecutionem
2576 1721 2767 1776 passus
2815 1707 2909 1773 sit,
2945 1716 3034 1759 aut
3097 1706 3163 1759 ab
3219 1704 3401 1772 impiis
3456 1692 3689 1762 trucida-

429 1782 504 1883 μη
535 1811 701 1882 πολλή
724 1828 736 1841 ’
789 1811 882 1863 καὶ
918 1782 1071 1863 οὕτω
1104 1810 1161 1862 δὲ
1186 1810 1503 1881 τελευτῆσαι
1531 1782 1626 1863 καλ
1653 1809 1744 1862 τὸν
1770 1782 1883 1880 βίον

2114 1806 2196 1851 tus
2217 1798 2241 1851 ?
2266 1795 2436 1852 Nemo
2465 1810 2630 1853 certe.
2670 1798 2780 1852 Nec
2810 1813 2937 1853 vero
2964 1798 3104 1853 ullus
3126 1813 3318 1853 eorum
3361 1815 3460 1870 pro
3484 1800 3687 1855 Christi

425 1902 747 1975 ταστρέῲαι,
782 1901 953 1956 ’ἰούδα
980 1884 1241 1973 προδότου
1269 1902 1445 1972 δίκην.
1472 1900 1738 1973 Καθάπερ
1781 1902 1876 1954 καὶ
1916 1900 2007 1954 τὸν

426 1994 732 2066 θαυμαστὸν
763 1997 966 2049 ἐκεῖνον
979 1994 1086 2048 ’τὸν
1119 1993 1335 2067 πρῶτον
1366 1996 1465 2065 τῆς
1490 1996 1611 2047 κατ’
1636 1993 1833 2057 αὐτοὺς
1857 1994 2007 2064 λεγο-

427 2086 594 2157 μένης
630 2086 967 2156 προφητείας
1001 2081 1112 2140 ονον
1161 2086 1455 2160 ἐπίτροπόν
1488 2086 1563 2156 (5)
1593 2102 1711 2138 τινα
1733 2085 2002 2151 Θεόδοτον,

426 2178 592 2241 πολὺς
643 2179 790 2250 αἱρεῖ
819 2176 975 2247 λόγος
1009 2177 1106 2247 (4),
1152 2177 1227 2242 ὡς
1279 2177 1566 2249 αἰρόμενόν
1601 2194 1731 2229 ποτε
1759 2176 1852 2230 κα)⁵
1877 2177 2006 2231 ἀνα-

420 2268 830 2340 λαμϐανὸμενον
869 2270 946 2332 είς
986 2268 1247 2339 οὐρανοὺς
1282 2267 1657 2339 παρεχστῆναί
1698 2266 1774 2338 (5)
1814 2284 1873 2320 τε
1910 2268 2004 2321 καὶ

423 2361 856 2415 καταπιστεῦσαι
880 2359 1069 2413 ἑαυτὸν
1094 2359 1171 2430 τῷ
1202 2361 1299 2430 τῆς
1333 2360 1546 2431 ἀπάτης
1589 2358 1880 2430 πνεύματι,
1907 2362 2003 2414 καὶ

422 2451 789 2518 δισκευθέντα,
814 2451 998 2514 κακῶς
1024 2452 1365 2521 τελευτῆσαι.
1394 2451 1533 2505 Φασὶ
1561 2450 1692 2521 γοῦν
1727 2447 1882 2503 τοῦτο
1910 2451 2002 2504 οὗ-

423 2562 529 2608 τως
571 2544 868 2613 γεγονέναι.
900 2542 1062 2598 Ἀλλά
1235 2543 1363 2597 ἄνευ
1415 2541 1492 2614 (6)
1532 2540 1626 2595 τοῦ
1673 2541 1798 2595 ἰδεῖν
1830 2544 1999 2614 ἡμᾶς,

422 2635 744 2690 ἐπίστασθαί
784 2653 837 2689 τι
864 2635 973 2689 τῶν
1012 2635 1267 2690 τοιούτων
1305 2634 1619 2706 νομίζομεν,
1665 2627 1710 2686 ὦ
1740 2634 1998 2705 μακάριε.

425 2728 585 2790 Ἴσως
618 2726 714 2797 μὲν
737 2726 846 2797 γὰρ
877 2724 1070 2789 οὕτως,
1106 2727 1236 2789 ἴσως
1266 2725 1323 2779 δὲ
1353 2726 1453 2797 οὐχ
1484 2724 1658 2788 οὕτως
1688 2724 2002 2798 τετελευτή-

422 2833 549 2869 κασι
591 2817 865 2879 Μοντανός
906 2833 967 2869 τε
1013 2817 1109 2869 καὶ
1138 2816 1389 2881 Θεόδοτος
1424 2815 1517 2869 καὶ
1554 2816 1587 2886 ἡ
1622 2816 1998 2887 προειρημένη

421 2909 578 2979 γυνή.
609 2928 626 2953 ι
661 2904 831 2971 Αὖθις
877 2907 921 2960 δ’
957 2909 1015 2961 ἐν
1052 2907 1131 2979 τῷ
1168 2906 1317 2978 αύτῷ
1362 2925 1493 2978 φησι
1520 2905 1689 2977 λόγῳ,Δ
1725 2908 1851 2972 τοὺς
1878 2910 1998 2965 τότε

421 2999 599 3069 ἱεροὺς
643 2999 975 3061 ἐπισκόπους
1021 2996 1383 3070 πεπειρᾶσθαι
1428 2997 1523 3068 μὲν
1552 2996 1613 3050 τὸ
1642 2999 1697 3050 ἐν
1726 3000 1792 3069 τῇ
1828 2995 2001 3062 Magi-

421 3088 583 3162 μίλλῃ
604 3087 818 3160 πνεῦμα
839 3087 1125 3156 διελέγξαι,
1152 3086 1495 3142 κεκωλύσθαι
1528 3086 1584 3139 δὲ
1614 3086 1748 3158 πρὸς
1774 3087 1995 3158 ἐτέρων,

419 3179 822 3251 συνεργούντων
850 3179 1049 3251 δηλαδὴ
1077 3176 1155 3248 τῷ
1180 3179 1470 3249 πνεύματι.
1492 3177 1697 3249 Γράφει
1722 3177 1779 3232 δὲ
1803 3177 1994 3241 οὕτως·

423 3292 443 3315 ε
477 3273 588 3327 Καὶ
634 3275 709 3345 μὴ
748 3271 952 3342 λεγέτω
981 3274 1039 3326 ὲν
1067 3272 1143 3343 τῷ
1171 3272 1321 3343 αὐτῷ
1353 3271 1498 3342 λόγῳ
1537 3270 1614 3342 τῷ
1645 3271 1786 3325 κατά
1813 3269 1999 3323 Ἀστέ-

420 3382 533 3438 ριον
558 3364 835 3439 Οὐρϐανὸν
866 3363 940 3435 (7)
968 3365 1029 3418 τὸ
1053 3364 1142 3418 διὰ
1174 3362 1515 3436 Μαξιμίλλης
1544 3361 1779 3434 πνεῦμα,
1806 3360 1999 3416 διώκο-

491 3542 1106 3615 (ηίἉμετροφώιξους.
1144 3543 1359 3615 A_|ludit
1383 3546 1450 3605 ad
1496 3542 1797 3615 epitheton)
1836 3542 1991 3608 illud,

419 3613 526 3683 quo
559 3613 825 3669 Homerus
850 3613 904 3668 in
954 3614 1126 3667 Iliade
1172 3613 1478 3668 Thersitam
1516 3613 1719 3683 all'ecit,
1766 3614 2000 3683 ἀμετρο-

417 3681 579 3755 επὴς,
609 3687 767 3755 quod
803 3687 943 3738 idem
988 3695 1071 3738 est
1094 3699 1159 3738 ac
1194 3684 1530 3753 falsiloquus.
1556 3681 1691 3736 Nam
1716 3681 1820 3753 qui
1844 3700 1998 3755 meu-

421 3755 651 3816 tiuntur,
685 3754 887 3808 nullum
923 3755 975 3805 in
1014 3756 1247 3808 dicendo
1272 3756 1486 3808 modum
1518 3767 1744 3808 servare
1791 3754 1992 3809 solent.

491 3824 569 3894 (2)
609 3823 779 3893 Ὑπὲρ
832 3824 937 3879 τοῦ
982 3824 1287 3893 ὀνόματος.
1322 3824 1377 3877 lu
1430 3822 1738 3892 Nicephuro
1800 3822 1996 3892 legitur

420 3893 560 3965 ὑπὲρ
589 3894 683 3948 τοῦ
716 3895 902 3965 νόμου,
935 3895 1075 3962 quod
1106 3910 1210 3947 non
1246 3894 1453 3965 probo;
1488 3893 1814 3965 subauditur
1847 3894 1993 3965 enim

416 3964 513 4019 τοῦ
532 3963 793 4031 Χριστοῦ,
824 3976 880 4017 ιιι
905 3965 1128 4018 Rnlinus
1149 3973 1204 4019 et
1231 3963 1755 4027 Cbristophorsouus
1777 3963 1995 4031 supple-

419 4037 519 4090 vit.
563 4032 655 4090 Sic
686 4033 825 4089 infra
871 4050 995 4106 cap.
1040 4034 1107 4089 18
1159 4033 1402 4104 loquitur
1425 4032 1769 4103 Apollonius,
1798 4032 1890 4087 ubi
1927 4035 1993 4088 de

419 4105 744 4159 AJexandro.

418 4107 744 4163 Nexandro.

414 4189 424 4235 t
489 4175 570 4247 (5)
623 4173 769 4247 0109f
811 4175 1155 4244 ἐπίτροπον.
1217 4172 1446 4247 Ruﬁnus
1499 4175 1614 4247 hac
1661 4176 1826 4247 verba
1884 4189 1991 4227 non

419 4244 684 4313 agnoscit.
717 4245 810 4300 Sic
833 4247 976 4299 enim
1006 4247 1188 4311 vertit,
1228 4244 1387 4299 veluti
1438 4245 1841 4313 primogenitum
1873 4261 1997 4310 pro-

416 4317 609 4383 phetiae
635 4316 892 4381 ipsorum,
930 4314 1253 4369 Theodotum
1308 4314 1537 4367 nomine.
1565 4315 1767 4369 Omnes
1810 4325 1991 4368 tamen

416 4385 635 4438 codices
654 4395 709 4438 et
735 4385 1076 4453 Nicephorus
1099 4385 1240 4440 hanc
1271 4399 1458 4437 vocem
1502 4394 1827 4453 agnoscunt.
1864 4383 1993 4438 Erat

417 4455 558 4525 apud
594 4452 954 4510 Montanistas
1005 4470 1132 4510 arca
1170 4454 1439 4525 qiuedani,
1475 4452 1730 4525 in’quam
1776 4455 1991 4509 sodales

417 4524 609 4604 stipem
652 4525 1028 4604 gonjiciebant
1064 4526 1150 4604 _ad
1204 4524 1591 4592 pr0phelarum
1648 4524 1985 4604 alimoniam.

414 4592 631 4666 Primus
651 4592 961 4652 Theodotus
989 4596 1147 4666 hujus
1195 4608 1550 4666 ai-ca3_cu_ratn
1592 4595 1781 4666 gessit,
1829 4609 1988 4661 quem

417 4663 624 4719 idcirco
653 4663 1073 4732 procuratorem
1099 4664 1400 4734 prophetia:
1427 4664 1516 4718 hic
1539 4665 1778 4732 scriptor
1806 4676 1984 4727 vocat,

414 4736 556 4803 quod
591 4734 796 4790 reditus
843 4734 1053 4789 illorum
1103 4733 1162 4788 et
1216 4733 1413 4803 praedia
1461 4744 1797 4801 procuraret.
1858 4735 1990 4788 Erat

417 4801 622 4873 alioqui
676 4803 961 4858 Montanus
994 4820 1119 4860 cum
1159 4801 1272 4859 suis
1324 4804 1708 4872 prophetissis,
1757 4819 1987 4871 magnus

415 4880 734 4943 teruscator,
768 4875 860 4942 qui
889 4877 1174 4943 pecuniam
1222 4876 1462 4942 undique
1487 4874 1801 4927 corraderet
1836 4875 1988 4928 obla-

408 4942 626 5005 tionum
675 4942 1134 5010 specie.’Salaria
1182 4944 1347 4997 etiam
1400 4944 1643 5012 praebere
1671 4944 1867 4998 solitus
1920 4944 1988 4998 iis

416 5013 508 5083 _qni
543 5014 853 5083 doctrinam
873 5029 1023 5067 suam
1056 5014 1434 5082 praedicarent,
1468 5021 1525 5065 ut
1576 5014 1769 5068 scribit
1825 5014 1991 5083 Apol-

414 5081 594 5138 lonius
633 5084 771 5150 apud
818 5081 1110 5137 Eusebium
1148 5086 1198 5136 in
1252 5086 1430 5149 capite
1463 5084 1740 5149 sequenti.
1792 5081 1987 5138 Arcam

416 5152 580 5221 igitur
614 5167 706 5207 seu
735 5152 922 5208 iiscum
950 5153 1197 5206 habuerit
1234 5168 1460 5207 necesse
1498 5162 1602 5217 est,
1630 5162 1687 5207 et
1730 5168 1990 5222 procura-

418 5230 590 5277 t0retn
631 5224 832 5285 aerarii,
862 5224 954 5291 qui
990 5223 1209 5285 salaria,
1245 5223 1405 5277 idest
1439 5223 1699 5291 pecunias
1725 5240 1984 5278 numera-

418 5293 588 5345 retiis
620 5294 817 5359 quibus
848 5292 1136 5345 Montanus
1165 5293 1505 5347 decreverat.

408 5376 417 5432 ε
488 5359 564 5432 (τί)
587 5360 799 5432 ,Πολὺς
828 5361 984 5430 αἱρεῖ
1003 5363 1205 5430 λόγος.
1236 5361 1293 5432 lu
1322 5361 1508 5417 codice
1535 5361 1814 5429 Medicam,
1846 5361 1985 5418 Μαι.

408 5416 470 5514 ζει
493 5416 640 5514 ‘Fjute
666 5416 1040 5514 .lAegi'turlépsi.
1065 5416 1218 5514 tipaq
1245 5431 1539 5514 Eusebium
1591 5416 1862 5514 έᾱηὶέὶίῖη
1890 5416 1986 5514 lib.

406 5500 759 5585 iurabis-ita;
790 5500 1173 5585 seribitttgutt.
1204 5502 1309 5585 ᾔεις
1331 5500 1463 5585 ¹ιοιιο
1503 5504 1765 5585 scriptum
1812 5506 1987 5585 vides,

409 5570 583 5643 ἰτεολὺς
616 5574 759 5643 αἱρεῖ
790 5572 966 5640 λόγος,
1002 5572 1095 5643 ubi
1112 5571 1433 5643 uitat-iidem
1472 5570 1709 5628 Valet’ac
1738 5574 1950 5643 κρατεῖ.

487 5639 1027 5712 (5),Πιιρεκστῆγαι.
1079 5639 1218 5695 Male
1271 5641 1594 5712 interpretes
1635 5639 1990 5697 omnesbuue

414 5708 594 5766 locum
622 5708 835 5781 cupere.
860 5708 1243 5785 Παρεκστῆναι
1268 5721 1349 5769 est
1377 5711 1515 5769 falso
1538 5714 1733 5770 tuentis
1759 5730 1985 5770 excessu

2111 1890 2328 1943 nomine
2359 1890 2683 1957 prehensus,
2715 1889 2769 1943 in
2802 1906 3023 1945 crucem
3048 1901 3202 1947 actus
3230 1903 3354 1947 est:
3387 1894 3480 1948 sed
3513 1909 3689 1963 neque

2110 1981 2212 2035 ulla
2239 1981 2433 2037 mulier
2466 1982 2519 2035 in
2554 1980 2863 2038 Judaaorum
2897 1987 3187 2055 synagogis
3228 1985 3518 2057 autllagris
3544 2002 3684 2043 caesa
3764 2026 3773 2035 .

2109 2084 2200 2127 aut
2229 2074 2496 2141 lapidibus
2523 2074 2768 2145 impetita
2804 2088 2908 2131 est.
2986 2076 3260 2148 Nusquam
3293 2078 3553 2149 profecto,
3584 2096 3686 2135 nec

2107 2181 2362 2235 unquam.
2442 2167 2554 2221 lmo
2583 2167 2744 2236 longe
2770 2167 2876 2222 alio
2920 2171 3114 2224 mortis
3162 2185 3360 2239 genere
3408 2172 3686 2229 interiisse

2106 2259 2361 2313 dicuntur
2391 2258 2674 2315 Montanus
2719 2269 2773 2316 et
2808 2259 3124 2320 Maximilla.
3176 2266 3352 2320 Ambo
3397 2267 3564 2333 enim,
3627 2276 3685 2322 ut

2106 2348 2245 2403 fama
2270 2360 2377 2414 est,
2401 2350 2467 2404 ab
2491 2348 2684 2405 insano
2711 2350 2902 2420 spiritu
2940 2351 3173 2418 incitati,
3206 2353 3399 2421 laqueo
3429 2355 3530 2408 sibi
3582 2371 3682 2424 gu-

2103 2440 2209 2496 lam
2233 2441 2512 2511 l'regerunt
2541 2459 2556 2497 :
2592 2457 2698 2497 non
2724 2443 2942 2513 quidem
2976 2444 3158 2510 simul,
3183 2448 3275 2500 sed
3300 2461 3413 2501 suae
3448 2448 3683 2517 quisque

2092 2534 2296 2592 'mortis
2346 2546 2591 2605 tempore
2626 2555 2645 2598 ε,
2672 2545 2837 2606 atque
2874 2537 2948 2591 ita
2985 2536 3159 2592 instar
3213 2540 3504 2606 proditoris
3533 2538 3685 2597 Iuda:

2101 2628 2269 2685 vitam
2308 2629 2583 2684 finierunt.
2662 2627 2755 2683 Sic
2786 2630 2949 2684 etiam
3002 2631 3339 2687 admirabilis
3372 2633 3463 2687 ille
3505 2631 3686 2689 Theo-

2074 2720 2284 2785 'dotus,
2317 2720 2408 2789 qui
2448 2719 2657 2790 primus
2688 2721 2988 2789 prophetiae
3033 2721 3246 2776 illorum
3296 2723 3450 2793 quasi
3488 2740 3688 2793 procun

2103 2822 2252 2868 ralor
2278 2811 2496 2880 quidam
2539 2811 2659 2875 fuit,
2693 2812 3046 2881 plurimorum
3076 2829 3331 2869 sermone
3366 2817 3685 2883 perhibetur

2103 2904 2242 2961 falso
2274 2906 2468 2959 mentis
2489 2920 2716 2961 excessu
2744 2906 3000 2973 abreptus
3043 2904 3234 2973 fuisse,
3279 2908 3502 2976 perinde
3534 2924 3596 2963 ac
3634 2909 3682 2963 si

2103 2995 2372 3052 levaretur
2401 2997 2692 3065 aliquando
2720 3007 2774 3051 et
2794 3009 3167 3051 assumeretur
3188 2999 3238 3051 in
3266 2998 3462 3052 cmlum
3492 3016 3506 3053 :
3533 3014 3686 3053 cum-

2102 3101 2212 3157 que
2238 3102 2296 3141 se
2332 3097 2502 3142 totum
2527 3086 3037 3143 lraudulentissimo
3074 3087 3288 3156 spiritui
3322 3088 3681 3155 permisisset,

2104 3182 2173 3248 ab
2200 3196 2264 3235 eo
2298 3182 2348 3233 in
2381 3180 2549 3234 altum
2605 3179 2842 3249 jactatus
2884 3179 3179 3234 miserabili
3230 3178 3377 3233 exitu
3430 3179 3679 3249 periisse.

2106 3270 2168 3324 Et
2199 3270 2250 3323 id
2282 3269 2495 3339 quidem
2526 3269 2597 3322 ita
2629 3268 2829 3322 factum
2866 3284 2984 3323 esse
3017 3277 3263 3323 narrant.
3291 3266 3397 3323 Sed
3422 3269 3678 3336 quoniam

2102 3361 2206 3430 ipsi
2242 3378 2349 3417 non
2369 3360 2624 3430 vidimus,
2653 3376 2990 3432 nequaquam
3013 3361 3385 3416 existimamus
3408 3374 3505 3415 nos
3526 3360 3682 3431 quid-

2102 3543 2309 3617 abripi.
2329 3542 2423 3617 Sic
2452 3542 2826 3617 παρέκστασις
2851 3558 3013 3612 supra
3048 3540 3316 3617 sumitur,
3338 3543 3404 3617 id
3439 3550 3523 3617 est
3548 3539 3681 3597 falsa

2107 3614 2363 3668 exstasis.
2395 3613 2704 3668 Suut'enim
2747 3629 2884 3669 verae
2914 3625 3161 3668 exstases
3191 3613 3244 3666 in
3276 3613 3545 3676 Ecclesia,
3584 3627 3683 3665 cu-

2100 3682 2335 3750 jusmodi
2368 3684 2468 3739 fuit
2496 3686 2640 3739 Petri
2684 3684 2934 3752 apostoli,
2966 3685 3017 3737 in
3042 3682 3281 3749 Actibus,
3305 3698 3426 3752 cap.
3465 3698 3496 3737 χ
3524 3693 3577 3752 et
3599 3698 3679 3747 XI,

2107 3754 2195 3807 ubi
2226 3755 2420 3808 Petrus
2441 3756 2639 3810 vidisse
2659 3751 2861 3808 dicitur
2886 3756 2938 3808 in
2967 3756 3171 3808 exstasi
3195 3751 3494 3808 visionem.
3530 3751 3678 3807 Talis

2105 3824 2237 3877 item
2274 3824 2378 3878 fuit
2411 3827 2646 3879 exstasis
2687 3824 2840 3878 Pauli
2879 3824 3133 3894 apostoli,
3166 3839 3289 3878 cum
3335 3823 3400 3877 ad
3458 3824 3678 3878 tertimu

2104 3909 2280 3962 usque
2309 3895 2508 3950 caelum
2534 3896 2791 3964 abreptus
2815 3903 2916 3949 est.
2950 3895 3249 3947 Puerorum
3301 3909 3517 3964 quoque
3577 3908 3677 3945 ex-

2100 3965 2376 4035 s_tasesin
2430 3966 2797 4019 testimonium
2855 3966 3198 4035 adducuntur
3238 3980 3271 4019 a
3310 3964 3583 4035 Cypriano
3622 3964 3679 4019 in

2102 4033 2342 4103 Epistola
2370 4050 2532 4090 nona.
2563 4035 2703 4103 Sunt
2727 4036 2853 4090 item
2881 4034 3030 4090 falsa:
3051 4043 3298 4089 exstases
3332 4033 3473 4102 apud
3505 4033 3681 4088 haere-

2106 4102 2266 4177 ticos,
2299 4120 2418 4174 quae
2448 4102 2848 4177 παρέκστάσεις
2877 4105 3160 4175 eleganter
3192 4104 3453 4177 dicuntur
3477 4104 3557 4177 ab_
3578 4104 3679 4177 hoc

2118 4171 2412 4247 scripto—re,
2480 4171 2672 4247 eodem
2710 4177 2870 4230 modo
2896 4171 3003 4247 qpo
3032 4172 3499 4247 παραδιορθῴσεις
3530 4171 3680 4247 falsae

2101 4242 2509 4301 emendatiOnes
2534 4245 2797 4300 dicuntur
2840 4260 2871 4299 a
2903 4242 3204 4313 Porphy'rio
3254 4242 3308 4299 in
3351 4242 3678 4310 Qumtioni-

2101 4314 2195 4385 bus
2227 4313 2542 4371 Homericis.
2591 4315 2661 4370 Et
2702 4316 2786 4370 ba:
2819 4316 3039 4385 quidem
3072 4313 3223 4371 falsae
3245 4325 3513 4377 exstases,
3545 4326 3675 4380 pro-

2097 4384 2223 4452 pius
2244 4385 2309 4454 ad
2339 4385 2576 4441 lurorem
2596 4384 2883 4450 accedunt,
2918 4392 3104 4454 utpote
3143 4400 3171 4438 a
3205 4385 3453 4439 daemone
3477 4398 3678 4451 procu-

2097 4465 2251 4526 ratte.
2279 4453 2390 4513 Illa:
2416 4471 2546 4510 vero
2574 4471 2696 4526 quae
2736 4470 2768 4509 a
2816 4453 3002 4510 divino
3044 4455 3252 4526 Spiritu
3286 4454 3674 4526 immittuntur,

2094 4525 2325 4648 glaeidae
2346 4535 2495 4590 sunt,
2521 4524 2623 4580 nec
2652 4535 2851 4607 statum
2888 4525 3091 4608 mentis
3134 4525 3244 4606 ullo
3276 4524 3437 4578 modo
3458 4532 3677 4592 pertur-

2135 4603 2247 4648 ant.
2278 4604 2338 4648 ut
2385 4597 2544 4648 docet
2593 4595 2926 4648 Epiphanius
2958 4611 3013 4648 ιιι
3050 4596 3243 4648 Ιιωτθει
3300 4594 3677 4648 ϐοιουὴιννεε-

2135 4603 2247 4660 ant,
2278 4604 2338 4649 ut
2385 4597 2544 4651 docet
2593 4595 2926 4665 Epiphanius
2958 4597 3013 4649 in
3050 4595 3243 4665 Interesi
3300 4594 3679 4665 cataphryga-

2096 4680 2243 4730 rum,
2278 4676 2330 4719 et
2363 4666 2450 4720 hic
2482 4662 2677 4721 auctor
2698 4662 3097 4720 innominalus.
3138 4663 3319 4731 Quare
3350 4662 3557 4718 fallitur
3583 4662 3678 4717 Ni-

2095 4734 2279 4789 colaus
2329 4734 2620 4804 Rigaltius,
2666 4737 2757 4804 qui
2800 4736 2855 4790 in
2914 4736 3058 4789 notis
3095 4737 3210 4791 suis
3261 4735 3327 4790 ad
3390 4733 3675 4804 epistolam

2096 4807 2609 4877 nonamCypriani,
2638 4816 2896 4877 exstases
2923 4804 3161 4877 furorem
3209 4817 3266 4862 et
3296 4804 3673 4877 alienationem

2094 4876 2280 4946 mentis
2304 4873 2694 4946 interpretatus
2718 4885 2826 4931 est.
2853 4875 2970 4931 Non
3003 4875 3075 4929 ita
3100 4874 3488 4945 Hieronymus,
3516 4873 3675 4946 cujus

2094 4944 2212 4998 haec
2261 4954 2389 4999 sunt
2417 4944 2580 5001 verba
2618 4948 2685 5001 ad
2717 4946 2947 5001 Suniam
3000 4956 3056 5000 et
3103 4944 3378 5001 Fretelam
3440 4962 3456 5000 :
3502 4944 3676 4998 Aliter

2092 5015 2229 5087 enim
2260 5014 2483 5087 Latinus
2531 5033 2702 5070 sermo
2734 5016 2991 5072 ἔκστασιν
3023 5018 3313 5087 exprimere
3368 5031 3471 5069 non
3507 5024 3675 5085 potest

2094 5078 2200 5137 nisi
2229 5086 2453 5139 «mentis
2483 5102 2769 5141 excessum.
2810 5101 2830 5135 ι

2165 5153 2242 5225 (6)
2280 5154 2552 5228 auem
2572 5157 2740 5212 ἄνευ.
2761 5159 2923 5214 Sicin
2941 5157 3099 5214 codd.
3117 5156 3309 5228 Regio,
3330 5154 3492 5221 Maz.,
3509 5152 3671 5228 Fuku

2095 5223 2292 5278 Sav.‘et
2314 5223 2746 5298 Med.fscriptum
2764 5232 3154 5298 reperi,equam
3177 5223 3461 5283 lectionem
3490 5226 3671 5279 verio-

2094 5308 2358 5374 reuLesse
2383 5297 2843 5374 existimoquani
2865 5297 3148 5374 ἀλλὰμήν,
3167 5312 3400 5374 eamque
3453 5303 3673 5374 secutus

2094 5374 2176 5438 est
2191 5362 2488 5438 Masculus.
2517 5367 2586 5421 At
2603 5362 3139 5438 Chiistophorsonus
3162 5362 3433 5438 ἄλλα“μήν
3460 5372 3667 5428 tuetur.

2094 5434 2317 5507 hincque
2350 5434 2953 5507 perjtiterrogationem
2982 5438 3087 5493 dici
3112 5434 3413 5507 existimat.

2165 5504 2244 5571 (7}
2290 5504 2387 5558 Ἐν
2406 5504 2488 5571 τῷ
2512 5504 2862 5575 αὐτῷ’λότῳ
2888 5506 2969 5574 τῷ
2993 5506 3142 5561 κατὰ
3187 5506 3495 5574 Ἀστέριον
3519 5504 3669 5575 οὐρὴ

2094 5576 2300 5629 θανόν.
2334 5576 2459 5629 Hac
2476 5577 2638 5630 verba
2662 5574 2905 5630 scholtuu
2923 5592 3045 5632 esse
3076 5578 3207 5630 mihi
3227 5578 3498 5636 videntur,
3525 5574 3669 5642 quod

2093 5656 2254 5700 vetus
2299 5646 2519 5715 quidam
2570 5647 2919 5711 scholiastes,
2969 5661 3064 5700 seu
3107 5646 3370 5700 Eusebius
3423 5644 3562 5707 ipse,
3600 5644 3675 5695 ad

2095 5717 2394 5787 marginem
2434 5716 2556 5774 libri
2590 5716 2672 5773 sui
2707 5719 3059 5774 aduotaverat
3093 5716 3160 5771 ad
3212 5730 3275 5770 ea
3324 5716 3492 5767 verba
3546 5727 3666 5782 quae
