4198 6440
486 329 589 387 ἄῖι

1210 332 1481 388 EUSEBII
1519 332 2002 390 CESARIENSIS

2074 335 2226 393 OPP.
2270 333 2452 389 PARS
2493 332 2532 389 1.
2575 363 2644 376 --
2683 333 3075 391 HISTORICA.
3665 333 3769 388 472

492 472 656 523 quam
683 472 870 511 eorum
897 466 1048 512 certo
1075 471 1431 524 cognoscere.
1453 455 1586 510 Nam
1614 457 1755 513 forte
1774 460 1895 521 hoc,
1929 458 2067 511 forte

2183 475 2270 527 μαι
2287 458 2363 521 ὡς
2385 457 2548 521 λύκος
2578 460 2640 511 ὲκ
2672 457 3090 528 προδάτωνόύκ
3114 456 3229 525 εἰμὶ
3246 456 3406 519 λύκος
3422 472 3435 485 ·
3458 457 3571 527 mp.
3589 451 3624 505 ἀ
3656 454 3770 523 ειμι

494 549 660 601 etiam
696 547 805 601 alio
835 547 1026 603 mortis
1069 562 1271 617 genere
1312 547 1596 602 Montanus
1639 564 1703 603 ac
1757 549 2070 605 Theodotus

493 650 549 690 et
580 638 774 692 mulier
800 638 887 692 illa
924 639 1036 709 jam
1068 655 1097 693 a
1125 640 1280 696 nobis
1309 641 1584 695 nominata
1617 641 2010 696 occubuerunt.
2045 661 2065 694 ι

496 727 683 783 Refert
709 740 970 798 praeterea
1010 728 1062 783 in
1088 730 1276 784 eodem
1320 729 1460 783 libro
1490 730 1650 800 182
1699 732 2071 787 sanctissimos

494 821 779 890 episcopos
818 822 1074 890 spiritum
1122 822 1273 876 illum
1306 822 1396 891 qui
1438 823 1489 876 in
1524 822 1816 877 Maximilla
1866 825 2073 878 reside-

495 911 608 977 bat,
644 913 929 968 conlutare
976 924 1205 970 conatos
1231 916 1451 983 quidem
1480 914 1681 981 fuisse;
1722 916 1816 971 sed
1861 917 1928 969 ab
1952 916 2072 970 aliis

493 1006 582 1072 qui
619 1006 834 1075 spiritui
870 1008 1146 1071 favebant,
1182 1006 1513 1077 prohibitos.
1587 1005 1764 1062 Verba
1806 1007 1923 1077 ejus
1958 1008 2073 1064 haec

494 1106 621 1149 sunt
652 1116 666 1151 :
715 1115 733 1147 ι
768 1078 1176 1168 Νοοήιίιιίῖοιη
1200 1100 1347 1153 dicat
1368 1098 1459 1155 ille
1490 1098 1796 1153 Maximilla:
1829 1100 2071 1169 spiritus,

493 1198 655 1255 prout
685 1189 737 1243 in
768 1190 963 1244 eodem
993 1190 1194 1245 Asterii
1239 1190 1445 1246 Urbani
1483 1191 1624 1245 libro
1657 1190 1883 1245 relatum
1930 1200 2013 1246 est
2055 1209 2070 1245 :

493 1279 701 1334 Arceor
736 1290 994 1349 tauquam
1029 1281 1186 1348 lupus
1209 1282 1277 1335 ab
1301 1282 1514 1336 ovibus.
1589 1281 1706 1336 Non
1746 1298 1863 1336 sum
1896 1283 2072 1351 lupus,

498 1368 591 1421 sed
616 1370 866 1432 verbum,
894 1371 1123 1438 spiritus
1161 1380 1215 1425 et
1249 1372 1521 1440 potentia.
1554 1373 1753 1428 Verum
1778 1376 2072 1444 potentiam

497 1458 646 1512 illam
696 1460 749 1514 in
797 1462 994 1530 spiritu
1046 1462 1332 1517 evidenter
1380 1464 1633 1518 ostendat
1688 1475 1743 1521 et
1792 1467 2074 1537 approbet,

497 1549 768 1620 faterique
815 1564 871 1606 et
915 1554 1168 1608 assentiri
1203 1569 1301 1624 per
1335 1555 1584 1623 spiritum
1643 1568 1801 1625 cogat
1840 1574 1935 1613 eos
1982 1561 2075 1630 qui

502 1649 633 1694 tunc
660 1644 888 1697 aderant
933 1654 992 1698 ut
1033 1645 1313 1713 garrulum
1358 1644 1505 1700 illum
1542 1640 1793 1715 spiritum
1834 1651 2075 1722 alloque-

501 1739 691 1784 rentur
723 1742 777 1786 et
825 1737 1233 1800 examinarent,
1262 1736 1412 1792 viros
1453 1740 1654 1807 probos
1680 1751 1735 1795 et
1781 1742 2075 1812 episcopali

2177 549 2273 601 καὶ
2288 546 2502 613 πνεῦμα
2514 548 2611 601 καὶ
2621 546 2867 619 δύναμις·
2888 546 3023 600 ἀλλὰ
3035 546 3131 617 τὴν
3145 548 3202 598 ἐν
3217 546 3296 617 τῷ
3312 545 3584 617 πνεύματι
3609 540 3771 597 δύνα-

2179 659 2270 711 μιν
2287 639 2530 711 ἐναργῶς
2544 638 2772 706 δειξάτω
2784 640 2878 693 καὶ
2903 638 3194 707 ἐλεγξάτω,
3210 638 3305 691 καὶ
3324 638 3581 708 ἐξομολογ
3593 634 3767 688 εἶσθαι

2177 730 2265 784 διὰ
2285 729 2380 783 τοῦ
2398 730 2705 801 πνεύματος
2720 730 3192 798 καταναγκασάτω
3212 731 3336 793 τοὺς
3352 729 3473 782 τότε
3486 746 3597 800 παρ
3608 725 3766 791 ὄντας

2178 821 2259 883 εἰς
2275 820 2335 872 τὸ
2348 819 2634 889 δοκιμάσαι
2649 820 2742 872 καὶ
2755 818 3094 890 διαλεχθῆναι
3108 818 3186 889 τῷ
3204 818 3472 888 πνεύματι
3490 815 3765 878 λαλοῦντι,

2179 912 2376 985 ἄνδρας
2388 913 2502 966 δοκέ
2510 929 2640 982 μους
2656 915 2749 966 καὶ
2764 912 3114 975 ἐπισκόπους,
3130 912 3366 965 Ζωτικδν
3378 909 3485 965 ἀπὸ
3502 910 3763 981 Κομάνης

2182 1002 2396 1073 κώμης,
2418 1002 2808 1056 καὶΊουλιανὸν
2821 1002 2927 1055 ἀπὸ
2938 1001 3263 1073 Ἀπαμείας.
3279 995 3378 1053 Ὧν
3396 1002 3445 1053 οἱ
3463 1017 3527 1053 πε
3537 999 3592 1069 pl
3603 998 3763 1069 Θεμί-

2183 1111 2327 1147 σωνα
2352 1094 2425 1163 (8)
2453 1094 2521 1147 τὰ
2550 1093 2789 1164 στόματα
2810 1078 3171 1164 φῖμώσαντες,
3206 1093 3306 1145 οὐκ
3343 1092 3529 1142 εἴασαν
3557 1089 3619 1142 τὸ
3639 1089 3765 1158 ψευ-

2180 1187 2269 1249 δὲς
2290 1188 2383 1240 καὶ
2408 1185 2708 1239 λαοπλάνον
2733 1184 2948 1257 πνεῦμα
2970 1186 3060 1238 ὑπ’
3078 1185 3258 1238 αὐτῶν
3284 1182 3629 1253 ἐλεγχθῆναι.
3645 1182 3762 1234 »Ἐν

2181 1278 2364 1349 ταύτῷ
2393 1277 2449 1330 δὲ
2486 1278 2647 1332 πάλιν
2674 1278 2841 1350 ἕτερα
2875 1276 3075 1349 μεταξὺ
3101 1276 3237 1350 πρὸς
3269 1276 3489 1346 ἔλεγχον
3525 1274 3635 1328 τῶν
3664 1275 3764 1345 τῆς

2181 1369 2527 1440 Μαξιμξλλης
2545 1369 3057 1441 ψευδοπροφητειῶν
3078 1369 3268 1433 εἰπὼν,
3295 1369 3430 1440 ὁμοῦ
3456 1369 3547 1422 τόν
3562 1385 3620 1420 τε
3641 1367 3766 1439 χρό-

2182 1478 2272 1514 νον
2299 1461 2421 1515 καθ’
2447 1461 2506 1514 ὃν
2531 1462 2681 1514 ταῦτ’
2706 1462 2933 1532 ἔγραφε,
2961 1461 3236 1532 σημαίνει,
3273 1462 3367 1515 καὶ
3392 1461 3502 1514 τῶν
3530 1461 3768 1532 προρῤή-

2186 1568 2323 1624 σεῳν
2360 1552 2531 1623 αὐτῆς
2574 1554 2868 1624 μέμνηται,
2916 1553 2983 1606 δι’
3008 1547 3084 1607 ὧν
3122 1553 3390 1624 πολέμους
3417 1552 3633 1605 ἔσεσθαι
3674 1553 3767 1604 καὶ

2184 1614 2589 1707 ἀκάταστασίας
2616 1643 3092 1715 προεμαντεύσατο
3110 1661 3123 1674 °
3168 1637 3243 1696 ὧν
3270 1645 3364 1697 καὶ
3395 1645 3494 1714 τὴν
3517 1641 3768 1713 ψευδολο-

2183 1738 2309 1805 γίαν
2358 1735 2569 1789 εὐθύνει
2618 1729 2721 1788 ὧδε
2763 1736 2968 1804 λέγων’
3006 1755 3024 1787 ‹
3062 1736 3174 1790 Kal
3212 1735 3330 1799 πῶς
3368 1736 3429 1788 οὐ
3458 1733 3768 1803 καταφανὲς

500 1820 766 1889 dignitate
799 1825 1054 1893 praeditos
1092 1844 1106 1880 :
1145 1825 1391 1882 Zotiéum
1427 1829 1633 1884 scilicet
1661 1830 2077 1898 Cumanensem,

2183 1829 2282 1900 ἤδη
2313 1828 2504 1897 γέγονε
2549 1831 2643 1882 καὶ
2673 1828 2831 1882 τοῦτο
2862 1828 2922 1881 τὸ
2946 1828 3175 1898 ψεῦδοςς
3207 1828 3385 1881 Πλεέω
3408 1826 3517 1899 γὰρ
3549 1828 3582 1897 ἢ
3610 1843 3766 1897 τρισ-

499 1921 555 1964 et
589 1912 862 1970 lulianum
897 1918 1258 1987 Apamenum.
1317 1921 1524 1986 Quibus
1557 1922 1852 1978 Themison
1881 1926 2084 1995 aliique

499 2022 563 2061 os
595 2007 933 2073 obturantes,
958 2012 1271 2067 mendacem
1299 2013 1449 2068 illum
1476 2025 1533 2069 et
1561 2016 1703 2087 vulgi
1741 2018 2082 2074 seductorem

498 2101 754 2170 spiritum
808 2103 877 2157 ab
920 2103 1038 2156 aliis
1095 2105 1319 2176 coargui
1376 2118 1688 2164 vetuerunt.
1721 2109 1832 2163 »1η
1896 2113 2082 2167 eodem

500 2207 714 2262 quoque
765 2193 903 2249 libro
942 2204 1230 2265 postquam
1276 2199 1535 2253 nonnulla
1585 2203 1652 2254 ad
1682 2200 1875 2255 falsam
1936 2203 2083 2257 illam

500 2284 805 2339 Maximilla:
854 2287 1194 2355 prophetiam
1252 2290 1678 2344 convincendam
1730 2290 2083 2362 intersernit,

503 2386 615 2428 tttm
651 2384 861 2445 tempus
893 2379 1070 2445 ipsum
1104 2394 1212 2448 quo
1258 2382 1374 2435 haec
1405 2384 1608 2452 scripta
1640 2392 1767 2438 sunt
1817 2384 2085 2454 designat,

505 2476 618 2518 tum
662 2466 907 2521 mulieris
935 2467 1085 2522 illius
1114 2470 1368 2525 vaticinia
1416 2484 1834 2541 commemorat,
1888 2477 2087 2546 quibus

505 2557 644 2611 bella
684 2567 741 2613 et
809 2560 1075 2616 tumultus
1112 2561 1401 2619 imminere
1444 2565 1799 2634 praedixerat.
1843 2569 2085 2636 Quorum

503 2650 723 2717 quidem
745 2651 1128 2707 vaticiniorum
1160 2653 1451 2711 falsitatem
1467 2659 1743 2713 convincit
1767 2661 1849 2715 his
1866 2665 2045 2717 verbis
2067 2683 2084 2721 ι

508 2759 528 2791 ι
558 2741 770 2805 Nonne,
806 2743 1003 2811 inquit,
1050 2745 1217 2799 etiam
1272 2748 1378 2802 hoc
1436 2751 1779 2805 mendacium
1831 2755 2086 2809 omnibus

506 2833 855 2889 manifestum
885 2837 1176 2905 apparuit?
1203 2838 1415 2894 Etenim
1470 2841 1539 2895 ab
1586 2842 1740 2899 obitu
1780 2844 2085 2903 Maximillae

506 2941 680 2993 usque
710 2927 763 2981 in
798 2928 943 2984 hunc
986 2929 1129 2984 diem
1158 2931 1442 3001 plusquam
1497 2936 1756 2990 tredecim
1791 2939 1919 2992 anni
1970 2942 2084 3007 jam

506 3020 675 3088 elapsi
732 3030 859 3076 sunt
891 3038 906 3077 :
938 3037 1039 3078 nec
1079 3032 1255 3079 tamen
1283 3025 1447 3081 ullum
1479 3038 1571 3081 aut
1607 3032 1936 3098 particulare
1969 3032 2081 3087 bel-

504 3109 616 3162 lmn
649 3121 743 3164 aut
776 3112 1084 3169 universale
1119 3115 1172 3168 in
1217 3117 1375 3171 terris
1427 3117 1549 3174 fuit.
1588 3119 1703 3175 lmo
1732 3122 2081 3185 Christianis,

511 3197 781 3266 prarcipua
813 3200 1050 3268 quadam
1078 3202 1171 3257 Dei
1202 3205 1598 3273 misericordia,
1637 3225 1743 3278 pax
1774 3214 1990 3270 stabilis
2030 3225 2085 3270 et

514 3288 666 3340 llrma
696 3292 1016 3356 permansit.
1056 3314 1075 3345 ι
1108 3293 1287 3365 Atque
1316 3297 1431 3353 hanc
1462 3299 1514 3353 in
1541 3303 1780 3357 secundo
1832 3303 2086 3372 leguntur

506 3378 667 3459 libro.
703 3379 781 3434 Ex
808 3383 971 3437 tertio
996 3385 1124 3439 item
1154 3388 1433 3444 volumine
1459 3404 1632 3459 pauca
1664 3394 1911 3463 proferre
1934 3396 2083 3466 libet,

508 3471 597 3524 ubi
622 3472 884 3529 adversus
917 3490 1013 3530 eos
1039 3479 1130 3547 qui
1158 3478 1446 3548 jactabant
1469 3482 1652 3551 plures
1684 3485 1904 3540 illormn
1936 3504 2088 3544 mar-

510 3562 651 3632 tyrio
680 3576 801 3618 esse
829 3576 1143 3635 coronatos,
1179 3568 1294 3623 haec
1322 3571 1452 3626 dicit
1483 3593 1495 3627 :
1554 3592 1575 3626 r
1611 3573 1904 3645 Postquam
1961 3594 2088 3636 vero

509 3654 563 3707 in
591 3657 842 3712 omnibus
872 3674 993 3727 qua:
1038 3675 1203 3730 supra
1227 3664 1382 3732 posui
1428 3667 1684 3733 convicti,
1717 3669 1852 3723 nihil
1887 3671 2090 3726 habent

508 3749 652 3815 quod
683 3751 1061 3819 respondeant,
1098 3755 1164 3809 ad
1184 3767 1451 3827 martyres
1478 3758 1773 3828 confugere
1796 3774 2086 3829 conantur,

511 3849 819 3896 asserentes
852 3843 1052 3898 multos
1079 3859 1138 3900 se
1158 3857 1426 3919 martyres
1457 3850 1681 3918 habere,
1712 3854 1871 3925 idque
1900 3866 2090 3923 poten-

511 3928 603 3984 tiae
636 3931 941 4002 prephetici
964 3933 1107 3989 illius
1127 3936 1218 4005 qui
1251 3938 1393 4007 apud
1427 3939 1573 4008 ipsos
1604 3952 1690 3997 est
1718 3944 1944 4013 spiritus
1969 3960 2092 4001 cer-

514 4024 785 4079 tissimum
826 4039 950 4081 esse
979 4028 1390 4085 documentum.
1422 4031 1532 4086 Sed
1570 4033 1692 4108 hoc,
1720 4050 1843 4091 meo
1872 4037 2090 4108 quidem

504 4114 733 4183 judicio,
762 4116 1144 4175 nihiloverius
1174 4130 1279 4175 est.
1306 4120 1442 4176 Nam
1472 4132 1526 4177 et
1552 4124 1782 4179 aliarum
1810 4127 2089 4183 lmt‘eseon

510 4217 809 4263 sectatores
837 4209 1101 4279 plurimos
1129 4228 1189 4268 se
1224 4211 1426 4268 habere
1453 4226 1723 4289 martyres
1742 4219 2039 4286 praedicant
2071 4238 2087 4276 :

511 4315 688 4369 neque
715 4302 923 4358 idcirco
960 4313 1139 4359 tamen
1171 4306 1252 4361 eis
1309 4308 1699 4374 assentiamur,
1752 4326 1854 4365 nec
1889 4313 2091 4367 verita-

511 4404 617 4447 tem
659 4411 827 4464 penes
880 4398 999 4453 illos
1035 4413 1158 4454 esse
1204 4399 1521 4455 fatebimur.
1570 4401 1740 4457 Primi
1800 4414 1952 4460 certe
1999 4407 2091 4475 qui

2185 1918 2413 1970 καίδεκα
2434 1916 2529 1987 ἔτη
2556 1919 2636 1980 εἰς
2655 1917 2859 1988 ταύτην
2881 1917 2978 1988 τὴν
3011 1918 3243 1988 ἡμέραν,
3274 1917 3332 1983 ἐξ
3366 1912 3426 1971 οῦ
3459 1914 3770 1987 τετελεύτη-

2186 2024 2279 2062 κεν
2304 2010 2336 2079 ἡ
2357 2008 2492 2079 γυνή
2513 2025 2526 2037 ’
2565 2009 2659 2062 καὶ
2697 2007 2821 2061 οὔτε
2852 2009 3093 2079 μερικὸς,
3123 2008 3245 2062 οῦτε
3271 2008 3557 2072 καθολικδς
3577 2008 3769 2080 κόσμῳ

2184 2099 2373 2167 γέγονε
2402 2098 2656 2169 πεῖλεμος,
2680 2098 2816 2152 ἀλλὰ
2844 2100 2937 2153 καὶ
2962 2100 3308 2170 Χριστιανοῖς
3338 2099 3539 2169 μᾶλλον
3576 2100 3768 2171 εἰρήνη

2184 2189 2436 2260 διάμονος
2468 2188 2528 2253 ἐξ
2553 2189 2738 2252 ἐλέους
2763 2188 2920 2243 Θεοῦ.
2958 2209 2977 2241 ι
3013 2190 3123 2243 Καὶ
3146 2190 3317 2242 ταῦτα
3351 2190 3407 2242 δὲ
3446 2191 3510 2243 ὲκ
3530 2187 3625 2242 τοῦ
3647 2188 3771 2242 δευ-

2183 2281 2343 2352 τέρου
2370 2283 2817 2352 συγγράμματος.
2850 2284 2960 2336 Kal
2987 2282 3096 2336 ἀπὸ
3119 2283 3212 2335 τοῦ
3239 2284 3423 2355 τρίτου
3445 2283 3503 2335 δὲ
3530 2282 3770 2353 σμικρὰς

2186 2370 2570 2443 παραθήσομαι
2596 2372 2789 2439 λέξεις,
2824 2372 2892 2425 δι’
2921 2365 2994 2425 ὧν
3022 2374 3159 2444 πρὸς
3195 2375 3322 2437 τοὺς
3353 2372 3672 2443 αὐχοῦντας,
3693 2370 3769 2434 ὡς

2185 2465 2291 2535 ἄρα
2327 2464 2547 2528 πλειους
2588 2466 2682 2518 καὶ
2708 2464 2888 2518 αὐτῶν
2918 2466 3403 2537 μεμαρτυρηκότες
3438 2463 3567 2529 εἶεν,
3595 2462 3770 2517 ταῦτά

2187 2572 2385 2626 φησιν·
2452 2575 2471 2607 t
2524 2558 2689 2610 ’Όταν
2749 2559 2929 2611 τοίνυν
2984 2560 3041 2611 ὲν
3092 2559 3226 2611 πᾶσι
3295 2560 3406 2620 τοῖς
3458 2557 3770 2627 εἰρημένοις

2186 2645 2531 2717 ἐλεγχθέντες
2580 2648 2950 2720 ἀπορήσωσιν,
2999 2649 3091 2701 ἐπὶ
3122 2650 3247 2711 τοὺς
3284 2648 3565 2719 μάρτυρας
3601 2663 3768 2699 κατα-

2187 2741 2407 2809 φεύγειν
2433 2741 2747 2812 πειρῶνται,
2772 2742 3020 2810 λέγοντες
3046 2740 3272 2804 πολλοὺς
3298 2740 3441 2810 ἔχειν
3465 2740 3766 2811 μάρτυρας,

2186 2836 2283 2888 καὶ
2316 2834 2480 2888 τοῦτο
2520 2831 2658 2888 εἷναι
2689 2836 2986 2907 τεκμήριον
3024 2835 3214 2887 πιστὸν
3245 2834 3346 2903 τῆς
3369 2833 3649 2902 δυνάμεως
3673 2830 3768 2883 τοῦ

2185 2930 2317 3000 παρ’
2343 2928 2529 2991 αὐτοῖς
2551 2927 2842 2999 λεγομένου
2880 2925 3218 2999 προφητικώ
3249 2925 3576 2996 πνεύματος.
3606 2925 3679 2977 Τὸ
3711 2924 3769 2977 δέ

2187 3024 2333 3076 ἐστιν
2374 3021 2482 3093 ἄρα
2525 3020 2601 3083 ὡς
2630 3019 2772 3073 ἔοικε
2814 3021 3012 3084 παντὸς
3040 3019 3239 3091 μᾶλλον
3281 3020 3381 3071 ούκ
3404 3017 3617 3087 ἀληθές.
3660 3016 3770 3069 Καὶ

2188 3114 2418 3187 γὰρτῷν
2446 3112 2618 3168 ἄλλων
2648 3111 2909 3184 αἱρέσεών
2930 3130 3095 3175 τινες,
3124 3112 3407 3175 πλείστους
3432 3112 3588 3174 ὅσους
3613 3111 3769 3180 ἔχου-

2190 3221 2241 3258 σι
2280 3204 2581 3275 μάρτυρας,
2611 3203 2704 3256 καὶ
2728 3202 2787 3254 οὺ
2816 3201 2966 3273 παρὰ
2991 3201 3149 3255 τοῦτο
3171 3202 3341 3273 δήπου
3370 3200 3772 3270 συγκαταοησό-

2192 3295 2348 3368 μεθα,
2386 3295 2505 3349 οὐδὲ
2543 3294 2798 3365 ἀλήθειαν
2831 3294 2975 3363 ἔχειν
2992 3294 3189 3356 αὐτοὺς
3208 3292 3635 3364 ὁμολογήσομεν.
3661 3292 3772 3346 Kal

2189 3389 2397 3460 πρῶτοί
2423 3405 2487 3457 γε
2519 3389 2569 3440 οἱ
2605 3386 2714 3439 ἀπὸ
2745 3388 2846 3456 τῆς
2872 3386 3197 3457 Μαρκίωνος
3218 3385 3485 3456 αἱρέσεως
3513 3386 3773 3455 Μαρκιω-

2188 3482 2365 3535 νισταὶ
2397 3480 2740 3550 καλούμενοι,
2789 3479 3074 3541 πλείστους
3127 3479 3286 3541 ὅσους
3338 3476 3479 3546 ἔχειν
3533 3475 3770 3547 Χριστοῦ

2192 3575 2478 3645 μάρτυρας
2501 3572 2747 3640 λέγουσιν
2770 3588 2783 3601 ·
2832 3569 2965 3625 ἀλλὰ
2985 3571 3076 3623 τόν
3103 3587 3168 3639 γε
3192 3568 3422 3640 Χριστὸν
3448 3569 3608 3621 αὐτὸν
3636 3569 3773 3639 μετὰ

2189 3665 2446 3737 ἀλήθειαν
2471 3664 2569 3734 οὐχ
2594 3663 2937 3735 ὁμολογοῦσι.
2974 3682 2993 3714 ι
3026 3663 3135 3715 Καὶ
3165 3660 3303 3732 μετὰ
3331 3660 3537 3732 βραχέα
3562 3659 3773 3722 τούτοις

2189 3758 2442 3829 ἐπιφέρει
2460 3756 2634 3825 λέγων
2650 3773 2664 3787 ο
2702 3775 2720 3807 ‹
2758 3756 2919 3810 Ὅθεν
2937 3773 3021 3809 τοι
3053 3757 3151 3809 καὶ
3168 3755 3385 3809 ἐπειδὰν
3407 3756 3456 3806 οἱ
3477 3755 3570 3807 ἐπὶ
3588 3753 3651 3806 τὸ
3671 3752 3773 3822 τῆς

2190 3850 2330 3903 κατὰ
2354 3848 2609 3921 ἀλήθειαν
2640 3849 2874 3914 πίστεως
2905 3851 3199 3923 μαρτύριον
3231 3849 3519 3919 κληθέντες
3545 3849 3650 3901 ἀπὸ
3675 3850 3773 3917 τῆς

2191 3943 2519 4014 Ἐκκλησίας
2545 3942 2751 4013 τύχωσι
2778 3943 2916 4013 μετά
2939 3961 3098 3997 τινων
3116 3942 3222 3996 τῶν
3250 3942 3355 3996 ἀπὸ
3385 3944 3484 4013 τῆς
3507 3941 3615 3994 τῶν
3635 3941 3775 4011 Φρυ-

2190 4035 2302 4104 γῶν
2336 4036 2602 4107 αἱρέσεως
2644 4036 2953 4107 λεγομένων
2996 4036 3311 4107 μαρτύρων,
3344 4033 3688 4104 διαφέρονταί
3713 4048 3773 4084 τε

2191 4128 2329 4202 πρὸς
2356 4129 2571 4193 αὐτοὺς,
2600 4130 2695 4182 καλ⁹
2726 4127 2800 4199 μὴ
2837 4130 3267 4198 κοινωνήσαντες
3299 4127 3480 4188 αὐτοῖς
3511 4121 3775 4176 τελειοῦν-

2189 4237 2300 4282 ται,
2328 4219 2415 4274 διὰ
2441 4219 2501 4273 τὸ
2534 4220 2608 4293 μὴ
2639 4219 2923 4291 βούλεσθαι
2957 4218 3395 4288 συγκαταθέσθαι
3418 4215 3497 4288 τῷ
3519 4215 3607 4269 διὰ
3633 4214 3774 4268 Μον-

2189 4311 2352 4365 τανοῦ
2408 4313 2501 4365 καὶ
2545 4311 2655 4365 τῶν
2697 4311 2972 4381 γυναικῶν
3014 4312 3304 4383 πνεύματι.
3342 4310 3452 4363 Καὶ
3493 4310 3574 4361 ὃτι
3619 4304 3773 4359 τοῦτο

2192 4408 2409 4479 ἀληθὲς,
2435 4408 2529 4460 καὶ
2552 4406 2646 4459 ἐπὶ
2669 4406 2777 4459 τῶν
2802 4406 3085 4477 ἡμετέρων
3106 4406 3314 4478 χρόνων
3329 4406 3385 4457 ὲν
3412 4397 3687 4469 Ἀπαμείᾳ
3703 4399 3772 4468 τῇ

508 4484 800 4544 Marcionis
859 4489 1112 4545 haeresim
1172 4502 1497 4562 sequuntur,
1548 4495 1711 4564 vulgo
1754 4494 2082 4555 Marcionita

2193 4501 2330 4573 πρὸς
2367 4490 2662 4571 Μαιάνδρῴ
2699 4499 2956 4570 τυγχάνει
2992 4497 3375 4569 γεγενημένον,
3416 4497 3473 4548 ὲν
3501 4495 3612 4556 τοῖς
3646 4490 3775 4563 περὶ

508 4582 897 4647 cognominati,
920 4585 1351 4655 quamplurimas
1385 4585 1585 4640 habere
1615 4602 1675 4641 se
1715 4588 1904 4645 dicunt
1937 4606 2084 4646 mar-

512 4678 662 4740 tyres
683 4672 906 4728 Christi.
943 4675 1009 4728 Et
1035 4684 1216 4729 tamen
1247 4672 1526 4730 Christum
1553 4678 1728 4746 ipsum
1753 4695 1944 4735 revera
1984 4684 2087 4738 mi-

2192 4597 2352 4650 Γάϊον
2391 4594 2486 4648 καὶ
2523 4593 2870 4663 Ἀλέξανδρον
2905 4592 3013 4645 ἀπὸ
3046 4590 3347 4662 Εὐμενειας
3371 4587 3771 4661 μαρτυρήσασι,

2192 4684 2479 4759 πρόδηλον.
2513 4703 2531 4735 ι

513 4768 659 4820 nime
685 4768 1039 4823 confitentur.
1071 4786 1090 4819 ι
1118 4766 1312 4823 Paucis
1333 4769 1528 4825 deinde
1554 4771 1910 4841 interpositis,
1947 4776 2105 4848 183
2145 4778 2261 4834 haec
2290 4776 2569 4847 subjungit
2606 4793 2620 4829 :
2654 4794 2673 4826 ι
2717 4771 3102 4839 Quamobrem,
3155 4771 3365 4840 inquit,
3415 4769 3773 4841 quotiescun-

507 4872 616 4925 que
639 4857 896 4913 Ecclesiaa
926 4859 1028 4913 viri
1058 4859 1127 4913 ad
1157 4861 1482 4934 martyrium
1540 4878 1638 4931 pro
1685 4878 1811 4920 vera
1860 4868 1965 4922 ﬁde
2018 4871 2361 4925 subeundum
2434 4867 2635 4930 vocati,
2698 4881 2802 4919 una
2861 4879 2984 4917 cum
3026 4860 3349 4932 quibusdam
3396 4860 3463 4911 de
3503 4855 3771 4926 Phrygum

507 4948 701 5003 heresi
723 4952 815 5021 qui
838 4964 1109 5025 martyres
1124 4955 1402 5024 dicuntur,
1422 4972 1551 5013 casu
1570 4963 1800 5028 quodam
1823 4962 2076 5029 coierint,
2116 4979 2332 5034 semper
2353 4963 2421 5017 ab
2445 4961 2553 5017 illis
2582 4959 2936 5023 dissentiunt,
2964 4966 3020 5012 et
3088 4955 3526 5011 communionem
3584 4967 3771 5007 eorum

501 5043 736 5099 sollicite
768 5045 1020 5112 vitantes,
1047 5049 1338 5118 gloriosum
1364 5052 1609 5121 martyrii
1646 5053 1851 5107 exitum
1918 5064 2348 5124 consequuntur,
2399 5053 2599 5123 quippe
2626 5051 2718 5121 qui
2750 5049 2999 5105 Montani
3065 5057 3120 5104 et
3153 5047 3597 5103 muliercularum
3658 5045 3772 5116 spi-

502 5136 632 5191 ι’ἰωί
666 5151 951 5194 assensum
989 5145 1402 5199 accommodare
1427 5143 1583 5200 nefas
1606 5145 1829 5201 ducant.
1855 5146 2034 5215 Atque
2061 5148 2115 5202 id
2153 5161 2340 5202 verum
2372 5160 2496 5202 esse
2516 5154 2731 5200 constat
2755 5159 2823 5200 ex
2850 5144 2917 5199 iis
2947 5158 3068 5211 quas
3099 5154 3285 5197 nostra
3323 5149 3483 5195 aetate
3547 5137 3600 5191 in
3640 5135 3775 5191 urbe

499 5234 744 5300 Apamea
782 5247 903 5302 quae
946 5234 1012 5287 ad
1063 5232 1394 5292 Maeandrum
1428 5236 1532 5290 sita
1561 5247 1665 5303 est,
1704 5249 1850 5308 gesta
1892 5248 2021 5293 sunt
2047 5253 2078 5294 a
2114 5236 2247 5294 Caio
2269 5248 2323 5293 et
2347 5236 2655 5293 Alexandro
2674 5236 3029 5308 martyribus,
3079 5234 3320 5289 oriundis
3360 5230 3642 5286 Eumenia.
3677 5246 3698 5280 ι

504 5416 666 5491 paulo
693 5425 819 5491 ante
852 5428 1273 5491 prmcesserunt,
1304 5415 1462 5482 αὖθις
1486 5417 1544 5472 δὲ
1588 5421 1648 5476 ἐν
1673 5420 1750 5491 τῷ
1773 5419 1922 5490 αὐτῷ
1949 5437 2082 5491 φησι

505 5486 668 5557 λόγῳ.
707 5486 877 5542 Porro
900 5503 966 5541 ex
998 5489 1084 5542 his
1108 5490 1287 5543 verbis
1317 5491 1552 5553 elicitur,
1589 5486 1862 5545 Asterium
1893 5486 2079 5545 'llrb'a-

506 5574 634 5610 num
662 5566 937 5612 auctorem
968 5571 1091 5612 esse
1114 5558 1307 5612 horum
1336 5561 1499 5613 trium
1526 5561 1784 5615 librorum
1814 5560 2079 5615 Aduersus

506 5625 897 5700 {Iatgphrygag
949 5643 1054 5700 non
1103 5638 1285 5681 autem
1327 5630 1716 5700 Apollinarem,
1750 5641 1809 5685 ut
1843 5632 2079 5686 credidit

507 5696 733 5749 Rufinus
766 5706 821 5750 et
842 5696 1392 5763 Christophorsonus.

578 5765 652 5834 t8)
687 5769 749 5819 Οἱ
803 5768 934 5834 περὶ
1006 5770 1335 5837 asylorum.
1382 5771 1606 5829 lllustris
1639 5772 1728 5828 hic
1782 5770 1883 5826 fuit
1934 5771 2076 5827 inter

2191 5420 2577 5486 Montanistas,
2614 5422 2707 5491 qui
2738 5436 2797 5474 se
2827 5420 3196 5496 confessorem
3246 5426 3300 5496 et
3336 5422 3657 5496 _martyretii
3684 5410 3769 5496 jaf

2193 5493 2375 5545 ctabat
2402 5510 2416 5557 ;
2448 5481 2719 5561 aususque
2744 5501 2845 5563 est
2858 5490 3143 5563 epistolam
3171 5481 3773 5563 catholicamextemplo

2189 5555 2418 5629 apostoli
2444 5555 2686 5636 scribere
2715 5565 2781 5636 ad
2810 5555 3182 5636 Ecclesias,_ut
3208 5571 3405 5636 novam
3434 5555 3770 5636 prophetiam

2189 5627 2619 5689 commendaret.
2651 5634 2723 5688 De
2758 5631 2863 5687 hoc
2888 5630 3055 5685 multa
3084 5627 3407 5698 Apollonius
3438 5627 3491 5680 iu
3521 5627 3769 5695 sequenti

2189 5714 2384 5772 rapite.
