  <div class='ocr_page' id='page_1' title='image "/cluster/home/n/w/nwhite01/storage/ocr_20150623/20:no.2/coo.31924054873009/246.png"; bbox 0 0 4198 6446; ppageno 0'>
   <div class='ocr_carea' id='block_1_1' title="bbox 477 372 2699 440">
    <p class='ocr_par' dir='ltr' id='par_1_1' title="bbox 477 372 2699 440">
     <span class='ocr_line' id='line_1_1' title="bbox 477 372 2699 440; baseline -0.004 -3"><span class='ocrx_word' id='word_1_1' title='bbox 477 383 547 440; x_wconf 73' lang='lat'><strong><em>73</em></strong></span> <span class='ocrx_word' id='word_1_2' title='bbox 1469 378 1820 434; x_wconf 80' lang='lat' dir='ltr'><strong><em>HISTORle</em></strong></span> <span class='ocrx_word' id='word_1_3' title='bbox 1860 376 2424 434; x_wconf 65' lang='lat' dir='ltr'><strong><em>ECCLESIASTICIE</em></strong></span> <span class='ocrx_word' id='word_1_4' title='bbox 2461 375 2591 429; x_wconf 80' lang='lat' dir='ltr'><strong><em>LIB.</em></strong></span> <span class='ocrx_word' id='word_1_5' title='bbox 2634 372 2699 429; x_wconf 82' lang='lat' dir='ltr'><strong><em>V.</em></strong></span> 
     </span>
    </p>
   </div>
   <div class='ocr_carea' id='block_1_2' title="bbox 980 497 1506 553">
    <p class='ocr_par' dir='ltr' id='par_1_2' title="bbox 980 497 1506 553">
     <span class='ocr_line' id='line_1_2' title="bbox 980 497 1506 553; baseline -0.004 0"><span class='ocrx_word' id='word_1_6' title='bbox 980 497 1373 553; x_wconf 76' lang='grc' dir='ltr'><strong><em>ΚΕΦΑΛΑῘΟΝ</em></strong></span> <span class='ocrx_word' id='word_1_7' title='bbox 1408 499 1506 551; x_wconf 91' lang='lat' dir='ltr'><strong><em>lZ&#39;.</em></strong></span> 
     </span>
    </p>
   </div>
   <div class='ocr_carea' id='block_1_3' title="bbox 579 584 1884 662">
    <p class='ocr_par' dir='ltr' id='par_1_3' title="bbox 579 584 1884 662">
     <span class='ocr_line' id='line_1_3' title="bbox 579 584 1884 662; baseline -0.006 -14"><span class='ocrx_word' id='word_1_8' title='bbox 579 595 717 662; x_wconf 76' lang='grc' dir='ltr'>Περὶ</span> <span class='ocrx_word' id='word_1_9' title='bbox 758 590 1082 646; x_wconf 76' lang='grc' dir='ltr'><strong><em>Μιλτιάδου</em></strong></span> <span class='ocrx_word' id='word_1_10' title='bbox 1121 590 1217 643; x_wconf 74' lang='grc' dir='ltr'>καὶ</span> <span class='ocrx_word' id='word_1_11' title='bbox 1252 584 1339 662; x_wconf 47' lang='lat' dir='ltr'><strong><em>dir</em></strong></span> <span class='ocrx_word' id='word_1_12' title='bbox 1366 587 1661 662; x_wconf 57' lang='lat' dir='ltr'><strong><em>cvi&#39;érarfe</em></strong></span> <span class='ocrx_word' id='word_1_13' title='bbox 1688 587 1884 657; x_wconf 76' lang='grc' dir='ltr'><strong><em>λόγων</em></strong></span> 
     </span>
    </p>
   </div>
   <div class='ocr_carea' id='block_1_4' title="bbox 964 659 1562 729">
    <p class='ocr_par' dir='ltr' id='par_1_4' title="bbox 964 659 1562 729">
     <span class='ocr_line' id='line_1_4' title="bbox 964 659 1562 729; baseline -0.003 -15"><span class='ocrx_word' id='word_1_14' title='bbox 964 663 1104 729; x_wconf 58' lang='grc' dir='ltr'><strong>(κιρ.</strong></span> <span class='ocrx_word' id='word_1_15' title='bbox 1147 662 1215 712; x_wconf 76' lang='grc' dir='ltr'><em>η.</em></span> <span class='ocrx_word' id='word_1_16' title='bbox 1247 660 1313 716; x_wconf 81' lang='lat' dir='ltr'><strong><em>E.</em></strong></span> <span class='ocrx_word' id='word_1_17' title='bbox 1344 675 1418 721; x_wconf 81' lang='lat' dir='ltr'><strong><em>IV,</em></strong></span> <span class='ocrx_word' id='word_1_18' title='bbox 1447 659 1562 728; x_wconf 72' lang='lat' dir='ltr'><strong><em>at).</em></strong></span> 
     </span>
    </p>
   </div>
   <div class='ocr_carea' id='block_1_5' title="bbox 512 738 2022 824">
    <p class='ocr_par' dir='ltr' id='par_1_5' title="bbox 512 738 2022 824">
     <span class='ocr_line' id='line_1_5' title="bbox 512 738 2022 824; baseline -0.007 -14"><span class='ocrx_word' id='word_1_19' title='bbox 512 738 617 809; x_wconf 56' lang='lat' dir='ltr'><strong><em>&quot;Ev</em></strong></span> <span class='ocrx_word' id='word_1_20' title='bbox 642 754 818 824; x_wconf 83' lang='grc' dir='ltr'>τούτῳ</span> <span class='ocrx_word' id='word_1_21' title='bbox 855 754 912 806; x_wconf 85' lang='grc' dir='ltr'>δὲ</span> <span class='ocrx_word' id='word_1_22' title='bbox 940 753 1019 822; x_wconf 85' lang='grc' dir='ltr'>τῷ</span> <span class='ocrx_word' id='word_1_23' title='bbox 1049 751 1438 823; x_wconf 83' lang='grc' dir='ltr'>συγγράμματι</span> <span class='ocrx_word' id='word_1_24' title='bbox 1463 750 1554 802; x_wconf 74' lang='grc' dir='ltr'><strong><em>καὶ</em></strong></span> <span class='ocrx_word' id='word_1_25' title='bbox 1575 747 1865 802; x_wconf 83' lang='grc' dir='ltr'><strong><em>Μιλτιάδου</em></strong></span> <span class='ocrx_word' id='word_1_26' title='bbox 1894 763 2022 815; x_wconf 87' lang='grc' dir='ltr'>συγ-</span> 
     </span>
    </p>
   </div>
   <div class='ocr_carea' id='block_1_6' title="bbox 444 840 2023 921">
    <p class='ocr_par' dir='ltr' id='par_1_6' title="bbox 444 840 2023 921">
     <span class='ocr_line' id='line_1_6' title="bbox 444 840 2023 921; baseline -0.006 -19"><span class='ocrx_word' id='word_1_27' title='bbox 444 847 700 921; x_wconf 81' lang='grc' dir='ltr'>γραφέως</span> <span class='ocrx_word' id='word_1_28' title='bbox 756 846 1025 917; x_wconf 77' lang='grc' dir='ltr'><strong><em>μέμνηται</em></strong></span> <span class='ocrx_word' id='word_1_29' title='bbox 1072 846 1169 915; x_wconf 84' lang='grc'><strong><em>(9),</em></strong></span> <span class='ocrx_word' id='word_1_30' title='bbox 1234 844 1309 907; x_wconf 83' lang='grc' dir='ltr'>ὡς</span> <span class='ocrx_word' id='word_1_31' title='bbox 1349 843 1504 911; x_wconf 81' lang='grc' dir='ltr'>λόγον</span> <span class='ocrx_word' id='word_1_32' title='bbox 1552 841 1673 895; x_wconf 78' lang='grc' dir='ltr'>τινὰ</span> <span class='ocrx_word' id='word_1_33' title='bbox 1725 843 1817 896; x_wconf 80' lang='grc' dir='ltr'><strong><em>καὶ</em></strong></span> <span class='ocrx_word' id='word_1_34' title='bbox 1859 840 2023 895; x_wconf 79' lang='grc' dir='ltr'>αὑτοῦ</span> 
     </span>
    </p>
   </div>
   <div class='ocr_carea' id='block_1_7' title="bbox 445 934 2028 1011">
    <p class='ocr_par' dir='ltr' id='par_1_7' title="bbox 445 934 2028 1011">
     <span class='ocr_line' id='line_1_7' title="bbox 445 934 2028 1011; baseline -0.006 -17"><span class='ocrx_word' id='word_1_35' title='bbox 445 940 585 994; x_wconf 79' lang='grc' dir='ltr'>κατὰ</span> <span class='ocrx_word' id='word_1_36' title='bbox 610 940 708 1011; x_wconf 84' lang='grc' dir='ltr'>τῆς</span> <span class='ocrx_word' id='word_1_37' title='bbox 739 936 1139 1009; x_wconf 76' lang='grc' dir='ltr'>προειρημένης</span> <span class='ocrx_word' id='word_1_38' title='bbox 1165 934 1424 1005; x_wconf 76' lang='grc' dir='ltr'>αἱρέσεως</span> <span class='ocrx_word' id='word_1_39' title='bbox 1453 934 1807 1003; x_wconf 76' lang='grc' dir='ltr'>γεγραφότος.</span> <span class='ocrx_word' id='word_1_40' title='bbox 1841 934 2028 1004; x_wconf 89' lang='grc' dir='ltr'>Παρα-</span> 
     </span>
    </p>
   </div>
   <div class='ocr_carea' id='block_1_8' title="bbox 446 1025 2021 1102">
    <p class='ocr_par' dir='ltr' id='par_1_8' title="bbox 446 1025 2021 1102">
     <span class='ocr_line' id='line_1_8' title="bbox 446 1025 2021 1102; baseline -0.004 -16"><span class='ocrx_word' id='word_1_41' title='bbox 446 1032 672 1102; x_wconf 78' lang='grc' dir='ltr'>Θέμενος</span> <span class='ocrx_word' id='word_1_42' title='bbox 696 1029 827 1099; x_wconf 80' lang='grc' dir='ltr'>γοῦν</span> <span class='ocrx_word' id='word_1_43' title='bbox 874 1027 1051 1082; x_wconf 74' lang='grc' dir='ltr'>αὐτῶν</span> <span class='ocrx_word' id='word_1_44' title='bbox 1083 1028 1255 1093; x_wconf 80' lang='grc' dir='ltr'>λέξεις</span> <span class='ocrx_word' id='word_1_45' title='bbox 1298 1026 1481 1091; x_wconf 72' lang='grc' dir='ltr'>τινας,</span> <span class='ocrx_word' id='word_1_46' title='bbox 1519 1026 1768 1097; x_wconf 76' lang='grc' dir='ltr'><strong><em>ἐπιφέρει</em></strong></span> <span class='ocrx_word' id='word_1_47' title='bbox 1816 1025 2021 1093; x_wconf 81' lang='grc' dir='ltr'>λέγων·</span> 
     </span>
    </p>
   </div>
   <div class='ocr_carea' id='block_1_9' title="bbox 452 1115 2024 1193">
    <p class='ocr_par' dir='ltr' id='par_1_9' title="bbox 452 1115 2024 1193">
     <span class='ocr_line' id='line_1_9' title="bbox 452 1115 2024 1193; baseline -0.005 -18"><span class='ocrx_word' id='word_1_48' title='bbox 452 1144 471 1175; x_wconf 74' lang='grc' dir='ltr'><strong><em>ι</em></strong></span> <span class='ocrx_word' id='word_1_49' title='bbox 508 1123 692 1177; x_wconf 77' lang='grc' dir='ltr'>Ταῦτα</span> <span class='ocrx_word' id='word_1_50' title='bbox 725 1119 900 1193; x_wconf 82' lang='grc' dir='ltr'>εὑρὼν</span> <span class='ocrx_word' id='word_1_51' title='bbox 932 1120 988 1172; x_wconf 76' lang='grc' dir='ltr'>ἐν</span> <span class='ocrx_word' id='word_1_52' title='bbox 1016 1136 1123 1171; x_wconf 92' lang='grc' dir='ltr'>τινι</span> <span class='ocrx_word' id='word_1_53' title='bbox 1164 1117 1557 1189; x_wconf 77' lang='grc' dir='ltr'>συγγράμματι</span> <span class='ocrx_word' id='word_1_54' title='bbox 1598 1115 1777 1168; x_wconf 85' lang='grc' dir='ltr'>αὐτῶν</span> <span class='ocrx_word' id='word_1_55' title='bbox 1810 1117 2024 1168; x_wconf 77' lang='grc' dir='ltr'>ἐνιστα-</span> 
     </span>
    </p>
   </div>
   <div class='ocr_carea' id='block_1_10' title="bbox 451 1203 2022 1285">
    <p class='ocr_par' dir='ltr' id='par_1_10' title="bbox 451 1203 2022 1285">
     <span class='ocr_line' id='line_1_10' title="bbox 451 1203 2022 1285; baseline -0.008 -17"><span class='ocrx_word' id='word_1_56' title='bbox 451 1215 627 1285; x_wconf 83' lang='grc' dir='ltr'>μένων</span> <span class='ocrx_word' id='word_1_57' title='bbox 657 1213 733 1284; x_wconf 80' lang='grc' dir='ltr'>τῷ</span> <span class='ocrx_word' id='word_1_58' title='bbox 756 1210 1046 1266; x_wconf 82' lang='grc' dir='ltr'>Μιλτιάδου</span> <span class='ocrx_word' id='word_1_59' title='bbox 1072 1208 1164 1262; x_wconf 81' lang='grc' dir='ltr'>τοῦ</span> <span class='ocrx_word' id='word_1_60' title='bbox 1198 1206 1427 1276; x_wconf 85' lang='grc' dir='ltr'>ἀδελφοῦ</span> <span class='ocrx_word' id='word_1_61' title='bbox 1465 1206 1856 1277; x_wconf 84' lang='grc' dir='ltr'>συγγράμματι</span> <span class='ocrx_word' id='word_1_62' title='bbox 1887 1203 2022 1275; x_wconf 86' lang='lat' dir='ltr'><strong><em>(l0),</em></strong></span> 
     </span>
    </p>
   </div>
   <div class='ocr_carea' id='block_1_11' title="bbox 447 1297 2027 1374">
    <p class='ocr_par' dir='ltr' id='par_1_11' title="bbox 447 1297 2027 1374">
     <span class='ocr_line' id='line_1_11' title="bbox 447 1297 2027 1374; baseline -0.01 -12"><span class='ocrx_word' id='word_1_63' title='bbox 447 1312 508 1363; x_wconf 83' lang='grc' dir='ltr'>ἐν</span> <span class='ocrx_word' id='word_1_64' title='bbox 534 1302 578 1374; x_wconf 83' lang='grc' dir='ltr'>ᾧ</span> <span class='ocrx_word' id='word_1_65' title='bbox 605 1304 952 1359; x_wconf 83' lang='grc' dir='ltr'>ἀποδείκνυσι</span> <span class='ocrx_word' id='word_1_66' title='bbox 981 1301 1111 1373; x_wconf 78' lang='grc' dir='ltr'>περὶ</span> <span class='ocrx_word' id='word_1_67' title='bbox 1144 1300 1237 1353; x_wconf 73' lang='grc' dir='ltr'>τοῦ</span> <span class='ocrx_word' id='word_1_68' title='bbox 1270 1298 1343 1370; x_wconf 77' lang='grc' dir='ltr'>μὴ</span> <span class='ocrx_word' id='word_1_69' title='bbox 1366 1298 1475 1351; x_wconf 85' lang='grc' dir='ltr'>δεῖν</span> <span class='ocrx_word' id='word_1_70' title='bbox 1503 1298 1791 1367; x_wconf 81' lang='grc' dir='ltr'>προφήτην</span> <span class='ocrx_word' id='word_1_71' title='bbox 1840 1297 1896 1348; x_wconf 84' lang='grc' dir='ltr'>ὲν</span> <span class='ocrx_word' id='word_1_72' title='bbox 1938 1297 2027 1348; x_wconf 81' lang='grc' dir='ltr'><strong><em>ὲκ-</em></strong></span> 
     </span>
    </p>
   </div>
   <div class='ocr_carea' id='block_1_12' title="bbox 450 1387 2025 1461">
    <p class='ocr_par' dir='ltr' id='par_1_12' title="bbox 450 1387 2025 1461">
     <span class='ocr_line' id='line_1_12' title="bbox 450 1387 2025 1461; baseline -0.009 -7"><span class='ocrx_word' id='word_1_73' title='bbox 450 1402 636 1455; x_wconf 81' lang='grc' dir='ltr'>στάσει</span> <span class='ocrx_word' id='word_1_74' title='bbox 673 1397 887 1458; x_wconf 84' lang='grc' dir='ltr'>λαλεῖν,</span> <span class='ocrx_word' id='word_1_75' title='bbox 936 1392 1301 1461; x_wconf 81' lang='grc' dir='ltr'>ὲπετεμόμην,</span> <span class='ocrx_word' id='word_1_76' title='bbox 1358 1410 1376 1440; x_wconf 74' lang='grc' dir='ltr'><strong><em>ι</em></strong></span> <span class='ocrx_word' id='word_1_77' title='bbox 1436 1387 1815 1451; x_wconf 77' lang='grc' dir='ltr'>’Υποκαταϐὰς</span> <span class='ocrx_word' id='word_1_78' title='bbox 1861 1387 1917 1440; x_wconf 83' lang='grc' dir='ltr'>δὲ</span> <span class='ocrx_word' id='word_1_79' title='bbox 1966 1388 2025 1442; x_wconf 80' lang='grc' dir='ltr'>ὲν</span> 
     </span>
    </p>
   </div>
   <div class='ocr_carea' id='block_1_13' title="bbox 447 1478 2023 1559">
    <p class='ocr_par' dir='ltr' id='par_1_13' title="bbox 447 1478 2023 1559">
     <span class='ocr_line' id='line_1_13' title="bbox 447 1478 2023 1559; baseline -0.009 -16"><span class='ocrx_word' id='word_1_80' title='bbox 447 1488 628 1559; x_wconf 83' lang='grc' dir='ltr'><strong><em>ταὺτῷ</em></strong></span> <span class='ocrx_word' id='word_1_81' title='bbox 658 1488 783 1549; x_wconf 81' lang='grc' dir='ltr'>τοὺς</span> <span class='ocrx_word' id='word_1_82' title='bbox 814 1483 953 1538; x_wconf 78' lang='grc' dir='ltr'>κατὰ</span> <span class='ocrx_word' id='word_1_83' title='bbox 985 1484 1081 1554; x_wconf 78' lang='grc' dir='ltr'>τὴν</span> <span class='ocrx_word' id='word_1_84' title='bbox 1105 1480 1308 1550; x_wconf 79' lang='grc' dir='ltr'>Καινὴν</span> <span class='ocrx_word' id='word_1_85' title='bbox 1334 1478 1607 1549; x_wconf 84' lang='grc' dir='ltr'>Διαοήκην</span> <span class='ocrx_word' id='word_1_86' title='bbox 1645 1494 2023 1548; x_wconf 84' lang='grc' dir='ltr'>προπεφητευ-</span> 
     </span>
    </p>
   </div>
   <div class='ocr_carea' id='block_1_14' title="bbox 449 1568 2026 1644">
    <p class='ocr_par' dir='ltr' id='par_1_14' title="bbox 449 1568 2026 1644">
     <span class='ocr_line' id='line_1_14' title="bbox 449 1568 2026 1644; baseline -0.008 -9"><span class='ocrx_word' id='word_1_87' title='bbox 449 1582 608 1644; x_wconf 74' lang='grc' dir='ltr'>κότας</span> <span class='ocrx_word' id='word_1_88' title='bbox 637 1577 945 1644; x_wconf 83' lang='grc' dir='ltr'>καταλέγει,</span> <span class='ocrx_word' id='word_1_89' title='bbox 963 1576 1020 1627; x_wconf 82' lang='grc' dir='ltr'><strong><em>ἐν</em></strong></span> <span class='ocrx_word' id='word_1_90' title='bbox 1042 1568 1122 1637; x_wconf 79' lang='grc' dir='ltr'><strong><em>οἷς</em></strong></span> <span class='ocrx_word' id='word_1_91' title='bbox 1154 1572 1483 1644; x_wconf 71' lang='grc' dir='ltr'>καταριθμεῖ</span> <span class='ocrx_word' id='word_1_92' title='bbox 1526 1570 1761 1641; x_wconf 82' lang='grc' dir='ltr'>Ἀμμίαν</span> <span class='ocrx_word' id='word_1_93' title='bbox 1785 1569 1905 1623; x_wconf 83' lang='grc' dir='ltr'>τινὰ</span> <span class='ocrx_word' id='word_1_94' title='bbox 1931 1570 2026 1623; x_wconf 74' lang='grc' dir='ltr'>καὶ</span> 
     </span>
    </p>
   </div>
   <div class='ocr_carea' id='block_1_15' title="bbox 448 1661 2026 1746">
    <p class='ocr_par' dir='ltr' id='par_1_15' title="bbox 448 1661 2026 1746">
     <span class='ocr_line' id='line_1_15' title="bbox 448 1661 2026 1746; baseline -0.011 -17"><span class='ocrx_word' id='word_1_95' title='bbox 448 1672 743 1746; x_wconf 73' lang='grc' dir='ltr'><strong><em>Κοδρᾶτον,</em></strong></span> <span class='ocrx_word' id='word_1_96' title='bbox 769 1669 942 1736; x_wconf 78' lang='grc' dir='ltr'>λέγων</span> <span class='ocrx_word' id='word_1_97' title='bbox 966 1666 1137 1728; x_wconf 71' lang='grc' dir='ltr'>οὕτως</span> <span class='ocrx_word' id='word_1_98' title='bbox 1159 1683 1171 1695; x_wconf 87' lang='grc'><strong>·</strong></span> <span class='ocrx_word' id='word_1_99' title='bbox 1204 1685 1221 1716; x_wconf 79' lang='lat' dir='ltr'><strong><em>t</em></strong></span> <span class='ocrx_word' id='word_1_100' title='bbox 1275 1664 1411 1716; x_wconf 79' lang='grc' dir='ltr'>Ἀλλ’</span> <span class='ocrx_word' id='word_1_101' title='bbox 1454 1664 1546 1732; x_wconf 84' lang='grc' dir='ltr'><strong><em>ὅγε</em></strong></span> <span class='ocrx_word' id='word_1_102' title='bbox 1578 1661 2026 1733; x_wconf 78' lang='grc' dir='ltr'>ψευδοπροφήτης</span> 
     </span>
    </p>
   </div>
   <div class='ocr_carea' id='block_1_16' title="bbox 449 1751 2025 1836">
    <p class='ocr_par' dir='ltr' id='par_1_16' title="bbox 449 1751 2025 1836">
     <span class='ocr_line' id='line_1_16' title="bbox 449 1751 2025 1836; baseline -0.009 -17"><span class='ocrx_word' id='word_1_103' title='bbox 449 1769 507 1819; x_wconf 79' lang='grc' dir='ltr'>ἐν</span> <span class='ocrx_word' id='word_1_104' title='bbox 527 1760 900 1836; x_wconf 83' lang='grc' dir='ltr'>παρεκστάσει</span> <span class='ocrx_word' id='word_1_105' title='bbox 930 1759 1065 1827; x_wconf 81' lang='grc' dir='ltr'><strong><em>(Η),</em></strong></span> <span class='ocrx_word' id='word_1_106' title='bbox 1166 1758 1355 1810; x_wconf 70' lang='grc' dir='ltr'>ἕπεται</span> <span class='ocrx_word' id='word_1_107' title='bbox 1380 1754 1531 1808; x_wconf 85' lang='grc' dir='ltr'>ἄδεια</span> <span class='ocrx_word' id='word_1_108' title='bbox 1557 1754 1650 1807; x_wconf 73' lang='grc' dir='ltr'><strong><em>καὶ</em></strong></span> <span class='ocrx_word' id='word_1_109' title='bbox 1676 1753 1895 1822; x_wconf 83' lang='grc' dir='ltr'>ἁφοὸἱα,</span> <span class='ocrx_word' id='word_1_110' title='bbox 1924 1754 2025 1824; x_wconf 88' lang='grc' dir='ltr'><strong><em>ἀρ-</em></strong></span> 
     </span>
    </p>
   </div>
   <div class='ocr_carea' id='block_1_17' title="bbox 446 1844 2025 1930">
    <p class='ocr_par' dir='ltr' id='par_1_17' title="bbox 446 1844 2025 1930">
     <span class='ocr_line' id='line_1_17' title="bbox 446 1844 2025 1930; baseline -0.009 -18"><span class='ocrx_word' id='word_1_111' title='bbox 446 1859 673 1930; x_wconf 79' lang='grc' dir='ltr'>χόμενος</span> <span class='ocrx_word' id='word_1_112' title='bbox 710 1855 806 1926; x_wconf 76' lang='grc' dir='ltr'><strong><em>μὲν</em></strong></span> <span class='ocrx_word' id='word_1_113' title='bbox 851 1851 911 1916; x_wconf 76' lang='grc' dir='ltr'>ἐξ</span> <span class='ocrx_word' id='word_1_114' title='bbox 950 1850 1196 1904; x_wconf 72' lang='grc' dir='ltr'>ἑκουσίου</span> <span class='ocrx_word' id='word_1_115' title='bbox 1227 1848 1496 1919; x_wconf 82' lang='grc' dir='ltr'>ἀμαθίας,</span> <span class='ocrx_word' id='word_1_116' title='bbox 1543 1844 1936 1917; x_wconf 81' lang='grc' dir='ltr'>καταστρέφων</span> <span class='ocrx_word' id='word_1_117' title='bbox 1968 1845 2025 1899; x_wconf 80' lang='grc' dir='ltr'><strong><em>δὲ</em></strong></span> 
     </span>
    </p>
   </div>
   <div class='ocr_carea' id='block_1_18' title="bbox 447 1936 2023 2017">
    <p class='ocr_par' dir='ltr' id='par_1_18' title="bbox 447 1936 2023 2017">
     <span class='ocr_line' id='line_1_18' title="bbox 447 1936 2023 2017; baseline -0.009 -13"><span class='ocrx_word' id='word_1_118' title='bbox 447 1954 527 2013; x_wconf 78' lang='lat' dir='ltr'><strong><em>si;</em></strong></span> <span class='ocrx_word' id='word_1_119' title='bbox 576 1947 830 2003; x_wconf 82' lang='grc' dir='ltr'>ἀκούσιον</span> <span class='ocrx_word' id='word_1_120' title='bbox 866 1944 1061 2017; x_wconf 83' lang='grc' dir='ltr'>μανίαν</span> <span class='ocrx_word' id='word_1_121' title='bbox 1093 1941 1299 2012; x_wconf 77' lang='grc' dir='ltr'>ψυχῆς,</span> <span class='ocrx_word' id='word_1_122' title='bbox 1329 1940 1405 2004; x_wconf 84' lang='grc' dir='ltr'><strong><em>ὡς</em></strong></span> <span class='ocrx_word' id='word_1_123' title='bbox 1453 1939 1793 2010; x_wconf 81' lang='grc' dir='ltr'>προείρηται.</span> <span class='ocrx_word' id='word_1_124' title='bbox 1824 1936 2023 1991; x_wconf 84' lang='grc' dir='ltr'>Τοῦτον</span> 
     </span>
    </p>
   </div>
   <div class='ocr_carea' id='block_1_19' title="bbox 444 2028 2023 2111">
    <p class='ocr_par' dir='ltr' id='par_1_19' title="bbox 444 2028 2023 2111">
     <span class='ocr_line' id='line_1_19' title="bbox 444 2028 2023 2111; baseline -0.008 -17"><span class='ocrx_word' id='word_1_125' title='bbox 444 2041 500 2094; x_wconf 82' lang='grc' dir='ltr'>δὲ</span> <span class='ocrx_word' id='word_1_126' title='bbox 539 2041 630 2095; x_wconf 81' lang='grc' dir='ltr'><strong><em>τὸν</em></strong></span> <span class='ocrx_word' id='word_1_127' title='bbox 680 2038 914 2111; x_wconf 84' lang='grc' dir='ltr'>τρόπον,</span> <span class='ocrx_word' id='word_1_128' title='bbox 967 2033 1090 2088; x_wconf 80' lang='grc' dir='ltr'>οὕτε</span> <span class='ocrx_word' id='word_1_129' title='bbox 1135 2032 1256 2086; x_wconf 83' lang='grc' dir='ltr'>τινὰ</span> <span class='ocrx_word' id='word_1_130' title='bbox 1298 2030 1407 2083; x_wconf 82' lang='grc' dir='ltr'>τῶν</span> <span class='ocrx_word' id='word_1_131' title='bbox 1450 2030 1591 2084; x_wconf 76' lang='grc' dir='ltr'>κατὰ</span> <span class='ocrx_word' id='word_1_132' title='bbox 1623 2030 1720 2101; x_wconf 79' lang='grc' dir='ltr'><strong><em>τὴν</em></strong></span> <span class='ocrx_word' id='word_1_133' title='bbox 1760 2028 2023 2092; x_wconf 85' lang='grc' dir='ltr'>Παλαιὰν,</span> 
     </span>
    </p>
   </div>
   <div class='ocr_carea' id='block_1_20' title="bbox 444 2118 2022 2198">
    <p class='ocr_par' dir='ltr' id='par_1_20' title="bbox 444 2118 2022 2198">
     <span class='ocr_line' id='line_1_20' title="bbox 444 2118 2022 2198; baseline -0.008 -13"><span class='ocrx_word' id='word_1_134' title='bbox 444 2133 567 2186; x_wconf 69' lang='grc' dir='ltr'>οὔτε</span> <span class='ocrx_word' id='word_1_135' title='bbox 597 2131 704 2185; x_wconf 84' lang='grc' dir='ltr'><strong><em>τῶν</em></strong></span> <span class='ocrx_word' id='word_1_136' title='bbox 731 2128 873 2182; x_wconf 83' lang='grc' dir='ltr'>κατὰ</span> <span class='ocrx_word' id='word_1_137' title='bbox 906 2128 1006 2198; x_wconf 79' lang='grc' dir='ltr'>τὴν</span> <span class='ocrx_word' id='word_1_138' title='bbox 1037 2124 1245 2194; x_wconf 82' lang='grc' dir='ltr'>Καινὴν</span> <span class='ocrx_word' id='word_1_139' title='bbox 1275 2118 1857 2193; x_wconf 66' lang='grc' dir='ltr'>πθευματοφορηοέντα</span> <span class='ocrx_word' id='word_1_140' title='bbox 1887 2136 2022 2193; x_wconf 68' lang='lat' dir='ltr'><strong><em>rspo-</em></strong></span> 
     </span>
    </p>
   </div>
   <div class='ocr_carea' id='block_1_21' title="bbox 446 2207 2023 2292">
    <p class='ocr_par' dir='ltr' id='par_1_21' title="bbox 446 2207 2023 2292">
     <span class='ocr_line' id='line_1_21' title="bbox 446 2207 2023 2292; baseline -0.009 -16"><span class='ocrx_word' id='word_1_141' title='bbox 446 2224 620 2292; x_wconf 77' lang='grc' dir='ltr'>φήτην</span> <span class='ocrx_word' id='word_1_142' title='bbox 646 2221 812 2287; x_wconf 78' lang='grc' dir='ltr'>δεῖξαι</span> <span class='ocrx_word' id='word_1_143' title='bbox 835 2218 1170 2289; x_wconf 85' lang='grc' dir='ltr'>δυνήσονται,</span> <span class='ocrx_word' id='word_1_144' title='bbox 1197 2213 1320 2267; x_wconf 69' lang='grc' dir='ltr'>οὔτε</span> <span class='ocrx_word' id='word_1_145' title='bbox 1351 2212 1612 2280; x_wconf 79' lang='grc' dir='ltr'>Ἀγαϐον,</span> <span class='ocrx_word' id='word_1_146' title='bbox 1645 2209 1770 2264; x_wconf 73' lang='grc' dir='ltr'>οὔτε</span> <span class='ocrx_word' id='word_1_147' title='bbox 1806 2207 2023 2273; x_wconf 84' lang='grc' dir='ltr'>Ἰούδαν,</span> 
     </span>
    </p>
   </div>
   <div class='ocr_carea' id='block_1_22' title="bbox 443 2297 2024 2371">
    <p class='ocr_par' dir='ltr' id='par_1_22' title="bbox 443 2297 2024 2371">
     <span class='ocr_line' id='line_1_22' title="bbox 443 2297 2024 2371; baseline -0.009 -7"><span class='ocrx_word' id='word_1_148' title='bbox 443 2311 567 2366; x_wconf 72' lang='grc' dir='ltr'>οὕτε</span> <span class='ocrx_word' id='word_1_149' title='bbox 599 2310 777 2368; x_wconf 79' lang='grc' dir='ltr'>Σίλαν,</span> <span class='ocrx_word' id='word_1_150' title='bbox 814 2307 936 2360; x_wconf 73' lang='grc' dir='ltr'>οὔτε</span> <span class='ocrx_word' id='word_1_151' title='bbox 967 2305 1064 2369; x_wconf 80' lang='grc' dir='ltr'>τὰς</span> <span class='ocrx_word' id='word_1_152' title='bbox 1095 2304 1359 2357; x_wconf 81' lang='grc' dir='ltr'>Φιλίππου</span> <span class='ocrx_word' id='word_1_153' title='bbox 1395 2300 1726 2371; x_wconf 79' lang='grc' dir='ltr'>θυγατέρας,</span> <span class='ocrx_word' id='word_1_154' title='bbox 1758 2297 1881 2352; x_wconf 74' lang='grc' dir='ltr'>οὔτε</span> <span class='ocrx_word' id='word_1_155' title='bbox 1924 2298 2024 2371; x_wconf 74' lang='grc' dir='ltr'><strong><em>τήν</em></strong></span> 
     </span>
    </p>
   </div>
   <div class='ocr_carea' id='block_1_23' title="bbox 445 2388 2023 2469">
    <p class='ocr_par' dir='ltr' id='par_1_23' title="bbox 445 2388 2023 2469">
     <span class='ocr_line' id='line_1_23' title="bbox 445 2388 2023 2469; baseline -0.006 -16"><span class='ocrx_word' id='word_1_156' title='bbox 445 2404 501 2453; x_wconf 79' lang='grc' dir='ltr'>ὲν</span> <span class='ocrx_word' id='word_1_157' title='bbox 526 2397 876 2469; x_wconf 77' lang='grc' dir='ltr'>Φιλαδελφείᾳ</span> <span class='ocrx_word' id='word_1_158' title='bbox 919 2395 1155 2467; x_wconf 81' lang='grc' dir='ltr'>Ἀμμίαν</span> <span class='ocrx_word' id='word_1_159' title='bbox 1173 2434 1189 2459; x_wconf 90' lang='grc'><strong><em>,</em></strong></span> <span class='ocrx_word' id='word_1_160' title='bbox 1228 2392 1350 2446; x_wconf 71' lang='grc' dir='ltr'>οὔτε</span> <span class='ocrx_word' id='word_1_161' title='bbox 1387 2390 1659 2463; x_wconf 75' lang='grc' dir='ltr'>Κοδρᾶτον</span> <span class='ocrx_word' id='word_1_162' title='bbox 1679 2430 1693 2453; x_wconf 92' lang='grc'><strong><em>,</em></strong></span> <span class='ocrx_word' id='word_1_163' title='bbox 1722 2388 1843 2469; x_wconf 74' lang='grc' dir='ltr'>οὔτε</span> <span class='ocrx_word' id='word_1_164' title='bbox 1867 2390 2023 2455; x_wconf 84' lang='grc' dir='ltr'>τινάς</span> 
     </span>
    </p>
   </div>
   <div class='ocr_carea' id='block_1_24' title="bbox 443 2484 2017 2560">
    <p class='ocr_par' dir='ltr' id='par_1_24' title="bbox 443 2484 2017 2560">
     <span class='ocr_line' id='line_1_24' title="bbox 443 2484 2017 2560; baseline -0.008 -14"><span class='ocrx_word' id='word_1_165' title='bbox 443 2492 635 2554; x_wconf 76' lang='grc' dir='ltr'>ἄλλους</span> <span class='ocrx_word' id='word_1_166' title='bbox 656 2490 767 2560; x_wconf 73' lang='grc'><strong>(12)</strong></span> <span class='ocrx_word' id='word_1_167' title='bbox 796 2489 959 2560; x_wconf 78' lang='grc' dir='ltr'>μηδὲν</span> <span class='ocrx_word' id='word_1_168' title='bbox 988 2489 1169 2550; x_wconf 77' lang='grc' dir='ltr'>αὐτοῖς</span> <span class='ocrx_word' id='word_1_169' title='bbox 1190 2486 1564 2557; x_wconf 79' lang='grc' dir='ltr'>προσήκοντας</span> <span class='ocrx_word' id='word_1_170' title='bbox 1589 2484 1971 2553; x_wconf 80' lang='grc' dir='ltr'>καυχήσονται.</span> <span class='ocrx_word' id='word_1_171' title='bbox 1998 2502 2017 2534; x_wconf 73' lang='grc' dir='ltr'><strong><em>ι</em></strong></span> 
     </span>
    </p>
   </div>
   <div class='ocr_carea' id='block_1_25' title="bbox 444 2574 2024 2652">
    <p class='ocr_par' dir='ltr' id='par_1_25' title="bbox 444 2574 2024 2652">
     <span class='ocr_line' id='line_1_25' title="bbox 444 2574 2024 2652; baseline -0.004 -16"><span class='ocrx_word' id='word_1_172' title='bbox 444 2581 610 2646; x_wconf 76' lang='grc' dir='ltr'>Αὖθις</span> <span class='ocrx_word' id='word_1_173' title='bbox 646 2583 702 2634; x_wconf 80' lang='grc' dir='ltr'><strong><em>δὲ</em></strong></span> <span class='ocrx_word' id='word_1_174' title='bbox 739 2580 876 2652; x_wconf 86' lang='grc' dir='ltr'>μετὰ</span> <span class='ocrx_word' id='word_1_175' title='bbox 902 2580 1127 2651; x_wconf 85' lang='grc' dir='ltr'>βραχέα,</span> <span class='ocrx_word' id='word_1_176' title='bbox 1154 2578 1327 2632; x_wconf 75' lang='grc' dir='ltr'>ταῦτά</span> <span class='ocrx_word' id='word_1_177' title='bbox 1358 2592 1553 2648; x_wconf 79' lang='grc' dir='ltr'>φησιν’</span> <span class='ocrx_word' id='word_1_178' title='bbox 1596 2594 1614 2627; x_wconf 87' lang='grc'>‹</span> <span class='ocrx_word' id='word_1_179' title='bbox 1656 2576 1719 2628; x_wconf 87' lang='grc' dir='ltr'><strong>Εἰ</strong></span> <span class='ocrx_word' id='word_1_180' title='bbox 1744 2574 1850 2647; x_wconf 82' lang='grc' dir='ltr'><strong><em>γὰρ</em></strong></span> <span class='ocrx_word' id='word_1_181' title='bbox 1883 2576 2024 2646; x_wconf 83' lang='grc' dir='ltr'>μετὰ</span> 
     </span>
    </p>
   </div>
   <div class='ocr_carea' id='block_1_26' title="bbox 445 2669 2024 2747">
    <p class='ocr_par' dir='ltr' id='par_1_26' title="bbox 445 2669 2024 2747">
     <span class='ocr_line' id='line_1_26' title="bbox 445 2669 2024 2747; baseline -0.008 -15"><span class='ocrx_word' id='word_1_182' title='bbox 445 2677 717 2747; x_wconf 71' lang='grc' dir='ltr'>Κοδρᾶτον</span> <span class='ocrx_word' id='word_1_183' title='bbox 752 2676 845 2727; x_wconf 78' lang='grc' dir='ltr'>καὶ</span> <span class='ocrx_word' id='word_1_184' title='bbox 871 2674 971 2744; x_wconf 84' lang='grc' dir='ltr'><strong><em>τὴν</em></strong></span> <span class='ocrx_word' id='word_1_185' title='bbox 1010 2675 1068 2726; x_wconf 83' lang='grc' dir='ltr'><strong><em>ἐν</em></strong></span> <span class='ocrx_word' id='word_1_186' title='bbox 1109 2670 1463 2741; x_wconf 78' lang='grc' dir='ltr'>Φιλαδελφείᾳ</span> <span class='ocrx_word' id='word_1_187' title='bbox 1509 2670 1772 2736; x_wconf 81' lang='grc' dir='ltr'>Ἀμμιαν,</span> <span class='ocrx_word' id='word_1_188' title='bbox 1814 2669 1889 2734; x_wconf 85' lang='grc' dir='ltr'>ὥς</span> <span class='ocrx_word' id='word_1_189' title='bbox 1921 2688 2024 2739; x_wconf 86' lang='grc' dir='ltr'>φα-</span> 
     </span>
    </p>
   </div>
   <div class='ocr_carea' id='block_1_27' title="bbox 446 2760 2021 2838">
    <p class='ocr_par' dir='ltr' id='par_1_27' title="bbox 446 2760 2021 2838">
     <span class='ocr_line' id='line_1_27' title="bbox 446 2760 2021 2838; baseline -0.006 -17"><span class='ocrx_word' id='word_1_190' title='bbox 446 2784 560 2832; x_wconf 88' lang='grc' dir='ltr'>σιν,</span> <span class='ocrx_word' id='word_1_191' title='bbox 595 2767 806 2837; x_wconf 78' lang='grc' dir='ltr'>αἱπερὶ</span> <span class='ocrx_word' id='word_1_192' title='bbox 853 2763 1128 2838; x_wconf 74' lang='grc' dir='ltr'>Μοντανδν</span> <span class='ocrx_word' id='word_1_193' title='bbox 1167 2760 1468 2826; x_wconf 78' lang='grc' dir='ltr'>διεδέξαντο</span> <span class='ocrx_word' id='word_1_194' title='bbox 1494 2762 1747 2829; x_wconf 75' lang='grc' dir='ltr'>γυναῖκες</span> <span class='ocrx_word' id='word_1_195' title='bbox 1789 2762 1852 2814; x_wconf 86' lang='grc' dir='ltr'>τὸ</span> <span class='ocrx_word' id='word_1_196' title='bbox 1887 2778 2021 2832; x_wconf 83' lang='grc' dir='ltr'>προ-</span> 
     </span>
    </p>
   </div>
   <div class='ocr_carea' id='block_1_28' title="bbox 446 2852 2024 2930">
    <p class='ocr_par' dir='ltr' id='par_1_28' title="bbox 446 2852 2024 2930">
     <span class='ocr_line' id='line_1_28' title="bbox 446 2852 2024 2930; baseline -0.003 -19"><span class='ocrx_word' id='word_1_197' title='bbox 446 2858 673 2930; x_wconf 75' lang='grc' dir='ltr'>φητικὸν</span> <span class='ocrx_word' id='word_1_198' title='bbox 716 2857 961 2929; x_wconf 80' lang='grc' dir='ltr'>χάρισμα</span> <span class='ocrx_word' id='word_1_199' title='bbox 985 2897 1003 2921; x_wconf 88' lang='grc'><strong><em>,</em></strong></span> <span class='ocrx_word' id='word_1_200' title='bbox 1029 2855 1153 2918; x_wconf 76' lang='grc' dir='ltr'>τοὺς</span> <span class='ocrx_word' id='word_1_201' title='bbox 1195 2854 1303 2908; x_wconf 86' lang='grc' dir='ltr'><strong><em>άπὸ</em></strong></span> <span class='ocrx_word' id='word_1_202' title='bbox 1351 2852 1630 2907; x_wconf 81' lang='grc' dir='ltr'>Μοντανοῦ</span> <span class='ocrx_word' id='word_1_203' title='bbox 1667 2853 1759 2905; x_wconf 75' lang='grc' dir='ltr'>καὶ</span> <span class='ocrx_word' id='word_1_204' title='bbox 1790 2852 1899 2906; x_wconf 83' lang='grc' dir='ltr'>τῶν</span> <span class='ocrx_word' id='word_1_205' title='bbox 1928 2870 2024 2923; x_wconf 86' lang='grc' dir='ltr'><strong><em>γυ-</em></strong></span> 
     </span>
    </p>
   </div>
   <div class='ocr_carea' id='block_1_29' title="bbox 445 2945 2018 3021">
    <p class='ocr_par' dir='ltr' id='par_1_29' title="bbox 445 2945 2018 3021">
     <span class='ocr_line' id='line_1_29' title="bbox 445 2945 2018 3021; baseline -0.002 -18"><span class='ocrx_word' id='word_1_206' title='bbox 445 2950 646 3005; x_wconf 83' lang='grc' dir='ltr'>ναικῶν</span> <span class='ocrx_word' id='word_1_207' title='bbox 676 2950 822 3015; x_wconf 81' lang='grc' dir='ltr'>τίνες</span> <span class='ocrx_word' id='word_1_208' title='bbox 864 2950 991 3021; x_wconf 86' lang='grc' dir='ltr'>παρ’</span> <span class='ocrx_word' id='word_1_209' title='bbox 1041 2948 1223 3010; x_wconf 79' lang='grc' dir='ltr'>αὐτοῖς</span> <span class='ocrx_word' id='word_1_210' title='bbox 1272 2945 1608 3010; x_wconf 80' lang='grc' dir='ltr'>διεδέξαντο,</span> <span class='ocrx_word' id='word_1_211' title='bbox 1656 2945 2018 3010; x_wconf 64' lang='grc' dir='ltr'><strong><em>δειξάτωσαν⁸</em></strong></span> 
     </span>
    </p>
   </div>
   <div class='ocr_carea' id='block_1_30' title="bbox 443 3038 2019 3116">
    <p class='ocr_par' dir='ltr' id='par_1_30' title="bbox 443 3038 2019 3116">
     <span class='ocr_line' id='line_1_30' title="bbox 443 3038 2019 3116; baseline -0.003 -19"><span class='ocrx_word' id='word_1_212' title='bbox 443 3043 554 3097; x_wconf 79' lang='grc' dir='ltr'>δεῖν</span> <span class='ocrx_word' id='word_1_213' title='bbox 576 3038 852 3116; x_wconf 54' lang='grc' dir='ltr'>γὰρίεῖναι</span> <span class='ocrx_word' id='word_1_214' title='bbox 897 3042 959 3095; x_wconf 86' lang='grc' dir='ltr'>τὸ</span> <span class='ocrx_word' id='word_1_215' title='bbox 983 3039 1320 3111; x_wconf 79' lang='grc' dir='ltr'>προφητικὸν</span> <span class='ocrx_word' id='word_1_216' title='bbox 1365 3038 1609 3109; x_wconf 82' lang='grc' dir='ltr'>χάρισμα</span> <span class='ocrx_word' id='word_1_217' title='bbox 1656 3039 1714 3090; x_wconf 84' lang='grc' dir='ltr'>ὲν</span> <span class='ocrx_word' id='word_1_218' title='bbox 1758 3042 1909 3109; x_wconf 79' lang='grc' dir='ltr'>πάσῃ</span> <span class='ocrx_word' id='word_1_219' title='bbox 1953 3042 2019 3111; x_wconf 80' lang='grc' dir='ltr'>τῇ</span> 
     </span>
    </p>
   </div>
   <div class='ocr_carea' id='block_1_31' title="bbox 456 3127 2021 3205">
    <p class='ocr_par' dir='ltr' id='par_1_31' title="bbox 456 3127 2021 3205">
     <span class='ocr_line' id='line_1_31' title="bbox 456 3127 2021 3205; baseline -0.004 -16"><span class='ocrx_word' id='word_1_220' title='bbox 456 3136 765 3205; x_wconf 72' lang='grc' dir='ltr'>Ἐκκλησία.</span> <span class='ocrx_word' id='word_1_221' title='bbox 782 3134 945 3205; x_wconf 84' lang='grc' dir='ltr'>μέχρι</span> <span class='ocrx_word' id='word_1_222' title='bbox 981 3133 1080 3202; x_wconf 79' lang='grc' dir='ltr'>τῆς</span> <span class='ocrx_word' id='word_1_223' title='bbox 1125 3130 1337 3193; x_wconf 81' lang='grc' dir='ltr'>τελείας</span> <span class='ocrx_word' id='word_1_224' title='bbox 1364 3130 1664 3201; x_wconf 79' lang='grc' dir='ltr'>παρουσίας</span> <span class='ocrx_word' id='word_1_225' title='bbox 1683 3132 1741 3195; x_wconf 82' lang='grc' dir='ltr'>,ὀ</span> <span class='ocrx_word' id='word_1_226' title='bbox 1768 3127 2021 3184; x_wconf 84' lang='grc' dir='ltr'>Ἀπόστο-</span> 
     </span>
    </p>
   </div>
   <div class='ocr_carea' id='block_1_32' title="bbox 441 3221 2024 3293">
    <p class='ocr_par' dir='ltr' id='par_1_32' title="bbox 441 3221 2024 3293">
     <span class='ocr_line' id='line_1_32' title="bbox 441 3221 2024 3293; baseline -0.003 -13"><span class='ocrx_word' id='word_1_227' title='bbox 441 3227 533 3291; x_wconf 86' lang='grc' dir='ltr'><strong><em>λος</em></strong></span> <span class='ocrx_word' id='word_1_228' title='bbox 560 3226 728 3293; x_wconf 79' lang='grc' dir='ltr'>ἀξιοῖ·</span> <span class='ocrx_word' id='word_1_229' title='bbox 756 3225 871 3280; x_wconf 84' lang='grc' dir='ltr'>ἀλλ’</span> <span class='ocrx_word' id='word_1_230' title='bbox 898 3226 1000 3278; x_wconf 80' lang='grc' dir='ltr'><strong><em>οὐκ</em></strong></span> <span class='ocrx_word' id='word_1_231' title='bbox 1021 3224 1086 3278; x_wconf 77' lang='grc' dir='ltr'>ἂν</span> <span class='ocrx_word' id='word_1_232' title='bbox 1113 3223 1286 3293; x_wconf 77' lang='grc' dir='ltr'>ἔχοιεν</span> <span class='ocrx_word' id='word_1_233' title='bbox 1309 3221 1477 3288; x_wconf 75' lang='grc' dir='ltr'>δεῖξαι</span> <span class='ocrx_word' id='word_1_234' title='bbox 1500 3222 2024 3293; x_wconf 85' lang='grc' dir='ltr'>τεσσαρεσκαιδέκα-</span> 
     </span>
    </p>
   </div>
   <div class='ocr_carea' id='block_1_33' title="bbox 439 3315 2017 3391">
    <p class='ocr_par' dir='ltr' id='par_1_33' title="bbox 439 3315 2017 3391">
     <span class='ocr_line' id='line_1_33' title="bbox 439 3315 2017 3391; baseline -0.002 -17"><span class='ocrx_word' id='word_1_235' title='bbox 439 3338 531 3374; x_wconf 83' lang='grc' dir='ltr'><strong><em>τον</em></strong></span> <span class='ocrx_word' id='word_1_236' title='bbox 561 3321 660 3391; x_wconf 68' lang='grc' dir='ltr'><strong><em>ἤδη</em></strong></span> <span class='ocrx_word' id='word_1_237' title='bbox 693 3336 794 3373; x_wconf 78' lang='grc' dir='ltr'><strong><em>που</em></strong></span> <span class='ocrx_word' id='word_1_238' title='bbox 831 3319 990 3372; x_wconf 80' lang='grc' dir='ltr'>τοῦτο</span> <span class='ocrx_word' id='word_1_239' title='bbox 1027 3318 1145 3381; x_wconf 75' lang='grc' dir='ltr'>ἔτος</span> <span class='ocrx_word' id='word_1_240' title='bbox 1187 3318 1295 3371; x_wconf 73' lang='grc' dir='ltr'><strong><em>ἀπὸ</em></strong></span> <span class='ocrx_word' id='word_1_241' title='bbox 1332 3318 1431 3388; x_wconf 78' lang='grc' dir='ltr'><strong><em>τῆς</em></strong></span> <span class='ocrx_word' id='word_1_242' title='bbox 1458 3315 1802 3388; x_wconf 80' lang='grc' dir='ltr'>Μαξιμίλλης</span> <span class='ocrx_word' id='word_1_243' title='bbox 1830 3318 2017 3371; x_wconf 80' lang='grc' dir='ltr'>τελευ-</span> 
     </span>
    </p>
   </div>
   <div class='ocr_carea' id='block_1_34' title="bbox 439 3408 2018 3484">
    <p class='ocr_par' dir='ltr' id='par_1_34' title="bbox 439 3408 2018 3484">
     <span class='ocr_line' id='line_1_34' title="bbox 439 3408 2018 3484; baseline -0.002 -18"><span class='ocrx_word' id='word_1_244' title='bbox 439 3412 558 3484; x_wconf 82' lang='grc' dir='ltr'>τῆς.</span> <span class='ocrx_word' id='word_1_245' title='bbox 598 3432 619 3465; x_wconf 72' lang='grc' dir='ltr'><strong><em>ι</em></strong></span> <span class='ocrx_word' id='word_1_246' title='bbox 656 3408 823 3473; x_wconf 78' lang='grc' dir='ltr'>Οὗτος</span> <span class='ocrx_word' id='word_1_247' title='bbox 851 3411 948 3481; x_wconf 86' lang='grc' dir='ltr'><strong><em>μὲν</em></strong></span> <span class='ocrx_word' id='word_1_248' title='bbox 977 3410 1041 3481; x_wconf 86' lang='grc' dir='ltr'>δὴ</span> <span class='ocrx_word' id='word_1_249' title='bbox 1070 3409 1322 3463; x_wconf 78' lang='grc' dir='ltr'>τοσαῦτα.</span> <span class='ocrx_word' id='word_1_250' title='bbox 1370 3409 1428 3462; x_wconf 86' lang='lat'><strong><em>&#39;0</em></strong></span> <span class='ocrx_word' id='word_1_251' title='bbox 1462 3408 1529 3477; x_wconf 79' lang='grc' dir='ltr'>γέ</span> <span class='ocrx_word' id='word_1_252' title='bbox 1559 3425 1643 3462; x_wconf 84' lang='grc' dir='ltr'><strong><em>τοι</em></strong></span> <span class='ocrx_word' id='word_1_253' title='bbox 1689 3408 1825 3480; x_wconf 77' lang='grc' dir='ltr'>πρὸς</span> <span class='ocrx_word' id='word_1_254' title='bbox 1852 3408 2018 3463; x_wconf 77' lang='grc' dir='ltr'>αὐτοῦ</span> 
     </span>
    </p>
   </div>
   <div class='ocr_carea' id='block_1_35' title="bbox 514 3568 2016 3643">
    <p class='ocr_par' dir='ltr' id='par_1_35' title="bbox 514 3568 2016 3643">
     <span class='ocr_line' id='line_1_35' title="bbox 514 3568 2016 3643; baseline -0.001 -15"><span class='ocrx_word' id='word_1_255' title='bbox 514 3575 591 3643; x_wconf 87' lang='lat'><strong><em>(9)</em></strong></span> <span class='ocrx_word' id='word_1_256' title='bbox 640 3570 1032 3643; x_wconf 56' lang='grc' dir='ltr'><strong><em>Μιλτιάδου..ζ</em></strong></span> <span class='ocrx_word' id='word_1_257' title='bbox 1063 3568 1379 3643; x_wconf 58' lang='grc' dir='ltr'>μέμνηται,</span> <span class='ocrx_word' id='word_1_258' title='bbox 1434 3569 1511 3625; x_wconf 76' lang='lat' dir='ltr'><strong><em>Es</em></strong></span> <span class='ocrx_word' id='word_1_259' title='bbox 1557 3570 1646 3627; x_wconf 88' lang='lat' dir='ltr'><strong><em>his</em></strong></span> <span class='ocrx_word' id='word_1_260' title='bbox 1680 3579 1828 3641; x_wconf 89' lang='lat' dir='ltr'><strong><em>patet</em></strong></span> <span class='ocrx_word' id='word_1_261' title='bbox 1854 3587 2016 3628; x_wconf 85' lang='lat' dir='ltr'><strong><em>error</em></strong></span> 
     </span>
    </p>
   </div>
   <div class='ocr_carea' id='block_1_36' title="bbox 444 3641 2012 3712">
    <p class='ocr_par' dir='ltr' id='par_1_36' title="bbox 444 3641 2012 3712">
     <span class='ocr_line' id='line_1_36' title="bbox 444 3641 2012 3712; baseline -0.001 -14"><span class='ocrx_word' id='word_1_262' title='bbox 444 3641 762 3712; x_wconf 77' lang='lat' dir='ltr'><strong><em>Hiemnymi</em></strong></span> <span class='ocrx_word' id='word_1_263' title='bbox 789 3642 838 3693; x_wconf 88' lang='lat' dir='ltr'><strong><em>in</em></strong></span> <span class='ocrx_word' id='word_1_264' title='bbox 869 3642 962 3712; x_wconf 75' lang='lat' dir='ltr'><strong><em>lib.</em></strong></span> <span class='ocrx_word' id='word_1_265' title='bbox 1000 3641 1073 3693; x_wconf 85' lang='lat' dir='ltr'><strong><em>De</em></strong></span> <span class='ocrx_word' id='word_1_266' title='bbox 1104 3641 1448 3712; x_wconf 61' lang='lat' dir='ltr'><strong><em>scriptoribus</em></strong></span> <span class='ocrx_word' id='word_1_267' title='bbox 1493 3643 1880 3712; x_wconf 80' lang='lat' dir='ltr'><strong><em>ecclesiasticis,</em></strong></span> <span class='ocrx_word' id='word_1_268' title='bbox 1921 3645 2012 3696; x_wconf 77' lang='lat' dir='ltr'><strong><em>ulti</em></strong></span> 
     </span>
    </p>
   </div>
   <div class='ocr_carea' id='block_1_37' title="bbox 450 3708 2013 3777">
    <p class='ocr_par' dir='ltr' id='par_1_37' title="bbox 450 3708 2013 3777">
     <span class='ocr_line' id='line_1_37' title="bbox 450 3708 2013 3777; baseline -0.001 -10"><span class='ocrx_word' id='word_1_269' title='bbox 450 3716 561 3767; x_wconf 65' lang='lat' dir='ltr'><strong><em>haec</em></strong></span> <span class='ocrx_word' id='word_1_270' title='bbox 600 3708 791 3766; x_wconf 75' lang='lat' dir='ltr'><strong><em>scribit</em></strong></span> <span class='ocrx_word' id='word_1_271' title='bbox 817 3729 831 3764; x_wconf 88' lang='lat'><strong>:</strong></span> <span class='ocrx_word' id='word_1_272' title='bbox 858 3710 1147 3772; x_wconf 79' lang='lat' dir='ltr'><strong><em>Miltiades,</em></strong></span> <span class='ocrx_word' id='word_1_273' title='bbox 1184 3710 1339 3777; x_wconf 80' lang='lat' dir='ltr'><strong><em>cujus</em></strong></span> <span class='ocrx_word' id='word_1_274' title='bbox 1385 3708 1604 3763; x_wconf 81' lang='lat' dir='ltr'><strong><em>Rhodon</em></strong></span> <span class='ocrx_word' id='word_1_275' title='bbox 1635 3713 1689 3763; x_wconf 81' lang='lat' dir='ltr'><strong><em>in</em></strong></span> <span class='ocrx_word' id='word_1_276' title='bbox 1720 3728 1872 3775; x_wconf 82' lang='lat' dir='ltr'><strong><em>opere</em></strong></span> <span class='ocrx_word' id='word_1_277' title='bbox 1918 3729 2013 3765; x_wconf 78' lang='lat' dir='ltr'><strong><em>suo</em></strong></span> 
     </span>
    </p>
   </div>
   <div class='ocr_carea' id='block_1_38' title="bbox 444 3778 2013 3851">
    <p class='ocr_par' dir='ltr' id='par_1_38' title="bbox 444 3778 2013 3851">
     <span class='ocr_line' id='line_1_38' title="bbox 444 3778 2013 3851; baseline 0 -16"><span class='ocrx_word' id='word_1_278' title='bbox 444 3785 583 3851; x_wconf 81' lang='lat' dir='ltr'><strong><em>quod</em></strong></span> <span class='ocrx_word' id='word_1_279' title='bbox 620 3783 871 3834; x_wconf 77' lang='lat' dir='ltr'><strong><em>adversus</em></strong></span> <span class='ocrx_word' id='word_1_280' title='bbox 902 3778 1235 3841; x_wconf 80' lang='lat' dir='ltr'><strong><em>Montanum,</em></strong></span> <span class='ocrx_word' id='word_1_281' title='bbox 1268 3779 1598 3851; x_wconf 58' lang='lat' dir='ltr'><strong><em>Brixillum,</em></strong></span> <span class='ocrx_word' id='word_1_282' title='bbox 1625 3779 2013 3835; x_wconf 69' lang='lat' dir='ltr'><strong><em>Maximinum-</em></strong></span> 
     </span>
    </p>
   </div>
   <div class='ocr_carea' id='block_1_39' title="bbox 442 3848 2014 3921">
    <p class='ocr_par' dir='ltr' id='par_1_39' title="bbox 442 3848 2014 3921">
     <span class='ocr_line' id='line_1_39' title="bbox 442 3848 2014 3921; baseline -0.001 -14"><span class='ocrx_word' id='word_1_283' title='bbox 442 3848 542 3921; x_wconf 68' lang='lat' dir='ltr'><strong><em>oue</em></strong></span> <span class='ocrx_word' id='word_1_284' title='bbox 566 3851 877 3916; x_wconf 81' lang='lat' dir='ltr'><strong><em>composuit,</em></strong></span> <span class='ocrx_word' id='word_1_285' title='bbox 908 3851 1229 3921; x_wconf 83' lang='lat' dir='ltr'><strong><em>recordatur.</em></strong></span> <span class='ocrx_word' id='word_1_286' title='bbox 1267 3848 1383 3903; x_wconf 88' lang='lat' dir='ltr'><strong><em>Non</em></strong></span> <span class='ocrx_word' id='word_1_287' title='bbox 1434 3849 1774 3921; x_wconf 76' lang='lat' dir='ltr'><strong><em>Rhodonem,</em></strong></span> <span class='ocrx_word' id='word_1_288' title='bbox 1811 3852 1903 3905; x_wconf 86' lang='lat' dir='ltr'><strong><em>sed</em></strong></span> <span class='ocrx_word' id='word_1_289' title='bbox 1933 3854 2014 3905; x_wconf 89' lang='lat' dir='ltr'><strong><em>in-</em></strong></span> 
     </span>
    </p>
   </div>
   <div class='ocr_carea' id='block_1_40' title="bbox 443 3918 2010 3986">
    <p class='ocr_par' dir='ltr' id='par_1_40' title="bbox 443 3918 2010 3986">
     <span class='ocr_line' id='line_1_40' title="bbox 443 3918 2010 3986; baseline -0.001 -10"><span class='ocrx_word' id='word_1_290' title='bbox 443 3918 780 3977; x_wconf 84' lang='lat' dir='ltr'><strong><em>nominatum</em></strong></span> <span class='ocrx_word' id='word_1_291' title='bbox 839 3921 982 3973; x_wconf 90' lang='lat' dir='ltr'><strong><em>hunc</em></strong></span> <span class='ocrx_word' id='word_1_292' title='bbox 1034 3920 1353 3986; x_wconf 77' lang='lat' dir='ltr'><strong><em>scriptorem</em></strong></span> <span class='ocrx_word' id='word_1_293' title='bbox 1394 3918 1583 3973; x_wconf 83' lang='lat' dir='ltr'><strong><em>debuit</em></strong></span> <span class='ocrx_word' id='word_1_294' title='bbox 1631 3920 1831 3974; x_wconf 78' lang='lat' dir='ltr'><strong><em>dicere.</em></strong></span> <span class='ocrx_word' id='word_1_295' title='bbox 1874 3920 2010 3975; x_wconf 84' lang='lat' dir='ltr'><strong><em>Nam</em></strong></span> 
     </span>
    </p>
   </div>
   <div class='ocr_carea' id='block_1_41' title="bbox 442 3988 2009 4059">
    <p class='ocr_par' dir='ltr' id='par_1_41' title="bbox 442 3988 2009 4059">
     <span class='ocr_line' id='line_1_41' title="bbox 442 3988 2009 4059; baseline -0.002 -11"><span class='ocrx_word' id='word_1_296' title='bbox 442 3993 671 4048; x_wconf 81' lang='lat' dir='ltr'><strong><em>Rhodon</em></strong></span> <span class='ocrx_word' id='word_1_297' title='bbox 712 3991 979 4043; x_wconf 81' lang='lat' dir='ltr'><strong><em>adversus</em></strong></span> <span class='ocrx_word' id='word_1_298' title='bbox 1024 3988 1337 4059; x_wconf 82' lang='lat' dir='ltr'><strong><em>Montanum</em></strong></span> <span class='ocrx_word' id='word_1_299' title='bbox 1384 4000 1459 4059; x_wconf 84' lang='lat' dir='ltr'><strong><em>et</em></strong></span> <span class='ocrx_word' id='word_1_300' title='bbox 1496 3988 1867 4059; x_wconf 81' lang='lat' dir='ltr'><strong><em>Cataphrygas</em></strong></span> <span class='ocrx_word' id='word_1_301' title='bbox 1904 4009 2009 4045; x_wconf 90' lang='lat' dir='ltr'><strong><em>non</em></strong></span> 
     </span>
    </p>
   </div>
   <div class='ocr_carea' id='block_1_42' title="bbox 440 4058 2014 4130">
    <p class='ocr_par' dir='ltr' id='par_1_42' title="bbox 440 4058 2014 4130">
     <span class='ocr_line' id='line_1_42' title="bbox 440 4058 2014 4130; baseline 0 -13"><span class='ocrx_word' id='word_1_302' title='bbox 440 4064 677 4130; x_wconf 85' lang='lat' dir='ltr'><strong><em>scripsit,</em></strong></span> <span class='ocrx_word' id='word_1_303' title='bbox 705 4061 801 4112; x_wconf 86' lang='lat' dir='ltr'><strong><em>sed</em></strong></span> <span class='ocrx_word' id='word_1_304' title='bbox 839 4061 1101 4114; x_wconf 86' lang='lat' dir='ltr'><strong><em>adversus</em></strong></span> <span class='ocrx_word' id='word_1_305' title='bbox 1129 4058 1423 4115; x_wconf 75' lang='lat' dir='ltr'><strong><em>Marcionis</em></strong></span> <span class='ocrx_word' id='word_1_306' title='bbox 1450 4058 1816 4124; x_wconf 67' lang='lat' dir='ltr'><strong><em>haeresim,ut</em></strong></span> <span class='ocrx_word' id='word_1_307' title='bbox 1845 4072 2014 4118; x_wconf 81' lang='lat' dir='ltr'><strong><em>testa-</em></strong></span> 
     </span>
    </p>
   </div>
   <div class='ocr_carea' id='block_1_43' title="bbox 440 4131 841 4188">
    <p class='ocr_par' dir='ltr' id='par_1_43' title="bbox 440 4131 841 4188">
     <span class='ocr_line' id='line_1_43' title="bbox 440 4131 841 4188; baseline -0.015 0"><span class='ocrx_word' id='word_1_308' title='bbox 440 4142 533 4188; x_wconf 83' lang='lat' dir='ltr'><strong><em>tur</em></strong></span> <span class='ocrx_word' id='word_1_309' title='bbox 560 4131 841 4186; x_wconf 79' lang='lat' dir='ltr'><strong><em>Eusebius.</em></strong></span> 
     </span>
    </p>
   </div>
   <div class='ocr_carea' id='block_1_44' title="bbox 511 4196 2023 4273">
    <p class='ocr_par' dir='ltr' id='par_1_44' title="bbox 511 4196 2023 4273">
     <span class='ocr_line' id='line_1_44' title="bbox 511 4196 2023 4273; baseline 0 -19"><span class='ocrx_word' id='word_1_310' title='bbox 511 4203 529 4273; x_wconf 92' lang='lat'>(</span> <span class='ocrx_word' id='word_1_311' title='bbox 541 4201 801 4273; x_wconf 71' lang='lat' dir='ltr'><strong><em>l0)__Vu|g.</em></strong></span> <span class='ocrx_word' id='word_1_312' title='bbox 822 4196 904 4265; x_wconf 84' lang='grc' dir='ltr'>τῷ</span> <span class='ocrx_word' id='word_1_313' title='bbox 925 4198 1296 4273; x_wconf 67' lang='grc' dir='ltr'>Ἀλκιᾷιᾴδου</span> <span class='ocrx_word' id='word_1_314' title='bbox 1312 4198 1417 4273; x_wconf 66' lang='grc' dir='ltr'>τοῦ</span> <span class='ocrx_word' id='word_1_315' title='bbox 1432 4199 1698 4270; x_wconf 74' lang='grc' dir='ltr'>ἀδελφοῦ</span> <span class='ocrx_word' id='word_1_316' title='bbox 1720 4200 2023 4273; x_wconf 57' lang='lat' dir='ltr'><strong><em>comptiu-</em></strong></span> 
     </span>
    </p>
   </div>
   <div class='ocr_carea' id='block_1_45' title="bbox 436 4268 2018 4341">
    <p class='ocr_par' dir='ltr' id='par_1_45' title="bbox 436 4268 2018 4341">
     <span class='ocr_line' id='line_1_45' title="bbox 436 4268 2018 4341; baseline 0.003 -18"><span class='ocrx_word' id='word_1_317' title='bbox 436 4268 810 4341; x_wconf 55' lang='lat' dir='ltr'><strong><em>parum-scio</em></strong></span> <span class='ocrx_word' id='word_1_318' title='bbox 832 4283 937 4337; x_wconf 89' lang='lat' dir='ltr'><strong><em>quo</em></strong></span> <span class='ocrx_word' id='word_1_319' title='bbox 962 4270 1075 4341; x_wconf 81' lang='lat' dir='ltr'><strong><em>fato</em></strong></span> <span class='ocrx_word' id='word_1_320' title='bbox 1094 4269 1387 4323; x_wconf 79' lang='lat' dir='ltr'><strong><em>Alcibiadis</em></strong></span> <span class='ocrx_word' id='word_1_321' title='bbox 1416 4268 1608 4325; x_wconf 84' lang='lat' dir='ltr'><strong><em>nomen</em></strong></span> <span class='ocrx_word' id='word_1_322' title='bbox 1634 4286 1730 4338; x_wconf 89' lang='lat' dir='ltr'><strong><em>pro</em></strong></span> <span class='ocrx_word' id='word_1_323' title='bbox 1753 4268 2018 4338; x_wconf 76' lang='lat' dir='ltr'><strong><em>Miltiade,</em></strong></span> 
     </span>
    </p>
   </div>
   <div class='ocr_carea' id='block_1_46' title="bbox 445 4339 2017 4406">
    <p class='ocr_par' dir='ltr' id='par_1_46' title="bbox 445 4339 2017 4406">
     <span class='ocr_line' id='line_1_46' title="bbox 445 4339 2017 4406; baseline 0.002 -12"><span class='ocrx_word' id='word_1_324' title='bbox 445 4352 501 4394; x_wconf 88' lang='lat' dir='ltr'><strong><em>et</em></strong></span> <span class='ocrx_word' id='word_1_325' title='bbox 539 4340 805 4393; x_wconf 73' lang='lat' dir='ltr'><strong><em>Miltiadis</em></strong></span> <span class='ocrx_word' id='word_1_326' title='bbox 863 4352 961 4406; x_wconf 87' lang='lat' dir='ltr'><strong><em>pro</em></strong></span> <span class='ocrx_word' id='word_1_327' title='bbox 1011 4339 1285 4393; x_wconf 80' lang='lat' dir='ltr'><strong><em>Alcibiade</em></strong></span> <span class='ocrx_word' id='word_1_328' title='bbox 1342 4341 1691 4395; x_wconf 72' lang='lat' dir='ltr'><strong><em>substitutum</em></strong></span> <span class='ocrx_word' id='word_1_329' title='bbox 1741 4350 1843 4393; x_wconf 81' lang='lat' dir='ltr'><strong><em>est.</em></strong></span> <span class='ocrx_word' id='word_1_330' title='bbox 1882 4341 2017 4397; x_wconf 83' lang='lat' dir='ltr'><strong><em>Nam</em></strong></span> 
     </span>
    </p>
   </div>
   <div class='ocr_carea' id='block_1_47' title="bbox 443 4409 2013 4480">
    <p class='ocr_par' dir='ltr' id='par_1_47' title="bbox 443 4409 2013 4480">
     <span class='ocr_line' id='line_1_47' title="bbox 443 4409 2013 4480; baseline 0.001 -17"><span class='ocrx_word' id='word_1_331' title='bbox 443 4411 732 4480; x_wconf 79' lang='lat' dir='ltr'><strong><em>superiore</em></strong></span> <span class='ocrx_word' id='word_1_332' title='bbox 815 4410 1036 4480; x_wconf 81' lang='lat' dir='ltr'><strong><em>quidem</em></strong></span> <span class='ocrx_word' id='word_1_333' title='bbox 1108 4409 1609 4480; x_wconf 52' lang='lat' dir='ltr'><strong><em>capitelliltiadis</em></strong></span> <span class='ocrx_word' id='word_1_334' title='bbox 1682 4411 2013 4480; x_wconf 68' lang='lat' dir='ltr'><strong><em>vocabulum</em></strong></span> 
     </span>
    </p>
   </div>
   <div class='ocr_carea' id='block_1_48' title="bbox 3603 364 3713 422">
    <p class='ocr_par' dir='ltr' id='par_1_48' title="bbox 3603 364 3713 422">
     <span class='ocr_line' id='line_1_48' title="bbox 3603 364 3713 422; baseline 0.018 -3"><span class='ocrx_word' id='word_1_335' title='bbox 3603 364 3713 422; x_wconf 66' lang='grc' dir='ltr'><strong><em>4ῗῦ</em></strong></span> 
     </span>
    </p>
   </div>
   <div class='ocr_carea' id='block_1_49' title="bbox 2702 485 3134 543">
    <p class='ocr_par' dir='ltr' id='par_1_49' title="bbox 2702 485 3134 543">
     <span class='ocr_line' id='line_1_49' title="bbox 2702 485 3134 543; baseline -0.012 0"><span class='ocrx_word' id='word_1_336' title='bbox 2702 485 2931 543; x_wconf 83' lang='lat' dir='ltr'><strong>CAPUT</strong></span> <span class='ocrx_word' id='word_1_337' title='bbox 2970 485 3134 541; x_wconf 82' lang='lat' dir='ltr'><strong><em>XVII.</em></strong></span> 
     </span>
    </p>
   </div>
   <div class='ocr_carea' id='block_1_50' title="bbox 2483 576 3355 643">
    <p class='ocr_par' dir='ltr' id='par_1_50' title="bbox 2483 576 3355 643">
     <span class='ocr_line' id='line_1_50' title="bbox 2483 576 3355 643; baseline -0.002 -8"><span class='ocrx_word' id='word_1_338' title='bbox 2483 582 2560 636; x_wconf 85' lang='lat' dir='ltr'><strong><em>De</em></strong></span> <span class='ocrx_word' id='word_1_339' title='bbox 2594 580 2832 633; x_wconf 73' lang='lat' dir='ltr'><strong><em>Miltiade</em></strong></span> <span class='ocrx_word' id='word_1_340' title='bbox 2864 587 2913 633; x_wconf 85' lang='lat' dir='ltr'><strong><em>et</em></strong></span> <span class='ocrx_word' id='word_1_341' title='bbox 2953 578 3098 630; x_wconf 79' lang='lat' dir='ltr'><strong><em>illius</em></strong></span> <span class='ocrx_word' id='word_1_342' title='bbox 3130 576 3355 643; x_wconf 70' lang='lat' dir='ltr'><strong><em>scriptis.</em></strong></span> 
     </span>
    </p>
   </div>
   <div class='ocr_carea' id='block_1_51' title="bbox 2132 732 3709 806">
    <p class='ocr_par' dir='ltr' id='par_1_51' title="bbox 2132 732 3709 806">
     <span class='ocr_line' id='line_1_51' title="bbox 2132 732 3709 806; baseline -0.005 -10"><span class='ocrx_word' id='word_1_343' title='bbox 2132 774 2146 796; x_wconf 47' lang='grc' dir='ltr'>δ</span> <span class='ocrx_word' id='word_1_344' title='bbox 2205 741 2263 795; x_wconf 88' lang='lat' dir='ltr'><strong><em>In</em></strong></span> <span class='ocrx_word' id='word_1_345' title='bbox 2304 740 2495 795; x_wconf 90' lang='lat' dir='ltr'><strong><em>eodem</em></strong></span> <span class='ocrx_word' id='word_1_346' title='bbox 2524 751 2747 806; x_wconf 85' lang='lat' dir='ltr'><strong><em>quoque</em></strong></span> <span class='ocrx_word' id='word_1_347' title='bbox 2797 734 2936 789; x_wconf 89' lang='lat' dir='ltr'><strong><em>libro</em></strong></span> <span class='ocrx_word' id='word_1_348' title='bbox 2970 732 3230 787; x_wconf 86' lang='lat' dir='ltr'><strong><em>Miltiadis</em></strong></span> <span class='ocrx_word' id='word_1_349' title='bbox 3259 734 3540 803; x_wconf 84' lang='lat' dir='ltr'><strong><em>cujusdam</em></strong></span> <span class='ocrx_word' id='word_1_350' title='bbox 3567 734 3709 788; x_wconf 75' lang='lat' dir='ltr'><strong><em>Scri-</em></strong></span> 
     </span>
    </p>
   </div>
   <div class='ocr_carea' id='block_1_52' title="bbox 2134 828 3710 904">
    <p class='ocr_par' dir='ltr' id='par_1_52' title="bbox 2134 828 3710 904">
     <span class='ocr_line' id='line_1_52' title="bbox 2134 828 3710 904; baseline -0.004 -16"><span class='ocrx_word' id='word_1_351' title='bbox 2134 837 2308 904; x_wconf 91' lang='lat' dir='ltr'><strong><em>ptoris</em></strong></span> <span class='ocrx_word' id='word_1_352' title='bbox 2335 834 2670 887; x_wconf 87' lang='lat' dir='ltr'><strong><em>mentionem</em></strong></span> <span class='ocrx_word' id='word_1_353' title='bbox 2712 828 2873 893; x_wconf 80' lang='lat' dir='ltr'><strong><em>facit,</em></strong></span> <span class='ocrx_word' id='word_1_354' title='bbox 2915 829 3005 897; x_wconf 88' lang='lat' dir='ltr'><strong>qui</strong></span> <span class='ocrx_word' id='word_1_355' title='bbox 3048 828 3311 881; x_wconf 74' lang='lat' dir='ltr'><strong><em>adversus</em></strong></span> <span class='ocrx_word' id='word_1_356' title='bbox 3342 828 3710 896; x_wconf 89' lang='lat' dir='ltr'><strong><em>supradictam</em></strong></span> 
     </span>
    </p>
   </div>
   <div class='ocr_carea' id='block_1_53' title="bbox 2136 918 3712 989">
    <p class='ocr_par' dir='ltr' id='par_1_53' title="bbox 2136 918 3712 989">
     <span class='ocr_line' id='line_1_53' title="bbox 2136 918 3712 989; baseline -0.006 -8"><span class='ocrx_word' id='word_1_357' title='bbox 2136 927 2384 981; x_wconf 63' lang='lat' dir='ltr'><strong><em>haeresim</em></strong></span> <span class='ocrx_word' id='word_1_358' title='bbox 2439 924 2635 977; x_wconf 90' lang='lat' dir='ltr'><strong><em>librum</em></strong></span> <span class='ocrx_word' id='word_1_359' title='bbox 2689 921 3099 989; x_wconf 82' lang='lat' dir='ltr'><strong><em>conscripserit.</em></strong></span> <span class='ocrx_word' id='word_1_360' title='bbox 3141 919 3337 973; x_wconf 87' lang='lat' dir='ltr'><strong><em>Citalis</em></strong></span> <span class='ocrx_word' id='word_1_361' title='bbox 3385 920 3530 972; x_wconf 90' lang='lat' dir='ltr'><strong><em>enim</em></strong></span> <span class='ocrx_word' id='word_1_362' title='bbox 3588 918 3712 987; x_wconf 88' lang='lat' dir='ltr'><strong><em>qni-</em></strong></span> 
     </span>
    </p>
   </div>
   <div class='ocr_carea' id='block_1_54' title="bbox 2133 1009 3711 1074">
    <p class='ocr_par' dir='ltr' id='par_1_54' title="bbox 2133 1009 3711 1074">
     <span class='ocr_line' id='line_1_54' title="bbox 2133 1009 3711 1074; baseline -0.006 -1"><span class='ocrx_word' id='word_1_363' title='bbox 2133 1019 2359 1073; x_wconf 84' lang='lat' dir='ltr'><strong><em>bnsdam</em></strong></span> <span class='ocrx_word' id='word_1_364' title='bbox 2424 1016 2606 1069; x_wconf 86' lang='lat' dir='ltr'><strong><em>verbis</em></strong></span> <span class='ocrx_word' id='word_1_365' title='bbox 2661 1013 2876 1066; x_wconf 87' lang='lat' dir='ltr'><strong><em>illorum</em></strong></span> <span class='ocrx_word' id='word_1_366' title='bbox 2929 1012 3342 1074; x_wconf 69' lang='lat' dir='ltr'><strong><em>haereticomm,</em></strong></span> <span class='ocrx_word' id='word_1_367' title='bbox 3393 1013 3463 1064; x_wconf 89' lang='lat' dir='ltr'><strong><em>ita</em></strong></span> <span class='ocrx_word' id='word_1_368' title='bbox 3515 1009 3711 1064; x_wconf 84' lang='lat' dir='ltr'><strong><em>deinde</em></strong></span> 
     </span>
    </p>
   </div>
   <div class='ocr_carea' id='block_1_55' title="bbox 2132 1103 3710 1177">
    <p class='ocr_par' dir='ltr' id='par_1_55' title="bbox 2132 1103 3710 1177">
     <span class='ocr_line' id='line_1_55' title="bbox 2132 1103 3710 1177; baseline -0.006 -12"><span class='ocrx_word' id='word_1_369' title='bbox 2132 1110 2321 1165; x_wconf 80' lang='lat' dir='ltr'><strong><em>scribit</em></strong></span> <span class='ocrx_word' id='word_1_370' title='bbox 2354 1128 2368 1164; x_wconf 90' lang='lat'><strong>:</strong></span> <span class='ocrx_word' id='word_1_371' title='bbox 2408 1128 2427 1160; x_wconf 72' lang='grc' dir='ltr'><strong><em>ι</em></strong></span> <span class='ocrx_word' id='word_1_372' title='bbox 2464 1107 2588 1162; x_wconf 72' lang='lat' dir='ltr'><strong><em>Haec</em></strong></span> <span class='ocrx_word' id='word_1_373' title='bbox 2609 1120 2710 1177; x_wconf 72' lang='lat' dir='ltr'><strong><em>ego</em></strong></span> <span class='ocrx_word' id='word_1_374' title='bbox 2731 1121 2853 1159; x_wconf 89' lang='lat' dir='ltr'><strong><em>cum</em></strong></span> <span class='ocrx_word' id='word_1_375' title='bbox 2880 1104 3199 1173; x_wconf 78' lang='lat' dir='ltr'><strong><em>reperissent</em></strong></span> <span class='ocrx_word' id='word_1_376' title='bbox 3224 1107 3277 1157; x_wconf 88' lang='lat' dir='ltr'><strong><em>in</em></strong></span> <span class='ocrx_word' id='word_1_377' title='bbox 3309 1104 3540 1172; x_wconf 86' lang='lat' dir='ltr'><strong><em>quodam</em></strong></span> <span class='ocrx_word' id='word_1_378' title='bbox 3571 1103 3710 1157; x_wconf 87' lang='lat' dir='ltr'><strong><em>libro</em></strong></span> 
     </span>
    </p>
   </div>
   <div class='ocr_carea' id='block_1_56' title="bbox 2138 1180 3709 1272">
    <p class='ocr_par' dir='ltr' id='par_1_56' title="bbox 2138 1180 3709 1272">
     <span class='ocr_line' id='line_1_56' title="bbox 2138 1180 3709 1272; baseline -0.006 -15"><span class='ocrx_word' id='word_1_379' title='bbox 2138 1204 2381 1272; x_wconf 88' lang='lat' dir='ltr'><strong><em>ipsorum</em></strong></span> <span class='ocrx_word' id='word_1_380' title='bbox 2417 1200 2682 1253; x_wconf 80' lang='lat' dir='ltr'><strong><em>adversus</em></strong></span> <span class='ocrx_word' id='word_1_381' title='bbox 2719 1180 3016 1250; x_wconf 75' lang='lat' dir='ltr'><strong><em>Miltiadem</em></strong></span> <span class='ocrx_word' id='word_1_382' title='bbox 3056 1196 3275 1250; x_wconf 84' lang='lat' dir='ltr'><strong><em>fratrem</em></strong></span> <span class='ocrx_word' id='word_1_383' title='bbox 3312 1206 3579 1260; x_wconf 82' lang='lat' dir='ltr'><strong><em>nostrum,</em></strong></span> <span class='ocrx_word' id='word_1_384' title='bbox 3616 1196 3709 1263; x_wconf 90' lang='lat' dir='ltr'><strong><em>qui</em></strong></span> 
     </span>
    </p>
   </div>
   <div class='ocr_carea' id='block_1_57' title="bbox 2132 1288 3706 1365">
    <p class='ocr_par' dir='ltr' id='par_1_57' title="bbox 2132 1288 3706 1365">
     <span class='ocr_line' id='line_1_57' title="bbox 2132 1288 3706 1365; baseline -0.004 -17"><span class='ocrx_word' id='word_1_385' title='bbox 2132 1293 2394 1365; x_wconf 83' lang='lat' dir='ltr'><strong><em>peculiari</em></strong></span> <span class='ocrx_word' id='word_1_386' title='bbox 2423 1304 2589 1357; x_wconf 91' lang='lat' dir='ltr'><strong><em>opere</em></strong></span> <span class='ocrx_word' id='word_1_387' title='bbox 2621 1291 2882 1344; x_wconf 79' lang='lat' dir='ltr'><strong><em>docuerat.</em></strong></span> <span class='ocrx_word' id='word_1_388' title='bbox 2912 1304 3019 1342; x_wconf 90' lang='lat' dir='ltr'><strong><em>non</em></strong></span> <span class='ocrx_word' id='word_1_389' title='bbox 3060 1288 3255 1343; x_wconf 83' lang='lat' dir='ltr'><strong><em>decere</em></strong></span> <span class='ocrx_word' id='word_1_390' title='bbox 3291 1290 3607 1357; x_wconf 80' lang='lat' dir='ltr'><strong><em>prophetam</em></strong></span> <span class='ocrx_word' id='word_1_391' title='bbox 3654 1289 3706 1341; x_wconf 90' lang='lat' dir='ltr'><strong><em>in</em></strong></span> 
     </span>
    </p>
   </div>
   <div class='ocr_carea' id='block_1_58' title="bbox 2133 1379 3710 1453">
    <p class='ocr_par' dir='ltr' id='par_1_58' title="bbox 2133 1379 3710 1453">
     <span class='ocr_line' id='line_1_58' title="bbox 2133 1379 3710 1453; baseline -0.005 -11"><span class='ocrx_word' id='word_1_392' title='bbox 2133 1386 2341 1442; x_wconf 83' lang='lat' dir='ltr'><strong><em>exstasi</em></strong></span> <span class='ocrx_word' id='word_1_393' title='bbox 2404 1385 2578 1453; x_wconf 89' lang='lat' dir='ltr'><strong><em>loqui,</em></strong></span> <span class='ocrx_word' id='word_1_394' title='bbox 2630 1384 2683 1438; x_wconf 87' lang='lat' dir='ltr'><strong><em>in</em></strong></span> <span class='ocrx_word' id='word_1_395' title='bbox 2761 1379 3138 1450; x_wconf 82' lang='lat' dir='ltr'><strong><em>compendium</em></strong></span> <span class='ocrx_word' id='word_1_396' title='bbox 3194 1381 3396 1448; x_wconf 78' lang='lat' dir='ltr'><strong><em>redegi.</em></strong></span> <span class='ocrx_word' id='word_1_397' title='bbox 3429 1399 3448 1431; x_wconf 76' lang='grc' dir='ltr'><strong><em>ι</em></strong></span> <span class='ocrx_word' id='word_1_398' title='bbox 3505 1380 3710 1434; x_wconf 86' lang='lat' dir='ltr'><strong><em>Deinde</em></strong></span> 
     </span>
    </p>
   </div>
   <div class='ocr_carea' id='block_1_59' title="bbox 2134 1474 3713 1549">
    <p class='ocr_par' dir='ltr' id='par_1_59' title="bbox 2134 1474 3713 1549">
     <span class='ocr_line' id='line_1_59' title="bbox 2134 1474 3713 1549; baseline -0.001 -18"><span class='ocrx_word' id='word_1_399' title='bbox 2134 1480 2412 1549; x_wconf 87' lang='lat' dir='ltr'><strong><em>aliquanto</em></strong></span> <span class='ocrx_word' id='word_1_400' title='bbox 2439 1487 2559 1547; x_wconf 89' lang='lat' dir='ltr'><strong><em>post</em></strong></span> <span class='ocrx_word' id='word_1_401' title='bbox 2586 1478 2638 1532; x_wconf 89' lang='lat' dir='ltr'><strong><em>in</em></strong></span> <span class='ocrx_word' id='word_1_402' title='bbox 2674 1479 2865 1532; x_wconf 85' lang='lat' dir='ltr'><strong><em>eodem</em></strong></span> <span class='ocrx_word' id='word_1_403' title='bbox 2896 1474 3036 1529; x_wconf 87' lang='lat' dir='ltr'><strong><em>libro</em></strong></span> <span class='ocrx_word' id='word_1_404' title='bbox 3061 1475 3347 1528; x_wconf 86' lang='lat' dir='ltr'><strong><em>universos</em></strong></span> <span class='ocrx_word' id='word_1_405' title='bbox 3376 1474 3508 1529; x_wconf 81' lang='lat' dir='ltr'><strong><em>Novi</em></strong></span> <span class='ocrx_word' id='word_1_406' title='bbox 3529 1476 3713 1529; x_wconf 85' lang='lat' dir='ltr'><strong><em>Testa-</em></strong></span> 
     </span>
    </p>
   </div>
   <div class='ocr_carea' id='block_1_60' title="bbox 2135 1565 3707 1640">
    <p class='ocr_par' dir='ltr' id='par_1_60' title="bbox 2135 1565 3707 1640">
     <span class='ocr_line' id='line_1_60' title="bbox 2135 1565 3707 1640; baseline -0.003 -16"><span class='ocrx_word' id='word_1_407' title='bbox 2135 1570 2301 1626; x_wconf 82' lang='lat' dir='ltr'><strong><em>menti</em></strong></span> <span class='ocrx_word' id='word_1_408' title='bbox 2359 1571 2653 1640; x_wconf 83' lang='lat' dir='ltr'><strong><em>prophetas</em></strong></span> <span class='ocrx_word' id='word_1_409' title='bbox 2697 1574 3009 1632; x_wconf 78' lang='lat' dir='ltr'><strong><em>enumerat,</em></strong></span> <span class='ocrx_word' id='word_1_410' title='bbox 3063 1565 3206 1619; x_wconf 90' lang='lat' dir='ltr'><strong><em>inter</em></strong></span> <span class='ocrx_word' id='word_1_411' title='bbox 3254 1580 3391 1634; x_wconf 89' lang='lat' dir='ltr'><strong><em>quos</em></strong></span> <span class='ocrx_word' id='word_1_412' title='bbox 3438 1565 3707 1620; x_wconf 81' lang='lat' dir='ltr'><strong><em>Aminiam</em></strong></span> 
     </span>
    </p>
   </div>
   <div class='ocr_carea' id='block_1_61' title="bbox 2134 1658 3706 1732">
    <p class='ocr_par' dir='ltr' id='par_1_61' title="bbox 2134 1658 3706 1732">
     <span class='ocr_line' id='line_1_61' title="bbox 2134 1658 3706 1732; baseline -0.003 -17"><span class='ocrx_word' id='word_1_413' title='bbox 2134 1663 2427 1732; x_wconf 87' lang='lat' dir='ltr'><strong><em>quamdam</em></strong></span> <span class='ocrx_word' id='word_1_414' title='bbox 2492 1671 2546 1716; x_wconf 86' lang='lat' dir='ltr'><strong><em>et</em></strong></span> <span class='ocrx_word' id='word_1_415' title='bbox 2613 1661 2949 1727; x_wconf 84' lang='lat' dir='ltr'><strong><em>Quadratum</em></strong></span> <span class='ocrx_word' id='word_1_416' title='bbox 3020 1666 3270 1713; x_wconf 81' lang='lat' dir='ltr'><strong><em>recenset</em></strong></span> <span class='ocrx_word' id='word_1_417' title='bbox 3330 1658 3415 1712; x_wconf 91' lang='lat' dir='ltr'><strong><em>his</em></strong></span> <span class='ocrx_word' id='word_1_418' title='bbox 3480 1660 3706 1714; x_wconf 80' lang='lat' dir='ltr'><strong><em>verbis:</em></strong></span> 
     </span>
    </p>
   </div>
   <div class='ocr_carea' id='block_1_62' title="bbox 2140 1752 3711 1824">
    <p class='ocr_par' dir='ltr' id='par_1_62' title="bbox 2140 1752 3711 1824">
     <span class='ocr_line' id='line_1_62' title="bbox 2140 1752 3711 1824; baseline -0.001 -16"><span class='ocrx_word' id='word_1_419' title='bbox 2140 1775 2159 1808; x_wconf 72' lang='grc' dir='ltr'>ί</span> <span class='ocrx_word' id='word_1_420' title='bbox 2190 1754 2693 1824; x_wconf 84' lang='lat' dir='ltr'><strong><em>Pseudo-propheta</em></strong></span> <span class='ocrx_word' id='word_1_421' title='bbox 2728 1761 2928 1820; x_wconf 88' lang='lat' dir='ltr'><strong><em>autem,</em></strong></span> <span class='ocrx_word' id='word_1_422' title='bbox 2965 1754 3177 1824; x_wconf 86' lang='lat' dir='ltr'><strong><em>inquit,</em></strong></span> <span class='ocrx_word' id='word_1_423' title='bbox 3221 1755 3273 1809; x_wconf 89' lang='lat' dir='ltr'><strong><em>in</em></strong></span> <span class='ocrx_word' id='word_1_424' title='bbox 3321 1752 3463 1807; x_wconf 73' lang='lat' dir='ltr'><strong><em>l‘also</em></strong></span> <span class='ocrx_word' id='word_1_425' title='bbox 3513 1756 3711 1808; x_wconf 81' lang='lat' dir='ltr'><strong><em>mentis</em></strong></span> 
     </span>
    </p>
   </div>
   <div class='ocr_carea' id='block_1_63' title="bbox 2132 1846 3708 1917">
    <p class='ocr_par' dir='ltr' id='par_1_63' title="bbox 2132 1846 3708 1917">
     <span class='ocr_line' id='line_1_63' title="bbox 2132 1846 3708 1917; baseline -0.002 -14"><span class='ocrx_word' id='word_1_426' title='bbox 2132 1863 2383 1909; x_wconf 75' lang='lat' dir='ltr'><strong><em>excessu.</em></strong></span> <span class='ocrx_word' id='word_1_427' title='bbox 2423 1847 2574 1917; x_wconf 87' lang='lat' dir='ltr'><strong><em>cujus</em></strong></span> <span class='ocrx_word' id='word_1_428' title='bbox 2617 1862 2802 1901; x_wconf 86' lang='lat' dir='ltr'><strong><em>comes</em></strong></span> <span class='ocrx_word' id='word_1_429' title='bbox 2848 1857 2933 1902; x_wconf 91' lang='lat' dir='ltr'><strong><em>est</em></strong></span> <span class='ocrx_word' id='word_1_430' title='bbox 2981 1847 3201 1901; x_wconf 88' lang='lat' dir='ltr'><strong><em>licentia</em></strong></span> <span class='ocrx_word' id='word_1_431' title='bbox 3257 1857 3314 1901; x_wconf 90' lang='lat' dir='ltr'><strong><em>et</em></strong></span> <span class='ocrx_word' id='word_1_432' title='bbox 3368 1846 3618 1911; x_wconf 85' lang='lat' dir='ltr'><strong><em>audacia,</em></strong></span> <span class='ocrx_word' id='word_1_433' title='bbox 3677 1862 3708 1900; x_wconf 87' lang='lat' dir='ltr'><strong><em>a</em></strong></span> 
     </span>
    </p>
   </div>
   <div class='ocr_carea' id='block_1_64' title="bbox 2056 1916 3707 2009">
    <p class='ocr_par' dir='ltr' id='par_1_64' title="bbox 2056 1916 3707 2009">
     <span class='ocr_line' id='line_1_64' title="bbox 2056 1916 3707 2009; baseline -0.001 -17"><span class='ocrx_word' id='word_1_434' title='bbox 2056 1916 2429 2009; x_wconf 82' lang='lat' dir='ltr'><strong><em>Bspontanea</em></strong></span> <span class='ocrx_word' id='word_1_435' title='bbox 2486 1939 2703 2009; x_wconf 88' lang='lat' dir='ltr'><strong><em>quidem</em></strong></span> <span class='ocrx_word' id='word_1_436' title='bbox 2758 1938 3027 2005; x_wconf 88' lang='lat' dir='ltr'><strong><em>imperitia</em></strong></span> <span class='ocrx_word' id='word_1_437' title='bbox 3083 1940 3295 1993; x_wconf 87' lang='lat' dir='ltr'><strong><em>initium</em></strong></span> <span class='ocrx_word' id='word_1_438' title='bbox 3344 1953 3599 2001; x_wconf 88' lang='lat' dir='ltr'><strong><em>sumens,</em></strong></span> <span class='ocrx_word' id='word_1_439' title='bbox 3652 1937 3707 1991; x_wconf 87' lang='lat' dir='ltr'><strong><em>in</em></strong></span> 
     </span>
    </p>
   </div>
   <div class='ocr_carea' id='block_1_65' title="bbox 2127 2029 3699 2098">
    <p class='ocr_par' dir='ltr' id='par_1_65' title="bbox 2127 2029 3699 2098">
     <span class='ocr_line' id='line_1_65' title="bbox 2127 2029 3699 2098; baseline 0.001 -16"><span class='ocrx_word' id='word_1_440' title='bbox 2127 2030 2419 2085; x_wconf 81' lang='lat' dir='ltr'><strong><em>amentiam</em></strong></span> <span class='ocrx_word' id='word_1_441' title='bbox 2448 2040 2651 2097; x_wconf 89' lang='lat' dir='ltr'><strong><em>autem,</em></strong></span> <span class='ocrx_word' id='word_1_442' title='bbox 2692 2041 2749 2083; x_wconf 89' lang='lat' dir='ltr'><strong><em>ut</em></strong></span> <span class='ocrx_word' id='word_1_443' title='bbox 2772 2029 2885 2098; x_wconf 82' lang='lat' dir='ltr'><strong><em>jam</em></strong></span> <span class='ocrx_word' id='word_1_444' title='bbox 2918 2029 3052 2097; x_wconf 80' lang='lat' dir='ltr'><strong><em>dixi,</em></strong></span> <span class='ocrx_word' id='word_1_445' title='bbox 3086 2030 3511 2085; x_wconf 85' lang='lat' dir='ltr'><strong><em>involuntariam</em></strong></span> <span class='ocrx_word' id='word_1_446' title='bbox 3548 2029 3699 2083; x_wconf 80' lang='lat' dir='ltr'><strong><em>desi-</em></strong></span> 
     </span>
    </p>
   </div>
   <div class='ocr_carea' id='block_1_66' title="bbox 2128 2121 3709 2192">
    <p class='ocr_par' dir='ltr' id='par_1_66' title="bbox 2128 2121 3709 2192">
     <span class='ocr_line' id='line_1_66' title="bbox 2128 2121 3709 2192; baseline -0.001 -17"><span class='ocrx_word' id='word_1_447' title='bbox 2128 2137 2286 2178; x_wconf 88' lang='lat' dir='ltr'><strong><em>nens.</em></strong></span> <span class='ocrx_word' id='word_1_448' title='bbox 2321 2122 2637 2192; x_wconf 86' lang='lat' dir='ltr'><strong><em>Hujusmodi</em></strong></span> <span class='ocrx_word' id='word_1_449' title='bbox 2688 2139 2817 2176; x_wconf 85' lang='lat' dir='ltr'><strong><em>vero</em></strong></span> <span class='ocrx_word' id='word_1_450' title='bbox 2864 2122 3057 2190; x_wconf 89' lang='lat' dir='ltr'><strong><em>spiritu</em></strong></span> <span class='ocrx_word' id='word_1_451' title='bbox 3098 2121 3298 2175; x_wconf 90' lang='lat' dir='ltr'><strong><em>nullum</em></strong></span> <span class='ocrx_word' id='word_1_452' title='bbox 3339 2136 3576 2190; x_wconf 82' lang='lat' dir='ltr'><strong><em>unquam</em></strong></span> <span class='ocrx_word' id='word_1_453' title='bbox 3609 2134 3709 2175; x_wconf 90' lang='lat' dir='ltr'><strong><em>nec</em></strong></span> 
     </span>
    </p>
   </div>
   <div class='ocr_carea' id='block_1_67' title="bbox 2127 2210 3709 2282">
    <p class='ocr_par' dir='ltr' id='par_1_67' title="bbox 2127 2210 3709 2282">
     <span class='ocr_line' id='line_1_67' title="bbox 2127 2210 3709 2282; baseline -0.003 -11"><span class='ocrx_word' id='word_1_454' title='bbox 2127 2216 2181 2271; x_wconf 90' lang='lat' dir='ltr'><strong><em>in</em></strong></span> <span class='ocrx_word' id='word_1_455' title='bbox 2214 2215 2409 2271; x_wconf 84' lang='lat' dir='ltr'><strong><em>Vetere</em></strong></span> <span class='ocrx_word' id='word_1_456' title='bbox 2457 2231 2558 2270; x_wconf 91' lang='lat' dir='ltr'><strong><em>nec</em></strong></span> <span class='ocrx_word' id='word_1_457' title='bbox 2586 2216 2637 2269; x_wconf 92' lang='lat' dir='ltr'><strong><em>in</em></strong></span> <span class='ocrx_word' id='word_1_458' title='bbox 2663 2214 2812 2270; x_wconf 84' lang='lat' dir='ltr'><strong><em>Novo</em></strong></span> <span class='ocrx_word' id='word_1_459' title='bbox 2844 2214 3193 2268; x_wconf 79' lang='lat' dir='ltr'><strong><em>Tcsmmento</em></strong></span> <span class='ocrx_word' id='word_1_460' title='bbox 3218 2213 3534 2282; x_wconf 79' lang='lat' dir='ltr'><strong><em>praphetam</em></strong></span> <span class='ocrx_word' id='word_1_461' title='bbox 3555 2210 3709 2266; x_wconf 79' lang='lat' dir='ltr'><strong><em>allia-</em></strong></span> 
     </span>
    </p>
   </div>
   <div class='ocr_carea' id='block_1_68' title="bbox 2129 2304 3704 2377">
    <p class='ocr_par' dir='ltr' id='par_1_68' title="bbox 2129 2304 3704 2377">
     <span class='ocr_line' id='line_1_68' title="bbox 2129 2304 3704 2377; baseline -0.001 -15"><span class='ocrx_word' id='word_1_462' title='bbox 2129 2318 2241 2362; x_wconf 89' lang='lat' dir='ltr'><strong><em>tum</em></strong></span> <span class='ocrx_word' id='word_1_463' title='bbox 2309 2316 2565 2377; x_wconf 87' lang='lat' dir='ltr'><strong><em>poterunt</em></strong></span> <span class='ocrx_word' id='word_1_464' title='bbox 2621 2309 3049 2363; x_wconf 87' lang='lat' dir='ltr'><strong><em>demonstrare:</em></strong></span> <span class='ocrx_word' id='word_1_465' title='bbox 3085 2322 3191 2361; x_wconf 90' lang='lat' dir='ltr'><strong><em>non</em></strong></span> <span class='ocrx_word' id='word_1_466' title='bbox 3244 2304 3535 2372; x_wconf 83' lang='lat' dir='ltr'><strong><em>Agabum,</em></strong></span> <span class='ocrx_word' id='word_1_467' title='bbox 3594 2321 3704 2361; x_wconf 89' lang='lat' dir='ltr'><strong><em>non</em></strong></span> 
     </span>
    </p>
   </div>
   <div class='ocr_carea' id='block_1_69' title="bbox 2123 2397 3703 2470">
    <p class='ocr_par' dir='ltr' id='par_1_69' title="bbox 2123 2397 3703 2470">
     <span class='ocr_line' id='line_1_69' title="bbox 2123 2397 3703 2470; baseline -0.002 -14"><span class='ocrx_word' id='word_1_468' title='bbox 2123 2400 2340 2466; x_wconf 70' lang='lat' dir='ltr'><strong><em>ludam,</em></strong></span> <span class='ocrx_word' id='word_1_469' title='bbox 2366 2416 2471 2455; x_wconf 90' lang='lat' dir='ltr'><strong><em>non</em></strong></span> <span class='ocrx_word' id='word_1_470' title='bbox 2499 2400 2690 2466; x_wconf 89' lang='lat' dir='ltr'><strong><em>Silam,</em></strong></span> <span class='ocrx_word' id='word_1_471' title='bbox 2721 2415 2819 2454; x_wconf 91' lang='lat' dir='ltr'><strong><em>nec</em></strong></span> <span class='ocrx_word' id='word_1_472' title='bbox 2847 2398 3078 2470; x_wconf 81' lang='lat' dir='ltr'><strong><em>Philippi</em></strong></span> <span class='ocrx_word' id='word_1_473' title='bbox 3116 2398 3277 2463; x_wconf 87' lang='lat' dir='ltr'><strong><em>lllias,</em></strong></span> <span class='ocrx_word' id='word_1_474' title='bbox 3308 2413 3411 2453; x_wconf 80' lang='lat' dir='ltr'><strong><em>nec</em></strong></span> <span class='ocrx_word' id='word_1_475' title='bbox 3428 2397 3703 2453; x_wconf 82' lang='lat' dir='ltr'><strong><em>Ammiam</em></strong></span> 
     </span>
    </p>
   </div>
   <div class='ocr_carea' id='block_1_70' title="bbox 2125 2491 3703 2561">
    <p class='ocr_par' dir='ltr' id='par_1_70' title="bbox 2125 2491 3703 2561">
     <span class='ocr_line' id='line_1_70' title="bbox 2125 2491 3703 2561; baseline -0.001 -14"><span class='ocrx_word' id='word_1_476' title='bbox 2125 2493 2667 2560; x_wconf 83' lang='lat' dir='ltr'><strong><em>Philadelphensem,</em></strong></span> <span class='ocrx_word' id='word_1_477' title='bbox 2699 2507 2799 2546; x_wconf 89' lang='lat' dir='ltr'><strong><em>nec</em></strong></span> <span class='ocrx_word' id='word_1_478' title='bbox 2830 2491 3192 2556; x_wconf 86' lang='lat' dir='ltr'><strong><em>Quadratum,</em></strong></span> <span class='ocrx_word' id='word_1_479' title='bbox 3224 2508 3323 2546; x_wconf 86' lang='lat' dir='ltr'><strong><em>nec</em></strong></span> <span class='ocrx_word' id='word_1_480' title='bbox 3354 2491 3537 2561; x_wconf 86' lang='lat' dir='ltr'><strong><em>plures</em></strong></span> <span class='ocrx_word' id='word_1_481' title='bbox 3563 2507 3703 2561; x_wconf 88' lang='lat' dir='ltr'><strong><em>quo-</em></strong></span> 
     </span>
    </p>
   </div>
   <div class='ocr_carea' id='block_1_71' title="bbox 2124 2583 3705 2654">
    <p class='ocr_par' dir='ltr' id='par_1_71' title="bbox 2124 2583 3705 2654">
     <span class='ocr_line' id='line_1_71' title="bbox 2124 2583 3705 2654; baseline 0 -17"><span class='ocrx_word' id='word_1_482' title='bbox 2124 2600 2230 2654; x_wconf 90' lang='lat' dir='ltr'><strong><em>que</em></strong></span> <span class='ocrx_word' id='word_1_483' title='bbox 2254 2584 2415 2648; x_wconf 88' lang='lat' dir='ltr'><strong><em>alios,</em></strong></span> <span class='ocrx_word' id='word_1_484' title='bbox 2461 2584 2556 2654; x_wconf 88' lang='lat' dir='ltr'><strong>qui</strong></span> <span class='ocrx_word' id='word_1_485' title='bbox 2597 2583 2733 2638; x_wconf 88' lang='lat' dir='ltr'><strong><em>nihil</em></strong></span> <span class='ocrx_word' id='word_1_486' title='bbox 2787 2584 2850 2636; x_wconf 88' lang='lat' dir='ltr'><strong><em>ad</em></strong></span> <span class='ocrx_word' id='word_1_487' title='bbox 2901 2584 3047 2653; x_wconf 90' lang='lat' dir='ltr'><strong><em>ipsos</em></strong></span> <span class='ocrx_word' id='word_1_488' title='bbox 3091 2585 3389 2651; x_wconf 83' lang='lat' dir='ltr'><strong><em>pertinent,</em></strong></span> <span class='ocrx_word' id='word_1_489' title='bbox 3441 2584 3705 2651; x_wconf 69' lang='lat' dir='ltr'><strong><em>praedica-</em></strong></span> 
     </span>
    </p>
   </div>
   <div class='ocr_carea' id='block_1_72' title="bbox 2125 2672 3702 2744">
    <p class='ocr_par' dir='ltr' id='par_1_72' title="bbox 2125 2672 3702 2744">
     <span class='ocr_line' id='line_1_72' title="bbox 2125 2672 3702 2744; baseline -0.001 -16"><span class='ocrx_word' id='word_1_490' title='bbox 2125 2672 2275 2729; x_wconf 89' lang='lat' dir='ltr'><strong><em>bunt.</em></strong></span> <span class='ocrx_word' id='word_1_491' title='bbox 2302 2692 2320 2726; x_wconf 75' lang='grc' dir='ltr'><strong><em>ι</em></strong></span> <span class='ocrx_word' id='word_1_492' title='bbox 2358 2673 2554 2729; x_wconf 85' lang='lat' dir='ltr'><strong><em>Paucis</em></strong></span> <span class='ocrx_word' id='word_1_493' title='bbox 2582 2672 3112 2744; x_wconf 83' lang='lat' dir='ltr'><strong><em>deimleinterjectis,</em></strong></span> <span class='ocrx_word' id='word_1_494' title='bbox 3140 2674 3220 2728; x_wconf 91' lang='lat' dir='ltr'><strong><em>sic</em></strong></span> <span class='ocrx_word' id='word_1_495' title='bbox 3240 2672 3702 2743; x_wconf 72' lang='lat' dir='ltr'><strong><em>loquiturttNam</em></strong></span> 
     </span>
    </p>
   </div>
   <div class='ocr_carea' id='block_1_73' title="bbox 2124 2764 3706 2836">
    <p class='ocr_par' dir='ltr' id='par_1_73' title="bbox 2124 2764 3706 2836">
     <span class='ocr_line' id='line_1_73' title="bbox 2124 2764 3706 2836; baseline -0.003 -14"><span class='ocrx_word' id='word_1_496' title='bbox 2124 2768 2169 2822; x_wconf 88' lang='lat' dir='ltr'><strong><em>si</em></strong></span> <span class='ocrx_word' id='word_1_497' title='bbox 2195 2766 2441 2836; x_wconf 88' lang='lat' dir='ltr'><strong><em>quidem,</em></strong></span> <span class='ocrx_word' id='word_1_498' title='bbox 2479 2774 2538 2821; x_wconf 91' lang='lat' dir='ltr'><strong><em>ut</em></strong></span> <span class='ocrx_word' id='word_1_499' title='bbox 2573 2766 2894 2835; x_wconf 64' lang='lat' dir='ltr'><strong><em>praedicant,</em></strong></span> <span class='ocrx_word' id='word_1_500' title='bbox 2935 2768 3058 2835; x_wconf 76' lang='lat' dir='ltr'><strong><em>post</em></strong></span> <span class='ocrx_word' id='word_1_501' title='bbox 3076 2764 3410 2832; x_wconf 80' lang='lat' dir='ltr'><strong><em>Quadratum</em></strong></span> <span class='ocrx_word' id='word_1_502' title='bbox 3468 2773 3523 2820; x_wconf 87' lang='lat' dir='ltr'><strong><em>et</em></strong></span> <span class='ocrx_word' id='word_1_503' title='bbox 3574 2767 3706 2820; x_wconf 83' lang='lat' dir='ltr'><strong><em>Am-</em></strong></span> 
     </span>
    </p>
   </div>
   <div class='ocr_carea' id='block_1_74' title="bbox 2124 2854 3700 2925">
    <p class='ocr_par' dir='ltr' id='par_1_74' title="bbox 2124 2854 3700 2925">
     <span class='ocr_line' id='line_1_74' title="bbox 2124 2854 3700 2925; baseline -0.001 -14"><span class='ocrx_word' id='word_1_504' title='bbox 2124 2857 2290 2911; x_wconf 88' lang='lat' dir='ltr'><strong><em>miam</em></strong></span> <span class='ocrx_word' id='word_1_505' title='bbox 2325 2855 2836 2925; x_wconf 83' lang='lat' dir='ltr'><strong><em>Pbiladelphensem</em></strong></span> <span class='ocrx_word' id='word_1_506' title='bbox 2892 2854 3149 2909; x_wconf 87' lang='lat' dir='ltr'><strong><em>mulieres</em></strong></span> <span class='ocrx_word' id='word_1_507' title='bbox 3202 2854 3309 2909; x_wconf 72' lang='lat' dir='ltr'><strong><em>illae</em></strong></span> <span class='ocrx_word' id='word_1_508' title='bbox 3357 2854 3599 2910; x_wconf 82' lang='lat' dir='ltr'><strong><em>Montani</em></strong></span> <span class='ocrx_word' id='word_1_509' title='bbox 3646 2856 3700 2909; x_wconf 92' lang='lat' dir='ltr'><strong><em>in</em></strong></span> 
     </span>
    </p>
   </div>
   <div class='ocr_carea' id='block_1_75' title="bbox 2126 2946 3704 3018">
    <p class='ocr_par' dir='ltr' id='par_1_75' title="bbox 2126 2946 3704 3018">
     <span class='ocr_line' id='line_1_75' title="bbox 2126 2946 3704 3018; baseline -0.001 -18"><span class='ocrx_word' id='word_1_510' title='bbox 2126 2947 2426 3016; x_wconf 78' lang='lat' dir='ltr'><strong><em>prophetia:</em></strong></span> <span class='ocrx_word' id='word_1_511' title='bbox 2477 2947 2710 3018; x_wconf 77' lang='lat' dir='ltr'><strong><em>gratiam</em></strong></span> <span class='ocrx_word' id='word_1_512' title='bbox 2748 2954 3165 3011; x_wconf 89' lang='lat' dir='ltr'><strong><em>successerunt,</em></strong></span> <span class='ocrx_word' id='word_1_513' title='bbox 3214 2947 3506 3002; x_wconf 90' lang='lat' dir='ltr'><strong><em>ostendant</em></strong></span> <span class='ocrx_word' id='word_1_514' title='bbox 3546 2946 3704 3001; x_wconf 91' lang='lat' dir='ltr'><strong><em>nobis</em></strong></span> 
     </span>
    </p>
   </div>
   <div class='ocr_carea' id='block_1_76' title="bbox 2123 3037 3705 3110">
    <p class='ocr_par' dir='ltr' id='par_1_76' title="bbox 2123 3037 3705 3110">
     <span class='ocr_line' id='line_1_76' title="bbox 2123 3037 3705 3110; baseline 0 -16"><span class='ocrx_word' id='word_1_515' title='bbox 2123 3041 2347 3110; x_wconf 86' lang='lat' dir='ltr'><strong><em>quinam</em></strong></span> <span class='ocrx_word' id='word_1_516' title='bbox 2378 3041 2520 3094; x_wconf 89' lang='lat' dir='ltr'><strong><em>inter</em></strong></span> <span class='ocrx_word' id='word_1_517' title='bbox 2546 3040 2690 3109; x_wconf 88' lang='lat' dir='ltr'><strong><em>ipsos</em></strong></span> <span class='ocrx_word' id='word_1_518' title='bbox 2723 3037 2981 3095; x_wconf 79' lang='lat' dir='ltr'><strong><em>Montano</em></strong></span> <span class='ocrx_word' id='word_1_519' title='bbox 3024 3053 3089 3094; x_wconf 89' lang='lat' dir='ltr'><strong><em>ac</em></strong></span> <span class='ocrx_word' id='word_1_520' title='bbox 3120 3038 3458 3095; x_wconf 84' lang='lat' dir='ltr'><strong><em>mulierculis</em></strong></span> <span class='ocrx_word' id='word_1_521' title='bbox 3488 3054 3705 3094; x_wconf 85' lang='lat' dir='ltr'><strong><em>succes-</em></strong></span> 
     </span>
    </p>
   </div>
   <div class='ocr_carea' id='block_1_77' title="bbox 2124 3131 3700 3203">
    <p class='ocr_par' dir='ltr' id='par_1_77' title="bbox 2124 3131 3700 3203">
     <span class='ocr_line' id='line_1_77' title="bbox 2124 3131 3700 3203; baseline -0.003 -15"><span class='ocrx_word' id='word_1_522' title='bbox 2124 3133 2312 3188; x_wconf 86' lang='lat' dir='ltr'><strong><em>serint.</em></strong></span> <span class='ocrx_word' id='word_1_523' title='bbox 2350 3132 2561 3187; x_wconf 88' lang='lat' dir='ltr'><strong><em>Etenim</em></strong></span> <span class='ocrx_word' id='word_1_524' title='bbox 2591 3133 2891 3203; x_wconf 57' lang='lat' dir='ltr'><strong><em>prophetica</em></strong></span> <span class='ocrx_word' id='word_1_525' title='bbox 2924 3134 3122 3186; x_wconf 87' lang='lat' dir='ltr'><strong><em>donum</em></strong></span> <span class='ocrx_word' id='word_1_526' title='bbox 3169 3133 3223 3186; x_wconf 91' lang='lat' dir='ltr'><strong><em>in</em></strong></span> <span class='ocrx_word' id='word_1_527' title='bbox 3271 3132 3418 3187; x_wconf 91' lang='lat' dir='ltr'><strong><em>omni</em></strong></span> <span class='ocrx_word' id='word_1_528' title='bbox 3456 3131 3700 3187; x_wconf 85' lang='lat' dir='ltr'><strong><em>Ecclesia</em></strong></span> 
     </span>
    </p>
   </div>
   <div class='ocr_carea' id='block_1_78' title="bbox 2127 3222 3706 3292">
    <p class='ocr_par' dir='ltr' id='par_1_78' title="bbox 2127 3222 3706 3292">
     <span class='ocr_line' id='line_1_78' title="bbox 2127 3222 3706 3292; baseline 0 -16"><span class='ocrx_word' id='word_1_529' title='bbox 2127 3227 2193 3277; x_wconf 84' lang='lat' dir='ltr'><strong><em>ad</em></strong></span> <span class='ocrx_word' id='word_1_530' title='bbox 2249 3223 2499 3278; x_wconf 91' lang='lat' dir='ltr'><strong><em>ultimum</em></strong></span> <span class='ocrx_word' id='word_1_531' title='bbox 2554 3240 2722 3292; x_wconf 88' lang='lat' dir='ltr'><strong><em>usque</em></strong></span> <span class='ocrx_word' id='word_1_532' title='bbox 2782 3222 2995 3277; x_wconf 90' lang='lat' dir='ltr'><strong><em>Domini</em></strong></span> <span class='ocrx_word' id='word_1_533' title='bbox 3039 3223 3330 3277; x_wconf 87' lang='lat' dir='ltr'><strong><em>adventum</em></strong></span> <span class='ocrx_word' id='word_1_534' title='bbox 3384 3236 3706 3292; x_wconf 84' lang='lat' dir='ltr'><strong><em>permanere</em></strong></span> 
     </span>
    </p>
   </div>
   <div class='ocr_carea' id='block_1_79' title="bbox 2124 3315 3705 3383">
    <p class='ocr_par' dir='ltr' id='par_1_79' title="bbox 2124 3315 3705 3383">
     <span class='ocr_line' id='line_1_79' title="bbox 2124 3315 3705 3383; baseline -0.004 -12"><span class='ocrx_word' id='word_1_535' title='bbox 2124 3316 2324 3371; x_wconf 86' lang='lat' dir='ltr'><strong><em>debere</em></strong></span> <span class='ocrx_word' id='word_1_536' title='bbox 2358 3326 2549 3370; x_wconf 89' lang='lat' dir='ltr'><strong><em>auctor</em></strong></span> <span class='ocrx_word' id='word_1_537' title='bbox 2593 3327 2677 3370; x_wconf 88' lang='lat' dir='ltr'><strong><em>est</em></strong></span> <span class='ocrx_word' id='word_1_538' title='bbox 2725 3316 3040 3383; x_wconf 86' lang='lat' dir='ltr'><strong><em>Apostolus.</em></strong></span> <span class='ocrx_word' id='word_1_539' title='bbox 3090 3315 3195 3369; x_wconf 87' lang='lat' dir='ltr'><strong><em>Sed</em></strong></span> <span class='ocrx_word' id='word_1_540' title='bbox 3244 3315 3446 3369; x_wconf 90' lang='lat' dir='ltr'><strong><em>nullum</em></strong></span> <span class='ocrx_word' id='word_1_541' title='bbox 3484 3329 3705 3383; x_wconf 85' lang='lat' dir='ltr'><strong><em>prorsus</em></strong></span> 
     </span>
    </p>
   </div>
   <div class='ocr_carea' id='block_1_80' title="bbox 2124 3406 3706 3479">
    <p class='ocr_par' dir='ltr' id='par_1_80' title="bbox 2124 3406 3706 3479">
     <span class='ocr_line' id='line_1_80' title="bbox 2124 3406 3706 3479; baseline -0.001 -16"><span class='ocrx_word' id='word_1_542' title='bbox 2124 3418 2384 3479; x_wconf 73' lang='lat' dir='ltr'><strong><em>pou-runt</em></strong></span> <span class='ocrx_word' id='word_1_543' title='bbox 2416 3408 2727 3474; x_wconf 88' lang='lat' dir='ltr'><strong><em>ostendere,</em></strong></span> <span class='ocrx_word' id='word_1_544' title='bbox 2772 3407 2989 3462; x_wconf 87' lang='lat' dir='ltr'><strong><em>tametsi</em></strong></span> <span class='ocrx_word' id='word_1_545' title='bbox 3028 3406 3142 3475; x_wconf 86' lang='lat' dir='ltr'><strong><em>jam</em></strong></span> <span class='ocrx_word' id='word_1_546' title='bbox 3194 3416 3421 3476; x_wconf 87' lang='lat' dir='ltr'><strong><em>quartus</em></strong></span> <span class='ocrx_word' id='word_1_547' title='bbox 3462 3407 3706 3462; x_wconf 89' lang='lat' dir='ltr'><strong><em>decimus</em></strong></span> 
     </span>
    </p>
   </div>
   <div class='ocr_carea' id='block_1_81' title="bbox 2124 3558 3701 3638">
    <p class='ocr_par' dir='ltr' id='par_1_81' title="bbox 2124 3558 3701 3638">
     <span class='ocr_line' id='line_1_81' title="bbox 2124 3558 3701 3638; baseline 0 -14"><span class='ocrx_word' id='word_1_548' title='bbox 2124 3571 2176 3624; x_wconf 90' lang='lat' dir='ltr'><strong><em>in</em></strong></span> <span class='ocrx_word' id='word_1_549' title='bbox 2208 3567 2365 3626; x_wconf 84' lang='lat' dir='ltr'><strong><em>Novo</em></strong></span> <span class='ocrx_word' id='word_1_550' title='bbox 2438 3583 2539 3624; x_wconf 85' lang='lat' dir='ltr'><strong><em>nec</em></strong></span> <span class='ocrx_word' id='word_1_551' title='bbox 2585 3570 2639 3624; x_wconf 94' lang='lat' dir='ltr'><strong><em>in</em></strong></span> <span class='ocrx_word' id='word_1_552' title='bbox 2671 3568 2857 3624; x_wconf 84' lang='lat' dir='ltr'><strong><em>Veteri</em></strong></span> <span class='ocrx_word' id='word_1_553' title='bbox 2915 3567 3267 3623; x_wconf 84' lang='lat' dir='ltr'><strong><em>Testamento</em></strong></span> <span class='ocrx_word' id='word_1_554' title='bbox 3316 3558 3701 3638; x_wconf 77' lang='lat' dir='ltr'><strong><em>pr0pheta§_in</em></strong></span> 
     </span>
    </p>
   </div>
   <div class='ocr_carea' id='block_1_82' title="bbox 2122 3636 3702 3709">
    <p class='ocr_par' dir='ltr' id='par_1_82' title="bbox 2122 3636 3702 3709">
     <span class='ocr_line' id='line_1_82' title="bbox 2122 3636 3702 3709; baseline -0.001 -17"><span class='ocrx_word' id='word_1_555' title='bbox 2122 3641 2326 3693; x_wconf 75' lang='lat' dir='ltr'><strong><em>exstasi</em></strong></span> <span class='ocrx_word' id='word_1_556' title='bbox 2359 3655 2598 3708; x_wconf 83' lang='lat' dir='ltr'><strong><em>unquam</em></strong></span> <span class='ocrx_word' id='word_1_557' title='bbox 2632 3642 2988 3708; x_wconf 84' lang='lat' dir='ltr'><strong><em>prephctasse</em></strong></span> <span class='ocrx_word' id='word_1_558' title='bbox 3011 3639 3278 3709; x_wconf 76' lang='lat' dir='ltr'><strong><em>legamus.</em></strong></span> <span class='ocrx_word' id='word_1_559' title='bbox 3317 3636 3526 3704; x_wconf 68' lang='lat' dir='ltr'><strong><em>itaque</em></strong></span> <span class='ocrx_word' id='word_1_560' title='bbox 3581 3636 3702 3692; x_wconf 79' lang='lat' dir='ltr'><strong><em>Mil-</em></strong></span> 
     </span>
    </p>
   </div>
   <div class='ocr_carea' id='block_1_83' title="bbox 2126 3709 3705 3778">
    <p class='ocr_par' dir='ltr' id='par_1_83' title="bbox 2126 3709 3705 3778">
     <span class='ocr_line' id='line_1_83' title="bbox 2126 3709 3705 3778; baseline 0 -17"><span class='ocrx_word' id='word_1_561' title='bbox 2126 3711 2301 3763; x_wconf 89' lang='lat' dir='ltr'><strong><em>tiades</em></strong></span> <span class='ocrx_word' id='word_1_562' title='bbox 2327 3709 2523 3762; x_wconf 89' lang='lat' dir='ltr'><strong><em>librum</em></strong></span> <span class='ocrx_word' id='word_1_563' title='bbox 2550 3711 2812 3763; x_wconf 82' lang='lat' dir='ltr'><strong><em>adversus</em></strong></span> <span class='ocrx_word' id='word_1_564' title='bbox 2838 3725 2933 3764; x_wconf 90' lang='lat' dir='ltr'><strong><em>eos</em></strong></span> <span class='ocrx_word' id='word_1_565' title='bbox 2963 3709 3185 3778; x_wconf 85' lang='lat' dir='ltr'><strong><em>scripsit</em></strong></span> <span class='ocrx_word' id='word_1_566' title='bbox 3210 3711 3310 3763; x_wconf 92' lang='lat' dir='ltr'><strong><em>hoc</em></strong></span> <span class='ocrx_word' id='word_1_567' title='bbox 3331 3710 3487 3763; x_wconf 89' lang='lat' dir='ltr'><strong><em>titulo</em></strong></span> <span class='ocrx_word' id='word_1_568' title='bbox 3522 3725 3536 3763; x_wconf 93' lang='lat'><strong>:</strong></span> <span class='ocrx_word' id='word_1_569' title='bbox 3561 3709 3705 3777; x_wconf 78' lang='grc' dir='ltr'>Περὶ</span> 
     </span>
    </p>
   </div>
   <div class='ocr_carea' id='block_1_84' title="bbox 2120 3778 3703 3848">
    <p class='ocr_par' dir='ltr' id='par_1_84' title="bbox 2120 3778 3703 3848">
     <span class='ocr_line' id='line_1_84' title="bbox 2120 3778 3703 3848; baseline -0.001 -15"><span class='ocrx_word' id='word_1_570' title='bbox 2120 3780 2227 3833; x_wconf 88' lang='grc' dir='ltr'>τοῦ</span> <span class='ocrx_word' id='word_1_571' title='bbox 2234 3778 2322 3847; x_wconf 79' lang='grc' dir='ltr'>μὴ</span> <span class='ocrx_word' id='word_1_572' title='bbox 2350 3778 2479 3832; x_wconf 84' lang='grc' dir='ltr'>δεῖν</span> <span class='ocrx_word' id='word_1_573' title='bbox 2501 3779 2818 3848; x_wconf 69' lang='grc' dir='ltr'>προφήτην</span> <span class='ocrx_word' id='word_1_574' title='bbox 2843 3778 3458 3833; x_wconf 71' lang='grc' dir='ltr'>ἐνέκστάσειλαλεῖν.</span> <span class='ocrx_word' id='word_1_575' title='bbox 3487 3779 3549 3832; x_wconf 83' lang='lat' dir='ltr'><strong><em>Et</em></strong></span> <span class='ocrx_word' id='word_1_576' title='bbox 3582 3782 3703 3847; x_wconf 76' lang='lat' dir='ltr'><strong><em>Epi-</em></strong></span> 
     </span>
    </p>
   </div>
   <div class='ocr_carea' id='block_1_85' title="bbox 2121 3849 3701 3918">
    <p class='ocr_par' dir='ltr' id='par_1_85' title="bbox 2121 3849 3701 3918">
     <span class='ocr_line' id='line_1_85' title="bbox 2121 3849 3701 3918; baseline 0 -16"><span class='ocrx_word' id='word_1_577' title='bbox 2121 3850 2879 3918; x_wconf 59' lang='lat' dir='ltr'><strong><em>plianiusAdoersusItatresiin</em></strong></span> <span class='ocrx_word' id='word_1_578' title='bbox 2898 3849 3369 3909; x_wconf 76' lang='lat' dir='ltr'><strong><em>Monttutt&#39;sturum,</em></strong></span> <span class='ocrx_word' id='word_1_579' title='bbox 3392 3865 3443 3902; x_wconf 91' lang='lat' dir='ltr'><strong><em>c.</em></strong></span> <span class='ocrx_word' id='word_1_580' title='bbox 3463 3850 3499 3902; x_wconf 75' lang='grc'><strong>2</strong></span> <span class='ocrx_word' id='word_1_581' title='bbox 3522 3869 3533 3901; x_wconf 88' lang='lat'><strong>:</strong></span> <span class='ocrx_word' id='word_1_582' title='bbox 3558 3850 3701 3902; x_wconf 84' lang='grc' dir='ltr'>Ὅσα</span> 
     </span>
    </p>
   </div>
   <div class='ocr_carea' id='block_1_86' title="bbox 2118 3918 3703 3991">
    <p class='ocr_par' dir='ltr' id='par_1_86' title="bbox 2118 3918 3703 3991">
     <span class='ocr_line' id='line_1_86' title="bbox 2118 3918 3703 3991; baseline 0 -19"><span class='ocrx_word' id='word_1_583' title='bbox 2118 3919 2228 3991; x_wconf 71' lang='grc' dir='ltr'><strong><em>γὰρ</em></strong></span> <span class='ocrx_word' id='word_1_584' title='bbox 2249 3922 2296 3972; x_wconf 83' lang='grc' dir='ltr'>οἱ</span> <span class='ocrx_word' id='word_1_585' title='bbox 2314 3919 2589 3991; x_wconf 78' lang='grc' dir='ltr'>προφῆται</span> <span class='ocrx_word' id='word_1_586' title='bbox 2612 3920 2888 3991; x_wconf 75' lang='grc' dir='ltr'>εἰρήκασι,</span> <span class='ocrx_word' id='word_1_587' title='bbox 2910 3918 3047 3990; x_wconf 78' lang='grc' dir='ltr'>μετὰ</span> <span class='ocrx_word' id='word_1_588' title='bbox 3065 3919 3330 3991; x_wconf 76' lang='grc' dir='ltr'>συνέσεῳς</span> <span class='ocrx_word' id='word_1_589' title='bbox 3356 3919 3703 3991; x_wconf 74' lang='grc' dir='ltr'>παρακολου-</span> 
     </span>
    </p>
   </div>
   <div class='ocr_carea' id='block_1_87' title="bbox 2120 3989 3704 4058">
    <p class='ocr_par' dir='ltr' id='par_1_87' title="bbox 2120 3989 3704 4058">
     <span class='ocr_line' id='line_1_87' title="bbox 2120 3989 3704 4058; baseline 0.002 -17"><span class='ocrx_word' id='word_1_590' title='bbox 2120 3989 2681 4058; x_wconf 79' lang='grc' dir='ltr'>θοῦντεςέφθέγγοντο</span> <span class='ocrx_word' id='word_1_591' title='bbox 2701 3989 2789 4044; x_wconf 69' lang='grc' dir='ltr'><strong><em>ἐι</em></strong></span> <span class='ocrx_word' id='word_1_592' title='bbox 2811 4007 2860 4043; x_wconf 88' lang='lat' dir='ltr'><strong><em>c.</em></strong></span> <span class='ocrx_word' id='word_1_593' title='bbox 2886 3989 2920 4043; x_wconf 66' lang='grc'>4</span> <span class='ocrx_word' id='word_1_594' title='bbox 2943 4005 3006 4043; x_wconf 88' lang='lat' dir='ltr'><strong><em>ac</em></strong></span> <span class='ocrx_word' id='word_1_595' title='bbox 3030 3989 3402 4058; x_wconf 78' lang='lat' dir='ltr'><strong><em>Sequentihus,</em></strong></span> <span class='ocrx_word' id='word_1_596' title='bbox 3440 3989 3586 4045; x_wconf 84' lang='lat' dir='ltr'><strong><em>hanc</em></strong></span> <span class='ocrx_word' id='word_1_597' title='bbox 3614 4006 3704 4044; x_wconf 86' lang='lat' dir='ltr'><strong><em>ve-</em></strong></span> 
     </span>
    </p>
   </div>
   <div class='ocr_carea' id='block_1_88' title="bbox 2121 4060 3705 4142">
    <p class='ocr_par' dir='ltr' id='par_1_88' title="bbox 2121 4060 3705 4142">
     <span class='ocr_line' id='line_1_88' title="bbox 2121 4060 3705 4142; baseline -0.001 -29"><span class='ocrx_word' id='word_1_598' title='bbox 2121 4076 2194 4140; x_wconf 71' lang='lat' dir='ltr'><strong><em>ra:</em></strong></span> <span class='ocrx_word' id='word_1_599' title='bbox 2207 4077 2270 4114; x_wconf 89' lang='lat' dir='ltr'><strong><em>ac</em></strong></span> <span class='ocrx_word' id='word_1_600' title='bbox 2286 4062 2583 4140; x_wconf 79' lang='lat' dir='ltr'><strong><em>spiritualis</em></strong></span> <span class='ocrx_word' id='word_1_601' title='bbox 2596 4060 2893 4142; x_wconf 73' lang='lat' dir='ltr'><strong><em>praphetite</em></strong></span> <span class='ocrx_word' id='word_1_602' title='bbox 2908 4062 3270 4141; x_wconf 77' lang='lat' dir='ltr'><strong><em>certissimam</em></strong></span> <span class='ocrx_word' id='word_1_603' title='bbox 3290 4072 3473 4142; x_wconf 66' lang='lat' dir='ltr'><strong><em>notam</em></strong></span> <span class='ocrx_word' id='word_1_604' title='bbox 3491 4061 3705 4142; x_wconf 89' lang='lat' dir='ltr'><strong><em>esse</em></strong></span> 
     </span>
    </p>
   </div>
   <div class='ocr_carea' id='block_1_89' title="bbox 2127 4126 3703 4199">
    <p class='ocr_par' dir='ltr' id='par_1_89' title="bbox 2127 4126 3703 4199">
     <span class='ocr_line' id='line_1_89' title="bbox 2127 4126 3703 4199; baseline -0.001 -15"><span class='ocrx_word' id='word_1_605' title='bbox 2127 4131 2222 4192; x_wconf 90' lang='lat' dir='ltr'><strong><em>cit,</em></strong></span> <span class='ocrx_word' id='word_1_606' title='bbox 2253 4126 2535 4184; x_wconf 26' lang='lat' dir='ltr'><strong><em>utvmentis</em></strong></span> <span class='ocrx_word' id='word_1_607' title='bbox 2560 4126 2671 4183; x_wconf 75' lang='lat' dir='ltr'><strong><em>sita:</em></strong></span> <span class='ocrx_word' id='word_1_608' title='bbox 2697 4126 2986 4199; x_wconf 77' lang='lat' dir='ltr'><strong><em>compotes</em></strong></span> <span class='ocrx_word' id='word_1_609' title='bbox 3012 4131 3142 4193; x_wconf 90' lang='lat' dir='ltr'><strong><em>sint,</em></strong></span> <span class='ocrx_word' id='word_1_610' title='bbox 3178 4131 3266 4198; x_wconf 87' lang='lat' dir='ltr'><strong>qui</strong></span> <span class='ocrx_word' id='word_1_611' title='bbox 3292 4126 3470 4182; x_wconf 82' lang='lat' dir='ltr'><strong><em>futura</em></strong></span> <span class='ocrx_word' id='word_1_612' title='bbox 3503 4129 3703 4199; x_wconf 81' lang='lat' dir='ltr'><strong><em>praedi-</em></strong></span> 
     </span>
    </p>
   </div>
   <div class='ocr_carea' id='block_1_90' title="bbox 2127 4198 3705 4270">
    <p class='ocr_par' dir='ltr' id='par_1_90' title="bbox 2127 4198 3705 4270">
     <span class='ocr_line' id='line_1_90' title="bbox 2127 4198 3705 4270; baseline -0.001 -19"><span class='ocrx_word' id='word_1_613' title='bbox 2127 4210 2279 4270; x_wconf 76' lang='lat' dir='ltr'><strong><em>cunt.</em></strong></span> <span class='ocrx_word' id='word_1_614' title='bbox 2313 4198 2847 4270; x_wconf 80' lang='lat' dir='ltr'><strong><em>Similiter_.loanties</em></strong></span> <span class='ocrx_word' id='word_1_615' title='bbox 2878 4198 3300 4270; x_wconf 82' lang='lat' dir='ltr'><strong><em>Chrysostomus</em></strong></span> <span class='ocrx_word' id='word_1_616' title='bbox 3335 4198 3705 4270; x_wconf 76' lang='lat' dir='ltr'><strong><em>homilia29itt</em></strong></span> 
     </span>
    </p>
   </div>
   <div class='ocr_carea' id='block_1_91' title="bbox 2127 4267 3702 4337">
    <p class='ocr_par' dir='ltr' id='par_1_91' title="bbox 2127 4267 3702 4337">
     <span class='ocr_line' id='line_1_91' title="bbox 2127 4267 3702 4337; baseline -0.001 -16"><span class='ocrx_word' id='word_1_617' title='bbox 2127 4268 2371 4337; x_wconf 80' lang='lat' dir='ltr'><strong><em>Epistola</em></strong></span> <span class='ocrx_word' id='word_1_618' title='bbox 2399 4267 2428 4322; x_wconf 89' lang='grc' dir='ltr'><em>Ι</em></span> <span class='ocrx_word' id='word_1_619' title='bbox 2451 4271 2519 4323; x_wconf 85' lang='lat' dir='ltr'><strong><em>ad</em></strong></span> <span class='ocrx_word' id='word_1_620' title='bbox 2559 4268 2885 4332; x_wconf 80' lang='lat' dir='ltr'><strong><em>Corinthios,</em></strong></span> <span class='ocrx_word' id='word_1_621' title='bbox 2916 4267 3004 4324; x_wconf 83' lang='lat' dir='ltr'><strong><em>ubi</em></strong></span> <span class='ocrx_word' id='word_1_622' title='bbox 3034 4271 3328 4323; x_wconf 87' lang='lat' dir='ltr'><strong><em>discrimen</em></strong></span> <span class='ocrx_word' id='word_1_623' title='bbox 3364 4269 3523 4323; x_wconf 71' lang='lat' dir='ltr'><strong><em>affert</em></strong></span> <span class='ocrx_word' id='word_1_624' title='bbox 3557 4269 3702 4321; x_wconf 86' lang='lat' dir='ltr'><strong><em>inter</em></strong></span> 
     </span>
    </p>
   </div>
   <div class='ocr_carea' id='block_1_92' title="bbox 2126 4338 3701 4410">
    <p class='ocr_par' dir='ltr' id='par_1_92' title="bbox 2126 4338 3701 4410">
     <span class='ocr_line' id='line_1_92' title="bbox 2126 4338 3701 4410; baseline 0 -19"><span class='ocrx_word' id='word_1_625' title='bbox 2126 4342 2517 4394; x_wconf 81' lang='lat' dir='ltr'><strong><em>divinationem</em></strong></span> <span class='ocrx_word' id='word_1_626' title='bbox 2550 4350 2605 4393; x_wconf 92' lang='lat' dir='ltr'><strong><em>ct</em></strong></span> <span class='ocrx_word' id='word_1_627' title='bbox 2633 4340 2993 4410; x_wconf 81' lang='lat' dir='ltr'><strong><em>prephetiam.</em></strong></span> <span class='ocrx_word' id='word_1_628' title='bbox 3025 4338 3137 4394; x_wconf 89' lang='lat' dir='ltr'><strong><em>Hoc</em></strong></span> <span class='ocrx_word' id='word_1_629' title='bbox 3159 4340 3323 4400; x_wconf 84' lang='lat' dir='ltr'><strong><em>enim,</em></strong></span> <span class='ocrx_word' id='word_1_630' title='bbox 3351 4340 3545 4408; x_wconf 86' lang='lat' dir='ltr'><strong><em>inquit,</em></strong></span> <span class='ocrx_word' id='word_1_631' title='bbox 3574 4353 3701 4405; x_wconf 73' lang='lat' dir='ltr'><strong><em>pro-</em></strong></span> 
     </span>
    </p>
   </div>
   <div class='ocr_carea' id='block_1_93' title="bbox 2129 4411 3704 4477">
    <p class='ocr_par' dir='ltr' id='par_1_93' title="bbox 2129 4411 3704 4477">
     <span class='ocr_line' id='line_1_93' title="bbox 2129 4411 3704 4477; baseline 0 -16"><span class='ocrx_word' id='word_1_632' title='bbox 2129 4411 2303 4477; x_wconf 80' lang='lat' dir='ltr'><strong><em>prium</em></strong></span> <span class='ocrx_word' id='word_1_633' title='bbox 2340 4420 2422 4463; x_wconf 89' lang='lat' dir='ltr'><strong><em>est</em></strong></span> <span class='ocrx_word' id='word_1_634' title='bbox 2452 4411 2594 4464; x_wconf 86' lang='lat' dir='ltr'><strong><em>vatis</em></strong></span> <span class='ocrx_word' id='word_1_635' title='bbox 2629 4426 2722 4463; x_wconf 88' lang='lat' dir='ltr'><strong><em>seu</em></strong></span> <span class='ocrx_word' id='word_1_636' title='bbox 2756 4412 3097 4474; x_wconf 85' lang='lat' dir='ltr'><strong><em>divinatoris,</em></strong></span> <span class='ocrx_word' id='word_1_637' title='bbox 3134 4419 3326 4462; x_wconf 72' lang='lat' dir='ltr'><strong><em>empta:</em></strong></span> <span class='ocrx_word' id='word_1_638' title='bbox 3363 4424 3484 4463; x_wconf 86' lang='lat' dir='ltr'><strong><em>esse</em></strong></span> <span class='ocrx_word' id='word_1_639' title='bbox 3541 4423 3704 4461; x_wconf 42' lang='lat' dir='ltr'><strong><em>mena</em></strong></span> 
     </span>
    </p>
   </div>
   <div class='ocr_carea' id='block_1_94' title="bbox 444 4476 3696 4548">
    <p class='ocr_par' dir='ltr' id='par_1_94' title="bbox 444 4476 3696 4548">
     <span class='ocr_line' id='line_1_94' title="bbox 444 4476 3696 4548; baseline 0 -17"><span class='ocrx_word' id='word_1_640' title='bbox 444 4476 541 4545; x_wconf 78' lang='lat' dir='ltr'><strong><em>pro</em></strong></span> <span class='ocrx_word' id='word_1_641' title='bbox 565 4476 850 4545; x_wconf 74' lang='lat' dir='ltr'><strong><em>Alcibiade</em></strong></span> <span class='ocrx_word' id='word_1_642' title='bbox 868 4479 1107 4548; x_wconf 87' lang='lat' dir='ltr'><strong><em>positum</em></strong></span> <span class='ocrx_word' id='word_1_643' title='bbox 1139 4476 1260 4532; x_wconf 89' lang='lat' dir='ltr'><strong><em>esse</em></strong></span> <span class='ocrx_word' id='word_1_644' title='bbox 1281 4478 1714 4539; x_wconf 75' lang='lat' dir='ltr'><strong><em>observavimus.</em></strong></span> <span class='ocrx_word' id='word_1_645' title='bbox 1746 4479 1842 4534; x_wconf 90' lang='lat' dir='ltr'><strong><em>llic</em></strong></span> <span class='ocrx_word' id='word_1_646' title='bbox 1886 4498 2014 4536; x_wconf 82' lang='lat' dir='ltr'><strong><em>con-</em></strong></span> <span class='ocrx_word' id='word_1_647' title='bbox 2047 4476 2091 4530; x_wconf 89' lang='lat' dir='ltr'><strong>D</strong></span> <span class='ocrx_word' id='word_1_648' title='bbox 2124 4476 2229 4543; x_wconf 88' lang='lat' dir='ltr'><strong><em>tis;</em></strong></span> <span class='ocrx_word' id='word_1_649' title='bbox 2263 4480 2386 4548; x_wconf 86' lang='lat' dir='ltr'><strong><em>pelli</em></strong></span> <span class='ocrx_word' id='word_1_650' title='bbox 2414 4498 2429 4546; x_wconf 90' lang='lat'><strong>;</strong></span> <span class='ocrx_word' id='word_1_651' title='bbox 2469 4481 2648 4545; x_wconf 89' lang='lat' dir='ltr'><strong><em>trahi;</em></strong></span> <span class='ocrx_word' id='word_1_652' title='bbox 2687 4481 2890 4548; x_wconf 87' lang='lat' dir='ltr'><strong><em>raptari</em></strong></span> <span class='ocrx_word' id='word_1_653' title='bbox 2930 4490 3182 4546; x_wconf 89' lang='lat' dir='ltr'><strong><em>tanquam</em></strong></span> <span class='ocrx_word' id='word_1_654' title='bbox 3217 4478 3504 4533; x_wconf 78' lang='lat' dir='ltr'><strong><em>furentem.</em></strong></span> <span class='ocrx_word' id='word_1_655' title='bbox 3559 4477 3696 4531; x_wconf 80' lang='lat' dir='ltr'><strong><em>Pro-</em></strong></span> 
     </span>
    </p>
   </div>
   <div class='ocr_carea' id='block_1_95' title="bbox 444 4547 2020 4620">
    <p class='ocr_par' dir='ltr' id='par_1_95' title="bbox 444 4547 2020 4620">
     <span class='ocr_line' id='line_1_95' title="bbox 444 4547 2020 4620; baseline 0.003 -19"><span class='ocrx_word' id='word_1_656' title='bbox 444 4559 549 4609; x_wconf 83' lang='lat' dir='ltr'><strong><em>tra,</em></strong></span> <span class='ocrx_word' id='word_1_657' title='bbox 580 4549 889 4620; x_wconf 68' lang='lat' dir='ltr'><strong><em>Alcibiades</em></strong></span> <span class='ocrx_word' id='word_1_658' title='bbox 912 4547 1332 4620; x_wconf 39' lang='lat' dir='ltr'><strong><em>proubliltiades</em></strong></span> <span class='ocrx_word' id='word_1_659' title='bbox 1387 4549 1630 4619; x_wconf 79' lang='lat' dir='ltr'><strong><em>irrepsit.</em></strong></span> <span class='ocrx_word' id='word_1_660' title='bbox 1671 4551 1831 4604; x_wconf 90' lang='lat' dir='ltr'><strong><em>Certe</em></strong></span> <span class='ocrx_word' id='word_1_661' title='bbox 1861 4552 2020 4620; x_wconf 77' lang='lat' dir='ltr'><strong><em>apud</em></strong></span> 
     </span>
    </p>
   </div>
   <div class='ocr_carea' id='block_1_96' title="bbox 441 4615 2017 4688">
    <p class='ocr_par' dir='ltr' id='par_1_96' title="bbox 441 4615 2017 4688">
     <span class='ocr_line' id='line_1_96' title="bbox 441 4615 2017 4688; baseline 0.003 -17"><span class='ocrx_word' id='word_1_662' title='bbox 441 4620 800 4686; x_wconf 74' lang='lat' dir='ltr'><strong><em>Nicephorum</em></strong></span> <span class='ocrx_word' id='word_1_663' title='bbox 818 4615 1126 4688; x_wconf 3' lang='grc' dir='ltr'>,Μιλτιάδου</span> <span class='ocrx_word' id='word_1_664' title='bbox 1149 4618 1361 4686; x_wconf 70' lang='lat' dir='ltr'><strong><em>legitur,</em></strong></span> <span class='ocrx_word' id='word_1_665' title='bbox 1382 4615 1690 4688; x_wconf 82' lang='lat' dir='ltr'><strong><em>quanquam</em></strong></span> <span class='ocrx_word' id='word_1_666' title='bbox 1733 4637 1830 4674; x_wconf 88' lang='lat' dir='ltr'><strong><em>nec</em></strong></span> <span class='ocrx_word' id='word_1_667' title='bbox 1856 4615 2017 4675; x_wconf 79' lang='lat' dir='ltr'><strong><em>Nice-</em></strong></span> 
     </span>
    </p>
   </div>
   <div class='ocr_carea' id='block_1_97' title="bbox 438 4686 2016 4756">
    <p class='ocr_par' dir='ltr' id='par_1_97' title="bbox 438 4686 2016 4756">
     <span class='ocr_line' id='line_1_97' title="bbox 438 4686 2016 4756; baseline 0.002 -15"><span class='ocrx_word' id='word_1_668' title='bbox 438 4690 658 4756; x_wconf 86' lang='lat' dir='ltr'><strong><em>pltorns,</em></strong></span> <span class='ocrx_word' id='word_1_669' title='bbox 680 4700 777 4739; x_wconf 84' lang='lat' dir='ltr'><strong><em>nec</em></strong></span> <span class='ocrx_word' id='word_1_670' title='bbox 805 4686 1331 4756; x_wconf 80' lang='lat' dir='ltr'><strong><em>Christophorsonns</em></strong></span> <span class='ocrx_word' id='word_1_671' title='bbox 1358 4688 1500 4742; x_wconf 88' lang='lat' dir='ltr'><strong><em>hunc</em></strong></span> <span class='ocrx_word' id='word_1_672' title='bbox 1527 4686 1699 4744; x_wconf 80' lang='lat' dir='ltr'><strong><em>locum</em></strong></span> <span class='ocrx_word' id='word_1_673' title='bbox 1730 4689 2016 4744; x_wconf 82' lang='lat' dir='ltr'><strong><em>intellexit.</em></strong></span> 
     </span>
    </p>
   </div>
   <div class='ocr_carea' id='block_1_98' title="bbox 513 4754 2019 4829">
    <p class='ocr_par' dir='ltr' id='par_1_98' title="bbox 513 4754 2019 4829">
     <span class='ocr_line' id='line_1_98' title="bbox 513 4754 2019 4829; baseline -0.008 -3"><span class='ocrx_word' id='word_1_674' title='bbox 513 4758 624 4829; x_wconf 76' lang='grc' dir='ltr'><strong>(Η)</strong></span> <span class='ocrx_word' id='word_1_675' title='bbox 663 4754 974 4829; x_wconf 57' lang='grc' dir='ltr'><strong><em>Ἂυζςῖῖὅγε</em></strong></span> <span class='ocrx_word' id='word_1_676' title='bbox 1021 4754 1527 4829; x_wconf 59' lang='grc' dir='ltr'>ψεγδοπροφήτης</span> <span class='ocrx_word' id='word_1_677' title='bbox 1567 4761 1638 4815; x_wconf 79' lang='grc' dir='ltr'><strong><em>ἐν</em></strong></span> <span class='ocrx_word' id='word_1_678' title='bbox 1680 4760 2019 4827; x_wconf 57' lang='lat' dir='ltr'><strong><em>acapna-tci-</em></strong></span> 
     </span>
    </p>
   </div>
   <div class='ocr_carea' id='block_1_99' title="bbox 437 4826 2018 4885">
    <p class='ocr_par' dir='ltr' id='par_1_99' title="bbox 437 4826 2018 4885">
     <span class='ocr_line' id='line_1_99' title="bbox 437 4826 2018 4885; baseline 0.001 -3"><span class='ocrx_word' id='word_1_679' title='bbox 437 4826 554 4882; x_wconf 77' lang='grc' dir='ltr'>σει.</span> <span class='ocrx_word' id='word_1_680' title='bbox 583 4828 719 4881; x_wconf 83' lang='lat' dir='ltr'><strong><em>Male</em></strong></span> <span class='ocrx_word' id='word_1_681' title='bbox 751 4826 977 4878; x_wconf 75' lang='lat' dir='ltr'><strong><em>Ruﬁnus</em></strong></span> <span class='ocrx_word' id='word_1_682' title='bbox 1016 4837 1067 4879; x_wconf 90' lang='lat' dir='ltr'><strong><em>et</em></strong></span> <span class='ocrx_word' id='word_1_683' title='bbox 1093 4826 1362 4882; x_wconf 86' lang='lat' dir='ltr'><strong><em>Baronius</em></strong></span> <span class='ocrx_word' id='word_1_684' title='bbox 1407 4826 1520 4884; x_wconf 59' lang='lat' dir='ltr'><strong><em>huic</em></strong></span> <span class='ocrx_word' id='word_1_685' title='bbox 1576 4826 1850 4885; x_wconf 15' lang='lat' dir='ltr'><strong><em>verbaiex</em></strong></span> <span class='ocrx_word' id='word_1_686' title='bbox 1901 4831 2018 4883; x_wconf 73' lang='grc' dir='ltr'><strong><em>Μη-</em></strong></span> 
     </span>
    </p>
   </div>
   <div class='ocr_carea' id='block_1_100' title="bbox 439 4895 2018 4969">
    <p class='ocr_par' dir='ltr' id='par_1_100' title="bbox 439 4895 2018 4969">
     <span class='ocr_line' id='line_1_100' title="bbox 439 4895 2018 4969; baseline 0.003 -18"><span class='ocrx_word' id='word_1_687' title='bbox 439 4899 601 4951; x_wconf 86' lang='lat' dir='ltr'><strong><em>tiadis</em></strong></span> <span class='ocrx_word' id='word_1_688' title='bbox 652 4897 788 4969; x_wconf 80' lang='lat' dir='ltr'><strong><em>libro</em></strong></span> <span class='ocrx_word' id='word_1_689' title='bbox 835 4895 1117 4969; x_wconf 86' lang='lat' dir='ltr'><strong><em>desumpta</em></strong></span> <span class='ocrx_word' id='word_1_690' title='bbox 1177 4912 1302 4952; x_wconf 83' lang='lat' dir='ltr'><strong><em>esse</em></strong></span> <span class='ocrx_word' id='word_1_691' title='bbox 1372 4899 1776 4953; x_wconf 77' lang='lat' dir='ltr'><strong><em>existimarunt.</em></strong></span> <span class='ocrx_word' id='word_1_692' title='bbox 1827 4899 2018 4969; x_wconf 85' lang='lat' dir='ltr'><strong><em>Neque</em></strong></span> 
     </span>
    </p>
   </div>
   <div class='ocr_carea' id='block_1_101' title="bbox 437 4965 2012 5039">
    <p class='ocr_par' dir='ltr' id='par_1_101' title="bbox 437 4965 2012 5039">
     <span class='ocr_line' id='line_1_101' title="bbox 437 4965 2012 5039; baseline 0.004 -20"><span class='ocrx_word' id='word_1_693' title='bbox 437 4970 580 5039; x_wconf 73' lang='lat' dir='ltr'><strong><em>enim</em></strong></span> <span class='ocrx_word' id='word_1_694' title='bbox 631 4967 718 5019; x_wconf 89' lang='lat' dir='ltr'><strong><em>hic</em></strong></span> <span class='ocrx_word' id='word_1_695' title='bbox 754 4965 1128 5039; x_wconf 76' lang='lat' dir='ltr'><strong><em>innontinatus</em></strong></span> <span class='ocrx_word' id='word_1_696' title='bbox 1174 4976 1365 5021; x_wconf 87' lang='lat' dir='ltr'><strong><em>auctor</em></strong></span> <span class='ocrx_word' id='word_1_697' title='bbox 1405 4971 1702 5039; x_wconf 86' lang='lat' dir='ltr'><strong><em>quidquam</em></strong></span> <span class='ocrx_word' id='word_1_698' title='bbox 1761 4972 1898 5025; x_wconf 87' lang='lat' dir='ltr'><strong><em>citat</em></strong></span> <span class='ocrx_word' id='word_1_699' title='bbox 1929 4965 2012 5025; x_wconf 62' lang='lat' dir='ltr'><strong><em>cx</em></strong></span> 
     </span>
    </p>
   </div>
   <div class='ocr_carea' id='block_1_102' title="bbox 437 5035 2014 5108">
    <p class='ocr_par' dir='ltr' id='par_1_102' title="bbox 437 5035 2014 5108">
     <span class='ocr_line' id='line_1_102' title="bbox 437 5035 2014 5108; baseline 0.003 -17"><span class='ocrx_word' id='word_1_700' title='bbox 437 5036 695 5091; x_wconf 79' lang='lat' dir='ltr'><strong><em>Miltiadis</em></strong></span> <span class='ocrx_word' id='word_1_701' title='bbox 752 5035 891 5088; x_wconf 88' lang='lat' dir='ltr'><strong><em>libro</em></strong></span> <span class='ocrx_word' id='word_1_702' title='bbox 915 5073 941 5108; x_wconf 88' lang='lat'><strong><em>_,</em></strong></span> <span class='ocrx_word' id='word_1_703' title='bbox 994 5036 1087 5088; x_wconf 92' lang='lat' dir='ltr'><strong><em>sed</em></strong></span> <span class='ocrx_word' id='word_1_704' title='bbox 1134 5046 1454 5108; x_wconf 72' lang='lat' dir='ltr'><strong><em>tantumex</em></strong></span> <span class='ocrx_word' id='word_1_705' title='bbox 1513 5035 1865 5108; x_wconf 80' lang='lat' dir='ltr'><strong><em>responsione</em></strong></span> <span class='ocrx_word' id='word_1_706' title='bbox 1912 5041 2014 5095; x_wconf 89' lang='lat' dir='ltr'><strong><em>Ca-</em></strong></span> 
     </span>
    </p>
   </div>
   <div class='ocr_carea' id='block_1_103' title="bbox 438 5104 2010 5178">
    <p class='ocr_par' dir='ltr' id='par_1_103' title="bbox 438 5104 2010 5178">
     <span class='ocr_line' id='line_1_103' title="bbox 438 5104 2010 5178; baseline 0.003 -17"><span class='ocrx_word' id='word_1_707' title='bbox 438 5108 826 5178; x_wconf 74' lang='lat' dir='ltr'><strong><em>ltlplll&#39;ygal‘lltll</em></strong></span> <span class='ocrx_word' id='word_1_708' title='bbox 862 5104 1123 5178; x_wconf 84' lang='lat' dir='ltr'><strong><em>adversus</em></strong></span> <span class='ocrx_word' id='word_1_709' title='bbox 1148 5105 1405 5178; x_wconf 82' lang='lat' dir='ltr'><strong><em>Miltiadis</em></strong></span> <span class='ocrx_word' id='word_1_710' title='bbox 1441 5104 1675 5173; x_wconf 88' lang='lat' dir='ltr'><strong><em>librum;</em></strong></span> <span class='ocrx_word' id='word_1_711' title='bbox 1708 5112 1849 5176; x_wconf 87' lang='lat' dir='ltr'><strong><em>quod</em></strong></span> <span class='ocrx_word' id='word_1_712' title='bbox 1902 5128 2010 5166; x_wconf 89' lang='lat' dir='ltr'><strong><em>non</em></strong></span> 
     </span>
    </p>
   </div>
   <div class='ocr_carea' id='block_1_104' title="bbox 439 5174 2011 5247">
    <p class='ocr_par' dir='ltr' id='par_1_104' title="bbox 439 5174 2011 5247">
     <span class='ocr_line' id='line_1_104' title="bbox 439 5174 2011 5247; baseline 0.004 -19"><span class='ocrx_word' id='word_1_713' title='bbox 439 5174 935 5231; x_wconf 77' lang='lat' dir='ltr'><strong><em>animadverterunt</em></strong></span> <span class='ocrx_word' id='word_1_714' title='bbox 966 5174 1310 5243; x_wconf 87' lang='lat' dir='ltr'><strong><em>interpretes.</em></strong></span> <span class='ocrx_word' id='word_1_715' title='bbox 1341 5177 1433 5232; x_wconf 85' lang='lat' dir='ltr'><strong><em>Est</em></strong></span> <span class='ocrx_word' id='word_1_716' title='bbox 1477 5193 1658 5234; x_wconf 87' lang='lat' dir='ltr'><strong><em>autem</em></strong></span> <span class='ocrx_word' id='word_1_717' title='bbox 1711 5174 1800 5233; x_wconf 89' lang='lat' dir='ltr'><strong><em>hic</em></strong></span> <span class='ocrx_word' id='word_1_718' title='bbox 1851 5182 2011 5247; x_wconf 80' lang='lat' dir='ltr'><strong><em>hujus</em></strong></span> 
     </span>
    </p>
   </div>
   <div class='ocr_carea' id='block_1_105' title="bbox 438 5248 2011 5311">
    <p class='ocr_par' dir='ltr' id='par_1_105' title="bbox 438 5248 2011 5311">
     <span class='ocr_line' id='line_1_105' title="bbox 438 5248 2011 5311; baseline 0.005 -13"><span class='ocrx_word' id='word_1_719' title='bbox 438 5248 537 5301; x_wconf 85' lang='lat' dir='ltr'><strong><em>loci</em></strong></span> <span class='ocrx_word' id='word_1_720' title='bbox 585 5262 800 5304; x_wconf 84' lang='lat' dir='ltr'><strong><em>sensus.</em></strong></span> <span class='ocrx_word' id='word_1_721' title='bbox 834 5252 1089 5311; x_wconf 76' lang='lat' dir='ltr'><strong><em>magnum</em></strong></span> <span class='ocrx_word' id='word_1_722' title='bbox 1142 5261 1265 5301; x_wconf 82' lang='lat' dir='ltr'><strong><em>esse</em></strong></span> <span class='ocrx_word' id='word_1_723' title='bbox 1315 5248 1608 5302; x_wconf 82' lang='lat' dir='ltr'><strong><em>discrimen</em></strong></span> <span class='ocrx_word' id='word_1_724' title='bbox 1660 5250 1801 5304; x_wconf 88' lang='lat' dir='ltr'><strong><em>inter</em></strong></span> <span class='ocrx_word' id='word_1_725' title='bbox 1851 5266 2011 5306; x_wconf 80' lang='lat' dir='ltr'><strong><em>veros</em></strong></span> 
     </span>
    </p>
   </div>
   <div class='ocr_carea' id='block_1_106' title="bbox 437 5313 2012 5389">
    <p class='ocr_par' dir='ltr' id='par_1_106' title="bbox 437 5313 2012 5389">
     <span class='ocr_line' id='line_1_106' title="bbox 437 5313 2012 5389; baseline 0.004 -23"><span class='ocrx_word' id='word_1_726' title='bbox 437 5317 732 5389; x_wconf 79' lang='lat' dir='ltr'><strong><em>prophetas</em></strong></span> <span class='ocrx_word' id='word_1_727' title='bbox 761 5323 815 5389; x_wconf 80' lang='lat' dir='ltr'><strong><em>et</em></strong></span> <span class='ocrx_word' id='word_1_728' title='bbox 845 5313 1031 5389; x_wconf 78' lang='lat' dir='ltr'><strong><em>falsos.</em></strong></span> <span class='ocrx_word' id='word_1_729' title='bbox 1062 5315 1188 5369; x_wconf 76' lang='lat' dir='ltr'><strong><em>Veri</em></strong></span> <span class='ocrx_word' id='word_1_730' title='bbox 1224 5317 1366 5389; x_wconf 82' lang='lat' dir='ltr'><strong><em>enim</em></strong></span> <span class='ocrx_word' id='word_1_731' title='bbox 1396 5320 1693 5385; x_wconf 71' lang='lat' dir='ltr'><strong><em>prophetm,</em></strong></span> <span class='ocrx_word' id='word_1_732' title='bbox 1750 5322 1840 5389; x_wconf 92' lang='lat' dir='ltr'><strong><em>qui</em></strong></span> <span class='ocrx_word' id='word_1_733' title='bbox 1894 5322 2012 5389; x_wconf 82' lang='lat' dir='ltr'><strong><em>Spi-</em></strong></span> 
     </span>
    </p>
   </div>
   <div class='ocr_carea' id='block_1_107' title="bbox 440 5384 2010 5457">
    <p class='ocr_par' dir='ltr' id='par_1_107' title="bbox 440 5384 2010 5457">
     <span class='ocr_line' id='line_1_107' title="bbox 440 5384 2010 5457; baseline 0.005 -19"><span class='ocrx_word' id='word_1_734' title='bbox 440 5388 541 5440; x_wconf 89' lang='lat' dir='ltr'><strong><em>ritu</em></strong></span> <span class='ocrx_word' id='word_1_735' title='bbox 573 5384 885 5457; x_wconf 26' lang='lat' dir='ltr'><strong><em>Dei‘repleti</em></strong></span> <span class='ocrx_word' id='word_1_736' title='bbox 926 5395 1109 5457; x_wconf 67' lang='lat' dir='ltr'><strong><em>erant,</em></strong></span> <span class='ocrx_word' id='word_1_737' title='bbox 1150 5387 1334 5454; x_wconf 90' lang='lat' dir='ltr'><strong><em>quieto</em></strong></span> <span class='ocrx_word' id='word_1_738' title='bbox 1360 5384 1424 5442; x_wconf 87' lang='lat' dir='ltr'><strong><em>ac</em></strong></span> <span class='ocrx_word' id='word_1_739' title='bbox 1484 5384 1783 5457; x_wconf 80' lang='lat' dir='ltr'><strong><em>tranquillo</em></strong></span> <span class='ocrx_word' id='word_1_740' title='bbox 1827 5384 2010 5446; x_wconf 79' lang='lat' dir='ltr'><strong><em>animo</em></strong></span> 
     </span>
    </p>
   </div>
   <div class='ocr_carea' id='block_1_108' title="bbox 436 5455 2007 5527">
    <p class='ocr_par' dir='ltr' id='par_1_108' title="bbox 436 5455 2007 5527">
     <span class='ocr_line' id='line_1_108' title="bbox 436 5455 2007 5527; baseline 0.006 -22"><span class='ocrx_word' id='word_1_741' title='bbox 436 5455 802 5527; x_wconf 72' lang='lat' dir='ltr'><strong><em>prmdicehant</em></strong></span> <span class='ocrx_word' id='word_1_742' title='bbox 827 5455 1028 5508; x_wconf 81' lang='lat' dir='ltr'><strong><em>futura.</em></strong></span> <span class='ocrx_word' id='word_1_743' title='bbox 1078 5455 1588 5527; x_wconf 76' lang='lat' dir='ltr'><strong><em>_Pseudoprophet:e</em></strong></span> <span class='ocrx_word' id='word_1_744' title='bbox 1628 5455 1791 5522; x_wconf 32' lang='lat' dir='ltr'><strong><em>’vero,</em></strong></span> <span class='ocrx_word' id='word_1_745' title='bbox 1824 5462 2007 5527; x_wconf 85' lang='lat' dir='ltr'><strong><em>qualis</em></strong></span> 
     </span>
    </p>
   </div>
   <div class='ocr_carea' id='block_1_109' title="bbox 433 5525 2001 5595">
    <p class='ocr_par' dir='ltr' id='par_1_109' title="bbox 433 5525 2001 5595">
     <span class='ocr_line' id='line_1_109' title="bbox 433 5525 2001 5595; baseline 0.006 -20"><span class='ocrx_word' id='word_1_746' title='bbox 433 5537 554 5578; x_wconf 57' lang='lat' dir='ltr'><strong><em>erat</em></strong></span> <span class='ocrx_word' id='word_1_747' title='bbox 584 5525 1041 5595; x_wconf 10' lang='lat' dir='ltr'><strong><em>Mantanns.’cum</em></strong></span> <span class='ocrx_word' id='word_1_748' title='bbox 1070 5525 1255 5579; x_wconf 80' lang='lat' dir='ltr'><strong><em>furore</em></strong></span> <span class='ocrx_word' id='word_1_749' title='bbox 1279 5536 1333 5579; x_wconf 87' lang='lat' dir='ltr'><strong><em>et</em></strong></span> <span class='ocrx_word' id='word_1_750' title='bbox 1362 5528 1569 5579; x_wconf 86' lang='lat' dir='ltr'><strong><em>insania</em></strong></span> <span class='ocrx_word' id='word_1_751' title='bbox 1622 5525 2001 5595; x_wconf 78' lang='lat' dir='ltr'><strong><em>loquebantur.</em></strong></span> 
     </span>
    </p>
   </div>
   <div class='ocr_carea' id='block_1_110' title="bbox 434 5593 2007 5663">
    <p class='ocr_par' dir='ltr' id='par_1_110' title="bbox 434 5593 2007 5663">
     <span class='ocr_line' id='line_1_110' title="bbox 434 5593 2007 5663; baseline 0.003 -14"><span class='ocrx_word' id='word_1_752' title='bbox 434 5597 593 5650; x_wconf 87' lang='lat' dir='ltr'><strong><em>Certe</em></strong></span> <span class='ocrx_word' id='word_1_753' title='bbox 643 5593 905 5649; x_wconf 78' lang='lat' dir='ltr'><strong><em>Catholici</em></strong></span> <span class='ocrx_word' id='word_1_754' title='bbox 956 5594 1058 5647; x_wconf 89' lang='lat' dir='ltr'><strong><em>hoc</em></strong></span> <span class='ocrx_word' id='word_1_755' title='bbox 1133 5596 1402 5662; x_wconf 69' lang='lat' dir='ltr'><strong><em>praecipue</em></strong></span> <span class='ocrx_word' id='word_1_756' title='bbox 1471 5593 1803 5663; x_wconf 81' lang='lat' dir='ltr'><strong><em>objiciebant</em></strong></span> <span class='ocrx_word' id='word_1_757' title='bbox 1855 5600 2007 5654; x_wconf 85' lang='lat' dir='ltr'><strong><em>Mon-</em></strong></span> 
     </span>
    </p>
   </div>
   <div class='ocr_carea' id='block_1_111' title="bbox 437 5665 2003 5735">
    <p class='ocr_par' dir='ltr' id='par_1_111' title="bbox 437 5665 2003 5735">
     <span class='ocr_line' id='line_1_111' title="bbox 437 5665 2003 5735; baseline 0.003 -18"><span class='ocrx_word' id='word_1_758' title='bbox 437 5665 675 5726; x_wconf 86' lang='lat' dir='ltr'><strong><em>tanistis,</em></strong></span> <span class='ocrx_word' id='word_1_759' title='bbox 703 5665 799 5735; x_wconf 86' lang='lat' dir='ltr'><strong>qui</strong></span> <span class='ocrx_word' id='word_1_760' title='bbox 825 5678 885 5718; x_wconf 85' lang='lat' dir='ltr'><strong><em>se</em></strong></span> <span class='ocrx_word' id='word_1_761' title='bbox 907 5666 1223 5733; x_wconf 87' lang='lat' dir='ltr'><strong><em>prophetico</em></strong></span> <span class='ocrx_word' id='word_1_762' title='bbox 1245 5668 1439 5734; x_wconf 87' lang='lat' dir='ltr'><strong><em>spiritu</em></strong></span> <span class='ocrx_word' id='word_1_763' title='bbox 1464 5666 1653 5734; x_wconf 87' lang='lat' dir='ltr'><strong><em>plenos</em></strong></span> <span class='ocrx_word' id='word_1_764' title='bbox 1680 5683 1801 5721; x_wconf 86' lang='lat' dir='ltr'><strong><em>esse</em></strong></span> <span class='ocrx_word' id='word_1_765' title='bbox 1823 5668 2003 5735; x_wconf 86' lang='lat' dir='ltr'><strong><em>jacta-</em></strong></span> 
     </span>
    </p>
   </div>
   <div class='ocr_carea' id='block_1_112' title="bbox 436 5734 2006 5805">
    <p class='ocr_par' dir='ltr' id='par_1_112' title="bbox 436 5734 2006 5805">
     <span class='ocr_line' id='line_1_112' title="bbox 436 5734 2006 5805; baseline 0.004 -18"><span class='ocrx_word' id='word_1_766' title='bbox 436 5735 584 5802; x_wconf 84' lang='lat' dir='ltr'><strong><em>bant,</em></strong></span> <span class='ocrx_word' id='word_1_767' title='bbox 617 5735 760 5804; x_wconf 88' lang='lat' dir='ltr'><strong><em>quod</em></strong></span> <span class='ocrx_word' id='word_1_768' title='bbox 789 5734 848 5787; x_wconf 87' lang='lat' dir='ltr'><strong><em>in</em></strong></span> <span class='ocrx_word' id='word_1_769' title='bbox 874 5736 1076 5790; x_wconf 80' lang='lat' dir='ltr'><strong><em>exstasi</em></strong></span> <span class='ocrx_word' id='word_1_770' title='bbox 1112 5736 1523 5805; x_wconf 83' lang='lat' dir='ltr'><strong><em>prophetarent,</em></strong></span> <span class='ocrx_word' id='word_1_771' title='bbox 1552 5751 1674 5790; x_wconf 89' lang='lat' dir='ltr'><strong><em>cum</em></strong></span> <span class='ocrx_word' id='word_1_772' title='bbox 1706 5734 1883 5792; x_wconf 78' lang='lat' dir='ltr'><strong><em>tamen</em></strong></span> <span class='ocrx_word' id='word_1_773' title='bbox 1907 5754 2006 5794; x_wconf 88' lang='lat' dir='ltr'><strong><em>nec</em></strong></span> 
     </span>
    </p>
   </div>
   <div class='ocr_carea' id='block_1_113' title="bbox 2127 4549 3698 4617">
    <p class='ocr_par' dir='ltr' id='par_1_113' title="bbox 2127 4549 3698 4617">
     <span class='ocr_line' id='line_1_113' title="bbox 2127 4549 3698 4617; baseline -0.003 -15"><span class='ocrx_word' id='word_1_774' title='bbox 2127 4552 2288 4617; x_wconf 87' lang='lat' dir='ltr'><strong><em>pheta</em></strong></span> <span class='ocrx_word' id='word_1_775' title='bbox 2313 4565 2440 4605; x_wconf 82' lang='lat' dir='ltr'><strong><em>vero</em></strong></span> <span class='ocrx_word' id='word_1_776' title='bbox 2470 4566 2578 4604; x_wconf 90' lang='lat' dir='ltr'><strong><em>non</em></strong></span> <span class='ocrx_word' id='word_1_777' title='bbox 2607 4552 2679 4604; x_wconf 87' lang='lat' dir='ltr'><strong><em>ita</em></strong></span> <span class='ocrx_word' id='word_1_778' title='bbox 2708 4568 2721 4603; x_wconf 94' lang='lat'><strong>:</strong></span> <span class='ocrx_word' id='word_1_779' title='bbox 2751 4553 2843 4603; x_wconf 89' lang='lat' dir='ltr'><strong><em>sed</em></strong></span> <span class='ocrx_word' id='word_1_780' title='bbox 2876 4559 3056 4602; x_wconf 85' lang='lat' dir='ltr'><strong><em>mente</em></strong></span> <span class='ocrx_word' id='word_1_781' title='bbox 3081 4549 3285 4613; x_wconf 87' lang='lat' dir='ltr'><strong><em>sobria,</em></strong></span> <span class='ocrx_word' id='word_1_782' title='bbox 3309 4560 3364 4603; x_wconf 90' lang='lat' dir='ltr'><strong><em>et</em></strong></span> <span class='ocrx_word' id='word_1_783' title='bbox 3406 4564 3530 4601; x_wconf 89' lang='lat' dir='ltr'><strong><em>cum</em></strong></span> <span class='ocrx_word' id='word_1_784' title='bbox 3577 4563 3698 4601; x_wconf 83' lang='lat' dir='ltr'><strong><em>mo-</em></strong></span> 
     </span>
    </p>
   </div>
   <div class='ocr_carea' id='block_1_114' title="bbox 2123 4618 3697 4688">
    <p class='ocr_par' dir='ltr' id='par_1_114' title="bbox 2123 4618 3697 4688">
     <span class='ocr_line' id='line_1_114' title="bbox 2123 4618 3697 4688; baseline 0 -16"><span class='ocrx_word' id='word_1_785' title='bbox 2123 4625 2273 4673; x_wconf 86' lang='lat' dir='ltr'><strong><em>desta</em></strong></span> <span class='ocrx_word' id='word_1_786' title='bbox 2302 4636 2368 4674; x_wconf 90' lang='lat' dir='ltr'><strong><em>ac</em></strong></span> <span class='ocrx_word' id='word_1_787' title='bbox 2415 4629 2718 4688; x_wconf 83' lang='lat' dir='ltr'><strong><em>temperata</em></strong></span> <span class='ocrx_word' id='word_1_788' title='bbox 2773 4619 2939 4672; x_wconf 89' lang='lat' dir='ltr'><strong><em>animi</em></strong></span> <span class='ocrx_word' id='word_1_789' title='bbox 2996 4618 3419 4684; x_wconf 82' lang='lat' dir='ltr'><strong><em>constitutione;</em></strong></span> <span class='ocrx_word' id='word_1_790' title='bbox 3474 4627 3527 4672; x_wconf 90' lang='lat' dir='ltr'><strong><em>et</em></strong></span> <span class='ocrx_word' id='word_1_791' title='bbox 3577 4634 3697 4685; x_wconf 70' lang='lat' dir='ltr'><strong><em>qua:</em></strong></span> 
     </span>
    </p>
   </div>
   <div class='ocr_carea' id='block_1_115' title="bbox 2122 4688 3697 4759">
    <p class='ocr_par' dir='ltr' id='par_1_115' title="bbox 2122 4688 3697 4759">
     <span class='ocr_line' id='line_1_115' title="bbox 2122 4688 3697 4759; baseline 0 -17"><span class='ocrx_word' id='word_1_792' title='bbox 2122 4690 2387 4759; x_wconf 87' lang='lat' dir='ltr'><strong><em>loquitur,</em></strong></span> <span class='ocrx_word' id='word_1_793' title='bbox 2419 4691 2727 4759; x_wconf 71' lang='lat' dir='ltr'><strong><em>intelligens</em></strong></span> <span class='ocrx_word' id='word_1_794' title='bbox 2757 4689 2891 4759; x_wconf 87' lang='lat' dir='ltr'><strong><em>dicit</em></strong></span> <span class='ocrx_word' id='word_1_795' title='bbox 2916 4690 3151 4759; x_wconf 69' lang='lat' dir='ltr'><strong><em>omnia.</em></strong></span> <span class='ocrx_word' id='word_1_796' title='bbox 3184 4688 3278 4741; x_wconf 88' lang='lat' dir='ltr'><strong><em>llis</em></strong></span> <span class='ocrx_word' id='word_1_797' title='bbox 3319 4690 3473 4759; x_wconf 69' lang='lat' dir='ltr'><strong><em>adde</em></strong></span> <span class='ocrx_word' id='word_1_798' title='bbox 3506 4689 3697 4742; x_wconf 83' lang='lat' dir='ltr'><strong><em>Hiero-</em></strong></span> 
     </span>
    </p>
   </div>
   <div class='ocr_carea' id='block_1_116' title="bbox 2122 4757 3693 4830">
    <p class='ocr_par' dir='ltr' id='par_1_116' title="bbox 2122 4757 3693 4830">
     <span class='ocr_line' id='line_1_116' title="bbox 2122 4757 3693 4830; baseline 0 -18"><span class='ocrx_word' id='word_1_799' title='bbox 2122 4757 2343 4830; x_wconf 77' lang='lat' dir='ltr'><strong><em>nymum</em></strong></span> <span class='ocrx_word' id='word_1_800' title='bbox 2369 4762 2419 4812; x_wconf 93' lang='lat' dir='ltr'><strong><em>in</em></strong></span> <span class='ocrx_word' id='word_1_801' title='bbox 2450 4757 2776 4828; x_wconf 69' lang='lat' dir='ltr'><strong><em>Pra’ﬁitione</em></strong></span> <span class='ocrx_word' id='word_1_802' title='bbox 2799 4757 3383 4830; x_wconf 55' lang='lat' dir='ltr'><strong><em>commentariorumjn</em></strong></span> <span class='ocrx_word' id='word_1_803' title='bbox 3422 4757 3642 4811; x_wconf 81' lang='lat' dir='ltr'><strong><em>Nalmm</em></strong></span> <span class='ocrx_word' id='word_1_804' title='bbox 3672 4775 3693 4813; x_wconf 91' lang='lat'><strong><em>:</em></strong></span> 
     </span>
    </p>
   </div>
   <div class='ocr_carea' id='block_1_117' title="bbox 2122 4827 3691 4899">
    <p class='ocr_par' dir='ltr' id='par_1_117' title="bbox 2122 4827 3691 4899">
     <span class='ocr_line' id='line_1_117' title="bbox 2122 4827 3691 4899; baseline 0 -17"><span class='ocrx_word' id='word_1_805' title='bbox 2122 4827 2248 4899; x_wconf 59' lang='lat' dir='ltr'><strong><em>Non</em></strong></span> <span class='ocrx_word' id='word_1_806' title='bbox 2284 4832 2421 4899; x_wconf 82' lang='lat' dir='ltr'><strong><em>enim</em></strong></span> <span class='ocrx_word' id='word_1_807' title='bbox 2473 4830 2709 4899; x_wconf 84' lang='lat' dir='ltr'><strong><em>loquitur</em></strong></span> <span class='ocrx_word' id='word_1_808' title='bbox 2747 4830 2799 4880; x_wconf 88' lang='lat' dir='ltr'><strong><em>iu</em></strong></span> <span class='ocrx_word' id='word_1_809' title='bbox 2846 4827 3125 4899; x_wconf 77' lang='grc' dir='ltr'>ἐκστάσει,</span> <span class='ocrx_word' id='word_1_810' title='bbox 3162 4839 3231 4899; x_wconf 9' lang='lat' dir='ltr'><strong><em>rut</em></strong></span> <span class='ocrx_word' id='word_1_811' title='bbox 3299 4827 3579 4899; x_wconf 78' lang='lat' dir='ltr'><strong><em>Montanus</em></strong></span> <span class='ocrx_word' id='word_1_812' title='bbox 3642 4840 3691 4882; x_wconf 84' lang='lat' dir='ltr'><strong><em>et</em></strong></span> 
     </span>
    </p>
   </div>
   <div class='ocr_carea' id='block_1_118' title="bbox 2120 4898 3691 4968">
    <p class='ocr_par' dir='ltr' id='par_1_118' title="bbox 2120 4898 3691 4968">
     <span class='ocr_line' id='line_1_118' title="bbox 2120 4898 3691 4968; baseline 0.001 -17"><span class='ocrx_word' id='word_1_813' title='bbox 2120 4898 2309 4953; x_wconf 77' lang='lat' dir='ltr'><strong><em>Prisca</em></strong></span> <span class='ocrx_word' id='word_1_814' title='bbox 2341 4898 2743 4965; x_wconf 63' lang='lat' dir='ltr'><strong><em>Maximi/latine</em></strong></span> <span class='ocrx_word' id='word_1_815' title='bbox 2769 4898 2999 4951; x_wconf 78' lang='lat' dir='ltr'><strong><em>delirant</em></strong></span> <span class='ocrx_word' id='word_1_816' title='bbox 3028 4912 3047 4952; x_wconf 89' lang='lat'><strong><em>:</em></strong></span> <span class='ocrx_word' id='word_1_817' title='bbox 3078 4898 3168 4951; x_wconf 78' lang='lat' dir='ltr'><strong><em>sed</em></strong></span> <span class='ocrx_word' id='word_1_818' title='bbox 3197 4899 3335 4968; x_wconf 81' lang='lat' dir='ltr'><strong><em>quod</em></strong></span> <span class='ocrx_word' id='word_1_819' title='bbox 3366 4898 3644 4967; x_wconf 72' lang='lat' dir='ltr'><strong><em>prophetat</em></strong></span> <span class='ocrx_word' id='word_1_820' title='bbox 3671 4939 3691 4965; x_wconf 87' lang='lat'><strong><em>,</em></strong></span> 
     </span>
    </p>
   </div>
   <div class='ocr_carea' id='block_1_119' title="bbox 2117 4968 3690 5037">
    <p class='ocr_par' dir='ltr' id='par_1_119' title="bbox 2117 4968 3690 5037">
     <span class='ocr_line' id='line_1_119' title="bbox 2117 4968 3690 5037; baseline 0.003 -18"><span class='ocrx_word' id='word_1_821' title='bbox 2117 4969 2247 5022; x_wconf 72' lang='lat' dir='ltr'><strong><em>liber</em></strong></span> <span class='ocrx_word' id='word_1_822' title='bbox 2281 4980 2355 5022; x_wconf 79' lang='lat' dir='ltr'><strong><em>est</em></strong></span> <span class='ocrx_word' id='word_1_823' title='bbox 2379 4970 2593 5023; x_wconf 79' lang='lat' dir='ltr'><strong><em>visionis</em></strong></span> <span class='ocrx_word' id='word_1_824' title='bbox 2640 4968 2977 5037; x_wconf 68' lang='lat' dir='ltr'><strong><em>intelligentia</em></strong></span> <span class='ocrx_word' id='word_1_825' title='bbox 3011 4970 3249 5022; x_wconf 82' lang='lat' dir='ltr'><strong><em>universa</em></strong></span> <span class='ocrx_word' id='word_1_826' title='bbox 3276 4985 3392 5037; x_wconf 80' lang='lat' dir='ltr'><strong><em>qua:</em></strong></span> <span class='ocrx_word' id='word_1_827' title='bbox 3435 4969 3690 5037; x_wconf 74' lang='lat' dir='ltr'><strong><em>loquitur.</em></strong></span> 
     </span>
    </p>
   </div>
   <div class='ocr_carea' id='block_1_120' title="bbox 2116 5038 3689 5111">
    <p class='ocr_par' dir='ltr' id='par_1_120' title="bbox 2116 5038 3689 5111">
     <span class='ocr_line' id='line_1_120' title="bbox 2116 5038 3689 5111; baseline 0 -21"><span class='ocrx_word' id='word_1_828' title='bbox 2116 5038 2288 5093; x_wconf 84' lang='lat' dir='ltr'><strong><em>Porro</em></strong></span> <span class='ocrx_word' id='word_1_829' title='bbox 2311 5040 2606 5094; x_wconf 88' lang='lat' dir='ltr'><strong><em>notandum</em></strong></span> <span class='ocrx_word' id='word_1_830' title='bbox 2668 5048 2753 5092; x_wconf 84' lang='lat' dir='ltr'><strong><em>est</em></strong></span> <span class='ocrx_word' id='word_1_831' title='bbox 2803 5041 2946 5111; x_wconf 82' lang='lat' dir='ltr'><strong><em>hunc</em></strong></span> <span class='ocrx_word' id='word_1_832' title='bbox 2985 5038 3689 5111; x_wconf 69' lang='lat' dir='ltr'><strong><em>anonymunt__scriptorem</em></strong></span> 
     </span>
    </p>
   </div>
   <div class='ocr_carea' id='block_1_121' title="bbox 2117 5108 3693 5178">
    <p class='ocr_par' dir='ltr' id='par_1_121' title="bbox 2117 5108 3693 5178">
     <span class='ocr_line' id='line_1_121' title="bbox 2117 5108 3693 5178; baseline 0.001 -17"><span class='ocrx_word' id='word_1_833' title='bbox 2117 5125 2394 5178; x_wconf 87' lang='lat' dir='ltr'><strong><em>nunquam</em></strong></span> <span class='ocrx_word' id='word_1_834' title='bbox 2458 5120 2704 5163; x_wconf 79' lang='lat' dir='ltr'><strong><em>exstaSes</em></strong></span> <span class='ocrx_word' id='word_1_835' title='bbox 2756 5108 3028 5176; x_wconf 80' lang='lat' dir='ltr'><strong><em>appellare</em></strong></span> <span class='ocrx_word' id='word_1_836' title='bbox 3090 5108 3259 5162; x_wconf 78' lang='lat' dir='ltr'><strong><em>vanos</em></strong></span> <span class='ocrx_word' id='word_1_837' title='bbox 3313 5108 3435 5163; x_wconf 86' lang='lat' dir='ltr'><strong><em>illos</em></strong></span> <span class='ocrx_word' id='word_1_838' title='bbox 3490 5108 3693 5163; x_wconf 87' lang='lat' dir='ltr'><strong><em>mentis</em></strong></span> 
     </span>
    </p>
   </div>
   <div class='ocr_carea' id='block_1_122' title="bbox 2113 5179 3688 5247">
    <p class='ocr_par' dir='ltr' id='par_1_122' title="bbox 2113 5179 3688 5247">
     <span class='ocr_line' id='line_1_122' title="bbox 2113 5179 3688 5247; baseline -0.001 -15"><span class='ocrx_word' id='word_1_839' title='bbox 2113 5194 2375 5234; x_wconf 81' lang='lat' dir='ltr'><strong><em>excessus</em></strong></span> <span class='ocrx_word' id='word_1_840' title='bbox 2403 5179 2856 5233; x_wconf 82' lang='lat' dir='ltr'><strong><em>Montanistarum</em></strong></span> <span class='ocrx_word' id='word_1_841' title='bbox 2880 5219 2897 5244; x_wconf 92' lang='lat'><strong><em>,</em></strong></span> <span class='ocrx_word' id='word_1_842' title='bbox 2948 5180 3042 5234; x_wconf 84' lang='lat' dir='ltr'><strong><em>sed</em></strong></span> <span class='ocrx_word' id='word_1_843' title='bbox 3074 5193 3290 5247; x_wconf 89' lang='lat' dir='ltr'><strong><em>semper</em></strong></span> <span class='ocrx_word' id='word_1_844' title='bbox 3324 5191 3688 5247; x_wconf 75' lang='lat' dir='ltr'><strong><em>paresstascs,</em></strong></span> 
     </span>
    </p>
   </div>
   <div class='ocr_carea' id='block_1_123' title="bbox 2113 5247 3690 5318">
    <p class='ocr_par' dir='ltr' id='par_1_123' title="bbox 2113 5247 3690 5318">
     <span class='ocr_line' id='line_1_123' title="bbox 2113 5247 3690 5318; baseline 0 -15"><span class='ocrx_word' id='word_1_845' title='bbox 2113 5250 2183 5318; x_wconf 78' lang='lat' dir='ltr'><strong><em>ob</em></strong></span> <span class='ocrx_word' id='word_1_846' title='bbox 2205 5266 2325 5303; x_wconf 84' lang='lat' dir='ltr'><strong><em>eam</em></strong></span> <span class='ocrx_word' id='word_1_847' title='bbox 2351 5251 2615 5303; x_wconf 86' lang='lat' dir='ltr'><strong><em>rationem</em></strong></span> <span class='ocrx_word' id='word_1_848' title='bbox 2644 5264 2806 5316; x_wconf 87' lang='lat' dir='ltr'><strong><em>quam</em></strong></span> <span class='ocrx_word' id='word_1_849' title='bbox 2831 5264 2996 5318; x_wconf 89' lang='lat' dir='ltr'><strong><em>supra</em></strong></span> <span class='ocrx_word' id='word_1_850' title='bbox 3021 5250 3154 5303; x_wconf 81' lang='lat' dir='ltr'><strong><em>dixi.</em></strong></span> <span class='ocrx_word' id='word_1_851' title='bbox 3211 5247 3418 5317; x_wconf 80' lang='lat' dir='ltr'><strong><em>Quippe</em></strong></span> <span class='ocrx_word' id='word_1_852' title='bbox 3443 5261 3690 5318; x_wconf 70' lang='lat' dir='ltr'><strong><em>exstases</em></strong></span> 
     </span>
    </p>
   </div>
   <div class='ocr_carea' id='block_1_124' title="bbox 2111 5317 3691 5389">
    <p class='ocr_par' dir='ltr' id='par_1_124' title="bbox 2111 5317 3691 5389">
     <span class='ocr_line' id='line_1_124' title="bbox 2111 5317 3691 5389; baseline -0.001 -19"><span class='ocrx_word' id='word_1_853' title='bbox 2111 5317 2226 5372; x_wconf 81' lang='lat' dir='ltr'><strong><em>fere</em></strong></span> <span class='ocrx_word' id='word_1_854' title='bbox 2253 5322 2306 5373; x_wconf 92' lang='lat' dir='ltr'><strong><em>in</em></strong></span> <span class='ocrx_word' id='word_1_855' title='bbox 2343 5320 2543 5373; x_wconf 88' lang='lat' dir='ltr'><strong><em>bonam</em></strong></span> <span class='ocrx_word' id='word_1_856' title='bbox 2574 5330 2778 5388; x_wconf 85' lang='lat' dir='ltr'><strong><em>partem</em></strong></span> <span class='ocrx_word' id='word_1_857' title='bbox 2813 5317 3102 5373; x_wconf 89' lang='lat' dir='ltr'><strong><em>sumuntur</em></strong></span> <span class='ocrx_word' id='word_1_858' title='bbox 3130 5337 3160 5374; x_wconf 71' lang='grc' dir='ltr'>τι</span> <span class='ocrx_word' id='word_1_859' title='bbox 3184 5318 3455 5389; x_wconf 80' lang='lat' dir='ltr'><strong><em>Cypriane</em></strong></span> <span class='ocrx_word' id='word_1_860' title='bbox 3478 5328 3532 5370; x_wconf 88' lang='lat' dir='ltr'><strong><em>et</em></strong></span> <span class='ocrx_word' id='word_1_861' title='bbox 3550 5317 3691 5389; x_wconf 69' lang='grc' dir='ltr'>Τετ-</span> 
     </span>
    </p>
   </div>
   <div class='ocr_carea' id='block_1_125' title="bbox 2114 5388 3689 5457">
    <p class='ocr_par' dir='ltr' id='par_1_125' title="bbox 2114 5388 3689 5457">
     <span class='ocr_line' id='line_1_125' title="bbox 2114 5388 3689 5457; baseline -0.001 -17"><span class='ocrx_word' id='word_1_862' title='bbox 2114 5390 2373 5455; x_wconf 89' lang='lat' dir='ltr'><strong><em>tulliano;</em></strong></span> <span class='ocrx_word' id='word_1_863' title='bbox 2404 5400 2459 5443; x_wconf 87' lang='lat' dir='ltr'><strong><em>et</em></strong></span> <span class='ocrx_word' id='word_1_864' title='bbox 2483 5391 2621 5443; x_wconf 80' lang='lat' dir='ltr'><strong><em>viris</em></strong></span> <span class='ocrx_word' id='word_1_865' title='bbox 2655 5390 2861 5443; x_wconf 89' lang='lat' dir='ltr'><strong><em>sanctis</em></strong></span> <span class='ocrx_word' id='word_1_866' title='bbox 2892 5389 3147 5443; x_wconf 70' lang='lat' dir='ltr'><strong><em>immissa:</em></strong></span> <span class='ocrx_word' id='word_1_867' title='bbox 3193 5388 3448 5457; x_wconf 78' lang='lat' dir='ltr'><strong><em>leguntur</em></strong></span> <span class='ocrx_word' id='word_1_868' title='bbox 3480 5403 3509 5439; x_wconf 89' lang='lat' dir='ltr'><strong><em>a</em></strong></span> <span class='ocrx_word' id='word_1_869' title='bbox 3545 5388 3689 5448; x_wconf 85' lang='lat' dir='ltr'><strong><em>Deo,</em></strong></span> 
     </span>
    </p>
   </div>
   <div class='ocr_carea' id='block_1_126' title="bbox 2112 5458 3688 5529">
    <p class='ocr_par' dir='ltr' id='par_1_126' title="bbox 2112 5458 3688 5529">
     <span class='ocr_line' id='line_1_126' title="bbox 2112 5458 3688 5529; baseline -0.004 -16"><span class='ocrx_word' id='word_1_870' title='bbox 2112 5471 2171 5513; x_wconf 89' lang='lat' dir='ltr'><strong><em>ut</em></strong></span> <span class='ocrx_word' id='word_1_871' title='bbox 2198 5464 2405 5513; x_wconf 88' lang='lat' dir='ltr'><strong><em>Adamo</em></strong></span> <span class='ocrx_word' id='word_1_872' title='bbox 2435 5469 2489 5512; x_wconf 90' lang='lat' dir='ltr'><strong><em>et</em></strong></span> <span class='ocrx_word' id='word_1_873' title='bbox 2518 5458 2677 5515; x_wconf 86' lang='lat' dir='ltr'><strong><em>Petro</em></strong></span> <span class='ocrx_word' id='word_1_874' title='bbox 2707 5459 2977 5527; x_wconf 76' lang='lat' dir='ltr'><strong><em>apostolo.</em></strong></span> <span class='ocrx_word' id='word_1_875' title='bbox 3008 5462 3077 5512; x_wconf 91' lang='lat' dir='ltr'><strong><em>At</em></strong></span> <span class='ocrx_word' id='word_1_876' title='bbox 3101 5460 3438 5529; x_wconf 77' lang='lat' dir='ltr'><strong><em>parcxstasis</em></strong></span> <span class='ocrx_word' id='word_1_877' title='bbox 3471 5470 3688 5524; x_wconf 85' lang='lat' dir='ltr'><strong><em>semper</em></strong></span> 
     </span>
    </p>
   </div>
   <div class='ocr_carea' id='block_1_127' title="bbox 2110 5530 3483 5597">
    <p class='ocr_par' dir='ltr' id='par_1_127' title="bbox 2110 5530 3483 5597">
     <span class='ocr_line' id='line_1_127' title="bbox 2110 5530 3483 5597; baseline -0.004 -14"><span class='ocrx_word' id='word_1_878' title='bbox 2110 5531 2167 5583; x_wconf 88' lang='lat' dir='ltr'><strong><em>itt</em></strong></span> <span class='ocrx_word' id='word_1_879' title='bbox 2200 5530 2395 5582; x_wconf 80' lang='lat' dir='ltr'><strong><em>nialam</em></strong></span> <span class='ocrx_word' id='word_1_880' title='bbox 2430 5542 2637 5597; x_wconf 85' lang='lat' dir='ltr'><strong><em>partem</em></strong></span> <span class='ocrx_word' id='word_1_881' title='bbox 2671 5531 2961 5597; x_wconf 88' lang='lat' dir='ltr'><strong><em>accipitur.</em></strong></span> <span class='ocrx_word' id='word_1_882' title='bbox 3391 5595 3401 5597; x_wconf 95' lang='lat'><em>_</em></span> <span class='ocrx_word' id='word_1_883' title='bbox 3430 5596 3437 5597; x_wconf 14' lang='grc' dir='ltr'>ί</span> <span class='ocrx_word' id='word_1_884' title='bbox 3472 5530 3483 5547; x_wconf 83' lang='grc'><strong><em>⁵</em></strong></span> 
     </span>
    </p>
   </div>
   <div class='ocr_carea' id='block_1_128' title="bbox 2181 5593 3689 5668">
    <p class='ocr_par' dir='ltr' id='par_1_128' title="bbox 2181 5593 3689 5668">
     <span class='ocr_line' id='line_1_128' title="bbox 2181 5593 3689 5668; baseline -0.005 -16"><span class='ocrx_word' id='word_1_885' title='bbox 2181 5600 2296 5668; x_wconf 72' lang='grc'><strong>(12)</strong></span> <span class='ocrx_word' id='word_1_886' title='bbox 2324 5593 2473 5652; x_wconf 67' lang='grc' dir='ltr'>Οὕέε</span> <span class='ocrx_word' id='word_1_887' title='bbox 2496 5598 2614 5667; x_wconf 76' lang='grc' dir='ltr'><strong><em>ἤδη</em></strong></span> <span class='ocrx_word' id='word_1_888' title='bbox 2671 5593 2838 5664; x_wconf 79' lang='grc' dir='ltr'>τινᾶς</span> <span class='ocrx_word' id='word_1_889' title='bbox 2891 5597 3140 5664; x_wconf 70' lang='grc' dir='ltr'>ἄλλους.</span> <span class='ocrx_word' id='word_1_890' title='bbox 3185 5598 3241 5651; x_wconf 91' lang='lat' dir='ltr'><strong><em>In</em></strong></span> <span class='ocrx_word' id='word_1_891' title='bbox 3294 5595 3480 5668; x_wconf 83' lang='lat' dir='ltr'><strong><em>codd._</em></strong></span> <span class='ocrx_word' id='word_1_892' title='bbox 3525 5593 3689 5656; x_wconf 75' lang='lat' dir='ltr'><strong><em>Med.,</em></strong></span> 
     </span>
    </p>
   </div>
   <div class='ocr_carea' id='block_1_129' title="bbox 2108 5660 3691 5741">
    <p class='ocr_par' dir='ltr' id='par_1_129' title="bbox 2108 5660 3691 5741">
     <span class='ocr_line' id='line_1_129' title="bbox 2108 5660 3691 5741; baseline -0.003 -19"><span class='ocrx_word' id='word_1_893' title='bbox 2108 5660 2247 5741; x_wconf 10' lang='lat' dir='ltr'><strong><em>Mia&#39;z.</em></strong></span> <span class='ocrx_word' id='word_1_894' title='bbox 2275 5660 2329 5722; x_wconf 78' lang='lat' dir='ltr'><strong><em>et</em></strong></span> <span class='ocrx_word' id='word_1_895' title='bbox 2354 5669 2487 5725; x_wconf 75' lang='lat' dir='ltr'><strong><em>Fuit.</em></strong></span> <span class='ocrx_word' id='word_1_896' title='bbox 2519 5660 2573 5726; x_wconf 76' lang='lat' dir='ltr'><strong><em>et</em></strong></span> <span class='ocrx_word' id='word_1_897' title='bbox 2600 5660 2747 5741; x_wconf 76' lang='lat' dir='ltr'><strong><em>apud</em></strong></span> <span class='ocrx_word' id='word_1_898' title='bbox 2793 5660 3157 5737; x_wconf 51' lang='lat' dir='ltr'><strong><em>Nicephorum</em></strong></span> <span class='ocrx_word' id='word_1_899' title='bbox 3204 5667 3399 5735; x_wconf 78' lang='lat' dir='ltr'><strong><em>legitur</em></strong></span> <span class='ocrx_word' id='word_1_900' title='bbox 3424 5660 3551 5717; x_wconf 68' lang='grc' dir='ltr'>οὔτε</span> <span class='ocrx_word' id='word_1_901' title='bbox 3609 5679 3691 5718; x_wconf 78' lang='grc' dir='ltr'>τι-</span> 
     </span>
    </p>
   </div>
   <div class='ocr_carea' id='block_1_130' title="bbox 2107 5740 2367 5807">
    <p class='ocr_par' dir='ltr' id='par_1_130' title="bbox 2107 5740 2367 5807">
     <span class='ocr_line' id='line_1_130' title="bbox 2107 5740 2367 5807; baseline 0 -14"><span class='ocrx_word' id='word_1_902' title='bbox 2107 5740 2222 5807; x_wconf 80' lang='grc' dir='ltr'>νάς,</span> <span class='ocrx_word' id='word_1_903' title='bbox 2262 5750 2367 5796; x_wconf 85' lang='lat' dir='ltr'><strong><em>etc.</em></strong></span> 
     </span>
    </p>
   </div>
  </div>
