4198 6456
491 326 607 384 479

1207 324 1483 383 EUSEBll
1523 323 2010 382 CESARIENSIS
2052 323 2201 380 OPP.
2246 325 2430 382 PARS
2468 326 2509 381 Ι.
2549 357 2619 367 -
2657 326 3052 386 IllSTORlCA.

3669 330 3770 385 436

486 443 582 497 sed
613 443 682 496 ob
713 454 775 495 ea
807 453 929 507 quae
966 446 1384 507 perpetraverat
1436 438 1748 501 latrocinia.
1793 455 1919 495 cum
1964 438 2072 507 jam

2188 457 2318 508 ματι
2365 440 2460 492 τοῦ
2498 441 2739 513 Κυρίου,
2792 442 3120 497 ἀπολελυται
3175 446 3454 516 πλανήσας
3487 450 3611 511 τοὺς
3656 450 3770 503 ὲκεί

485 535 738 585 desertor
770 529 894 585 ﬁdei
918 539 1083 584 esset.
1127 530 1328 584 Deinde
1369 546 1520 595 vero,
1549 532 1850 586 ementitus
1876 546 2070 586 nomen

484 624 711 685 Christi,
747 624 1007 677 dimissus
1040 631 1149 686 est,
1185 639 1308 677 cum
1345 625 1496 678 urbis
1529 624 1676 679 illius
1700 623 1886 679 fideles
1922 622 2075 679 fefel-

486 715 659 769 lisset.
699 715 937 769 Ecclesia
987 728 1121 767 vero
1146 715 1263 780 ejus
1294 715 1395 769 loci
1428 717 1574 770 unde
1620 724 1743 771 erat
1785 717 2070 785 oriundus,

487 807 662 876 ipsum
700 823 804 860 non
840 805 1087 874 recepit,
1129 820 1197 859 eo
1242 808 1385 875 quod
1425 807 1716 862 latrocinia
1763 821 2071 865 exerceret.

487 899 543 951 St
577 897 670 966 qui
706 912 834 949 vero
867 907 1038 950 totum
1069 898 1214 952 illius
1245 898 1524 968 negotium
1561 899 1704 955 scire
1732 900 2073 967 desiderant,

486 998 685 1057 praesto
734 998 817 1043 est
852 989 1129 1069 publicum
1176 989 1319 1044 Asia:
1373 990 1727 1045 tabularium.
1786 993 1853 1048 Et
1893 1001 2072 1048 tamen

484 1082 751 1149 propheta
781 1080 931 1135 illutn
975 1083 1233 1151 ignorare
1279 1098 1337 1136 se
1379 1082 1554 1153 fingit,
1604 1098 1838 1152 quocum
1892 1087 2075 1155 plures

483 1185 661 1226 annos
682 1171 842 1225 simul
869 1172 1021 1226 vixit.
1058 1171 1210 1225 Hunc
1240 1189 1340 1227 nos
1362 1160 1761 1241 convincendo,
1782 1193 1876 1245 per
1894 1178 2071 1246 ipsum

483 1263 647 1316 etiam
701 1264 985 1333 prophetae
1028 1264 1411 1318 convincimus
1458 1264 1776 1321 falsitatem.
1823 1266 1969 1321 Idem
2020 1268 2071 1321 in

483 1356 605 1411 aliis
630 1357 1002 1427 compluribus
1036 1372 1324 1425 possumus
1359 1359 1665 1414 ostendere.
1698 1359 1850 1427 Quod
1912 1360 2076 1431 186

481 1449 529 1504 si
553 1449 807 1507 fiduciam
834 1450 916 1504 sui
955 1451 1162 1513 habent
1185 1490 1205 1515 ,
1242 1452 1475 1504 subeant
1503 1465 1754 1506 examen.
1784 1472 1803 1505 ι
1866 1452 2075 1506 Rursus

487 1544 540 1598 in
569 1543 679 1597 alio
706 1543 953 1613 ejusdem
985 1544 1170 1612 operis
1199 1544 1341 1609 loco,
1370 1545 1436 1599 de
1472 1545 1751 1614 prophetis
1792 1560 1929 1613 quos
1953 1556 2073 1600 tan-

485 1644 671 1703 topere
694 1633 920 1701 iactant,
957 1634 1072 1689 haec
1099 1634 1376 1705 subjungit
1407 1655 1420 1688 ;
1452 1654 1470 1687 ι
1498 1634 1554 1689 Si
1605 1646 1799 1706 negant
1832 1638 2072 1705 prophe-

485 1735 568 1781 tas
594 1740 722 1782 suos
752 1741 978 1782 munera
1029 1728 1339 1796 accepisse,
1387 1727 1491 1781 hoc
1556 1728 1722 1798 igitur
1768 1729 2070 1796 fateantur,

2175 529 2423 593 πιστούς.
2455 532 2565 584 Καὶ
2607 533 2638 601 ἡ
2676 532 2780 585 ἰδία
2828 534 3088 604 παροικία
3133 537 3331 602 αὐτὸν,
3373 539 3497 591 ὅθεν
3546 535 3770 610 ἦν,οὑκ

2173 620 2414 686 ἐδέξατο,
2444 622 2533 675 διὰ
2561 623 2623 676 τὸ
2651 619 2792 677 εἶναι
2826 626 2989 679 αὑτὸν
3026 626 3262 698 λῃστήν
3307 629 3401 683 καὶ
3428 632 3478 683 οἱ
3522 630 3771 698 θέλοντες

2178 714 2369 783 μαθεῖν
2400 715 2469 768 τὰ
2499 717 2621 769 κατ’
2650 718 2812 771 αὐτὸν
2831 760 2845 784 ,
2892 719 3075 791 ἔχουσι
3104 722 3166 774 τὸ
3213 722 3315 792 τῆς
3360 724 3543 788 Ἀσίας
3595 725 3773 796 δημό-

2175 822 2288 859 σιον
2319 806 2537 877 ἀρχεῖον
2557 824 2571 838 °
2601 808 2660 861 ὃν
2683 812 2711 863 ὁ
2743 813 3031 883 προφήτης
3070 813 3297 868 συνόντα
3325 816 3539 881 πολλοῖς
3566 818 3767 887 ἔτεσιν,

2174 897 2378 966 ἀγνοεῖ.
2409 898 2610 953 Τοῦτον
2650 902 2966 973 ἐλέγχοντες
3007 907 3169 976 ἡμεῖς
3193 948 3207 971 ,
3235 906 3301 960 δι’
3332 908 3499 962 αὑτοῦ
3539 912 3632 963 καὶ
3666 910 3765 983 τὴν

2175 986 2470 1042 ὑπόστασιν
2499 988 2856 1062 ἐξελέγχομεν
2882 992 2977 1045 τοῦ
3019 996 3321 1067 προφήτου.
3353 996 3428 1049 Τὸ
3454 999 3637 1069 ὅμοιον
3670 1000 3762 1052 ἐπὶ

2174 1079 2381 1132 πολλῶν
2414 1080 2688 1153 δυνάμεθα
2722 1084 3021 1151 ἀποδεῖξαι.
3051 1089 3160 1141 Καὶ
3199 1090 3248 1142 εξ
3278 1088 3602 1162 θαρροῦσιν,
3633 1094 3763 1144 ὑπο-

2176 1175 2520 1243 μεινάτωσαν
2552 1175 2643 1227 τὸν
2675 1177 2913 1247 ἔλεγχον.
2949 1199 2967 1230 ι
3015 1180 3181 1233 Πάλιν
3212 1198 3270 1234 τε
3301 1178 3368 1235 αὖ
3399 1185 3456 1236 ὲν
3485 1183 3655 1254 ἑτέρῳ
3682 1183 3765 1236 τό·

2174 1278 2261 1332 πῳ
2292 1263 2384 1315 τοῦ
2420 1267 2878 1337 συγγράμματος,
2918 1271 3045 1341 περὶ
3077 1265 3153 1324 ὧν
3193 1272 3418 1342 αὐχοῠσι
3442 1274 3758 1344 προφητῶν,

2175 1353 2413 1422 ἐπιλέγει
2441 1358 2615 1411 ταῦτα
2638 1376 2649 1388 ·
2687 1380 2707 1410 ι
2757 1361 2882 1415 Ἐὰν
2906 1362 3178 1433 ἀρνῶνται
3208 1364 3355 1436 δῶρα
3391 1367 3515 1429 τοὺς
3546 1367 3762 1437 προφή-

2173 1463 2271 1510 τας
2315 1447 2497 1502 αὐτῶν
2544 1451 2864 1523 εἰληφέναι,
2909 1454 3068 1508 τοῦτο
3111 1456 3636 1527 ὁμολογησάτωσαν,
3678 1460 3759 1510 ὅτι

2174 1537 2268 1589 ἐὰν
2300 1538 2626 1609 ἐλεγχθῶσιν
2661 1543 2945 1615 εἰληφότες
2967 1585 2983 1611 ,
3023 1545 3125 1599 οὐκ
3158 1544 3268 1598 εἰσὶ
3308 1545 3605 1617 προφῆται.
3652 1547 3760 1600 Καὶ

2177 1629 2377 1700 μυρίας
2428 1632 2731 1698 ἀποδείξεις
2800 1636 3005 1690 τούτων
3067 1638 3517 1707 παραστήσομεν.
3565 1639 3760 1707 Ἀναγ-

2177 1721 2330 1771 καῖον
2352 1720 2409 1772 δέ
2436 1723 2552 1774 ἐστι
2587 1723 2796 1787 πάντας
2824 1726 3070 1796 καρποὺς
3108 1724 3498 1794 δοκιμάζεσθαι
3539 1729 3722 1798 προφή
3750 1756 3758 1765 -

483 1832 594 1872 non
617 1832 738 1872 esse
763 1817 887 1871 illos
923 1818 1241 1886 prophetas,
1282 1818 1325 1871 si
1356 1833 1581 1871 munera
1621 1817 1905 1886 accepisse
1935 1833 2069 1872 con-

2175 1826 2290 1863 του.
2319 1813 2630 1884 Προφήτης,
2658 1816 2779 1868 εἰπέ
2810 1833 2935 1886 μοι,
2984 1817 3244 1887 βάπτεται
3287 1817 3432 1885 (25);
3472 1825 3759 1891 προφήτης

487 1906 615 1960 victi
647 1906 775 1960 sint.
805 1906 884 1960 Ac
925 1914 1040 1959 tum
1092 1906 1311 1960 demum
1344 1917 1599 1961 sexcenta
1634 1904 1753 1974 ejus
1786 1909 1863 1961 rei
1898 1908 2067 1962 docu-

486 2009 666 2055 menta
702 2016 767 2054 ac
805 1999 1115 2054 testimonia
1147 1997 1507 2070 proferemus.
1532 1998 1767 2056 Necesse
1794 2016 1961 2071 porro
1988 2011 2073 2057 est

486 2101 545 2145 ιιι
573 2106 765 2147 omnes
794 2098 1077 2160 prophetae
1106 2092 1321 2146 fructus
1357 2103 1522 2158 atque
1557 2105 1710 2146 actus
1745 2094 2065 2161 probentur.

485 2180 580 2235 Dic
612 2183 769 2246 mihi,
805 2183 1033 2254 tingitue
1065 2184 1293 2253 ca’pillos
1323 2185 1630 2253 propheta?
1654 2199 1723 2237 an
1760 2185 1924 2239 stibio
1946 2199 2073 2238 ocu-

482 2271 562 2328 los
581 2273 737 2327 linit?
758 2289 826 2327 an
858 2275 1040 2328 studet
1066 2274 1290 2328 ornari?
1348 2273 1693 2345 Prophetane
1722 2275 1900 2329 tabula
1936 2274 2072 2331 ludit

479 2374 537 2417 et
601 2366 864 2422 tesseris?
918 2382 986 2420 an
1038 2367 1324 2437 pecuniam
1381 2366 1526 2421 locat
1571 2367 1787 2421 fenori?
1840 2368 2072 2438 ingenue

484 2457 762 2514 fateantur
813 2474 878 2513 ac
912 2460 1279 2529 respondeant
1313 2467 1495 2512 utrum
1527 2459 1643 2513 haec
1691 2475 1851 2529 agere
1886 2460 2067 2525 liceat,

482 2563 552 2603 an
581 2564 764 2605 secus.
801 2550 917 2620 Ego
956 2566 1086 2604 vero
1117 2549 1233 2604 huic
1270 2548 1412 2618 apud
1458 2549 1604 2618 ipsos
1635 2560 1755 2604 aeta
1783 2564 1903 2604 esse
1937 2566 2069 2604 cou-

483 2640 723 2695 vincam.
747 2659 766 2693 ι
805 2642 1077 2696 Caeterum
1116 2643 1208 2697 hic
1248 2643 1362 2711 ipse
1400 2642 1724 2711 Apollonius
1774 2642 1826 2696 in
1879 2644 2067 2697 eodem

485 2730 626 2787 libro
652 2741 901 2800 testatur,
927 2742 1058 2787 tunc
1082 2748 1204 2788 cum
1240 2734 1355 2788 haec
1388 2736 1675 2796 scriberet,
1701 2750 1902 2788 annum
1937 2750 2070 2804 qua-

485 2823 856 2895 dragesimnm
905 2826 1074 2880 fuisse
1112 2842 1180 2880 ex
1213 2842 1323 2896 quo
1365 2827 1655 2882 Montanus
1699 2826 2065 2893 adn-lteriuam

485 2913 636 2968 illam
669 2916 1011 2984 prophetiam
1040 2930 1381 2973 commentus
1402 2918 1600 2974 fuerat.
1637 2919 1803 2974 Addit
1832 2930 2091 2988 praetera

488 3021 555 3061 ea
588 3007 837 3062 Zoticum
898 3008 1071 3075 illum,
1121 3009 1276 3079 cujus
1321 3026 1349 3062 a
1393 3010 1577 3080 priore
1625 3012 1892 3080 scriptore
1928 3011 2067 3065 facta

485 3108 571 3153 est
594 3102 820 3165 mentio,
849 3115 971 3155 cum
998 3099 1109 3169 jam
1135 3101 1426 3157 Maximilla
1463 3104 1694 3173 Pepuzis
1737 3119 1797 3159 se
1829 3105 2069 3174 prophe-

2178 1907 2478 1972 πιϐἱζεται
2504 1924 2518 1971 ;
2549 1911 2834 1981 προφήτης
2856 1909 3204 1979 φιλοκοσμεῖς
3232 1910 3515 1979 προφήτης
3532 1910 3758 1973 τάὸλαις

2177 2002 2271 2054 καὶ
2299 2001 2484 2065 ν”ιθῖοις
2518 2003 2736 2069 rmiger;
2781 2006 3066 2075 προφήτης
3098 2004 3330 2067 δανείζει
3356 2018 3370 2068 ;
3408 2002 3590 2055 Ταῦτα
3622 2005 3758 2073 ὀμο-

2178 2092 2569 2165 λογησάτωσαν
2602 2094 2829 2165 πότερον
2870 2095 3077 2162 ἔξεστιν
3109 2094 3142 2165 ἦ
3180 2095 3253 2166 μὴ
3275 2134 3289 2155 ,
3321 2093 3433 2162 ἐγὼ
3471 2093 3528 2147 δὲ
3555 2094 3637 2147 ὅτι
3666 2093 3761 2162 γέ-

2177 2202 2302 2253 γονε
2334 2187 2460 2257 παρ’
2492 2187 2701 2250 αὐτοῖς,
2732 2186 2910 2251 δείξω.
2953 2207 2972 2238 ι
3023 2188 3081 2240 '0
3107 2186 3150 2239 δ’
3181 2186 3342 2249 αὐτὸς
3368 2178 3523 2248 οὗτος
3560 2184 3754 2238 Ἀπολ-

2177 2272 2366 2336 λώνιος
2412 2276 2553 2327 κατὰ
2598 2274 2659 2326 τὸ
2699 2275 2831 2327 αὐτὸ
2872 2276 3208 2347 σύγγραμμα
3249 2278 3482 2347 ἱστορεῖ.
3528 2274 3605 2337 ὼς
3646 2274 3756 2348 ἄρα

2177 2364 2608 2435 τεσσαρακοστὸν
2634 2366 2928 2435 ἐτύγχανεν
2950 2367 3067 2429 Ξτος
3093 2368 3204 2435 (9.4)
3233 2368 3325 2420 ἐπὶ
3346 2368 3445 2438 τὴν
3480 2366 3572 2420 τοῦ
3622 2383 3754 2435 συγ-

2176 2457 2506 2527 γράμματος
2538 2456 2702 2509 αὑτοῦ
2734 2460 2971 2528 γραφὴν,
3007 2460 3065 2523 ἐξ
3094 2456 3154 2513 οὗ
3179 2463 3244 2530 τῇ
3280 2465 3630 2531 προσποιήτῳ
3658 2461 3755 2513 αὺ-

2176 2546 2267 2600 τοῦ
2293 2546 2596 2616 προφητείᾳ
2630 2549 2659 2600 ό
2700 2548 2974 2607 Nov-cavo;
3010 2551 3411 2623 ἐπικεχείρηκε.
3454 2551 3561 2603 Καὶ
3595 2552 3752 2604 πάλιν

2177 2640 2363 2709 φησιν,
2399 2639 2474 2700 ὼς
2502 2638 2609 2708 ἄρα
2635 2639 2870 2703 Ζωτικδς
2901 2634 2961 2693 οὗ
3007 2643 3099 2694 καὶ
3148 2644 3177 2694 ὁ
3220 2643 3483 2715 πρότερος
3512 2658 3754 2713 συγγρα-

2178 2733 2314 2801 φεὺς
2350 2732 2784 2801 ἐμνημόνευσεν,
2826 2735 2883 2785 ὲν
2910 2734 3209 2799 Πεπούζοις
3259 2737 3620 2808 προφητεύειν
3651 2738 3752 2810 ἤδη

2178 2824 2649 2895 προσποιουμένης
2674 2825 2787 2893 (23)
2837 2826 2934 2895 τῆς
2991 2826 3335 2897 Μαξιμίλλης
3374 2828 3634 2892 ἐπιστὰς,
3677 2828 3755 2882 δι-

2178 2914 2393 2983 ελέγξαι
2418 2915 2479 2968 τὸ
2503 2915 2758 2987 ἐνεργοῦν
2773 2919 2827 2969 ἐν
2841 2918 2976 2988 αὐτῇ
3006 2920 3222 2988 πνεῦμα
3245 2918 3592 2990 πεπείραται,
3620 2921 3759 2973 ὲκω-

2177 3007 2310 3079 λύθη
2357 3026 2419 3077 γε
2470 3009 2575 3079 μὴν
2616 3009 2721 3062 ὑπὸ
2764 3009 2872 3062 τῶν
2901 3009 2967 3061 τὰ
3006 3012 3221 3081 ἐκείνης
3252 3011 3610 3081 φρονούντων.
3645 3013 3753 3065 Καὶ

2176 3098 2391 3169 Θρασέα
2432 3099 2488 3152 δέ
2517 3116 2661 3162 τινος
2710 3100 2818 3152 τῶν
2874 3101 2994 3153 τότε
3063 3101 3355 3173 μαρτύρων
3404 3102 3753 3172 μνημονεύει.

487 3203 601 3247 tare
632 3192 938 3260 simularet,
970 3196 1451 3264 supervenientem
1487 3197 1812 3250 daemonium
1846 3212 1954 3265 quo
1980 3197 2067 3249 illa

2176 3165 2296 3246 Ἵξτι
2326 3193 2381 3246 δὲ
2418 3192 2494 3256 ὼς
2523 3192 2589 3245 ὲκ
2624 3191 2970 3262 παραδόσεως
3009 3165 3100 3246 τόν
3143 3165 3373 3265 έωτῆρά
3587 3204 3759 3262 προσ-

483 3284 815 3354 agitabatur,
861 3300 1160 3356 coarguere
1209 3286 1554 3340 instituisse:
1605 3302 1791 3340 verum
1841 3288 1910 3341 ab
1950 3287 2073 3342 aliis

483 3379 576 3448 qui
609 3380 749 3433 idem
775 3393 901 3434 cum
939 3379 1030 3434 illa
1070 3381 1403 3444 sentiebant,
1445 3395 1570 3435 esse
1604 3379 1929 3433 cohibitmn.
1966 3379 2075 3433 Me-

485 3472 645 3527 minit
673 3473 833 3527 etiam
863 3473 1149 3543 cujusdam
1175 3474 1434 3528 Thraseae
1458 3475 1550 3543 qui
1583 3474 1730 3527 circa
1765 3473 1883 3527 haec
1930 3484 2073 3527 tem-

484 3580 619 3634 pora
646 3576 856 3637 martyr
884 3565 1010 3620 fuit.
1044 3567 1125 3620 Ad
1152 3566 1268 3621 haec
1292 3576 1551 3636 tanquam
1580 3582 1646 3620 ex
1677 3576 1925 3621 veterum
1960 3576 2069 3618 tra-

483 3659 689 3712 ditione
716 3660 833 3713 hate
873 3658 1066 3723 refert,
1103 3659 1389 3713 Dominum
1431 3659 1693 3726 apostolis
1720 3659 1836 3713 suis
1862 3673 2068 3727 prince-

489 3749 657 3816 pisse,
682 3763 750 3800 ne
778 3748 920 3802 intra
946 3748 1231 3803 duodecim
1263 3763 1438 3802 annos
1479 3748 1877 3818 Hierosolymis
1902 3762 2068 3801 exce-

488 3839 708 3894 derent.
747 3838 932 3895 Utitur
971 3854 1192 3910 quoque
1243 3842 1572 3897 testimoniis
1612 3856 1680 3896 ex
1702 3839 1930 3895 Joannis
1964 3839 2073 3895 Re-

488 3980 726 4048 primum
755 3977 808 4030 in
842 3993 907 4032 eo
947 3987 1160 4047 peccat,
1198 3981 1341 4049 quod
1385 3978 1712 4050 παραϐάτην
1768 3978 2066 4046 maleﬁcum

489 4051 686 4116 vertit;
719 4050 917 4103 deinde
944 4051 996 4103 in
1043 4065 1108 4104 eo
1135 4051 1279 4119 quod
1320 4050 1513 4121 ἐκρίθη
1559 4052 1722 4104 vertit
1750 4052 2070 4103 condemna-

489 4130 574 4173 tus
606 4130 702 4172 est.

562 4190 673 4262 (25)
702 4190 1029 4262 θάπτεται..
1051 4189 1412 4262 Hieronymus
1453 4190 1505 4243 in
1533 4190 1785 4262 catalogo
1818 4190 1958 4262 hunc
1991 4189 2067 4262 lo:

489 4259 612 4314 cum
650 4265 722 4313 ita
765 4263 965 4315 vertit:
1004 4260 1097 4313 Dic
1139 4259 1289 4326 mihi,
1320 4263 1517 4312 crinem
1574 4261 1719 4327 furat
1767 4259 2068 4325 prop/tetu?

490 4334 647 4385 stibio
684 4333 862 4385 oculos
888 4332 1004 4384 linit
1032 4331 1058 4384 ?
1086 4328 1348 4396 Propheta
1382 4331 1607 4383 vestibus
1654 4339 1701 4381 et
1745 4331 1959 4395 gemmis
1985 4346 2064 4381 or-

492 4404 689 4456 natur?
714 4399 977 4471 Pmpheta
1005 4400 1185 4453 tabula
1212 4400 1357 4471 ludit
1392 4408 1440 4452 et
1489 4401 1699 4471 tesseris
1729 4402 1753 4456 ?
1800 4398 2063 4465 Propheta

496 4473 646 4538 [enus
691 4469 938 4536 accipit?
999 4472 1185 4535 Longe
1234 4469 1479 4538 prole-cro
1548 4470 1851 4539 elegantius
1900 4484 2062 4535 quant

2171 3288 2458 3355 τεταχέναι
2483 3285 2593 3346 τοῖς
2630 3284 2797 3337 αὑτοῦ
2832 3284 3183 3349 ἀποστόλοις,
3233 3285 3325 3338 ἐπὶ
3372 3284 3582 3339 δώδεκα
3610 3284 3754 3337 ἔτεσι

2177 3379 2251 3449 μὴ
2282 3376 2616 3448 χωρισθῆναι
2665 3378 2764 3448 τῆς
2806 3377 3186 3450 Ἰερουσαλήμ.
3242 3377 3526 3449 Κέχρηται
3566 3378 3625 3431 δὲ
3661 3379 3756 3431 καί

2178 3471 2505 3543 μαρτυρίαις
2553 3470 2661 3523 ἀπὸ
2707 3471 2806 3540 τῆς
2866 3472 3113 3524 Ἰωάννου
3165 3469 3613 3539 Ἀποκαλύψεωςο
3661 3471 3755 3523 καὶ

2166 3564 2357 3633 νεκρὸν
2383 3563 2441 3617 δὲ
2468 3562 2693 3632 δυνάμει
2738 3562 2857 3634 θείᾳ
2909 3562 3043 3634 πρὸς
3094 3561 3257 3615 αὑτοῦ
3317 3562 3563 3616 Ἰωάννου
3605 3561 3755 3629 ὲντῇ

2182 3656 2393 3727 Ἐφέσῳ
2436 3653 2735 3727 ὲγηγέρθαι
2771 3656 2990 3727 ἱστορεῖ.
3040 3655 3150 3707 Καὶ
3174 3653 3310 3707 ἄλλα
3337 3654 3461 3707 τινά
3484 3671 3620 3723 φησι
3638 3693 3654 3718 ,
3686 3653 3756 3706 δι’

2171 3743 2470 3811 ὦνῐκανῶς
2507 3747 2605 3817 τῆς
2647 3745 3053 3818 προειρημένης
3096 3743 3362 3816 αἱρέσεως
3408 3743 3754 3816 πληρέστατα

2173 3836 2426 3907 διηύθυνε
2453 3834 2550 3907 τὴν
2577 3833 2806 3905 πλάνην.
2846 3834 3030 3887 Ταῦτα
3058 3834 3152 3887 καὶ
3178 3834 3207 3885 ὁ
3239 3831 3612 3907 Ἀπολλώνιος.

2178 3983 2365 4031 tiurcm
2389 3988 2527 4028 esse.
2565 3972 2620 4027 In
2674 3988 2782 4041 quo
2823 3984 3024 4036 tamen,
3088 3988 3208 4026 meo
3257 3970 3473 4041 quidem
3521 3969 3749 4041 judicio,

2178 4048 2333 4113 longe
2364 4045 2531 4098 falsus
2553 4053 2662 4102 est;
2691 4040 2892 4098 etenim
2922 4043 3262 4111 Apollonius,
3296 4040 3754 4113 Montanoadftuc

2181 4109 2473 4185 superstite
2525 4130 2645 4185 cum
2695 4115 2905 4167 insanis
2958 4109 3071 4166 suis
3125 4113 3341 4185 vatibus
3398 4109 3642 4185 Priscilla
3699 4116 3754 4161 et

2178 4179 2495 4245 Maximilla,
2528 4184 2724 4237 librum
2760 4199 2917 4237 suum
2952 4183 3279 4249 composuit,
3321 4190 3379 4234 ut
3401 4195 3465 4233 ex
3492 4180 3576 4232 his
3604 4179 3754 4247 frag-

2172 4257 2374 4311 mentis
2419 4270 2538 4323 quze
2583 4253 2791 4322 profert
2838 4253 3101 4306 Eusebius
3147 4253 3405 4323 elicitur,
3433 4250 3591 4323 idque
3646 4265 3754 4323 non

2168 4345 2276 4381 uno
2306 4328 2419 4379 loco
2439 4317 2461 4385 ’ς
2485 4334 2543 4377 ut
2577 4317 2700 4377 cum
2725 4323 2889 4393 dixit:
2924 4323 2985 4373 Ἦ
3018 4322 3435 4393 rrpozpﬁttgﬁpiv
3449 4317 3668 4393 εἰπάτω
3688 4317 3755 4393 τᾲ

2168 4398 2309 4451 κατὰ
2354 4381 2721 4461 Ἀλέξανδρον,
2753 4387 2856 4446 τὸν’
2892 4381 3116 4458 λέγοντα
3138 4381 3359 4445 ’ἑαυτὸν
3374 4391 3665 4461 μάρτυρα,

2169 4458 2532 4528 συνεστιᾶται,
2587 4458 2637 4535 ᾧ
2682 4464 3047 4536 προσκυνοῦσι
3101 4463 3197 4516 καὶ
3241 4458 3404 4536 αὐτῷ’
3450 4458 3756 4536 πολλοίκξᾷι

494 4530 739 4622 Rufinus.
767 4530 954 4622 ,ϐπ-τειέί
1025 4530 1251 4612 βάπτειν
1290 4539 1389 4622 τὴν
1450 4539 1612 4622 τρζχα
1634 4530 1879 4620 "dicunt,
1921 4530 2063 4621 quod

2182 4540 2343 4622 paulo
2371 4548 2491 4622 post
2527 4530 2615 4590 de‘
2649 4530 2838 4621 eodem
2871 4536 3188 4622 alefapdro
3240 4533 3468 4622 lpqueus

498 4612 670 4664 Latini
700 4614 871 4668 crines
893 4611 1092 4681 tingere
1116 4628 1211 4666 seu
1248 4611 1494 4664 rutilare.
1527 4612 1579 4663 Id
1614 4612 1757 4663 enim
1800 4611 2073 4681 praecipuo

495 4679 1091 4748 sunlebautmatrotue,
1132 4691 1192 4735 ut
1240 4682 1460 4734 rutilum
1515 4681 1779 4734 haberent
1839 4679 2073 4734 crinem.

494 4752 666 4817 Quam
721 4755 771 4806 in
828 4769 940 4808 rem
981 4754 1165 4807 cinere
1213 4752 1402 4806 lixivio
1451 4753 1765 4814 utebantur,
1820 4761 1878 4803 ut
1917 4752 2078 4803 docet

496 4821 688 4875 Varro.
712 4822 1095 4878 Sammonicus
1130 4822 1376 4878 Serenus
1401 4822 1468 4876 de
1490 4822 1687 4891 capillo
1715 4821 1971 4887 tingendo
2002 4822 2074 4873 ita

494 4893 735 4961 praecipit
763 4908 776 4943 :

569 4962 650 5033 {td
682 4963 894 5015 rutilam
919 4964 1139 5029 speciem
1169 4964 1342 5033 nigros
1364 4963 1640 5033 ﬂorescere
1664 4961 1831 5015 crines

565 5030 843 5098 Unguento
871 5035 1079 5093 cineris,
1112 5030 1369 5097 prwitixit'
1390 5032 1594 5086 Tullius
1616 5040 1822 5087 auctor.

499 5100 632 5155 Vide
663 5103 992 5171 llesyehium
1020 5106 1071 5157 in
1100 5103 1425 5163 Ξανθίζέιν.

512 5173 678 5245 χαὶ)
708 5168 1213 5245 Τέσσαρακοστὸν
1238 5172 1746 5245 ἐτύγχωενγέτος,
1801 5168 2074 5245 etc.jam

492 5242 685 5297 videor
729 5244 858 5295 tuihi
894 5244 1320 5311 deprehendisse
1354 5242 1518 5312 quam
1544 5244 1615 5298 ob
1655 5258 1876 5297 causam
1909 5242 2078 5296 Euse-

493 5315 618 5367 bius
676 5312 1019 5382 Apollonium
1073 5313 1220 5367 hunc
1298 5324 1419 5383 post
1509 5327 1841 5383 auonymum
1925 5313 2076 5365 illuttt

491 5386 818 5453 scriptorem
859 5384 924 5438 de
952 5398 1062 5453 quo
1105 5386 1156 5438 in
1200 5383 1469 5452 superiori
1515 5385 1693 5449 capite
1722 5391 1907 5437 actunt
1970 5393 2074 5444 est,

492 5454 866 5508 collocat-erit.
905 5453 1043 5508 Cum
1070 5455 1213 5506 enim
1239 5470 1543 5525 anonymus
1580 5454 1672 5525 ille.
1717 5462 1975 5525 testetur,
2003 5466 2078 5525 se

487 5525 901 5593 quattuordecim
936 5524 1094 5577 annis
1117 5534 1240 5590 post
1276 5522 1512 5578 Montani
1545 5534 1599 5576 et
1627 5522 1933 5577 Maximilla:
1962 5522 2077 5577 obi-

493 5607 605 5646 tum
640 5595 811 5649 libros
833 5608 962 5648 suos
995 5596 1323 5663 scripsisse;
1362 5594 1447 5647 hic
1518 5603 1695 5648 autem
1752 5593 2075 5661 Apollonius

490 5664 737 5735 allirmet,
798 5665 1162 5735 quadraginta
1217 5666 1394 5728 annis,
1440 5675 1729 5732 antequam
1786 5664 2075 5724 scriberet,

494 5733 834 5805 Montanum"
876 5737 1221 5805 pr0phetiam
1288 5750 1443 5787 suam
1496 5735 1814 5789 immisse:
1868 5735 2078 5803 putavit

492 5803 757 5863 Eusebius
780 5803 1121 5874 Apollonium
1156 5820 1428 5875 anonymo
1460 5805 1550 5861 illo
1585 5807 1855 5875 scriptore
1888 5817 2073 5859 recen-

2177 4598 2207 4662 6
2234 4598 2523 4682 προφήτης
2552 4606 2777 4661 συνόντα
2800 4603 3014 4682 πολλοῖς
3048 4601 3223 4682 ἔτεσιν
3256 4598 3579 4682 ἁγνοεϊζιιζξ
3636 4598 3757 4667 qui-

2181 4668 2291 4733 bus.
2322 4668 2511 4733 verbis
2547 4686 2776 4746 apparot
2815 4685 2871 4729 ct
2917 4668 3386 4746 Alexandrum’ct
3441 4668 3752 4746 Montanum

2180 4750 2352 4813 ipsum
2386 4764 2449 4801 ac
2472 4739 2820 4801 Maiiinillam
2850 4746 3029 4798 adltuc
3052 4744 3274 4807 vixisse,
3298 4758 3419 4796 cum
3464 4742 3577 4813 haec
3613 4739 3753 4792 scri-

2180 4822 2337 4874 beret
2364 4814 2919 4886 Apollonius.‘_Neque
2969 4829 3111 4886 vero
3132 4816 3204 4886 ait
3250 4812 3584 4886 Apollonius
3619 4823 3757 4875 qua-

2180 4879 2428 4957 draginta
2453 4903 2626 4941 annos
2664 4879 3033 4957 effluxisseab
3060 4883 3214 4957 obitu
3252 4879 3585 4957 Montaniad
3619 4889 3757 4932 teut-

2183 4950 2418 5028 pus'quo
2453 4958 2555 5011 ista
2581 4957 2877 5028 scribebat.
2910 4953 3019 5028 Sed
3060 4954 3110 5005 id
3153 4966 3362 5028 tantum
3407 4950 3558 5028 dicit,
3616 4963 3755 5017 qua-

2179 5022 2426 5097 draginta
2464 5027 2623 5080 annis
2651 5036 2944 5088 antequam
2981 5025 3095 5097 ipse
3124 5026 3190 5097 ad
3218 5022 3567 5097 scribendum
3603 5035 3759 5097 acce-

2180 5090 2352 5163 derét,
2372 5099 2691 5151 Montanum
2711 5095 3255 5162 pseudoprophetiam
3284 5108 3432 5163 suam
3462 5090 3755 5163 invexisse.

2178 5160 2450 5224 Ponautus
2481 5167 2666 5235 igitur,
2712 5160 3037 5235 Montanum:
3053 5179 3197 5218 anno
3254 5162 3443 5235 astatis
3478 5160 3758 5213 tricesimo

2179 5239 2420 5293 fabulam
2447 5231 2598 5289 suam
2645 5237 2949 5289 inchoasse.
3007 5233 3140 5287 Cum
3196 5231 3517 5301 Apollonius
3566 5239 3756 5283 contra

2179 5311 2297 5379 ejus
2320 5318 2525 5362 sectam
2548 5308 2837 5379 scriberet,
2865 5306 2951 5379 vix
2969 5303 3264 5379 aloutanus
3297 5301 3754 5379 septuagesimum

2180 5368 2380 5433 a'nnum
2405 5388 2732 5431 excesserat.
2765 5374 3113 5429 Maximillatu
3136 5381 3315 5426 autem
3352 5368 3407 5425 et
3452 5368 3756 5424 Priscillam

2186 5466 2293 5505 non
2328 5450 2513 5501 statim
2546 5448 2614 5501 ab
2641 5449 2759 5516 ipso
2788 5447 2869 5499 sui
2932 5444 3137 5499 erroris
3183 5443 3413 5497 exordio
3445 5439 3759 5516 Montanus

2179 5521 2407 5575 comites
2440 5518 2627 5572 habuit
2649 5510 2674 5580 ς’
2696 5518 2789 5571 sed
2817 5530 2909 5569 eas
2930 5516 3020 5567 diu
3063 5526 3251 5582 postea
3308 5510 3610 5582 prophetiae
3645 5523 3759 5562 sum

2179 5591 2387 5649 retibus
2413 5589 2746 5656 implicuisse
2768 5602 2834 5640 ac
2856 5580 3137 5656 decepisse
3171 5580 3319 5635 mihi
3341 5580 3573 5656 videtur.

2251 5661 2365 5729 (25)
2419 5648 2823 5727 Προφητεύειν
2891 5648 3007 5729 ἤδη
3090 5649 3637 5729 προσποιουμένης.
3669 5648 3758 5729 _ln

2181 5720 2358 5785 tribus
2393 5720 2671 5783 codicibus
2702 5729 2862 5786 Maz..
2894 5720 3032 5779 Med.
3064 5736 3116 5778 et
3134 5720 3274 5775 Fult.
3295 5724 3563 5791 scriptum
3593 5720 3758 5775 habe-

2182 5814 2269 5859 tur
2291 5799 2650 5870 προφητεύειν
2673 5799 2737 5866 δὴ
2766 5795 3257 5867 προσποιουμένης,
3284 5793 3385 5848 levi
3414 5790 3756 5848 discrimine.
