4198 6404
543 326 651 383 £85

1285 310 1559 369 EUSEBII
1597 305 2069 365 CESARIENSIS
2104 304 2257 363 OPP.
2300 305 2481 362 PARS
2516 306 2558 364 l.
2598 338 2670 352 -—
2707 306 3102 365 HISTORICA.

3722 315 3831 372 18‘

546 448 687 502 rium
746 442 1129 515 episcoporum
1193 435 1336 489 idem
1406 447 1533 486 cum
1593 431 1704 486 illis
1770 428 2104 484 sentientium

2231 424 2456 496 σκίλλης
2488 424 2761 491 ἐκϐαλεῖν,
2792 427 2889 480 καὶ
2909 428 2958 480 οἱ
2988 425 3280 498 ὑποκριταὶ
3302 428 3402 483 οὐκ
3419 428 3662 502 ἀφῆκαν.
3711 431 3828 485 Κοαὶ

541 532 974 601 subscriptiones
997 525 1234 599 propriis
1268 526 1512 593 ipsorum
1547 521 1802 575 manibus
1837 518 2119 588 appositae,

542 628 594 681 in
624 627 712 681 illa
743 639 907 695 quam
935 621 1048 678 dixi
1077 619 1307 689 epistola
1347 618 1621 686 leguntur.
1682 613 1751 667 Et
1798 628 1859 667 ea
1899 609 2122 681 quidem

538 731 660 787 qua}
689 717 756 771 ad
788 715 907 769 illos
946 711 1238 767 haereticos
1269 707 1581 778 pertinent,
1609 701 1922 774 hujusmodi
1946 700 2120 755 fuere.

1135 892 1362 950 CAPUT
1392 889 1518 945 XX.

540 991 673 1059 Quae
714 989 953 1045 lrenteus
993 989 1243 1043 adversus
1289 982 1659 1059 schismaticos
1700 978 1880 1033 Romae
1906 986 2120 1049 agentes

1119 1055 1516 1123 conscripserit.

606 1153 882 1206 Adversus
908 1159 1089 1207 antem
1117 1146 1238 1200 illos
1260 1145 1351 1214 qui
1376 1144 1643 1196 sinceram
1665 1140 1921 1194 Ecclesia:
1944 1139 2117 1206 legem

539 1243 939 1307 adullerabnut,
973 1240 1210 1294 lrenaeus
1239 1235 1422 1290 varias
1471 1232 1805 1302 conscripsit
1837 1231 2114 1300 epistulas.

537 1334 774 1390 Alteram
807 1334 873 1388 ad
903 1332 1147 1385 Blastum
1179 1343 1342 1399 quam
1376 1325 1663 1393 inscripsit
1693 1324 1765 1376 De
1790 1324 2071 1375 schismate
2097 1336 2116 1374 :

537 1432 763 1479 atteram
816 1423 884 1476 ad
940 1421 1221 1476 Florinum
1268 1417 1349 1472 De
1406 1414 1747 1479 Monere/tia,
1804 1428 1898 1467 seu
1962 1411 2116 1475 Quod

537 1516 678 1570 l‘eus
707 1532 811 1568 non
844 1515 912 1568 sit
942 1513 1184 1566 conditor
1217 1509 1497 1564 malorum.
1531 1507 1661 1560 Eam
1690 1506 1837 1559 enim
1889 1503 2105 1572 opinio—

538 1624 658 1662 nem
694 1607 783 1660 bic
812 1605 1110 1659 defendere
1154 1602 1463 1656 videbatur.
1515 1598 1620 1665 Qui
1672 1612 1798 1652 cum
1834 1604 2022 1666 postea
2060 1595 2113 1647 in

536 1712 777 1753 errorem
813 1695 1082 1749 Valentini
1117 1695 1377 1762 abreptus
1406 1690 1620 1754 fui-~5et,
1658 1690 1854 1743 iterum
1879 1686 2115 1741 Irenazus

2225 516 2402 572 ἄλλων
2427 517 2484 570 δὲ
2512 517 2775 571 πλειόνων
2807 519 2900 572 τὸν
2951 520 3184 590 ἀριθμὸν
3226 521 3543 577 ἐπισκόπων
3593 525 3820 596 συμψὴ-

2226 626 2342 679 φων
2365 609 2577 673 τούτοις
2612 612 2669 662 ἐν
2705 614 2818 675 τοῖς
2852 610 3139 681 δηλωϐεῖσι
3182 614 3506 685 γράμμασιν
3550 617 3826 687 αὐτόγρα-

2225 716 2315 768 φοι
2354 698 2613 768 φέρονται
2641 698 2991 771 σημειώσεις.
3022 701 3134 754 Καὶ
3162 702 3232 756 τὰ
3268 705 3366 775 μὲν
3406 704 3548 759 κατά
3593 706 3822 773 τούτους

2222 785 2293 860 ἦν
2318 789 2566 844 τοιαῦτα.

2752 884 3148 941 ΚΕΦᾹΛΑῙΟΝ
3189 891 3274 943 κ’.

2228 972 2384 1028 Ὅσα
2407 976 2903 1054 Ἐἰρηναῖοςξτσῖς
2960 979 3057 1032 ἐπὶ
3107 981 3336 1054 Ῥώμης
3390 984 3818 1054 σχισματικοῖς

2395 1045 2703 1115 ἐγγράφως
2734 1046 3055 1102 διείλεκται
3078 1045 3229 1117 (Μαί
3251 1045 3296 1103 Η
3309 1045 3324 1103 ξ
3346 1054 3412 1106 Ε.
3436 1045 3669 1127 ἶνίόϋ).

2310 1139 2397 1205 Ἐξ
2441 1142 2691 1205 ἐναντίας
2731 1142 2789 1195 δὲ
2835 1143 2943 1196 τῶν
2992 1144 3085 1195 ἐπὶ
3141 1143 3359 1215 Ῥώμης
3387 1146 3499 1214 (51)
3546 1147 3639 1201 τὸν
3685 1147 3815 1219 ὑγιῆ

2219 1236 2317 1306 τῆς
2361 1232 2687 1302 Ἐκκλησίας
2720 1233 2921 1304 θεσμὸν
2948 1237 3501 1306 παραχαραττόντων,
3530 1239 3816 1311 Εἰρηναῖος

2219 1326 2510 1397 διαφόρους
2543 1327 2832 1391 ἐπιστολὰς
2868 1328 3170 1389 συντάττει,
3215 1326 3314 1399 τὴν
3369 1330 3466 1399 μὲν
3500 1331 3814 1403 ἐπιγράψας

2221 1417 2357 1488 πρὸς
2391 1416 2627 1469 Βλάστον
2660 1416 2787 1489 περὶ
2816 1417 3135 1486 σχίσματος,
3163 1418 3263 1487 τὴν
3288 1418 3344 1470 δὲ
3379 1418 3514 1490 πρὸς
3542 1419 3815 1491 Φλωρῖνον

2221 1510 2349 1581 περὶ
2390 1509 2691 1579 μοναρχίας
2731 1508 2847 1577 (52)
2883 1509 2915 1579 ἢ
2954 1509 3081 1579 περὶ
3112 1508 3205 1561 τοῦ
3259 1510 3333 1580 μὴ
3382 1507 3521 1563 εἶναι
3555 1511 3647 1564 τὸν
3681 1511 3815 1567 Θεὸν

2218 1602 2448 1672 ποιητὴν
2493 1599 2699 1654 κακῶν.
2737 1599 2953 1670 Ταύτης
2985 1600 3094 1670 γάρ
3138 1618 3218 1653 τοι
3267 1602 3365 1671 τῆς
3409 1601 3633 1673 γνώμης
3658 1598 3814 1669 οὗτος

2218 1694 2391 1746 ἐδόκει
2427 1691 2821 1764 προασπίζεινθ
2867 1692 2934 1744 δι’
2973 1692 3032 1745 ὃν
3068 1688 3223 1755 αὖθις
3259 1694 3373 1762 (35)
3409 1692 3813 1768 ὑποσυρόμενον

533 1791 653 1861 ejus
684 1790 855 1859 gratia
898 1787 1094 1841 librum
1126 1785 1203 1839 De
1226 1784 1502 1837 ortonario
1536 1780 1868 1851 composuit.
1910 1778 1967 1834 In
2003 1788 2104 1849 quo

2220 1788 2286 1855 τῇ
2312 1784 2455 1837 κατά
2474 1784 2824 1837 Οὑαλεντῖνον
2848 1784 3046 1855 πλάνῃ,
3065 1785 3159 1836 καὶ
3189 1783 3249 1836 τὸ
3279 1784 3407 1854 περὶ
3429 1784 3679 1852 ὀγδοάδος
3693 1788 3810 1859 (54)

535 1885 699 1941 etiam
726 1883 867 1936 libro
899 1882 1131 1951 primam
1182 1892 1241 1933 se
1280 1877 1651 1947 apostolorum
1706 1873 2112 1928 successionem

532 1975 829 2040 contigisse
862 1971 1153 2042 signiﬁcat.
1206 1968 1312 2022 Sed
1362 1978 1416 2021 et
1447 1968 1498 2019 in
1556 1966 1663 2018 line
1706 1963 1951 2030 ejusdem
1988 1961 2117 2043 libri

533 2068 935 2121 adnotationem
967 2063 1310 2117 utilissimam
1336 2060 1665 2129 reperimus.
1696 2072 1820 2127 qua:
1849 2056 1974 2109 huic
2002 2055 2115 2109 his-

535 2160 685 2213 torize
734 2168 937 2212 nostra:
991 2154 1279 2210 inserenda
1323 2153 1452 2205 mihi
1502 2151 1732 2204 videtur.
1790 2147 1882 2203 Sic
1930 2156 2111 2201 autem

530 2249 733 2303 habet:
768 2265 788 2298 t
816 2246 1021 2311 Adiuro
1057 2254 1131 2308 te,
1166 2241 1367 2311 inquit,
1397 2241 1487 2310 qui
1519 2237 1938 2307 transcripseris
1962 2238 2112 2290 hunc

530 2339 727 2393 librum
758 2353 854 2407 per
886 2337 1177 2391 Dominum
1204 2344 1452 2388 nostrum
1494 2330 1685 2387 Jesum
1716 2329 2026 2393 Christum,
2056 2337 2113 2382 et

529 2446 629 2499 per
670 2429 966 2499 gloriosum
1018 2426 1137 2493 ejus
1180 2426 1495 2488 adventum,
1537 2424 1589 2476 in
1626 2436 1735 2491 quo
1769 2420 2111 2489 indicaturus

529 2524 787 2577 estvivos
820 2529 874 2575 et
907 2530 1186 2586 mortuos;
1237 2527 1298 2573 ut
1353 2517 1605 2574 conferas
1652 2514 1800 2584 quod
1840 2514 2113 2568 transcri-

529 2616 728 2683 pseris,
765 2622 819 2668 et
858 2612 1149 2683 diligenter
1187 2611 1445 2666 emendes
1490 2610 1556 2662 ad
1594 2604 1877 2675 exemplar
1909 2623 1975 2662 ex
2003 2621 2111 2677 quo

532 2705 936 2774 transcripsisti
965 2722 980 2758 :
1015 2715 1182 2773 utque
1230 2699 1628 2771 adjurationem
1667 2702 1823 2758 istam
1858 2699 2110 2755 similiter

528 2798 832 2860 exscribas,
866 2805 919 2850 et
945 2796 1120 2850 codici
1151 2805 1242 2849 tuo
1271 2795 1503 2849 inseras.
1540 2812 1559 2845 ›
1609 2794 1785 2863 Atque
1817 2794 1929 2847 hare
1960 2791 2110 2846 utili-

529 2899 614 2942 ter
646 2898 754 2941 tnm
800 2889 869 2941 ab
911 2887 1005 2941 illo
1044 2888 1210 2949 dicta.
1259 2896 1371 2943 tum
1405 2901 1435 2938 a
1469 2886 1626 2940 nobis
1683 2891 2107 2939 commemorata

529 2983 662 3043 sint,
698 2989 753 3033 ut
784 2981 993 3048 priscos
1028 2979 1149 3032 Illos
1184 2994 1248 3033 ac
1289 2979 1409 3032 sine
1445 2979 1825 3033 controversia
1866 2976 2104 3043 sanctis-

526 3074 695 3125 simos
752 3074 921 3136 viros,
974 3082 1233 3140 tanquam
1294 3070 1718 3140 pulcherrimum
1795 3068 2101 3139 exemplum

524 3164 890 3218 exactissima:
915 3163 1210 3233 diligentiae
1245 3177 1462 3229 semper
1495 3172 1622 3216 ante
1672 3161 1862 3214 oculos
1893 3161 2102 3214 habea-

526 3272 667 3312 mos.
709 3255 881 3310 Pot-ro
917 3256 973 3310 in
1018 3271 1083 3309 ea
1132 3255 1198 3309 ad
1237 3254 1515 3308 Florinum
1565 3252 1730 3323 188
1762 3252 1998 3321 epistola
2039 3250 2106 3305 de

523 3364 629 3417 qua
677 3344 790 3413 jam
837 3348 986 3415 prius
1017 3346 1150 3412 dixi,
1196 3347 1339 3400 idem
1391 3344 1630 3399 lreuazus
1678 3360 1738 3399 se
1788 3360 1910 3398 cum
1944 3343 2108 3414 Poly-

521 3454 686 3509 carpo
714 3437 1064 3493 familiariter
1092 3453 1214 3492 esse
1245 3447 1524 3491 versatum
1557 3438 1743 3506 prodit
1776 3437 1863 3490 his
1894 3437 2102 3490 verbis:

527 3545 547 3579 σ
590 3527 714 3582 κως
762 3542 892 3582 vero
938 3528 1214 3598 dogmata,
1253 3526 1493 3592 Florine,
1548 3535 1605 3579 ut
1657 3526 1979 3594 parcissime
2037 3540 2103 3580 ac

523 3620 793 3674 levissime
828 3621 1022 3682 dicam,
1063 3635 1169 3673 non
1198 3627 1322 3672 sunt
1347 3634 1496 3673 sanae
1527 3618 1811 3673 doctrina).
1848 3617 1974 3674 llaec
2005 3619 2104 3673 do-

524 3724 707 3780 gmata
738 3711 1064 3765 dissentiunt
1090 3711 1162 3764 ab
1193 3711 1457 3775 Ecclesia,
1494 3721 1550 3764 et
1580 3712 1632 3764 in
1664 3711 1961 3765 maximam
1992 3710 2094 3762 im-

524 3906 708 3965 supra.
751 3891 919 3965 Porro
950 3894 1244 3948 notandum
1268 3904 1375 3958 est,
1416 3894 1606 3965 Sotam
1653 3904 1935 3951 mortuum
1985 3895 2099 3965 jam

523 3962 712 4022 fuisse,
743 3973 864 4017 cum
888 3964 1003 4017 haec
1026 3966 1303 4019 scribebat
1320 3964 1497 4020 {Elius
1523 3963 1718 4019 Julius.
1754 3965 1911 4031 Quod
1966 3962 2100 4020 satis

524 4032 723 4106 indicat
748 4049 850 4087 vox
884 4035 971 4086 illa
1014 4035 1302 4106 μακάριος,
1328 4050 1491 4103 quam
1520 4035 1697 4089 (ἓνδιρί
1751 4038 1816 4090 de
1870 4036 2101 4089 mortuis

523 4103 702 4156 solent
732 4120 1017 4173 usurpare.
1048 4103 1203 4170 Quod
1245 4108 1290 4158 si
1319 4106 1479 4159 Sotas
1507 4107 1682 4159 adhuc
1712 4106 2097 4172 superfuisset,

524 4174 638 4240 ipse
669 4174 915 4241 profecto
941 4175 1083 4228 hanc
1114 4190 1224 4228 rem
1248 4177 1650 4243 subscriptione
1672 4190 1768 4227 sua
1797 4176 2094 4230 lirmasset.

523 4243 614 4297 Sic
641 4246 802 4297 etiam
838 4246 1239 4311 intelligendum
1262 4254 1366 4307 est,
1398 4247 1538 4313 quod
1572 4246 1798 4313 Serapio
1824 4246 2101 4312 Apollina-

520 4313 1357 4436 {lentpaxapttbcatovappellat,
1385 4318 1583 4385 quippe
1606 4317 1697 4383 qui
1732 4315 1847 4382 jam
1912 4316 2097 4370 vivere

557 4397 790 4436 esusset.

557 4397 765 4439 L‘SIISSCI
778 4426 790 4438 .

2224 1876 2680 1948 συντάττεταιτῷ
2714 1878 2989 1949 Εἰρηναίῳ
3023 1878 3373 1948 σπούδασμα·
3402 1881 3459 1931 ἐν
3486 1873 3530 1948 ᾧ
3563 1880 3656 1933 καὶ
3689 1883 3811 1934 ἐπι-

2223 1970 2549 2041 σημαίνεται
2581 1970 2680 2042 τὴν
2714 1968 2941 2041 πρώτην
2972 1969 3080 2022 τῶν
3129 1969 3443 2025 ἀποστόλων
3479 1972 3808 2044 κατειληφέ-

2221 2079 2309 2115 ναι
2342 2062 2534 2115 ἐαυτὸν
2567 2061 2840 2132 διαδοχήν,
2878 2060 3050 2113 Ἔνθα
3093 2060 3231 2133 πρὸς
3262 2061 3339 2131 τῷ
3380 2061 3472 2115 τοῦ
3521 2064 3808 2135 συγγράμ-

2222 2171 2392 2225 ματος
2414 2152 2557 2205 τέλει
2589 2152 2953 2223 χαριεστάτην
2975 2151 3138 2205 αὐτοῦ
3164 2153 3461 2223 σημείωσιν
3482 2155 3596 2225 (55)
3627 2157 3810 2226 εύρόνα

2219 2264 2329 2311 τες,
2388 2246 2705 2313 ἀναγκαίως
2759 2244 2855 2297 καὶ
2898 2244 3102 2316 ταύτην
3153 2246 3282 2315 τῇδε
3326 2245 3696 2318 καταλέξομεν
3739 2251 3807 2321 τῇ

2218 2340 2423 2409 γραφῇ,
2461 2331 2649 2389 τοῦτον
2696 2334 2928 2406 ἔχουσαν
2980 2335 3070 2388 τὸν
3104 2336 3336 2404 τρόπον·
3400 2355 3414 2387 ι
3458 2337 3693 2409 Ὁρκίζω
3746 2355 3806 2392 σε

2217 2430 2309 2482 τὸν
2339 2428 2822 2499 μεταγραψόμενον
2853 2427 2915 2480 τὸ
2948 2427 3150 2496 βιϐλίον
3183 2426 3361 2490 τοῦτο,
3397 2428 3538 2480 κατὰ
3569 2428 3661 2480 τοῦ
3696 2430 3808 2483 Κυ-

2216 2518 2335 2591 ρίου
2380 2518 2539 2589 ήμίυν
2589 2516 2761 2587 Ἰησοῦ
2813 2516 3070 2587 Χριστοῦ,
3125 2517 3219 2569 καὶ
3270 2514 3411 2569 κατά
3460 2517 3559 2587 τῆς
3596 2517 3805 2584 ἐνδόξου

2218 2609 2519 2683 παρουσίας
2566 2606 2731 2662 αὐτοῦ
2779 2604 2848 2680 ἦς
2881 2607 3102 2679 ἔρχεται
3139 2610 3321 2677 κρῖναι
3353 2604 3562 2670 ζῶντας
3594 2608 3689 2660 καὶ
3720 2624 3805 2661 νε-

2217 2705 2401 2775 κροὺς,
2435 2703 2522 2756 ἵνα
2557 2700 2851 2772 ἁντιϐἁλῃς
2877 2700 2904 2751 ὂ
2937 2699 3288 2770 μετεγράψω,
3325 2699 3417 2751 καὶ
3451 2698 3805 2773 κατορθώσῃς

2217 2795 2349 2850 αὐτὸ
2391 2794 2527 2865 πρὸς
2564 2793 2626 2846 τὸ
2677 2793 3011 2860 ἀντίγραφον
3060 2790 3242 2853 τούτο,
3300 2790 3423 2843 ὅθεν
3477 2791 3805 2862 μετεγράψω

2216 2886 2489 2957 ἐπιμελῶς
2512 2903 2524 2914 ·
2561 2885 2655 2937 καὶ
2682 2883 2775 2936 τὸν
2801 2885 2961 2955 ὅρκον
2989 2882 3177 2935 τοῦτον
3197 2882 3398 2953 ὁμοίως
3423 2883 3801 2955 μεταγράψῃς,

2215 2979 2311 3033 καὶ
2339 2978 2525 3049 θήσεις
2552 2978 2610 3028 ἐν
2645 2974 2722 3045 τῷ
2755 2974 3092 3045 ἀντιγράφω.
3119 2994 3137 3026 ι
3173 2974 3285 3026 Καὶ
3317 2972 3489 3025 ταῦτα
3512 2972 3803 3043 ὠφελίμως

2215 3067 2353 3141 πρὸς
2385 3067 2595 3121 ἐκείνου
2639 3064 2895 3135 λελέχθω,
2933 3066 3021 3133 ὑφ’
3055 3065 3210 3134 ἡμῶν
3256 3081 3315 3117 τε
3355 3054 3695 3136 ἱστορείσθω,
3726 3065 3802 3129 ὠς

2213 3163 2278 3218 ἂν
2312 3161 2529 3232 ἔχοιμεν
2580 3157 2802 3229 ἄριστον
2856 3155 3284 3226 σπουδαιοτάτης
3324 3154 3638 3225 ἐπιμελείας
3674 3153 3802 3218 τοὺς

2212 3252 2475 3326 ἀρχαίους
2508 3250 2746 3313 ἐκείνους
2794 3249 2887 3301 καὶ
2915 3248 3086 3310 ὅντως
3143 3248 3324 3318 ἱεροὺς
3356 3246 3553 3317 ἄνδρας
3590 3245 3803 3299 ὑπόδει-

2212 3364 2351 3419 γμα.
2395 3346 2480 3397 Ἐν
2514 3338 2632 3417 ᾖγε
2654 3342 2759 3413 μὴν
2806 3342 3217 3412 προειρὴκαμεν
3248 3339 3384 3410 πρὸς
3412 3339 3501 3392 τὸν
3531 3339 3799 3411 Φλωρῖνον

2213 3441 2244 3494 ὁ
2289 3439 2575 3511 Εἰρηναῖος
2626 3433 2918 3503 ἐπιστολῇ,
2978 3428 3136 3494 αὖθις
3170 3432 3269 3502 τῆς
3307 3432 3422 3502 ἃμα
3455 3431 3800 3503 Πολύκάρπῳ

2214 3529 2496 3591 συνουσίας
2527 3526 2690 3580 αὑτοῦ
2723 3524 3048 3596 μνημονεύει
3068 3524 3272 3591 λέγων·
3297 3544 3314 3573 t
3361 3522 3545 3575 Ταῦτα
3572 3522 3641 3576 τὰ
3671 3523 3796 3591 δόγ-

2214 3638 2379 3691 ματα,
2418 3621 2680 3691 Φλωρίνε,
2727 3619 2813 3671 ἴνα
2863 3617 3244 3686 πεφεισμένως
3296 3617 3454 3678 εἴπω,
3506 3619 3606 3669 οὐκ
3652 3615 3796 3670 ἔστιν

2199 3711 2387 3779 ὑγιοῦς
2418 3708 2645 3780 γνώμης
2666 3727 2677 3737 ·
2729 3707 2902 3761 ταῦτα
2933 3707 3003 3760 τά
3047 3706 3293 3778 δόγματα
3338 3706 3645 3777 ἀσύμφωνά
3676 3698 3795 3761 ἐστι

2208 3891 2367 3948 donis
2403 3888 2748 3960 dogmatibus
2794 3886 3096 3960 adh_:esisse
3150 3905 3164 3942 :
3201 3895 3255 3941 et
3288 3886 3518 3960 alterum
3574 3886 3791 3955 quidem

2208 3957 2500 4020 bonorum,
2539 3958 2771 4011 alterum
2804 3958 2928 4010 mali
2963 3966 3239 4010 auctorem
3273 3957 3591 4011 afﬁrmasse.

2281 4031 2403 4103 ('53)
2429 4030 2507 4083 Δι’
2542 4027 2614 4103 or
2641 4023 2839 4093 αὖθις.
2891 4027 3303 4103 Transpositum
3334 4038 3415 4103 est
3446 4028 3787 4103 adverbium,

2212 4097 2394 4157 ut'ex'
2433 4099 2681 4153 versione
2731 4105 2917 4152 nostra
2962 4098 3131 4151 lector
3182 4097 3593 4150 animadvertet.
3631 4102 3791 4152 Amat

2207 4182 2386 4225 autem
2438 4168 2752 4237 hnjnsmodi
2792 4167 3087 4220 verborum
3120 4165 3472 4230 trajectiones
3524 4167 3790 4223 Eusebius

2206 4252 2412 4296 noster.
2448 4238 2602 4305 Quod
2632 4239 2698 4289 ab
2732 4238 3121 4304 interpretibus
3156 4238 3377 4291 minime
3401 4237 3781 4303 observatum,

2207 4313 2295 4366 hic
2320 4313 2484 4363 semel
2518 4308 2842 4361 monendum
2870 4322 2990 4360 esse
3022 4308 3169 4359 duxi.
3196 4314 3197 4321 ‘

2279 4382 2390 4449 (54)
2427 4378 2495 4433 Τὸ
2528 4376 2668 4449 Περί
2693 4375 3004 4449 ὀγδοάδος,
3033 4376 3390 4446 Hieronymus
3416 4375 3475 4449 in
3524 4374 3788 4446 Catalogo

590 4438 703 4523 (Si)
740 4455 842 4517 Ἐξ
868 4454 1148 4521 ἐναντίας
1171 4454 1239 4509 δὲ
1264 4453 1383 4508 τῶν
1409 4454 1509 4507 ἐπὶ
1551 4452 1789 4523 Ῥώμης.
1826 4454 1960 4508 Hinc
1985 4456 2095 4511 orsi

2210 4438 2392 4523 habet,
2415 4448 2560 4523 Περὶ
2597 4438 2708 4523 ξιτ-ῶν
2734 4438 3045 4523 ὀγ-ὃοαστῴν
3075 4438 3338 4523 egregium
3368 4438 3783 4523 σύνταγμᾳᾼῖε

518 4539 704 4577 sumus
748 4537 907 4593 caput
942 4526 1106 4587 istud,
1135 4526 1389 4579 Ruﬁnum
1414 4527 1583 4580 secuti
1616 4537 1671 4579 et
1698 4525 2019 4585 Musculttm,
2041 4536 2096 4580 et

518 4595 1090 4659 Christouborsonnm.
1125 4600 1228 4649 Sed
1261 4606 1316 4648 et
1342 4597 1478 4649 ratio
1508 4597 1770 4662 itajubct.
1812 4595 1933 4649 llaec
1949 4598 2091 4649 enim

518 4668 753 4731 pendent
781 4682 847 4718 ex
889 4682 1009 4734 cap.
1074 4666 1139 4720 16
1173 4681 1355 4734 supra.
1386 4665 1549 4720 Certe
1568 4668 1734 4720 codex
1764 4664 1899 4718 Μία.
1933 4676 2095 4734 eaput

521 4735 737 4807 im-hpat
772 4731 1162 4807 abhis—verbis
1194 4754 1208 4789 :
1236 4731 1353 4789 Καί
1379 4737 1450 4789 τὰ
1478 4736 1577 4807 μὲν
1610 4735 1751 4790 κατὰ
1775 4736 2002 4807 τούτους
2025 4731 2093 4806 ἦν

516 4803 771 4925 τηιῗζῦτα·
798 4804 858 4870 ἐξ
877 4806 1147 4871 ἐναντίας,
1179 4817 1309 4871 etc.;
1335 4808 1420 4862 cui
1458 4803 1733 4862 consentit
1755 4809 1923 4861 codex
1953 4803 2089 4859 Fnk.

517 4887 569 4925 et
654 4891 823 4925 euntis.

517 4887 569 4926 et
607 4887 823 4934 liegttts.

589 4943 703 5015 (52)
756 4944 896 5013 Περὶ
951 4947 1302 5016 μοναρχίας.
1354 4944 1582 5001 Veteres
1642 4945 1940 5001 ChriSIiani
1992 4946 2095 5001 hac

515 5026 650 5086 voce
683 5024 877 5070 crebro
912 5018 988 5069 uti
1016 5018 1282 5078 solebant,
1325 5018 1538 5084 quoties
1563 5019 1819 5070 adversus
1857 5018 2092 5086 gentiles

515 5084 880 5152 disputarem.
930 5088 1113 5153 lioque
1142 5087 1299 5140 titulo
1328 5088 1638 5153 cutnplttres
1687 5084 1881 5139 libros'
1901 5088 2092 5139 edide-

515 5164 666 5217 runt,
694 5165 751 5207 ut
773 5172 939 5209 unum
966 5158 1131 5209 Deum
1162 5158 1401 5209 omnium
1431 5173 1607 5209 rerum
1643 5158 1981 5210 conditorem
2011 5172 2094 5207 re-

514 5238 746 5293 gemque
795 5241 917 5279 esse
960 5229 1332 5279 ostenderent.
1365 5226 1431 5281 Et
1465 5228 1839 5279 monarchinm
1868 5228 2092 5293 quidem

430 5296 443 5307 '
517 5295 628 5348 llr-0
668 5294 840 5355 Patri.
876 5296 1182 5366 οἰκονομίαν
1215 5313 1362 5358 veto.
1407 5298 1456 5349 id
1505 5306 1587 5350 est
1626 5298 2090 5362 dispensationem

514 5381 677 5433 atque
710 5367 1263 5428 ndministraltonem,
1315 5370 1671 5435 assigunltnttt
1708 5368 1843 5418 Filio
1876 5377 1929 5419 et
1964 5367 2092 5431 Spi-

512 5435 639 5487 ritui
659 5448 872 5501 sancto,
895 5448 951 5490 ut
975 5437 1780 5491 docetTct'tulliaunsAdversus
1808 5437 2090 5496 I’t'nxeant,

510 5516 563 5557 et
596 5505 857 5561 Tatinnus
886 5510 1147 5561 Adrersus
1179 5506 1413 5561 (it-arcos.
1458 5505 1647 5559 Exstat
1701 5509 1858 5559 hodie
1888 5505 2091 5559 .Iustini

512 5575 647 5629 liber
680 5577 971 5646 inscriptus
1020 5580 1121 5631 hoc
1167 5580 1345 5632 titulo.
1384 5579 1555 5630 Porro
1586 5589 1643 5628 ut
1675 5579 1740 5628 ad
1796 5577 2001 5646 lt-entei_
2027 5575 2092 5626 li—

514 5646 667 5722 brum
695 5643 1041 5722 accedamus,
1070 5662 1153 5722 ex‘
1180 5648 1491 5722 ipsotitnlo
1519 5648 1708 5722 colligi
1730 5656 1931 5722 potest,
1962 5643 2092 5722 [flo-

512 5715 688 5769 riuutu
724 5721 829 5770 duo
856 5719 1116 5789 principia
1144 5719 1436 5780 invexisse,
1462 5727 1518 5770 et
1544 5715 1842 5771 Marcionis
1872 5732 1939 5770 ac
1965 5717 2092 5770 Cer-

2200 4516 2536 4590 Ogdoadibus
2600 4518 2871 4573 Valentini
2935 4519 3056 4571 vide
3116 4516 3377 4570 Irenaaum
3431 4525 3487 4570 et
3544 4516 3784 4587 Epipha-

2197 4594 2370 4646 nium.

2269 4660 2381 4731 (55)
2410 4658 2765 4727 Σημείωσιν.
2801 4655 3170 4726 Hieronymus
3198 4665 3253 4709 et
3296 4653 3525 4731 Ruﬁnus
3548 4653 3783 4731 subscri-

2194 4726 2422 4801 ptionem
2453 4726 2755 4801 verterunt,
2794 4741 2931 4795 quos
2965 4736 3301 4801 secttlnsest
3332 4726 3783 4801 Christophorso-

2198 4796 2321 4856 nus.
2357 4800 2555 4854 Fateor
2580 4799 2796 4866 quidem
2849 4796 3153 4865 σημείωσιν
3192 4796 3464 4849 interdqu
3513 4809 3612 4862 pro
3656 4799 3783 4848 sub-

2198 4874 2487 4939 scriptione
2516 4867 2683 4933 sumi,
2709 4877 2768 4919 ut
2800 4867 2852 4918 in
2886 4867 3152 4939 superiori
3187 4867 3366 4939 capite
3396 4866 3647 4939 vidi-mus.
3681 4866 3779 4920 Hic

2198 4935 2377 4995 tamen
2404 4942 2475 4992 ita
2509 4939 2649 4992 sumi
2685 4952 2789 4989 non
2820 4944 3015 5003 potest.
3054 4935 3186 4987 Nam
3222 4936 3553 5000 subscriptio
3581 4950 3778 4989 nomen

2198 5010 2598 5065 snbscribeutis
2621 5007 2781 5060 debet
2801 5007 3137 5073 exprimere.
3166 5005 3319 5070 Quod
3355 5019 3479 5058 cum
3528 5006 3629 5057 hoc
3658 5005 3779 5058 loco

2197 5082 2419 5135 minime
2442 5080 2645 5132 factum
2680 5078 2774 5141 sit,
2800 5091 3142 5142 nequaquam
3171 5076 3283 5127 lucc
3315 5075 3643 5143 subscriptio
3673 5076 3779 5129 dici

2197 5151 2378 5214 debet,
2412 5151 2506 5203 sed
2548 5148 2727 5214 potius
2757 5144 3058 5197 adnotatio.
3112 5145 3205 5197 Sic
3249 5143 3579 5215 σημειώσεις
3628 5144 3775 5197 dice-

2198 5219 2398 5273 bantur
2427 5227 2569 5270 nota:
2591 5219 2693 5269 illae
2735 5230 2854 5282 quae
2885 5218 2951 5267 ad
2983 5214 3283 5281 marginem
3310 5214 3647 5283 scriptorum
3686 5230 3781 5267 co-

2196 5290 2375 5342 dicum
2411 5287 2864 5356 appingebantur,
2892 5295 2948 5337 ut
2975 5285 3144 5356 lector
3183 5300 3304 5356 rem,
3334 5293 3522 5356 notatu
3556 5284 3777 5351 dignam

2198 5359 2271 5411 ibi
2303 5354 2953 5423 contineriintelligeret.
2977 5354 3110 5420 Qua:
3136 5364 3262 5407 nota
3293 5354 3346 5407 in
3374 5355 3645 5422 plerisque
3678 5356 3775 5405 ad-

2197 5429 2304 5481 huc
2339 5427 2542 5482 Graecis
2596 5426 3002 5494 exemplaribus
3059 5426 3333 5493 reperitur
3389 5424 3778 5493 compendiose

2194 5514 2453 5565 expressa
2490 5498 2703 5549 dnabns
2730 5505 2944 5565 tantum
2985 5495 3261 5563 prioribus
3295 5494 3514 5557 litteris,
3549 5508 3673 5560 qua:
3697 5494 3778 5546 si-

2196 5564 2452 5639 gitiiiCntIl
2488 5567 2819 5639 σημείωσαι.
2856 5564 3143 5639 Cancrum
3186 5565 3287 5619 hoc
3340 5566 3776 5639 Irenei_l'actntn

2195 5646 2332 5691 adeo
2366 5635 2572 5707 placuit
2618 5638 2868 5698 Eusebio,
2888 5643 2959 5707 qut
2983 5636 3234 5707 eamdem
3264 5648 3481 5702 quoque
3509 5635 3776 5707 observa—

2200 5704 2403 5781 tionem
2430 5709 2545 5776 ipse
2573 5708 2625 5762 in
2663 5705 2934 5761 vestibqu
2968 5704 3218 5759 Chi-attici
3247 5707 3329 5761 sui
3361 5704 3703 5774 apposuerit.
