4198 6394
382 336 484 391 L85

1403 330 1756 387 HISTORIE
1790 330 2349 388 ECCLESIASTICJL
2390 332 2521 386 LIB.
2565 329 2631 389 ν.

3541 342 3646 399 186

380 461 447 530 τῇ
492 454 809 527 Ἐκκλησία,
844 456 925 518 είς
968 454 1066 525 τὴν
1104 452 1365 525 μεγίστην
1413 452 1672 506 ἀσέϐειαν
1707 453 1967 525 περιϐάλ-

2076 453 2332 521 pietatem
2368 468 2463 508 eos
2500 453 2800 521 conjiciunt
2837 455 2930 524 qui
2962 454 3069 513 illis
3099 460 3492 517 assentiuntur.
3521 463 3645 522 Haec

381 549 543 603 λοντα
572 549 700 610 τοὺς
736 544 1092 616 πειθομένους
1133 544 1345 607 αὐτοῖς·
1382 544 1557 597 ταῦτα
1606 545 1675 598 τὰ
1726 544 1969 615 δόγματα

382 640 506 695 οὐδὲ
554 641 604 693 oi
655 639 760 704 ἔξω
808 638 907 708 τῆς
972 636 1297 706 Ἐκκλησίας
1347 636 1613 707 αἱρετικοί
1664 635 1968 707 ἐτόλμησαν

385 732 768 804 ἀποφήνασθαι
805 748 935 783 ποτε
958 747 971 759 ⁸
1013 726 1188 783 ταῦτα
1224 729 1293 783 τά
1316 728 1582 799 δόγματα,
1607 730 1656 781 οἱ
1679 729 1786 800 πρὸ
1812 729 1968 800 ἡμῶν

386 824 767 897 πρεσϐύτεροι,
802 824 852 875 οἰ
882 823 974 875 καί
999 824 1111 884 τοῖς
1137 820 1455 883 ἀποστόλοις
1479 822 1965 891 συμφοιτήσαντες,

387 917 447 969 οὐ
478 914 803 988 παρέδωκάν
836 930 935 967 σοι.
974 910 1128 965 Εἶδον
1159 911 1270 982 γάρ
1320 928 1378 964 σε
1412 914 1543 974 παῖς
1574 910 1648 963 ὢν
1690 909 1772 963 ἐτι
1803 913 1861 965 ὲν
1898 915 1965 983 τῇ

387 1006 539 1059 κάτω
592 1005 745 1076 Ἀσίᾳ.
790 1003 945 1075 παρά
988 1002 1066 1074 τῷ
1099 1001 1463 1070 Πολυκάρπῳ,
1497 999 1765 1071 λαμπρῶς
1795 1000 1968 1071 πράτ-

384 1113 544 1149 τοντα
588 1097 645 1148 ἐν
672 1098 740 1167 τῇ
776 1094 1025 1165 βασιλικῇ
1066 1093 1225 1163 αὐλῇ,
1262 1092 1357 1145 καὶ
1386 1089 1723 1160 πειρώμενον
1755 1091 1967 1144 εὐδοκι-

395 1188 512 1256 μεῖν
539 1185 669 1257 παρ’
699 1185 865 1256 αύτῷ.
894 1182 1109 1238 Μᾶλλον
1140 1184 1250 1255 γὰρ
1281 1182 1350 1235 τὰ
1381 1181 1501 1234 τότε
1529 1181 1964 1254 διαμνημονεύω,

388 1277 497 1331 τῶν
528 1276 751 1348 ἔναγχος
781 1276 1094 1347 γινομένων.
1133 1276 1197 1327 Αἱ
1230 1273 1340 1346 γὰρ
1367 1276 1430 1327 ὲκ
1463 1275 1668 1328 παίδων
1704 1274 1969 1345 μαθήσεις

388 1367 744 1434 συναύξουσαι
780 1369 847 1438 τῇ
887 1367 1054 1437 ψυχῇ,
1102 1363 1347 1418 ἐνοῦνται
1394 1365 1554 1435 αὐτῇ,
1592 1363 1733 1417 ὥστε
1773 1382 1839 1435 με
1873 1363 1967 1417 δύ-

382 1459 575 1515 νασθαι
602 1459 773 1511 εἰπεῖν
805 1458 901 1512 καὶ
928 1459 1017 1510 τὸν
1043 1458 1203 1511 τόπον
1234 1459 1292 1511 ἐν
1324 1452 1368 1527 ᾧ
1399 1456 1764 1528 καθεζόμενος
1795 1457 1966 1511 διελέ-

380 1566 507 1617 γετο
525 1548 552 1599 6
577 1547 841 1618 μακάριος
858 1546 1233 1618 Πολύκαρπος,
1252 1546 1345 1599 καὶ
1359 1546 1457 1609 τὰς
1484 1546 1742 1616 προόδους
1757 1545 1866 1616 (56)
1880 1547 1968 1599 αὐ-

379 1638 474 1691 τοῦ
496 1637 587 1691 καὶ
624 1637 723 1700 τὰς
748 1637 1005 1699 εἰσόδους,
1024 1636 1118 1689 καὶ
1135 1635 1225 1687 τὸν
1247 1634 1570 1706 χαρακτῆρα
1587 1631 1683 1686 τοῦ
1718 1632 1852 1703 βίου,
1872 1634 1966 1686 καὶ

378 1724 477 1797 τὴν
508 1725 602 1779 τοῦ
634 1723 885 1795 σώματος
920 1724 1081 1789 ἰδέαν,
1115 1723 1209 1777 καὶ
1240 1723 1339 1787 τὰς
1357 1722 1619 1790 διαλέξεις
1644 1722 1710 1786 ἃς
1732 1725 1966 1776 ἐποιεῖτο

2069 545 2323 611 dogmata
2358 558 2426 598 ne
2455 544 2553 614 ipsi
2584 544 2802 614 quidem
2856 547 3101 603 ltmretici
3144 561 3300 605 extra
3340 553 3645 611 Ecclesium

2068 636 2230 706 positi
2262 635 2506 704 proferre
2542 652 2777 704 unquam
2814 638 2931 693 ausi
2968 649 3114 695 sunt.
3148 641 3275 699 Hec
3302 644 3549 715 dogmata
3588 647 3645 702 bi

2069 731 2160 794 qui
2193 736 2320 780 ante
2352 741 2454 779 nos
2494 726 2680 780 vixere
2708 728 3040 799 presbyteri,
3093 732 3186 801 qui
3227 734 3390 787 etiam
3422 748 3645 806 aposto-

2070 814 2243 869 lorum
2285 816 2536 884 discipuli
2570 818 2923 882 exstiterant,
2954 834 3306 890 nequaquam
3343 823 3439 878 tibi
3475 827 3646 880 tradi-

2068 907 2287 962 derunt.
2318 906 2439 961 Vidi
2493 908 2635 962 enim
2666 917 2740 970 te,
2773 923 2898 962 cum
2949 910 3129 967 adhuc
3176 928 3312 982 puer
3353 927 3557 981 essem,
3591 917 3644 971 in

2068 997 2333 1054 inferiore
2359 997 2487 1052 Asia
2536 999 2677 1066 apud
2722 996 3099 1068 Polycarpum,
3139 1002 3422 1070 splendide
3475 1021 3645 1075 agen-

2072 1101 2178 1145 tem
2210 1092 2262 1145 in
2295 1091 2517 1160 palatio,
2547 1100 2603 1143 et
2633 1105 2964 1161 magnopere
2997 1093 3336 1149 laborantem
3374 1105 3432 1150 ut
3469 1106 3521 1151 te
3564 1097 3644 1152 illi

2069 1181 2427 1251 approbares.
2462 1180 2681 1235 Etenim
2737 1195 2798 1235 ea
2848 1198 2971 1252 qua:
3007 1193 3133 1238 tunc
3187 1187 3449 1257 temporis
3493 1198 3645 1258 gesta

2068 1280 2214 1338 sunt,
2252 1272 2451 1327 melius
2485 1268 2749 1327 me'moria
2784 1282 2944 1329 teneo
2991 1288 3154 1343 quam
3198 1275 3287 1330 illa
3322 1291 3442 1346 quae
3476 1295 3649 1346 nuper

2069 1363 2408 1419 acciderunt.
2439 1363 2652 1435 Quippe
2682 1379 2745 1419 ea
2781 1380 2900 1434 quae
2934 1368 3088 1436 pueri
3120 1366 3433 1437 didicimus,
3480 1370 3646 1425 simul

2067 1469 2194 1510 cum
2229 1455 2414 1509 animo
2442 1457 2561 1525 ipso
2603 1454 2944 1521 coalescunt,
2999 1456 3158 1525 eique
3205 1456 3423 1526 penitus
3471 1459 3646 1515 inhae-

2068 1556 2209 1601 rent.
2249 1547 2401 1601 Adeo
2452 1556 2512 1601 ut
2561 1556 2616 1602 et
2668 1547 2844 1601 locum
2884 1547 3060 1615 ipsum
3108 1548 3312 1616 possim
3348 1549 3553 1616 dicere,
3589 1552 3645 1607 in

2067 1653 2176 1709 quo
2233 1638 2579 1694 beatissimus
2633 1638 2970 1709 Polycarpus
3026 1638 3224 1695 sedens
3280 1640 3643 1710 disserebat;

2067 1744 2358 1799 processus
2391 1745 2607 1800 quoque
2638 1731 2757 1798 ejus
2786 1739 2842 1785 et
2873 1730 3172 1801 ingressus,
3213 1733 3449 1802 vitaeque
3480 1735 3648 1790 totius

381 1816 519 1888 πρὸς
544 1816 604 1869 τὸ
638 1815 862 1886 πλῆθος,
889 1815 986 1868 καὶ
1012 1814 1111 1886 τὴν
1143 1812 1286 1867 κατά
1323 1812 1569 1866 Ἰωάννου
1603 1829 1964 1884 συναναστρο-

2069 1820 2321 1886 formam,
2371 1830 2426 1874 et
2459 1822 2708 1891 corporis
2758 1818 3035 1891 speciem;
3083 1836 3370 1879 sermones
3410 1825 3649 1895 denique

384 1910 488 1978 φὴν
519 1908 596 1972 ὡς
636 1905 967 1988 ἀπήγγελλε,
1010 1907 1103 1960 καὶ
1148 1906 1249 1975 τὴν
1300 1903 1437 1975 μετά
1480 1903 1587 1958 τῶν
1618 1903 1962 1959 λοιπῶν-τῶν

383 1999 704 2071 ἑωρακότων
736 1998 829 2053 τὸν
861 1998 1063 2070 Κύριον
1085 2015 1099 2028 ·
1136 1998 1231 2051 καὶ
1269 1996 1346 2062 ὡς
1382 1997 1799 2068 ἀπεμνημόνευε
1838 1998 1964 2063 τοὺς

382 2092 574 2161 λόγους
617 2092 816 2156 αὐτῶν,
857 2091 951 2145 καὶ
985 2091 1113 2163 περὶ
1142 2090 1236 2144 τοῦ
1269 2092 1476 2163 Κυρίου
1506 2090 1630 2145 τίνα
1669 2086 1736 2161 ἦν
1765 2090 1800 2144 ἀ
1832 2076 1963 2161 παρ’

385 2183 607 2238 ἐκείνων
644 2183 894 2254 ἀκηκόει,
928 2182 1023 2236 καὶ
1060 2183 1188 2254 ’περί¹
1218 2181 1325 2235 τῶν
1350 2181 1628 2253 δυνάμεων
1659 2182 1844 2245 αὑτοῦ,
1873 2183 1966 2236 καὶ

386 2277 515 2349 περὶ
550 2277 649 2347 τῆς
681 2275 1048 2339 διδασκαλίας,
1081 2275 1157 2340 ὡς
1190 2273 1342 2347 παρά
1373 2273 1656 2328 αὐτοπτῶν
1690 2274 1789 2346 τῆς
1821 2272 1967 2345 ζωῆς

386 2368 481 2422 τοῦ
530 2370 689 2438 λόγου
730 2368 1084 2440 παρειληφὼς
1132 2370 1161 2422 6
1214 2367 1603 2437 Πολύκαρπος,
1656 2367 1966 2438 ἀπήγγελλε

388 2461 567 2514 πάντα
615 2460 878 2530 σύμφωνα
910 2462 1032 2523 ταῖς
1079 2460 1341 2530 Γραφαῖς.
1376 2456 1562 2512 Ταῦτα
1593 2459 1686 2512 καὶ
1717 2459 1838 2511 τότε
1880 2458 1969 2512 διὰ

388 2552 451 2606 τδ
484 2551 629 2615 ἕλεος
674 2550 767 2604 τοῦ
813 2550 947 2604 Θεοῦ
999 2550 1059 2604 τὸ
1099 2552 1185 2603 ἐπ’
1230 2550 1355 2621 ἐμοὶ
1396 2549 1621 2619 γεγονὸς
1667 2548 1969 2611 σπουδαίως

389 2646 606 2715 ἤκουον,
641 2641 1220 2714 ὑπομνηματιζόμενος
1243 2641 1382 2695 αὺτά
1410 2641 1509 2694 οὐκ
1538 2642 1594 2694 ἐν
1627 2639 1823 2712 χάρτῃ,
1854 2639 1968 2693 ἀλλ’

390 2740 449 2790 ἐν
479 2739 547 2809 τῇ
591 2739 696 2807 ἐμῇ
742 2736 971 2807 καρδίᾳ·
1005 2736 1096 2788 καὶ
1129 2735 1215 2788 ἀεὶ
1251 2732 1341 2788 διὰ
1376 2735 1473 2806 τὴν
1508 2735 1669 2806 χάριν
1698 2733 1790 2787 τοῦ
1833 2731 1968 2787 Θεοῦ

391 2831 629 2902 γνησίως
666 2827 806 2883 αὐτὰ
828 2826 1279 2899 ’ἀναμαρυκῶμαι
1301 2845 1313 2857 ·
1347 2827 1439 2880 καὶ
1468 2827 1704 2898 δύναμαι
1735 2826 1969 2898 διαμαρ-

391 2920 657 2992 τύρασθαι
708 2919 1014 2991 ἔμπροσθεν
1064 2918 1157 2972 τοῦ
1205 2917 1362 2983 Θεοῦ,
1411 2920 1492 2972 ὅτι
1538 2918 1592 2971 εί
1637 2936 1688 2972 τι
1729 2918 1970 2972 τοιοῦτον

392 3011 616 3083 ἀκηκόει
643 3012 847 3075 ἐκεῖνος
873 3014 901 3065 ὁ
932 3010 1201 3082 μακάριος
1228 3011 1321 3064 καί
1344 3009 1696 3074 ἀποστολικὸς
1726 3008 1970 3082 πρεσϐύ-

391 3120 568 3175 τερος,
604 3102 915 3175 ἀνακράξας
944 3102 1010 3156 ἂν
1045 3102 1137 3155 καὶ
1166 3100 1449 3173 ἐμφράξας
1480 3099 1549 3153 τὰ
1586 3094 1699 3155 ὦτα
1731 3101 1841 3170 ('57)
1871 3101 1970 3155 αὐο-

392 3196 507 3263 τοῦ,
530 3198 623 3251 καί
659 3195 802 3250 κατά
827 3196 888 3248 τὺ
918 3194 1145 3266 σύνηθες
1183 3193 1378 3255 εἰπὼν,
1417 3213 1433 3244 ι
1472 3187 1544 3244 Ὦ
1571 3192 1704 3246 καλέ
1734 3192 1854 3253 Θεέ.
1891 3194 1971 3258 εἰς

390 3288 538 3352 οἴους
569 3305 636 3358 με
670 3289 898 3356 καιροὺς
929 3289 1259 3358 τετήρηκας,
1281 3286 1369 3339 ἵνα
1386 3286 1586 3337 τούτων
1619 3284 1918 3354 ἀνέχωμαι·
1944 3303 1964 3337 ι

393 3378 655 3448 πεφεύγοι
682 3379 747 3433 ἂν
767 3379 860 3431 καὶ
884 3378 974 3431 τὸν
1005 3379 1168 3431 τόπον
1199 3379 1255 3430 ἐν
1281 3369 1325 3444 ᾧ
1355 3373 1712 3447 καθεζόμενος
1742 3376 1775 3447 ἢ
1801 3375 1972 3439 ἐστὼς

392 3469 501 3524 τῶν
526 3470 779 3524 τοιούτων
812 3471 1037 3542 ἀκηκόει
1077 3469 1270 3537 λόγων.
1306 3470 1416 3522 Καὶ
1444 3470 1509 3522 ἐκ
1535 3468 1642 3522 τῶν
1674 3467 1971 3522 ἐπιστολῶν

392 3562 451 3616 δὲ
478 3561 644 3616 αὑτοῦ
668 3556 742 3615 ὧν
758 3561 1085 3626 ἐπέστειλεν,
1100 3563 1218 3628 ἦτοι
1246 3563 1365 3624 ταῖς
1379 3558 1719 3629 γειτνιώσαις
1746 3559 1971 3631 Ἐκκλη-

395 3653 538 3716 σίαις
564 3652 931 3726 ἐπιστηρίζων
959 3654 1146 3719 αὐτὰς,
1178 3654 1212 3725 ἢ
1238 3654 1346 3707 τῶν
1373 3652 1616 3723 ἀδελφῶν
1649 3670 1757 3706 τισι
1785 3651 1970 3705 νουθε-

391 3744 502 3800 τῶν
535 3746 731 3810 αὺτοὺς
773 3748 865 3801 καὶ
898 3747 1357 3820 προτρεπόμενος,
1391 3747 1613 3802 δύναται
1649 3746 1966 3819 φανεξκυθῆ·

391 3854 478 3891 ναι
526 3857 545 3891 ι
580 3837 765 3892 Ταῦτα
789 3840 818 3892 6
844 3840 1148 3914 Εἰρηναῖος.

2064 1926 2199 1982 quos
2230 1913 2296 1967 ad
2332 1912 2587 1982 populum
2619 1912 2900 1975 habebat;
2932 1921 2987 1966 et
3019 1912 3349 1967 familiarem
3400 1927 3642 1970 consue-

2068 2003 2333 2067 tudinem,
2363 2019 2487 2072 qua:
2517 2004 2591 2057 illi
2622 2019 2746 2058 cum
2774 2002 3006 2069 Joanne,
3028 2013 3088 2057 ut
3121 2006 3403 2071 narrabat,
3433 2015 3490 2061 et
3522 2022 3644 2061 cum

2065 2095 2292 2164 reliquis
2331 2099 2426 2165 qui
2453 2095 2739 2151 Dominum
2770 2096 2948 2165 ipsum
2987 2096 3275 2163 vidissent,
3311 2097 3648 2153 intercesse-

2068 2198 2192 2241 rat:
2229 2198 2283 2243 et
2317 2188 2554 2257 qualiter
2584 2188 2728 2242 dicta
2763 2187 2978 2242 illorum
3010 2187 3481 2243 commemorabat
3526 2207 3541 2244 :
3585 2199 3644 2245 et

2068 2294 2407 2349 quaecunque
2439 2281 2505 2333 de
2534 2279 2761 2333 Domino
2797 2280 2865 2333 ab
2899 2279 3092 2332 iisdem
3117 2278 3385 2335 audierat.
3433 2281 3508 2336 De
3537 2280 3645 2335 mi-

2070 2372 2271 2428 raculis
2303 2386 2520 2441 quoque
2571 2371 2717 2425 illius
2768 2385 2831 2424 ac
2880 2371 2948 2425 de
2976 2370 3246 2438 doctrina,
3288 2380 3449 2440 prout
3478 2372 3546 2426 ab
3574 2373 3644 2427 iis

2068 2466 2164 2534 qui
2194 2463 2418 2519 verbmn
2449 2464 2573 2518 vita:
2607 2462 2707 2532 ipsi
2743 2470 3144 2530 conspexerant
3174 2461 3506 2533 Polycarpus
3549 2478 3646 2517 ac-

2070 2566 2309 2626 ceperat,
2337 2556 2527 2609 eodem
2562 2568 2786 2622 prorsus
2838 2556 2997 2610 modo
3025 2555 3319 2620 referebat,
3360 2554 3413 2608 in
3460 2557 3646 2610 omni-

2070 2646 2171 2702 bus
2204 2662 2326 2702 cum
2359 2645 2641 2716 Scriptura
2672 2661 2827 2701 sacra
2860 2648 3230 2702 consentiens.
3260 2644 3385 2700 Haec
3419 2662 3521 2715 ego
3553 2648 3641 2700 di-

2069 2740 2195 2792 vina
2249 2739 2380 2793 mihi
2417 2738 2687 2809 largiente
2741 2739 3034 2793 clementia
3071 2749 3199 2795 tunc
3230 2740 3508 2794 studiosus
3547 2755 3646 2793 au-

2072 2831 2309 2895 diebam,
2366 2846 2471 2884 non
2498 2830 2585 2883 oin
2632 2831 2821 2884 charta
2872 2832 2965 2885 sed
3011 2831 3064 2884 in
3096 2833 3277 2900 .corde
3306 2846 3425 2884 meo
3460 2832 3647 2886 audita

2072 2918 2392 2974 describens
2417 2936 2432 2973 :
2464 2920 2764 2989 eademque
2790 2934 2885 2989 per
2927 2919 3019 2974 Dei
3054 2921 3286 2988 gratiam
3316 2921 3533 2974 assidue
3559 2934 3649 2974 re-

2072 3019 2197 3081 peto
2220 3026 2283 3065 ac
2315 3012 2553 3065 revolvo.
2579 3010 2646 3064 Et
2676 3012 2726 3064 in
2758 3021 3057 3081 conspectu
3091 3012 3183 3066 Dei
3224 3009 3496 3066 afﬁrmare
3524 3026 3645 3081 pos-

2075 3115 2222 3164 sum,
2251 3102 2467 3157 beatum
2492 3102 2641 3156 illum
2667 3113 2723 3157 et
2752 3101 3115 3173 apostolicum
3153 3103 3566 3173 presbyterum,
3598 3103 3644 3157 si

2073 3192 2200 3261 quid
2258 3191 2522 3261 ejusmodi
2559 3206 2799 3262 unquam
2850 3191 3146 3258 andiisset,
3208 3194 3644 3247 exclamaturum

2070 3282 2352 3349 continuo,
2383 3293 2439 3338 et
2467 3282 2735 3338 obturatis
2766 3282 2991 3338 auribus
3023 3284 3143 3338 suis
3170 3283 3449 3338 dicturum
3481 3283 3649 3338 fuisse

2071 3384 2230 3445 prout
2259 3375 2359 3444 ipsi
2399 3375 2567 3429 moris
2592 3386 2749 3430 erat:
2786 3394 2806 3426 ι
2835 3377 2974 3429 Deus
2997 3376 3292 3445 bone,quae
3323 3390 3410 3430 me
3434 3376 3483 3428 in
3515 3385 3649 3428 tem-

2073 3479 2207 3532 pora
2239 3463 2625 3529 reservasti,ut
2649 3465 2761 3520 haec
2792 3466 3157 3521 sustinerem!
3186 3484 3205 3516 ι
3230 3466 3409 3534 Atque
3439 3480 3503 3519 ex
3529 3465 3648 3521 loco

2075 3556 2192 3626 ipso
2218 3554 2611 3625 aufugiturum,
2661 3556 2714 3609 in
2754 3570 2862 3625 quo
2903 3570 2997 3610 seu
3042 3568 3217 3622 stans,
3272 3572 3367 3611 seu
3429 3558 3647 3620 sedens,

2076 3647 2339 3716 ejusmodi
2394 3661 2679 3702 sermones
2725 3649 3009 3705 audiisset.
3049 3648 3157 3703 Sed
3207 3658 3262 3703 et
3311 3664 3375 3703 ex
3407 3647 3652 3717 epistolis

2075 3742 2225 3796 illius
2248 3740 2301 3795 id
2340 3740 2548 3809 liquido
2591 3732 2938 3810 comprobari
2967 3750 3172 3810 potest,
3212 3756 3348 3810 quas
3385 3741 3477 3796 ille
3523 3756 3649 3811 par-

2076 3832 2172 3886 tim
2224 3832 2294 3887 ad
2337 3832 2548 3886 vicinas
2591 3831 2863 3888 Ecclesias
2898 3844 2958 3886 ut
2983 3848 3079 3887 eas
3111 3833 3491 3897 confirmaret,
3525 3844 3653 3900 par-

390 3932 487 3986 tim
518 3933 585 3986 ad
611 3933 874 4001 quosdam
907 3948 972 3986 es
1012 3931 1273 3988 fratribus
1306 3932 1479 4002 misit,
1504 3931 1802 3986 admonens
1833 3927 1954 3985 illos
1984 3935 2147 3997 atque
2168 3924 2493 3980 exhortans.
2523 3942 2542 3976 ι
2565 3923 2837 3978 llactenus
2864 3925 3119 3979 lrenaaus.

885 4026 1281 4080 ΚΕΦΑΛΑΙΟΝ
1327 4026 1456 4079 KA'.

438 4118 628 4185 Ὅπως
656 4118 755 4173 ἐπὶ
806 4118 1485 4189 Ῥώμηςηέμςιρτύρησεν
1532 4116 1917 4181 Ἀπολλώνιος

854 4190 998 4261 (Nic.
1032 4188 1101 4242 Η.
1130 4188 1198 4243 Ε.
1223 4206 1297 4252 ιν,
1322 4190 1435 4260 26).

460 4283 616 4335 Κατά
637 4282 695 4335 δὲ
726 4282 816 4336 τὸν
844 4282 1009 4335 αὐτὸν
1045 4281 1147 4351 τῆς
1174 4280 1420 4352 Κομόδου
1451 4278 1726 4351 βασιλείας
1753 4280 1965 4351 χρόνον,

394 4370 762 4441 μεταϐέϐλητο
786 4372 883 4442 μὲν
910 4372 1001 4424 ἐπὶ
1028 4371 1088 4424 τὸ
1112 4372 1285 4442 πρᾶον
1314 4369 1384 4423 τά
1411 4369 1533 4424 καθ’
1559 4371 1724 4441 ἡμᾶς,
1744 4371 1968 4442 εἰρήνης

2571 4015 2734 4087 139
2754 4014 2979 4070 CAPUT
3009 4015 3155 4075 XXI.

2079 4108 2359 4175 Quomodo
2384 4107 2697 4179 Apollonius
2738 4106 2923 4163 Roma:
2973 4108 3289 4177 martyrium
3329 4122 3518 4176 passus
3547 4116 3645 4163 est.

2143 4285 2345 4340 Eodem
2383 4294 2648 4356 tempore,
2679 4283 2978 4339 Commodo
3004 4283 3292 4352 imperium
3338 4280 3643 4334 Romanqu

2070 4377 2374 4441 obtinente,
2402 4392 2490 4431 res
2522 4378 2736 4446 quidem
2769 4389 2968 4431 nostra:
2999 4376 3051 4429 in
3085 4372 3458 4442 tranquilliora
3500 4382 3643 4426 statu

393 4463 489 4516 σὺν
518 4462 637 4535 θείᾳ
668 4466 848 4536 χάριτι
876 4464 975 4527 τὰς
1004 4463 1126 4517 καθ’
1154 4463 1283 4533 ὅλης
1309 4463 1409 4533 τῆς
1437 4464 1760 4535 οἰκουμένης
1787 4462 1967 4516 διαλα-

2071 4471 2443 4531 versabantur,
2498 4484 2630 4537 pace
2670 4483 2765 4539 per
2815 4469 2909 4522 Dei
2958 4466 3187 4535 gratiam
3237 4473 3464 4518 cunctas
3490 4461 3642 4516 orbis

391 4551 591 4623 δούσης
652 4553 1007 4625 Ἐκκλησίας·
1059 4554 1149 4607 ὅτε
1196 4555 1289 4607 καὶ
1311 4555 1341 4606 6
1391 4555 1653 4624 σωτήριος
1697 4552 1852 4622 λόγος
1901 4554 1967 4605 ἐκ

2069 4568 2338 4615 terrarum
2362 4559 2635 4614 Ecclesias
2664 4559 2969 4628 complexa.
3009 4559 3186 4624 Atque
3231 4553 3447 4611 interim
3495 4555 3643 4607 salu-

392 4644 592 4707 παντδς
623 4645 810 4713 γένους
838 4644 1161 4719 ἀνθρώπων,
1191 4648 1370 4700 πᾶσαν
1400 4647 1639 4717 ὑπήγετο
1667 4645 1843 4717 ψυχὴν
1874 4646 1966 4699 ἐπὶ¹

2070 4652 2204 4705 laris
2234 4649 2328 4706 Dei
2359 4666 2541 4705 sermo
2572 4665 2637 4704 ex
2665 4651 2810 4703 omni
2858 4662 3056 4717 genere
3108 4645 3389 4701 hominum
3442 4658 3639 4712 quam-

390 4731 491 4801 τὴν
516 4733 714 4804 εὐσεϐῆ
741 4733 835 4787 τοῦ
863 4734 970 4789 τῶν
997 4734 1132 4788 ὅλων
1165 4734 1300 4788 Θεοῦ
1326 4736 1620 4807 θρησκείαν
1639 4753 1652 4766 ο
1693 4734 1833 4789 ὥστε
1862 4736 1961 4810 ήδη

2069 4741 2333 4812 plurimos
2381 4742 2449 4796 ad
2493 4741 2808 4813 religiosum
2864 4740 3063 4795 summi
3116 4734 3379 4792 Numinis
3433 4736 3637 4789 cultum

467 4843 582 4921 (:36)
617 4841 1090 4921 τὰς-,τεροόδουςζ
1107 4845 1199 4921 S_ic
1224 4847 1346 4921 cod_.
1381 4845 1543 4921 Reg.,
1567 4846 1731 4921 Mam,
1777 4847 1968 4907 Medic.
2079 4868 2238 4917 reses,
2264 4852 2440 4919 capite
2469 4864 2684 4921 quarto,
2720 4853 2967 4907 eunidem
3013 4865 3216 4905 morem
3268 4849 3511 4905 declarat
3555 4849 3639 4903 bis

396 4925 452 4970 et
472 4915 705 4992 _Nieeplt.
725 4911 811 4992 _l_ta
857 4915 1022 4968 etiam
1052 4913 1186 4969 Fuk.
1219 4930 1285 4969 ac
1315 4911 1509 4980 SaviII,
1547 4911 1766 4973 codices
1793 4928 1973 4975 tomus
2075 4911 2258 4975 verbis
2296 4911 2543 4992 {Quibus
2596 4926 2641 4976 si
2674 4911 2867 4992 aliquis
2899 4922 3291 4975 annuntiarerit
3342 4937 3404 4973 ea
3436 4935 3553 4990 qua:
3575 4920 3640 4971 ab

395 4984 882 5058 V°l£2_“,°"93559"‘°
1147 5049 1240 5058 --
1373 5053 1435 5058 μ-

2074 4984 2660 5045 Ιιωνειὶσὲεάάὶηυεπω
2709 4984 2854 5053 sunt,
2896 4992 3110 5058 proprio
3159 5005 3395 5044 sermone
3447 4984 3641 5042 eorum

466 5049 1072 5131 (37)_Itfal_ép;epd€a¢
1098 5052 1175 5131 τέε
1205 5049 1344 5131 (bra.
1373 5053 1472 5131 Hic
1509 5066 1798 5131 {nosherat
1822 5066 1967 5131 vete-

2074 5062 2398 5131 colloqttens.
2441 5062 2615 5131 statim
2642 5049 3007 5116 corrc/adeules
3024 5076 3201 5123 aures,
3240 5061 3393 5128 longo
3434 5058 3640 5131 longius

396 5141 514 5200 rum
548 5124 1006 5200 Christianorum,
1045 5126 1176 5179 utsi
1215 5126 1351 5180 forte
1396 5127 1449 5180 in
1500 5124 1970 5200 famil‘iariAchlo-
2074 5124 2298 5198 fugient,
2350 5147 2413 5183 ne
2461 5130 2649 5183 audire
2693 5131 2904 5200 quidem
2941 5124 3639 5200 sustinentesAblasphemuru

393 5196 776 5268 quioimpimn
810 5193 1043 5268 aliquem
1072 5207 1375 5268 sermonem
1399 5204 1453 5250 et
1486 5210 1517 5248 a
1539 5197 1660 5252 fidei
1685 5196 1969 5252 catholica:
2073 5193 2412 5268 rel/equinam.
2439 5193 3060 5254 Prmterea'Athanasins
3090 5200 3143 5252 in
3180 5193 3419 5268 Epistula
3449 5201 3517 5268 ad
3550 5214 3640 5268 so-

396 5265 582 5338 regnla
611 5266 1024 5338 dissentientem
1060 5264 1380 5338 andiissent,
1412 5268 1661 5334 protinus
1682 5269 1956 5338 obturatis

2069 5264 2265 5323 litarios
2294 5289 2307 5323 :
2341 5270 2407 5321 Ὢ
2433 5270 2513 5333 τίς
2538 5270 2777 5334 ἀκούσας
2797 5271 2858 5323 οὐ
2890 5269 3198 5338 δακρύσειε,
3229 5264 3373 5338 τάχα
3406 5267 3500 5321 καὶ
3529 5266 3642 5338 τὴν

395 5332 620 5412 auribus
642 5350 763 5412 sese
790 5336 842 5412 in
870 5332 1046 5412 fugam
1089 5333 1303 5412 darent.
1339 5332 1453 5412 Qua
1483 5338 1549 5391 de
1580 5352 1640 5412 r_e
1680 5337 1959 5412 loc_us_ex-

2069 5332 2548 5412 ἀκοὴνμκλείσειεν,
2608 5340 2694 5393 ἵνα
2736 5332 2871 5410 μηδέ
2906 5332 3107 5412 ,ἐτέρου
3158 5332 3407 5412 λέγοντος
3445 5332 3640 5412 ἀνέχησ-

397 5414 508 5459 stat
537 5405 860 5479 iAllUSll'i‘Sslll
894 5401 1554 5479 lib._n_Recogrtitiogum
1589 5406 1960 5479 Pseudo-Cle-
2060 5427 2151 5462 ται
2183 5401 2200 5476 ξ
2234 5401 2592 5479 Hieronymus
2628 5401 2861 5479 denique
2904 5410 2955 5463 in
3009 5401 3102 5466 lib.
3142 5425 3160 5463 ι
3194 5401 3451 5479 Adversus
3484 5401 3633 5479 κάγέ-

396 5476 621 5549 mentis,_
647 5476 736 5529 ubi
771 5474 958 5528 Simon
985 5472 1045 5526 Β.
1078 5473 1239 5549 Petro
1262 5475 1335 5549 ait
1368 5472 1489 5549 :_Si_
1502 5477 1684 5549 dixero
1705 5478 1844 5547 quod
1866 5494 1956 5532 ηε·
2062 5472 2243 5549 nam;
2274 5472 2452 5533 Lectis
2477 5496 2644 5549 nuper
2672 5472 2945 5547 Theophili
2974 5495 3124 5549 pana:
3149 5474 3405 5549 epistolis,
3433 5477 3488 5526 in
3519 5476 3641 5542 qui-

392 5559 492 5618 que
529 5545 621 5597 tibi
650 5559 957 5618 consonum,
993 5560 1087 5597 nec
1111 5543 1273 5618 uulgo
1316 5544 1436 5618 huic
1472 5543 1725 5614 imperito
1758 5559 1952 5601 rectum
2062 5550 2156 5602 bus
2184 5546 2426 5618 Origem's
2446 5543 2654 5617 exponit
2689 5543 2916 5612 errores,
2947 5543 3144 5603 dicitur
3175 5543 3444 5599 abiurasse
3482 5559 3637 5618 aui-es

394 5615 706 5685 eidetur.qtu
729 5615 937 5685 quidem
971 5615 1120 5682 quasi
1150 5613 1558 5685 obstupefactus,
1590 5631 1744 5669 aures
1783 5618 1955 5669 couti-
2058 5635 2207 5681 suas,
2249 5613 2303 5671 ei
2342 5613 2608 5674 auctorem
2647 5621 2783 5674 tanti
2813 5621 2940 5674 mali
2987 5618 3134 5673 clara
3179 5627 3356 5671 coram
3399 5615 3639 5667 onmibus

394 5697 499 5735 nua
525 5683 824 5748 occludens,
862 5683 992 5737 velut
1022 5699 1087 5753 ne
1121 5683 1444 5753 blasphemia
1471 5685 1800 5753 polluantur,
1838 5702 1952 5739 ver-
2062 5705 2183 5744 uoce
2210 5689 2507 5745 damnasse.

393 5753 515 5806 teris
545 5753 596 5806 in
620 5754 822 5824 fugam.
847 5754 955 5809 Sed
986 5762 1040 5809 et
1066 5752 1302 5809 lreumus
1333 5753 1385 5808 in
1418 5752 1511 5810 lib.
1548 5770 1606 5810 ιιι
1632 5752 1827 5810 Contra
1845 5756 1947 5811 hce-
