  <div class='ocr_page' id='page_1' title='image "/cluster/home/n/w/nwhite01/storage/ocr_20150623/20:no.2/coo.31924054873009/255.png"; bbox 0 0 4198 6430; ppageno 0'>
   <div class='ocr_carea' id='block_1_1' title="bbox 525 318 619 374">
    <p class='ocr_par' dir='ltr' id='par_1_1' title="bbox 525 318 619 374">
     <span class='ocr_line' id='line_1_1' title="bbox 525 318 619 374; baseline -0.021 0"><span class='ocrx_word' id='word_1_1' title='bbox 525 318 619 374; x_wconf 59' lang='lat' dir='ltr'><strong>till</strong></span> 
     </span>
    </p>
   </div>
   <div class='ocr_carea' id='block_1_2' title="bbox 1262 307 3052 366">
    <p class='ocr_par' dir='ltr' id='par_1_2' title="bbox 1262 307 3052 366">
     <span class='ocr_line' id='line_1_2' title="bbox 1262 307 3052 366; baseline -0.002 -2"><span class='ocrx_word' id='word_1_2' title='bbox 1262 308 1526 366; x_wconf 81' lang='lat' dir='ltr'><strong>EUSEBII</strong></span> <span class='ocrx_word' id='word_1_3' title='bbox 1563 309 2032 366; x_wconf 62' lang='lat' dir='ltr'><strong>CESARIENSIS</strong></span> <span class='ocrx_word' id='word_1_4' title='bbox 2069 311 2218 366; x_wconf 86' lang='lat' dir='ltr'><strong>OPP.</strong></span> <span class='ocrx_word' id='word_1_5' title='bbox 2262 309 2440 366; x_wconf 78' lang='lat' dir='ltr'><strong>PARS</strong></span> <span class='ocrx_word' id='word_1_6' title='bbox 2477 311 2520 365; x_wconf 79' lang='grc' dir='ltr'><strong>ἱ.</strong></span> <span class='ocrx_word' id='word_1_7' title='bbox 2554 340 2624 352; x_wconf 90' lang='lat'><strong>-</strong></span> <span class='ocrx_word' id='word_1_8' title='bbox 2663 307 3052 366; x_wconf 77' lang='lat' dir='ltr'><strong>HISTORICA.</strong></span> 
     </span>
    </p>
   </div>
   <div class='ocr_carea' id='block_1_3' title="bbox 3659 307 3762 362">
    <p class='ocr_par' dir='ltr' id='par_1_3' title="bbox 3659 307 3762 362">
     <span class='ocr_line' id='line_1_3' title="bbox 3659 307 3762 362; baseline -0.01 -1"><span class='ocrx_word' id='word_1_9' title='bbox 3659 307 3762 362; x_wconf 69' lang='grc'><strong>402</strong></span> 
     </span>
    </p>
   </div>
   <div class='ocr_carea' id='block_1_4' title="bbox 519 421 2086 506">
    <p class='ocr_par' dir='ltr' id='par_1_4' title="bbox 519 426 2086 506">
     <span class='ocr_line' id='line_1_4' title="bbox 519 426 2086 506; baseline -0.006 -16"><span class='ocrx_word' id='word_1_10' title='bbox 519 439 664 506; x_wconf 91' lang='lat' dir='ltr'><strong>quod</strong></span> <span class='ocrx_word' id='word_1_11' title='bbox 689 449 877 489; x_wconf 87' lang='lat' dir='ltr'><strong>omnes</strong></span> <span class='ocrx_word' id='word_1_12' title='bbox 922 446 1015 502; x_wconf 84' lang='lat' dir='ltr'><strong>per</strong></span> <span class='ocrx_word' id='word_1_13' title='bbox 1047 428 1234 484; x_wconf 88' lang='lat' dir='ltr'><strong>Asiam</strong></span> <span class='ocrx_word' id='word_1_14' title='bbox 1290 426 1545 481; x_wconf 75' lang='lat' dir='ltr'><strong>Ecclesia:</strong></span> <span class='ocrx_word' id='word_1_15' title='bbox 1602 438 1813 483; x_wconf 89' lang='lat' dir='ltr'><strong>vetusta</strong></span> <span class='ocrx_word' id='word_1_16' title='bbox 1855 427 2086 497; x_wconf 84' lang='lat' dir='ltr'><strong>quadam</strong></span> 
     </span>
    </p>
   </div>
   <div class='ocr_carea' id='block_1_5' title="bbox 2183 421 3767 506">
    <p class='ocr_par' dir='ltr' id='par_1_5' title="bbox 2189 421 3767 498">
     <span class='ocr_line' id='line_1_5' title="bbox 2189 421 3767 498; baseline -0.002 -19"><span class='ocrx_word' id='word_1_17' title='bbox 2189 427 2391 498; x_wconf 81' lang='grc' dir='ltr'>θείσης,</span> <span class='ocrx_word' id='word_1_18' title='bbox 2431 428 2602 497; x_wconf 78' lang='grc' dir='ltr'>ὁτιδὴ</span> <span class='ocrx_word' id='word_1_19' title='bbox 2634 427 2732 497; x_wconf 84' lang='grc' dir='ltr'><strong>τῆς</strong></span> <span class='ocrx_word' id='word_1_20' title='bbox 2776 426 2958 488; x_wconf 83' lang='grc' dir='ltr'>Ἀσίας</span> <span class='ocrx_word' id='word_1_21' title='bbox 2985 423 3202 493; x_wconf 79' lang='grc' dir='ltr'>ἀπάσης</span> <span class='ocrx_word' id='word_1_22' title='bbox 3241 425 3295 477; x_wconf 79' lang='grc' dir='ltr'><strong>αἱ</strong></span> <span class='ocrx_word' id='word_1_23' title='bbox 3330 423 3611 495; x_wconf 88' lang='grc' dir='ltr'>παροικίαι</span> <span class='ocrx_word' id='word_1_24' title='bbox 3648 421 3767 493; x_wconf 70' lang='grc'>(52)</span> 
     </span>
    </p>
   </div>
   <div class='ocr_carea' id='block_1_6' title="bbox 525 515 2081 586">
    <p class='ocr_par' dir='ltr' id='par_1_6' title="bbox 525 515 2081 586">
     <span class='ocr_line' id='line_1_6' title="bbox 525 515 2081 586; baseline -0.012 -6"><span class='ocrx_word' id='word_1_25' title='bbox 525 525 823 580; x_wconf 89' lang='lat' dir='ltr'><strong>traditione</strong></span> <span class='ocrx_word' id='word_1_26' title='bbox 852 522 1012 582; x_wconf 66' lang='lat' dir='ltr'><strong>uiuite,</strong></span> <span class='ocrx_word' id='word_1_27' title='bbox 1041 515 1449 586; x_wconf 87' lang='lat' dir='ltr'><strong>quartadecima</strong></span> <span class='ocrx_word' id='word_1_28' title='bbox 1501 517 1626 572; x_wconf 90' lang='lat' dir='ltr'><strong>luna</strong></span> <span class='ocrx_word' id='word_1_29' title='bbox 1682 516 1939 573; x_wconf 87' lang='lat' dir='ltr'><strong>salutaris</strong></span> <span class='ocrx_word' id='word_1_30' title='bbox 1989 517 2081 570; x_wconf 83' lang='lat' dir='ltr'><strong>Pa-</strong></span> 
     </span>
    </p>
   </div>
   <div class='ocr_carea' id='block_1_7' title="bbox 520 611 2082 675">
    <p class='ocr_par' dir='ltr' id='par_1_7' title="bbox 520 611 2082 675">
     <span class='ocr_line' id='line_1_7' title="bbox 520 611 2082 675; baseline -0.006 -4"><span class='ocrx_word' id='word_1_31' title='bbox 520 617 666 671; x_wconf 78' lang='lat' dir='ltr'><strong>schze</strong></span> <span class='ocrx_word' id='word_1_32' title='bbox 703 615 898 670; x_wconf 79' lang='lat' dir='ltr'><strong>festum</strong></span> <span class='ocrx_word' id='word_1_33' title='bbox 951 614 1093 667; x_wconf 91' lang='lat' dir='ltr'><strong>diem</strong></span> <span class='ocrx_word' id='word_1_34' title='bbox 1139 611 1522 666; x_wconf 86' lang='lat' dir='ltr'><strong>celebrandum</strong></span> <span class='ocrx_word' id='word_1_35' title='bbox 1574 623 1693 664; x_wconf 89' lang='lat' dir='ltr'><strong>esse</strong></span> <span class='ocrx_word' id='word_1_36' title='bbox 1752 611 2082 675; x_wconf 82' lang='lat' dir='ltr'><strong>censebam,</strong></span> 
     </span>
    </p>
   </div>
   <div class='ocr_carea' id='block_1_8' title="bbox 519 700 2084 776">
    <p class='ocr_par' dir='ltr' id='par_1_8' title="bbox 519 700 2084 776">
     <span class='ocr_line' id='line_1_8' title="bbox 519 700 2084 776; baseline -0.005 -14"><span class='ocrx_word' id='word_1_37' title='bbox 519 723 630 776; x_wconf 93' lang='lat' dir='ltr'><strong>quo</strong></span> <span class='ocrx_word' id='word_1_38' title='bbox 660 706 747 760; x_wconf 91' lang='lat' dir='ltr'><strong>die</strong></span> <span class='ocrx_word' id='word_1_39' title='bbox 781 704 1154 775; x_wconf 70' lang='lat' dir='ltr'><strong>praescriptum</strong></span> <span class='ocrx_word' id='word_1_40' title='bbox 1183 710 1303 755; x_wconf 90' lang='lat' dir='ltr'><strong>erat</strong></span> <span class='ocrx_word' id='word_1_41' title='bbox 1327 700 1529 755; x_wconf 56' lang='lat' dir='ltr'><strong>ludatis</strong></span> <span class='ocrx_word' id='word_1_42' title='bbox 1555 710 1613 754; x_wconf 92' lang='lat' dir='ltr'><strong>ut</strong></span> <span class='ocrx_word' id='word_1_43' title='bbox 1640 715 1837 770; x_wconf 80' lang='lat' dir='ltr'><strong>agnum</strong></span> <span class='ocrx_word' id='word_1_44' title='bbox 1890 701 2084 754; x_wconf 82' lang='lat' dir='ltr'><strong>immo-</strong></span> 
     </span>
    </p>
   </div>
   <div class='ocr_carea' id='block_1_9' title="bbox 519 791 2082 864">
    <p class='ocr_par' dir='ltr' id='par_1_9' title="bbox 519 791 2082 864">
     <span class='ocr_line' id='line_1_9' title="bbox 519 791 2082 864; baseline -0.005 -13"><span class='ocrx_word' id='word_1_45' title='bbox 519 799 693 851; x_wconf 87' lang='lat' dir='ltr'><strong>larent</strong></span> <span class='ocrx_word' id='word_1_46' title='bbox 718 814 733 850; x_wconf 89' lang='lat'>:</span> <span class='ocrx_word' id='word_1_47' title='bbox 767 811 938 864; x_wconf 88' lang='lat' dir='ltr'><strong>eaque</strong></span> <span class='ocrx_word' id='word_1_48' title='bbox 975 793 1198 848; x_wconf 84' lang='lat' dir='ltr'><strong>omnino</strong></span> <span class='ocrx_word' id='word_1_49' title='bbox 1229 791 1354 844; x_wconf 93' lang='lat' dir='ltr'><strong>luna</strong></span> <span class='ocrx_word' id='word_1_50' title='bbox 1382 791 1435 844; x_wconf 93' lang='lat' dir='ltr'><strong>in</strong></span> <span class='ocrx_word' id='word_1_51' title='bbox 1457 804 1838 860; x_wconf 81' lang='lat' dir='ltr'><strong>quemcunque</strong></span> <span class='ocrx_word' id='word_1_52' title='bbox 1861 791 2082 845; x_wconf 90' lang='lat' dir='ltr'><strong>demum</strong></span> 
     </span>
    </p>
   </div>
   <div class='ocr_carea' id='block_1_10' title="bbox 517 881 2082 957">
    <p class='ocr_par' dir='ltr' id='par_1_10' title="bbox 517 881 2082 957">
     <span class='ocr_line' id='line_1_10' title="bbox 517 881 2082 957; baseline -0.006 -14"><span class='ocrx_word' id='word_1_53' title='bbox 517 887 1020 957; x_wconf 74' lang='lat' dir='ltr'><strong>diem&#39;septimante</strong></span> <span class='ocrx_word' id='word_1_54' title='bbox 1081 883 1383 946; x_wconf 85' lang='lat' dir='ltr'><strong>incidisset,</strong></span> <span class='ocrx_word' id='word_1_55' title='bbox 1437 883 1595 936; x_wconf 85' lang='lat' dir='ltr'><strong>finem</strong></span> <span class='ocrx_word' id='word_1_56' title='bbox 1641 881 1858 952; x_wconf 79' lang='lat' dir='ltr'><strong>jejuniis</strong></span> <span class='ocrx_word' id='word_1_57' title='bbox 1906 881 2082 951; x_wconf 90' lang='lat' dir='ltr'><strong>impo-</strong></span> 
     </span>
    </p>
   </div>
   <div class='ocr_carea' id='block_1_11' title="bbox 514 973 2082 1041">
    <p class='ocr_par' dir='ltr' id='par_1_11' title="bbox 514 973 2082 1041">
     <span class='ocr_line' id='line_1_11' title="bbox 514 973 2082 1041; baseline -0.004 -7"><span class='ocrx_word' id='word_1_58' title='bbox 514 979 748 1034; x_wconf 88' lang='lat' dir='ltr'><strong>nendum</strong></span> <span class='ocrx_word' id='word_1_59' title='bbox 775 992 895 1033; x_wconf 91' lang='lat' dir='ltr'><strong>esse</strong></span> <span class='ocrx_word' id='word_1_60' title='bbox 923 974 1234 1032; x_wconf 90' lang='lat' dir='ltr'><strong>statuebant</strong></span> <span class='ocrx_word' id='word_1_61' title='bbox 1262 991 1276 1027; x_wconf 89' lang='lat'><strong>:</strong></span> <span class='ocrx_word' id='word_1_62' title='bbox 1301 988 1425 1027; x_wconf 92' lang='lat' dir='ltr'><strong>cum</strong></span> <span class='ocrx_word' id='word_1_63' title='bbox 1460 983 1636 1030; x_wconf 89' lang='lat' dir='ltr'><strong>tamen</strong></span> <span class='ocrx_word' id='word_1_64' title='bbox 1669 973 1888 1041; x_wconf 65' lang='lat' dir='ltr'><strong>reliquae</strong></span> <span class='ocrx_word' id='word_1_65' title='bbox 1916 973 2082 1028; x_wconf 87' lang='lat' dir='ltr'><strong>totius</strong></span> 
     </span>
    </p>
   </div>
   <div class='ocr_carea' id='block_1_12' title="bbox 512 1065 2081 1134">
    <p class='ocr_par' dir='ltr' id='par_1_12' title="bbox 512 1065 2081 1134">
     <span class='ocr_line' id='line_1_12' title="bbox 512 1065 2081 1134; baseline -0.004 -9"><span class='ocrx_word' id='word_1_66' title='bbox 512 1070 662 1124; x_wconf 86' lang='lat' dir='ltr'><strong>orbis</strong></span> <span class='ocrx_word' id='word_1_67' title='bbox 688 1068 941 1123; x_wconf 74' lang='lat' dir='ltr'><strong>Ecclesiae</strong></span> <span class='ocrx_word' id='word_1_68' title='bbox 972 1067 1078 1121; x_wconf 89' lang='lat' dir='ltr'><strong>alio</strong></span> <span class='ocrx_word' id='word_1_69' title='bbox 1108 1079 1262 1119; x_wconf 92' lang='lat' dir='ltr'><strong>more</strong></span> <span class='ocrx_word' id='word_1_70' title='bbox 1291 1073 1595 1127; x_wconf 89' lang='lat' dir='ltr'><strong>uterentur,</strong></span> <span class='ocrx_word' id='word_1_71' title='bbox 1646 1065 1737 1132; x_wconf 92' lang='lat' dir='ltr'><strong>qui</strong></span> <span class='ocrx_word' id='word_1_72' title='bbox 1772 1080 1835 1118; x_wconf 81' lang='lat' dir='ltr'><strong>ex</strong></span> <span class='ocrx_word' id='word_1_73' title='bbox 1862 1072 2081 1134; x_wconf 82' lang='lat' dir='ltr'><strong>aposto-</strong></span> 
     </span>
    </p>
   </div>
   <div class='ocr_carea' id='block_1_13' title="bbox 516 1156 2083 1225">
    <p class='ocr_par' dir='ltr' id='par_1_13' title="bbox 516 1156 2083 1225">
     <span class='ocr_line' id='line_1_13' title="bbox 516 1156 2083 1225; baseline -0.004 -9"><span class='ocrx_word' id='word_1_74' title='bbox 516 1162 694 1218; x_wconf 89' lang='lat' dir='ltr'><strong>lorum</strong></span> <span class='ocrx_word' id='word_1_75' title='bbox 730 1161 1025 1215; x_wconf 89' lang='lat' dir='ltr'><strong>traditione</strong></span> <span class='ocrx_word' id='word_1_76' title='bbox 1057 1156 1331 1225; x_wconf 85' lang='lat' dir='ltr'><strong>profectus</strong></span> <span class='ocrx_word' id='word_1_77' title='bbox 1383 1156 1679 1210; x_wconf 90' lang='lat' dir='ltr'><strong>etiamnum</strong></span> <span class='ocrx_word' id='word_1_78' title='bbox 1720 1166 1990 1221; x_wconf 77' lang='lat' dir='ltr'><strong>servatur,</strong></span> <span class='ocrx_word' id='word_1_79' title='bbox 2024 1165 2083 1210; x_wconf 91' lang='lat' dir='ltr'><strong>ut</strong></span> 
     </span>
    </p>
   </div>
   <div class='ocr_carea' id='block_1_14' title="bbox 513 1249 2080 1320">
    <p class='ocr_par' dir='ltr' id='par_1_14' title="bbox 513 1249 2080 1320">
     <span class='ocr_line' id='line_1_14' title="bbox 513 1249 2080 1320; baseline -0.005 -9"><span class='ocrx_word' id='word_1_80' title='bbox 513 1253 723 1311; x_wconf 83' lang='lat' dir='ltr'><strong>scilicet</strong></span> <span class='ocrx_word' id='word_1_81' title='bbox 776 1269 882 1308; x_wconf 90' lang='lat' dir='ltr'><strong>non</strong></span> <span class='ocrx_word' id='word_1_82' title='bbox 934 1253 1040 1306; x_wconf 93' lang='lat' dir='ltr'><strong>alio</strong></span> <span class='ocrx_word' id='word_1_83' title='bbox 1094 1266 1255 1320; x_wconf 90' lang='lat' dir='ltr'><strong>quam</strong></span> <span class='ocrx_word' id='word_1_84' title='bbox 1310 1249 1744 1304; x_wconf 81' lang='lat' dir='ltr'><strong>Resurrectionis</strong></span> <span class='ocrx_word' id='word_1_85' title='bbox 1789 1249 2080 1304; x_wconf 78' lang='lat' dir='ltr'><strong>Dominica:</strong></span> 
     </span>
    </p>
   </div>
   <div class='ocr_carea' id='block_1_15' title="bbox 514 1337 2080 1411">
    <p class='ocr_par' dir='ltr' id='par_1_15' title="bbox 514 1337 2080 1411">
     <span class='ocr_line' id='line_1_15' title="bbox 514 1337 2080 1411; baseline -0.003 -14"><span class='ocrx_word' id='word_1_86' title='bbox 514 1342 604 1397; x_wconf 88' lang='lat' dir='ltr'><strong>die</strong></span> <span class='ocrx_word' id='word_1_87' title='bbox 633 1339 840 1411; x_wconf 89' lang='lat' dir='ltr'><strong>jejuuia</strong></span> <span class='ocrx_word' id='word_1_88' title='bbox 894 1339 1032 1395; x_wconf 90' lang='lat' dir='ltr'><strong>solvi</strong></span> <span class='ocrx_word' id='word_1_89' title='bbox 1070 1337 1275 1393; x_wconf 90' lang='lat' dir='ltr'><strong>liceat:</strong></span> <span class='ocrx_word' id='word_1_90' title='bbox 1318 1337 1508 1408; x_wconf 89' lang='lat' dir='ltr'><strong>synodi</strong></span> <span class='ocrx_word' id='word_1_91' title='bbox 1559 1338 1629 1392; x_wconf 89' lang='lat' dir='ltr'><strong>ob</strong></span> <span class='ocrx_word' id='word_1_92' title='bbox 1680 1338 1757 1402; x_wconf 88' lang='lat' dir='ltr'><strong>id,</strong></span> <span class='ocrx_word' id='word_1_93' title='bbox 1798 1348 2080 1408; x_wconf 81' lang='lat' dir='ltr'><strong>ccetusque</strong></span> 
     </span>
    </p>
   </div>
   <div class='ocr_carea' id='block_1_16' title="bbox 511 1433 2074 1503">
    <p class='ocr_par' dir='ltr' id='par_1_16' title="bbox 511 1433 2074 1503">
     <span class='ocr_line' id='line_1_16' title="bbox 511 1433 2074 1503; baseline -0.002 -14"><span class='ocrx_word' id='word_1_94' title='bbox 511 1436 892 1503; x_wconf 90' lang='lat' dir='ltr'><strong>episcoporum</strong></span> <span class='ocrx_word' id='word_1_95' title='bbox 916 1447 1244 1488; x_wconf 87' lang='lat' dir='ltr'><strong>convenere.</strong></span> <span class='ocrx_word' id='word_1_96' title='bbox 1273 1433 1452 1501; x_wconf 83' lang='lat' dir='ltr'><strong>Atque</strong></span> <span class='ocrx_word' id='word_1_97' title='bbox 1468 1447 1658 1487; x_wconf 89' lang='lat' dir='ltr'><strong>omnes</strong></span> <span class='ocrx_word' id='word_1_98' title='bbox 1685 1447 1792 1485; x_wconf 90' lang='lat' dir='ltr'><strong>uno</strong></span> <span class='ocrx_word' id='word_1_99' title='bbox 1808 1447 2074 1486; x_wconf 87' lang='lat' dir='ltr'><strong>consensu</strong></span> 
     </span>
    </p>
   </div>
   <div class='ocr_carea' id='block_1_17' title="bbox 511 1523 2078 1597">
    <p class='ocr_par' dir='ltr' id='par_1_17' title="bbox 511 1523 2078 1597">
     <span class='ocr_line' id='line_1_17' title="bbox 511 1523 2078 1597; baseline 0.002 -18"><span class='ocrx_word' id='word_1_100' title='bbox 511 1525 941 1581; x_wconf 84' lang='lat' dir='ltr'><strong>ecclesiasticam</strong></span> <span class='ocrx_word' id='word_1_101' title='bbox 975 1523 1215 1594; x_wconf 84' lang='lat' dir='ltr'><strong>regulam</strong></span> <span class='ocrx_word' id='word_1_102' title='bbox 1249 1526 1517 1580; x_wconf 85' lang='lat' dir='ltr'><strong>universis</strong></span> <span class='ocrx_word' id='word_1_103' title='bbox 1554 1526 1801 1582; x_wconf 85' lang='lat' dir='ltr'><strong>fidelibus</strong></span> <span class='ocrx_word' id='word_1_104' title='bbox 1829 1542 1928 1596; x_wconf 91' lang='lat' dir='ltr'><strong>per</strong></span> <span class='ocrx_word' id='word_1_105' title='bbox 1972 1529 2078 1597; x_wconf 83' lang='lat' dir='ltr'><strong>epi-</strong></span> 
     </span>
    </p>
   </div>
   <div class='ocr_carea' id='block_1_18' title="bbox 512 1616 2073 1688">
    <p class='ocr_par' dir='ltr' id='par_1_18' title="bbox 512 1616 2073 1688">
     <span class='ocr_line' id='line_1_18' title="bbox 512 1616 2073 1688; baseline 0.001 -17"><span class='ocrx_word' id='word_1_106' title='bbox 512 1616 684 1671; x_wconf 82' lang='lat' dir='ltr'><strong>stolas</strong></span> <span class='ocrx_word' id='word_1_107' title='bbox 717 1616 1104 1672; x_wconf 89' lang='lat' dir='ltr'><strong>tradiderunt:</strong></span> <span class='ocrx_word' id='word_1_108' title='bbox 1153 1633 1222 1672; x_wconf 90' lang='lat' dir='ltr'><strong>ne</strong></span> <span class='ocrx_word' id='word_1_109' title='bbox 1282 1618 1532 1672; x_wconf 87' lang='lat' dir='ltr'><strong>videlicet</strong></span> <span class='ocrx_word' id='word_1_110' title='bbox 1593 1618 1700 1674; x_wconf 94' lang='lat' dir='ltr'><strong>ullo</strong></span> <span class='ocrx_word' id='word_1_111' title='bbox 1754 1618 1860 1672; x_wconf 93' lang='lat' dir='ltr'><strong>alio</strong></span> <span class='ocrx_word' id='word_1_112' title='bbox 1910 1635 2073 1688; x_wconf 89' lang='lat' dir='ltr'><strong>quam</strong></span> 
     </span>
    </p>
   </div>
   <div class='ocr_carea' id='block_1_19' title="bbox 511 1707 2071 1778">
    <p class='ocr_par' dir='ltr' id='par_1_19' title="bbox 511 1707 2071 1778">
     <span class='ocr_line' id='line_1_19' title="bbox 511 1707 2071 1778; baseline 0 -15"><span class='ocrx_word' id='word_1_113' title='bbox 511 1707 794 1763; x_wconf 87' lang='lat' dir='ltr'><strong>Dominico</strong></span> <span class='ocrx_word' id='word_1_114' title='bbox 843 1709 932 1762; x_wconf 90' lang='lat' dir='ltr'><strong>die</strong></span> <span class='ocrx_word' id='word_1_115' title='bbox 994 1709 1315 1778; x_wconf 87' lang='lat' dir='ltr'><strong>mysterium</strong></span> <span class='ocrx_word' id='word_1_116' title='bbox 1371 1709 1808 1764; x_wconf 83' lang='lat' dir='ltr'><strong>Resurrectionis</strong></span> <span class='ocrx_word' id='word_1_117' title='bbox 1863 1709 2071 1764; x_wconf 88' lang='lat' dir='ltr'><strong>Domini</strong></span> 
     </span>
    </p>
   </div>
   <div class='ocr_carea' id='block_1_20' title="bbox 509 1800 2076 1870">
    <p class='ocr_par' dir='ltr' id='par_1_20' title="bbox 509 1800 2076 1870">
     <span class='ocr_line' id='line_1_20' title="bbox 509 1800 2076 1870; baseline 0.001 -17"><span class='ocrx_word' id='word_1_118' title='bbox 509 1815 749 1868; x_wconf 84' lang='lat' dir='ltr'><strong>unquam</strong></span> <span class='ocrx_word' id='word_1_119' title='bbox 788 1800 1092 1855; x_wconf 85' lang='lat' dir='ltr'><strong>celebretur</strong></span> <span class='ocrx_word' id='word_1_120' title='bbox 1135 1813 1151 1854; x_wconf 89' lang='lat'><strong>:</strong></span> <span class='ocrx_word' id='word_1_121' title='bbox 1207 1812 1372 1870; x_wconf 90' lang='lat' dir='ltr'><strong>utque</strong></span> <span class='ocrx_word' id='word_1_122' title='bbox 1401 1817 1466 1856; x_wconf 90' lang='lat' dir='ltr'><strong>eo</strong></span> <span class='ocrx_word' id='word_1_123' title='bbox 1521 1803 1787 1856; x_wconf 78' lang='lat' dir='ltr'><strong>duntaxat</strong></span> <span class='ocrx_word' id='word_1_124' title='bbox 1828 1803 1914 1857; x_wconf 93' lang='lat' dir='ltr'><strong>die</strong></span> <span class='ocrx_word' id='word_1_125' title='bbox 1975 1802 2076 1856; x_wconf 80' lang='lat' dir='ltr'><strong>Pa-</strong></span> 
     </span>
    </p>
   </div>
   <div class='ocr_carea' id='block_1_21' title="bbox 510 1889 2074 1958">
    <p class='ocr_par' dir='ltr' id='par_1_21' title="bbox 510 1889 2074 1958">
     <span class='ocr_line' id='line_1_21' title="bbox 510 1889 2074 1958; baseline 0 -11"><span class='ocrx_word' id='word_1_126' title='bbox 510 1891 780 1947; x_wconf 84' lang='lat' dir='ltr'><strong>schalium</strong></span> <span class='ocrx_word' id='word_1_127' title='bbox 805 1889 1130 1958; x_wconf 88' lang='lat' dir='ltr'><strong>jejuniorum</strong></span> <span class='ocrx_word' id='word_1_128' title='bbox 1166 1892 1455 1947; x_wconf 89' lang='lat' dir='ltr'><strong>terminum</strong></span> <span class='ocrx_word' id='word_1_129' title='bbox 1486 1893 1856 1948; x_wconf 83' lang='lat' dir='ltr'><strong>observemus.</strong></span> <span class='ocrx_word' id='word_1_130' title='bbox 1883 1893 2074 1948; x_wconf 80' lang='lat' dir='ltr'><strong>Exstat</strong></span> 
     </span>
    </p>
   </div>
   <div class='ocr_carea' id='block_1_22' title="bbox 510 1981 2073 2052">
    <p class='ocr_par' dir='ltr' id='par_1_22' title="bbox 510 1981 2073 2052">
     <span class='ocr_line' id='line_1_22' title="bbox 510 1981 2073 2052; baseline 0.001 -16"><span class='ocrx_word' id='word_1_131' title='bbox 510 1984 804 2037; x_wconf 90' lang='lat' dir='ltr'><strong>etiamnum</strong></span> <span class='ocrx_word' id='word_1_132' title='bbox 834 1981 1062 2051; x_wconf 86' lang='lat' dir='ltr'><strong>epistola</strong></span> <span class='ocrx_word' id='word_1_133' title='bbox 1095 1983 1460 2048; x_wconf 87' lang='lat' dir='ltr'><strong>sacerdotum,</strong></span> <span class='ocrx_word' id='word_1_134' title='bbox 1493 1983 1584 2052; x_wconf 87' lang='lat' dir='ltr'><strong>qui</strong></span> <span class='ocrx_word' id='word_1_135' title='bbox 1619 1993 1747 2036; x_wconf 92' lang='lat' dir='ltr'><strong>tunc</strong></span> <span class='ocrx_word' id='word_1_136' title='bbox 1775 1984 1853 2036; x_wconf 88' lang='lat' dir='ltr'><strong>&#39;iu</strong></span> <span class='ocrx_word' id='word_1_137' title='bbox 1910 1981 2073 2037; x_wconf 74' lang='lat' dir='ltr'><strong>Palm-</strong></span> 
     </span>
    </p>
   </div>
   <div class='ocr_carea' id='block_1_23' title="bbox 509 2072 2072 2144">
    <p class='ocr_par' dir='ltr' id='par_1_23' title="bbox 509 2072 2072 2144">
     <span class='ocr_line' id='line_1_23' title="bbox 509 2072 2072 2144; baseline -0.001 -17"><span class='ocrx_word' id='word_1_138' title='bbox 509 2074 652 2127; x_wconf 85' lang='lat' dir='ltr'><strong>stina</strong></span> <span class='ocrx_word' id='word_1_139' title='bbox 675 2072 986 2143; x_wconf 73' lang='lat' dir='ltr'><strong>congregati</strong></span> <span class='ocrx_word' id='word_1_140' title='bbox 1011 2080 1136 2126; x_wconf 91' lang='lat' dir='ltr'><strong>sunt</strong></span> <span class='ocrx_word' id='word_1_141' title='bbox 1164 2091 1178 2126; x_wconf 91' lang='lat'><strong>:</strong></span> <span class='ocrx_word' id='word_1_142' title='bbox 1206 2073 1402 2144; x_wconf 84' lang='lat' dir='ltr'><strong>quibus</strong></span> <span class='ocrx_word' id='word_1_143' title='bbox 1418 2075 1783 2142; x_wconf 65' lang='lat' dir='ltr'><strong>praesidebant</strong></span> <span class='ocrx_word' id='word_1_144' title='bbox 1801 2073 2072 2144; x_wconf 83' lang='lat' dir='ltr'><strong>TheOphi-</strong></span> 
     </span>
    </p>
   </div>
   <div class='ocr_carea' id='block_1_24' title="bbox 506 2164 2076 2236">
    <p class='ocr_par' dir='ltr' id='par_1_24' title="bbox 506 2164 2076 2236">
     <span class='ocr_line' id='line_1_24' title="bbox 506 2164 2076 2236; baseline 0.001 -16"><span class='ocrx_word' id='word_1_145' title='bbox 506 2167 592 2220; x_wconf 88' lang='lat' dir='ltr'><strong>lus</strong></span> <span class='ocrx_word' id='word_1_146' title='bbox 621 2167 882 2220; x_wconf 64' lang='lat' dir='ltr'><strong>Caesareae</strong></span> <span class='ocrx_word' id='word_1_147' title='bbox 917 2165 1241 2229; x_wconf 66' lang='lat' dir='ltr'><strong>Palaestinae,</strong></span> <span class='ocrx_word' id='word_1_148' title='bbox 1276 2176 1330 2220; x_wconf 93' lang='lat' dir='ltr'><strong>et</strong></span> <span class='ocrx_word' id='word_1_149' title='bbox 1351 2164 1638 2221; x_wconf 85' lang='lat' dir='ltr'><strong>Narcissus</strong></span> <span class='ocrx_word' id='word_1_150' title='bbox 1677 2165 2076 2236; x_wconf 77' lang='lat' dir='ltr'><strong>Hierosolymo-</strong></span> 
     </span>
    </p>
   </div>
   <div class='ocr_carea' id='block_1_25' title="bbox 509 2256 2070 2328">
    <p class='ocr_par' dir='ltr' id='par_1_25' title="bbox 509 2256 2070 2328">
     <span class='ocr_line' id='line_1_25' title="bbox 509 2256 2070 2328; baseline 0.001 -16"><span class='ocrx_word' id='word_1_151' title='bbox 509 2274 627 2312; x_wconf 86' lang='lat' dir='ltr'><strong>rum</strong></span> <span class='ocrx_word' id='word_1_152' title='bbox 676 2259 982 2328; x_wconf 91' lang='lat' dir='ltr'><strong>episcopus.</strong></span> <span class='ocrx_word' id='word_1_153' title='bbox 1032 2256 1151 2312; x_wconf 81' lang='lat' dir='ltr'><strong>Alia</strong></span> <span class='ocrx_word' id='word_1_154' title='bbox 1202 2257 1333 2312; x_wconf 90' lang='lat' dir='ltr'><strong>item</strong></span> <span class='ocrx_word' id='word_1_155' title='bbox 1383 2268 1562 2313; x_wconf 85' lang='lat' dir='ltr'><strong>exstat</strong></span> <span class='ocrx_word' id='word_1_156' title='bbox 1603 2257 1834 2327; x_wconf 88' lang='lat' dir='ltr'><strong>epistola</strong></span> <span class='ocrx_word' id='word_1_157' title='bbox 1880 2259 2070 2328; x_wconf 83' lang='lat' dir='ltr'><strong>synodi</strong></span> 
     </span>
    </p>
   </div>
   <div class='ocr_carea' id='block_1_26' title="bbox 578 2371 2089 2444">
    <p class='ocr_par' dir='ltr' id='par_1_26' title="bbox 578 2371 2089 2444">
     <span class='ocr_line' id='line_1_26' title="bbox 578 2371 2089 2444; baseline -0.001 -14"><span class='ocrx_word' id='word_1_158' title='bbox 578 2374 691 2443; x_wconf 74' lang='lat'><strong>(52)</strong></span> <span class='ocrx_word' id='word_1_159' title='bbox 730 2375 880 2442; x_wconf 80' lang='lat' dir='ltr'><strong>Vulg.</strong></span> <span class='ocrx_word' id='word_1_160' title='bbox 912 2373 1001 2428; x_wconf 82' lang='grc' dir='ltr'>ὅτι</span> <span class='ocrx_word' id='word_1_161' title='bbox 1029 2373 1107 2442; x_wconf 75' lang='grc' dir='ltr'>δὴ</span> <span class='ocrx_word' id='word_1_162' title='bbox 1146 2371 1256 2442; x_wconf 84' lang='grc' dir='ltr'>τῆς</span> <span class='ocrx_word' id='word_1_163' title='bbox 1299 2374 1486 2440; x_wconf 81' lang='grc' dir='ltr'>Ἀσίας</span> <span class='ocrx_word' id='word_1_164' title='bbox 1522 2373 1748 2428; x_wconf 77' lang='grc' dir='ltr'><strong>ἅπασαι</strong></span> <span class='ocrx_word' id='word_1_165' title='bbox 1785 2377 1843 2428; x_wconf 82' lang='grc' dir='ltr'>αἱ</span> <span class='ocrx_word' id='word_1_166' title='bbox 1888 2390 2089 2444; x_wconf 78' lang='grc' dir='ltr'>παροι-</span> 
     </span>
    </p>
   </div>
   <div class='ocr_carea' id='block_1_27' title="bbox 511 2444 2088 2513">
    <p class='ocr_par' dir='ltr' id='par_1_27' title="bbox 511 2444 2088 2513">
     <span class='ocr_line' id='line_1_27' title="bbox 511 2444 2088 2513; baseline 0.001 -16"><span class='ocrx_word' id='word_1_167' title='bbox 511 2445 660 2500; x_wconf 79' lang='grc' dir='ltr'>κίαι.</span> <span class='ocrx_word' id='word_1_168' title='bbox 701 2445 884 2513; x_wconf 87' lang='lat' dir='ltr'><strong>Longe</strong></span> <span class='ocrx_word' id='word_1_169' title='bbox 907 2444 1238 2512; x_wconf 70' lang='lat' dir='ltr'><strong>praeferenda</strong></span> <span class='ocrx_word' id='word_1_170' title='bbox 1275 2455 1358 2498; x_wconf 90' lang='lat' dir='ltr'><strong>est</strong></span> <span class='ocrx_word' id='word_1_171' title='bbox 1386 2445 1543 2498; x_wconf 81' lang='lat' dir='ltr'><strong>lectio</strong></span> <span class='ocrx_word' id='word_1_172' title='bbox 1572 2460 1732 2513; x_wconf 90' lang='lat' dir='ltr'><strong>quam</strong></span> <span class='ocrx_word' id='word_1_173' title='bbox 1770 2447 1821 2498; x_wconf 93' lang='lat' dir='ltr'><strong>in</strong></span> <span class='ocrx_word' id='word_1_174' title='bbox 1854 2459 2088 2513; x_wconf 91' lang='lat' dir='ltr'><strong>quatuor</strong></span> 
     </span>
    </p>
   </div>
   <div class='ocr_carea' id='block_1_28' title="bbox 509 2513 2084 2581">
    <p class='ocr_par' dir='ltr' id='par_1_28' title="bbox 509 2513 2084 2581">
     <span class='ocr_line' id='line_1_28' title="bbox 509 2513 2084 2581; baseline -0.002 -9"><span class='ocrx_word' id='word_1_175' title='bbox 509 2516 712 2572; x_wconf 90' lang='lat' dir='ltr'><strong>nostris</strong></span> <span class='ocrx_word' id='word_1_176' title='bbox 743 2513 1018 2570; x_wconf 86' lang='lat' dir='ltr'><strong>codicibus</strong></span> <span class='ocrx_word' id='word_1_177' title='bbox 1041 2516 1339 2581; x_wconf 89' lang='lat' dir='ltr'><strong>reperimus</strong></span> <span class='ocrx_word' id='word_1_178' title='bbox 1353 2513 1514 2575; x_wconf 83' lang='lat' dir='ltr'><strong>Maz.,</strong></span> <span class='ocrx_word' id='word_1_179' title='bbox 1547 2514 1708 2576; x_wconf 80' lang='lat' dir='ltr'><strong>Med..</strong></span> <span class='ocrx_word' id='word_1_180' title='bbox 1731 2513 1866 2571; x_wconf 82' lang='lat' dir='ltr'><strong>Fuk.</strong></span> <span class='ocrx_word' id='word_1_181' title='bbox 1894 2528 1947 2568; x_wconf 88' lang='lat' dir='ltr'><strong>et</strong></span> <span class='ocrx_word' id='word_1_182' title='bbox 1980 2518 2084 2570; x_wconf 87' lang='lat' dir='ltr'><strong>Sa-</strong></span> 
     </span>
    </p>
   </div>
   <div class='ocr_carea' id='block_1_29' title="bbox 507 2583 2076 2656">
    <p class='ocr_par' dir='ltr' id='par_1_29' title="bbox 507 2583 2076 2656">
     <span class='ocr_line' id='line_1_29' title="bbox 507 2583 2076 2656; baseline 0.002 -18"><span class='ocrx_word' id='word_1_183' title='bbox 507 2589 628 2651; x_wconf 88' lang='lat' dir='ltr'><strong>vil.,</strong></span> <span class='ocrx_word' id='word_1_184' title='bbox 654 2585 736 2638; x_wconf 86' lang='grc' dir='ltr'>ὃτι</span> <span class='ocrx_word' id='word_1_185' title='bbox 763 2585 826 2654; x_wconf 80' lang='grc' dir='ltr'>δὴ</span> <span class='ocrx_word' id='word_1_186' title='bbox 850 2584 949 2653; x_wconf 81' lang='grc' dir='ltr'>τῆς</span> <span class='ocrx_word' id='word_1_187' title='bbox 978 2585 1177 2656; x_wconf 13' lang='grc' dir='ltr'>ξΪΑσίας</span> <span class='ocrx_word' id='word_1_188' title='bbox 1205 2583 1446 2656; x_wconf 84' lang='grc' dir='ltr'>ἀπάσης</span> <span class='ocrx_word' id='word_1_189' title='bbox 1475 2585 1531 2638; x_wconf 83' lang='lat' dir='ltr'><strong>ai</strong></span> <span class='ocrx_word' id='word_1_190' title='bbox 1569 2585 1868 2656; x_wconf 87' lang='grc' dir='ltr'>παροικίαι.</span> <span class='ocrx_word' id='word_1_191' title='bbox 1905 2585 2076 2642; x_wconf 87' lang='lat' dir='ltr'><strong>Porro</strong></span> 
     </span>
    </p>
   </div>
   <div class='ocr_carea' id='block_1_30' title="bbox 505 2654 2075 2721">
    <p class='ocr_par' dir='ltr' id='par_1_30' title="bbox 505 2654 2075 2721">
     <span class='ocr_line' id='line_1_30' title="bbox 505 2654 2075 2721; baseline 0 -11"><span class='ocrx_word' id='word_1_192' title='bbox 505 2658 636 2711; x_wconf 83' lang='lat' dir='ltr'><strong>Asia</strong></span> <span class='ocrx_word' id='word_1_193' title='bbox 667 2657 842 2710; x_wconf 87' lang='lat' dir='ltr'><strong>tribus</strong></span> <span class='ocrx_word' id='word_1_194' title='bbox 871 2654 1045 2708; x_wconf 87' lang='lat' dir='ltr'><strong>modis</strong></span> <span class='ocrx_word' id='word_1_195' title='bbox 1077 2655 1328 2721; x_wconf 89' lang='lat' dir='ltr'><strong>sumitur,</strong></span> <span class='ocrx_word' id='word_1_196' title='bbox 1352 2667 1409 2708; x_wconf 94' lang='lat' dir='ltr'><strong>ut</strong></span> <span class='ocrx_word' id='word_1_197' title='bbox 1429 2657 1586 2709; x_wconf 86' lang='lat' dir='ltr'><strong>docet</strong></span> <span class='ocrx_word' id='word_1_198' title='bbox 1612 2654 1879 2711; x_wconf 76' lang='lat' dir='ltr'><strong>Aristides</strong></span> <span class='ocrx_word' id='word_1_199' title='bbox 1906 2657 1958 2710; x_wconf 90' lang='lat' dir='ltr'><strong>itt</strong></span> <span class='ocrx_word' id='word_1_200' title='bbox 1983 2659 2075 2710; x_wconf 84' lang='grc' dir='ltr'><strong>Αί-</strong></span> 
     </span>
    </p>
   </div>
   <div class='ocr_carea' id='block_1_31' title="bbox 511 2722 2071 2794">
    <p class='ocr_par' dir='ltr' id='par_1_31' title="bbox 511 2722 2071 2794">
     <span class='ocr_line' id='line_1_31' title="bbox 511 2722 2071 2794; baseline 0 -15"><span class='ocrx_word' id='word_1_201' title='bbox 511 2725 772 2779; x_wconf 82' lang='lat' dir='ltr'><strong>locutione</strong></span> <span class='ocrx_word' id='word_1_202' title='bbox 817 2722 1092 2794; x_wconf 74' lang='lat' dir='ltr'><strong>Smyrnam</strong></span> <span class='ocrx_word' id='word_1_203' title='bbox 1111 2725 1176 2777; x_wconf 88' lang='lat' dir='ltr'><strong>ad</strong></span> <span class='ocrx_word' id='word_1_204' title='bbox 1199 2725 1601 2794; x_wconf 88' lang='lat' dir='ltr'><strong>imperatorem.</strong></span> <span class='ocrx_word' id='word_1_205' title='bbox 1632 2725 1900 2780; x_wconf 88' lang='lat' dir='ltr'><strong>Interdum</strong></span> <span class='ocrx_word' id='word_1_206' title='bbox 1928 2729 2071 2780; x_wconf 89' lang='lat' dir='ltr'><strong>enim</strong></span> 
     </span>
    </p>
   </div>
   <div class='ocr_carea' id='block_1_32' title="bbox 510 2794 2070 2864">
    <p class='ocr_par' dir='ltr' id='par_1_32' title="bbox 510 2794 2070 2864">
     <span class='ocr_line' id='line_1_32' title="bbox 510 2794 2070 2864; baseline 0 -15"><span class='ocrx_word' id='word_1_207' title='bbox 510 2795 772 2864; x_wconf 84' lang='lat' dir='ltr'><strong>accipitur</strong></span> <span class='ocrx_word' id='word_1_208' title='bbox 806 2808 903 2864; x_wconf 92' lang='lat' dir='ltr'><strong>pro</strong></span> <span class='ocrx_word' id='word_1_209' title='bbox 935 2794 1092 2847; x_wconf 90' lang='lat' dir='ltr'><strong>tertia</strong></span> <span class='ocrx_word' id='word_1_210' title='bbox 1127 2803 1277 2862; x_wconf 90' lang='lat' dir='ltr'><strong>parte</strong></span> <span class='ocrx_word' id='word_1_211' title='bbox 1299 2797 1446 2848; x_wconf 88' lang='lat' dir='ltr'><strong>orbis</strong></span> <span class='ocrx_word' id='word_1_212' title='bbox 1475 2805 1764 2858; x_wconf 87' lang='lat' dir='ltr'><strong>terrarum,</strong></span> <span class='ocrx_word' id='word_1_213' title='bbox 1798 2797 2070 2850; x_wconf 88' lang='lat' dir='ltr'><strong>interdum</strong></span> 
     </span>
    </p>
   </div>
   <div class='ocr_carea' id='block_1_33' title="bbox 509 2863 2070 2934">
    <p class='ocr_par' dir='ltr' id='par_1_33' title="bbox 509 2863 2070 2934">
     <span class='ocr_line' id='line_1_33' title="bbox 509 2863 2070 2934; baseline 0.003 -16"><span class='ocrx_word' id='word_1_214' title='bbox 509 2881 609 2934; x_wconf 91' lang='lat' dir='ltr'><strong>pro</strong></span> <span class='ocrx_word' id='word_1_215' title='bbox 632 2863 939 2932; x_wconf 82' lang='lat' dir='ltr'><strong>provincia,</strong></span> <span class='ocrx_word' id='word_1_216' title='bbox 973 2863 1025 2916; x_wconf 92' lang='lat' dir='ltr'><strong>in</strong></span> <span class='ocrx_word' id='word_1_217' title='bbox 1055 2878 1245 2934; x_wconf 69' lang='lat' dir='ltr'><strong>n0vem</strong></span> <span class='ocrx_word' id='word_1_218' title='bbox 1266 2873 1559 2918; x_wconf 89' lang='lat' dir='ltr'><strong>conventus</strong></span> <span class='ocrx_word' id='word_1_219' title='bbox 1573 2878 1665 2917; x_wconf 89' lang='lat' dir='ltr'><strong>seu</strong></span> <span class='ocrx_word' id='word_1_220' title='bbox 1690 2864 2070 2930; x_wconf 88' lang='lat' dir='ltr'><strong>juridietiones</strong></span> 
     </span>
    </p>
   </div>
   <div class='ocr_carea' id='block_1_34' title="bbox 508 2933 2063 3003">
    <p class='ocr_par' dir='ltr' id='par_1_34' title="bbox 508 2933 2063 3003">
     <span class='ocr_line' id='line_1_34' title="bbox 508 2933 2063 3003; baseline 0.001 -15"><span class='ocrx_word' id='word_1_221' title='bbox 508 2933 706 2993; x_wconf 83' lang='lat' dir='ltr'><strong>divisa.</strong></span> <span class='ocrx_word' id='word_1_222' title='bbox 733 2948 850 3002; x_wconf 67' lang='lat' dir='ltr'><strong>quae</strong></span> <span class='ocrx_word' id='word_1_223' title='bbox 884 2935 1107 3002; x_wconf 91' lang='lat' dir='ltr'><strong>parebat</strong></span> <span class='ocrx_word' id='word_1_224' title='bbox 1147 2933 1392 2988; x_wconf 81' lang='lat' dir='ltr'><strong>Romano</strong></span> <span class='ocrx_word' id='word_1_225' title='bbox 1421 2936 1762 3003; x_wconf 82' lang='lat' dir='ltr'><strong>proconsuli;</strong></span> <span class='ocrx_word' id='word_1_226' title='bbox 1812 2951 2063 2990; x_wconf 90' lang='lat' dir='ltr'><strong>nonnun-</strong></span> 
     </span>
    </p>
   </div>
   <div class='ocr_carea' id='block_1_35' title="bbox 507 3004 2070 3072">
    <p class='ocr_par' dir='ltr' id='par_1_35' title="bbox 507 3004 2070 3072">
     <span class='ocr_line' id='line_1_35' title="bbox 507 3004 2070 3072; baseline 0.002 -15"><span class='ocrx_word' id='word_1_227' title='bbox 507 3019 668 3070; x_wconf 88' lang='lat' dir='ltr'><strong>quam</strong></span> <span class='ocrx_word' id='word_1_228' title='bbox 693 3004 936 3058; x_wconf 85' lang='lat' dir='ltr'><strong>strictius</strong></span> <span class='ocrx_word' id='word_1_229' title='bbox 957 3004 1189 3057; x_wconf 89' lang='lat' dir='ltr'><strong>sumitur</strong></span> <span class='ocrx_word' id='word_1_230' title='bbox 1214 3019 1309 3072; x_wconf 89' lang='lat' dir='ltr'><strong>pro</strong></span> <span class='ocrx_word' id='word_1_231' title='bbox 1331 3019 1392 3057; x_wconf 88' lang='lat' dir='ltr'><strong>ea</strong></span> <span class='ocrx_word' id='word_1_232' title='bbox 1421 3005 1638 3072; x_wconf 81' lang='lat' dir='ltr'><strong>regione</strong></span> <span class='ocrx_word' id='word_1_233' title='bbox 1658 3020 1776 3072; x_wconf 72' lang='lat' dir='ltr'><strong>qua:</strong></span> <span class='ocrx_word' id='word_1_234' title='bbox 1798 3004 1863 3058; x_wconf 85' lang='lat' dir='ltr'><strong>ad</strong></span> <span class='ocrx_word' id='word_1_235' title='bbox 1893 3006 2070 3060; x_wconf 87' lang='lat' dir='ltr'><strong>fontes</strong></span> 
     </span>
    </p>
   </div>
   <div class='ocr_carea' id='block_1_36' title="bbox 508 3073 2073 3142">
    <p class='ocr_par' dir='ltr' id='par_1_36' title="bbox 508 3073 2073 3142">
     <span class='ocr_line' id='line_1_36' title="bbox 508 3073 2073 3142; baseline 0.001 -14"><span class='ocrx_word' id='word_1_236' title='bbox 508 3073 762 3128; x_wconf 66' lang='lat' dir='ltr'><strong>Maeandri</strong></span> <span class='ocrx_word' id='word_1_237' title='bbox 809 3073 1125 3141; x_wconf 78' lang='lat' dir='ltr'><strong>porrigitur.</strong></span> <span class='ocrx_word' id='word_1_238' title='bbox 1167 3073 1299 3128; x_wconf 91' lang='lat' dir='ltr'><strong>Cum</strong></span> <span class='ocrx_word' id='word_1_239' title='bbox 1334 3074 1500 3142; x_wconf 81' lang='lat' dir='ltr'><strong>igitur</strong></span> <span class='ocrx_word' id='word_1_240' title='bbox 1530 3073 1792 3128; x_wconf 90' lang='lat' dir='ltr'><strong>Eusebius</strong></span> <span class='ocrx_word' id='word_1_241' title='bbox 1819 3076 1906 3130; x_wconf 91' lang='lat' dir='ltr'><strong>hic</strong></span> <span class='ocrx_word' id='word_1_242' title='bbox 1931 3075 2073 3129; x_wconf 81' lang='lat' dir='ltr'><strong>aﬂir-</strong></span> 
     </span>
    </p>
   </div>
   <div class='ocr_carea' id='block_1_37' title="bbox 2187 515 3766 589">
    <p class='ocr_par' dir='ltr' id='par_1_37' title="bbox 2187 515 3766 589">
     <span class='ocr_line' id='line_1_37' title="bbox 2187 515 3766 589; baseline -0.004 -19"><span class='ocrx_word' id='word_1_243' title='bbox 2187 519 2263 580; x_wconf 86' lang='grc' dir='ltr'>ὼς</span> <span class='ocrx_word' id='word_1_244' title='bbox 2284 521 2346 570; x_wconf 82' lang='grc' dir='ltr'><strong>ἐκ</strong></span> <span class='ocrx_word' id='word_1_245' title='bbox 2383 518 2732 589; x_wconf 73' lang='grc' dir='ltr'>παραδόσεως</span> <span class='ocrx_word' id='word_1_246' title='bbox 2760 515 3140 588; x_wconf 78' lang='grc' dir='ltr'><strong>ἀρχαιοτέρας,</strong></span> <span class='ocrx_word' id='word_1_247' title='bbox 3179 515 3408 585; x_wconf 80' lang='grc' dir='ltr'><strong>σελήνης</strong></span> <span class='ocrx_word' id='word_1_248' title='bbox 3433 515 3531 586; x_wconf 82' lang='grc' dir='ltr'><strong>τὴν</strong></span> <span class='ocrx_word' id='word_1_249' title='bbox 3569 530 3766 565; x_wconf 84' lang='grc' dir='ltr'>τεσσα-</span> 
     </span>
    </p>
   </div>
   <div class='ocr_carea' id='block_1_38' title="bbox 2189 604 3765 681">
    <p class='ocr_par' dir='ltr' id='par_1_38' title="bbox 2189 604 3765 681">
     <span class='ocr_line' id='line_1_38' title="bbox 2189 604 3765 681; baseline -0.003 -19"><span class='ocrx_word' id='word_1_250' title='bbox 2189 609 2613 681; x_wconf 78' lang='grc' dir='ltr'><strong>ρεσκαιδεκάτην</strong></span> <span class='ocrx_word' id='word_1_251' title='bbox 2665 607 2832 677; x_wconf 82' lang='grc' dir='ltr'>ᾠοντο</span> <span class='ocrx_word' id='word_1_252' title='bbox 2884 608 2992 660; x_wconf 83' lang='grc' dir='ltr'>δεῖν</span> <span class='ocrx_word' id='word_1_253' title='bbox 3049 608 3139 660; x_wconf 71' lang='grc' dir='ltr'><strong>ἐπὶ</strong></span> <span class='ocrx_word' id='word_1_254' title='bbox 3190 606 3287 674; x_wconf 79' lang='grc' dir='ltr'>τῆς</span> <span class='ocrx_word' id='word_1_255' title='bbox 3341 604 3434 657; x_wconf 79' lang='grc' dir='ltr'>τοῦ</span> <span class='ocrx_word' id='word_1_256' title='bbox 3496 606 3765 676; x_wconf 74' lang='grc' dir='ltr'><strong>σωτηρίου</strong></span> 
     </span>
    </p>
   </div>
   <div class='ocr_carea' id='block_1_39' title="bbox 2185 692 3767 772">
    <p class='ocr_par' dir='ltr' id='par_1_39' title="bbox 2185 692 3767 772">
     <span class='ocr_line' id='line_1_39' title="bbox 2185 692 3767 772; baseline -0.002 -19"><span class='ocrx_word' id='word_1_257' title='bbox 2185 702 2378 770; x_wconf 80' lang='grc' dir='ltr'>Πάσχα</span> <span class='ocrx_word' id='word_1_258' title='bbox 2406 701 2595 772; x_wconf 83' lang='grc' dir='ltr'>ἐορτῆς</span> <span class='ocrx_word' id='word_1_259' title='bbox 2624 699 2738 769; x_wconf 80' lang='grc'>(55)</span> <span class='ocrx_word' id='word_1_260' title='bbox 2761 698 3218 770; x_wconf 77' lang='grc' dir='ltr'>παραφυλάττειν,</span> <span class='ocrx_word' id='word_1_261' title='bbox 3248 701 3304 750; x_wconf 84' lang='grc' dir='ltr'><strong>ἐν</strong></span> <span class='ocrx_word' id='word_1_262' title='bbox 3334 692 3534 768; x_wconf 78' lang='grc' dir='ltr'>ᾖθύειν</span> <span class='ocrx_word' id='word_1_263' title='bbox 3559 698 3618 750; x_wconf 79' lang='grc' dir='ltr'><strong>τὸ</strong></span> <span class='ocrx_word' id='word_1_264' title='bbox 3640 699 3767 768; x_wconf 88' lang='grc' dir='ltr'>πρό-</span> 
     </span>
    </p>
   </div>
   <div class='ocr_carea' id='block_1_40' title="bbox 2185 787 3760 862">
    <p class='ocr_par' dir='ltr' id='par_1_40' title="bbox 2185 787 3760 862">
     <span class='ocr_line' id='line_1_40' title="bbox 2185 787 3760 862; baseline -0.002 -18"><span class='ocrx_word' id='word_1_265' title='bbox 2185 792 2344 846; x_wconf 74' lang='grc' dir='ltr'>ϐατον</span> <span class='ocrx_word' id='word_1_266' title='bbox 2407 792 2678 854; x_wconf 80' lang='grc' dir='ltr'>Ἰουδαίοις</span> <span class='ocrx_word' id='word_1_267' title='bbox 2724 790 3127 862; x_wconf 80' lang='grc' dir='ltr'>προηγόρευτο·</span> <span class='ocrx_word' id='word_1_268' title='bbox 3182 789 3257 851; x_wconf 86' lang='grc' dir='ltr'>ὡς</span> <span class='ocrx_word' id='word_1_269' title='bbox 3313 789 3430 841; x_wconf 82' lang='grc' dir='ltr'>δέον</span> <span class='ocrx_word' id='word_1_270' title='bbox 3461 792 3524 842; x_wconf 84' lang='grc' dir='ltr'><strong>ἐκ</strong></span> <span class='ocrx_word' id='word_1_271' title='bbox 3559 787 3760 852; x_wconf 82' lang='grc' dir='ltr'>παντὸς</span> 
     </span>
    </p>
   </div>
   <div class='ocr_carea' id='block_1_41' title="bbox 2185 879 3759 955">
    <p class='ocr_par' dir='ltr' id='par_1_41' title="bbox 2185 879 3759 955">
     <span class='ocr_line' id='line_1_41' title="bbox 2185 879 3759 955; baseline -0.005 -17"><span class='ocrx_word' id='word_1_272' title='bbox 2185 887 2326 939; x_wconf 72' lang='grc' dir='ltr'>κατὰ</span> <span class='ocrx_word' id='word_1_273' title='bbox 2358 885 2582 955; x_wconf 82' lang='grc' dir='ltr'>ταύτην,</span> <span class='ocrx_word' id='word_1_274' title='bbox 2616 883 2776 952; x_wconf 77' lang='grc' dir='ltr'>ὁποία</span> <span class='ocrx_word' id='word_1_275' title='bbox 2813 881 2856 934; x_wconf 84' lang='grc' dir='ltr'>δ’</span> <span class='ocrx_word' id='word_1_276' title='bbox 2891 881 2957 934; x_wconf 86' lang='grc' dir='ltr'><strong>ἂν</strong></span> <span class='ocrx_word' id='word_1_277' title='bbox 2987 880 3170 952; x_wconf 77' lang='grc' dir='ltr'>ἡμέρᾳ</span> <span class='ocrx_word' id='word_1_278' title='bbox 3197 879 3294 948; x_wconf 83' lang='grc' dir='ltr'>τῆς</span> <span class='ocrx_word' id='word_1_279' title='bbox 3340 879 3630 949; x_wconf 75' lang='grc' dir='ltr'>ἑϐδομάδος</span> <span class='ocrx_word' id='word_1_280' title='bbox 3664 895 3759 931; x_wconf 90' lang='grc' dir='ltr'>πε-</span> 
     </span>
    </p>
   </div>
   <div class='ocr_carea' id='block_1_42' title="bbox 2185 971 3758 1047">
    <p class='ocr_par' dir='ltr' id='par_1_42' title="bbox 2185 971 3758 1047">
     <span class='ocr_line' id='line_1_42' title="bbox 2185 971 3758 1047; baseline -0.003 -18"><span class='ocrx_word' id='word_1_281' title='bbox 2185 977 2516 1047; x_wconf 83' lang='grc' dir='ltr'>ριτυγχάνοι,</span> <span class='ocrx_word' id='word_1_282' title='bbox 2546 976 2644 1038; x_wconf 82' lang='grc' dir='ltr'>τὰς</span> <span class='ocrx_word' id='word_1_283' title='bbox 2691 975 2798 1027; x_wconf 87' lang='grc' dir='ltr'><strong>τῶν</strong></span> <span class='ocrx_word' id='word_1_284' title='bbox 2847 973 3071 1027; x_wconf 87' lang='grc' dir='ltr'>ἀσιτιῶν</span> <span class='ocrx_word' id='word_1_285' title='bbox 3115 973 3388 1034; x_wconf 81' lang='grc' dir='ltr'>ἐπιλύσεις</span> <span class='ocrx_word' id='word_1_286' title='bbox 3423 971 3532 1040; x_wconf 72' lang='grc'>(54)</span> <span class='ocrx_word' id='word_1_287' title='bbox 3586 973 3758 1024; x_wconf 85' lang='grc' dir='ltr'>ποιεῖ-</span> 
     </span>
    </p>
   </div>
   <div class='ocr_carea' id='block_1_43' title="bbox 2185 1065 3757 1134">
    <p class='ocr_par' dir='ltr' id='par_1_43' title="bbox 2185 1065 3757 1134">
     <span class='ocr_line' id='line_1_43' title="bbox 2185 1065 3757 1134; baseline -0.003 -12"><span class='ocrx_word' id='word_1_288' title='bbox 2185 1068 2328 1132; x_wconf 85' lang='grc' dir='ltr'>σθαι,</span> <span class='ocrx_word' id='word_1_289' title='bbox 2362 1069 2462 1120; x_wconf 76' lang='grc' dir='ltr'><strong>οὐκ</strong></span> <span class='ocrx_word' id='word_1_290' title='bbox 2499 1067 2651 1130; x_wconf 83' lang='grc' dir='ltr'>ἐθους</span> <span class='ocrx_word' id='word_1_291' title='bbox 2694 1068 2843 1130; x_wconf 77' lang='grc' dir='ltr'>ὄντος</span> <span class='ocrx_word' id='word_1_292' title='bbox 2872 1067 3060 1119; x_wconf 76' lang='grc' dir='ltr'>τοῦτον</span> <span class='ocrx_word' id='word_1_293' title='bbox 3110 1065 3373 1118; x_wconf 85' lang='grc' dir='ltr'>ἐπιτελεῖν</span> <span class='ocrx_word' id='word_1_294' title='bbox 3422 1065 3513 1117; x_wconf 77' lang='grc' dir='ltr'><strong>τὸν</strong></span> <span class='ocrx_word' id='word_1_295' title='bbox 3557 1065 3757 1134; x_wconf 84' lang='grc' dir='ltr'>τρόπον</span> 
     </span>
    </p>
   </div>
   <div class='ocr_carea' id='block_1_44' title="bbox 2180 1155 3755 1228">
    <p class='ocr_par' dir='ltr' id='par_1_44' title="bbox 2180 1155 3755 1228">
     <span class='ocr_line' id='line_1_44' title="bbox 2180 1155 3755 1228; baseline -0.001 -18"><span class='ocrx_word' id='word_1_296' title='bbox 2180 1161 2299 1221; x_wconf 81' lang='grc' dir='ltr'>ταῖς</span> <span class='ocrx_word' id='word_1_297' title='bbox 2354 1157 2457 1210; x_wconf 77' lang='grc' dir='ltr'>ἀνὰ</span> <span class='ocrx_word' id='word_1_298' title='bbox 2512 1158 2610 1228; x_wconf 81' lang='grc' dir='ltr'>τὴν</span> <span class='ocrx_word' id='word_1_299' title='bbox 2669 1156 2860 1226; x_wconf 82' lang='grc' dir='ltr'>λοιπὴν</span> <span class='ocrx_word' id='word_1_300' title='bbox 2894 1157 3108 1209; x_wconf 75' lang='grc' dir='ltr'>ἃπασαν</span> <span class='ocrx_word' id='word_1_301' title='bbox 3159 1156 3482 1224; x_wconf 76' lang='grc' dir='ltr'>οἰκουμένην</span> <span class='ocrx_word' id='word_1_302' title='bbox 3528 1155 3755 1227; x_wconf 87' lang='grc' dir='ltr'>Ἐκκλη-</span> 
     </span>
    </p>
   </div>
   <div class='ocr_carea' id='block_1_45' title="bbox 2181 1245 3756 1320">
    <p class='ocr_par' dir='ltr' id='par_1_45' title="bbox 2181 1245 3756 1320">
     <span class='ocr_line' id='line_1_45' title="bbox 2181 1245 3756 1320; baseline -0.001 -20"><span class='ocrx_word' id='word_1_303' title='bbox 2181 1248 2324 1311; x_wconf 84' lang='grc' dir='ltr'>σίαις</span> <span class='ocrx_word' id='word_1_304' title='bbox 2363 1247 2496 1317; x_wconf 78' lang='grc'>(55),</span> <span class='ocrx_word' id='word_1_305' title='bbox 2535 1247 2595 1310; x_wconf 79' lang='grc' dir='ltr'><strong>ἐξ</strong></span> <span class='ocrx_word' id='word_1_306' title='bbox 2634 1245 2992 1317; x_wconf 80' lang='grc' dir='ltr'>ἀποστολικῆς</span> <span class='ocrx_word' id='word_1_307' title='bbox 3039 1247 3386 1320; x_wconf 80' lang='grc' dir='ltr'>παραδόσεως</span> <span class='ocrx_word' id='word_1_308' title='bbox 3421 1247 3482 1299; x_wconf 84' lang='grc' dir='ltr'><strong>τὸ</strong></span> <span class='ocrx_word' id='word_1_309' title='bbox 3530 1246 3625 1299; x_wconf 75' lang='grc' dir='ltr'>καὶ</span> <span class='ocrx_word' id='word_1_310' title='bbox 3677 1247 3756 1312; x_wconf 83' lang='grc' dir='ltr'><strong>είς</strong></span> 
     </span>
    </p>
   </div>
   <div class='ocr_carea' id='block_1_46' title="bbox 2179 1337 3754 1411">
    <p class='ocr_par' dir='ltr' id='par_1_46' title="bbox 2179 1337 3754 1411">
     <span class='ocr_line' id='line_1_46' title="bbox 2179 1337 3754 1411; baseline -0.001 -19"><span class='ocrx_word' id='word_1_311' title='bbox 2179 1339 2336 1411; x_wconf 79' lang='grc' dir='ltr'>δεῦρο</span> <span class='ocrx_word' id='word_1_312' title='bbox 2397 1338 2673 1409; x_wconf 79' lang='grc' dir='ltr'>κρατῆσαν</span> <span class='ocrx_word' id='word_1_313' title='bbox 2713 1337 2832 1400; x_wconf 74' lang='grc' dir='ltr'>ἔθος</span> <span class='ocrx_word' id='word_1_314' title='bbox 2876 1337 3288 1406; x_wconf 78' lang='grc' dir='ltr'>φυλαττούσαις,</span> <span class='ocrx_word' id='word_1_315' title='bbox 3350 1337 3425 1400; x_wconf 85' lang='grc' dir='ltr'>ὼς</span> <span class='ocrx_word' id='word_1_316' title='bbox 3485 1337 3754 1409; x_wconf 68' lang='grc' dir='ltr'>μηδετέρᾳ</span> 
     </span>
    </p>
   </div>
   <div class='ocr_carea' id='block_1_47' title="bbox 2182 1426 3753 1504">
    <p class='ocr_par' dir='ltr' id='par_1_47' title="bbox 2182 1426 3753 1504">
     <span class='ocr_line' id='line_1_47' title="bbox 2182 1426 3753 1504; baseline -0.003 -20"><span class='ocrx_word' id='word_1_317' title='bbox 2182 1432 2476 1504; x_wconf 77' lang='grc' dir='ltr'>προσήκειν</span> <span class='ocrx_word' id='word_1_318' title='bbox 2518 1429 2668 1499; x_wconf 79' lang='grc' dir='ltr'>παρὰ</span> <span class='ocrx_word' id='word_1_319' title='bbox 2705 1427 2804 1499; x_wconf 86' lang='grc' dir='ltr'>τὴν</span> <span class='ocrx_word' id='word_1_320' title='bbox 2837 1429 2935 1498; x_wconf 79' lang='grc' dir='ltr'>τῆς</span> <span class='ocrx_word' id='word_1_321' title='bbox 2974 1429 3323 1490; x_wconf 79' lang='grc' dir='ltr'>ἀναστάσεως</span> <span class='ocrx_word' id='word_1_322' title='bbox 3364 1426 3457 1480; x_wconf 83' lang='grc' dir='ltr'>τοῦ</span> <span class='ocrx_word' id='word_1_323' title='bbox 3504 1429 3753 1498; x_wconf 85' lang='grc' dir='ltr'>Σωτῆρος</span> 
     </span>
    </p>
   </div>
   <div class='ocr_carea' id='block_1_48' title="bbox 2179 1520 3752 1595">
    <p class='ocr_par' dir='ltr' id='par_1_48' title="bbox 2179 1520 3752 1595">
     <span class='ocr_line' id='line_1_48' title="bbox 2179 1520 3752 1595; baseline -0.003 -19"><span class='ocrx_word' id='word_1_324' title='bbox 2179 1524 2333 1595; x_wconf 75' lang='grc' dir='ltr'>ἡμῶν</span> <span class='ocrx_word' id='word_1_325' title='bbox 2357 1522 2538 1594; x_wconf 73' lang='grc' dir='ltr'>ἡμέρᾳ</span> <span class='ocrx_word' id='word_1_326' title='bbox 2558 1522 2656 1585; x_wconf 78' lang='grc' dir='ltr'><strong>τὰς</strong></span> <span class='ocrx_word' id='word_1_327' title='bbox 2681 1521 2931 1592; x_wconf 83' lang='grc' dir='ltr'>νηστείας</span> <span class='ocrx_word' id='word_1_328' title='bbox 2961 1521 3272 1574; x_wconf 79' lang='grc' dir='ltr'>ἐπιλύεσθαι</span> <span class='ocrx_word' id='word_1_329' title='bbox 3297 1521 3427 1591; x_wconf 87' lang='grc'>(56).</span> <span class='ocrx_word' id='word_1_330' title='bbox 3455 1521 3664 1573; x_wconf 84' lang='grc' dir='ltr'>Σύνοδοι</span> <span class='ocrx_word' id='word_1_331' title='bbox 3688 1520 3752 1592; x_wconf 80' lang='grc' dir='ltr'>δὴ</span> 
     </span>
    </p>
   </div>
   <div class='ocr_carea' id='block_1_49' title="bbox 2178 1612 3748 1685">
    <p class='ocr_par' dir='ltr' id='par_1_49' title="bbox 2178 1612 3748 1685">
     <span class='ocr_line' id='line_1_49' title="bbox 2178 1612 3748 1685; baseline -0.005 -15"><span class='ocrx_word' id='word_1_332' title='bbox 2178 1617 2273 1670; x_wconf 69' lang='grc' dir='ltr'><strong>καὶ</strong></span> <span class='ocrx_word' id='word_1_333' title='bbox 2318 1615 2713 1685; x_wconf 78' lang='grc' dir='ltr'>συγκροτήσεις</span> <span class='ocrx_word' id='word_1_334' title='bbox 2758 1614 3070 1675; x_wconf 84' lang='grc' dir='ltr'>ἐπισκόπων</span> <span class='ocrx_word' id='word_1_335' title='bbox 3121 1614 3211 1666; x_wconf 74' lang='grc' dir='ltr'><strong>ἐπὶ</strong></span> <span class='ocrx_word' id='word_1_336' title='bbox 3254 1612 3449 1667; x_wconf 79' lang='grc' dir='ltr'>ταύτὸν</span> <span class='ocrx_word' id='word_1_337' title='bbox 3492 1614 3748 1682; x_wconf 88' lang='grc' dir='ltr'>ἐγίνοντο,</span> 
     </span>
    </p>
   </div>
   <div class='ocr_carea' id='block_1_50' title="bbox 2180 1705 3750 1778">
    <p class='ocr_par' dir='ltr' id='par_1_50' title="bbox 2180 1705 3750 1778">
     <span class='ocr_line' id='line_1_50' title="bbox 2180 1705 3750 1778; baseline -0.004 -15"><span class='ocrx_word' id='word_1_338' title='bbox 2180 1710 2376 1771; x_wconf 81' lang='grc' dir='ltr'>πάντες</span> <span class='ocrx_word' id='word_1_339' title='bbox 2410 1724 2467 1760; x_wconf 93' lang='grc' dir='ltr'><strong>τε</strong></span> <span class='ocrx_word' id='word_1_340' title='bbox 2506 1708 2601 1777; x_wconf 82' lang='grc' dir='ltr'>μιᾷ</span> <span class='ocrx_word' id='word_1_341' title='bbox 2629 1705 2823 1778; x_wconf 80' lang='grc' dir='ltr'>γνώμῃ</span> <span class='ocrx_word' id='word_1_342' title='bbox 2857 1706 2924 1759; x_wconf 87' lang='grc' dir='ltr'>δι’</span> <span class='ocrx_word' id='word_1_343' title='bbox 2953 1706 3251 1759; x_wconf 76' lang='grc' dir='ltr'>ἐπιστολῶν</span> <span class='ocrx_word' id='word_1_344' title='bbox 3305 1705 3750 1775; x_wconf 76' lang='grc' dir='ltr'>ἐκκλησιαστικὸν</span> 
     </span>
    </p>
   </div>
   <div class='ocr_carea' id='block_1_51' title="bbox 2179 1799 3749 1873">
    <p class='ocr_par' dir='ltr' id='par_1_51' title="bbox 2179 1799 3749 1873">
     <span class='ocr_line' id='line_1_51' title="bbox 2179 1799 3749 1873; baseline -0.003 -17"><span class='ocrx_word' id='word_1_345' title='bbox 2179 1804 2355 1873; x_wconf 81' lang='grc' dir='ltr'>δόγμα</span> <span class='ocrx_word' id='word_1_346' title='bbox 2395 1805 2505 1864; x_wconf 87' lang='grc' dir='ltr'>τοῖς</span> <span class='ocrx_word' id='word_1_347' title='bbox 2553 1801 2853 1870; x_wconf 83' lang='grc' dir='ltr'>πανταχόσε</span> <span class='ocrx_word' id='word_1_348' title='bbox 2909 1799 3271 1863; x_wconf 77' lang='grc' dir='ltr'>διετυποῦντο,</span> <span class='ocrx_word' id='word_1_349' title='bbox 3318 1799 3392 1861; x_wconf 83' lang='grc' dir='ltr'>ὡς</span> <span class='ocrx_word' id='word_1_350' title='bbox 3434 1799 3498 1852; x_wconf 86' lang='grc' dir='ltr'><strong>ἂν</strong></span> <span class='ocrx_word' id='word_1_351' title='bbox 3532 1799 3651 1870; x_wconf 84' lang='grc' dir='ltr'>μηδ’</span> <span class='ocrx_word' id='word_1_352' title='bbox 3690 1800 3749 1852; x_wconf 83' lang='grc' dir='ltr'><strong>ἐν</strong></span> 
     </span>
    </p>
   </div>
   <div class='ocr_carea' id='block_1_52' title="bbox 2181 1894 3749 1969">
    <p class='ocr_par' dir='ltr' id='par_1_52' title="bbox 2181 1894 3749 1969">
     <span class='ocr_line' id='line_1_52' title="bbox 2181 1894 3749 1969; baseline -0.001 -20"><span class='ocrx_word' id='word_1_353' title='bbox 2181 1897 2312 1968; x_wconf 78' lang='grc' dir='ltr'>ἄλλῃ</span> <span class='ocrx_word' id='word_1_354' title='bbox 2348 1896 2477 1949; x_wconf 80' lang='grc' dir='ltr'>ποτὲ</span> <span class='ocrx_word' id='word_1_355' title='bbox 2509 1895 2609 1965; x_wconf 80' lang='grc' dir='ltr'>τῆς</span> <span class='ocrx_word' id='word_1_356' title='bbox 2659 1896 2941 1966; x_wconf 80' lang='grc' dir='ltr'>Κυριακῆς</span> <span class='ocrx_word' id='word_1_357' title='bbox 2987 1895 3167 1969; x_wconf 80' lang='grc' dir='ltr'>ἡμέρᾳ</span> <span class='ocrx_word' id='word_1_358' title='bbox 3201 1895 3258 1948; x_wconf 84' lang='grc' dir='ltr'>τὺ</span> <span class='ocrx_word' id='word_1_359' title='bbox 3303 1895 3403 1964; x_wconf 76' lang='grc' dir='ltr'>τῆς</span> <span class='ocrx_word' id='word_1_360' title='bbox 3443 1897 3507 1948; x_wconf 83' lang='grc' dir='ltr'><strong>ἐκ</strong></span> <span class='ocrx_word' id='word_1_361' title='bbox 3542 1894 3749 1965; x_wconf 84' lang='grc' dir='ltr'>νεκρῶν</span> 
     </span>
    </p>
   </div>
   <div class='ocr_carea' id='block_1_53' title="bbox 2182 1986 3748 2059">
    <p class='ocr_par' dir='ltr' id='par_1_53' title="bbox 2182 1986 3748 2059">
     <span class='ocr_line' id='line_1_53' title="bbox 2182 1986 3748 2059; baseline -0.001 -17"><span class='ocrx_word' id='word_1_362' title='bbox 2182 1989 2522 2052; x_wconf 83' lang='grc' dir='ltr'>ἀναστάσεως</span> <span class='ocrx_word' id='word_1_363' title='bbox 2563 1989 2859 2042; x_wconf 80' lang='grc' dir='ltr'>ἐπιτελοῖτο</span> <span class='ocrx_word' id='word_1_364' title='bbox 2902 1986 2996 2041; x_wconf 77' lang='grc' dir='ltr'>τοῦ</span> <span class='ocrx_word' id='word_1_365' title='bbox 3040 1987 3247 2059; x_wconf 83' lang='grc' dir='ltr'>Κυρίου</span> <span class='ocrx_word' id='word_1_366' title='bbox 3286 1988 3604 2058; x_wconf 82' lang='grc' dir='ltr'>μυστήριον,</span> <span class='ocrx_word' id='word_1_367' title='bbox 3653 1987 3748 2040; x_wconf 78' lang='grc' dir='ltr'>καὶ</span> 
     </span>
    </p>
   </div>
   <div class='ocr_carea' id='block_1_54' title="bbox 2180 2077 3746 2152">
    <p class='ocr_par' dir='ltr' id='par_1_54' title="bbox 2180 2077 3746 2152">
     <span class='ocr_line' id='line_1_54' title="bbox 2180 2077 3746 2152; baseline -0.002 -19"><span class='ocrx_word' id='word_1_368' title='bbox 2180 2081 2326 2144; x_wconf 82' lang='grc' dir='ltr'>ὅπως</span> <span class='ocrx_word' id='word_1_369' title='bbox 2353 2082 2410 2132; x_wconf 85' lang='grc' dir='ltr'>ὲν</span> <span class='ocrx_word' id='word_1_370' title='bbox 2443 2080 2611 2150; x_wconf 78' lang='grc' dir='ltr'>ταύτῃ</span> <span class='ocrx_word' id='word_1_371' title='bbox 2657 2080 2793 2152; x_wconf 82' lang='grc' dir='ltr'>μόνῃ</span> <span class='ocrx_word' id='word_1_372' title='bbox 2839 2078 2947 2132; x_wconf 87' lang='grc' dir='ltr'><strong>τῶν</strong></span> <span class='ocrx_word' id='word_1_373' title='bbox 2996 2077 3136 2132; x_wconf 88' lang='grc' dir='ltr'><strong>κατά</strong></span> <span class='ocrx_word' id='word_1_374' title='bbox 3169 2077 3228 2131; x_wconf 83' lang='grc' dir='ltr'>τὸ</span> <span class='ocrx_word' id='word_1_375' title='bbox 3256 2077 3449 2148; x_wconf 88' lang='grc' dir='ltr'>Πάσχα</span> <span class='ocrx_word' id='word_1_376' title='bbox 3479 2079 3746 2150; x_wconf 85' lang='grc' dir='ltr'>νηστειῶν</span> 
     </span>
    </p>
   </div>
   <div class='ocr_carea' id='block_1_55' title="bbox 2182 2171 3746 2243">
    <p class='ocr_par' dir='ltr' id='par_1_55' title="bbox 2182 2171 3746 2243">
     <span class='ocr_line' id='line_1_55' title="bbox 2182 2171 3746 2243; baseline 0 -19"><span class='ocrx_word' id='word_1_377' title='bbox 2182 2171 2577 2243; x_wconf 74' lang='grc' dir='ltr'>φυλαττοίμεθα</span> <span class='ocrx_word' id='word_1_378' title='bbox 2614 2172 2713 2236; x_wconf 83' lang='grc' dir='ltr'>τὰς</span> <span class='ocrx_word' id='word_1_379' title='bbox 2759 2172 3032 2236; x_wconf 83' lang='grc' dir='ltr'>ἐπιλύσεις</span> <span class='ocrx_word' id='word_1_380' title='bbox 3064 2173 3197 2242; x_wconf 84' lang='grc'>(57).</span> <span class='ocrx_word' id='word_1_381' title='bbox 3231 2172 3457 2243; x_wconf 79' lang='grc' dir='ltr'>Φέρεται</span> <span class='ocrx_word' id='word_1_382' title='bbox 3502 2171 3546 2225; x_wconf 87' lang='grc' dir='ltr'>δ’</span> <span class='ocrx_word' id='word_1_383' title='bbox 3580 2173 3746 2225; x_wconf 80' lang='grc' dir='ltr'>εἰσέτι</span> 
     </span>
    </p>
   </div>
   <div class='ocr_carea' id='block_1_56' title="bbox 2181 2261 3745 2334">
    <p class='ocr_par' dir='ltr' id='par_1_56' title="bbox 2181 2261 3745 2334">
     <span class='ocr_line' id='line_1_56' title="bbox 2181 2261 3745 2334; baseline 0 -20"><span class='ocrx_word' id='word_1_384' title='bbox 2181 2262 2273 2316; x_wconf 79' lang='grc' dir='ltr'>νῦν</span> <span class='ocrx_word' id='word_1_385' title='bbox 2309 2263 2417 2315; x_wconf 85' lang='grc' dir='ltr'><strong>τῶν</strong></span> <span class='ocrx_word' id='word_1_386' title='bbox 2445 2261 2586 2315; x_wconf 88' lang='grc' dir='ltr'><strong>κατά</strong></span> <span class='ocrx_word' id='word_1_387' title='bbox 2614 2262 2976 2333; x_wconf 78' lang='grc' dir='ltr'>Παλαιστίνην</span> <span class='ocrx_word' id='word_1_388' title='bbox 3017 2262 3266 2333; x_wconf 87' lang='grc' dir='ltr'>τηνικάδε</span> <span class='ocrx_word' id='word_1_389' title='bbox 3309 2261 3745 2334; x_wconf 81' lang='grc' dir='ltr'>συγκεκροτημέ-</span> 
     </span>
    </p>
   </div>
   <div class='ocr_carea' id='block_1_57' title="bbox 2193 2375 3745 2444">
    <p class='ocr_par' dir='ltr' id='par_1_57' title="bbox 2193 2375 3745 2444">
     <span class='ocr_line' id='line_1_57' title="bbox 2193 2375 3745 2444; baseline -0.003 -12"><span class='ocrx_word' id='word_1_390' title='bbox 2193 2379 2258 2432; x_wconf 88' lang='lat' dir='ltr'><strong>ad</strong></span> <span class='ocrx_word' id='word_1_391' title='bbox 2301 2377 2576 2432; x_wconf 83' lang='lat' dir='ltr'><strong>Judaicam</strong></span> <span class='ocrx_word' id='word_1_392' title='bbox 2624 2378 3054 2432; x_wconf 73' lang='lat' dir='ltr'><strong>observationem</strong></span> <span class='ocrx_word' id='word_1_393' title='bbox 3115 2377 3314 2444; x_wconf 86' lang='lat' dir='ltr'><strong>delapsi</strong></span> <span class='ocrx_word' id='word_1_394' title='bbox 3358 2386 3480 2430; x_wconf 90' lang='lat' dir='ltr'><strong>sunt</strong></span> <span class='ocrx_word' id='word_1_395' title='bbox 3523 2394 3538 2428; x_wconf 90' lang='lat'><strong>:</strong></span> <span class='ocrx_word' id='word_1_396' title='bbox 3586 2375 3745 2442; x_wconf 83' lang='lat' dir='ltr'><strong>idque</strong></span> 
     </span>
    </p>
   </div>
   <div class='ocr_carea' id='block_1_58' title="bbox 2192 2445 3740 2508">
    <p class='ocr_par' dir='ltr' id='par_1_58' title="bbox 2192 2445 3740 2508">
     <span class='ocr_line' id='line_1_58' title="bbox 2192 2445 3740 2508; baseline -0.002 -8"><span class='ocrx_word' id='word_1_397' title='bbox 2192 2458 2316 2501; x_wconf 85' lang='lat' dir='ltr'><strong>anle</strong></span> <span class='ocrx_word' id='word_1_398' title='bbox 2371 2449 2652 2502; x_wconf 87' lang='lat' dir='ltr'><strong>concilium</strong></span> <span class='ocrx_word' id='word_1_399' title='bbox 2708 2448 3005 2508; x_wconf 71' lang='lat' dir='ltr'><strong>Nicmnnm.</strong></span> <span class='ocrx_word' id='word_1_400' title='bbox 3069 2456 3127 2499; x_wconf 85' lang='lat' dir='ltr'><strong>ut</strong></span> <span class='ocrx_word' id='word_1_401' title='bbox 3179 2450 3332 2499; x_wconf 86' lang='lat' dir='ltr'><strong>docet</strong></span> <span class='ocrx_word' id='word_1_402' title='bbox 3391 2445 3740 2499; x_wconf 79' lang='lat' dir='ltr'><strong>Athanasius.</strong></span> 
     </span>
    </p>
   </div>
   <div class='ocr_carea' id='block_1_59' title="bbox 2190 2518 3741 2585">
    <p class='ocr_par' dir='ltr' id='par_1_59' title="bbox 2190 2518 3741 2585">
     <span class='ocr_line' id='line_1_59' title="bbox 2190 2518 3741 2585; baseline -0.005 -13"><span class='ocrx_word' id='word_1_403' title='bbox 2190 2518 2394 2572; x_wconf 82' lang='lat' dir='ltr'><strong>Contra</strong></span> <span class='ocrx_word' id='word_1_404' title='bbox 2431 2533 2558 2572; x_wconf 89' lang='lat' dir='ltr'><strong>vero</strong></span> <span class='ocrx_word' id='word_1_405' title='bbox 2591 2519 2801 2578; x_wconf 84' lang='lat' dir='ltr'><strong>Asiani,</strong></span> <span class='ocrx_word' id='word_1_406' title='bbox 2839 2519 3097 2572; x_wconf 88' lang='lat' dir='ltr'><strong>damnato</strong></span> <span class='ocrx_word' id='word_1_407' title='bbox 3141 2518 3372 2585; x_wconf 67' lang='lat' dir='ltr'><strong>pristipo</strong></span> <span class='ocrx_word' id='word_1_408' title='bbox 3400 2530 3607 2574; x_wconf 87' lang='lat' dir='ltr'><strong>errore.</strong></span> <span class='ocrx_word' id='word_1_409' title='bbox 3653 2530 3741 2567; x_wconf 83' lang='lat' dir='ltr'><strong>sa-</strong></span> 
     </span>
    </p>
   </div>
   <div class='ocr_carea' id='block_1_60' title="bbox 2183 2586 3741 2653">
    <p class='ocr_par' dir='ltr' id='par_1_60' title="bbox 2183 2586 3741 2653">
     <span class='ocr_line' id='line_1_60' title="bbox 2183 2586 3741 2653; baseline -0.002 -14"><span class='ocrx_word' id='word_1_410' title='bbox 2183 2591 2389 2642; x_wconf 90' lang='lat' dir='ltr'><strong>niorem</strong></span> <span class='ocrx_word' id='word_1_411' title='bbox 2425 2590 2750 2642; x_wconf 88' lang='lat' dir='ltr'><strong>sententiam</strong></span> <span class='ocrx_word' id='word_1_412' title='bbox 2779 2587 3009 2653; x_wconf 83' lang='lat' dir='ltr'><strong>amplexi</strong></span> <span class='ocrx_word' id='word_1_413' title='bbox 3041 2597 3185 2640; x_wconf 91' lang='lat' dir='ltr'><strong>sunt.</strong></span> <span class='ocrx_word' id='word_1_414' title='bbox 3220 2587 3378 2641; x_wconf 82' lang='lat' dir='ltr'><strong>Certe</strong></span> <span class='ocrx_word' id='word_1_415' title='bbox 3405 2595 3528 2637; x_wconf 87' lang='lat' dir='ltr'><strong>ante</strong></span> <span class='ocrx_word' id='word_1_416' title='bbox 3556 2586 3741 2638; x_wconf 85' lang='lat' dir='ltr'><strong>conci-</strong></span> 
     </span>
    </p>
   </div>
   <div class='ocr_carea' id='block_1_61' title="bbox 2180 2655 3743 2713">
    <p class='ocr_par' dir='ltr' id='par_1_61' title="bbox 2180 2655 3743 2713">
     <span class='ocr_line' id='line_1_61' title="bbox 2180 2655 3743 2713; baseline -0.002 -3"><span class='ocrx_word' id='word_1_417' title='bbox 2180 2658 2308 2711; x_wconf 91' lang='lat' dir='ltr'><strong>lium</strong></span> <span class='ocrx_word' id='word_1_418' title='bbox 2361 2657 2635 2713; x_wconf 75' lang='lat' dir='ltr'><strong>Nictenum</strong></span> <span class='ocrx_word' id='word_1_419' title='bbox 2682 2657 2866 2711; x_wconf 89' lang='lat' dir='ltr'><strong>Asiani</strong></span> <span class='ocrx_word' id='word_1_420' title='bbox 2919 2672 3124 2710; x_wconf 88' lang='lat' dir='ltr'><strong>morem</strong></span> <span class='ocrx_word' id='word_1_421' title='bbox 3178 2656 3433 2710; x_wconf 56' lang='lat' dir='ltr'><strong>Ecclesia</strong></span> <span class='ocrx_word' id='word_1_422' title='bbox 3486 2655 3743 2707; x_wconf 73' lang='lat' dir='ltr'><strong>Romana:</strong></span> 
     </span>
    </p>
   </div>
   <div class='ocr_carea' id='block_1_62' title="bbox 2177 2725 3744 2796">
    <p class='ocr_par' dir='ltr' id='par_1_62' title="bbox 2177 2725 3744 2796">
     <span class='ocr_line' id='line_1_62' title="bbox 2177 2725 3744 2796; baseline -0.003 -15"><span class='ocrx_word' id='word_1_423' title='bbox 2177 2730 2538 2796; x_wconf 81' lang='lat' dir='ltr'><strong>sequebantur</strong></span> <span class='ocrx_word' id='word_1_424' title='bbox 2580 2727 2631 2779; x_wconf 92' lang='lat' dir='ltr'><strong>in</strong></span> <span class='ocrx_word' id='word_1_425' title='bbox 2673 2727 3053 2782; x_wconf 88' lang='lat' dir='ltr'><strong>observatione</strong></span> <span class='ocrx_word' id='word_1_426' title='bbox 3083 2725 3321 2790; x_wconf 64' lang='lat' dir='ltr'><strong>Pascha},</strong></span> <span class='ocrx_word' id='word_1_427' title='bbox 3349 2735 3403 2778; x_wconf 90' lang='lat' dir='ltr'><strong>ut</strong></span> <span class='ocrx_word' id='word_1_428' title='bbox 3431 2725 3601 2796; x_wconf 72' lang='lat' dir='ltr'><strong>docet</strong></span> <span class='ocrx_word' id='word_1_429' title='bbox 3627 2725 3744 2794; x_wconf 87' lang='lat' dir='ltr'><strong>epi-</strong></span> 
     </span>
    </p>
   </div>
   <div class='ocr_carea' id='block_1_63' title="bbox 2176 2795 3739 2865">
    <p class='ocr_par' dir='ltr' id='par_1_63' title="bbox 2176 2795 3739 2865">
     <span class='ocr_line' id='line_1_63' title="bbox 2176 2795 3739 2865; baseline -0.001 -16"><span class='ocrx_word' id='word_1_430' title='bbox 2176 2795 2309 2852; x_wconf 88' lang='lat' dir='ltr'><strong>stola</strong></span> <span class='ocrx_word' id='word_1_431' title='bbox 2351 2799 2685 2853; x_wconf 87' lang='lat' dir='ltr'><strong>Constantini</strong></span> <span class='ocrx_word' id='word_1_432' title='bbox 2723 2797 2786 2849; x_wconf 89' lang='lat' dir='ltr'><strong>ad</strong></span> <span class='ocrx_word' id='word_1_433' title='bbox 2823 2798 3112 2862; x_wconf 81' lang='lat' dir='ltr'><strong>Ecclesias,</strong></span> <span class='ocrx_word' id='word_1_434' title='bbox 3167 2811 3329 2865; x_wconf 87' lang='lat' dir='ltr'><strong>quam</strong></span> <span class='ocrx_word' id='word_1_435' title='bbox 3363 2795 3530 2848; x_wconf 81' lang='lat' dir='ltr'><strong>refert</strong></span> <span class='ocrx_word' id='word_1_436' title='bbox 3565 2795 3739 2849; x_wconf 84' lang='lat' dir='ltr'><strong>Euse-</strong></span> 
     </span>
    </p>
   </div>
   <div class='ocr_carea' id='block_1_64' title="bbox 2184 2865 3312 2935">
    <p class='ocr_par' dir='ltr' id='par_1_64' title="bbox 2184 2865 3312 2935">
     <span class='ocr_line' id='line_1_64' title="bbox 2184 2865 3312 2935; baseline -0.003 -14"><span class='ocrx_word' id='word_1_437' title='bbox 2184 2868 2306 2922; x_wconf 86' lang='lat' dir='ltr'><strong>bius</strong></span> <span class='ocrx_word' id='word_1_438' title='bbox 2342 2870 2392 2921; x_wconf 92' lang='lat' dir='ltr'><strong>in</strong></span> <span class='ocrx_word' id='word_1_439' title='bbox 2428 2868 2565 2920; x_wconf 88' lang='lat' dir='ltr'><strong>libro</strong></span> <span class='ocrx_word' id='word_1_440' title='bbox 2596 2882 2653 2920; x_wconf 91' lang='grc' dir='ltr'><strong>ιιι</strong></span> <span class='ocrx_word' id='word_1_441' title='bbox 2689 2867 2760 2918; x_wconf 76' lang='lat' dir='ltr'><strong>De</strong></span> <span class='ocrx_word' id='word_1_442' title='bbox 2783 2867 2892 2935; x_wconf 74' lang='lat' dir='ltr'><strong>ejus</strong></span> <span class='ocrx_word' id='word_1_443' title='bbox 2923 2868 3048 2930; x_wconf 77' lang='lat' dir='ltr'><strong>vim,</strong></span> <span class='ocrx_word' id='word_1_444' title='bbox 3076 2881 3194 2934; x_wconf 87' lang='lat' dir='ltr'><strong>cap.</strong></span> <span class='ocrx_word' id='word_1_445' title='bbox 3227 2865 3312 2919; x_wconf 79' lang='grc'><strong>18.</strong></span> 
     </span>
    </p>
   </div>
   <div class='ocr_carea' id='block_1_65' title="bbox 2244 2931 3740 3008">
    <p class='ocr_par' dir='ltr' id='par_1_65' title="bbox 2244 2931 3740 3008">
     <span class='ocr_line' id='line_1_65' title="bbox 2244 2931 3740 3008; baseline -0.003 -16"><span class='ocrx_word' id='word_1_446' title='bbox 2244 2938 2354 3008; x_wconf 80' lang='grc'>(56)</span> <span class='ocrx_word' id='word_1_447' title='bbox 2397 2938 2507 3008; x_wconf 78' lang='grc' dir='ltr'><strong>Τὰς</strong></span> <span class='ocrx_word' id='word_1_448' title='bbox 2533 2931 2818 3008; x_wconf 72' lang='grc' dir='ltr'>γηστείᾳςῖ</span> <span class='ocrx_word' id='word_1_449' title='bbox 2848 2931 3214 3008; x_wconf 66' lang='grc' dir='ltr'>ἐπιλύεσθαι.</span> <span class='ocrx_word' id='word_1_450' title='bbox 3248 2933 3414 3008; x_wconf 78' lang='lat' dir='ltr'><strong>Paulo</strong></span> <span class='ocrx_word' id='word_1_451' title='bbox 3440 2945 3565 3008; x_wconf 57' lang='lat' dir='ltr'><strong>ante</strong></span> <span class='ocrx_word' id='word_1_452' title='bbox 3596 2931 3740 3008; x_wconf 61' lang='lat' dir='ltr'><strong>dire-</strong></span> 
     </span>
    </p>
   </div>
   <div class='ocr_carea' id='block_1_66' title="bbox 2172 3002 3736 3073">
    <p class='ocr_par' dir='ltr' id='par_1_66' title="bbox 2172 3002 3736 3073">
     <span class='ocr_line' id='line_1_66' title="bbox 2172 3002 3736 3073; baseline -0.002 -14"><span class='ocrx_word' id='word_1_453' title='bbox 2172 3002 2260 3060; x_wconf 75' lang='lat' dir='ltr'><strong>rat</strong></span> <span class='ocrx_word' id='word_1_454' title='bbox 2303 3002 2402 3070; x_wconf 72' lang='grc' dir='ltr'>τὰς</span> <span class='ocrx_word' id='word_1_455' title='bbox 2443 3007 2550 3060; x_wconf 85' lang='grc' dir='ltr'><strong>τῶν</strong></span> <span class='ocrx_word' id='word_1_456' title='bbox 2586 3006 2805 3061; x_wconf 88' lang='grc' dir='ltr'>άσιτιῶν</span> <span class='ocrx_word' id='word_1_457' title='bbox 2840 3006 3115 3069; x_wconf 82' lang='grc' dir='ltr'>ἐπιλύσεις</span> <span class='ocrx_word' id='word_1_458' title='bbox 3158 3003 3448 3058; x_wconf 81' lang='grc' dir='ltr'>ποιεῖσθαι.</span> <span class='ocrx_word' id='word_1_459' title='bbox 3503 3002 3736 3073; x_wconf 86' lang='lat' dir='ltr'><strong>Cyrillus</strong></span> 
     </span>
    </p>
   </div>
   <div class='ocr_carea' id='block_1_67' title="bbox 2175 3073 3737 3148">
    <p class='ocr_par' dir='ltr' id='par_1_67' title="bbox 2175 3073 3737 3148">
     <span class='ocr_line' id='line_1_67' title="bbox 2175 3073 3737 3148; baseline -0.003 -18"><span class='ocrx_word' id='word_1_460' title='bbox 2175 3078 2228 3130; x_wconf 92' lang='lat' dir='ltr'><strong>in</strong></span> <span class='ocrx_word' id='word_1_461' title='bbox 2259 3077 2506 3132; x_wconf 77' lang='lat' dir='ltr'><strong>Hamiliis</strong></span> <span class='ocrx_word' id='word_1_462' title='bbox 2538 3075 2879 3130; x_wconf 77' lang='lat' dir='ltr'><strong>Paschalibus</strong></span> <span class='ocrx_word' id='word_1_463' title='bbox 2903 3075 3306 3148; x_wconf 13' lang='grc' dir='ltr'>περιλύεινίτὰς</span> <span class='ocrx_word' id='word_1_464' title='bbox 3339 3073 3622 3148; x_wconf 58' lang='grc' dir='ltr'>νηστείας,</span> <span class='ocrx_word' id='word_1_465' title='bbox 3641 3087 3737 3139; x_wconf 91' lang='lat' dir='ltr'><strong>pro</strong></span> 
     </span>
    </p>
   </div>
   <div class='ocr_carea' id='block_1_68' title="bbox 509 3134 3736 3216">
    <p class='ocr_par' dir='ltr' id='par_1_68' title="bbox 509 3134 3736 3216">
     <span class='ocr_line' id='line_1_68' title="bbox 509 3134 3736 3216; baseline -0 -20"><span class='ocrx_word' id='word_1_466' title='bbox 509 3154 620 3216; x_wconf 82' lang='lat' dir='ltr'><strong>met</strong></span> <span class='ocrx_word' id='word_1_467' title='bbox 649 3134 989 3216; x_wconf 35' lang='lat' dir='ltr'><strong>Asitejtotius</strong></span> <span class='ocrx_word' id='word_1_468' title='bbox 1035 3142 1308 3216; x_wconf 80' lang='lat' dir='ltr'><strong>Ecclesias</strong></span> <span class='ocrx_word' id='word_1_469' title='bbox 1338 3134 1478 3216; x_wconf 73' lang='lat' dir='ltr'><strong>diem</strong></span> <span class='ocrx_word' id='word_1_470' title='bbox 1527 3143 1750 3198; x_wconf 74' lang='lat' dir='ltr'><strong>Pascha:</strong></span> <span class='ocrx_word' id='word_1_471' title='bbox 1799 3161 1904 3198; x_wconf 91' lang='lat' dir='ltr'><strong>una</strong></span> <span class='ocrx_word' id='word_1_472' title='bbox 1949 3161 2070 3199; x_wconf 90' lang='lat' dir='ltr'><strong>cum</strong></span> <span class='ocrx_word' id='word_1_473' title='bbox 2099 3134 2140 3189; x_wconf 64' lang='grc' dir='ltr'><strong>(ἶ</strong></span> <span class='ocrx_word' id='word_1_474' title='bbox 2177 3150 2362 3202; x_wconf 89' lang='lat' dir='ltr'><strong>eodem</strong></span> <span class='ocrx_word' id='word_1_475' title='bbox 2409 3150 2718 3214; x_wconf 85' lang='lat' dir='ltr'><strong>frequenter</strong></span> <span class='ocrx_word' id='word_1_476' title='bbox 2759 3134 3002 3216; x_wconf 73' lang='lat' dir='ltr'><strong>usurpat.</strong></span> <span class='ocrx_word' id='word_1_477' title='bbox 3051 3134 3348 3200; x_wconf 83' lang='lat' dir='ltr'><strong>Dicebatur</strong></span> <span class='ocrx_word' id='word_1_478' title='bbox 3393 3134 3736 3216; x_wconf 44' lang='grc' dir='ltr'>ὲιίοιιιςάπο-</span> 
     </span>
    </p>
   </div>
   <div class='ocr_carea' id='block_1_69' title="bbox 506 3213 2074 3282">
    <p class='ocr_par' dir='ltr' id='par_1_69' title="bbox 506 3213 2074 3282">
     <span class='ocr_line' id='line_1_69' title="bbox 506 3213 2074 3282; baseline 0.002 -15"><span class='ocrx_word' id='word_1_479' title='bbox 506 3214 706 3268; x_wconf 60' lang='lat' dir='ltr'><strong>ludatis</strong></span> <span class='ocrx_word' id='word_1_480' title='bbox 744 3213 1072 3278; x_wconf 87' lang='lat' dir='ltr'><strong>celebrasse,</strong></span> <span class='ocrx_word' id='word_1_481' title='bbox 1116 3214 1283 3281; x_wconf 80' lang='lat' dir='ltr'><strong>quaeri</strong></span> <span class='ocrx_word' id='word_1_482' title='bbox 1338 3215 1531 3266; x_wconf 90' lang='lat' dir='ltr'><strong>merito</strong></span> <span class='ocrx_word' id='word_1_483' title='bbox 1577 3225 1756 3282; x_wconf 87' lang='lat' dir='ltr'><strong>potest</strong></span> <span class='ocrx_word' id='word_1_484' title='bbox 1799 3217 2074 3282; x_wconf 87' lang='lat' dir='ltr'><strong>quomodo</strong></span> 
     </span>
    </p>
   </div>
   <div class='ocr_carea' id='block_1_70' title="bbox 507 3282 2076 3352">
    <p class='ocr_par' dir='ltr' id='par_1_70' title="bbox 507 3282 2076 3352">
     <span class='ocr_line' id='line_1_70' title="bbox 507 3282 2076 3352; baseline 0.001 -14"><span class='ocrx_word' id='word_1_485' title='bbox 507 3285 597 3338; x_wconf 90' lang='lat' dir='ltr'><strong>hic</strong></span> <span class='ocrx_word' id='word_1_486' title='bbox 627 3283 947 3337; x_wconf 89' lang='lat' dir='ltr'><strong>sumendum</strong></span> <span class='ocrx_word' id='word_1_487' title='bbox 987 3283 1058 3336; x_wconf 93' lang='lat' dir='ltr'><strong>sit</strong></span> <span class='ocrx_word' id='word_1_488' title='bbox 1086 3283 1225 3337; x_wconf 74' lang='lat' dir='ltr'><strong>Asia:</strong></span> <span class='ocrx_word' id='word_1_489' title='bbox 1269 3298 1482 3338; x_wconf 89' lang='lat' dir='ltr'><strong>nomen.</strong></span> <span class='ocrx_word' id='word_1_490' title='bbox 1511 3282 1641 3337; x_wconf 86' lang='lat' dir='ltr'><strong>Mihi</strong></span> <span class='ocrx_word' id='word_1_491' title='bbox 1681 3285 1896 3352; x_wconf 89' lang='lat' dir='ltr'><strong>quidem</strong></span> <span class='ocrx_word' id='word_1_492' title='bbox 1925 3285 2076 3339; x_wconf 86' lang='lat' dir='ltr'><strong>vidc-</strong></span> 
     </span>
    </p>
   </div>
   <div class='ocr_carea' id='block_1_71' title="bbox 506 3352 2069 3475">
    <p class='ocr_par' dir='ltr' id='par_1_71' title="bbox 506 3352 2069 3475">
     <span class='ocr_line' id='line_1_71' title="bbox 506 3352 2069 3475; baseline 0.001 -67"><span class='ocrx_word' id='word_1_493' title='bbox 506 3365 595 3475; x_wconf 76' lang='grc' dir='ltr'>ιιιῖ</span> <span class='ocrx_word' id='word_1_494' title='bbox 655 3352 877 3422; x_wconf 79' lang='lat' dir='ltr'><strong>intelligi</strong></span> <span class='ocrx_word' id='word_1_495' title='bbox 933 3353 1214 3422; x_wconf 86' lang='lat' dir='ltr'><strong>provincia</strong></span> <span class='ocrx_word' id='word_1_496' title='bbox 1283 3355 1423 3408; x_wconf 69' lang='lat' dir='ltr'><strong>Asiae</strong></span> <span class='ocrx_word' id='word_1_497' title='bbox 1451 3369 1612 3423; x_wconf 85' lang='lat' dir='ltr'><strong>quam</strong></span> <span class='ocrx_word' id='word_1_498' title='bbox 1639 3354 1926 3424; x_wconf 90' lang='lat' dir='ltr'><strong>proconsul</strong></span> <span class='ocrx_word' id='word_1_499' title='bbox 1985 3369 2069 3409; x_wconf 87' lang='lat' dir='ltr'><strong>re-</strong></span> 
     </span>
     <span class='ocr_line' id='line_1_72' title="bbox 506 3433 684 3475; baseline 0 0"><span class='ocrx_word' id='word_1_500' title='bbox 506 3433 684 3475; x_wconf 73' lang='lat' dir='ltr'><strong>uetat.</strong></span> 
     </span>
    </p>
   </div>
   <div class='ocr_carea' id='block_1_72' title="bbox 505 3433 684 3494">
    <p class='ocr_par' dir='ltr' id='par_1_72' title="bbox 505 3433 684 3494">
     <span class='ocr_line' id='line_1_73' title="bbox 505 3433 684 3494; baseline -0.006 -18"><span class='ocrx_word' id='word_1_501' title='bbox 505 3433 684 3494; x_wconf 72' lang='lat' dir='ltr'><strong>gebat.</strong></span> 
     </span>
    </p>
   </div>
   <div class='ocr_carea' id='block_1_73' title="bbox 577 3491 2068 3563">
    <p class='ocr_par' dir='ltr' id='par_1_73' title="bbox 577 3491 2068 3563">
     <span class='ocr_line' id='line_1_74' title="bbox 577 3491 2068 3563; baseline 0.005 -19"><span class='ocrx_word' id='word_1_502' title='bbox 577 3493 687 3562; x_wconf 79' lang='grc'>(55)</span> <span class='ocrx_word' id='word_1_503' title='bbox 740 3493 866 3547; x_wconf 74' lang='grc' dir='ltr'>Ἐπί</span> <span class='ocrx_word' id='word_1_504' title='bbox 917 3491 1024 3560; x_wconf 85' lang='grc' dir='ltr'>τῆς</span> <span class='ocrx_word' id='word_1_505' title='bbox 1075 3493 1180 3547; x_wconf 86' lang='grc' dir='ltr'>τοῦ</span> <span class='ocrx_word' id='word_1_506' title='bbox 1228 3495 1524 3562; x_wconf 78' lang='grc' dir='ltr'>σωτηρίου</span> <span class='ocrx_word' id='word_1_507' title='bbox 1578 3492 1792 3563; x_wconf 77' lang='grc' dir='ltr'>Πάσχα</span> <span class='ocrx_word' id='word_1_508' title='bbox 1837 3493 2068 3562; x_wconf 83' lang='grc' dir='ltr'>ἑορτῆς.</span> 
     </span>
    </p>
   </div>
   <div class='ocr_carea' id='block_1_74' title="bbox 506 3561 2071 3632">
    <p class='ocr_par' dir='ltr' id='par_1_74' title="bbox 506 3561 2071 3632">
     <span class='ocr_line' id='line_1_75' title="bbox 506 3561 2071 3632; baseline 0.003 -18"><span class='ocrx_word' id='word_1_509' title='bbox 506 3561 684 3615; x_wconf 75' lang='lat' dir='ltr'><strong>Nostri</strong></span> <span class='ocrx_word' id='word_1_510' title='bbox 735 3567 946 3616; x_wconf 76' lang='lat' dir='ltr'><strong>codices</strong></span> <span class='ocrx_word' id='word_1_511' title='bbox 990 3563 1147 3625; x_wconf 73' lang='lat' dir='ltr'><strong>Maz.,</strong></span> <span class='ocrx_word' id='word_1_512' title='bbox 1198 3564 1335 3617; x_wconf 79' lang='lat' dir='ltr'><strong>Med.</strong></span> <span class='ocrx_word' id='word_1_513' title='bbox 1379 3561 1431 3618; x_wconf 81' lang='lat' dir='ltr'><strong>et</strong></span> <span class='ocrx_word' id='word_1_514' title='bbox 1471 3563 1604 3617; x_wconf 85' lang='lat' dir='ltr'><strong>Fnk.</strong></span> <span class='ocrx_word' id='word_1_515' title='bbox 1660 3561 1921 3632; x_wconf 72' lang='lat' dir='ltr'><strong>scriptum</strong></span> <span class='ocrx_word' id='word_1_516' title='bbox 1973 3566 2071 3619; x_wconf 83' lang='lat' dir='ltr'><strong>ha-</strong></span> 
     </span>
    </p>
   </div>
   <div class='ocr_carea' id='block_1_75' title="bbox 505 3632 1766 3705">
    <p class='ocr_par' dir='ltr' id='par_1_75' title="bbox 505 3632 1766 3705">
     <span class='ocr_line' id='line_1_76' title="bbox 505 3632 1766 3705; baseline 0.002 -21"><span class='ocrx_word' id='word_1_517' title='bbox 505 3635 752 3705; x_wconf 49' lang='lat' dir='ltr'><strong>bentem</strong></span> <span class='ocrx_word' id='word_1_518' title='bbox 783 3635 881 3703; x_wconf 79' lang='grc' dir='ltr'>τῆς</span> <span class='ocrx_word' id='word_1_519' title='bbox 907 3632 999 3684; x_wconf 79' lang='grc' dir='ltr'>τοῦ</span> <span class='ocrx_word' id='word_1_520' title='bbox 1029 3635 1220 3705; x_wconf 85' lang='grc' dir='ltr'>Πάσχα</span> <span class='ocrx_word' id='word_1_521' title='bbox 1255 3635 1519 3705; x_wconf 71' lang='grc' dir='ltr'>σωτηρίου</span> <span class='ocrx_word' id='word_1_522' title='bbox 1554 3634 1766 3705; x_wconf 58' lang='grc' dir='ltr'>ἑορτῆς,</span> 
     </span>
    </p>
   </div>
   <div class='ocr_carea' id='block_1_76' title="bbox 573 3701 2070 3770">
    <p class='ocr_par' dir='ltr' id='par_1_76' title="bbox 573 3701 2070 3770">
     <span class='ocr_line' id='line_1_77' title="bbox 573 3701 2070 3770; baseline 0.003 -17"><span class='ocrx_word' id='word_1_523' title='bbox 573 3701 887 3770; x_wconf 51' lang='lat' dir='ltr'><strong>(Siliana</strong></span> <span class='ocrx_word' id='word_1_524' title='bbox 938 3701 1227 3770; x_wconf 59' lang='grc' dir='ltr'>ταύτηνλζ..</span> <span class='ocrx_word' id='word_1_525' title='bbox 1266 3701 1554 3769; x_wconf 77' lang='grc' dir='ltr'>τὰς“τῶν</span> <span class='ocrx_word' id='word_1_526' title='bbox 1585 3701 1830 3758; x_wconf 67' lang='grc' dir='ltr'>ἆσιὲιῶν</span> <span class='ocrx_word' id='word_1_527' title='bbox 1874 3703 2070 3758; x_wconf 78' lang='grc' dir='ltr'><strong>ἐπιλύ-</strong></span> 
     </span>
    </p>
   </div>
   <div class='ocr_carea' id='block_1_77' title="bbox 504 3769 2066 3844">
    <p class='ocr_par' dir='ltr' id='par_1_77' title="bbox 504 3769 2066 3844">
     <span class='ocr_line' id='line_1_78' title="bbox 504 3769 2066 3844; baseline 0.004 -23"><span class='ocrx_word' id='word_1_528' title='bbox 504 3784 656 3844; x_wconf 67' lang='grc' dir='ltr'>σεις.</span> <span class='ocrx_word' id='word_1_529' title='bbox 684 3769 924 3844; x_wconf 85' lang='lat' dir='ltr'><strong>_Jaeobus</strong></span> <span class='ocrx_word' id='word_1_530' title='bbox 978 3769 1239 3844; x_wconf 86' lang='lat' dir='ltr'><strong>Usserius</strong></span> <span class='ocrx_word' id='word_1_531' title='bbox 1268 3776 1322 3826; x_wconf 88' lang='lat' dir='ltr'><strong>in</strong></span> <span class='ocrx_word' id='word_1_532' title='bbox 1354 3772 1742 3843; x_wconf 80' lang='lat' dir='ltr'><strong>Prolegomenis</strong></span> <span class='ocrx_word' id='word_1_533' title='bbox 1767 3775 1834 3826; x_wconf 89' lang='lat' dir='ltr'><strong>ad</strong></span> <span class='ocrx_word' id='word_1_534' title='bbox 1872 3775 2066 3844; x_wconf 83' lang='lat' dir='ltr'><strong>lgnatt‘i</strong></span> 
     </span>
    </p>
   </div>
   <div class='ocr_carea' id='block_1_78' title="bbox 505 3840 2064 3914">
    <p class='ocr_par' dir='ltr' id='par_1_78' title="bbox 505 3840 2064 3914">
     <span class='ocr_line' id='line_1_79' title="bbox 505 3840 2064 3914; baseline 0.004 -23"><span class='ocrx_word' id='word_1_535' title='bbox 505 3840 842 3914; x_wconf 66' lang='lat' dir='ltr'><strong>epistolas,_c.</strong></span> <span class='ocrx_word' id='word_1_536' title='bbox 858 3843 1403 3914; x_wconf 25' lang='lat' dir='ltr'><strong>_9,_scribitAAsianos,</strong></span> <span class='ocrx_word' id='word_1_537' title='bbox 1427 3840 1716 3911; x_wconf 85' lang='lat' dir='ltr'><strong>quiprimo</strong></span> <span class='ocrx_word' id='word_1_538' title='bbox 1740 3840 2064 3914; x_wconf 55' lang='lat' dir='ltr'><strong>Azynt&#39;oruut</strong></span> 
     </span>
    </p>
   </div>
   <div class='ocr_carea' id='block_1_79' title="bbox 504 3909 2064 3976">
    <p class='ocr_par' dir='ltr' id='par_1_79' title="bbox 504 3909 2064 3976">
     <span class='ocr_line' id='line_1_80' title="bbox 504 3909 2064 3976; baseline 0.002 -14"><span class='ocrx_word' id='word_1_539' title='bbox 504 3909 592 3962; x_wconf 86' lang='lat' dir='ltr'><strong>die</strong></span> <span class='ocrx_word' id='word_1_540' title='bbox 624 3925 745 3962; x_wconf 86' lang='lat' dir='ltr'><strong>cum</strong></span> <span class='ocrx_word' id='word_1_541' title='bbox 768 3910 968 3964; x_wconf 74' lang='lat' dir='ltr'><strong>Judteis</strong></span> <span class='ocrx_word' id='word_1_542' title='bbox 997 3911 1198 3965; x_wconf 81' lang='lat' dir='ltr'><strong>Pascha</strong></span> <span class='ocrx_word' id='word_1_543' title='bbox 1233 3909 1595 3976; x_wconf 81' lang='lat' dir='ltr'><strong>celebrabant,</strong></span> <span class='ocrx_word' id='word_1_544' title='bbox 1631 3927 1751 3966; x_wconf 93' lang='lat' dir='ltr'><strong>eum</strong></span> <span class='ocrx_word' id='word_1_545' title='bbox 1779 3909 1920 3967; x_wconf 77' lang='lat' dir='ltr'><strong>diem</strong></span> <span class='ocrx_word' id='word_1_546' title='bbox 1943 3928 2064 3968; x_wconf 86' lang='lat' dir='ltr'><strong>cum</strong></span> 
     </span>
    </p>
   </div>
   <div class='ocr_carea' id='block_1_80' title="bbox 504 3977 2066 4057">
    <p class='ocr_par' dir='ltr' id='par_1_80' title="bbox 504 3977 2066 4057">
     <span class='ocr_line' id='line_1_81' title="bbox 504 3977 2066 4057; baseline 0.006 -31"><span class='ocrx_word' id='word_1_547' title='bbox 504 3977 743 4057; x_wconf 42' lang='lat' dir='ltr'><strong>luctu-ac</strong></span> <span class='ocrx_word' id='word_1_548' title='bbox 769 3980 972 4057; x_wconf 78' lang='lat' dir='ltr'><strong>jejunio</strong></span> <span class='ocrx_word' id='word_1_549' title='bbox 997 3981 1541 4057; x_wconf 76' lang='lat' dir='ltr'><strong>transegisse,_eoque</strong></span> <span class='ocrx_word' id='word_1_550' title='bbox 1561 3986 1773 4057; x_wconf 70' lang='lat' dir='ltr'><strong>tjemum</strong></span> <span class='ocrx_word' id='word_1_551' title='bbox 1791 3993 2066 4057; x_wconf 79' lang='lat' dir='ltr'><strong>transacto</strong></span> 
     </span>
    </p>
   </div>
   <div class='ocr_carea' id='block_1_81' title="bbox 494 4048 2064 4119">
    <p class='ocr_par' dir='ltr' id='par_1_81' title="bbox 494 4048 2064 4119">
     <span class='ocr_line' id='line_1_82' title="bbox 494 4048 2064 4119; baseline 0.004 -20"><span class='ocrx_word' id='word_1_552' title='bbox 494 4048 1261 4119; x_wconf 67' lang='lat' dir='ltr'><strong>jejunium&#39;quadragesimale</strong></span> <span class='ocrx_word' id='word_1_553' title='bbox 1289 4048 1534 4106; x_wconf 80' lang='lat' dir='ltr'><strong>solvisse.</strong></span> <span class='ocrx_word' id='word_1_554' title='bbox 1571 4049 1766 4104; x_wconf 86' lang='lat' dir='ltr'><strong>Verum</strong></span> <span class='ocrx_word' id='word_1_555' title='bbox 1791 4053 1916 4106; x_wconf 84' lang='lat' dir='ltr'><strong>huic</strong></span> <span class='ocrx_word' id='word_1_556' title='bbox 1942 4067 2064 4106; x_wconf 90' lang='lat' dir='ltr'><strong>sen-</strong></span> 
     </span>
    </p>
   </div>
   <div class='ocr_carea' id='block_1_82' title="bbox 504 4119 2060 4191">
    <p class='ocr_par' dir='ltr' id='par_1_82' title="bbox 504 4119 2060 4191">
     <span class='ocr_line' id='line_1_83' title="bbox 504 4119 2060 4191; baseline 0.003 -22"><span class='ocrx_word' id='word_1_557' title='bbox 504 4119 682 4191; x_wconf 71' lang='lat' dir='ltr'><strong>tentia:</strong></span> <span class='ocrx_word' id='word_1_558' title='bbox 711 4120 1012 4191; x_wconf 78' lang='lat' dir='ltr'><strong>refragatur</strong></span> <span class='ocrx_word' id='word_1_559' title='bbox 1033 4119 1314 4191; x_wconf 87' lang='lat' dir='ltr'><strong>Eusebius,</strong></span> <span class='ocrx_word' id='word_1_560' title='bbox 1332 4123 1421 4191; x_wconf 91' lang='lat' dir='ltr'><strong>qui</strong></span> <span class='ocrx_word' id='word_1_561' title='bbox 1440 4122 1639 4174; x_wconf 91' lang='lat' dir='ltr'><strong>diserte</strong></span> <span class='ocrx_word' id='word_1_562' title='bbox 1663 4120 2060 4174; x_wconf 81' lang='lat' dir='ltr'><strong>alIirntatAsia-</strong></span> 
     </span>
    </p>
   </div>
   <div class='ocr_carea' id='block_1_83' title="bbox 500 4189 2066 4259">
    <p class='ocr_par' dir='ltr' id='par_1_83' title="bbox 500 4189 2066 4259">
     <span class='ocr_line' id='line_1_84' title="bbox 500 4189 2066 4259; baseline 0 -20"><span class='ocrx_word' id='word_1_563' title='bbox 500 4204 598 4240; x_wconf 85' lang='lat' dir='ltr'><strong>nos</strong></span> <span class='ocrx_word' id='word_1_564' title='bbox 627 4189 713 4244; x_wconf 88' lang='lat' dir='ltr'><strong>die</strong></span> <span class='ocrx_word' id='word_1_565' title='bbox 744 4191 808 4244; x_wconf 77' lang='grc' dir='ltr'>Μ</span> <span class='ocrx_word' id='word_1_566' title='bbox 837 4190 993 4259; x_wconf 88' lang='lat' dir='ltr'><strong>primi</strong></span> <span class='ocrx_word' id='word_1_567' title='bbox 1023 4190 1242 4254; x_wconf 89' lang='lat' dir='ltr'><strong>mensis,</strong></span> <span class='ocrx_word' id='word_1_568' title='bbox 1270 4189 1518 4259; x_wconf 75' lang='lat' dir='ltr'><strong>quamvis</strong></span> <span class='ocrx_word' id='word_1_569' title='bbox 1557 4206 1661 4243; x_wconf 92' lang='lat' dir='ltr'><strong>non</strong></span> <span class='ocrx_word' id='word_1_570' title='bbox 1711 4201 1854 4243; x_wconf 90' lang='lat' dir='ltr'><strong>esset</strong></span> <span class='ocrx_word' id='word_1_571' title='bbox 1891 4191 2066 4244; x_wconf 82' lang='lat' dir='ltr'><strong>Domi-</strong></span> 
     </span>
    </p>
   </div>
   <div class='ocr_carea' id='block_1_84' title="bbox 505 4259 2058 4329">
    <p class='ocr_par' dir='ltr' id='par_1_84' title="bbox 505 4259 2058 4329">
     <span class='ocr_line' id='line_1_85' title="bbox 505 4259 2058 4329; baseline 0.003 -20"><span class='ocrx_word' id='word_1_572' title='bbox 505 4260 647 4329; x_wconf 77' lang='lat' dir='ltr'><strong>nica,</strong></span> <span class='ocrx_word' id='word_1_573' title='bbox 701 4259 859 4329; x_wconf 80' lang='lat' dir='ltr'><strong>finem</strong></span> <span class='ocrx_word' id='word_1_574' title='bbox 907 4259 1164 4313; x_wconf 75' lang='lat' dir='ltr'><strong>statuisse</strong></span> <span class='ocrx_word' id='word_1_575' title='bbox 1210 4260 1668 4329; x_wconf 71' lang='lat' dir='ltr'><strong>Quadragesimze.</strong></span> <span class='ocrx_word' id='word_1_576' title='bbox 1723 4260 1877 4326; x_wconf 83' lang='lat' dir='ltr'><strong>Quod</strong></span> <span class='ocrx_word' id='word_1_577' title='bbox 1933 4277 2058 4315; x_wconf 89' lang='lat' dir='ltr'><strong>vero</strong></span> 
     </span>
    </p>
   </div>
   <div class='ocr_carea' id='block_1_85' title="bbox 507 4327 2057 4400">
    <p class='ocr_par' dir='ltr' id='par_1_85' title="bbox 507 4327 2057 4400">
     <span class='ocr_line' id='line_1_86' title="bbox 507 4327 2057 4400; baseline 0.001 -19"><span class='ocrx_word' id='word_1_578' title='bbox 507 4327 754 4400; x_wconf 83' lang='lat' dir='ltr'><strong>Usscrius</strong></span> <span class='ocrx_word' id='word_1_579' title='bbox 784 4327 940 4384; x_wconf 71' lang='lat' dir='ltr'><strong>affert</strong></span> <span class='ocrx_word' id='word_1_580' title='bbox 960 4330 1330 4400; x_wconf 83' lang='lat' dir='ltr'><strong>Chrysostomi</strong></span> <span class='ocrx_word' id='word_1_581' title='bbox 1359 4327 1750 4400; x_wconf 76' lang='lat' dir='ltr'><strong>testimonium,</strong></span> <span class='ocrx_word' id='word_1_582' title='bbox 1786 4345 1905 4383; x_wconf 89' lang='lat' dir='ltr'><strong>meo</strong></span> <span class='ocrx_word' id='word_1_583' title='bbox 1936 4334 2057 4399; x_wconf 87' lang='lat' dir='ltr'><strong>qni-</strong></span> 
     </span>
    </p>
   </div>
   <div class='ocr_carea' id='block_1_86' title="bbox 495 4399 2054 4470">
    <p class='ocr_par' dir='ltr' id='par_1_86' title="bbox 495 4399 2054 4470">
     <span class='ocr_line' id='line_1_87' title="bbox 495 4399 2054 4470; baseline 0.003 -22"><span class='ocrx_word' id='word_1_584' title='bbox 495 4399 616 4470; x_wconf 69' lang='lat' dir='ltr'><strong>tleut</strong></span> <span class='ocrx_word' id='word_1_585' title='bbox 664 4400 892 4468; x_wconf 86' lang='lat' dir='ltr'><strong>judicio,</strong></span> <span class='ocrx_word' id='word_1_586' title='bbox 925 4399 1045 4468; x_wconf 88' lang='lat' dir='ltr'><strong>ejus</strong></span> <span class='ocrx_word' id='word_1_587' title='bbox 1074 4399 1400 4453; x_wconf 79' lang='lat' dir='ltr'><strong>Sententiam</strong></span> <span class='ocrx_word' id='word_1_588' title='bbox 1441 4399 1575 4452; x_wconf 88' lang='lat' dir='ltr'><strong>nihil</strong></span> <span class='ocrx_word' id='word_1_589' title='bbox 1624 4400 1863 4470; x_wconf 88' lang='lat' dir='ltr'><strong>adjuvat.</strong></span> <span class='ocrx_word' id='word_1_590' title='bbox 1899 4400 2054 4470; x_wconf 15' lang='lat' dir='ltr'><strong>iNtllll</strong></span> 
     </span>
    </p>
   </div>
   <div class='ocr_carea' id='block_1_87' title="bbox 2177 3213 3737 3285">
    <p class='ocr_par' dir='ltr' id='par_1_87' title="bbox 2177 3213 3737 3285">
     <span class='ocr_line' id='line_1_88' title="bbox 2177 3213 3737 3285; baseline -0.003 -15"><span class='ocrx_word' id='word_1_591' title='bbox 2177 3217 2342 3271; x_wconf 86' lang='grc' dir='ltr'>λύειν.</span> <span class='ocrx_word' id='word_1_592' title='bbox 2369 3219 2442 3272; x_wconf 88' lang='lat' dir='ltr'><strong>Ita</strong></span> <span class='ocrx_word' id='word_1_593' title='bbox 2472 3213 2800 3285; x_wconf 88' lang='lat' dir='ltr'><strong>Epiphanius</strong></span> <span class='ocrx_word' id='word_1_594' title='bbox 2824 3218 2876 3270; x_wconf 90' lang='lat' dir='ltr'><strong>in</strong></span> <span class='ocrx_word' id='word_1_595' title='bbox 2896 3213 3086 3270; x_wconf 76' lang='lat' dir='ltr'><strong>lueresi</strong></span> <span class='ocrx_word' id='word_1_596' title='bbox 3109 3231 3269 3285; x_wconf 77' lang='lat' dir='ltr'><strong>Lxxv,</strong></span> <span class='ocrx_word' id='word_1_597' title='bbox 3294 3229 3411 3285; x_wconf 71' lang='lat' dir='ltr'><strong>qua:</strong></span> <span class='ocrx_word' id='word_1_598' title='bbox 3436 3223 3517 3285; x_wconf 84' lang='lat' dir='ltr'><strong>est</strong></span> <span class='ocrx_word' id='word_1_599' title='bbox 3537 3213 3737 3285; x_wconf 30' lang='lat' dir='ltr'><strong>‘Aeria-</strong></span> 
     </span>
    </p>
   </div>
   <div class='ocr_carea' id='block_1_88' title="bbox 2179 3281 3736 3357">
    <p class='ocr_par' dir='ltr' id='par_1_88' title="bbox 2179 3281 3736 3357">
     <span class='ocr_line' id='line_1_89' title="bbox 2179 3281 3736 3357; baseline -0.003 -17"><span class='ocrx_word' id='word_1_600' title='bbox 2179 3305 2403 3342; x_wconf 92' lang='lat' dir='ltr'><strong>norum:</strong></span> <span class='ocrx_word' id='word_1_601' title='bbox 2440 3281 2603 3340; x_wconf 75' lang='grc' dir='ltr'>Ποίαν</span> <span class='ocrx_word' id='word_1_602' title='bbox 2632 3304 2691 3340; x_wconf 89' lang='grc' dir='ltr'><strong>τε</strong></span> <span class='ocrx_word' id='word_1_603' title='bbox 2717 3287 2925 3357; x_wconf 82' lang='grc' dir='ltr'>ἡμέραν</span> <span class='ocrx_word' id='word_1_604' title='bbox 2956 3288 3126 3355; x_wconf 82' lang='grc' dir='ltr'>ἄγειν,</span> <span class='ocrx_word' id='word_1_605' title='bbox 3162 3284 3278 3347; x_wconf 89' lang='grc' dir='ltr'><strong>πῶς</strong></span> <span class='ocrx_word' id='word_1_606' title='bbox 3293 3301 3350 3357; x_wconf 81' lang='grc' dir='ltr'><strong>τε</strong></span> <span class='ocrx_word' id='word_1_607' title='bbox 3380 3281 3634 3357; x_wconf 50' lang='grc' dir='ltr'>ἀπολύῃν</span> <span class='ocrx_word' id='word_1_608' title='bbox 3656 3285 3736 3346; x_wconf 87' lang='grc' dir='ltr'><strong>είς</strong></span> 
     </span>
    </p>
   </div>
   <div class='ocr_carea' id='block_1_89' title="bbox 2176 3353 3735 3478">
    <p class='ocr_par' dir='ltr' id='par_1_89' title="bbox 2176 3353 3735 3478">
     <span class='ocr_line' id='line_1_90' title="bbox 2176 3353 3735 3478; baseline -0.002 -69"><span class='ocrx_word' id='word_1_609' title='bbox 2176 3353 2900 3429; x_wconf 75' lang='grc' dir='ltr'>ἐπιφὼσκουσανΚυριακῆν,</span> <span class='ocrx_word' id='word_1_610' title='bbox 2929 3353 3154 3478; x_wconf 61' lang='grc' dir='ltr'>φανερόν</span> <span class='ocrx_word' id='word_1_611' title='bbox 3169 3358 3303 3408; x_wconf 88' lang='grc' dir='ltr'>ἐστι.</span> <span class='ocrx_word' id='word_1_612' title='bbox 3328 3355 3457 3408; x_wconf 84' lang='lat' dir='ltr'><strong>Item</strong></span> <span class='ocrx_word' id='word_1_613' title='bbox 3489 3356 3539 3406; x_wconf 89' lang='lat' dir='ltr'><strong>itt</strong></span> <span class='ocrx_word' id='word_1_614' title='bbox 3557 3353 3735 3420; x_wconf 67' lang='lat' dir='ltr'><strong>Expo-</strong></span> 
     </span>
     <span class='ocr_line' id='line_1_91' title="bbox 2176 3423 3734 3478; baseline -0.003 0"><span class='ocrx_word' id='word_1_615' title='bbox 2176 3429 2357 3478; x_wconf 80' lang='lat' dir='ltr'><strong>sitione</strong></span> <span class='ocrx_word' id='word_1_616' title='bbox 2393 3429 2509 3478; x_wconf 83' lang='lat' dir='ltr'><strong>ﬁdei</strong></span> <span class='ocrx_word' id='word_1_617' title='bbox 2544 3427 2812 3478; x_wconf 74' lang='lat' dir='ltr'><strong>catholica:</strong></span> <span class='ocrx_word' id='word_1_618' title='bbox 2840 3442 2859 3478; x_wconf 86' lang='lat'><strong><em>:</em></strong></span> <span class='ocrx_word' id='word_1_619' title='bbox 2903 3428 2988 3478; x_wconf 87' lang='grc' dir='ltr'><strong>Ἐν</strong></span> <span class='ocrx_word' id='word_1_620' title='bbox 3026 3428 3060 3478; x_wconf 80' lang='grc' dir='ltr'><strong>ά</strong></span> <span class='ocrx_word' id='word_1_621' title='bbox 3095 3427 3206 3478; x_wconf 77' lang='grc' dir='ltr'>λοις</span> <span class='ocrx_word' id='word_1_622' title='bbox 3237 3425 3294 3478; x_wconf 83' lang='grc' dir='ltr'><strong>δὲ</strong></span> <span class='ocrx_word' id='word_1_623' title='bbox 3335 3424 3521 3478; x_wconf 81' lang='grc' dir='ltr'>τόποις</span> <span class='ocrx_word' id='word_1_624' title='bbox 3557 3423 3619 3475; x_wconf 77' lang='grc' dir='ltr'><strong>οὐ</strong></span> <span class='ocrx_word' id='word_1_625' title='bbox 3647 3423 3734 3478; x_wconf 83' lang='grc' dir='ltr'>γί-</span> 
     </span>
    </p>
   </div>
   <div class='ocr_carea' id='block_1_90' title="bbox 2175 3423 3734 3490">
    <p class='ocr_par' dir='ltr' id='par_1_90' title="bbox 2175 3423 3734 3490">
     <span class='ocr_line' id='line_1_92' title="bbox 2175 3423 3734 3490; baseline -0.004 -10"><span class='ocrx_word' id='word_1_626' title='bbox 2175 3423 2357 3480; x_wconf 79' lang='lat' dir='ltr'><strong>sitione</strong></span> <span class='ocrx_word' id='word_1_627' title='bbox 2392 3429 2509 3490; x_wconf 82' lang='lat' dir='ltr'><strong>ﬁdei</strong></span> <span class='ocrx_word' id='word_1_628' title='bbox 2544 3423 2812 3480; x_wconf 75' lang='lat' dir='ltr'><strong>catholica,-</strong></span> <span class='ocrx_word' id='word_1_629' title='bbox 2835 3423 2859 3478; x_wconf 64' lang='grc' dir='ltr'><strong>ζ’</strong></span> <span class='ocrx_word' id='word_1_630' title='bbox 2903 3423 2988 3479; x_wconf 88' lang='grc' dir='ltr'><strong>Ἐν</strong></span> <span class='ocrx_word' id='word_1_631' title='bbox 3026 3423 3206 3488; x_wconf 79' lang='grc' dir='ltr'>ἄλλοις</span> <span class='ocrx_word' id='word_1_632' title='bbox 3237 3425 3294 3478; x_wconf 83' lang='grc' dir='ltr'><strong>δὲ</strong></span> <span class='ocrx_word' id='word_1_633' title='bbox 3335 3424 3521 3486; x_wconf 86' lang='grc' dir='ltr'>τόποις</span> <span class='ocrx_word' id='word_1_634' title='bbox 3557 3423 3619 3475; x_wconf 78' lang='grc' dir='ltr'><strong>οὐ</strong></span> <span class='ocrx_word' id='word_1_635' title='bbox 3647 3423 3734 3490; x_wconf 81' lang='grc' dir='ltr'>γί-</span> 
     </span>
    </p>
   </div>
   <div class='ocr_carea' id='block_1_91' title="bbox 2172 3491 3732 3568">
    <p class='ocr_par' dir='ltr' id='par_1_91' title="bbox 2172 3491 3732 3568">
     <span class='ocr_line' id='line_1_93' title="bbox 2172 3491 3732 3568; baseline -0.004 -17"><span class='ocrx_word' id='word_1_636' title='bbox 2172 3515 2316 3551; x_wconf 87' lang='grc' dir='ltr'>νεται</span> <span class='ocrx_word' id='word_1_637' title='bbox 2348 3498 2569 3568; x_wconf 81' lang='grc' dir='ltr'>λατρεία</span> <span class='ocrx_word' id='word_1_638' title='bbox 2590 3497 2689 3565; x_wconf 81' lang='grc' dir='ltr'>τῆς</span> <span class='ocrx_word' id='word_1_639' title='bbox 2719 3497 3046 3568; x_wconf 81' lang='grc' dir='ltr'>οἰκονομίας,</span> <span class='ocrx_word' id='word_1_640' title='bbox 3133 3495 3300 3568; x_wconf 27' lang='grc' dir='ltr'>μόνον*</span> <span class='ocrx_word' id='word_1_641' title='bbox 3316 3491 3732 3568; x_wconf 63' lang='grc' dir='ltr'>ἐπιφωποῷσης</span> 
     </span>
    </p>
   </div>
   <div class='ocr_carea' id='block_1_92' title="bbox 2171 3564 3731 3638">
    <p class='ocr_par' dir='ltr' id='par_1_92' title="bbox 2171 3564 3731 3638">
     <span class='ocr_line' id='line_1_94' title="bbox 2171 3564 3731 3638; baseline -0.004 -17"><span class='ocrx_word' id='word_1_642' title='bbox 2171 3569 2270 3638; x_wconf 86' lang='grc' dir='ltr'>τῆς</span> <span class='ocrx_word' id='word_1_643' title='bbox 2295 3564 2599 3638; x_wconf 80' lang='grc' dir='ltr'>Κυριάκῆς,</span> <span class='ocrx_word' id='word_1_644' title='bbox 2622 3564 2708 3620; x_wconf 80' lang='grc' dir='ltr'>ὅτε</span> <span class='ocrx_word' id='word_1_645' title='bbox 2728 3564 2948 3620; x_wconf 80' lang='grc' dir='ltr'>ἀπολύει</span> <span class='ocrx_word' id='word_1_646' title='bbox 2967 3564 3212 3638; x_wconf 71' lang='grc' dir='ltr'>περὶτὴν</span> <span class='ocrx_word' id='word_1_647' title='bbox 3232 3564 3731 3638; x_wconf 41' lang='grc' dir='ltr'>τῶνμάλεκτρυόνων</span> 
     </span>
    </p>
   </div>
   <div class='ocr_carea' id='block_1_93' title="bbox 2171 3635 3730 3709">
    <p class='ocr_par' dir='ltr' id='par_1_93' title="bbox 2171 3635 3730 3709">
     <span class='ocr_line' id='line_1_95' title="bbox 2171 3635 3730 3709; baseline -0.003 -18"><span class='ocrx_word' id='word_1_648' title='bbox 2171 3635 2432 3709; x_wconf 77' lang='grc' dir='ltr'>κλαγγὴν.</span> <span class='ocrx_word' id='word_1_649' title='bbox 2485 3635 2610 3709; x_wconf 79' lang='lat' dir='ltr'><strong>Scio</strong></span> <span class='ocrx_word' id='word_1_650' title='bbox 2647 3635 3286 3709; x_wconf 72' lang='lat' dir='ltr'><strong>quidemdoctissimum</strong></span> <span class='ocrx_word' id='word_1_651' title='bbox 3335 3635 3730 3709; x_wconf 73' lang='lat' dir='ltr'><strong>Epip_ltanii_in-</strong></span> 
     </span>
    </p>
   </div>
   <div class='ocr_carea' id='block_1_94' title="bbox 2173 3703 3727 3777">
    <p class='ocr_par' dir='ltr' id='par_1_94' title="bbox 2173 3703 3727 3777">
     <span class='ocr_line' id='line_1_96' title="bbox 2173 3703 3727 3777; baseline -0.003 -17"><span class='ocrx_word' id='word_1_652' title='bbox 2173 3703 2458 3777; x_wconf 52' lang='lat' dir='ltr'><strong>terp&#39;ret&#39;em</strong></span> <span class='ocrx_word' id='word_1_653' title='bbox 2493 3703 2744 3760; x_wconf 83' lang='grc' dir='ltr'>ἀπολύειν</span> <span class='ocrx_word' id='word_1_654' title='bbox 2769 3707 2993 3760; x_wconf 89' lang='lat' dir='ltr'><strong>vertisse</strong></span> <span class='ocrx_word' id='word_1_655' title='bbox 3017 3707 3289 3777; x_wconf 57' lang='lat' dir='ltr'><strong>dimittere</strong></span> <span class='ocrx_word' id='word_1_656' title='bbox 3319 3704 3592 3777; x_wconf 69' lang='lat' dir='ltr'><strong>papulttrn.</strong></span> <span class='ocrx_word' id='word_1_657' title='bbox 3625 3703 3727 3756; x_wconf 87' lang='lat' dir='ltr'><strong>Ve-</strong></span> 
     </span>
    </p>
   </div>
   <div class='ocr_carea' id='block_1_95' title="bbox 2172 3773 3726 3846">
    <p class='ocr_par' dir='ltr' id='par_1_95' title="bbox 2172 3773 3726 3846">
     <span class='ocr_line' id='line_1_97' title="bbox 2172 3773 3726 3846; baseline -0.004 -16"><span class='ocrx_word' id='word_1_658' title='bbox 2172 3773 2286 3831; x_wconf 84' lang='lat' dir='ltr'><strong>rum</strong></span> <span class='ocrx_word' id='word_1_659' title='bbox 2330 3779 2825 3846; x_wconf 88' lang='lat' dir='ltr'><strong>interpretationem</strong></span> <span class='ocrx_word' id='word_1_660' title='bbox 2872 3784 3110 3830; x_wconf 90' lang='lat' dir='ltr'><strong>nostram</strong></span> <span class='ocrx_word' id='word_1_661' title='bbox 3155 3773 3441 3846; x_wconf 74' lang='lat' dir='ltr'><strong>confirmat</strong></span> <span class='ocrx_word' id='word_1_662' title='bbox 3476 3773 3726 3846; x_wconf 82' lang='lat' dir='ltr'><strong>Clemens</strong></span> 
     </span>
    </p>
   </div>
   <div class='ocr_carea' id='block_1_96' title="bbox 2170 3843 3728 3913">
    <p class='ocr_par' dir='ltr' id='par_1_96' title="bbox 2170 3843 3728 3913">
     <span class='ocr_line' id='line_1_98' title="bbox 2170 3843 3728 3913; baseline -0.003 -14"><span class='ocrx_word' id='word_1_663' title='bbox 2170 3847 2222 3900; x_wconf 92' lang='lat' dir='ltr'><strong>in</strong></span> <span class='ocrx_word' id='word_1_664' title='bbox 2259 3848 2398 3900; x_wconf 92' lang='lat' dir='ltr'><strong>libro</strong></span> <span class='ocrx_word' id='word_1_665' title='bbox 2444 3843 2488 3899; x_wconf 74' lang='grc' dir='ltr'>ν’</span> <span class='ocrx_word' id='word_1_666' title='bbox 2527 3847 2990 3908; x_wconf 75' lang='lat' dir='ltr'><strong>Constitutiouum,</strong></span> <span class='ocrx_word' id='word_1_667' title='bbox 3025 3859 3145 3913; x_wconf 86' lang='lat' dir='ltr'><strong>cap.</strong></span> <span class='ocrx_word' id='word_1_668' title='bbox 3184 3843 3271 3904; x_wconf 82' lang='grc'><strong>15,</strong></span> <span class='ocrx_word' id='word_1_669' title='bbox 3306 3843 3396 3913; x_wconf 85' lang='lat' dir='ltr'><strong>qui</strong></span> <span class='ocrx_word' id='word_1_670' title='bbox 3430 3857 3529 3911; x_wconf 92' lang='lat' dir='ltr'><strong>pro</strong></span> <span class='ocrx_word' id='word_1_671' title='bbox 3560 3843 3728 3913; x_wconf 83' lang='lat' dir='ltr'><strong>verbo</strong></span> 
     </span>
    </p>
   </div>
   <div class='ocr_carea' id='block_1_97' title="bbox 2167 3911 3728 3984">
    <p class='ocr_par' dir='ltr' id='par_1_97' title="bbox 2167 3911 3728 3984">
     <span class='ocr_line' id='line_1_99' title="bbox 2167 3911 3728 3984; baseline -0.003 -16"><span class='ocrx_word' id='word_1_672' title='bbox 2167 3916 2439 3980; x_wconf 82' lang='grc' dir='ltr'>ἀπολύειν,</span> <span class='ocrx_word' id='word_1_673' title='bbox 2471 3932 2578 3984; x_wconf 95' lang='lat' dir='ltr'><strong>quo</strong></span> <span class='ocrx_word' id='word_1_674' title='bbox 2602 3931 2730 3970; x_wconf 90' lang='lat' dir='ltr'><strong>usus</strong></span> <span class='ocrx_word' id='word_1_675' title='bbox 2755 3927 2837 3969; x_wconf 88' lang='lat' dir='ltr'><strong>est</strong></span> <span class='ocrx_word' id='word_1_676' title='bbox 2861 3911 3209 3982; x_wconf 81' lang='lat' dir='ltr'><strong>Epiphanius.</strong></span> <span class='ocrx_word' id='word_1_677' title='bbox 3240 3912 3413 3984; x_wconf 83' lang='lat' dir='ltr'><strong>posuit</strong></span> <span class='ocrx_word' id='word_1_678' title='bbox 3443 3911 3728 3984; x_wconf 80' lang='grc' dir='ltr'>ἀπονηστί-</span> 
     </span>
    </p>
   </div>
   <div class='ocr_carea' id='block_1_98' title="bbox 2168 3982 3724 4052">
    <p class='ocr_par' dir='ltr' id='par_1_98' title="bbox 2168 3982 3724 4052">
     <span class='ocr_line' id='line_1_100' title="bbox 2168 3982 3724 4052; baseline -0.001 -15"><span class='ocrx_word' id='word_1_679' title='bbox 2168 3986 2374 4052; x_wconf 78' lang='grc' dir='ltr'>ζεσθαι,</span> <span class='ocrx_word' id='word_1_680' title='bbox 2407 3982 2512 4049; x_wconf 83' lang='lat' dir='ltr'><strong>qua</strong></span> <span class='ocrx_word' id='word_1_681' title='bbox 2537 4000 2667 4039; x_wconf 86' lang='lat' dir='ltr'><strong>voce</strong></span> <span class='ocrx_word' id='word_1_682' title='bbox 2695 4001 2824 4039; x_wconf 89' lang='lat' dir='ltr'><strong>usus</strong></span> <span class='ocrx_word' id='word_1_683' title='bbox 2849 3995 2932 4038; x_wconf 85' lang='lat' dir='ltr'><strong>est</strong></span> <span class='ocrx_word' id='word_1_684' title='bbox 2962 3985 3124 4037; x_wconf 89' lang='lat' dir='ltr'><strong>etiam</strong></span> <span class='ocrx_word' id='word_1_685' title='bbox 3152 3982 3435 4052; x_wconf 85' lang='lat' dir='ltr'><strong>Dionysius</strong></span> <span class='ocrx_word' id='word_1_686' title='bbox 3488 3982 3724 4052; x_wconf 77' lang='lat' dir='ltr'><strong>Alexan-</strong></span> 
     </span>
    </p>
   </div>
   <div class='ocr_carea' id='block_1_99' title="bbox 2159 4049 3724 4122">
    <p class='ocr_par' dir='ltr' id='par_1_99' title="bbox 2159 4049 3724 4122">
     <span class='ocr_line' id='line_1_101' title="bbox 2159 4049 3724 4122; baseline -0.003 -13"><span class='ocrx_word' id='word_1_687' title='bbox 2159 4049 2673 4122; x_wconf 42' lang='lat' dir='ltr'><strong>drittus&#39;inepistola</strong></span> <span class='ocrx_word' id='word_1_688' title='bbox 2702 4058 2767 4108; x_wconf 91' lang='lat' dir='ltr'><strong>ad</strong></span> <span class='ocrx_word' id='word_1_689' title='bbox 2796 4053 3076 4108; x_wconf 80' lang='lat' dir='ltr'><strong>Basilidem</strong></span> <span class='ocrx_word' id='word_1_690' title='bbox 3110 4064 3165 4107; x_wconf 90' lang='lat' dir='ltr'><strong>ct</strong></span> <span class='ocrx_word' id='word_1_691' title='bbox 3193 4049 3508 4122; x_wconf 82' lang='lat' dir='ltr'><strong>Hippolytus</strong></span> <span class='ocrx_word' id='word_1_692' title='bbox 3541 4050 3600 4122; x_wconf 91' lang='lat' dir='ltr'><strong>in_</strong></span> <span class='ocrx_word' id='word_1_693' title='bbox 3617 4049 3724 4104; x_wconf 78' lang='lat' dir='ltr'><strong>Ca-</strong></span> 
     </span>
    </p>
   </div>
   <div class='ocr_carea' id='block_1_100' title="bbox 2167 4120 3721 4190">
    <p class='ocr_par' dir='ltr' id='par_1_100' title="bbox 2167 4120 3721 4190">
     <span class='ocr_line' id='line_1_102' title="bbox 2167 4120 3721 4190; baseline 0 -15"><span class='ocrx_word' id='word_1_694' title='bbox 2167 4141 2298 4179; x_wconf 86' lang='lat' dir='ltr'><strong>none</strong></span> <span class='ocrx_word' id='word_1_695' title='bbox 2326 4120 2592 4178; x_wconf 67' lang='lat' dir='ltr'><strong>Prisc/tali.</strong></span> <span class='ocrx_word' id='word_1_696' title='bbox 2619 4125 2911 4189; x_wconf 69' lang='lat' dir='ltr'><strong>Quaesitum</strong></span> <span class='ocrx_word' id='word_1_697' title='bbox 2931 4122 3029 4176; x_wconf 88' lang='lat' dir='ltr'><strong>fuit</strong></span> <span class='ocrx_word' id='word_1_698' title='bbox 3047 4123 3188 4190; x_wconf 88' lang='lat' dir='ltr'><strong>apud</strong></span> <span class='ocrx_word' id='word_1_699' title='bbox 3215 4120 3423 4176; x_wconf 85' lang='lat' dir='ltr'><strong>veteres</strong></span> <span class='ocrx_word' id='word_1_700' title='bbox 3453 4135 3559 4188; x_wconf 87' lang='lat' dir='ltr'><strong>qua</strong></span> <span class='ocrx_word' id='word_1_701' title='bbox 3589 4120 3721 4175; x_wconf 85' lang='lat' dir='ltr'><strong>hora</strong></span> 
     </span>
    </p>
   </div>
   <div class='ocr_carea' id='block_1_101' title="bbox 2165 4190 3722 4263">
    <p class='ocr_par' dir='ltr' id='par_1_101' title="bbox 2165 4190 3722 4263">
     <span class='ocr_line' id='line_1_103' title="bbox 2165 4190 3722 4263; baseline -0.001 -17"><span class='ocrx_word' id='word_1_702' title='bbox 2165 4195 2477 4249; x_wconf 89' lang='lat' dir='ltr'><strong>solvendum</strong></span> <span class='ocrx_word' id='word_1_703' title='bbox 2507 4204 2664 4263; x_wconf 70' lang='lat' dir='ltr'><strong>esset</strong></span> <span class='ocrx_word' id='word_1_704' title='bbox 2694 4194 2958 4263; x_wconf 89' lang='lat' dir='ltr'><strong>jejunium</strong></span> <span class='ocrx_word' id='word_1_705' title='bbox 2992 4191 3276 4246; x_wconf 87' lang='lat' dir='ltr'><strong>Pascltale.</strong></span> <span class='ocrx_word' id='word_1_706' title='bbox 3320 4190 3622 4263; x_wconf 62' lang='lat' dir='ltr'><strong>Aliiusque</strong></span> <span class='ocrx_word' id='word_1_707' title='bbox 3653 4192 3722 4244; x_wconf 85' lang='lat' dir='ltr'><strong>ad</strong></span> 
     </span>
    </p>
   </div>
   <div class='ocr_carea' id='block_1_102' title="bbox 2163 4259 3720 4330">
    <p class='ocr_par' dir='ltr' id='par_1_102' title="bbox 2163 4259 3720 4330">
     <span class='ocr_line' id='line_1_104' title="bbox 2163 4259 3720 4330; baseline -0.002 -15"><span class='ocrx_word' id='word_1_708' title='bbox 2163 4265 2458 4317; x_wconf 88' lang='lat' dir='ltr'><strong>diluculum</strong></span> <span class='ocrx_word' id='word_1_709' title='bbox 2503 4259 2797 4317; x_wconf 63' lang='lat' dir='ltr'><strong>Dominicis-</strong></span> <span class='ocrx_word' id='word_1_710' title='bbox 2841 4263 3118 4316; x_wconf 85' lang='lat' dir='ltr'><strong>Paschalis</strong></span> <span class='ocrx_word' id='word_1_711' title='bbox 3158 4271 3277 4329; x_wconf 88' lang='lat' dir='ltr'><strong>post</strong></span> <span class='ocrx_word' id='word_1_712' title='bbox 3327 4259 3451 4330; x_wconf 86' lang='lat' dir='ltr'><strong>galli</strong></span> <span class='ocrx_word' id='word_1_713' title='bbox 3498 4269 3720 4313; x_wconf 87' lang='lat' dir='ltr'><strong>cantum</strong></span> 
     </span>
    </p>
   </div>
   <div class='ocr_carea' id='block_1_103' title="bbox 2161 4330 3722 4401">
    <p class='ocr_par' dir='ltr' id='par_1_103' title="bbox 2161 4330 3722 4401">
     <span class='ocr_line' id='line_1_105' title="bbox 2161 4330 3722 4401; baseline -0.001 -17"><span class='ocrx_word' id='word_1_714' title='bbox 2161 4334 2374 4387; x_wconf 88' lang='lat' dir='ltr'><strong>aiebant</strong></span> <span class='ocrx_word' id='word_1_715' title='bbox 2407 4333 2808 4401; x_wconf 89' lang='lat' dir='ltr'><strong>producendum</strong></span> <span class='ocrx_word' id='word_1_716' title='bbox 2845 4348 2966 4386; x_wconf 88' lang='lat' dir='ltr'><strong>esse</strong></span> <span class='ocrx_word' id='word_1_717' title='bbox 3003 4331 3288 4399; x_wconf 88' lang='lat' dir='ltr'><strong>jejunium,</strong></span> <span class='ocrx_word' id='word_1_718' title='bbox 3317 4339 3376 4383; x_wconf 89' lang='lat' dir='ltr'><strong>ut</strong></span> <span class='ocrx_word' id='word_1_719' title='bbox 3412 4330 3613 4401; x_wconf 82' lang='lat' dir='ltr'><strong>videre__</strong></span> <span class='ocrx_word' id='word_1_720' title='bbox 3635 4337 3722 4382; x_wconf 86' lang='lat' dir='ltr'><strong>est</strong></span> 
     </span>
    </p>
   </div>
   <div class='ocr_carea' id='block_1_104' title="bbox 2161 4397 3722 4472">
    <p class='ocr_par' dir='ltr' id='par_1_104' title="bbox 2161 4397 3722 4472">
     <span class='ocr_line' id='line_1_106' title="bbox 2161 4397 3722 4472; baseline -0.003 -18"><span class='ocrx_word' id='word_1_721' title='bbox 2161 4405 2299 4472; x_wconf 89' lang='lat' dir='ltr'><strong>apud</strong></span> <span class='ocrx_word' id='word_1_722' title='bbox 2331 4397 2689 4472; x_wconf 81' lang='lat' dir='ltr'><strong>Epiphaniam</strong></span> <span class='ocrx_word' id='word_1_723' title='bbox 2720 4414 2774 4457; x_wconf 92' lang='lat' dir='ltr'><strong>et</strong></span> <span class='ocrx_word' id='word_1_724' title='bbox 2798 4397 3155 4456; x_wconf 82' lang='lat' dir='ltr'><strong>Clementem.</strong></span> <span class='ocrx_word' id='word_1_725' title='bbox 3185 4401 3290 4472; x_wconf 88' lang='lat' dir='ltr'><strong>Alii</strong></span> <span class='ocrx_word' id='word_1_726' title='bbox 3322 4413 3550 4472; x_wconf 84' lang='lat' dir='ltr'><strong>vespera</strong></span> <span class='ocrx_word' id='word_1_727' title='bbox 3581 4397 3722 4472; x_wconf 81' lang='lat' dir='ltr'><strong>Sab-</strong></span> 
     </span>
    </p>
   </div>
   <div class='ocr_carea' id='block_1_105' title="bbox 494 4466 3717 4541">
    <p class='ocr_par' dir='ltr' id='par_1_105' title="bbox 494 4466 3717 4541">
     <span class='ocr_line' id='line_1_107' title="bbox 494 4466 3717 4541; baseline 0.001 -22"><span class='ocrx_word' id='word_1_728' title='bbox 494 4466 992 4541; x_wconf 29' lang='lat' dir='ltr'><strong>Chrys‘ostontusi‘n</strong></span> <span class='ocrx_word' id='word_1_729' title='bbox 1018 4471 1265 4541; x_wconf 87' lang='lat' dir='ltr'><strong>oratione</strong></span> <span class='ocrx_word' id='word_1_730' title='bbox 1296 4471 1383 4541; x_wconf 85' lang='lat' dir='ltr'><strong>illa</strong></span> <span class='ocrx_word' id='word_1_731' title='bbox 1413 4466 1798 4541; x_wconf 58' lang='lat' dir='ltr'><strong>adversus&#39;eos</strong></span> <span class='ocrx_word' id='word_1_732' title='bbox 1821 4469 1910 4536; x_wconf 92' lang='lat' dir='ltr'><strong>qui</strong></span> <span class='ocrx_word' id='word_1_733' title='bbox 1943 4472 2055 4539; x_wconf 90' lang='lat' dir='ltr'><strong>pri-</strong></span> <span class='ocrx_word' id='word_1_734' title='bbox 2092 4466 2132 4520; x_wconf 89' lang='lat' dir='ltr'><strong>D</strong></span> <span class='ocrx_word' id='word_1_735' title='bbox 2163 4466 2266 4526; x_wconf 80' lang='lat' dir='ltr'><strong>bati</strong></span> <span class='ocrx_word' id='word_1_736' title='bbox 2325 4466 2604 4526; x_wconf 78' lang='lat' dir='ltr'><strong>Paschalis</strong></span> <span class='ocrx_word' id='word_1_737' title='bbox 2647 4472 2912 4541; x_wconf 90' lang='lat' dir='ltr'><strong>jejunium</strong></span> <span class='ocrx_word' id='word_1_738' title='bbox 2964 4470 3355 4541; x_wconf 84' lang='lat' dir='ltr'><strong>dissolvebant.</strong></span> <span class='ocrx_word' id='word_1_739' title='bbox 3413 4469 3592 4541; x_wconf 76' lang='lat' dir='ltr'><strong>A_tque</strong></span> <span class='ocrx_word' id='word_1_740' title='bbox 3643 4470 3717 4541; x_wconf 80' lang='lat' dir='ltr'><strong>ita</strong></span> 
     </span>
    </p>
   </div>
   <div class='ocr_carea' id='block_1_106' title="bbox 495 4539 2050 4608">
    <p class='ocr_par' dir='ltr' id='par_1_106' title="bbox 495 4539 2050 4608">
     <span class='ocr_line' id='line_1_108' title="bbox 495 4539 2050 4608; baseline 0.003 -20"><span class='ocrx_word' id='word_1_741' title='bbox 495 4553 584 4608; x_wconf 75' lang='lat' dir='ltr'><strong>tuo</strong></span> <span class='ocrx_word' id='word_1_742' title='bbox 617 4540 820 4593; x_wconf 81' lang='lat' dir='ltr'><strong>Pascha</strong></span> <span class='ocrx_word' id='word_1_743' title='bbox 850 4539 1122 4608; x_wconf 87' lang='lat' dir='ltr'><strong>jejunant,</strong></span> <span class='ocrx_word' id='word_1_744' title='bbox 1169 4540 1441 4593; x_wconf 88' lang='lat' dir='ltr'><strong>invehitur</strong></span> <span class='ocrx_word' id='word_1_745' title='bbox 1484 4540 1745 4608; x_wconf 87' lang='lat' dir='ltr'><strong>adversus</strong></span> <span class='ocrx_word' id='word_1_746' title='bbox 1792 4544 2050 4608; x_wconf 87' lang='lat' dir='ltr'><strong>quosdam</strong></span> 
     </span>
    </p>
   </div>
   <div class='ocr_carea' id='block_1_107' title="bbox 493 4605 2051 4677">
    <p class='ocr_par' dir='ltr' id='par_1_107' title="bbox 493 4605 2051 4677">
     <span class='ocr_line' id='line_1_109' title="bbox 493 4605 2051 4677; baseline 0.004 -22"><span class='ocrx_word' id='word_1_747' title='bbox 493 4605 1032 4673; x_wconf 51' lang='lat' dir='ltr'><strong>Quartadecin&#39;ta&#39;nos,</strong></span> <span class='ocrx_word' id='word_1_748' title='bbox 1066 4610 1158 4677; x_wconf 94' lang='lat' dir='ltr'><strong>qui</strong></span> <span class='ocrx_word' id='word_1_749' title='bbox 1188 4625 1278 4662; x_wconf 78' lang='lat' dir='ltr'><strong>xiv</strong></span> <span class='ocrx_word' id='word_1_750' title='bbox 1307 4609 1432 4662; x_wconf 92' lang='lat' dir='ltr'><strong>luna</strong></span> <span class='ocrx_word' id='word_1_751' title='bbox 1465 4624 1586 4662; x_wconf 92' lang='lat' dir='ltr'><strong>eum</strong></span> <span class='ocrx_word' id='word_1_752' title='bbox 1621 4605 1824 4664; x_wconf 62' lang='grc' dir='ltr'>δυόωῙέ</span> <span class='ocrx_word' id='word_1_753' title='bbox 1845 4609 2051 4663; x_wconf 84' lang='lat' dir='ltr'><strong>Pascha</strong></span> 
     </span>
    </p>
   </div>
   <div class='ocr_carea' id='block_1_108' title="bbox 495 4677 2054 4750">
    <p class='ocr_par' dir='ltr' id='par_1_108' title="bbox 495 4677 2054 4750">
     <span class='ocr_line' id='line_1_110' title="bbox 495 4677 2054 4750; baseline 0.005 -24"><span class='ocrx_word' id='word_1_754' title='bbox 495 4677 1062 4750; x_wconf 76' lang='lat' dir='ltr'><strong>celebrabant,_eoque</strong></span> <span class='ocrx_word' id='word_1_755' title='bbox 1089 4679 1177 4734; x_wconf 90' lang='lat' dir='ltr'><strong>die</strong></span> <span class='ocrx_word' id='word_1_756' title='bbox 1209 4680 1521 4748; x_wconf 88' lang='lat' dir='ltr'><strong>iejunabaut</strong></span> <span class='ocrx_word' id='word_1_757' title='bbox 1548 4693 1612 4750; x_wconf 78' lang='lat' dir='ltr'><strong>ac</strong></span> <span class='ocrx_word' id='word_1_758' title='bbox 1660 4679 1916 4750; x_wconf 86' lang='lat' dir='ltr'><strong>mysteria</strong></span> <span class='ocrx_word' id='word_1_759' title='bbox 1966 4695 2054 4734; x_wconf 87' lang='lat' dir='ltr'><strong>ce-</strong></span> 
     </span>
    </p>
   </div>
   <div class='ocr_carea' id='block_1_109' title="bbox 494 4744 2054 4818">
    <p class='ocr_par' dir='ltr' id='par_1_109' title="bbox 494 4744 2054 4818">
     <span class='ocr_line' id='line_1_111' title="bbox 494 4744 2054 4818; baseline 0.004 -23"><span class='ocrx_word' id='word_1_760' title='bbox 494 4744 808 4818; x_wconf 78' lang='lat' dir='ltr'><strong>lebranant;</strong></span> <span class='ocrx_word' id='word_1_761' title='bbox 841 4748 892 4801; x_wconf 91' lang='lat' dir='ltr'><strong>id</strong></span> <span class='ocrx_word' id='word_1_762' title='bbox 925 4744 1066 4802; x_wconf 73' lang='lat' dir='ltr'><strong>enim</strong></span> <span class='ocrx_word' id='word_1_763' title='bbox 1104 4744 1377 4818; x_wconf 69' lang='lat' dir='ltr'><strong>proprium</strong></span> <span class='ocrx_word' id='word_1_764' title='bbox 1403 4759 1520 4818; x_wconf 77' lang='lat' dir='ltr'><strong>erat</strong></span> <span class='ocrx_word' id='word_1_765' title='bbox 1541 4744 2054 4814; x_wconf 75' lang='lat' dir='ltr'><strong>Quartadecitnano-</strong></span> 
     </span>
    </p>
   </div>
   <div class='ocr_carea' id='block_1_110' title="bbox 494 4816 2050 4887">
    <p class='ocr_par' dir='ltr' id='par_1_110' title="bbox 494 4816 2050 4887">
     <span class='ocr_line' id='line_1_112' title="bbox 494 4816 2050 4887; baseline 0.004 -21"><span class='ocrx_word' id='word_1_766' title='bbox 494 4829 635 4887; x_wconf 85' lang='lat' dir='ltr'><strong>rum,</strong></span> <span class='ocrx_word' id='word_1_767' title='bbox 668 4816 799 4887; x_wconf 83' lang='lat' dir='ltr'><strong>utin</strong></span> <span class='ocrx_word' id='word_1_768' title='bbox 826 4833 1011 4870; x_wconf 90' lang='lat' dir='ltr'><strong>eorum</strong></span> <span class='ocrx_word' id='word_1_769' title='bbox 1053 4816 1240 4874; x_wconf 56' lang='lat' dir='ltr'><strong>haeresi</strong></span> <span class='ocrx_word' id='word_1_770' title='bbox 1281 4819 1443 4872; x_wconf 89' lang='lat' dir='ltr'><strong>tradit</strong></span> <span class='ocrx_word' id='word_1_771' title='bbox 1468 4817 1817 4887; x_wconf 79' lang='lat' dir='ltr'><strong>Epiphanius.</strong></span> <span class='ocrx_word' id='word_1_772' title='bbox 1851 4818 2050 4873; x_wconf 86' lang='lat' dir='ltr'><strong>Verum</strong></span> 
     </span>
    </p>
   </div>
   <div class='ocr_carea' id='block_1_111' title="bbox 493 4885 2050 4961">
    <p class='ocr_par' dir='ltr' id='par_1_111' title="bbox 493 4885 2050 4961">
     <span class='ocr_line' id='line_1_113' title="bbox 493 4885 2050 4961; baseline 0.005 -26"><span class='ocrx_word' id='word_1_773' title='bbox 493 4885 705 4961; x_wconf 68' lang='lat' dir='ltr'><strong>priscos</strong></span> <span class='ocrx_word' id='word_1_774' title='bbox 729 4886 1071 4961; x_wconf 83' lang='lat' dir='ltr'><strong>_Asianos_ita</strong></span> <span class='ocrx_word' id='word_1_775' title='bbox 1104 4887 1318 4951; x_wconf 81' lang='lat' dir='ltr'><strong>fecisse,</strong></span> <span class='ocrx_word' id='word_1_776' title='bbox 1350 4903 1448 4942; x_wconf 93' lang='lat' dir='ltr'><strong>nec</strong></span> <span class='ocrx_word' id='word_1_777' title='bbox 1479 4885 1917 4959; x_wconf 73' lang='lat' dir='ltr'><strong>Clti‘ysostontus,</strong></span> <span class='ocrx_word' id='word_1_778' title='bbox 1953 4904 2050 4943; x_wconf 87' lang='lat' dir='ltr'><strong>nec</strong></span> 
     </span>
    </p>
   </div>
   <div class='ocr_carea' id='block_1_112' title="bbox 490 4954 1118 5032">
    <p class='ocr_par' dir='ltr' id='par_1_112' title="bbox 490 4954 1118 5032">
     <span class='ocr_line' id='line_1_114' title="bbox 490 4954 1118 5032; baseline 0.011 -29"><span class='ocrx_word' id='word_1_779' title='bbox 490 4954 933 5032; x_wconf 49' lang='lat' dir='ltr'><strong>aliusuquisquatn</strong></span> <span class='ocrx_word' id='word_1_780' title='bbox 959 4957 1118 5032; x_wconf 77' lang='lat' dir='ltr'><strong>_tlixjt.</strong></span> 
     </span>
    </p>
   </div>
   <div class='ocr_carea' id='block_1_113' title="bbox 582 5022 2051 5097">
    <p class='ocr_par' dir='ltr' id='par_1_113' title="bbox 582 5022 2051 5097">
     <span class='ocr_line' id='line_1_115' title="bbox 582 5022 2051 5097; baseline 0.003 -21"><span class='ocrx_word' id='word_1_781' title='bbox 713 5022 845 5097; x_wconf 71' lang='grc' dir='ltr'>Ταῖς</span> <span class='ocrx_word' id='word_1_782' title='bbox 867 5025 981 5097; x_wconf 56' lang='grc' dir='ltr'>ἀιζὰ</span> <span class='ocrx_word' id='word_1_783' title='bbox 1005 5025 1119 5092; x_wconf 74' lang='grc' dir='ltr'><strong>τὴν</strong></span> <span class='ocrx_word' id='word_1_784' title='bbox 1148 5028 1373 5095; x_wconf 76' lang='grc' dir='ltr'>λοιπὴν</span> <span class='ocrx_word' id='word_1_785' title='bbox 1403 5028 1648 5082; x_wconf 74' lang='grc' dir='ltr'>ἅπασαν</span> <span class='ocrx_word' id='word_1_786' title='bbox 1690 5026 2051 5097; x_wconf 70' lang='grc' dir='ltr'>οὶκοιψένην</span> 
     </span>
    </p>
   </div>
   <div class='ocr_carea' id='block_1_114' title="bbox 498 5090 2050 5168">
    <p class='ocr_par' dir='ltr' id='par_1_114' title="bbox 498 5090 2050 5168">
     <span class='ocr_line' id='line_1_116' title="bbox 498 5090 2050 5168; baseline 0.006 -25"><span class='ocrx_word' id='word_1_787' title='bbox 498 5090 1144 5168; x_wconf 67' lang='grc' dir='ltr'>Ἐκκλησίαις.Νοιιιιιιίει</span> <span class='ocrx_word' id='word_1_788' title='bbox 1163 5109 1285 5150; x_wconf 92' lang='lat' dir='ltr'><strong>sunt</strong></span> <span class='ocrx_word' id='word_1_789' title='bbox 1305 5090 1416 5152; x_wconf 63' lang='lat' dir='ltr'><strong>haec</strong></span> <span class='ocrx_word' id='word_1_790' title='bbox 1427 5098 1641 5153; x_wconf 78' lang='lat' dir='ltr'><strong>Eusebii</strong></span> <span class='ocrx_word' id='word_1_791' title='bbox 1659 5090 2050 5168; x_wconf 77' lang='lat' dir='ltr'><strong>verba,quibus</strong></span> 
     </span>
    </p>
   </div>
   <div class='ocr_carea' id='block_1_115' title="bbox 485 5163 2050 5238">
    <p class='ocr_par' dir='ltr' id='par_1_115' title="bbox 485 5163 2050 5238">
     <span class='ocr_line' id='line_1_117' title="bbox 485 5163 2050 5238; baseline 0.004 -24"><span class='ocrx_word' id='word_1_792' title='bbox 485 5173 672 5238; x_wconf 76' lang='lat' dir='ltr'><strong>aperte</strong></span> <span class='ocrx_word' id='word_1_793' title='bbox 705 5163 994 5238; x_wconf 76' lang='lat' dir='ltr'><strong>signiﬁcat,</strong></span> <span class='ocrx_word' id='word_1_794' title='bbox 1033 5166 1176 5238; x_wconf 82' lang='lat' dir='ltr'><strong>solos</strong></span> <span class='ocrx_word' id='word_1_795' title='bbox 1215 5170 1446 5222; x_wconf 85' lang='lat' dir='ltr'><strong>Asianos</strong></span> <span class='ocrx_word' id='word_1_796' title='bbox 1481 5177 1611 5223; x_wconf 88' lang='lat' dir='ltr'><strong>tunc</strong></span> <span class='ocrx_word' id='word_1_797' title='bbox 1644 5163 1903 5238; x_wconf 77' lang='lat' dir='ltr'><strong>temporis</strong></span> <span class='ocrx_word' id='word_1_798' title='bbox 1948 5167 2050 5222; x_wconf 86' lang='lat' dir='ltr'><strong>Pa-</strong></span> 
     </span>
    </p>
   </div>
   <div class='ocr_carea' id='block_1_116' title="bbox 484 5231 2050 5313">
    <p class='ocr_par' dir='ltr' id='par_1_116' title="bbox 484 5231 2050 5313">
     <span class='ocr_line' id='line_1_118' title="bbox 484 5231 2050 5313; baseline 0.005 -29"><span class='ocrx_word' id='word_1_799' title='bbox 484 5232 612 5313; x_wconf 61' lang='lat' dir='ltr'><strong>scha</strong></span> <span class='ocrx_word' id='word_1_800' title='bbox 639 5248 761 5312; x_wconf 82' lang='lat' dir='ltr'><strong>cum</strong></span> <span class='ocrx_word' id='word_1_801' title='bbox 795 5231 993 5313; x_wconf 63' lang='lat' dir='ltr'><strong>Judaeis</strong></span> <span class='ocrx_word' id='word_1_802' title='bbox 1021 5235 1348 5313; x_wconf 77' lang='lat' dir='ltr'><strong>celebrasse,</strong></span> <span class='ocrx_word' id='word_1_803' title='bbox 1377 5239 1612 5313; x_wconf 74' lang='lat' dir='ltr'><strong>reliquas</strong></span> <span class='ocrx_word' id='word_1_804' title='bbox 1648 5231 1827 5294; x_wconf 79' lang='lat' dir='ltr'><strong>autem</strong></span> <span class='ocrx_word' id='word_1_805' title='bbox 1860 5253 2050 5313; x_wconf 83' lang='lat' dir='ltr'><strong>omnes</strong></span> 
     </span>
    </p>
   </div>
   <div class='ocr_carea' id='block_1_117' title="bbox 482 5301 2050 5374">
    <p class='ocr_par' dir='ltr' id='par_1_117' title="bbox 482 5301 2050 5374">
     <span class='ocr_line' id='line_1_119' title="bbox 482 5301 2050 5374; baseline 0.004 -20"><span class='ocrx_word' id='word_1_806' title='bbox 482 5302 756 5374; x_wconf 72' lang='lat' dir='ltr'><strong>Ecclesias</strong></span> <span class='ocrx_word' id='word_1_807' title='bbox 797 5301 961 5374; x_wconf 64' lang='lat' dir='ltr'><strong>aliter</strong></span> <span class='ocrx_word' id='word_1_808' title='bbox 1011 5301 1350 5362; x_wconf 76' lang='lat' dir='ltr'><strong>observasse.</strong></span> <span class='ocrx_word' id='word_1_809' title='bbox 1389 5301 1566 5374; x_wconf 78' lang='lat' dir='ltr'><strong>Quare</strong></span> <span class='ocrx_word' id='word_1_810' title='bbox 1618 5323 1725 5362; x_wconf 92' lang='lat' dir='ltr'><strong>non</strong></span> <span class='ocrx_word' id='word_1_811' title='bbox 1783 5309 2050 5362; x_wconf 90' lang='lat' dir='ltr'><strong>assentior</strong></span> 
     </span>
    </p>
   </div>
   <div class='ocr_carea' id='block_1_118' title="bbox 484 5371 2048 5448">
    <p class='ocr_par' dir='ltr' id='par_1_118' title="bbox 484 5371 2048 5448">
     <span class='ocr_line' id='line_1_120' title="bbox 484 5371 2048 5448; baseline 0.005 -25"><span class='ocrx_word' id='word_1_812' title='bbox 484 5371 752 5448; x_wconf 79' lang='lat' dir='ltr'><strong>llalloixio</strong></span> <span class='ocrx_word' id='word_1_813' title='bbox 776 5386 882 5448; x_wconf 91' lang='lat' dir='ltr'><strong>_n_ec</strong></span> <span class='ocrx_word' id='word_1_814' title='bbox 917 5371 1158 5441; x_wconf 85' lang='lat' dir='ltr'><strong>Usserio,</strong></span> <span class='ocrx_word' id='word_1_815' title='bbox 1201 5371 1471 5448; x_wconf 75' lang='lat' dir='ltr'><strong>aliisque.</strong></span> <span class='ocrx_word' id='word_1_816' title='bbox 1493 5377 1583 5445; x_wconf 91' lang='lat' dir='ltr'><strong>qui</strong></span> <span class='ocrx_word' id='word_1_817' title='bbox 1615 5378 1847 5432; x_wconf 90' lang='lat' dir='ltr'><strong>credunt</strong></span> <span class='ocrx_word' id='word_1_818' title='bbox 1881 5378 2048 5448; x_wconf 77' lang='lat' dir='ltr'><strong>Syros</strong></span> 
     </span>
    </p>
   </div>
   <div class='ocr_carea' id='block_1_119' title="bbox 481 5441 2044 5511">
    <p class='ocr_par' dir='ltr' id='par_1_119' title="bbox 481 5441 2044 5511">
     <span class='ocr_line' id='line_1_121' title="bbox 481 5441 2044 5511; baseline 0.004 -18"><span class='ocrx_word' id='word_1_819' title='bbox 481 5443 648 5494; x_wconf 86' lang='lat' dir='ltr'><strong>etiam</strong></span> <span class='ocrx_word' id='word_1_820' title='bbox 685 5457 750 5496; x_wconf 89' lang='lat' dir='ltr'><strong>ac</strong></span> <span class='ocrx_word' id='word_1_821' title='bbox 774 5441 1240 5511; x_wconf 85' lang='lat' dir='ltr'><strong>Mesopotantenos</strong></span> <span class='ocrx_word' id='word_1_822' title='bbox 1279 5441 1572 5501; x_wconf 53' lang='lat' dir='ltr'><strong>ac&#39;Cilicas</strong></span> <span class='ocrx_word' id='word_1_823' title='bbox 1623 5448 1761 5500; x_wconf 90' lang='lat' dir='ltr'><strong>idem</strong></span> <span class='ocrx_word' id='word_1_824' title='bbox 1799 5441 1938 5502; x_wconf 55' lang='lat' dir='ltr'><strong>tunc&#39;</strong></span> <span class='ocrx_word' id='word_1_825' title='bbox 1966 5447 2044 5500; x_wconf 89' lang='lat' dir='ltr'><strong>fe-</strong></span> 
     </span>
    </p>
   </div>
   <div class='ocr_carea' id='block_1_120' title="bbox 482 5512 2045 5587">
    <p class='ocr_par' dir='ltr' id='par_1_120' title="bbox 482 5512 2045 5587">
     <span class='ocr_line' id='line_1_122' title="bbox 482 5512 2045 5587; baseline 0.004 -25"><span class='ocrx_word' id='word_1_826' title='bbox 482 5513 620 5587; x_wconf 78' lang='lat' dir='ltr'><strong>cisse</strong></span> <span class='ocrx_word' id='word_1_827' title='bbox 649 5512 788 5587; x_wconf 80' lang='lat' dir='ltr'><strong>quod</strong></span> <span class='ocrx_word' id='word_1_828' title='bbox 811 5513 1060 5567; x_wconf 87' lang='lat' dir='ltr'><strong>Asianos.</strong></span> <span class='ocrx_word' id='word_1_829' title='bbox 1104 5514 1213 5568; x_wconf 85' lang='lat' dir='ltr'><strong>Itno</strong></span> <span class='ocrx_word' id='word_1_830' title='bbox 1237 5529 1362 5570; x_wconf 87' lang='lat' dir='ltr'><strong>vero</strong></span> <span class='ocrx_word' id='word_1_831' title='bbox 1389 5516 1512 5584; x_wconf 89' lang='lat' dir='ltr'><strong>Syri</strong></span> <span class='ocrx_word' id='word_1_832' title='bbox 1543 5526 1599 5570; x_wconf 91' lang='lat' dir='ltr'><strong>et</strong></span> <span class='ocrx_word' id='word_1_833' title='bbox 1623 5516 2045 5587; x_wconf 82' lang='lat' dir='ltr'><strong>MeSOpotameni</strong></span> 
     </span>
    </p>
   </div>
   <div class='ocr_carea' id='block_1_121' title="bbox 481 5579 2046 5655">
    <p class='ocr_par' dir='ltr' id='par_1_121' title="bbox 481 5579 2046 5655">
     <span class='ocr_line' id='line_1_123' title="bbox 481 5579 2046 5655; baseline 0.005 -23"><span class='ocrx_word' id='word_1_834' title='bbox 481 5579 583 5633; x_wconf 90' lang='lat' dir='ltr'><strong>hoc</strong></span> <span class='ocrx_word' id='word_1_835' title='bbox 625 5582 1127 5655; x_wconf 78' lang='lat' dir='ltr'><strong>quidemtempore</strong></span> <span class='ocrx_word' id='word_1_836' title='bbox 1169 5593 1312 5639; x_wconf 90' lang='lat' dir='ltr'><strong>recte</strong></span> <span class='ocrx_word' id='word_1_837' title='bbox 1349 5579 1677 5653; x_wconf 77' lang='lat' dir='ltr'><strong>sentiebant,</strong></span> <span class='ocrx_word' id='word_1_838' title='bbox 1706 5579 1954 5655; x_wconf 59' lang='lat' dir='ltr'><strong>ut&#39;patet</strong></span> <span class='ocrx_word' id='word_1_839' title='bbox 1981 5602 2046 5640; x_wconf 78' lang='lat' dir='ltr'><strong>ex</strong></span> 
     </span>
    </p>
   </div>
   <div class='ocr_carea' id='block_1_122' title="bbox 482 5653 2042 5724">
    <p class='ocr_par' dir='ltr' id='par_1_122' title="bbox 482 5653 2042 5724">
     <span class='ocr_line' id='line_1_124' title="bbox 482 5653 2042 5724; baseline 0.008 -24"><span class='ocrx_word' id='word_1_840' title='bbox 482 5663 687 5724; x_wconf 60' lang='grc' dir='ltr'><strong>ιςριιιιιιΔ</strong></span> <span class='ocrx_word' id='word_1_841' title='bbox 705 5653 976 5724; x_wconf 82' lang='lat' dir='ltr'><strong>conciliis,</strong></span> <span class='ocrx_word' id='word_1_842' title='bbox 1013 5667 1132 5720; x_wconf 86' lang='lat' dir='ltr'><strong>quae</strong></span> <span class='ocrx_word' id='word_1_843' title='bbox 1163 5655 1345 5724; x_wconf 10' lang='lat' dir='ltr'><strong>lticiab</strong></span> <span class='ocrx_word' id='word_1_844' title='bbox 1386 5655 1618 5710; x_wconf 85' lang='lat' dir='ltr'><strong>Eusebio</strong></span> <span class='ocrx_word' id='word_1_845' title='bbox 1655 5653 2042 5712; x_wconf 83' lang='lat' dir='ltr'><strong>memorantur.</strong></span> 
     </span>
    </p>
   </div>
   <div class='ocr_carea' id='block_1_123' title="bbox 488 5718 2044 5794">
    <p class='ocr_par' dir='ltr' id='par_1_123' title="bbox 488 5718 2044 5794">
     <span class='ocr_line' id='line_1_125' title="bbox 488 5718 2044 5794; baseline 0.008 -24"><span class='ocrx_word' id='word_1_846' title='bbox 488 5718 620 5772; x_wconf 56' lang='lat' dir='ltr'><strong>Nam</strong></span> <span class='ocrx_word' id='word_1_847' title='bbox 651 5721 926 5778; x_wconf 88' lang='lat' dir='ltr'><strong>Osdroene</strong></span> <span class='ocrx_word' id='word_1_848' title='bbox 958 5718 1083 5792; x_wconf 75' lang='lat' dir='ltr'><strong>pars</strong></span> <span class='ocrx_word' id='word_1_849' title='bbox 1116 5733 1199 5776; x_wconf 84' lang='lat' dir='ltr'><strong>est</strong></span> <span class='ocrx_word' id='word_1_850' title='bbox 1221 5723 1618 5794; x_wconf 72' lang='lat' dir='ltr'><strong>Me50potamia2</strong></span> <span class='ocrx_word' id='word_1_851' title='bbox 1679 5725 1867 5781; x_wconf 85' lang='lat' dir='ltr'><strong>Postea</strong></span> <span class='ocrx_word' id='word_1_852' title='bbox 1922 5743 2044 5783; x_wconf 80' lang='lat' dir='ltr'><strong>vero</strong></span> 
     </span>
    </p>
   </div>
   <div class='ocr_carea' id='block_1_124' title="bbox 2155 4535 3719 4612">
    <p class='ocr_par' dir='ltr' id='par_1_124' title="bbox 2155 4535 3719 4612">
     <span class='ocr_line' id='line_1_126' title="bbox 2155 4535 3719 4612; baseline -0.003 -19"><span class='ocrx_word' id='word_1_853' title='bbox 2155 4543 2403 4612; x_wconf 64' lang='lat' dir='ltr'><strong>prtecipit</strong></span> <span class='ocrx_word' id='word_1_854' title='bbox 2426 4535 2663 4612; x_wconf 79' lang='lat' dir='ltr'><strong>Cyrillus</strong></span> <span class='ocrx_word' id='word_1_855' title='bbox 2691 4535 2743 4595; x_wconf 59' lang='lat' dir='ltr'><strong>i&#39;n</strong></span> <span class='ocrx_word' id='word_1_856' title='bbox 2770 4541 3016 4595; x_wconf 76' lang='lat' dir='ltr'><strong>Homiliis</strong></span> <span class='ocrx_word' id='word_1_857' title='bbox 3057 4539 3414 4612; x_wconf 67' lang='lat' dir='ltr'><strong>paschalibus.</strong></span> <span class='ocrx_word' id='word_1_858' title='bbox 3439 4535 3570 4612; x_wconf 64' lang='lat' dir='ltr'><strong>Qum</strong></span> <span class='ocrx_word' id='word_1_859' title='bbox 3597 4538 3719 4606; x_wconf 88' lang='lat' dir='ltr'><strong>qui-</strong></span> 
     </span>
    </p>
   </div>
   <div class='ocr_carea' id='block_1_125' title="bbox 2155 4607 3721 4675">
    <p class='ocr_par' dir='ltr' id='par_1_125' title="bbox 2155 4607 3721 4675">
     <span class='ocr_line' id='line_1_127' title="bbox 2155 4607 3721 4675; baseline -0.002 -11"><span class='ocrx_word' id='word_1_860' title='bbox 2155 4607 2274 4666; x_wconf 78' lang='lat' dir='ltr'><strong>dem</strong></span> <span class='ocrx_word' id='word_1_861' title='bbox 2306 4607 2573 4667; x_wconf 81' lang='lat' dir='ltr'><strong>institutio</strong></span> <span class='ocrx_word' id='word_1_862' title='bbox 2603 4612 2791 4666; x_wconf 91' lang='lat' dir='ltr'><strong>utilior</strong></span> <span class='ocrx_word' id='word_1_863' title='bbox 2828 4607 3121 4664; x_wconf 56' lang='lat' dir='ltr'><strong>videtur&#39;et</strong></span> <span class='ocrx_word' id='word_1_864' title='bbox 3162 4609 3354 4663; x_wconf 87' lang='lat' dir='ltr'><strong>rationi</strong></span> <span class='ocrx_word' id='word_1_865' title='bbox 3389 4607 3558 4675; x_wconf 85' lang='lat' dir='ltr'><strong>magis</strong></span> <span class='ocrx_word' id='word_1_866' title='bbox 3589 4622 3721 4661; x_wconf 92' lang='lat' dir='ltr'><strong>con-</strong></span> 
     </span>
    </p>
   </div>
   <div class='ocr_carea' id='block_1_126' title="bbox 2154 4676 3720 4747">
    <p class='ocr_par' dir='ltr' id='par_1_126' title="bbox 2154 4676 3720 4747">
     <span class='ocr_line' id='line_1_128' title="bbox 2154 4676 3720 4747; baseline -0.003 -13"><span class='ocrx_word' id='word_1_867' title='bbox 2154 4693 2434 4736; x_wconf 89' lang='lat' dir='ltr'><strong>sentanea.</strong></span> <span class='ocrx_word' id='word_1_868' title='bbox 2488 4679 2621 4736; x_wconf 70' lang='lat' dir='ltr'><strong>Nam</strong></span> <span class='ocrx_word' id='word_1_869' title='bbox 2666 4696 2788 4736; x_wconf 87' lang='lat' dir='ltr'><strong>cum</strong></span> <span class='ocrx_word' id='word_1_870' title='bbox 2841 4691 2998 4734; x_wconf 90' lang='lat' dir='ltr'><strong>nocte</strong></span> <span class='ocrx_word' id='word_1_871' title='bbox 3047 4693 3166 4747; x_wconf 76' lang='lat' dir='ltr'><strong>qua:</strong></span> <span class='ocrx_word' id='word_1_872' title='bbox 3213 4676 3530 4731; x_wconf 89' lang='lat' dir='ltr'><strong>Paschalem</strong></span> <span class='ocrx_word' id='word_1_873' title='bbox 3575 4677 3720 4730; x_wconf 90' lang='lat' dir='ltr'><strong>diem</strong></span> 
     </span>
    </p>
   </div>
   <div class='ocr_carea' id='block_1_127' title="bbox 2154 4747 3722 4820">
    <p class='ocr_par' dir='ltr' id='par_1_127' title="bbox 2154 4747 3722 4820">
     <span class='ocr_line' id='line_1_129' title="bbox 2154 4747 3722 4820; baseline -0.003 -18"><span class='ocrx_word' id='word_1_874' title='bbox 2154 4753 2454 4816; x_wconf 89' lang='lat' dir='ltr'><strong>antecedit,</strong></span> <span class='ocrx_word' id='word_1_875' title='bbox 2489 4751 2912 4820; x_wconf 88' lang='lat' dir='ltr'><strong>pernoctandum</strong></span> <span class='ocrx_word' id='word_1_876' title='bbox 2949 4759 3092 4803; x_wconf 88' lang='lat' dir='ltr'><strong>esset</strong></span> <span class='ocrx_word' id='word_1_877' title='bbox 3124 4750 3176 4801; x_wconf 91' lang='lat' dir='ltr'><strong>in</strong></span> <span class='ocrx_word' id='word_1_878' title='bbox 3204 4747 3467 4820; x_wconf 74' lang='lat' dir='ltr'><strong>ecclesia,</strong></span> <span class='ocrx_word' id='word_1_879' title='bbox 3497 4756 3722 4820; x_wconf 83' lang='lat' dir='ltr'><strong>propter</strong></span> 
     </span>
    </p>
   </div>
   <div class='ocr_carea' id='block_1_128' title="bbox 2156 4817 3720 4888">
    <p class='ocr_par' dir='ltr' id='par_1_128' title="bbox 2156 4817 3720 4888">
     <span class='ocr_line' id='line_1_130' title="bbox 2156 4817 3720 4888; baseline -0.003 -16"><span class='ocrx_word' id='word_1_880' title='bbox 2156 4820 2395 4876; x_wconf 88' lang='lat' dir='ltr'><strong>laborem</strong></span> <span class='ocrx_word' id='word_1_881' title='bbox 2452 4817 2649 4888; x_wconf 70' lang='lat' dir='ltr'><strong>vigiliae</strong></span> <span class='ocrx_word' id='word_1_882' title='bbox 2697 4821 2776 4874; x_wconf 88' lang='lat' dir='ltr'><strong>sic</strong></span> <span class='ocrx_word' id='word_1_883' title='bbox 2824 4819 3092 4888; x_wconf 82' lang='lat' dir='ltr'><strong>jejunium</strong></span> <span class='ocrx_word' id='word_1_884' title='bbox 3139 4817 3598 4888; x_wconf 11' lang='lat' dir='ltr'><strong>solvi‘_oport_uit,_</strong></span> <span class='ocrx_word' id='word_1_885' title='bbox 3655 4831 3720 4888; x_wconf 83' lang='lat' dir='ltr'><strong>ne</strong></span> 
     </span>
    </p>
   </div>
   <div class='ocr_carea' id='block_1_129' title="bbox 2154 4884 3718 4946">
    <p class='ocr_par' dir='ltr' id='par_1_129' title="bbox 2154 4884 3718 4946">
     <span class='ocr_line' id='line_1_131' title="bbox 2154 4884 3718 4946; baseline -0.004 -3"><span class='ocrx_word' id='word_1_886' title='bbox 2154 4890 2340 4946; x_wconf 86' lang='lat' dir='ltr'><strong>fideles</strong></span> <span class='ocrx_word' id='word_1_887' title='bbox 2369 4892 2420 4943; x_wconf 91' lang='lat' dir='ltr'><strong>in</strong></span> <span class='ocrx_word' id='word_1_888' title='bbox 2451 4884 2677 4944; x_wconf 78' lang='lat' dir='ltr'><strong>ecclesia</strong></span> <span class='ocrx_word' id='word_1_889' title='bbox 2705 4884 3038 4943; x_wconf 72' lang='lat' dir='ltr'><strong>fatiscerent.</strong></span> <span class='ocrx_word' id='word_1_890' title='bbox 3065 4887 3224 4942; x_wconf 88' lang='lat' dir='ltr'><strong>Certe</strong></span> <span class='ocrx_word' id='word_1_891' title='bbox 3245 4884 3376 4941; x_wconf 87' lang='lat' dir='ltr'><strong>olim</strong></span> <span class='ocrx_word' id='word_1_892' title='bbox 3397 4887 3450 4938; x_wconf 91' lang='lat' dir='ltr'><strong>in</strong></span> <span class='ocrx_word' id='word_1_893' title='bbox 3474 4884 3718 4938; x_wconf 84' lang='lat' dir='ltr'><strong>Ecclesia</strong></span> 
     </span>
    </p>
   </div>
   <div class='ocr_carea' id='block_1_130' title="bbox 2157 4954 3719 5028">
    <p class='ocr_par' dir='ltr' id='par_1_130' title="bbox 2157 4954 3719 5028">
     <span class='ocr_line' id='line_1_132' title="bbox 2157 4954 3719 5028; baseline -0.006 -15"><span class='ocrx_word' id='word_1_894' title='bbox 2157 4961 2395 5013; x_wconf 75' lang='lat' dir='ltr'><strong>Romana</strong></span> <span class='ocrx_word' id='word_1_895' title='bbox 2435 4959 2688 5014; x_wconf 89' lang='lat' dir='ltr'><strong>Sabbatis</strong></span> <span class='ocrx_word' id='word_1_896' title='bbox 2717 4975 2812 5028; x_wconf 90' lang='lat' dir='ltr'><strong>per</strong></span> <span class='ocrx_word' id='word_1_897' title='bbox 2837 4958 3337 5028; x_wconf 84' lang='lat' dir='ltr'><strong>Quadragesimam.</strong></span> <span class='ocrx_word' id='word_1_898' title='bbox 3365 4954 3719 5028; x_wconf 45' lang='lat' dir='ltr'><strong>non_jejttna7</strong></span> 
     </span>
    </p>
   </div>
   <div class='ocr_carea' id='block_1_131' title="bbox 2153 5023 3715 5098">
    <p class='ocr_par' dir='ltr' id='par_1_131' title="bbox 2153 5023 3715 5098">
     <span class='ocr_line' id='line_1_133' title="bbox 2153 5023 3715 5098; baseline -0.005 -16"><span class='ocrx_word' id='word_1_899' title='bbox 2153 5031 2302 5092; x_wconf 87' lang='lat' dir='ltr'><strong>battt,</strong></span> <span class='ocrx_word' id='word_1_900' title='bbox 2330 5040 2612 5098; x_wconf 90' lang='lat' dir='ltr'><strong>propterea</strong></span> <span class='ocrx_word' id='word_1_901' title='bbox 2638 5023 2779 5098; x_wconf 83' lang='lat' dir='ltr'><strong>quod</strong></span> <span class='ocrx_word' id='word_1_902' title='bbox 2807 5023 2877 5082; x_wconf 82' lang='lat' dir='ltr'><strong>ab</strong></span> <span class='ocrx_word' id='word_1_903' title='bbox 2907 5045 2972 5082; x_wconf 88' lang='lat' dir='ltr'><strong>eo</strong></span> <span class='ocrx_word' id='word_1_904' title='bbox 3001 5023 3086 5081; x_wconf 75' lang='lat' dir='ltr'><strong>die</strong></span> <span class='ocrx_word' id='word_1_905' title='bbox 3118 5026 3430 5098; x_wconf 15' lang='lat' dir='ltr'><strong>inrecclesia</strong></span> <span class='ocrx_word' id='word_1_906' title='bbox 3471 5024 3534 5098; x_wconf 72' lang='lat' dir='ltr'><strong>B.</strong></span> <span class='ocrx_word' id='word_1_907' title='bbox 3566 5023 3715 5078; x_wconf 84' lang='lat' dir='ltr'><strong>Petri</strong></span> 
     </span>
    </p>
   </div>
   <div class='ocr_carea' id='block_1_132' title="bbox 2152 5095 3716 5167">
    <p class='ocr_par' dir='ltr' id='par_1_132' title="bbox 2152 5095 3716 5167">
     <span class='ocr_line' id='line_1_134' title="bbox 2152 5095 3716 5167; baseline -0.002 -19"><span class='ocrx_word' id='word_1_908' title='bbox 2152 5095 2361 5167; x_wconf 75' lang='lat' dir='ltr'><strong>vigilias</strong></span> <span class='ocrx_word' id='word_1_909' title='bbox 2411 5095 2571 5167; x_wconf 83' lang='lat' dir='ltr'><strong>agere</strong></span> <span class='ocrx_word' id='word_1_910' title='bbox 2601 5095 3020 5158; x_wconf 82' lang='lat' dir='ltr'><strong>consueverant.</strong></span> <span class='ocrx_word' id='word_1_911' title='bbox 3066 5107 3126 5150; x_wconf 92' lang='lat' dir='ltr'><strong>ut</strong></span> <span class='ocrx_word' id='word_1_912' title='bbox 3158 5097 3317 5150; x_wconf 91' lang='lat' dir='ltr'><strong>docet</strong></span> <span class='ocrx_word' id='word_1_913' title='bbox 3357 5095 3468 5167; x_wconf 82' lang='lat' dir='ltr'><strong>Leo</strong></span> <span class='ocrx_word' id='word_1_914' title='bbox 3510 5096 3563 5149; x_wconf 92' lang='lat' dir='ltr'><strong>in</strong></span> <span class='ocrx_word' id='word_1_915' title='bbox 3599 5109 3716 5167; x_wconf 80' lang='lat' dir='ltr'><strong>ser-</strong></span> 
     </span>
    </p>
   </div>
   <div class='ocr_carea' id='block_1_133' title="bbox 2153 5165 3715 5236">
    <p class='ocr_par' dir='ltr' id='par_1_133' title="bbox 2153 5165 3715 5236">
     <span class='ocr_line' id='line_1_135' title="bbox 2153 5165 3715 5236; baseline -0.004 -14"><span class='ocrx_word' id='word_1_916' title='bbox 2153 5165 2310 5222; x_wconf 89' lang='lat' dir='ltr'><strong>mone</strong></span> <span class='ocrx_word' id='word_1_917' title='bbox 2336 5168 2390 5232; x_wconf 74' lang='grc'>4,</span> <span class='ocrx_word' id='word_1_918' title='bbox 2427 5165 2491 5222; x_wconf 73' lang='lat' dir='ltr'><strong>tie</strong></span> <span class='ocrx_word' id='word_1_919' title='bbox 2528 5168 2967 5236; x_wconf 74' lang='lat' dir='ltr'><strong>Quadragnima.</strong></span> <span class='ocrx_word' id='word_1_920' title='bbox 2999 5167 3105 5221; x_wconf 86' lang='lat' dir='ltr'><strong>Sed</strong></span> <span class='ocrx_word' id='word_1_921' title='bbox 3129 5172 3186 5220; x_wconf 83' lang='lat' dir='ltr'><strong>et</strong></span> <span class='ocrx_word' id='word_1_922' title='bbox 3215 5165 3466 5236; x_wconf 83' lang='lat' dir='ltr'><strong>monachi</strong></span> <span class='ocrx_word' id='word_1_923' title='bbox 3497 5165 3715 5236; x_wconf 75' lang='lat' dir='ltr'><strong>quoties</strong></span> 
     </span>
    </p>
   </div>
   <div class='ocr_carea' id='block_1_134' title="bbox 2153 5232 3715 5308">
    <p class='ocr_par' dir='ltr' id='par_1_134' title="bbox 2153 5232 3715 5308">
     <span class='ocr_line' id='line_1_136' title="bbox 2153 5232 3715 5308; baseline 0 -22"><span class='ocrx_word' id='word_1_924' title='bbox 2153 5241 2680 5308; x_wconf 78' lang='lat' dir='ltr'><strong>vigilandumesset,</strong></span> <span class='ocrx_word' id='word_1_925' title='bbox 2716 5232 2986 5308; x_wconf 77' lang='lat' dir='ltr'><strong>maturius</strong></span> <span class='ocrx_word' id='word_1_926' title='bbox 3013 5236 3270 5308; x_wconf 79' lang='lat' dir='ltr'><strong>finiebant</strong></span> <span class='ocrx_word' id='word_1_927' title='bbox 3307 5232 3594 5308; x_wconf 70' lang='lat' dir='ltr'><strong>jejunium,</strong></span> <span class='ocrx_word' id='word_1_928' title='bbox 3625 5232 3715 5308; x_wconf 69' lang='grc' dir='ltr'>διὰ</span> 
     </span>
    </p>
   </div>
   <div class='ocr_carea' id='block_1_135' title="bbox 2152 5303 3713 5378">
    <p class='ocr_par' dir='ltr' id='par_1_135' title="bbox 2152 5303 3713 5378">
     <span class='ocr_line' id='line_1_137' title="bbox 2152 5303 3713 5378; baseline -0.003 -19"><span class='ocrx_word' id='word_1_929' title='bbox 2152 5303 2244 5359; x_wconf 73' lang='grc' dir='ltr'><strong>τὸν</strong></span> <span class='ocrx_word' id='word_1_930' title='bbox 2269 5308 2436 5360; x_wconf 88' lang='grc' dir='ltr'>κόπον</span> <span class='ocrx_word' id='word_1_931' title='bbox 2455 5307 2551 5378; x_wconf 85' lang='grc' dir='ltr'>τῆς</span> <span class='ocrx_word' id='word_1_932' title='bbox 2579 5306 2902 5376; x_wconf 84' lang='grc' dir='ltr'>ἀγρυπνίας,</span> <span class='ocrx_word' id='word_1_933' title='bbox 2931 5316 2990 5360; x_wconf 82' lang='grc' dir='ltr'><strong>ιιι</strong></span> <span class='ocrx_word' id='word_1_934' title='bbox 3025 5306 3216 5376; x_wconf 86' lang='lat' dir='ltr'><strong>legitur</strong></span> <span class='ocrx_word' id='word_1_935' title='bbox 3244 5307 3298 5359; x_wconf 89' lang='lat' dir='ltr'><strong>in</strong></span> <span class='ocrx_word' id='word_1_936' title='bbox 3326 5303 3517 5374; x_wconf 84' lang='lat' dir='ltr'><strong>Typico</strong></span> <span class='ocrx_word' id='word_1_937' title='bbox 3539 5306 3713 5359; x_wconf 89' lang='lat' dir='ltr'><strong>sancti</strong></span> 
     </span>
    </p>
   </div>
   <div class='ocr_carea' id='block_1_136' title="bbox 2150 5380 2325 5432">
    <p class='ocr_par' dir='ltr' id='par_1_136' title="bbox 2150 5380 2325 5432">
     <span class='ocr_line' id='line_1_138' title="bbox 2150 5380 2325 5432; baseline -0.011 0"><span class='ocrx_word' id='word_1_938' title='bbox 2150 5380 2325 5432; x_wconf 57' lang='lat' dir='ltr'><strong>Salm’.</strong></span> 
     </span>
    </p>
   </div>
   <div class='ocr_carea' id='block_1_137' title="bbox 2221 5441 3714 5519">
    <p class='ocr_par' dir='ltr' id='par_1_137' title="bbox 2221 5441 3714 5519">
     <span class='ocr_line' id='line_1_139' title="bbox 2221 5441 3714 5519; baseline -0.004 -19"><span class='ocrx_word' id='word_1_939' title='bbox 2221 5447 2332 5519; x_wconf 80' lang='lat'><strong>(57)</strong></span> <span class='ocrx_word' id='word_1_940' title='bbox 2392 5449 2834 5519; x_wconf 56' lang='grc' dir='ltr'>Φυᾲιιττοίμεϋιι</span> <span class='ocrx_word' id='word_1_941' title='bbox 2880 5447 2988 5512; x_wconf 81' lang='grc' dir='ltr'>τὰς</span> <span class='ocrx_word' id='word_1_942' title='bbox 3014 5445 3366 5519; x_wconf 42' lang='lat' dir='ltr'><strong>excidatsic.</strong></span> <span class='ocrx_word' id='word_1_943' title='bbox 3383 5513 3400 5519; x_wconf 37' lang='grc' dir='ltr'><strong>Α</strong></span> <span class='ocrx_word' id='word_1_944' title='bbox 3418 5442 3476 5497; x_wconf 81' lang='lat' dir='ltr'><strong>In</strong></span> <span class='ocrx_word' id='word_1_945' title='bbox 3502 5441 3714 5519; x_wconf 69' lang='lat' dir='ltr'><strong>codice</strong></span> 
     </span>
    </p>
   </div>
   <div class='ocr_carea' id='block_1_138' title="bbox 2151 5513 3713 5585">
    <p class='ocr_par' dir='ltr' id='par_1_138' title="bbox 2151 5513 3713 5585">
     <span class='ocr_line' id='line_1_140' title="bbox 2151 5513 3713 5585; baseline -0.005 -15"><span class='ocrx_word' id='word_1_946' title='bbox 2151 5513 2284 5571; x_wconf 42' lang='lat' dir='ltr'><strong>Ma‘z.</strong></span> <span class='ocrx_word' id='word_1_947' title='bbox 2313 5513 2367 5572; x_wconf 81' lang='lat' dir='ltr'><strong>et</strong></span> <span class='ocrx_word' id='word_1_948' title='bbox 2392 5517 2528 5572; x_wconf 76' lang='lat' dir='ltr'><strong>Fuk.</strong></span> <span class='ocrx_word' id='word_1_949' title='bbox 2557 5513 2818 5584; x_wconf 80' lang='lat' dir='ltr'><strong>scriptum</strong></span> <span class='ocrx_word' id='word_1_950' title='bbox 2845 5517 3024 5571; x_wconf 88' lang='lat' dir='ltr'><strong>inveni</strong></span> <span class='ocrx_word' id='word_1_951' title='bbox 3053 5513 3464 5585; x_wconf 82' lang='grc' dir='ltr'>φυλαττώμεθα.</span> <span class='ocrx_word' id='word_1_952' title='bbox 3487 5515 3565 5568; x_wconf 84' lang='lat' dir='ltr'><strong>Ac</strong></span> <span class='ocrx_word' id='word_1_953' title='bbox 3589 5513 3713 5585; x_wconf 86' lang='lat' dir='ltr'><strong>licet</strong></span> 
     </span>
    </p>
   </div>
   <div class='ocr_carea' id='block_1_139' title="bbox 2152 5584 3714 5655">
    <p class='ocr_par' dir='ltr' id='par_1_139' title="bbox 2152 5584 3714 5655">
     <span class='ocr_line' id='line_1_141' title="bbox 2152 5584 3714 5655; baseline -0.001 -17"><span class='ocrx_word' id='word_1_954' title='bbox 2152 5591 2490 5655; x_wconf 70' lang='lat' dir='ltr'><strong>praecesserit</strong></span> <span class='ocrx_word' id='word_1_955' title='bbox 2541 5585 2855 5652; x_wconf 79' lang='grc' dir='ltr'>ἐπιτελοῖτο,</span> <span class='ocrx_word' id='word_1_956' title='bbox 2910 5584 3085 5642; x_wconf 88' lang='lat' dir='ltr'><strong>tamen</strong></span> <span class='ocrx_word' id='word_1_957' title='bbox 3135 5587 3249 5639; x_wconf 69' lang='lat' dir='ltr'><strong>haec</strong></span> <span class='ocrx_word' id='word_1_958' title='bbox 3288 5585 3432 5638; x_wconf 86' lang='lat' dir='ltr'><strong>modi</strong></span> <span class='ocrx_word' id='word_1_959' title='bbox 3487 5584 3714 5637; x_wconf 83' lang='lat' dir='ltr'><strong>mutatio</strong></span> 
     </span>
    </p>
   </div>
   <div class='ocr_carea' id='block_1_140' title="bbox 2150 5660 2705 5729">
    <p class='ocr_par' dir='ltr' id='par_1_140' title="bbox 2150 5660 2705 5729">
     <span class='ocr_line' id='line_1_142' title="bbox 2150 5660 2705 5729; baseline 0.004 -17"><span class='ocrx_word' id='word_1_960' title='bbox 2150 5661 2446 5729; x_wconf 70' lang='lat' dir='ltr'><strong>elegantior</strong></span> <span class='ocrx_word' id='word_1_961' title='bbox 2472 5660 2705 5714; x_wconf 85' lang='lat' dir='ltr'><strong>videtur.</strong></span> 
     </span>
    </p>
   </div>
  </div>
