4198 6450
498 361 614 419 ’805

1243 361 1513 419 EUSEBII
1552 358 2029 417 CESARIENSIS
2065 358 2217 415 OPP.
2258 358 2437 414 PARS
2474 358 2516 414 Ι.
2557 387 2631 400 -
2663 356 3056 416 HISTORICA.

3651 358 3757 414 504

507 475 655 534 enim
711 478 1028 533 existimant
1054 477 1213 532 unico
1265 478 1351 532 die
1393 477 1493 532 sibi
1524 492 1645 532 esse
1670 476 2029 547 jejunandum
2062 494 2074 529 :

2181 470 2557 544 συμμετρούσι
2592 470 2692 543 τὴν
2733 473 2949 544 ἡμέραν
2986 471 3165 525 αὐτῶν
3210 471 3341 542 (79).
3377 472 3487 526 Καὶ
3534 472 3753 541 τοιαύτη

494 566 597 623 .aiii
623 566 857 630 duobus,
898 565 987 621 alii
1031 565 1318 635 pluribus:
1357 564 1593 618 nonnulli
1649 564 1811 619 etiam
1843 560 2074 631 quadra-

508 657 657 727 ginta
683 656 833 710 horis
858 657 1070 710 diurnis
1104 655 1259 726 193
1298 670 1366 710 ac
1423 654 1702 708 nocturnis
1749 651 2074 721 computatis

508 746 651 798 diem
681 759 834 800 suum
884 744 1204 799 metiuntur.
1257 743 1434 812 Atque
1464 744 1577 797 haec
1632 742 1686 795 in
1734 742 2074 796 observando

505 833 708 905 jejunio
741 835 984 889 varietas
1008 850 1113 888 non
1140 842 1326 889 nostra
1357 834 1595 901 primum
1624 840 1783 886 aetate
1818 841 1941 885 nata
1967 840 2075 893 est,

508 926 603 981 sed
631 924 787 995 longe
811 935 969 980 antea
1008 927 1147 996 apud
1188 925 1420 990 majores
1446 933 1669 978 nostros
1716 924 1881 992 cwpit
1914 941 1927 976 :
1985 924 2072 989 qui

509 1017 892 1088 negligentius,
917 1025 980 1072 ut
1003 1015 1303 1071 verisimile
1327 1025 1433 1082 est,
1455 1014 1828 1083 praesidentes,
1858 1028 1923 1066 ex
1950 1014 2077 1068 sim-

506 1109 751 1179 plicitate
779 1118 833 1163 et
859 1109 1132 1178 imperitia
1156 1117 1329 1162 ortam
1366 1106 1816 1163 consuetudinem
1847 1106 2079 1174 posteris

508 1202 863 1259 tradiderunt.
898 1201 1260 1258 Nihilominus
1284 1210 1464 1257 tamen
1486 1206 1540 1254 et
1562 1214 1751 1255 omnes
1778 1200 1864 1254 isti
1887 1214 2073 1269 pacem

507 1356 747 1414 hratum.
780 1358 1087 1419 Postremo,
1116 1358 1267 1411 varie
1297 1373 1325 1410 a
1355 1356 1523 1410 variis
1556 1354 1722 1411 fuisse
1747 1356 2071 1426 jejunatnm.

509 1426 737 1510 Semper
765 1439 946 1510 a_u_tem_
992 1428 1307 1510 meminisse
1336 1425 1628 1508 debemus.
1660 1425 1936 1510 _lrenieum
1987 1428 2075 1483 hic

507 1495 658 1569 loqui
688 1503 753 1553 de
779 1499 984 1569 jejunio
1022 1497 1503 1569 superpositionis,
1531 1497 1674 1569 quod
1700 1512 1797 1564 per
1821 1511 2074 1569 magnam

510 1565 902 1624 hebdomadam
938 1583 967 1621 a
1006 1566 1338 1623 Christianis
1377 1567 1776 1621 celebrabatur.
1808 1565 2072 1620 Caeterum

508 1638 676 1691 seuiel
708 1639 951 1692 admisso
981 1637 1325 1691 hebdomadis
1349 1635 1623 1691 Paschalis
1648 1635 1873 1702 jejunio,
1910 1637 2071 1689 etiam

510 1706 935 1777 Quadragesima
976 1707 1305 1760 admittenda
1340 1717 1442 1762 est.
1467 1706 1598 1760 Nam
1650 1708 1945 1777 hebdomas
1970 1704 2072 1777 Pa-

510 1778 713 1846 schalis
738 1775 863 1846 pars
884 1788 961 1830 est
981 1777 1434 1846 Quadragesimm.
1459 1780 1538 1832 Ac
1562 1777 1829 1830 interdqu
1852 1775 2069 1844 quidem

2182 564 2282 637 μὲν
2333 565 2575 620 ποικιλία
2616 566 2724 619 τῶν
2758 564 3183 636 ὲπιτηρούντων,
3237 565 3298 618 ού
3350 564 3445 619 νῦν
3474 565 3558 633 ἐφ’
3597 565 3755 636 ἡμῶν

2178 660 2452 728 γεγονυῖα,
2479 657 2615 711 ἀλλά
2638 658 2732 711 καὶ
2752 658 2886 712 πολὺ
2912 658 3175 729 πρότερον
3199 655 3419 709 ἐπὶτῶν
3445 656 3550 726 πρὸ
3573 655 3751 727 ἡμῶν,

2177 749 2285 802 τῶν
2334 748 2485 821 παρὰ
2519 749 2582 801 τὸ
2624 749 2873 819 ἀκριϐὲς,
2920 749 2995 813 ὡς
3032 749 3195 813 εἰκὸς,
3235 747 3580 820 κρατούντων
3617 747 3752 817 (80),

2175 839 2274 910 τὴν
2308 839 2430 893 καθ’
2475 840 2751 911 ἁπλότητα
2782 841 2877 894 καὶ
2919 840 3225 912 tamen:pr
3256 839 3545 910 συνήθειαν
3587 840 3668 903 εἰς
3693 840 3755 894 τὸ

2179 930 2471 1001 μετέπειτα
2503 930 2896 1001 πεποιηκότων.
2946 933 3056 985 Καὶ
3088 931 3239 985 οὐδὲν
3288 930 3511 984 ἔλαττον
3556 930 3763 995 πάντες

2178 1014 2322 1075 οὗτοι
2347 1021 2667 1092 εἰρήνευσάν
2694 1039 2751 1074 τε
2775 1023 2876 1090 ,καὶ
2921 1021 3274 1093 εἰρηνεύομεν
3307 1020 3444 1092 πρὸς
3471 1019 3751 1092 ἀλλήλους,

2177 1111 2271 1164 καὶ
2334 1113 2367 1179 ἡ
2418 1111 2683 1180 διαφωνία
2736 1116 2835 1184 τῆς
2893 1114 3146 1182 νηστείας
3198 1114 3297 1185 τὴν
3350 1111 3601 1183 ὁμόνοιαν
3651 1112 3752 1182 τῆς

2177 1205 2411 1270 πίστεως
2461 1206 2745 1278 συνίστησι
2802 1207 2935 1280 (81).
3005 1227 3025 1260 ι
3090 1208 3313 1272 Τούτοις
3366 1208 3461 1261 καὶ
3513 1205 3753 1278 ἱστορίαν

2179 1355 2311 1429 Nam
2357 1368 2415 1411 nt
2460 1358 2917 1429 Quinquaaesima
2972 1376 3067 1415 seu
3132 1359 3486 1422 Pentecoste,
3537 1359 3753 1429 proprie

2179 1428 2402 1500 quidem
2427 1442 2510 1500 est
2537 1428 2651 1485 dics
2680 1431 2866 1485 ultima
2910 1431 2975 1484 de
3004 1432 3394 1500 quinquaginta
3423 1431 3529 1483 illis
3562 1429 3751 1484 diebus

2182 1497 2440 1569 Paschale
2466 1498 2661 1554 festum
2692 1497 3167 1566 subsequentibus;
3195 1497 3374 1553 tamen
3403 1500 3509 1554 late
3538 1510 3751 1569 sumpto

2180 1568 2445 1640 vocabulo
2472 1609 2487 1630 ,
2523 1570 2792 1624 interdum
2838 1570 3106 1640 signiﬁcat
3137 1580 3307 1623 totum
3341 1570 3467 1624 illud
3520 1568 3749 1638 spatium

2180 1638 2393 1706 dierum
2422 1640 2568 1706 quod
2603 1650 2686 1695 est
2718 1656 2747 1695 a
2780 1638 2991 1695 Pascha
3017 1643 3081 1691 ad
3114 1640 3499 1696 Pentecosten.
3527 1649 3586 1691 ut
3608 1642 3749 1706 apud

2178 1705 2560 1777 Hieronymum
2594 1710 2642 1763 in
2673 1710 2895 1779 epistola
2926 1712 2991 1763 ad
3020 1708 3349 1779 Marcellam,
3381 1710 3519 1777 apud
3544 1705 3749 1763 CasSia-

2182 1794 2307 1829 num
2343 1788 2396 1849 et
2442 1780 2750 1846 complures
2797 1780 2948 1833 alios.
2992 1781 3084 1832 Sic
3123 1781 3286 1835 etiam
3322 1778 3746 1849 Quadragesima

503 1826 959 1917 ἱέςῖιῖἶῖἆιῖἰιιῑῖιέ
988 1826 2076 1917 Πειξιιὸἱὲίσιὶῐίξῶὲιῖἶιξὶἱί⁷ἷιᾶἐὲίίυέἧὲζ
2108 1826 2150 1881 Β
2181 1826 2396 1914 pars
2423 1826 2654 1915 ιιίἶῑῖιὲιὶῖ
2665 1826 2749 1904 ἐξΞῖ
2774 1826 3750 1915 diligimusdé‘ﬁiﬁth-Sﬁﬁiéf'diéé

506 1916 664 1987 junio
689 1918 1126 1985 Quadragesinire
1151 1957 1165 1980 ,
1199 1926 1253 1969 ut
1301 1918 1440 1986 apud
1482 1915 1841 1987 Epiphaninm
1884 1917 1938 1970 in
1973 1915 2078 1970 Ea:-

508 1984 767 2052 positione
785 1984 942 2056 ﬁdei}
977 1990 1115 2054 apud
1141 1984 1474 2042 Clementem
1504 1984 1556 2041 in
1586 1984 2076 2042 'Constitutionibus

512 2058 836 2122 apostolicis.
876 2056 979 2112 Sed
1008 2067 1063 2112 et
1099 2068 1250 2112 vetus
1281 2068 1471 2113 auctor
1513 2058 1565 2110 in
1616 2066 1846 2111 tractatu
1894 2069 2078 2110 contra

514 2124 765 2193 Graecos,
797 2128 957 2193 quem
1007 2127 1175 2181 edidit
1220 2127 1419 2183 Petrus
1470 2127 1778 2182 Steuartius
1819 2128 1870 2181 in
1931 2135 2078 2181 tomo

512 2197 773 2267 singulari
809 2196 1102 2267 Insignium
1129 2208 1428 2260 auctorum,
1459 2214 1584 2266 pag.
1623 2197 1750 2257 509,
1778 2198 1844 2253 de
1870 2196 2077 2252 Graecis

511 2264 818 2338 ita'scribit
872 2285 886 2321 :
928 2264 1059 2322 Nec
1091 2264 1568 2338 Quadragesimam
1613 2268 1911 2331 celebrant;
1960 2283 2077 2319 cum

513 2336 935 2409 Quadragesima
992 2339 1058 2392 sit
1103 2336 1370 2409 jejunium
1444 2340 1798 2409 quadraginta
1850 2337 2075 2390 dierum.

511 2404 626 2472 Ipsi
649 2404 766 2463 vero
792 2409 1046 2476 majorem
1069 2404 1412 2477 septimanam
1458 2404 1492 2462 α
1518 2404 1732 2463 numero
1761 2406 2079 2476 Quadrage-

509 2480 659 2532 sima:
687 2478 1047 2541 secludentes,
1093 2496 1185 2534 sea:
1226 2480 1564 2534 hebdomadis
1610 2478 2077 2545 Quadragesimam

511 2546 789 2603 claudunt.
837 2547 935 2602 Tot
961 2551 1097 2603 enim
1120 2558 1243 2603 sunt
1284 2566 1316 2601 a
1349 2551 1517 2616 prima
1540 2565 1718 2603 eorum
1767 2549 2078 2615 septimana,

511 2632 674 2688 usque
693 2618 759 2670 ad
784 2617 1074 2674 Sabbatum
1111 2619 1250 2688 quod
1282 2616 1595 2673 Palmarum
1615 2634 1787 2671 ramos
1814 2618 2078 2687 prwcedit.

510 2684 714 2754 Inque
742 2684 1195 2742 universaliter'ab
1234 2690 1346 2743 illis
1389 2700 1637 2744 cantatur
1678 2705 1696 2741 :
1732 2684 1863 2752 Quae
1891 2688 2082 2741 animle

510 2756 755 2828 utilis‘est
787 2759 1099 2828 contplemus
1165 2758 1653 2828 Quadragesimam.
1724 2757 1900 2813 Verba
1957 2765 2080 2811 sunt

516 2842 582 2879 ex
617 2826 792 2881 ollicio
820 2827 1129 2884 Graecorum
1181 2831 1234 2883 in
1295 2826 1532 2885 Sabbato
1573 2841 1700 2885 ante
1743 2829 2079 2884 Dominicam

514 2894 845 2969 Palinurum.
887 2898 1082 2955 Verum
1118 2916 1293 2969 neque
1324 2903 1413 2954 hic
1447 2911 1637 2955 auctor
1658 2939 1675 2964 ,
1703 2915 1801 2954 nec
1836 2898 2082 2968 plerique

513 2966 607 3020 alii
645 2969 978 3024 recentiores
1010 2971 1143 3026 satis
1170 2966 1508 3025 intellexisse
1538 2970 1670 3024 mihi
1690 2966 1957 3028 videntur.
1986 2980 2084 3020 cur

514 3035 632 3111 haec
660 3052 853 3111 magna
873 3038 1456 3111 hebdomasinterdum
1487 3040 1850 3111 distinguatur
1883 3055 1911 3093 a
1935 3037 2081 3104 Qua-

513 3107 840 3180 dragesima.
874 3107 991 3164 Non
1017 3110 1159 3165 enim
1189 3112 1258 3165 ita
1294 3111 1643 3180 distinguitur
1662 3107 1683 3174 ξ
1704 3111 1856 3179 quasi
1892 3119 2077 3180 revera

513 3191 635 3250 non
668 3179 933 3250 pertineat
976 3182 1043 3235 ad
1086 3178 1585 3250 Quadragesim'am.
1626 3178 1823 3236 Verum
1870 3179 1937 3233 ab
1986 3178 2072 3231 illa

513 3246 878 3327 distinguitur,
904 3263 963 3304 nt
993 3246 1123 3327 pars
1151 3266 1180 3302 a
1209 3246 1339 3327 tot_o'.
1367 3250 1475 3327 Cur
1501 3262 1677 3327 autem
1705 3268 1734 3304 a
1761 3252 2071 3327 Quadragef

514 3318 652 3379 sima
683 3318 957 3389 interdum
992 3318 1245 3375 distincta
1270 3321 1454 3384 fuerit,
1492 3321 1683 3389 duplex
1720 3321 1863 3374 ratio
1893 3319 2073 3373 aﬂerri

513 3398 710 3454 potest.
752 3388 930 3444 Prima
953 3432 968 3452 ,
1002 3390 1146 3460 quod
1180 3390 1497 3445 districtiori
1534 3388 1738 3461 jejunio
1777 3391 2076 3445 celebrare-

515 3468 624 3524 tur,
654 3461 1099 3530 superpositionis
1132 3461 1381 3524 scilicet,
1421 3472 1479 3515 ut
1512 3476 1670 3530 supra
1705 3461 2074 3521 ostendimus;

516 3528 750 3599 secunda
790 3528 965 3595 ratio,
1012 3531 1151 3592 quod
1203 3530 1319 3586 hare
1379 3528 1675 3586 hebdomas
1740 3532 1954 3599 proprie
2009 3532 2075 3584 ad

516 3596 725 3652 Pascha
750 3601 1002 3668 pertinet.
1031 3601 1206 3655 Ferize
1257 3601 1399 3655 enim
1434 3596 1785 3656 hebdomadis
1835 3596 2080 3655 denomi-

516 3677 766 3738 nantura
790 3682 1049 3738 sequente
1083 3671 1361 3726 Dominica
1382 3713 1395 3736 ,
1429 3680 1483 3725 et
1529 3674 1594 3724 ad
1627 3686 1745 3726 eam
1778 3673 2077 3738 pertinent,

517 3750 579 3791 ut
604 3736 730 3792 alibi
759 3736 1242 3796 denionstrabitur.
1279 3741 1459 3805 Quare
1485 3756 1607 3795 cum
1638 3745 1749 3796 haec
1780 3736 2081 3795 hebdmnas

523 3808 853 3865 Dominicam
897 3810 1209 3866 Paschalem
1247 3813 1493 3881 proxime
1535 3813 1851 3875 antecedat,
1892 3812 2082 3865 merito

518 3881 683 3951 etiam
726 3882 951 3951 adeam
991 3880 1259 3951 pertinet.
1298 3880 1449 3951 llinc
1488 3891 1568 3934 est
1615 3884 1753 3949 quod
1789 3883 2083 3936 hehdomas

523 3949 734 4022 μεγάλη
762 3949 1183 4022 ιιίρίιιινζῧιιὶιιε
1225 3950 1471 4022 vocabuli
1507 3966 1697 4022 causas
1733 3951 1887 4005 all‘ert
1915 3952 2085 4021 Chry-

520 4019 1033 4084 sostomus,homilia
1056 4021 1126 4074 50
1146 4023 1200 4074 in
1221 4020 1483 4074 Genesim.
1506 4020 1608 4075 Sed
1633 4037 1757 4074 vera
1778 4023 1916 4074 illius
1935 4019 2085 4075 voca-

520 4091 633 4163 buli
653 4092 791 4144 ratio
808 4101 1067 4163 estquam
1091 4092 1222 4163 dixi.
1243 4091 1376 4163 Cum
1397 4092 1541 4163 enim
1571 4092 1683 4145 huic
1700 4093 1768 4144 sit
1795 4092 2087 4163 hebdomas

521 4162 761 4233 l’ascbm,
776 4163 907 4233 dies
924 4160 1107 4215 autem
1128 4160 1348 4233 Pascha:
1371 4162 1714 4233 appelletur-l1
1731 4161 1953 4233 Μεγάλη
1971 4165 2085 4216 Κυ-

521 4232 687 4304 ριακὴ
704 4231 799 4286 τοῦ
817 4232 1029 4301 Πάσχα,
1050 4241 1194 4287 recte
1210 4232 1370 4304 etiam
1392 4231 1506 4304 haec
1525 4231 1818 4304 lrcbdomas
1833 4231 2022 4304 sancta
2036 4245 2089 4286 et

524 4298 713 4370 inagna
748 4298 1173 4371 cognominatur.
1210 4300 1270 4354 lu
1314 4298 1503 4369 Τυρίου
1541 4301 1723 4356 Sancti
1752 4302 1911 4356 Saba:
1934 4343 1948 4366 ,
1975 4304 2081 4357 sin-

520 4375 629 4438 guli
661 4372 777 4427 dies
806 4373 963 4438 hujus
998 4372 1349 4426 hebdomadis
1396 4375 1565 4427 sancti
1592 4383 1644 4427 et
1684 4375 1865 4441 magni
1895 4388 2092 4429 vocan.

525 4453 612 4514 tur
638 4442 740 4497 hoc
771 4445 931 4514 modo
957 4461 970 4514 ι
1017 4443 1081 4496 Ἦ
1104 4441 1233 4511 ἁγία
1261 4441 1351 4494 καὶ
1388 4441 1596 4514 μεγάλη
1622 4441 1853 4514 δευτέρα
1873 4486 1888 4510 ,
1929 4456 1984 4498 et
2010 4445 2087 4498 sic

522 4513 800 4582 deinceps.
856 4499 1164 4583 lncipiebat'
1194 4499 1401 4566 autem.
1425 4499 1719 4567 hebddmas
1767 4499 1853 4567 illa
1874 4499 1914 4567 ἐι
1946 4514 2079 4568 feria
2118 4499 2161 4553 Ῐ)

523 4584 791 4655 secunda.
838 4593 899 4638 ut
934 4583 1196 4655 discimus
1240 4599 1304 4635 ex
1346 4583 1555 4655 Cyrillo
1599 4594 1653 4640 et
1679 4583 1978 4654 Theophila
2020 4585 2076 4640 in

528 4651 775 4723 llomiliis
805 4654 1139 4720 paschalibus
1181 4663 1236 4707 et
1276 4669 1341 4708 es
1373 4651 1673 4723 Epiphanio
1717 4656 1770 4708 in
1811 4651 2077 4709 Aetionis.

523 4721 694 4781 Porro
716 4725 958 4790 quamvis
986 4739 1015 4777 a
1035 4721 1448 4795 Quadragesima
1490 4740 1875 4793 nonnunquam
1899 4726 2081 4780 distin-

524 4804 779 4860 gueretur
819 4797 888 4847 ob
934 4809 1027 4847 eas
1066 4811 1199 4863 quas
1251 4795 1360 4848 dixi
1396 4811 1619 4859 causas,
1669 4810 1857 4850 revera
1901 4804 2077 4851 tamen

523 4868 808 4931 conjuncta
839 4874 953 4937 erat
975 4863 1429 4937 Quadragesimaa.
1455 4867 1678 4935 ejusque
1700 4878 1943 4937 extrema
1958 4882 2081 4937 pars

523 4943 645 4986 erat
672 4941 727 4988 et
762 4934 1228 5008 complementum.
1254 4936 1426 5008 Certe
1460 4934 1510 4991 id
1532 4934 1847 5008 manifeste
1868 4934 2080 5008 colligi-

530 5011 619 5056 tur
650 5020 723 5078 ex
759 5002 1012 5061 Homiliis
1034 5006 1365 5076 paschalibus
1396 5007 1582 5078 Cyrilli
1605 5047 1619 5070 ,
1652 5010 1706 5060 in
1740 5007 1935 5075 quibus
1968 5002 2079 5063 ham

504 5075 821 5146 septimana
850 5088 1105 5145 perpetuo
1134 5078 1388 5131 distincta
1420 5075 1616 5146 legitur
1638 5094 1665 5130 a
1699 5078 1904 5146 reliqua
1934 5078 2079 5143 Qua-

526 5144 852 5211 dragesima,
888 5144 1262 5215 et’septimana
1312 5144 1532 5203 Pascha:
1583 5144 1831 5202 vocatur.
1880 5147 2079 5204 Eadem

528 5222 707 5295 tamen
736 5215 1162 5295 Quadragesims:
1184 5220 1791 5295 contribuitur,_quipp_e
1810 5233 1931 5295 qua:
1954 5233 2082 5295 qua-

525 5285 773 5359 draginta
817 5285 1024 5340 dierum
1066 5304 1349 5343 numerum
1391 5285 1703 5355 adimpleat.
1729 5285 1986 5359 ’Deﬁique
2012 5290 2078 5347 il-

526 5354 802 5429 ludetiam
830 5358 1222 5429 observanlum
1250 5372 1331 5413 est
1352 5401 1367 5423 ,
1409 5363 1551 5429 quod
1612 5359 1800 5414 scribit
1828 5354 2083 5415 Socrates

524 5426 579 5479 in
629 5426 732 5499 lih._
770 5443 823 5499 ν.
881 5442 1001 5495 cap.
1053 5428 1156 5493 22,
1206 5426 1790 5485 veteres—Christianos
1833 5432 2083 5499 paschale

524 5513 688 5550 suum
715 5496 995 5571 jejunium
1024 5512 1243 5553 vocasse
1282 5500 1794 5571 Quadragesimam,
1833 5496 2084 5571 quamvis

526 5582 632 5645 non
679 5576 805 5623 totis
858 5569 1217 5645 quadraginta
1260 5570 1450 5645 diebus
1511 5588 1701 5625 omnes
1749 5569 2079 5645 jejunarent.

527 5638 763 5706 lijnsque
786 5640 1031 5693 vocabuli
1055 5641 1233 5693 varias
1255 5654 1284 5690 a
1310 5642 1475 5694 variis
1504 5657 1695 5696 causas
1721 5638 2081 5700 alferridicit.

529 5707 655 5780 Mihi
711 5709 926 5776 quidem
982 5707 1400 5780 Quadragesima
1445 5712 1587 5766 dicta
1643 5714 1855 5767 videtur
1894 5712 2083 5777 eodem

531 5778 734 5848 modo,
770 5795 878 5848 quo
923 5778 1373 5851 Quinquagesima
1421 5796 1539 5852 qua:
1586 5793 1671 5838 est
1708 5792 1831 5856 post
1855 5783 2081 5839 Pascha.

2178 1917 2387 1971 Scilicet
2423 1919 2743 1979 Parasceve.
2779 1921 2869 1987 qui
2898 1919 3112 1987 quidem
3162 1921 3301 1987 apud
3350 1919 3751 1973 Alexandrinos

2178 1998 2297 2060 erat
2327 1990 2795 2060 quadragesimus,
2831 1999 2889 2043 ιιι
2908 2004 2973 2044 ex
3007 1989 3189 2060 Cyrilli
3236 1987 3479 2041 Homiliis
3528 1993 3751 2052 pascha-

2178 2056 2316 2137 libus
2344 2056 2591 2137 constat.
2632 2056 3619 2137 Latiustamen'sninptovocabulo,
3655 2060 3749 2137 de—

2180 2128 2359 2201 signat
2391 2129 2560 2201 etiam
2592 2129 2948 2201 quadraginta
2980 2130 3095 2184 dies
3140 2128 3468 2199 jejuniorum
3518 2130 3612 2199 qui
3652 2128 3728 2184 Pa

2180 2197 2309 2250 scha
2340 2197 2683 2253 antecedunt.

2252 2268 2361 2339 (79)
2410 2269 2818 2338 Συμμετροῦσι
2865 2267 2980 2337 τὴν
3030 2268 3259 2339 ἡμέραν
3312 2266 3527 2323 αὐτῶν.
3586 2267 3750 2322 Miror

2182 2348 2260 2392 tot
2313 2339 2559 2393 homines
2600 2341 2875 2404 eruditos,
2923 2339 3015 2406 qui
3049 2338 3192 2395 hunc
3242 2340 3428 2394 lremei
3482 2338 3657 2393 locum
3695 2339 3746 2393 in

2181 2409 2295 2464 suis
2318 2408 2468 2464 libris
2504 2421 2893 2477 exposuerunt,
2926 2409 3041 2476 ejus
3068 2411 3251 2463 vitium
3278 2426 3383 2463 non
3420 2410 3751 2463 animadver-

2182 2480 2331 2533 tisse.
2375 2478 2506 2546 Quis
2529 2481 2672 2533 euim
2714 2489 2794 2534 est
2828 2494 3022 2534 sensus
3063 2481 3252 2534 horum
3295 2478 3628 2534 verboruan
3658 2490 3749 2532 aut

2180 2549 2303 2617 quis
2348 2565 2581 2616 nnquatn
2628 2552 2813 2604 credat
2863 2551 3029 2604 fuisse
3074 2551 3363 2612 homines,
3390 2549 3481 2618 qui
3515 2550 3749 2617 quadra-

2180 2620 2325 2689 ginta
2357 2620 2610 2674 horarum
2642 2620 2817 2687 Spatio
2864 2621 3005 2672 diem
3042 2622 3380 2689 metirentnr.
3410 2618 3749 2689 Atquiiqua-

2182 2690 2426 2758 draginta
2467 2691 2612 2743 horae
2641 2689 2856 2742 biduum
2889 2689 3251 2755 jcjunantibus
3279 2688 3542 2742 efﬁciunt.
3592 2688 3743 2758 Equi-

2181 2756 2305 2814 deni
2341 2774 2447 2813 non
2481 2760 2688 2823 dubito,
2717 2760 2842 2825 quin
2876 2759 3107 2814 lrenams
3146 2760 3218 2812 ita
3251 2761 3573 2827 scripserit:
3605 2759 3668 2812 Ol
3691 2756 3747 2827 δὲ

2180 2829 2582 2901 τεσσαράκοντα
2619 2829 2765 2901 ὥρας
2823 2830 3085 2901 ἡμερινές
3148 2846 3207 2882 τε
3278 2826 3380 2883 καῖ
3432 2826 3749 2901 νυκτερινὰς

2184 2900 2555 2972 σύμμετροῦσι
2582 2900 2679 2971 τὴν
2709 2900 2983 2972 νηστείαν.
3018 2900 3134 2972 Qua
3176 2901 3442 2968 scriptura
3471 2900 3602 2972 nihil
3634 2900 3745 2972 pla-

2184 2969 2312 3025 nius
2348 2969 2468 3025 esse
2522 2969 2715 3039 potest.
2756 2969 2934 3036 Quare
2983 2981 3075 3023 aut
3105 2969 3341 3024 lreuaeus
3397 2971 3618 3023 omnino
3672 2971 3746 3024 ita

2184 3041 2403 3110 scripsit
2429 3080 2443 3103 ,
2501 3051 2595 3093 aut
2632 3049 2779 3095 certe
2813 3042 2886 3093 ita
2937 3042 3176 3094 scribere
3218 3040 3426 3094 debuit.
3471 3039 3579 3093 Sed
3605 3039 3749 3110 anti-

2183 3109 2394 3179 quarii,
2424 3111 2690 3165 vocabulo
2710 3111 3256 3180 exsuperiorelinea
3302 3111 3407 3164 huc
3458 3109 3746 3173 translato,

2180 3181 2353 3235 locum
2388 3190 2763 3247 corruperunt.

2244 3252 2356 3319 (80)
2379 3251 2499 3305 Τῶν
2517 3250 2672 3319 παρὰ
2694 3251 2760 3305 τὸ
2784 3250 3043 3320 ἀκριϐὲς,
3060 3247 3331 3315 ὡςεὶκύς,
3355 3250 3748 3320 κρατούντων.

2177 3322 2330 3377 Hunc
2376 3322 2552 3375 locum
2600 3318 2707 3375 non
2766 3318 3150 3375 intellexerunt
3196 3322 3536 3389 interpretes.
3589 3318 3751 3375 Solus

2177 3391 2451 3447 Musculus
2483 3406 2700 3445 sensum
2734 3401 3019 3445 assecutus
3040 3401 3125 3445 est
3147 3428 3163 3452 ,
3196 3391 3290 3444 sed
3329 3405 3391 3444 ex
3437 3400 3591 3458 parte
3626 3400 3747 3441 tau-

2181 3473 2312 3516 tum.
2354 3461 2447 3515 Sic
2475 3462 2617 3515 enim
2646 3464 2806 3515 vertit
2840 3477 2854 3512 :
2889 3460 2957 3513 Et
2993 3462 3095 3514 ista
3129 3460 3486 3529 jejunantium
3522 3460 3747 3512 varietas

2179 3543 2357 3585 nostra
2399 3534 2611 3586 demum
2648 3543 2912 3598 tempore,
2958 3534 3048 3585 sed
3095 3534 3260 3584 multo
3300 3539 3455 3581 antea
3494 3546 3586 3595 per
3629 3529 3748 3581 illos

2178 3604 2350 3665 creuit,
2381 3605 2471 3671 qui
2501 3613 2620 3654 ante
2644 3619 2733 3655 nos
2760 3613 2951 3669 printer
2971 3610 3281 3655 accuratam
3313 3600 3664 3671 diligentiam,
3692 3609 3747 3650 ut

2181 3670 2459 3726 verisimile
2487 3681 2560 3724 est
2587 3711 2603 3734 ,
2642 3687 2818 3725 rerum
2869 3673 3086 3725 habenis
3131 3672 3320 3740 potiti,
3361 3670 3649 3735 simplicem
3688 3685 3751 3721 ac

2181 3742 2444 3810 vulgatam
2483 3744 2911 3796 consuetudinem
2934 3743 3344 3809 posthabuerunl
3372 3756 3432 3792 ac
3457 3749 3747 3794 mutarunt.

2184 3813 2278 3867 Est
2323 3822 2472 3866 certe
2518 3812 2601 3864 hic
2652 3812 2836 3865 lrenmi
2884 3812 3037 3866 locus
3066 3811 3355 3864 admodum
3388 3811 3670 3862 intricatus
3696 3822 3750 3862 et

2180 3884 2463 3937 obscurus.
2491 3879 2614 3934 Vult
2647 3891 2825 3934 autem
2855 3882 3144 3935 ostendere
3182 3880 3413 3935 Ireuznus
3446 3880 3588 3932 unde
3628 3889 3749 3932 orta

2185 3954 2258 4005 sit
2286 3961 2432 4005 tanta
2468 3951 2760 4006 diversitas
2782 3951 2969 4020 jejunii
2997 3952 3290 4019 paschalis.
3320 3951 3409 4004 Ait
3435 3950 3599 4020 igitur
3626 3964 3746 4001 earn

2187 4032 2364 4076 natam
2394 4036 2513 4077 esse
2544 4036 2647 4075 non
2691 4037 2756 4075 ex
2810 4022 2924 4091 lege
2969 4023 3145 4091 aliqua
3192 4024 3258 4074 ab
3300 4021 3560 4087 apostolis
3600 4028 3688 4071 aut
3717 4033 3749 4072 ι

2188 4093 2402 4147 Christo
2422 4094 2571 4157 data,
2600 4092 2693 4146 sed
2716 4092 2973 4158 paulatim
3001 4108 3096 4145 usu
3118 4093 3349 4161 qundam
3378 4091 3747 4161 iucrebuisse;

2190 4177 2254 4216 ac
2298 4172 2486 4231 postea
2519 4163 2804 4230 episcOpos
2835 4160 3215 4231 quosdam.'in
3240 4162 3306 4214 iis
3331 4176 3451 4226 quae
3487 4161 3553 4231 ad
3587 4160 3753 4211 disci—

2191 4232 2389 4301 plinam
2428 4234 2694 4300 pertinent
2725 4248 2916 4301 parum
2949 4230 3233 4299 diligentes
3276 4245 3376 4283 nec
3416 4230 3547 4301 satis
3589 4244 3745 4301 arcte

2193 4298 2375 4365 ratos,
2404 4298 2455 4355 id
2502 4303 2643 4371 quod
2673 4298 2988 4365 simpliciter
3036 4302 3403 4371 introductum
3439 4298 3646 4361 fuerat,
3689 4298 3753 4371 li-

2192 4382 2280 4428 cet
2308 4369 2585 4442 singulare
2610 4372 2757 4426 etab
2786 4373 3015 4424 aliarum
3076 4370 3442 4425 Ecclesiarum
3487 4384 3637 4442 more
3679 4369 3753 4442 di-

2194 4439 2429 4507 versum,
2464 4442 2516 4496 in
2545 4442 3000 4498 consuetudinem
3032 4443 3261 4494 vertisse
3290 4455 3352 4494 ac
3387 4439 3617 4507 posteris
3657 4440 3754 4492 ob-

2192 4515 2517 4568 servandum
2544 4512 2848 4580 reliquisse.
2881 4509 3247 4575 Reprehendit
3291 4511 3454 4579 igitur
3499 4510 3617 4562 illos
3648 4512 3754 4580 ire-

2187 4599 2353 4649 naaus,
2380 4585 2520 4651 quod
2551 4579 2701 4653 παρᾶ
2732 4582 2794 4635 τὸ
2818 4580 3049 4652 ἀκριϐές
3072 4582 3298 4649 egerint.
3336 4580 3428 4633 Est
3452 4580 3606 4653 enini
3641 4579 3756 4653 dili-

2185 4658 2362 4724 gentis
2400 4649 2677 4721 cpisc0pi,
2730 4649 2911 4706 videre
2953 4669 3018 4704 ne
3055 4653 3194 4724 quid
3232 4665 3430 4724 novum
3470 4652 3523 4724 in
3569 4649 3757 4724 Eccle-

2186 4720 2323 4780 siam
2372 4720 2660 4778 inducatur
2725 4733 2927 4792 printer
2989 4723 3354 4792 reliquarum_
3391 4720 3753 4792 Ecclesiarum

2183 4796 2655 4850 consuetudinem.
2717 4789 2791 4846 ita
2848 4789 3119 4845 Socrates
3146 4793 3289 4845 hunc
3337 4790 3525 4844 Irenzei
3581 4789 3754 4843 locum

2186 4867 2396 4932 cepisse
2422 4864 2633 4918 videtur
2661 4866 2714 4916 in
2745 4878 2863 4931 cap.
2891 4863 2963 4914 ἓξ
3010 4863 3105 4915 lib.
3143 4877 3192 4924 ν,
3230 4861 3321 4914 ubi
3374 4861 3756 4932 postquam‘de

2181 4929 2509 5004 jejunioruin
2546 4944 2604 4988 et
2634 4929 3006 5001 hujuscemodi
3047 4934 3255 5004 rituum
3279 4931 3420 4999 apud
3455 4929 3759 5004 varias‘Ec-

2186 5000 2380 5060 ctESias
2410 5000 2776 5069 discrepantia
2797 5004 3009 5055 aliunde
3025 5003 3307 5062 disseruit,
3333 5003 3405 5054 ita
3438 5000 3710 5053 concludit
3740 5017 3754 5052 :

2185 5079 2357 5131 Αἶτιοι
2388 5074 2517 5145 γὰρ,
2552 5068 2629 5137 ὡς
2660 5073 2899 5196 most
2919 5113 2935 5135 ,
2969 5072 3069 5141 τῆς
3093 5070 3350 5141 τοιαύτης
3382 5068 3677 5138 διαφωνίας
3706 5070 3755 5121 οξ

2187 5147 2329 5196 κατὰ
2377 5145 2566 5196 καιοὸν
2614 5146 2720 5196 τῶν
2767 5147 2780 5165 ’
2829 5142 3103 5196 κκλησιῶν
3160 5142 3528 5196 ποοεστῶτες“
3591 5142 3640 5192 οἱ
3699 5140 3755 5193 δὲ

2187 5147 2329 5202 κατὰ
2377 5140 2566 5215 καιρὸν
2614 5140 2720 5198 τῶν
2767 5140 3103 5215 Ἐκκλησιῷν
3160 5140 3528 5212 προεστῶτες·
3591 5142 3642 5215 oi
3699 5140 3757 5193 δὲ

2185 5218 2357 5271 ταῦτα
2390 5209 2827 5285 παραλαὸόντες.
2886 5209 2931 5283 ᾧ
2955 5209 3138 5284 ’νόμον
3200 5209 3313 5276 ἑοῖς
3358 5210 3757 5283 ἐπιγινομένοις

2187 5286 2568 5360 παρέγραψαν..

2260 5352 2386 5429 (διγ
2408 5428 2411 5429 ν
2436 5352 2497 5411 Ἠ
2532 5356 2822 5429 διαφωνία
2862 5354 2972 5422 τῆς
3008 5355 3293 5429 νηστείας
3320 5353 3448 5429 ,τὴν
3476 5352 3759 5429 ὁμόνοιαν

2188 5424 2299 5499 τῆξ
2345 5428 2637 5499 πίστεως-ί
2677 5428 3061 5499 συνίστησι.-
3092 5426 3233 5479 idem
3284 5424 3359 5476 ait
3425 5425 3651 5499 August.
3700 5425 3754 5499 in

2190 5493 2352 5567 epist.
2381 5502 2469 5563 86,
2501 5506 2570 5553 ad
2601 5493 2978 5552 Casulanutu:
3024 5497 3104 5567 Sit
3144 5511 3269 5567 ergo
3313 5510 3418 5547 una
3468 5493 3596 5560 ﬁdes
3645 5494 3760 5548 uni-

2191 5564 2350 5624 versa:
2375 5587 2495 5639 quae
2534 5571 2721 5638 ubique
2739 5569 3000 5639 dilatatur
3029 5564 3298 5639 Ecclesia'.
3326 5575 3574 5639 tanquam
3611 5567 3754 5639 intus

2192 5642 2245 5694 in
2277 5635 2520 5693 membris
2541 5679 2556 5703 ,
2583 5635 2788 5693 etiamsi
2815 5639 2927 5705 ipsa
2957 5638 3081 5703 ﬁdei
3107 5635 3281 5688 unitas
3316 5636 3636 5703 quibusdam
3674 5635 3757 5687 di-

2191 5711 2354 5765 versis
2380 5710 2831 5763 observationibus
2853 5709 3177 5766 celebratur,
3208 5706 3397 5776 quibus
3427 5708 3574 5760 nullo
3600 5707 3752 5759 modo

2192 5784 2327 5853 quod
2349 5782 2400 5835 in
2420 5781 2524 5849 ﬁde
2552 5796 2726 5835 verum
2754 5790 2849 5842 est,
2881 5777 3179 5847 inipedimr.
