4198 6402
383 372 489 431 505

1406 363 1759 423 HISTORUE
1795 365 2347 423 ECCLESIASTICIE
2383 366 2514 423 LIB.
2550 365 2619 423 Υ.

3540 365 3644 420 586

384 478 758 557 προστίθησιν,
794 480 862 551 ἢν
891 478 1109 542 οἰκείως
1140 477 1552 552 παραθήσομαι,
1590 475 1778 531 τοῦτον
1812 476 1957 547 ἔχου-

2076 479 2219 533 inter
2239 494 2298 535 se
2319 480 2687 557 retinuerunt,
2712 485 2767 532 et
2797 491 2896 532 nos
2933 476 3165 532 invicem
3198 477 3509 533 retinemus.
3563 480 3644 535 tta

384 593 484 632 σαν
511 573 604 629 τὸν
631 574 833 646 τρόπον
852 590 865 603 ·
901 591 921 624 ‹
954 571 1067 625 Καὶ
1099 572 1149 624 οἱ
1176 570 1282 643 πρὸ
1309 570 1563 642 Σωτῆρος
1587 568 1695 639 (82)
1721 569 1959 642 πρεσὸύ-

377 686 531 741 τεροι
570 669 619 722 ot
654 665 987 738 προστάντες
1020 667 1119 736 τῆς
1163 663 1487 733 Ἐκκλησῐας
1516 659 1584 733 ἧς
1629 662 1724 716 νῦν
1752 665 1959 734 ἁφηγῇ.

391 757 675 829 Ἀνίκητον
698 755 929 825 λέγομεν
956 754 1051 807 καὶ
1074 751 1225 814 Πίον,
1263 750 1474 821 Ἠγῖνόν
1502 768 1562 804 τε
1587 750 1681 803 καὶ
1707 748 1964 817 Τελεσφό-

383 866 497 921 ρον,
525 846 620 901 stati.
645 844 871 908 Ξύστον,
906 841 1030 896 οὔτε
1054 840 1209 895 αὐτοὶ
1226 842 1519 913 ἐτήρησαν,
1550 838 1672 893 οὔτε
1700 842 1813 902 τοῖς
1842 838 1960 909 μετ’

379 940 580 1003 αὐτοὺς
612 937 913 1009 ἐπέτρεπον
959 934 1090 1006 (85),
1126 934 1221 988 καὶ
1251 933 1404 987 οὐδὲν
1438 932 1657 986 ἔλαττον
1698 930 1854 985 αὐτοὶ
1887 929 1961 1001 μὴ

381 1031 673 1104 τηροῦντες
700 1032 977 1102 εἰρήνευον
1010 1030 1121 1090 τοῖς
1163 1025 1271 1079 ἀπὸ
1300 1023 1408 1077 τῶν
1437 1022 1756 1095 παροικιῶν,
1789 1024 1848 1075 ὲν
1874 1017 1961 1087 αἶς

383 1126 651 1196 ἐτηρεῖτο,
675 1121 988 1195 ἐρχομένοις
1008 1119 1144 1191 πρὸς
1162 1117 1360 1181 αὐτοὺς
1380 1116 1558 1171 καίτοι
1590 1115 1788 1187 μᾶλλον
1815 1118 1963 1170 ὲναν-

382 1216 495 1269 τίον
515 1210 584 1286 ἦν
610 1213 671 1282 τὸ
691 1215 877 1285 τηρεῖν
905 1213 962 1265 ὲν
988 1212 1101 1274 τοῖς
1138 1212 1211 1281 μὴ
1265 1207 1492 1280 τηροῦσι
1524 1208 1655 1277 (84).
1683 1208 1794 1262 Καὶ
1820 1208 1962 1263 οὐδέ-

383 1324 516 1361 ποτε
544 1305 632 1360 διὰ
659 1305 720 1360 τὸ
747 1301 885 1369 εἶδος
922 1302 1079 1358 τοῦτο
1113 1300 1498 1373 ἀπεϐλήθησάν
1527 1318 1669 1365 τινες
1691 1301 1821 1373 (85),
1844 1301 1957 1356 ἀλλ’

381 1399 537 1453 αὐτοὶ
574 1398 647 1470 μὴ
668 1396 960 1469 τηροῦντες
985 1397 1036 1449 ot
1054 1396 1159 1467 πρὸ
1182 1394 1276 1448 σοῦ
1308 1393 1686 1467 πρεσὸύτεροι,
1711 1398 1823 1458 τοῖς
1850 1395 1958 1449 ἀπὸ

377 1490 487 1545 τῶν
514 1488 814 1562 παροικῶν
843 1487 1102 1560 τηροῦσιν
1155 1486 1399 1557 ἔπεμπον
1429 1486 1792 1558 Εὐχαριστίαν
1822 1485 1954 1558 (86).

380 1582 489 1636 Καὶ
529 1580 625 1635 τοῦ
673 1581 944 1653 μακαρίου
1001 1579 1362 1650 Πολυκάρπου
1404 1578 1842 1649 ἐπιδημήσαντος
1887 1582 1954 1651 τῇ

389 1672 576 1746 Ῥώμῃ
625 1671 720 1725 ἐπὶ
766 1670 1047 1741 Ἀνικήτου
1094 1668 1227 1740 (87),
1280 1666 1374 1720 καὶ
1420 1666 1547 1737 περὶ
1583 1666 1757 1720 ἄλλων
1797 1665 1955 1721 τινῶν

380 1770 552 1839 μικρὰ
615 1766 838 1838 σχόντες
907 1762 1044 1835 πρὸς
1085 1760 1349 1831 ἀλλήλους
1392 1760 1552 1824 εὐθὺς
1599 1761 1950 1832 εξρήνευσανο

2062 550 2716 639 Ῑοῇυιιίοτυωοίνοηὶιδο
2744 568 3166 624 consensionem
3216 567 3339 621 fidei
3370 582 3645 623 commen-

2064 664 2177 718 dat.
2224 683 2243 715 ι
2269 663 2650 720 Narrationem
2683 661 2884 717 deinde
2911 661 3214 732 subjungit,
3244 676 3407 732 quam
3431 661 3521 716 hic
3544 675 3645 731 op-

2065 767 2296 825 portune
2328 757 2589 813 inseram.
2617 758 2711 812 Est
2734 766 2915 811 autem
2958 756 3270 827 hujusmodi
3306 776 3319 812 :
3368 775 3388 809 ι
3443 757 3548 812 Sed
3586 767 3643 812 et

2064 848 2371 919 presbyteri
2424 849 2499 905 illi
2536 850 2627 920 qui
2651 859 2777 903 ante
2806 849 3081 915 Soterem,
3124 848 3425 905 Ecclesiam
3468 851 3551 904 cui
3585 861 3640 904 tu

2063 956 2208 996 nunc
2247 956 2442 1011 prices,
2476 943 2847 1013 gubernarunt
2872 963 2884 997 :
2908 944 3195 999 Anicetum
3227 944 3346 998 dico
3375 952 3429 996 et
3459 941 3637 1006 Pium,

2059 1042 2115 1089 et
2149 1032 2421 1105 Hyginum
2463 1051 2585 1090 cum
2622 1035 2955 1107 Tclesphoro
3003 1045 3058 1089 et
3090 1034 3285 1107 Xysto,
3330 1050 3508 1101 neque
3538 1035 3635 1102 ipsi

2061 1140 2297 1194 mquam
2348 1125 2748 1181 observarunt:
2818 1142 2995 1196 neque
3053 1128 3139 1182 his
3194 1128 3285 1195 qui
3336 1141 3458 1181 cum
3505 1127 3637 1195 ipsis

2061 1224 2237 1280 erant,
2266 1225 2325 1271 ut
2357 1217 2409 1271 id
2439 1217 2795 1273 observarent
2856 1219 3249 1288 permiserunt.
3298 1217 3402 1288 lpsi
3452 1226 3634 1273 tamen

2061 1325 2180 1362 cum
2214 1310 2315 1365 hoc
2358 1310 2580 1365 minime
2606 1311 2987 1374 observarent,
3045 1325 3233 1380 pacem
3288 1311 3640 1369 nihilominus

2058 1402 2310 1457 colebant
2332 1417 2456 1457 cum
2484 1403 2550 1458 iis
2573 1403 2663 1471 qui
2689 1404 2755 1456 ad
2786 1418 2847 1457 se
2883 1402 3157 1458 venissent
3193 1417 3261 1457 ex
3296 1403 3636 1459 Ecclesiisin

2056 1498 2252 1566 quibus
2294 1495 2347 1549 id
2383 1495 2805 1549 observabatur.
2873 1494 3037 1563 Atqui
3094 1494 3450 1549 observantia
3498 1498 3640 1551 inter

2056 1602 2150 1641 eos
2188 1586 2280 1656 qni
2315 1586 2540 1639 minime
2571 1585 2959 1651 observabant,
2987 1595 3137 1640 tanto
3164 1586 3335 1656 magis
3361 1589 3636 1644 contraria

2055 1677 2363 1731 videbatur.
2388 1674 2500 1731 Nec
2527 1675 2618 1730 ulli
2657 1692 2896 1745 unquam
2927 1675 2998 1730 ob
3026 1677 3291 1747 ejusmodi
3345 1688 3639 1734 consuetu-

2055 1765 2237 1819 dinem
2263 1765 2450 1834 rejecti
2487 1775 2633 1820 sunt.
2670 1767 2873 1821 Verum
2901 1767 2974 1821 illi
3004 1767 3104 1836 ipsi
3131 1768 3224 1838 qui
3262 1778 3316 1824 te
3346 1783 3639 1839 praeesse-

373 1835 494 1931 asap-
545 1835 756 1935 (τούτου
809 1856 906 1912 τοῦ
970 1854 1266 1928 κεφαλαίου
1340 1854 1449 1927 (88)
1505 1853 1579 1926 μὴ
1648 1852 1957 1926 φιλεριστή⁶

2058 1869 2181 1912 runt
2213 1859 2544 1929 presbyteri,
2582 1859 2832 1929 quamvis
2866 1859 2919 1915 id
2964 1861 3188 1916 minime
3233 1861 3633 1928 observarent,

448 2033 559 2105 (82)
596 2032 745 2104 Vulg.
776 2034 846 2088 ἐν
872 2028 963 2100 οἷς
984 2033 1079 2087 καὶ
1115 2036 1167 2088 οἱ
1187 2035 1301 2102 πρὸ
1329 2030 1620 2105 Σωτῆρος.
1651 2033 1789 2086 Duas
1812 2034 1957 2103 prio-

381 2121 469 2161 res
530 2119 690 2158 voces
729 2106 984 2171 expunxi,
1031 2105 1229 2172 quippe
1262 2104 1700 2172 quaealiessenta
1727 2115 1953 2168 quatuor

378 2177 577 2231 nostris
604 2174 879 2228 codicibus
910 2174 1070 2239 Maz.,
1100 2171 1263 2239 bted.,
1289 2171 1427 2226 Fuk.
1453 2181 1507 2226 et
1531 2171 1727 2236 Savil.,
1748 2189 1846 2227 nec
1876 2174 1950 2229 le-

376 2254 638 2315 gerentur
670 2245 724 2298 in
772 2244 1223 2315 interpretatione
1266 2241 1466 2315 Rufini.
1518 2240 1686 2296 Paulo
1726 2253 1846 2313 post
1888 2245 1943 2298 in

377 2313 568 2374 iisdem
589 2315 989 2384 exemplaribus
1023 2314 1153 2368 Πίον
1192 2313 1388 2384 legitur
1432 2320 1656 2384 accentu
1703 2324 1861 2367 acuto
1891 2315 1942 2367 in

377 2389 553 2459 prima
598 2382 802 2459 syllaba
826 2424 841 2448 ,
876 2386 1017 2459 quod
1051 2384 1220 2459 magis
1250 2382 1444 2452 placet.
1473 2383 1620 2459 _Cum
1647 2385 1793 2459 enim
1834 2387 1944 2455 pri-

380 2451 519 2532 inam
572 2451 834 2526 syllabam
890 2451 1087 2532 babeat
1129 2451 1389 2519 brevem,
1438 2451 1787 2508 circumﬂecti
1834 2451 1943 2508 non

378 2530 559 2583 debet.

447 2597 560 2668 (85)
596 2595 744 2668 Οὔτε
764 2595 888 2668 τοῖς
905 2596 1032 2665 μετ’
1056 2594 1285 2668 αὐτοὺςΔ
1319 2593 1667 2668 ἐπέτρεπωρ.
1714 2593 1768 2647 lu
1813 2595 1952 2668 libro

377 2664 609 2723 Tui-uehi
660 2681 723 2719 ac
768 2664 948 2721 ilionei
1008 2667 1073 2719 ad
1091 2666 1412 2736 _iuarginem
1460 2664 1779 2723 emendatur
1828 2666 1947 2736 μετ’

374 2739 574 2794 αὐτῶν.
616 2736 790 2806 Atque
819 2738 890 2792 ita
928 2737 1056 2806 legit
1090 2734 1332 2806 Rufinus,
1363 2744 1420 2788 ut
1447 2751 1511 2788 ex
1548 2737 1801 2806 versione
1831 2734 1951 2804 ejus

375 2819 639 2879 apparet.
661 2803 755 2861 Sic
781 2808 925 2863 enim
952 2803 1111 2879 vertit
1143 2821 1156 2855 :
1193 2803 1378 2879 Neque
1407 2806 1507 2872 ipsi
1539 2805 1614 2879 ita
1649 2803 1952 2879 tenuerunt,

376 2876 539 2948 neque
588 2878 641 2931 lii
678 2880 766 2948 qni
820 2894 935 2931 cum
961 2878 1086 2948 ipsis
1116 2886 1286 2931 erant.
1322 2876 1507 2948 Posset
1534 2876 1697 2948 etiam
1729 2876 1893 2948 scribi
1933 2892 1948 2928 :

375 2945 500 3004 οὔτε
540 2951 656 3013 τοῖς
691 2945 796 3003 ’ὑπ’
832 2945 1053 3011 αὐτούς,
1112 2948 1163 3001 id
1204 2955 1319 3007 est,
1370 2946 1702 3017 presbyteris
1747 2947 1858 3001 suis
1888 2961 1953 3002 ac

376 3022 637 3089 diaconis.
665 3030 720 3073 et
747 3017 1070 3089 populosibi
1098 3018 1412 3089 commisso.

446 3091 558 3162 (85)
589 3088 722 3160 Vulg
742 3086 977 3162 ζτοῖςιρτ
1004 3086 1591 3162 snpceot._Atuplecto_r
1615 3086 1934 3162 emendatio-

2063 2050 2272 2109 morcm
2303 2035 2729 2109 transmittendze
2757 2037 3148 2109 Encharistite,
3189 2037 3322 2094 facit
3354 2040 3407 2094 in
3439 2040 3634 2109 primis

2064 2102 2446 2182 inens_.lnstini
2472 2108 2529 2182 in
2566 2109 2744 2182 prima
2769 2108 3020 2182 Apologia
3065 2124 3085 2182 ς
3119 2102 3633 2182 Εὑχαριστήσαντος

2055 2174 2111 2251 βὲ
2140 2174 2601 2251 τοῦ-προεστῶτος
2619 2219 2633 2244 ,
2662 2178 2763 2251 ttat
2798 2174 3515 2251 ὲπευῷημήσαντοςνπαντὸς
3538 2180 3634 2236 τοῦ

2053 2244 2183 2297 λαοῦ
2207 2246 2260 2320 oi
2283 2244 2449 2299 δὲαλού
2458 2262 2607 2320 μενοι
2636 2244 3192 2320 παρ’ᾲὴμῖνήδίᾶκονοι
3234 2250 3469 2305 διδόασιν
3497 2252 3631 2305 ἑκά-

2053 2332 2163 2393 στῳ
2192 2315 2300 2393 τῶν
2328 2315 2963 2393 παρόντῳνμμεταλᾲϐξζν
2981 2360 2997 2385 ,
3040 2319 3149 2374 ἀπὸ
3174 2320 3267 2393 τοῦ
3306 2323 3635 2393 εὐχαριστη-

2051 2385 2428 2464 θέντοςρρτοῤ
2461 2388 2555 2441 καὶ
2586 2385 2734 2464 οἶνον
2754 2390 2848 2464 καὶ
2881 2388 3098 2464 ὓδᾳτιοςΣ
3126 2392 3223 2446 καὶ
3253 2385 3456 2464 τοῖςὀὗ

2048 2456 2204 2509 οὖσιν
2239 2456 2578 2529 ἀποφέρουσι
2601 2475 2615 2488 ·
2654 2460 2747 2514 καὶ
2769 2463 2803 2532 ή
2827 2460 3001 2583 τιροφὴ
3036 2459 3176 2531 αὕτη
3211 2460 3454 2516 καλεῖται
3501 2456 3631 2534 παρ’

2052 2528 2184 2583 ἡμῖν
2217 2527 2572 2583 Εὑγαοεστία.
2605 2529 2657 2582 Id
2686 2540 2804 2583 est:
2892 2541 3135 2583 ostanam
3171 2534 3389 2583 antistes
3430 2535 3631 2583 aratiu-

2052 2528 2184 2599 ἡμῖν
2217 2527 2572 2600 Εὑχαρίστία.
2605 2529 2657 2582 Id
2686 2527 2804 2585 esti
2846 2527 3135 2598 Postquam
3165 2527 3389 2586 antistes
3430 2527 3634 2599 gratia-

2069 2613 2185 2651 rum
2212 2600 2470 2652 actionem
2504 2600 2747 2667 perfecit,
2772 2613 2820 2653 et
2852 2600 3076 2667 populus
3117 2603 3285 2655 omnis
3322 2614 3632 2667 apprccntus

2062 2678 2159 2731 est,
2197 2669 2410 2741 diaconi
2436 2685 2502 2722 ea:
2522 2686 2657 2736 pane
2679 2679 2727 2723 et
2758 2672 2878 2725 uino
2908 2682 2956 2725 ct
2981 2688 3120 2739 aqua
3148 2672 3466 2726 consecratis
3501 2689 3629 2741 par-

2058 2748 2132 2791 tes
2177 2737 2418 2810 dividtint
2463 2740 2743 2810 unicuique
2787 2737 3119 2810 pra'sgntium
3174 2752 3225 2794 et
3282 2743 3351 2796 ad
3396 2737 3633 2796 absentes

2054 2817 2286 2881 portant.
2330 2806 2443 2881 _Hic
2482 2811 2626 2863 cibus
2657 2806 2875 2865 uocatur
2919 2809 3284 2865 Eucliaristia.
3347 2811 3476 2866 Scio
3510 2814 3634 2881 qui-

2054 2877 2173 2930 dem
2206 2875 2400 2932 Justini
2432 2878 2609 2933 locum
2657 2881 2723 2934 de
2774 2882 2936 2949 mgris
2975 2882 3237 2949 ettplicari
3294 2896 3493 2950 posse;
3528 2875 3626 2937 sed

2056 2958 2238 3001 nostra
2286 2951 2584 3017 explicatio
2646 2951 2860 3018 planior
2919 2966 3038 3006 esse
3110 2949 3344 3005 videtur.
3414 2949 3631 3006 Illnstre

2054 3020 2217 3071 etiam
2256 3019 2414 3088 hujus
2449 3021 2616 3074 moris
2638 3021 2944 3088 exemplum
2976 3029 3154 3075 exstat
3184 3022 3235 3075 in
3258 3022 3401 3075 Actis
3426 3021 3628 3076 Lucani

2058 3087 2334 3159 martyris.
2359 3087 2667 3143 NOtandnm
2695 3087 2859 3158 porro
2889 3100 2972 3145 est
3003 3091 3053 3143 in
3085 3091 3207 3146 loco
3232 3090 3432 3144 Justini
3464 3106 3629 3159 supra

374 3156 635 3230 neinqum
665 3156 719 3215 in
746 3156 906 3214 libris
927 3156 1162 3230 Turnebi
1187 3172 1249 3212 ac
1273 3157 1451 3214 Μουτιιὶ
1484 3156 1960 3230 liabetur_admar-
1987 3164 2029 3221 C
2065 3156 2231 3212 citato
2251 3200 2265 3222 ,
2297 3174 2488 3230 panem
2520 3156 2897 3215 Conseoratum
2929 3176 2956 3212 a
2992 3160 3318 3215 Christianis
3356 3156 3633 3230 Vtilgogdi.

371 3226 573 3302 giueni,
604 3234 662 3285 ὲν
688 3232 801 3294 τοίς
834 3228 1169 3302 μὴτηροῦσι.
1200 3230 1498 3302 ijlstautem
1529 3226 1618 3302 hic
1646 3226 1804 3302 hujus
1836 3228 1934 3281 ioci

372 3297 586 3359 Sensus.
628 3302 761 3355 Cum
788 3297 1128 3354 observantia
1164 3298 1393 3369 alicujus
1421 3298 1589 3352 moris
1622 3308 1675 3369 et
1697 3297 1939 3369 inobser-

374 3374 554 3425 vantia
590 3372 698 3426 sint
730 3372 870 3423 inter
892 3385 951 3424 se
978 3369 1270 3429 contraria,
1303 3365 1485 3422 tamen
1518 3367 1730 3429 quoties
1771 3365 1819 3420 is
1846 3367 1935 3432 qui

374 3457 579 3496 morem
610 3444 862 3493 observat
886 3439 1190 3505 quempiam
1219 3476 1234 3501 ,
1259 3448 1507 3492 versatur
1542 3439 1682 3491 inter
1704 3451 1799 3490 eos
1845 3437 1938 3506 qui

372 3513 598 3564 minime
636 3511 957 3575 observant,
989 3518 1117 3561 tunc
1145 3507 1260 3575 ipsa
1293 3507 1583 3562 diversitas
1628 3506 1798 3571 magis
1824 3510 1940 3560 elu-

372 3592 483 3636 cet.
517 3579 629 3635 lloc
656 3590 761 3648 est,
790 3578 931 3648 quod
959 3582 1116 3645 vulgo
1147 3580 1345 3632 dicitur
1373 3578 1424 3631 in
1457 3576 1670 3648 scholis
1693 3576 1936 3648 philoso-

375 3651 647 3718 phorum:
694 3646 974 3704 Contraria
1006 3648 1158 3717 juxta
1200 3662 1259 3701 se
1300 3648 1530 3701 invicem
1561 3647 1736 3717 posita
1767 3646 1939 3717 magis

373 3721 705 3773 elucescant.

443 3789 555 3855 (85)
601 3787 1051 3858 Ἁπεΰλήθησάν
1087 3803 1265 3853 τινες.
1306 3786 1533 3840 Ruﬁnus
1575 3787 1716 3842 hanc
1749 3802 1936 3842 vocem

371 3860 634 3929 Pluribus
662 3861 843 3915 verbis
885 3859 1165 3929 οκνοειιίιρ
1198 3873 1316 3929 llum
1359 3858 1550 3929 “hum
1606 3858 1942 3929 vicem-pm-

370 3926 534 3987 stant.
580 3927 867 4000 Nunquam
899 3926 1074 3983 tamen
1103 3927 1165 3981 ob
1186 3927 1284 4000 hoc
1314 3928 1502 4000 repulsi
1522 3937 1643 4000 sunt
1664 3930 1730 3980 ab
1763 3926 1940 3981 Eccle-

367 4003 462 4056 sia:
495 3997 763 4062 societate,
792 4009 883 4051 aut
906 4001 1159 4052 venientes
1199 3998 1262 4049 ab
1300 3997 1409 4050 illis
1427 3999 1661 4061 partibus
1692 4015 1793 4052 non
1815 4007 1938 4051 sunt

366 4073 615 4139 suscepti.
670 4068 1021 4125 Ἀποεάλλειν
1056 4069 1221 4139 igitur
1249 4067 1353 4139 duo
1385 4067 1691 4139 significat,
1722 4080 1815 4139 aut
1841 4066 1939 4134 eji-

369 4156 493 4196 cere
517 4137 584 4193 ab
613 4141 855 4194 Ecclesia
876 4180 891 4199 .
920 4155 1040 4209 qua:
1077 4137 1413 4209 frequentior
1450 4138 1778 4209 signiﬁcatio
1833 4148 1936 4201 est,

368 4225 429 4265 ut
469 4212 521 4265 in
539 4210 715 4279 capite
738 4207 1114 4278 ultimo—hujus
1139 4207 1261 4262 libri
1287 4225 1302 4274 ;
1338 4220 1432 4262 aut
1460 4208 1686 4262 omnino
1715 4225 1820 4263 non
1850 4210 1938 4261 ad-

367 4282 583 4337 mittere
612 4281 935 4336 venientem.

440 4352 551 4421 {86)
582 4352 893 4421 Ἔπεμπον
908 4348 1353 4421 Εὐχαρρσζίανη
1382 4346 1636 4421 Solebant
1665 4349 1791 4402 olim
1823 4350 1937 4417 cpi-

368 4418 551 4491 scopi,
587 4418 827 4490 tempore
865 4420 1137 4490 paschalis
1181 4419 1492 4491 festivitatis
1535 4418 1936 4472 Eucharistiam

2059 3235 2205 3280 ctum
2232 3243 2355 3283 esse
2387 3229 2807 3290 Eucltaristiam,
2832 3232 2976 3298 quod
3003 3231 3286 3284 contirmat
3315 3226 3478 3298 etiam
3524 3226 3628 3283 Ire-

2055 3312 2204 3352 naeus
2231 3309 2340 3351 tum
2379 3298 2430 3352 in
2458 3302 2563 3354 hoc
2593 3299 2731 3363 loco,
2768 3297 2877 3353 tum
2917 3301 2971 3353 in
3003 3301 3142 3352 libro
3173 3299 3370 3352 Contra
3394 3297 3623 3353 hwreses

2051 3380 2173 3434 cap.
2210 3369 2294 3430 it,
2327 3368 2578 3423 Clemens
2603 3385 2619 3423 ι
2648 3369 2933 3430 Stromnt.,
2963 3385 3086 3436 pag.
3128 3369 3252 3421 H7.

2115 3438 2227 3508 (87)
2267 3439 2386 3508 Kal,
2418 3438 2524 3491 τοῦ
2549 3440 2857 3508 μακαρίου
2908 3437 3307 3508 Πολυκὰρπου
3338 3437 3629 3508 ἐπιδημή-

2038 3519 2262 3573 σαντος
2325 3507 2401 3577 τῇ
2457 3507 2647 3577 Ῥώμῃ
2701 3510 2797 3562 ἐπὶ
2859 3507 3193 3576 Ἀνικήτου.
3258 3507 3524 3562 Baronius
3572 3509 3629 3565 in

2038 3578 2329 3648 Annalibus
2385 3586 2527 3633 hunc
2592 3579 2874 3648 i’olycarpi
2947 3581 3236 3631 adventum
3311 3579 3364 3632 in
3441 3579 3627 3633 urbem

2042 3644 2265 3701 [inuitam
2315 3649 2481 3703 refert
2530 3664 2672 3703 anno
2693 3644 2729 3704 ’ν
2762 3648 2832 3702 Μ.
2868 3649 3068 3703 Aurelii
3108 3649 3383 3712 Antonini,
3414 3650 3632 3703 eodem-

2041 3731 2145 3785 que
2192 3734 2337 3771 anno
2376 3718 2747 3789 pontiﬁcatum
2785 3719 3000 3773 Aniceti
3050 3718 3262 3789 orditur
3306 3734 3320 3772 :
3353 3719 3497 3789 quod
3531 3733 3629 3773 ne-

2042 3803 2310 3857 quaquam
2372 3787 2650 3857 probabile
2702 3789 2834 3843 mihi
2867 3790 3100 3843 videtur.
3127 3787 3240 3843 Hoc
3281 3787 3425 3843 enim
3461 3804 3624 3854 anno,

2040 3856 2369 3929 Polycarpus
2403 3858 2576 3928 major
2608 3858 3120 3929 eratoctogenario.
3159 3858 3403 3914 Mortuus
3426 3863 3629 3928 quippe

2041 3938 2125 3981 est
2144 3928 2301 3981 anno
2336 3944 2408 3982 vn
2467 3929 2538 3983 Μ.
2565 3929 2769 3982 Aurelii
2816 3928 3204 3997 imperatoris,
3242 3945 3363 3984 cum
3409 3940 3665 3983 sextum‘

2041 4002 2537 4070 οιΑοειοεομῑιηιιιιι
2589 3999 2767 4053 aetatis
2816 4014 3015 4070 annum
3058 3999 3171 4070 jam
3211 3999 3502 4070 exegisset.
3544 3998 3623 4051 Ita

2041 4068 2185 4121 enim
2239 4071 2499 4123 scribitur
2560 4070 2611 4121 in
2674 4068 2903 4137 epistola
2949 4069 3205 4124 Ecclesiae
3272 4068 3627 4137 Sinyrnensis

2040 4153 2211 4208 quam
2241 4154 2402 4207 supra
2447 4139 2628 4208 retulit
2667 4138 2934 4193 Eusebius
2970 4140 3022 4193 in
3057 4139 3149 4192 lib.
3191 4155 3266 4204 tv,
3298 4138 3627 4208 ὀγδοήκοντα

2039 4208 2134 4259 καὶ
2192 4207 2369 4281 ἒνξετη
2395 4207 2628 4261 δουλεύω
2654 4208 2824 4281 αὐτῷ,
2847 4209 2896 4261 id
2927 4219 3032 4275 est,
3060 4210 3321 4281 octoginta
3349 4219 3395 4262 et
3420 4207 3625 4281 secan-

2043 4294 2137 4331 nos
2188 4279 2271 4330 illi
2324 4278 2515 4332 servio.
2552 4281 2703 4344 Quod
2757 4278 2800 4334 si
2856 4292 3028 4333 annos
3061 4280 3182 4332 illos
3235 4294 3341 4332 non
3385 4293 3415 4331 a
3447 4278 3626 4347 primo

2042 4349 2228 4402 statim
2256 4359 2398 4412 ortu,
2421 4350 2514 4402 sed
2544 4365 2572 4401 a
2602 4351 2833 4417 pueritia
2866 4350 3034 4402 ordiri
3062 4350 3231 4413 lubet,
3261 4348 3478 4416 quando
3512 4348 3627 4414 pri-

2044 4434 2187 4470 tuum
2238 4419 2480 4471 homines
2522 4420 2834 4473 ratiocinari
2875 4419 3138 4488 incipiunt
3169 4432 3185 4469 :
3216 4428 3475 4486 sequetur
3507 4433 3621 4468 om-

367 4498 433 4549 ad
462 4487 596 4547 alius
623 4487 905 4581 episcopos
931 4491 1260 4581 eulogiarum
1287 4487 1505 4581 nolmitie
1538 4490 1924 4581 transmittere.
1964 4528 2004 4581 ο
2044 4488 2170 4542 nino
2192 4527 2207 4551 ,
2247 4488 2596 4581 Polycarpiun
2639 4489 2953 4581 cen‘tenario
2987 4487 3265 4568 majorem
3315 4497 3409 4540 aut
3440 4488 3627 4567 prosi-

366 4566 529 4633 ldqne
558 4558 771 4633 tandem
800 4561 1026 4614 vtatituin
1049 4559 1160 4633 _fuit
1193 4560 1424 4633 concilio
1456 4558 1804 4633 Laodiceno,
1836 4574 1923 4633 ea.

366 4628 476 4705 pile
504 4632 588 4705 14.
636 4634 705 4686 At
726 4630 1018 4705 Rhenanus
1048 4631 1187 4705 hunc
1211 4628 1391 4705 locum
1429 4629 1590 4705 aliter
1615 4629 1924 4705 iinteilesit.

367 4697 458 4760 Sic
506 4704 648 4759 enim
701 4701 979 4754 adnotavit
1006 4702 1069 4751 ad
1113 4700 1410 4767 marginem
1449 4698 1626 4751 lloiiui
1668 4715 1682 4752 :
1724 4698 1810 4751 Ea:
1833 4697 1929 4752 hoc

366 4775 559 4828 lremci
593 4773 705 4823 loco
735 4780 949 4838 apparet
970 4808 986 4830 .
1014 4768 1151 4836 quod
1188 4768 1247 4839 si
1270 4770 1561 4839 epi_sc0pns
1587 4769 1777 4839 aliquis
1825 4768 1929 4821 Ro—

363 4861 503 4897 mam
523 4836 1055 4905 venisset,Romapus
1072 4838 1309 4904 pontifex
1324 4836 1718 4891 Eucltaristiain
1740 4839 1930 4905 hospiti

364 4913 668 4969 solemuiter
712 4908 1117 4962 transmittebat.
1156 4908 1217 4977 rln
1247 4923 1354 4976 quo
1382 4908 1669 4977 dupliciter
1695 4907 1926 4966 fallitur;

364 4995 478 5039 tum
533 4980 675 5052 quod
720 4981 771 5035 id
833 4978 1102 5052 pontilicis
1135 4976 1375 5052 _llomani
1420 4976 1760 5052 privilegium
1787 4993 1932 5052 _esse

366 5046 567 5118 sensit,
608 5060 719 5103 tum
755 5046 897 5118 quod
949 5049 1076 5102 solis
1134 5046 1438 5116 hospitibus
1477 5063 1571 5101 seu
1612 5048 1832 5118 advenis
1878 5046 1931 5101 id

367 5123 607 5195 praestari
650 5117 998 5195 existimavit.
1034 5119 1195 5186 Atqui
1245 5118 1592 5195 ex_concilio_
1626 5117 1932 5195 Laodiceno

367 5188 662 5257 discimus,
712 5192 857 5245 hunc
912 5204 1115 5242 morem
1164 5189 1525 5257 promiscnmu
1568 5190 1752 5248 fuisse.
1787 5188 1933 5243 etab

367 5264 615 5318 onmibns
642 5261 837 5331 passim
861 5259 1130 5327 episcopis
1148 5267 1499 5331 usurpatum,
1528 5271 1584 5331 ut
1611 5258 1932 5331 ad_aliarum

366 5328 653 5388 civitatum
674 5333 959 5402 episcopos
993 5328 1383 5402 benedictionis
1414 5328 1933 5402 nomiugEuchari-

368 5405 530 5460 stiam
578 5396 1034 5455 transmitterem.
1104 5398 1321 5451 Putavit
1366 5398 1573 5451 scilicet
1616 5396 1932 5462 Bhenanus,

365 5475 419 5530 in
455 5475 539 5528 his
572 5471 755 5526 Irenzei
795 5472 989 5539 verbis,
1021 5470 1135 5533 τοῖς
1173 5466 1282 5521 ἀπὸ
1314 5466 1424 5519 τῶν
1457 5466 1778 5539 παροικιῶν,
1814 5472 1939 5521 sub-

368 5543 542 5598 audiri
579 5544 800 5597 verbum
829 5536 1065 5593 ἐλθοῦσι.
1094 5539 1246 5606 Quod
1284 5548 1463 5591 tamen
1492 5536 1597 5591 non
1636 5547 1719 5591 est
1756 5552 1938 5592 neces-

368 5616 595 5669 sarium.
627 5613 761 5665 Nam
789 5613 837 5664 oi
871 5611 979 5665 ἀπὸ
1008 5609 1117 5663 τῶν
1151 5607 1473 5682 παροιπειῖξν,
1515 5616 1654 5682 sunt
1698 5608 1933 5675 episcopi

372 5684 760 5743 Ecclesiarum,
818 5676 1272 5750 quemadmmtnm
1333 5677 1442 5750 ἀπὸ
1499 5676 1791 5740 Δεὸἐλτου,
1834 5691 1937 5750 _cst

368 5755 652 5823 episcopus
682 5748 883 5807 Debel‘ti
911 5770 925 5817 ;
960 5751 1069 5804 ἀπὸ
1108 5748 1469 5823 Εὑμενείοι.ςζ
1492 5748 1936 5823 υμίδεονιιδβιι-

369 5818 593 5889 ιιὶυηιαέ,
649 5833 706 5877 ut
762 5839 922 5892 supra
968 5818 1391 5879 observavimus.
1437 5818 1608 5875 Porro
1677 5822 1742 5873 ad
1799 5820 1938 5872 hunc

2034 4573 2201 4619 mum,
2234 4557 2425 4611 evi’vis
2473 4559 2692 4614 abiisse.
2717 4561 2892 4627 Atque
2928 4557 3082 4624 juxta
3138 4558 3212 4610 ita
3267 4558 3629 4622 computatio-

2032 4642 2153 4681 nem
2180 4627 2390 4683 Baronii
2433 4643 2655 4683 necesse
2696 4629 2799 4682 erit
2846 4629 3060 4692 dicere,
3095 4627 3242 4681 illum
3280 4628 3628 4696 nonagesimo

2030 4700 2212 4752 :etatis
2244 4713 2388 4752 anno
2417 4699 2635 4752 venisse
2675 4698 2925 4759 Romam,
2952 4696 3093 4764 quod
3130 4697 3381 4765 profecto
3416 4711 3623 4765 nequa-

2032 4782 2194 4836 quam
2257 4768 2515 4821 credibile
2564 4778 2667 4823 est.
2718 4767 3012 4822 Eusebium
3068 4782 3195 4821 vero
3243 4767 3359 4821 lucc
3392 4765 3627 4835 objectio

2034 4838 2346 4891 nullatenus
2379 4838 2880 4906 involvit..Quippe
2922 4837 3186 4891 Eusebius
3230 4836 3443 4891 Aniceti
3492 4853 3628 4906 pon-

2035 4907 2301 4962 tilicatum
2360 4908 2569 4961 orditur
2618 4910 2718 4963 sub
2764 4909 3044 4961 Atitonino
3092 4908 3228 4971 Pio,
3262 4908 3448 4962 decem
3508 4906 3624 4961 fere

2033 4979 2190 5033 anuis
2223 4988 2347 5031 ante
2386 4978 2696 5032 Baronium.
2739 4979 2798 5030 Id
2838 4978 3021 5045 ipsum
3070 4978 3122 5032 in
3162 4978 3395 5032 Barouio
3440 4991 3628 5042 repre-

2034 5047 2214 5117 hendit
2247 5046 2546 5103 llalloixius
2585 5049 2634 5101 in
2669 5050 3034 5103 notationibus
3074 5048 3142 5103 ad
3193 5056 3354 5117 caput
3389 5045 3456 5101 10
3492 5045 3628 5102 Vita

2032 5115 2097 5169 Β.
2127 5116 2323 5187 Polyca
2332 5120 2428 5184 rpi.

2109 5185 2404 5256 (88l'IIept
2426 5189 2643 5242 τούτου
2677 5188 2784 5242 τοῦ
2824 5187 3180 5257 κεφαλαίου.
3210 5185 3452 5243 Pessime
3485 5187 3630 5241 bunt:

2036 5257 2214 5311 Ineunt
2273 5259 2666 5327 interpretatus
2731 5269 2815 5312 est
2862 5258 3416 5326 Christophorsmius,
3471 5258 3626 5327 cujus

2034 5329 2215 5383 versio
2269 5325 2567 5382 Baroiiium
2622 5338 2807 5399 postea
2862 5325 3202 5399 inierrorem
3257 5327 3485 5399 induxit.
3537 5325 3629 5399 Sic

2036 5400 2180 5452 enim
2216 5401 2379 5453 vertit
2415 5415 2429 5451 :
2463 5399 2602 5464 Quin
2644 5414 2737 5467 pro
2780 5398 2876 5452 ltoc
2909 5398 3043 5467 festo
3099 5398 3442 5467 observando,
3486 5398 3624 5465 quod

2037 5469 2415 5523 contrauersim
2446 5480 2597 5535 caput
2626 5464 2920 5532 uidebatur,
2945 5469 3222 5520 clraritatis
3252 5464 3459 5520 vincula
3495 5464 3626 5535 neu-

2036 5539 2234 5606 tiquam
2274 5534 2670 5606 ruperunt.Cui
2704 5539 3144 5608 interpretationi
3193 5535 3418 5608 nimium
3455 5534 3626 5587 fidens

2040 5604 2419 5669 Bai-onins.7ad
2446 5624 2647 5662 annum
2676 5604 2876 5664 Christi
2919 5608 3021 5661 167
3054 5607 3236 5660 scribit
3267 5604 3622 5673 Polyrarpuui

2041 5680 2163 5731 ideo
2201 5680 2428 5733 ltotiiam
2478 5681 2714 5742 venisse,
2753 5690 2811 5733 ut
2850 5680 3071 5733 dissidia
3103 5691 3224 5744 quae
3274 5676 3339 5727 de
3376 5672 3622 5726 Paschali

2041 5749 2334 5804 feSto‘oi-ta
2382 5749 2636 5812 fuerant,
2670 5766 2795 5802 cum
2840 5748 3065 5801 Aniceto
3117 5753 3501 5813 componeret:
3540 5746 3621 5794 id-

2043 5834 2146 5888 que
2175 5820 2469 5876 Eusebium
2502 5830 2553 5875 et
2593 5822 2853 5876 lrenaeum
2879 5817 3166 5873 allirtnare.
3198 5815 3358 5880 Atqui
3387 5813 3623 5868 Irenaeo:
