4198 6394
595 343 697 400 507
1347 342 1617 399 EUSEBII
1655 343 2128 404 CESARIENSIS
2163 351 2314 408 OPP.
2356 352 2538 410 PARS
2573 354 2617 413 1.
2658 387 2728 399 -
2761 356 3154 416 HISTORICA.
3759 371 3861 427 508

596 465 964 520 Ecclesiarum
988 465 1328 535 presbyteris
1357 465 1449 534 qui
1474 465 1524 520 id
1549 467 1937 535 observabant,
1966 469 2165 525 Eucha-

2279 490 2472 538 σαντες
2504 476 2641 546 πρὸς
2669 478 2913 542 ἑαυτούς.
2943 478 3079 532 Οὔτε
3107 479 3215 552 γὰρ
3242 482 3270 533 ό
3311 483 3587 555 Ἀνίκητος
3629 487 3718 540 τὸν
3757 491 3862 543 Πο-

2276 566 2556 637 λύκαρπον
2583 571 2767 622 πεῖσαι
2799 570 3020 624 ἐδύνατο
3048 573 3121 642 μὴ
3149 577 3355 646 τηρεῖν,
3381 575 3474 629 ἆτε
3497 578 3634 647 μετὰ.
3679 579 3861 634 Ἰωάν-

595 556 801 610 ristiam
835 554 1275 610 transmiserunt.
1307 554 1512 610 Etcum
1543 556 1887 613 beatissimus
1917 558 2174 630 Polycar-

595 663 696 715 pus
723 647 933 702 Aniceti
960 645 1298 714 temporibus
1337 646 1564 702 Romam
1595 649 1858 714 venisset,
1889 661 2055 721 atque
2086 653 2172 706 in-

595 747 678 792 ter
697 737 816 790 illos
839 737 904 791 de
934 737 1256 807 quibusdam
1289 738 1412 792 aliis
1445 739 1604 794 rebus
1634 741 1845 796 modica
1871 752 2016 797 esset
2042 758 2173 797 can-

593 827 880 892 troversia,
929 829 1116 883 statim
1165 839 1353 883 mutuo
1385 833 1534 899 pacis
1582 831 1773 886 osculo
1800 847 1859 887 se
1902 835 2169 903 complexi

592 927 739 983 sunt,
764 919 831 973 de
855 919 959 974 hoc
985 921 1165 990 capite
1193 937 1300 976 non
1331 938 1662 992 magnopere
1686 924 1831 980 inter
1862 942 1923 981 se
1946 937 2172 982 conten-

589 1011 806 1066 dentes.
848 1010 1035 1080 Neque
1059 1013 1205 1066 enim
1230 1013 1491 1070 Anicetus
1515 1013 1816 1087 Polycarpo
1843 1020 2173 1087 persuadere

591 1118 831 1173 unquam
865 1113 1081 1172 peierat
1113 1113 1170 1158 ut
1197 1103 1493 1160 observare
1514 1107 1812 1176 desineret,
1851 1111 2050 1181 quippe
2077 1115 2168 1183 qui

590 1211 714 1251 cum
745 1193 954 1252 Joanne
988 1197 1200 1252 Domini
1256 1199 1428 1253 nostri
1461 1199 1751 1269 discipulo,
1783 1210 1837 1258 et
1865 1218 1988 1258 cum
2037 1205 2171 1259 reli-

590 1288 716 1358 quis
741 1289 1004 1358 apostolis
1043 1289 1368 1359 quibuscum
1411 1291 1752 1349 familiariter
1783 1295 2014 1363 vixerat,
2044 1311 2170 1352 eum

593 1397 802 1438 morem
835 1392 1097 1452 perpetuo
1123 1385 1488 1438 observasset.
1527 1383 1714 1455 Neque
1745 1388 1870 1441 item
1909 1387 2169 1458 Polycar-

593 1487 694 1542 pus
719 1474 942 1528 Auiceto
973 1476 1298 1543 persuadere
1325 1487 1548 1530 conatus
1586 1485 1670 1530 est
1707 1489 1766 1532 ut
1798 1478 2119 1532 observaret
2153 1521 2168 1543 ,

591 1577 716 1616 cum
747 1563 1006 1617 Anicetus
1051 1577 1238 1617 eorum
1272 1563 1363 1633 qui
1394 1573 1520 1618 ante
1551 1579 1610 1618 se
1653 1563 1867 1619 fuerant
1901 1569 2174 1638 presbyte-

2276 675 2367 709 νου
2399 658 2494 711 τοῦ
2532 659 2778 730 μαθητοῦ
2810 663 2903 715 τοῦ
2945 664 3148 736 Κυρίου
3177 665 3356 736 ήμῶν,
3384 670 3478 722 καὶ
3513 670 3622 723 τῶν
3656 671 3858 727 λοιπῶν

2277 749 2311 800 ά
2320 748 2595 801 ποστόλων
2607 745 2687 813 οἷς
2705 752 3093 824 συνδιέτριψεν,
3122 755 3208 808 ἀεὶ
3221 773 3350 828 τετη
3359 775 3423 830 ρη
3435 760 3566 812 κότα
3575 803 3588 826 ,
3605 761 3728 817 οὔτε
3751 765 3857 835 μὴν

2273 839 2301 891 ὁ
2332 837 2688 910 Πολύκαρπος
2720 841 2810 894 τδν
2855 842 3134 913 Ἀνίκητον
3166 845 3348 900 ἔπεισε
3393 853 3600 921 τηρεῖν,
3631 851 3855 922 λέγοντα

2272 927 2371 996 τὴν
2407 929 2693 1000 συνήθειαν
2724 930 2832 984 τῶν
2879 930 2980 1002 πρὸ
3007 933 3170 986 αὑτοῦ
3209 936 3594 1011 πρεσϐυτέρων
3621 941 3853 1012 ὀφείλειν

2274 1018 2541 1088 κατέχειν.
2579 1020 2690 1072 Καὶ
2728 1020 2932 1075 τούτων
2972 1021 3146 1087 οὕτως
3187 1025 3437 1096 ἐχόντων,
3488 1030 3853 1103 ἐκοινώνησαν

2273 1112 2487 1175 ἑαυτοῖς
2503 1129 2516 1142 ·
2541 1113 2636 1164 καὶ
2659 1115 2716 1165 ἐν
2733 1117 2798 1184 τῇ
2839 1114 3135 1188 Ἐκκλησία
3156 1117 3548 1190 παρεχώρησεν
3568 1122 3596 1172 ὁ
3641 1122 3853 1198 Ἀνίκη-

2270 1217 2364 1264 τος
2391 1201 2490 1272 τὴν
2507 1202 2872 1274 Εὐχαριστίαν
2899 1204 3009 1275 (89)
3041 1207 3118 1278 τῷ
3140 1207 3503 1281 Πολυκάρπῳ,
3535 1213 3653 1264 κατ’
3673 1215 3852 1285 ἐντροο

2274 1293 2382 1363 πὴν
2414 1293 2676 1363 δηλονότι,
2712 1295 2805 1348 καὶ
2847 1296 2962 1367 μετ’
2997 1299 3218 1370 εἰρήνης
3263 1301 3356 1353 ἀπ’
3403 1301 3647 1373 ἀλλήλων
3681 1303 3850 1375 ἀπηλ-

2273 1383 2538 1454 λάγησαν,
2593 1384 2772 1454 πάσης
2818 1387 2915 1456 τῆς
2971 1387 3300 1459 Ἐκκλησίας
3348 1393 3572 1462 εἰρήνην
3617 1393 3852 1463 ἐχόντων

2271 1475 2380 1527 τῶν
2416 1475 2726 1547 τηρούντων
2755 1477 2846 1530 καὶ
2883 1477 2956 1549 μὴ
2985 1480 3314 1552 τηρούντων.
3349 1503 3367 1535 ι
3413 1485 3520 1536 Καὶ
3556 1488 3584 1538 ὁ
3625 1486 3722 1555 μὲν
3756 1487 3849 1539 Εἰ-

2276 1569 2495 1638 ρηναῖος
2523 1567 2844 1639 φερώνυμός
2876 1586 2960 1633 τις
2993 1569 3069 1623 ὢν
3111 1575 3177 1644 τῇ
3214 1577 3579 1648 προσηγορίᾳ,
3611 1577 3758 1648 αὐτῷ
3789 1595 3850 1632 τε

593 1667 779 1706 torum
841 1667 1044 1707 morem
1081 1653 1182 1707 sibi
1235 1653 1580 1708 retinendum
1628 1669 1750 1710 esse
1786 1655 2011 1712 diceret.
2041 1656 2165 1723 Qua!

2271 1661 2352 1730 τῷ
2379 1661 2563 1733 τρόπῳ
2578 1663 2938 1735 εἰρηνοποιὸς,
2963 1665 3184 1720 τοιαῦτα
3202 1669 3341 1741 ὑπὲρ
3357 1671 3454 1740 τῆς
3477 1671 3586 1724 τῶν
3621 1671 3850 1742 Ἐκκλη-

591 1759 715 1799 cum
752 1745 825 1798 ita
857 1760 918 1799 se
954 1746 1239 1810 haberent,
1269 1747 1745 1802 cominunicarunt
1768 1748 1870 1802 sibi
1901 1748 2162 1803 invicem:

2276 1746 2407 1799 σιῶν
2449 1750 2670 1819 εἰρήνης
2717 1752 3018 1821 παρεκάλει
3049 1771 3108 1806 τε
3159 1756 3250 1810 καὶ
3294 1757 3642 1831 ἐπρέσόευεν.
3691 1763 3748 1814 '0
3803 1761 3848 1814 δ’

600 1846 656 1890 et
683 1835 941 1890 Anicetus
988 1836 1042 1892 in
1078 1836 1322 1892 Ecclesia
1376 1839 1732 1893 consecrandi
1783 1854 1979 1893 munus
2017 1839 2165 1912 Poly-

2279 1840 2442 1902 αὐτὸς
2489 1841 2551 1894 οὐ
2588 1841 2734 1912 μόνῳ
2767 1842 2845 1896 τῶ
2890 1844 3130 1917 Βίκτορι,
3167 1849 3260 1902 καὶ
3285 1849 3562 1922 διαφόροις
3599 1852 3656 1906 δέ
3695 1853 3848 1908 πλιίο

591 1943 758 1996 carpo
790 1928 1015 1984 honoris
1067 1944 1231 1984 causa
1291 1931 1609 1985 concessit:
1669 1929 1996 2000 tandemque
2048 1946 2165 1986 cum

2277 1949 2425 1994 στοις
2450 1933 2707 2004 ἄρχουσιν
2725 1934 3078 2007 Ἐκκλησιῶν,
3109 1938 3177 1991 τὰ
3210 1941 3519 2014 κατάλληλα
3536 1942 3604 1995 δι’
3631 1944 3850 1996 ἐπιστο·

592 2033 724 2088 paee
753 2035 782 2074 a
814 2035 871 2074 se
909 2019 1141 2074 invicem
1164 2021 1577 2076 discesserunt:
1618 2029 1726 2074 tam
1770 2022 1835 2076 iis
1861 2022 1954 2090 qui
1984 2021 2165 2076 obser-

2273 2022 2380 2077 λῶν
2410 2025 2538 2096 περὶ
2568 2026 2661 2079 τοῦ
2705 2030 3062 2101 κεκινημένου
3102 2032 3412 2104 ζητήματος
3441 2034 3651 2105 ὡμίλει.

591 2109 811 2174 vabant,
875 2125 1038 2180 quam
1078 2111 1182 2167 illis
1239 2113 1330 2182 qui
1369 2114 1593 2168 minime
1627 2113 2020 2180 observabant,
2052 2129 2236 2184 pacem
2276 2119 2824 2186 communionemque
2879 2124 3043 2178 totius
3090 2125 3346 2180 Ecclesiae
3403 2128 3782 2184 retinentibus.
3821 2147 3841 2182 ι

589 2203 669 2259 Ac
698 2201 933 2257 lrenaaus
965 2203 1180 2270 quidem
1213 2204 1418 2258 nomini
1479 2219 1579 2259 suo
1635 2219 1762 2259 vere
1800 2206 2138 2273 respondens
2164 2245 2180 2272 ,
2220 2219 2319 2260 nec
2356 2208 2470 2261 solo
2501 2210 2739 2277 nomine,
2802 2213 2896 2266 sed
2926 2213 3091 2266 etiam
3127 2214 3252 2268 vita:
3286 2216 3531 2272 instituto
3562 2231 3625 2271 ac
3651 2232 3847 2286 propo-

586 2294 694 2350 sito
726 2294 1006 2365 paciﬁcus,
1049 2311 1148 2367 pro
1178 2297 1539 2352 Ecclesiarum
1601 2313 1736 2367 pace
1763 2299 1879 2354 haec
1912 2301 2122 2353 monuit
2184 2310 2238 2356 et
2275 2302 2550 2369 allegavit.
2590 2304 2701 2359 Nec
2731 2320 2859 2360 vero
2887 2308 2954 2360 ad
2999 2308 3158 2381 194
3204 2308 3474 2366 Victorem
3523 2312 3718 2378 solum,
3751 2314 3845 2369 sed

583 2385 653 2440 ad
694 2385 891 2442 multos
927 2385 1064 2440 alios
1096 2386 1456 2440 Eeclesiarum
1477 2388 1752 2444 antistites
1775 2389 1841 2444 de
1864 2391 2164 2460 quaestione
2202 2392 2483 2462 proposita
2515 2393 2723 2449 litteras
2750 2395 2801 2450 in
2829 2398 3073 2452 eamdem
3101 2401 3426 2456 sententiam
3455 2403 3619 2457 misit.

1152 2482 1379 2537 CAPUT
1419 2482 1586 2540 XXV.

589 2571 868 2639 Quomodo
889 2575 1062 2628 cuncti
1113 2575 1168 2627 in
1200 2591 1356 2627 unam
1387 2577 1703 2655 sententiam
1739 2576 1803 2630 de
1827 2578 1912 2631 die
1942 2575 2162 2631 Pasclue

1187 2655 1541 2698 convenerint.

662 2736 912 2806 Episc0pi
945 2752 1078 2791 vero
1105 2735 1399 2795 Palaestina:
1421 2753 1558 2808 quos
1591 2738 1748 2807 paulo
1774 2754 1936 2810 supra
1961 2754 2160 2794 memo-

589 2829 854 2892 ravimus,
881 2827 1170 2884 Narcissus
1214 2830 1424 2885 scilicet
1455 2839 1508 2884 et
1537 2829 1871 2900 Theophilus
1900 2871 1915 2895 ,
1949 2843 2002 2886 et
2037 2849 2158 2887 cum

588 2917 695 2973 illis
719 2918 939 2973 Cassius
969 2919 1121 2990 Tyri,
1143 2931 1198 2975 et
1221 2921 1413 2975 Clarus
1448 2923 1797 2978 Ptolemaidis
1814 2925 2079 2994 episcopi,
2107 2937 2162 2980 et

587 3011 678 3082 qui
714 3011 873 3065 simul
905 3027 1026 3067 cum
1055 3012 1187 3081 ipsis
1210 3027 1602 3079 convenerant,
1631 3027 1919 3087 postquam
1946 3019 2011 3072 de
2048 3027 2160 3072 tra-

586 3103 794 3157 ditione
825 3102 928 3157 diei
963 3103 1264 3170 Paschalis,
1294 3121 1413 3176 quze
1440 3107 1550 3176 jam
1609 3109 1734 3162 inde
1787 3111 1855 3163 ab
1893 3111 2160 3179 apostolis

2771 2491 3164 2548 ΚΕΦᾹΛΑΙΟΝ
3208 2497 3334 2551 KE'.

2275 2582 2473 2649 Ὅπως
2496 2581 2615 2648 τοῖς
2639 2581 2788 2637 πᾶσι
2815 2587 2924 2660 μία
2942 2585 3147 2660 ψῆφος
3177 2589 3311 2660 περὶ
3338 2587 3441 2642 τοῦ
3472 2589 3684 2660 Πάσχα
3698 2609 3844 2646 συν-

2653 2655 2925 2723 εφωνήθη
2952 2656 3169 2728 (Nich.
3198 2657 3264 2713 E.
3304 2675 3376 2724 Iv,
3411 2660 3523 2730 36).

2337 2743 2405 2797 Ui
2428 2761 2490 2814 γε
2520 2746 2625 2817 μὴν
2651 2747 2742 2798 ἐπὶ
2776 2747 3138 2821 Παλαιστίνης
3177 2749 3269 2814 οὒς
3305 2752 3504 2824 ἀρτίως
3533 2753 3843 2825 διεληλύθα-

2273 2854 2392 2907 μεν,
2431 2839 2458 2890 ὃ
2489 2855 2548 2890 τε
2587 2839 2897 2910 Νάρκισσος
2935 2842 3027 2894 καὶ
3073 2841 3349 2911 Θεόφιλος,
3397 2845 3489 2896 καὶ
3534 2845 3630 2898 σὺν
3661 2846 3843 2908 αὐτοῖς

2269 2928 2509 2992 Κάσσιος
2533 2928 2632 2999 τῆς
2661 2930 2804 2983 κατὰ
2832 2930 3006 3003 Τύρον
3050 2932 3374 3004 Ἐκκλησίας
3401 2935 3713 3000 ἐπίσκοπος,
3750 2939 3842 2988 καὶ

2268 3020 2484 3093 Κλάρος
2509 3021 2608 3092 τῆς
2634 3023 2691 3074 ἐν
2723 3023 3069 3094 Πτολεμαΐδι,
3099 3026 3152 3077 οἵ
3189 3043 3247 3078 τε
3287 3026 3428 3078 κατὰ
3456 3027 3660 3081 τούτων
3717 3045 3840 3081 συν-

2267 3111 2583 3184 εληλυθότες
2618 3113 2861 3186 περὶτῆς
2893 3115 3254 3186 κατελθούσης
3294 3120 3372 3180 εἰς
3404 3119 3598 3182 αὐτοὺς
3631 3121 3692 3172 ἐκ
3724 3117 3841 3175 δικ-

587 3197 654 3250 ad
681 3197 828 3266 ipsos
851 3198 1110 3252 continua
1140 3199 1487 3255 successione
1537 3212 1874 3266 manaverat,
1907 3205 2071 3259 multa
2105 3205 2156 3258 in

2270 3202 2432 3274 δοχῆς
2473 3203 2580 3256 τῶν
2628 3205 2939 3259 ἀποστόλων
2977 3208 3100 3278 περὶ
3131 3207 3224 3259 τοῦ
3261 3209 3451 3279 Πάσχα
3495 3210 3843 3282 παραδόσεως

583 3287 698 3341 suis
725 3286 923 3342 litteris
947 3288 1345 3354 disseruerunt,
1383 3290 1599 3345 tandem
1622 3292 1691 3346 ad
1720 3291 1884 3347 ﬁnem
1917 3293 2160 3363 epistola:

585 3378 671 3435 his
701 3389 929 3434 utuntur
959 3382 1143 3436 verbis
1173 3400 1186 3436 :
1218 3400 1238 3434 ι
1277 3382 1410 3438 Date
1445 3398 1668 3453 operam
1709 3395 1768 3440 ut
1795 3385 2039 3455 epistola:
2065 3402 2159 3442 no-

583 3480 710 3527 stra:
741 3471 1070 3542 exemplaria
1097 3487 1194 3542 per
1220 3489 1412 3528 omnes
1442 3475 1716 3530 Ecclesias
1751 3476 2059 3540 mittantur,
2089 3494 2156 3532 ne

582 3561 744 3616 nobis
773 3561 980 3616 crimen
1008 3564 1274 3632 iniputent
1303 3563 1396 3632 qui
1429 3565 1639 3619 animas
1670 3579 1796 3620 suas
1835 3580 1865 3619 a
1898 3575 2046 3620 recto
2069 3582 2160 3621 ve-

585 3654 764 3710 ritatis
825 3657 1040 3710 tramite
1087 3655 1245 3710 facile
1302 3657 1604 3710 abducunt.
1645 3656 1775 3710 lllnd
1807 3657 1971 3710 etiam
2007 3659 2161 3712 vobis

585 3746 999 3816 signiﬁcamus,
1058 3750 1249 3802 eodem
1314 3764 1422 3817 quo
1463 3749 1603 3819 apud
1656 3763 1754 3804 nos
1808 3747 1896 3803 die
1952 3747 2157 3803 Pascha

587 3838 934 3894 Alexandria:
958 3840 1242 3895 celebrari.
1278 3841 1320 3894 A
1354 3841 1510 3896 nobis
1540 3840 1684 3894 enim
1721 3841 1787 3895 ad
1825 3840 1966 3904 illos,
1997 3851 2051 3894 et
2078 3842 2158 3894 vi-

585 4028 640 4084 id
675 4040 780 4080 non
814 4025 964 4091 dicit,
991 4026 1095 4081 nisi
1123 4026 1260 4080 forte
1287 4041 1352 4079 ex
1386 4027 1634 4080 versione
1661 4027 2156 4096 Christephorsmii.

585 4098 698 4157 Hoc
722 4106 955 4169 tantum;
985 4099 1060 4150 ait
1112 4097 1364 4169 Iretiazus,
1395 4111 1516 4151 cum
1566 4097 1898 4169 Polycarptts
1935 4100 2158 4153 Romani

584 4169 822 4224 venisset
858 4167 1069 4220 Aniceti
1105 4168 1529 4236 temporibus,et
1565 4167 1708 4220 leves
1748 4171 2007 4235 quasdam
2038 4187 2157 4222 t'ttttt

584 4239 676 4294 illo
714 4239 782 4293 de
822 4239 943 4295 aliis
989 4236 1152 4290 rebus
1202 4238 1602 4290 controversias
1639 4238 1933 4298 habuisset,
1968 4241 2160 4292 ambos

585 4317 766 4363 tamen
797 4308 940 4362 illico
972 4323 1156 4376 pacem
1187 4308 1329 4360 inter
1353 4322 1411 4362 se
1454 4306 1668 4370 fecisse,
1701 4323 1763 4360 ac
1789 4307 1856 4361 de
1886 4307 2025 4361 festo
2059 4309 2159 4362 Pa-

583 4383 730 4434 solun
784 4379 1025 4434 noluisse
1058 4378 1200 4430 inter
1235 4391 1298 4447 se
1343 4379 1696 4431 contendere.
1730 4377 1848 4430 Non
1900 4380 2062 4447 igitur
2087 4383 2158 4434 ob

582 4450 933 4518 quaestionem
971 4449 1036 4501 de
1066 4449 1202 4502 testo
1229 4446 1472 4510 Paschae,
1498 4449 1592 4502 sed
1631 4447 1709 4518 ob
1729 4450 1866 4500 alias
1893 4446 2156 4517 quasdam

581 4517 983 4573 controversias
1031 4518 1548 4588 Roinaiii_veuerat
1623 4517 1968 4588 Polycarpus.
2029 4521 2157 4574 Scio

583 4588 971 4657 Hieronymum
1004 4589 1056 4640 in
1089 4587 1222 4641 libro
1265 4586 1339 4642 De
1365 4589 1546 4655 script.
1591 4586 1746 4649 eccli,
1785 4588 2001 4642 Baronii
2031 4608 2153 4644 seu-

583 4660 807 4730 tgntiatn
858 4660 1208 4730 conﬁrmare.
1255 4657 1347 4711 Sic
1403 4659 1546 4711 enim
1588 4659 1664 4730 a_it
1699 4660 1764 4730 de
1817 4659 2152 4730 l’olycarpo:

586 4727 690 4782 Hic
717 4740 938 4799 promer,
969 4727 1226 4799 quasdam
1257 4743 1416 4799 super
1454 4729 1545 4799 die
1598 4727 1814 4782 Pascha:
1842 4727 2156 4797 quastione:

583 4801 678 4853 sub
711 4795 836 4866 imp.
869 4795 1136 4852 Antonino
1170 4797 1292 4859 Pio,
1322 4795 1628 4853 Ecclesium
1682 4795 1884 4866 regente
1917 4801 2155 4866 Anicato,

585 4867 808 4922 Romam
834 4871 989 4924 venit.
1032 4868 1106 4920 lta
1142 4869 1303 4920 etiam
1341 4868 1607 4922 Eusebius
1637 4879 1824 4922 noster
1861 4870 1911 4921 in
1945 4871 2041 4924 lib.
2079 4886 2152 4934 tv,

585 4953 704 5006 cap.
742 4939 796 4991 ι.
843 4939 951 4993 Sed
1000 4953 1120 4989 cum
1158 4937 1520 5008 Hieronymus
1555 4940 1606 4992 id
1642 4954 1707 4992 ex
1751 4939 1979 4993 Eusebio
2003 4957 2153 4994 suin-

582 5009 793 5076 pserit,
835 5007 1098 5079 Eusebius
1151 5007 1449 5079 autemest
1499 5007 1720 5072 Irenaeo,
1776 5010 2152 5079 inquirendum

581 5089 664 5133 est
704 5091 732 5130 a
765 5078 948 5136 nobis,
973 5093 1082 5151 non
1117 5077 1247 5151 quid
1275 5079 1538 5151 Eusebius
1564 5079 1764 5132 dixerit
1796 5077 1867 5134 ac
1891 5079 2156 5151 Hierony-

579 5162 722 5211 mus,
753 5151 847 5203 sed
875 5149 1053 5214 potius
1092 5150 1220 5216 quid
1259 5149 1490 5203 senserit
1520 5149 1772 5204 lrenaeus.

650 5219 762 5290 (89)
801 5217 1230 5290 Παρεχάῳησεν
1280 5222 1313 5272 ό
1376 5219 1676 5287 Ἀνίκητος
1738 5219 1854 5288 τὴν
1880 5221 2153 5290 ίΕῠχαρι-

579 5288 781 5343 στίαν.
811 5288 966 5342 lluuc
1013 5293 1271 5344 honorem
1301 5293 1560 5344 Anicetus
1605 5293 1841 5357 pontifex
1877 5288 2154 5344 Romanus

580 5358 772 5431 habuit
803 5360 1098 5414 venerabili
1131 5362 1246 5414 seni
1272 5360 1590 5431 Polycarpo,
1632 5372 1687 5412 ut
1711 5361 1860 5413 illum
1891 5365 1942 5413 in
1967 5361 2154 5414 Eccle-

578 5429 659 5482 sia
701 5445 854 5483 sacra
906 5431 1086 5484 facere
1126 5434 1348 5490 sineret,
1375 5429 1426 5484 et
1493 5431 1709 5499 quidem
1759 5441 2025 5500 prmsente
2067 5446 2149 5496 se,

579 5501 723 5564 quod
756 5501 811 5554 in
835 5501 1028 5568 primis
1074 5503 1369 5554 notandum
1397 5510 1500 5553 est.
1548 5503 1637 5555 Sic
1681 5500 1868 5555 ιτυιιινί
1897 5505 2061 5554 verba
2097 5513 2152 5554 et

581 5568 813 5640 ltulinus
838 5579 892 5624 et
915 5571 1094 5624 cst-teri
1117 5572 1443 5639 interpretes
1472 5582 1814 5640 acceperunt.
1841 5572 1945 5626 Sed
1979 5570 2150 5625 Fran-

580 5642 756 5693 eiscos
776 5639 1023 5706 Floreus,
1042 5652 1354 5695 autecessor
1384 5639 1811 5704 Aurelianensis,
1829 5645 1908 5696 vir
1936 5646 2148 5707 doctus,

580 5718 630 5756 et
659 5710 816 5763 nobis
849 5711 974 5762 dum
1006 5712 1141 5765 vixit
1165 5711 1529 5765 amicissimus
1550 5751 1564 5773 .
1607 5713 1720 5767 haec
1755 5713 1938 5767 lremei
1980 5718 2148 5766 verba

577 5776 740 5832 aliter
764 5779 1101 5849 intelligenda
1133 5796 1252 5838 esse
1297 5784 1571 5839 contendit
1601 5783 1652 5840 iii
1701 5793 1934 5840 tractatu
1965 5787 2031 5838 ad
2078 5785 2147 5838 ti~

2266 3294 2488 3348 πλεῖστα
2520 3294 2870 3366 διειληφότες,
2914 3298 3056 3351 κατὰ
3082 3299 3142 3351 τὸ
3172 3299 3321 3364 τέλος
3365 3302 3463 3372 τῆς
3492 3303 3713 3374 γραφῆς
3742 3304 3840 3356 αὖ·

2264 3384 2374 3445 τοῖς
2403 3384 2641 3453 ῥήμασιν
2672 3385 2978 3454 ἐπιλέγουσι
3022 3386 3191 3441 ταῦτα
3213 3404 3226 3418 ·
3268 3408 3284 3439 ι
3328 3390 3439 3460 Τῆς
3469 3390 3513 3443 δ’
3555 3393 3842 3464 ἐπιστολῆς

2265 3474 2422 3544 ἡμῶν
2450 3475 2744 3547 πειράθητε
2779 3478 2919 3531 κατὰ
2954 3481 3134 3532 πᾶσαν
3179 3481 3506 3553 Ἐκκλησίαν
3533 3484 3843 3554 ἀντίγραφα

2264 3565 2690 3638 διαπέμψασθαι,
2745 3571 2891 3634 ὅπως
2947 3573 3020 3643 μὴ
3075 3573 3246 3644 ἔνοχοι
3290 3568 3439 3645 ὦμεν
3483 3579 3596 3636 τοῖς
3646 3577 3844 3647 ῥᾳδίως

2268 3656 2542 3712 πλανώσιν
2581 3660 2790 3714 ἑαυτῶν
2823 3662 2920 3726 τὰς
2958 3664 3156 3735 ψυχάς.
3190 3666 3468 3738 Δηλοῦμεν
3509 3669 3564 3721 δὲ
3606 3670 3733 3738 ὑμῖν
3761 3671 3842 3724 ὅτι

2266 3755 2331 3822 τῇ
2366 3751 2500 3821 αὐτῇ
2535 3753 2715 3824 ήμέρᾳ
2752 3756 2844 3806 καὶ
2885 3757 2943 3807 ἐν
2990 3757 3358 3830 Ἀλεξανδρείᾳ
3405 3759 3650 3828 ἄγουσιν,
3698 3756 3841 3835 ᾗπερ

2268 3842 2361 3896 καὶ
2390 3844 2568 3915 ἡμεῖς.
2602 3845 2737 3916 Παρ’
2792 3846 2946 3916 ήμῶν
2976 3847 3086 3919 γὰρ
3116 3848 3184 3901 τὰ
3221 3851 3523 3922 γράμματα
3551 3851 3660 3920 (90)
3688 3853 3843 3924 κομί-

2267 4029 2434 4082 tulum
2467 4028 2498 4081 7
2530 4027 2889 4084 Decretalium
2925 4031 2999 4084 De
3036 4032 3384 4084 translatione
3427 4033 3674 4098 episcopi.
3715 4031 3840 4085 Vult

2263 4100 2406 4152 enim
2457 4100 2742 4152 Anicetum
2791 4102 3100 4168 porrexisse
3144 4104 3405 4155 duntaxat
3441 4102 3836 4157 Eucliaristiam

2263 4169 2584 4238 Polycarpo,
2621 4184 2726 4222 non
2791 4181 2970 4222 autem
3035 4172 3370 4226 concessisse
3411 4171 3484 4224 illi
3527 4169 3618 4238 jus
3682 4186 3836 4226 sacra

2263 4237 2519 4310 mysteria
2556 4237 2884 4293 celebrandi.
2919 4241 3114 4294 Verum
3168 4243 3212 4296 si
3269 4244 3408 4295 hunc
3445 4241 3630 4295 Ireumi
3661 4242 3835 4295 locum

2261 4309 2334 4362 ita
2370 4309 2742 4382 intelligimus,
2772 4311 2901 4382 quid
2937 4311 3164 4365 honoris
3202 4313 3462 4364 tributum
3488 4310 3650 4382 fuerit
3675 4311 3836 4382 Poly-

2260 4394 2424 4447 carpo
2449 4382 2515 4433 ab
2541 4381 2768 4432 Aniceto
2790 4382 2814 4434 7
2838 4379 2947 4433 Hoc
2975 4384 3120 4434 enim
3170 4385 3370 4434 diserte
3406 4390 3556 4434 notat
3583 4379 3833 4445 Irenzeus,

2265 4461 2377 4523 tum
2417 4450 2508 4502 illo
2543 4449 2709 4523 verbo
2739 4448 3123 4523 παρεχώρησε,
3152 4454 3293 4522 quod
3322 4455 3389 4504 de
3430 4465 3526 4505 suo
3552 4450 3674 4517 jure
3704 4467 3838 4523 Acon-

2262 4521 2456 4572 cedere
2523 4521 2846 4585 signiﬁcat;
2896 4521 3006 4573 tum
3057 4523 3160 4576 illis
3222 4524 3404 4576 verbis
3466 4536 3588 4589 quae
3647 4521 3834 4585 addit,

2259 4590 2380 4643 κατ’
2407 4590 2674 4660 ἐντροπὴν
2705 4589 2968 4658 δηλονότι,
3005 4591 3058 4645 Id
3084 4603 3185 4657 est,
3211 4594 3425 4644 honoris
3444 4607 3604 4644 causa
3637 4601 3684 4645 et
3713 4608 3837 4645 con-

2260 4662 2625 4728 templatione,
2660 4671 2717 4713 ut
2750 4665 2912 4715 vertit
2970 4661 3217 4715 Ruﬁnus.
3280 4663 3440 4714 Certe
3490 4662 3534 4714 si
3577 4660 3838 4716 Euchari-

2258 4731 2416 4802 stiam
2460 4740 2664 4802 tantum
2715 4729 3010 4800 Polycarpo
3049 4733 3383 4802 perrexisset
3403 4732 3681 4794 Anicetus,
3718 4733 3836 4784 nul-

2260 4801 2365 4853 luin
2389 4803 2437 4854 ei
2471 4800 2794 4868 pralcipuutn
2815 4800 3071 4856 honorem
3096 4804 3399 4865 detulisset,
3431 4816 3549 4855 cum
3574 4803 3823 4855 omnibus

2258 4871 2558 4939 peregrinis
2613 4873 2882 4939 episcopis
2941 4874 2992 4926 id
3056 4873 3256 4942 passim
3301 4873 3464 4924 tribui
3512 4870 3731 4934 soleret,
3776 4884 3829 4924 ut

2257 4956 2377 4993 cum
2423 4942 2679 5009 episcopo
2743 4942 2985 4996 civitatis
3058 4940 3254 4992 ‘siinul
3324 4943 3831 5003 otntmunicareul.

2256 5014 2720 5082 quemadmodum
2752 5013 2941 5065 scribit
2980 5013 3093 5082 ipse
3120 5011 3346 5065 Florens
3387 5012 3608 5065 ibidem.
3640 5013 3746 5065 Sed
3779 5023 3833 5065 et

2259 5081 2310 5132 in
2341 5081 2575 5134 concilio
2600 5081 2930 5145 Arelatensi,
2963 5081 3143 5152 capite
3188 5083 3276 5147 '50,
3312 5083 3592 5135 decretum
3634 5092 3745 5148 est,
3777 5091 3834 5135 ut

2255 5152 2541 5219 peregrino
2567 5153 2822 5218 episcopo
2850 5153 2998 5206 locus
3025 5153 3367 5206 sacrilicaudi
3405 5154 3584 5206 detur.

2327 5221 2440 5291 (90}
2480 5219 2634 5290 Vulg.
2663 5221 2983 5290 παρ’ῆμῶν
2999 5221 3066 5275 δὲ
3097 5222 3168 5275 τὰ
3199 5222 3524 5291 mappam.
3551 5220 3640 5274 Sic
3658 5235 3723 5274 ex
3742 5235 3832 5274 co-

2255 5291 2373 5345 dice
2404 5289 2751 5359 Regioedidit
2777 5289 2914 5347 “ob.
2941 5289 3269 5356 Stephanus.
3297 5289 3556 5345 lticodice
3579 5291 3832 5344 Medicam

2256 5361 2489 5433 legitur,
2521 5363 2652 5431 παρ’
2679 5361 2835 5433 ἡμῶν
2887 5379 2947 5415 τε
2997 5363 3068 5416 τά
3112 5363 3438 5433 γράμματα.
3494 5361 3832 5433 Nicephorus

2255 5429 2382 5503 vero
2411 5431 2464 5484 in
2524 5429 2643 5501 cap.
2667 5429 2738 5487 56
2798 5433 2918 5486 libri
2965 5448 3018 5487 tv
3059 5429 3238 5503 habet,
3269 5429 3398 5503 παρ’
3429 5429 3585 5503 ήμῷν
3615 5431 3733 5503 γὰρ-
3762 5430 3829 5485 τὰ

2253 5501 2576 5573 γράμματα,
2597 5500 2775 5573 atque
2800 5505 2879 5556 ‘ita
2908 5505 3081 5558 codex
3109 5500 3596 5564 .\lazariuhs,l"uk.
3627 5513 3679 5554 et
3699 5500 3826 5573 Sav.

2255 5571 2628 5639 Intettiguntur
2656 5571 2833 5628 autem
2865 5575 2951 5629 hic
2989 5574 3183 5627 litterae
3218 5574 3689 5641 Paseliales,quas
3711 5571 3831 5640 ἐορ-

2251 5644 2512 5708 ταστικάς
2539 5647 2826 5698 vocabaut.
2853 5648 3118 5697 (ia-terunt
3153 5645 3268 5712 ejus
3294 5643 3485 5714 synodi
3525 5642 3827 5714 Caesarien-

2252 5715 2326 5766 sis
2373 5726 2494 5768 acta
2539 5716 2784 5782 quadam
2815 5724 3030 5767 exstant
3073 5710 3212 5782 apud
3263 5710 3458 5766 Bedam
3488 5714 3539 5765 in
3575 5712 3714 5764 libre
3754 5710 3829 5763 De

2255 5784 2454 5840 ται-νισιίὶ
2487 5787 2824 5854 aqninocttc;
2856 5799 2976 5854 qua:
3010 5784 3137 5840 licet
3177 5801 3204 5838 a
3245 5784 3514 5839 nonnullis
3546 5783 3825 5852 illegitiiua
