4198 6408
327 337 430 391 515

1348 323 1692 382 HISTORIA)
1731 322 2290 378 ECCLESIASTICXE
2331 323 2460 379 LIB.
2505 322 2571 378 V.

3477 329 3582 383 5H

325 452 426 522 χῆς
463 450 568 504 ὑπὸ
594 448 799 504 πιστῶν
833 448 1126 520 γραφεῖσαι
1155 445 1288 515 (99),
1322 446 1414 500 τὸν
1450 446 1622 513 Λόγον
1640 446 1734 498 τοῦ
1769 444 1900 498 Θεοῦ

2010 446 2132 514 quis
2163 456 2245 499 est
2275 448 2367 514 qui
2392 445 2605 516 ignoret
2634 484 2650 510 ,
2683 444 2738 500 in
2766 447 2966 515 quibus
2994 445 3271 502 Christum
3308 449 3475 505 Deum
3506 454 3583 507 si-

321 543 414 595 τὸν
458 540 691 609 Χριστὸν
730 538 958 611 ὑμνοῦσι
999 536 1392 606 θεολογυῦντες.
1435 538 1561 601 Πῶς
1590 533 1682 590 οὖν
1721 539 1785 589 ὲκ
1817 554 1904 589 το-

326 633 534 687 σούτων
578 634 715 685 ὲτων
756 629 1259 701 καταγγελλομένου
1300 630 1394 683 τοῦ
1442 627 1899 700 ὲκκλησιαστικοῦ

324 725 689 796 φρονήματος,
743 722 1012 793 ἐνδέχεται
1051 722 1180 785 τοὺς
1228 722 1391 793 μέχρι
1442 722 1698 792 Βίκτορος
1729 720 1901 784 οὕτως

327 813 403 876 ὼς
430 808 573 867 οὗτοι
603 812 843 880 λέγουσι,
873 810 1270 882 κεκηρυχέναι;
1298 811 1414 874 πῶς
1431 811 1491 864 δὲ
1510 811 1611 864 οὐκ
1629 810 1900 864 αἰδοῦνται

327 897 503 956 ταῦτα
534 900 790 971 Βίκτορος
811 897 1262 968 καταψεύδεσθαι,
1295 895 1539 968 ἀκριϐῶς
1560 897 1781 960 εἰδότες,
1818 897 1899 949 ὂτι

328 992 545 1065 Βίκτωρ
569 990 661 1046 τὸν
687 991 889 1044 σκυτέα
910 988 1288 1053 Θεόδοτον,τὸν
1303 988 1542 1060 ἀρχηγὸν
1568 989 1662 1042 καὶ
1688 987 1900 1059 πατέρα

329 1084 536 1156 ταύτης
571 1085 670 1155 τῆς
697 1083 1019 1155 ἀρνησιθέου
1051 1083 1406 1146 ἁποστασίας,
1447 1080 1762 1153 ἀπεκήρυξε
1800 1082 1900 1152 τῆς

330 1175 633 1240 κοινωνίας,
662 1174 876 1245 πρῶτον
908 1173 1130 1227 εἰπόντα
1154 1171 1307 1243 ψιλὸν
1330 1172 1614 1243 ἄνθρωπον
1640 1172 1732 1225 τὸν
1764 1173 1901 1243 Χρι-

329 1266 486 1332 στὸν;
522 1266 586 1319 El
617 1264 726 1336 γὰρ
760 1263 973 1335 Βίκτωρ
1006 1265 1125 1317 κατ’
1157 1262 1354 1326 αὐτοὺς
1384 1261 1556 1326 οὕτως
1583 1262 1798 1334 ἐφρόνει
1823 1263 1899 1326 ὡς

324 1361 357 1428 ἡ
382 1357 587 1411 τούτων
609 1357 847 1411 διδάσκει
875 1354 1211 1427 βλασφημία,
1241 1353 1359 1416 πῶς
1384 1353 1451 1408 ἂν
1471 1353 1739 1408 ἀπέϐαλλε
1761 1355 1899 1426 (99⁸)

325 1449 579 1503 Θεόδοτον
620 1448 711 1501 τὸν
745 1448 846 1517 τῆς
881 1446 1144 1518 αἱρέσεως
1181 1444 1385 1517 ταύτης
1424 1445 1680 1517 εὑρετήν;
1733 1465 1752 1498 ι
1790 1448 1900 1500 Καὶ

324 1544 394 1597 τὰ
439 1541 537 1613 μὲν
572 1539 713 1594 κατά
749 1540 841 1593 τὸν
879 1538 1113 1609 Βίκτορα
1141 1536 1387 1593 τοιαῦτα.
1429 1538 1634 1591 Τούτου
1660 1539 1717 1592 δὲ
1752 1537 1898 1592 ἔτεσι

324 1632 457 1686 δέκα
484 1630 815 1703 προστάντος
840 1630 941 1701 τῆς
986 1628 1346 1700 λειτουργίας,
1380 1628 1624 1701 διάδοχος
1651 1629 1899 1684 καθίστα-

322 1740 412 1778 ται
450 1725 762 1796 Ζεφυρῖνος,
799 1723 943 1793 ἀμφὶ
970 1720 1031 1773 τὸ
1060 1720 1277 1773 ἔννατον
1314 1721 1415 1792 τῆς
1457 1721 1699 1792 Σεϐήρου
1747 1721 1901 1792 βασι-

2008 535 2121 589 mul
2166 545 2328 604 atque
2376 536 2649 590 hominem
2685 537 3095 606 praedicarunt?
3128 536 3331 593 Psalmi
3363 555 3580 611 quoque

2006 640 2061 682 et
2087 629 2299 683 cantica
2327 626 2558 681 fratrum
2603 628 2717 697 jam
2748 629 2956 697 pridem
2985 643 3014 682 a
3059 629 3310 685 fidelibus
3339 633 3582 686 conscri-

2005 728 2098 788 pta
2124 758 2140 785 ,
2172 718 2450 773 Christum
2483 717 2713 774 Verbum
2747 718 2840 773 Dei
2865 717 3271 789 concelebrant,
3323 720 3581 776 divinita~

2005 821 2114 866 tem
2147 812 2195 866 ei
2229 811 2538 865 tribuendo.
2571 809 2704 865 Cum
2733 809 2900 879 igitur
2944 818 3024 864 tot
3058 811 3257 866 abhinc
3281 812 3441 866 annis
3484 828 3579 868 ec-

2002 900 2306 957 clesiastica
2333 901 2579 957 doctrina
2618 899 2914 969 praedicata
2935 900 3026 965 sit,
3050 902 3144 971 qui
3175 901 3291 956 fieri
3322 912 3499 972 potest
3520 913 3581 959 ut

2002 1007 2190 1048 omnes
2234 1008 2408 1063 usque
2456 992 2524 1047 ad
2559 992 2799 1047 Victoris
2831 1000 3073 1061 tempora
3125 1008 3245 1048 eam
3295 1010 3458 1065 quam
3488 996 3577 1051 isti

2002 1085 2188 1140 dicunt
2235 1084 2542 1140 doctrinam
2577 1081 3109 1154 promulgaverint?
3152 1086 3434 1152 Quomodo
3482 1103 3578 1143 eos

2003 1192 2109 1231 non
2135 1176 2303 1246 pudet
2332 1174 2634 1245 hujusmodi
2662 1173 2991 1229 calumniam
3022 1177 3284 1233 adversus
3302 1179 3575 1235 Victorem

2001 1268 2334 1323 concinnare
2362 1307 2376 1332 ,
2410 1282 2536 1323 cum
2582 1277 2735 1322 certo
2778 1268 2955 1323 sciant
3001 1266 3341 1324 Theodotum
3383 1270 3576 1327 Coria-

2002 1360 2166 1424 rium,
2198 1359 2288 1429 qui
2319 1357 2638 1415 defectionis
2666 1357 2815 1414 illius
2839 1360 3008 1414 Deum
3031 1361 3352 1430 abnegantis
3375 1377 3579 1430 parens

2000 1459 2056 1505 et
2081 1459 2270 1506 auctor
2301 1450 2424 1515 fuit,
2458 1451 2774 1521 primusque
2796 1451 3075 1506 Christum
3100 1452 3303 1506 nudum
3330 1467 3449 1509 esse
3474 1454 3575 1507 hou

2001 1536 2199 1590 minem
2234 1537 2512 1603 asseruit,
2549 1552 2646 1606 per
2686 1537 2957 1594 Victorem
2993 1554 3019 1592 a
3052 1540 3430 1595 communione
3459 1541 3565 1597 Ec-

2000 1624 2180 1681 clesia
2212 1623 2443 1693 ejectum
2500 1625 2690 1682 fuisse.
2741 1626 2872 1680 Nam
2923 1626 3013 1690 si,
3046 1637 3108 1681 ut
3143 1628 3339 1696 aiunt,
3387 1628 3578 1687 Victor

1999 1716 2190 1771 eadem
2224 1716 2495 1773 sentiebat
2540 1732 2659 1787 qua:
2696 1717 2911 1774 illorum
2961 1720 3118 1775 docet
3154 1720 3406 1791 impietas
3430 1762 3446 1787 ,
3478 1738 3579 1778 cur

323 1814 471 1878 λείας
669 1788 1000 1886 Προστίθησι
1029 1809 1087 1863 δὲ
1132 1812 1161 1863 ὁ
1189 1810 1251 1863 τὸ
1282 1788 1677 1884 προειρημένον
1701 1788 1897 1865 συντά-

2005 1805 2339 1862 Theodotum
2370 1807 2642 1878 opinionis
2695 1808 2840 1865 illius
2880 1818 3159 1866 auctorem
3212 1788 3280 1867 ab
3333 1810 3576 1868 Ecclesia

326 1904 421 1970 ξας
454 1905 580 1976 περὶ
616 1904 711 1958 τοῦ
745 1903 1110 1976 κατάρξαντος
1150 1903 1249 1972 τῆς
1283 1902 1613 1974 δηλωθείσης
1636 1903 1899 1975 αἱρέσεως

328 1997 549 2067 βιϐλίον,
573 1997 667 2051 καὶ
690 1996 857 2068 ἄλλην
874 1994 1016 2049 κατὰ
1039 1996 1333 2066 Ζεφυρῖνον
1358 1996 1653 2066 γενομένην
1677 1997 1895 2067 πρᾶξιν,

325 2084 428 2143 ὧδέ
454 2107 573 2154 πως
605 2090 788 2149 αὐτοῖς
815 2090 1019 2159 ῥήμασι
1040 2090 1299 2161 γράφων·
1348 2107 1367 2139 ι
1409 2087 1741 2159 ’Υπομνήσω
1767 2088 1898 2157 γοῦν

326 2181 550 2246 πολλοὺς
573 2180 682 2234 τῶν
710 2179 949 2250 ἀδελφῶν
978 2183 1209 2254 πρᾶγμα
1233 2181 1317 2250 ἐφ’
1350 2179 1506 2251 ἡμῶν
1530 2180 1837 2250 γενόμενον,
1869 2179 1899 2233 ὃ

325 2271 528 2343 νομίζω
557 2272 639 2325 ὃτι
670 2272 718 2324 εί
743 2271 801 2323 έν
838 2270 1092 2342 Σοδόμοις
1122 2269 1385 2340 ἐγεγόνει,
1415 2268 1577 2341 τυχὸν
1616 2268 1681 2322 ἂν
1713 2269 1899 2323 κάκεί-

325 2381 445 2427 νους
473 2362 811 2433 ἐνουθέτησε.
852 2363 1122 2427 Νατάλιος
1147 2358 1217 2433 ἦν
1247 2379 1333 2425 τις
1356 2359 1433 2432 (1)
1471 2359 1809 2431 ὁμολογητὴς
1834 2360 1895 2413 οὐ

324 2454 508 2518 πάλαι,
561 2453 675 2507 ἀλλ’
715 2454 809 2506 ὲπὶ
850 2453 960 2507 τῶν
1001 2453 1284 2525 ἡμετέρων
1331 2453 1619 2523 γενόμενος
1667 2452 1892 2525 καιρῶν.

325 2540 488 2608 Οὗτος
526 2544 780 2616 ἠπατήθη
814 2544 945 2597 ποτὲ
977 2544 1083 2598 ὑπὸ
1120 2544 1564 2614 Ἀσκληπιοδότου
1592 2544 1687 2597 καὶ
1709 2546 1894 2617 ἐτέρου

323 2635 579 2689 Θεοδότου
633 2635 777 2698 τινὸς
812 2633 1160 2705 τραπεζίτου.
1208 2631 1387 2690 Ἦσαν
1428 2635 1487 2690 δὲ
1533 2629 1679 2690 οὗτοι
1729 2636 1895 2709 ἄμφω

323 2725 575 2779 Θεοδότου
598 2724 692 2779 τοῦ
717 2725 959 2790 σκυτέως
986 2726 1243 2797 μαθηταὶ,
1265 2726 1359 2781 τοῦ
1380 2725 1595 2798 πρώτου
1616 2728 1710 2782 ἐπὶ
1724 2727 1897 2802 ταύτῃ

324 2818 391 2887 τῇ
425 2816 703 2887 φρονήσει,
736 2815 932 2887 μᾶλλον
962 2816 1019 2869 δὲ
1043 2815 1344 2892 ἀφροσύνῃ,
1379 2817 1764 2890 ἀφορισθέντος
1791 2819 1895 2891 τῆς

324 2907 608 2971 κοινωνίας
652 2906 757 2960 ὑπὸ
784 2906 1060 2979 Βίκτορος,
1105 2907 1182 2972 ὡς
1212 2908 1368 2978 ἔφην,
1406 2907 1501 2961 τοῦ
1532 2909 1652 2963 τότε
1678 2910 1896 2965 ἐπισκό-

324 3016 447 3052 που.
489 2998 804 3069 Ἀνεπείσθη
838 2998 895 3053 δὲ
917 3000 947 3053 ό
972 2998 1236 3063 Νατάλιος
1270 2999 1359 3052 ὑπ’
1391 2998 1569 3055 αὐτῶν
1612 3000 1705 3055 ἐπὶ
1737 3000 1896 3056 σαλα-

328 3091 428 3164 ρίῳ
469 3093 764 3156 ἐπίσκοπος
805 3090 1068 3163 κληθῆναι
1109 3091 1187 3163 (2)
1224 3090 1427 3163 ταύτης
1467 3092 1568 3163 τῆς
1610 3093 1890 3162 αἱρέσεως,

2004 1898 2280 1951 removit?
2314 1916 2333 1950 ι
2360 1897 2441 1953 Ac
2471 1898 2539 1953 de
2562 1896 2784 1955 Victore
2814 1900 3031 1969 quidem
3060 1899 3144 1970 _ita
3174 1916 3233 1957 se
3268 1916 3356 1956 res
3389 1903 3575 1960 habet.

2004 1987 2104 2053 Qui
2138 2004 2260 2044 cum
2291 1991 2477 2045 decem
2515 1991 2675 2046 annis
2730 1992 3091 2047 sacerdOtium
3124 1993 3574 2060 administrasset,

2003 2080 2344 2152 Zephyrinns
2374 2081 2422 2137 ei
2454 2095 2744 2137 successor
2769 2082 3099 2139 substitutus
3130 2092 3235 2150 est,
3261 2098 3405 2139 anno
3425 2086 3579 2155 prin-

2004 2172 2213 2241 cipatus
2263 2172 2451 2227 Severi
2483 2172 2701 2228 circiter
2744 2187 2909 2229 nono.
2942 2172 3115 2230 Porro
3158 2174 3301 2230 idem
3348 2175 3440 2232 ille
3481 2175 3575 2247 qui

2004 2264 2376 2334 supradictum
2416 2263 2614 2319 librum
2649 2262 2718 2318 de
2752 2264 2976 2320 hairesis
3011 2264 3159 2321 illius
3186 2275 3411 2323 auctore
3430 2281 3578 2323 com-

2004 2356 2221 2427 posuit,
2267 2356 2429 2411 aliam
2462 2370 2680 2427 quoque
2730 2371 2847 2412 rem
2899 2356 3197 2428 Zephyrini
3245 2359 3576 2429 temporibus

2003 2456 2210 2518 gestam
2234 2445 2478 2517 adjungit
2508 2446 2596 2502 his
2627 2445 2812 2502 verbis
2838 2463 2853 2500 :
2892 2464 2913 2498 ι
2958 2445 3215 2515 Facinus,
3247 2448 3440 2518 inquit,
3474 2464 3575 2505 no-

2002 2550 2115 2596 stra
2143 2547 2305 2596 aetate
2334 2547 2547 2609 gestum
2575 2577 2593 2604 ,
2644 2537 2829 2594 multis
2877 2536 3111 2593 fratrum
3157 2547 3469 2596 nostrorum
3516 2542 3572 2596 in

2004 2630 2325 2688 memoriam
2359 2630 2647 2687 revocabo.
2685 2629 2839 2698 Quod
2865 2629 3086 2700 quidem
3121 2630 3170 2686 si
3200 2630 3454 2688 Sodomis
3475 2632 3574 2687 ad-

2002 2726 2227 2781 missum
2253 2723 2448 2780 fuisset
2470 2763 2485 2790 ,
2518 2724 2684 2794 ipsos,
2730 2732 2790 2778 ut
2819 2723 3080 2790 arbitror,
3120 2722 3328 2780 incolas
3353 2724 3421 2780 ad
3452 2736 3573 2793 pm-

2003 2817 2284 2874 nitentiam
2313 2830 2611 2886 provocare
2640 2816 2924 2886 potuisset.
2954 2817 3089 2871 Erat
3116 2818 3339 2888 quidam
3362 2815 3574 2873 Natalis

2003 2895 2576 2971 nominefconfessor,
2603 2906 2695 2975 qui
2729 2920 2834 2960 non
2876 2907 2949 2961 ita
2981 2907 3191 2978 pridem
3219 2946 3237 2973 ,
3259 2908 3354 2963 sed
3383 2916 3572 2964 nostra

2000 3008 2158 3056 aetate
2183 3000 2334 3054 vixit.
2376 2998 2477 3054 Hic
2521 2997 2660 3054 forte
2709 2999 2763 3053 in
2812 2997 3056 3054 fraudem
3090 2998 3340 3054 inductus
3387 3007 3473 3053 est
3497 2997 3568 3052 ab

2003 3091 2382 3161 Asclepiodoto
2413 3098 2469 3146 et
2510 3090 2680 3145 altero
2723 3090 2955 3159 quodam
2993 3089 3276 3145 Theodoto
3318 3099 3570 3160 argenta-

325 3186 465 3241 ὥστε
490 3185 787 3257 λαμϐάνειν
827 3185 957 3257 παρ’
986 3184 1164 3240 αὐτῶν
1197 3187 1419 3256 μηνιαῖα
1445 3184 1675 3256 δηνάρια
1703 3184 1895 3242 ἑκατὸν

2000 3184 2100 3238 rio.
2133 3182 2304 3238 Ambo
2344 3190 2522 3236 autem
2551 3181 2639 3236 isti
2673 3178 2923 3249 discipuli
2947 3186 3107 3235 erant
3136 3177 3400 3234 Theodoti
3428 3174 3574 3231 illius

324 3277 679 3348 πεντήκοντα.
710 3274 1004 3344 Γενόμενος
1032 3270 1125 3328 οὖν
1150 3277 1247 3328 σὺν
1275 3276 1480 3339 αὐτοῖς,
1505 3274 1572 3327 δι’
1606 3278 1897 3347 ὁραμάτων

326 3368 586 3431 πολλάκις
630 3366 963 3420 ὲνουθετεϊτο
1004 3366 1110 3420 ὑπὸ
1145 3364 1241 3419 τοῦ
1275 3366 1502 3435 Κυρίου.
1559 3367 1617 3420 '0
1657 3367 1766 3440 γὰρ
1803 3366 1896 3420 εὖ·

328 3456 631 3527 σπλαγχνος
675 3455 809 3518 Θεὸς
836 3456 931 3508 καὶ
956 3452 1159 3525 Κύριος
1199 3453 1356 3525 ἡμῶν
1394 3452 1600 3526 Ἰησοῦς
1638 3453 1894 3526 Χριστὸς,

324 3550 425 3602 οὐκ
457 3547 709 3601 ἐϐούλετο
753 3546 858 3612 ἔξω
899 3545 1222 3615 Ἐκκλησίας
1261 3545 1570 3616 γενόμενον,
1601 3545 1895 3600 ἀπολέσθαι

329 3639 584 3710 μάρτυρα
624 3638 733 3691 τῶν
779 3637 924 3690 ίδίων
973 3636 1179 3691 παθῶν.
1234 3637 1386 3690 Ἐπεὶ
1424 3636 1480 3690 δὲ
1529 3637 1896 3709 ῥᾳθυμότερον

328 3735 441 3795 τοῖς
487 3730 726 3803 δράμασι
779 3732 1059 3801 προσεῖχε,
1102 3726 1488 3799 δελεαζόμενος
1533 3732 1599 3800 τῇ
1652 3746 1710 3782 τε
1765 3730 1894 3803 παρ’

328 3825 508 3886 αὐτοῖς
536 3821 1001 3894 πρωτοκαθεδρίᾳ,
1035 3822 1130 3875 καὶ
1153 3824 1219 3892 τῇ
1252 3820 1534 3885 πλείστους
1556 3821 1895 3893 ἀπολλυούσῃ

325 3914 759 3987 αἰσχροκερδείᾳ,
798 3913 1104 3968 τελευταῖον
1149 3914 1254 3967 ὑπὸ
1285 3915 1456 3985 ἀγίων
1483 3914 1728 3984 ἀγγέλων
1762 3917 1895 3986 ἐμα-

324 4004 586 4076 στιγώθη,
628 4005 695 4058 δι’
727 4003 855 4077 ὅλης
876 4003 980 4075 τῆς
1012 4004 1204 4068 νυκτὸς
1230 4006 1291 4058 οὐ
1331 4005 1577 4077 σμικρῶς
1606 4006 1890 4071 αἰκισθείςο

321 4098 461 4151 ὥστε
490 4097 658 4151 ἕωθεν
696 4097 1013 4168 ἀναστῆναι,
1040 4098 1134 4150 καὶ
1168 4097 1526 4168 ἐνδυσάμενον
1552 4098 1775 4163 σάκκον,
1798 4101 1893 4153 καὶ

325 4190 518 4245 σποδὸν
565 4190 1040 4261 καταπασάμενον,
1090 4188 1228 4262 μετά
1274 4189 1476 4260 πολλῆς
1517 4189 1751 4260 σπουδῆς
1800 4193 1892 4245 καὶ

319 4281 568 4355 δακρύων
603 4285 932 4354 προσπεσεῖν
968 4282 1247 4354 Ζεφυρίνῳ
1270 4282 1347 4353 τῷ
1374 4282 1675 4352 ὲπισκόπῳ,
1712 4282 1893 4336 κυλιό-

322 4392 482 4444 μενον
523 4373 628 4428 ὑπὺ
672 4375 799 4438 τοὺς
832 4374 996 4438 πόδας
1040 4376 1101 4428 οὐ
1131 4374 1289 4444 μόνον
1330 4374 1439 4427 τῶν
1464 4375 1522 4427 ὲν
1561 4373 1639 4446 τῷ
1681 4374 1887 4446 κλήρῳ,

1996 3272 2247 3336 Coriarii,
2280 3271 2371 3342 qui
2405 3272 2615 3342 primus
2642 3271 2713 3326 ob
2741 3272 2881 3325 hanc
2915 3269 3221 3325 doctrinam
3260 3283 3354 3323 seu
3391 3266 3569 3338 ponus

1996 3366 2285 3428 insaniam,
2314 3380 2345 3419 a
2377 3364 2611 3431 Victore,
2641 3374 2700 3419 ut
2729 3362 2863 3428 dixi,
2899 3371 3027 3416 tunc
3052 3360 3315 3431 temporis
3359 3359 3579 3430 episeo-

1995 3473 2087 3530 po,
2126 3458 2192 3513 ab
2221 3456 2477 3513 Ecclesiae
2510 3454 2899 3512 communione
2941 3462 3179 3509 remotus
3210 3460 3313 3508 est.
3338 3450 3402 3506 lli
3443 3440 3572 3522 per-'-

1995 3558 2287 3605 suaserunt
2317 3546 2515 3615 Natali,
2550 3555 2631 3613 ut,
2676 3554 2901 3615 accepto
2932 3543 3386 3608 salario,ha:resis
3425 3542 3569 3598 illius

1996 3641 2282 3710 episcopus
2308 3646 2609 3703 crearetur,
2640 3653 2704 3693 ea
2735 3637 2947 3694 scilicet
2969 3634 3305 3700 conditione,
3332 3642 3389 3689 ut
3414 3647 3569 3689 men-

1994 3741 2180 3788 struos
2211 3739 2427 3787 centum
2463 3729 2855 3801 quinquaginta
2901 3728 3155 3784 denarios
3186 3727 3256 3781 ab
3287 3726 3398 3783 illis
3422 3725 3569 3783 acci-

1993 3831 2169 3895 peret.
2198 3823 2451 3879 Sociatus
2482 3820 2647 3891 igitur
2674 3819 2889 3874 illorum
2914 3816 3181 3887 partibus,
3217 3829 3364 3887 saepe
3399 3830 3430 3869 a
3462 3817 3567 3870 Do-

1993 3915 2141 3970 mino
2159 3912 2560 3983 corripiehalur
2588 3911 2641 3966 in
2671 3910 2897 3968 somnis.
2913 3907 3377 3965 Clementissimus
3405 3906 3565 3979 197

1992 4006 2136 4061 enim
2171 4006 2312 4061 Deus
2340 4020 2404 4059 ac
2432 4004 2689 4059 Dominus
2717 4011 2902 4056 noster
2932 3997 3090 4055 Iesus
3120 3998 3374 4054 Christus
3392 4039 3408 4062 ,
3437 4014 3563 4053 eum

1992 4097 2084 4166 qui
2106 4097 2415 4166 passionum
2444 4107 2663 4150 suarum
2695 4091 2849 4148 testis
2871 4090 3176 4156 exstiterat,
3202 4088 3389 4173 perire!
3406 4096 3561 4143 extra

1990 4187 2287 4244 Ecclesiam
2318 4184 2555 4241 nolebat.
2591 4183 2698 4240 Sed
2720 4184 2853 4239 'cum
2876 4191 3170 4238 nocturnas
3196 4179 3462 4250 ejusmodi
3483 4179 3564 4233 vi-

1991 4283 2176 4337 siones
2196 4279 2493 4350 negligeret
2507 4276 2744 4342 Natalis,
2766 4286 2952 4346 utpote
2980 4278 3186 4331 honore
3211 4277 3400 4346 primae
3419 4274 3562 4344 apud

1992 4373 2111 4428 illos
2150 4372 2294 4428 sedis
2315 4409 2333 4437 ,
2362 4382 2420 4426 et
2458 4369 2630 4440 turpis
2662 4368 2800 4424 lucri
2849 4368 3144 4439 cupiditate
3166 4405 3182 4432 ,
3210 4382 3329 4437 qute
3376 4364 3561 4420 multis

318 4466 454 4520 ἀλλά
481 4467 577 4520 καὶ
610 4465 718 4519 τῶν
757 4466 993 4520 λαῖκῶνσ
1024 4465 1248 4537 συγχέαι
1283 4483 1345 4519 τε
1376 4468 1492 4529 τοῖς
1525 4465 1755 4536 δάκρυσι
1788 4465 1888 4535 τὴν

2000 4464 2314 4522 mortalibus
2353 4463 2519 4519 exitio
2541 4471 2663 4527 est,
2712 4461 3006 4524 inescatus,
3039 4459 3256 4513 tandem
3288 4472 3320 4512 a
3352 4456 3560 4512 sanctis

316 4556 688 4626 εῦσπλαγχνον
736 4556 1061 4626 Ἐκκλησίαν
1127 4555 1221 4610 τοῦ
1271 4556 1561 4627 ὲλεήμονος
1592 4584 1599 4593 ~
1626 4555 1883 4628 Χριστοῦ,

317 4649 483 4719 πολλῇ
508 4665 566 4701 τε
592 4651 660 4719 τῇ
685 4648 864 4716 δεήσει
883 4647 1250 4719 χρησάμενον,
1278 4646 1527 4713 δείξαντά
1546 4662 1606 4698 τε
1625 4646 1751 4708 τοὺς
1784 4644 1889 4716 μώ-

314 4741 500 4803 λωπας
543 4732 618 4793 ὧν
663 4736 869 4809 εἰλήφει
917 4736 1160 4807 πληγῶν,
1211 4737 1362 4809 μόλις
1407 4735 1816 4808 κοινωνηθῆναι.
1857 4758 1875 4789 ι

385 4922 497 4991 (99)
538 4919 772 4991 Ψααέμοι
816 4917 886 4971 δὲ
938 4917 1037 4991 καὶ
1081 4917 1226 4991 ᾠδᾳὶ
1264 4914 1559 4991 ,ἀδελφῶν
1615 4913 1894 4991 deﬂexis

312 4985 433 5050 ὑπό
476 4985 723 5045 ’πιστῶν
769 4987 1104 5057 γραφεῖσαι.
1161 4985 1516 5057 Scribendum
1555 4985 1883 5057 esthdm‘dp-

312 5064 434 5135 χῆς,
461 5070 523 5135 u_t
550 5060 752 5116 habent
773 5054 929 5135 codd.
964 5056 1127 5135 Med”
1156 5056 1315 5123 Fuk.,
1340 5056 1508 5111 Savil.
1536 5064 1591 5109 et
1614 5054 1883 5135 Nicepho-

319 5123 431 5187 Fu'é.
480 5132 650 5185 Porro
691 5143 757 5183 ex
810 5126 917 5196 his
952 5127 1135 5196 verbis
1177 5136 1401 5196 apparet
1453 5138 1661 5196 morem
1710 5123 1878 5196 fuisse

1991 4556 2202 4628 angelis
2233 4570 2329 4627 per
2358 4563 2525 4610 totam
2555 4562 2767 4608 noctem
2809 4550 2992 4622 ﬂagris
3020 4564 3192 4606 caesus
3217 4557 3274 4603 et
3303 4547 3559 4618 gravissi-

1993 4663 2080 4703 me
2104 4647 2422 4702 verberatus
2449 4651 2552 4698 est.
2584 4642 2735 4696 Adeo
2762 4650 2822 4694 ut
2856 4641 3033 4707 primo
3062 4638 3298 4694 diluculo
3327 4652 3559 4693 consur-

1990 4751 2124 4807 gens
2150 4776 2166 4803 ,
2198 4748 2418 4790 saccum
2451 4732 2724 4797 induerit,
2752 4739 2807 4786 et
2838 4730 3023 4787 cinere
3064 4743 3391 4801 conspersus
3429 4741 3557 4783 con-

2000 4928 2029 4966 a
2064 4912 2341 4970 Clemente
2400 4913 2763 4969 Alexandrino
2799 4908 3128 4979 compositus
3176 4916 3356 4965 exstat
3394 4907 3460 4965 ad
3489 4907 3556 4964 ii-

1996 4997 2120 5038 nem
2150 4984 2267 5053 ejus
2300 4983 2421 5053 libri
2459 4985 2549 5051 qui
2583 4984 2912 5053 Paedagogus
2930 4979 3284 5053 inscribitur.

2081 5047 2195 5121 99'}
2245 5047 2582 5121 Ἀπέϐαλλε.
2614 5047 2778 5108 Forte
2809 5047 3081 5121 ἀπέϐαλε,
3110 5047 3268 5121 Ebt'r.

2082 5116 2459 5195 1)7Νατά.τιιος
2478 5119 2558 5194 ἦν
2586 5140 2701 5189 τις.
2741 5121 2938 5195 Nescio
2968 5136 3034 5195 an
3067 5120 3158 5195 hic
3187 5116 3550 5195 sitﬁtecilius

315 5186 748 5271 antiquissimum
785 5196 839 5271 in
876 5194 1148 5261 Eccleﬂa,
1179 5186 1407 5271 b'y'tnnos
1442 5195 1769 5271 et_p_salmos
1822 5193 1874 5271 i_n
1984 5186 2213 5271 ﬁa'ta'lis,
2244 5192 2352 5271 _gu_i
2401 5186 3305 5271 disputationeOctaviilanuarii
3363 5201 3547 5243 coram

313 5263 573 5328 bono-rem
620 5268 821 5323 Christi
852 5280 1197 5334 componere.
1217 5263 1403 5320 ‘Certe
1443 5264 1650 5318 Plinius
1674 5264 1727 5316 in
1755 5263 1873 5330 epi-

1983 5263 2220 5318 Minucio
2241 5256 2420 5318 Felice
2445 5256 2629 5317 Romae
2659 5261 2864 5322 habita,
2889 5260 2956 5313 ad
2988 5259 3189 5315 Christi
3216 5256 3374 5311 fidem
3407 5273 3546 5311 coo-

312 5326 451 5396 stola
483 5341 551 5396 ad
572 5339 859 5408 Traianum
889 5326 1081 5408 auctor
1101 5344 1205 5396 est,
1245 5334 1585 5389 Christianos
1620 5334 1672 5387 in
1708 5326 1873 5408 unum
1981 5348 2172 5408 versus
2202 5343 2308 5399 est,
2352 5345 2411 5387 ut
2439 5331 2696 5408 scribitur
2727 5333 2782 5386 in
2820 5329 3040 5399 Dialogo
3078 5327 3302 5384 Minucii
3323 5326 3545 5408 Fnelicis.‘

310 5402 722 5474 convenientes,
745 5407 963 5462 Christo
1008 5405 1235 5475 hymnos
1253 5418 1461 5475 canere
1498 5402 1870 5475 consuevisse.

316 5483 387 5536 De
417 5482 504 5535 his
522 5469 743 5548 psalmis
762 5486 821 5533 et
852 5469 1067 5548 hymnis
1095 5473 1481 5548 intelligendus
1509 5474 1729 5548 videtur
1747 5469 1872 5548 Hip-

1978 5402 2184 5459 Nomen
2221 5397 2369 5457 certe
2392 5402 2665 5465 convenit,
2700 5410 2755 5455 et
2776 5397 3004 5468 tempus
3047 5410 3210 5467 atque
3248 5397 3542 5464 professio.

2046 5472 2121 5544 (2)
2174 5473 2536 5544 Ἐπίσκοπος
2590 5468 2906 5544 κληθῆναι.
2941 5469 3056 5544 ,μεΔ
3082 5468 3341 5544 scriptum
3390 5480 3543 5544 prfe-

311 5533 609 5622 ιῖόιίὶὲιίέιέι
633 5533 1482 5622 οιτιιξοιιε’ᾨε-ιῐοιιειιτιιιῂἰψριιε⁸
1517 5533 1875 5622 ηιιιιιεϋ,’νεύ1)
1976 5533 2281 5622 [ει-ἰἐοόεχ
2302 5533 2526 5622 Regius,
2542 5543 2626 5622 cui
2647 5533 3543 5622 consciititﬁu‘iniluterp'retatio.

314 5605 471 5675 liné'm
510 5635 526 5675 :
553 5618 626 5672 Τὸ
683 5616 855 5687 στόμα
884 5614 1054 5687 Δὑμῶν
1079 5612 1216 5685 πρὸς
1247 5610 1550 5687 δοξολογίαν
1578 5611 1673 5687 καὶ
1704 5605 1874 5687 αἶνον,

310 5692 403 5743 καὶ
442 5689 708 5759 ψαλμοὺς,
737 5679 1007 5759 καὶ-ᾠδάς
1057 5679 1874 5759 πνευματικὰςήηύτρέπισαλατ

308 5749 791 5830 λείνξιιιυίιιειιιοιιί
841 5749 1075 5827 Ιιῇιιιιιιιε
1104 5756 1159 5812 in
1197 5749 1640 5810 'honorem'Je'su
1667 5749 1872 5806 Christi

1976 5602 2610 5683 $edquatuor‘reliqui
2656 5611 2868 5683 codices
2894 5608 3050 5683 Adam
3071 5647 3091 5670 .
3123 5602 3446 5673 Meda—Fult.
3488 5614 3543 5657 et

1978 5678 2441 5753 Savilfscriptum
2472 5678 2674 5737 habent
2702 5678 3070 5752 κληρωθῆναι.
