4222 6406
576 305 680 361 515

1316 299 1582 357 EUSEBH
1621 298 2094 355 ϐίΕὸΛΒῙΕΧδΙΒ
2129 298 2282 356 OPP.
2324 299 2500 356 PARS
2531 299 2576 356 ι.
2613 330 2683 343 -
2720 299 3112 358 ΗῙΒΤΟΒῙΕΛ.

575 420 757 475 testim
789 433 912 474 cum
958 417 1212 490 lacrymis
1240 418 1310 470 ad
1357 418 1524 487 pedes
1569 416 1863 488 Zephyrini
1909 418 2146 488 episcopi

2252 417 2475 482 Τούτοις
2517 418 2941 490 ἐπισυνάψωμεν
2980 418 3075 472 καὶ
3116 416 3280 480 ἄλλας
3327 415 3456 490 περὶ
3489 415 3599 470 τῶν
3647 417 3828 470 αὐτῶν

575 526 700 568 sese
727 509 1014 579 abiecerit,
1037 524 1142 564 non
1169 509 1343 564 solum
1369 510 1503 566 cleri
1526 550 1543 576 ,
1569 525 1757 565 verum
1791 511 1954 566 etiam
1980 527 2147 566 saecu-

576 604 773 658 larium
807 603 1053 673 vestigiis
1085 599 1401 670 advolutus;
1443 611 1500 658 et
1548 601 1752 658 Christi
1781 603 2150 660 misericordis

578 695 879 752 Ecclesiam
915 696 1085 766 ipsam
1115 711 1331 765 quoque
1364 695 1770 751 misericordem
1803 695 2018 751 ﬂetibus
2038 699 2148 751 suis

575 787 933 842 commoverit
973 796 1138 856 atque
1171 787 1535 842 concusserit.
1581 787 1871 858 Multisque
1896 788 2150 858 precibus

576 894 704 934 usus
728 919 744 944 ,
775 879 1013 934 ostensis
1037 879 1201 933 etiam
1235 878 1506 933 vibicibus
1559 879 1840 950 plagarum
1889 895 2023 949 quas
2049 894 2150 950 pro

575 972 776 1027 Christi
808 971 1151 1027 confessione
1193 971 1512 1041 pertulerat,
1536 970 1623 1025 vix
1657 973 1872 1026 tandem
1905 974 1971 1026 ad
1998 987 2149 1027 corr.-

577 1066 890 1121 muuiouem
925 1066 1196 1120 admissus
1211 1073 1315 1118 est.
1349 1082 1368 1116 ι
1411 1062 1507 1118 His
1543 1063 1862 1132 adjiciemns
1887 1063 1990 1119 alia
2012 1079 2148 1135 quo-

574 1171 682 1226 que
704 1156 944 1225 ejusdem
980 1154 1267 1224 scriptoris
1303 1155 1371 1208 de
1413 1155 1606 1209 iisdem
1635 1156 1905 1212 haereticis
1936 1157 2098 1211 verba
2127 1195 2142 1223 ,

575 1265 695 1318 quae
727 1250 809 1304 sic
843 1249 1048 1303 habent
1079 1265 1094 1302 :
1131 1265 1151 1300 ι
1193 1247 1392 1302 Saeras
1433 1248 1651 1318 quidem
1676 1286 1694 1312 ,
1730 1248 1904 1318 inquit
1931 1290 1946 1314 ,
2000 1247 2151 1303 Scri-

575 1350 762 1407 pturas
813 1339 1071 1393 audacter
1103 1337 1588 1392 adulteraverunt:
1624 1337 1917 1408 primitivze
1963 1349 2145 1394 autem

577 1432 700 1485 ﬁdei
733 1430 971 1500 regulam
1005 1430 1310 1500 rejecerunt
1340 1445 1355 1482 :
1388 1428 1664 1484 Christum
1699 1431 1874 1501 ipsum
1915 1430 2148 1500 denique

576 1523 1008 1592 ignoraverunt:
1045 1538 1150 1577 non
1183 1523 1525 1592 inquirentes
1549 1523 1679 1592 quid
1719 1537 1889 1577 sacra:
1918 1524 2146 1578 doceant

576 1613 913 1683 Scriptum;
943 1616 1038 1671 sed
1067 1615 1368 1683 cujusmodi
1405 1615 1846 1687 syllogismorum
1880 1616 2049 1688 ﬁgura
2080 1613 2166 1672 ad'

574 1706 1002 1762 conﬁrmandam
1040 1708 1370 1778 impietatem
1399 1723 1552 1762 suam
1575 1708 1900 1777 reperiatur,
1926 1710 2146 1765 assidue

2247 509 2342 563 τοῦ
2384 509 2550 564 αὑτοῦ
2598 511 2959 583 συγγραφέως
2998 509 3203 579 φωνὰς,
3235 508 3423 563 τοῦτον
3466 509 3697 580 ἐχούσας
3738 511 3829 564 τὸν

2249 603 2467 675 τρόπον·
2491 621 2509 654 ι
2537 602 2758 674 Γραφάς
2789 603 2886 674 μὲν
2908 602 3061 667 θείας
3076 601 3295 672 ἀφόϐως
3311 601 3826 674 ῥερᾳδιουργήκασι,

2251 695 2484 758 πίστεως
2519 695 2577 748 δὲ
2609 695 2841 766 ἀρχαίας
2877 695 3080 749 κανόνα
3124 695 3446 764 ὴθετήκασι,
3491 693 3726 766 Χριστὸν
3771 695 3831 750 δέ

2249 787 2601 857 ἠγνοήκασιν,
2632 787 2692 839 ού
2717 787 2768 840 τί
2797 787 2852 838 αἱ
2876 786 3018 840 θεῖαι
3044 787 3262 855 λέγουσι
3287 787 3500 858 Γραφαὶ
3518 787 3826 856 ζητοῦντες,

2249 878 2364 931 ἀλλ’
2388 881 2570 932 ὁποῖον
2597 879 2780 950 σχῆμα
2803 877 3164 950 συλλογισμοῦ
3191 880 3271 942 είς
3292 880 3392 949 τὴν
3415 879 3517 948 τῆς
3537 878 3830 951 ἀθεότητος

2249 968 2444 1040 εὑρεθῇ
2487 969 2765 1034 σύστασιν,
2797 969 3099 1039 φιλοπόνως
3139 969 3467 1033 ἀσκοῦντες·
3511 969 3615 1024 κᾶν
3646 972 3829 1034 αὐτοῖς

2249 1060 2504 1133 προτείνῃ
2529 1077 2613 1124 τις
2646 1059 2808 1132 ῥητὸν
2832 1059 3058 1132 Γραφῆς
3089 1061 3295 1130 θεῖκῆς,
3322 1057 3636 1126 ἐξετάζουσι
3668 1061 3828 1114 πότε-

2251 1169 2343 1223 ρον
2371 1153 2710 1223 συνημμένον
2737 1154 2772 1223 ἢ
2805 1151 3186 1223 διεζευγμένον
3218 1154 3295 1223 (5)
3333 1152 3557 1207 δύναται
3600 1153 3828 1223 ποιῆσαι

2250 1245 2434 1316 σχῆμα
2461 1244 2842 1316 συλλογισμοῦ.
2872 1244 3283 1308 Καταλιπόντες
3322 1244 3379 1298 δὲ
3418 1244 3519 1308 τὰς
3544 1245 3707 1313 ἁγίας
3729 1244 3825 1299 τοῦ

2247 1334 2382 1388 Θεοῦ
2410 1335 2651 1408 Γραφάς,
2685 1338 3028 1409 γεωμετρίαν
3070 1335 3503 1406 ἐπιτηδεύουσιν,
3535 1339 3612 1401 ὠς
3650 1339 3716 1394 ἂν
3762 1341 3826 1392 ἐκ

2247 1427 2347 1498 τῆς
2378 1428 2484 1498 γῆς
2522 1429 2674 1492 δντες
2701 1431 2795 1482 καὶ
2826 1431 2926 1501 τῆς
2957 1431 3058 1501 γῆς
3093 1431 3400 1496 λαλοῦντες,
3434 1433 3528 1484 καὶ
3559 1432 3651 1484 τὸν
3679 1431 3824 1486 ἀνω-ο

2249 1517 2339 1572 θεν
2406 1520 2703 1591 ἐρχόμενον
2762 1520 2839 1591 (4)
2913 1521 3254 1591 ἀγνοοῦντες.
3333 1523 3632 1592 Εὐκλείδης
3695 1522 3827 1592 γοῦν

2248 1611 2400 1683 παρά
2444 1629 2587 1667 τισιν
2647 1614 2825 1668 αὐτῶν
2867 1615 3170 1685 φιλοπόνως
3207 1619 3625 1687 γεωμετρεῖται,
3681 1617 3824 1685 Ἀρι-

2251 1707 2501 1777 στοτέλης
2549 1707 2606 1760 δέ
2665 1709 2760 1762 καὶ
2812 1708 3155 1781 Θεόφραστος
3221 1707 3615 1780 θαυμάζονται·
3657 1710 3693 1760 Γ
3696 1709 3826 1779 αλη-

574 1799 924 1853 meditantes.
948 1798 1100 1864 Quod
1128 1800 1172 1854 si
1209 1801 1333 1870 quis
1359 1801 1593 1869 aliquem
1612 1800 1808 1854 divina:
1845 1799 2144 1870 Scriptura!

2246 1798 2336 1860 νὸς
2407 1799 2516 1871 γὰρ
2581 1801 2711 1863 ἴσως
2772 1801 2877 1853 ύπό
2934 1818 3094 1854 τινων
3149 1801 3243 1855 καὶ
3300 1803 3684 1870 προσκυνεῖται
3724 1801 3822 1867 (5).

574 1887 749 1942 locmu
775 1890 856 1943 eis
892 1891 1112 1956 objiciat
1137 1930 1152 1956 ,
1180 1892 1493 1947 examinant
1527 1900 1706 1945 utrum
1736 1907 2038 1948 connexum
2072 1907 2140 1948 an

573 1979 897 2048 disjuuctum
929 1981 1223 2052 syllogismi
1257 1996 1430 2051 genus
1473 1996 1540 2035 ex
1589 1996 1656 2036 eo
1710 1983 1902 2037 conﬁci
1949 1984 2140 2052 possit.

573 2067 904 2139 Relictisque
947 2082 1112 2141 atque
1157 2072 1385 2142 abjectis
1435 2072 1610 2127 sacris
1660 2073 1756 2128 Dei
1803 2073 2142 2142 Scripturis,

572 2163 880 2231 geometria:
909 2165 1166 2228 student;
1216 2168 1413 2238 quippe
1454 2169 1547 2237 qui
1596 2176 1890 2221 terrestres
1938 2167 2048 2221 siut
2091 2175 2148 2222 et

571 2255 862 2322 loquantur
883 2263 1119 2322 terrena,
1138 2266 1194 2311 et
1220 2258 1366 2311 illum
1385 2260 1474 2325 qui
1500 2259 1566 2313 de
1595 2258 1734 2313 coelo
1755 2259 1967 2312 advenit
1993 2257 2146 2328 igno-

571 2353 715 2400 rent.
749 2345 988 2401 Euelidis
1020 2347 1185 2416 igitur
1217 2348 1522 2404 Geometria
1558 2352 1698 2420 apud
1729 2350 2013 2404 nonnullos
2047 2366 2142 2404 eo-

572 2451 692 2490 rum
725 2440 964 2493 studiose
1007 2439 1294 2495 excolitur.
1326 2443 1660 2501 Aristoteles
1691 2457 1822 2497 vero
1869 2451 1924 2497 et
1965 2441 2141 2496 Theo-

571 2530 826 2598 phrastus
858 2544 1068 2584 summa
1117 2531 1480 2588 admiratione
1515 2535 1887 2602 suspiciuutur
1932 2550 1946 2586 :
1985 2533 2146 2588 Gale-

573 2635 672 2677 nus
711 2632 895 2678 autem
932 2638 961 2677 a
1013 2624 1339 2692 quibusdam
1386 2624 1550 2680 etiam
1581 2625 1860 2680 adorator.
1907 2623 2145 2680 Proinde

567 2713 708 2769 istos
736 2715 827 2783 qui
861 2713 1156 2768 inﬁdelium
1199 2717 1410 2771 artibus
1442 2731 1506 2770 ac
1551 2716 1854 2785 disciplinis
1878 2715 1947 2772 ad
1971 2716 2143 2771 stabi-

574 2803 807 2860 liendam
845 2805 1067 2860 hzeresis
1103 2821 1215 2860 suto
1242 2807 1550 2876 opinionem
1584 2809 1903 2874 abutuntur,
1937 2817 1991 2863 et
2018 2807 2146 2863 sub—

573 2896 649 2950 tili
675 2896 958 2966 impiorum
987 2899 1261 2952 hominum
1300 2901 1533 2955 versutia
1566 2901 2024 2972 simplicissimam
2061 2901 2144 2956 di-

573 2990 816 3044 vinarmn
847 2991 1256 3061 Scripturarum
1285 2994 1597 3048 adulterant
1625 2995 1806 3058 tidem,
1837 2992 2141 3049 remetissio

2246 1888 2312 1944 Ol
2379 1890 2436 1942 δέ
2493 1893 2611 1955 ταῖς
2663 1890 2772 1944 τῶν
2830 1891 3074 1946 ἀπίστων
3123 1894 3340 1962 τέχναις
3420 1894 3502 1957 είς
3563 1893 3663 1964 τὴν
3726 1893 3826 1962 τῆς

2245 1982 2507 2052 αἱρέσεως
2548 1983 2726 2038 αὐτῶν
2762 1982 2985 2052 γνώμην
3035 1985 3451 2056 ἀποχρώμενοι,
3485 1985 3577 2037 καὶ
3607 1987 3672 2054 τῇ
3715 1983 3825 2035 τῶν

2245 2075 2420 2130 ἀθέων
2455 2074 2758 2146 πανουργίᾳ
2789 2077 2886 2146 τὴν
2916 2077 3092 2146 ἁπλῆν
3125 2077 3230 2130 τῶν
3261 2076 3419 2129 θείων
3463 2077 3696 2146 Γραφῶν
3737 2077 3826 2130 πί·

2246 2184 2361 2220 στιν
2377 2165 2788 2238 καπηλεύοντες,
2803 2167 2883 2220 ὅτι
2904 2167 3035 2238 μηδέ
3055 2169 3218 2236 ἐγγὺς
3241 2168 3475 2230 πίστεως
3497 2169 3824 2239 ὑπάρχουσι,

2244 2257 2296 2309 τί
2319 2256 2512 2309 δεῖκαὶ
2535 2255 2711 2325 λέγειν
2738 2272 2752 2321 ;
2783 2256 2879 2309 Διά
2904 2256 3062 2310 τοῦτο
3086 2259 3204 2319 ταῖς
3234 2255 3404 2318 θείαις
3427 2256 3667 2326 Γραφαῖς
3692 2256 3826 2324 ἀφόο

2244 2347 2353 2411 6ως
2383 2347 2645 2402 ἐπέϐαλον
2676 2347 2776 2411 τὰς
2803 2351 3012 2418 χεῖρας,
3041 2348 3290 2416 λέγοντες
3328 2349 3498 2409 αύτὰς
3521 2347 3827 2419 διωρθωκέο

2244 2457 2351 2494 ναι.
2380 2441 2488 2492 Καὶ
2519 2440 2600 2493 ὅτι
2625 2439 2782 2492 τοῦτο
2813 2440 2885 2510 μὴ
2914 2439 3380 2510 καταψευδόμενος
3405 2439 3586 2493 αὐτῶν
3617 2437 3826 2507 λέγω,ό

2246 2530 2562 2602 βουλόμενος
2584 2530 2800 2584 δύναται
2824 2531 3033 2601 μαθεῖν.
3065 2532 3127 2584 El
3153 2531 3260 2602 γάρ
3280 2545 3364 2595 τις
3390 2531 3604 2603 θελήσει
3628 2548 3826 2600 συγκο-

2249 2623 2411 2694 μίσας
2451 2623 2630 2677 αὐτῶν
2663 2625 2892 2678 ἑκάστου
2934 2624 3002 2678 τὰ
3035 2625 3341 2696 ἀντίγραφα
3373 2625 3647 2692 ἐξετάζειν
3688 2626 3826 2698 πρὸς

2243 2714 2466 2786 ἄλληλα,
2487 2715 2628 2768 κατά
2643 2715 2778 2769 πολὺ
2801 2715 3028 2790 ἀνεύροι
3049 2717 3440 2787 διαφωνοῦντα.
3455 2739 3472 2768 ι
3495 2718 3621 2772 Ἀσύ
3631 2735 3826 2789 μφωνα

2245 2805 2374 2876 γοῦν
2404 2805 2556 2860 ἔσται
2599 2806 2670 2860 τὰ
2708 2807 3101 2880 Ἀσκληπιάδου
3131 2808 3206 2879 (6)
3245 2811 3358 2872 τοῖς
3386 2809 3659 2862 Θεοδότου.
3691 2809 3827 2863 Πολ-

2244 2898 2352 2953 λῶν
2371 2899 2428 2952 δέ
2447 2901 2594 2953 ἐστιν
2610 2901 2932 2972 εὐπορῆσαι,
2946 2901 3034 2956 διὰ
3057 2903 3118 2955 τὸ
3139 2903 3435 2973 φιλοτίμως
3455 2902 3824 2974 ἐγγεγράφθαι

2245 2994 2372 3058 τοὺς
2402 2993 2649 3065 μαθητὰς
2679 2993 2857 3047 αὐτῶν
2885 2993 2955 3046 τὰ
2981 2994 3069 3063 ὑφ’
3093 2995 3320 3048 ἐκάστου
3343 2993 3541 3056 αὐτῶν,
3565 2993 3640 3057 ὡς
3671 2995 3826 3048 αὐτοὶ

571 3097 688 3136 mos
721 3098 842 3138 esse
870 3099 899 3137 a
929 3083 1034 3139 ﬁde
1068 3085 1197 3154 quid
1226 3087 1423 3140 attinet
1455 3087 1682 3142 dicere?
1718 3086 1854 3142 l-liuc
1882 3095 1963 3141 est
1998 3085 2141 3155 quod

2247 3085 2935 3157 καλοῦσι,κατωρθωμένα,
2964 3086 3239 3139 τουτέστιν
3273 3086 3633 3155 ἠφανισμένα.
3659 3085 3828 3138 Πάλιν

569 3175 766 3230 divinis
800 3175 1102 3248 Scripturis
1149 3177 1413 3235 audacter
1445 3194 1640 3234 manus
1668 3178 2014 3246 intulerunt,
2050 3192 2144 3235 eas

2246 3176 2303 3232 δὲ
2334 3176 2541 3242 τούτοις
2567 3178 2636 3232 τὰ
2665 3155 2992 3249 Ἕρμοφίλου
3019 3177 3080 3230 ού
3117 3177 3347 3248 συνᾴδει.
3381 3177 3460 3229 Τὰ
3483 3176 3593 3248 γὰρ
3633 3175 3826 3230 Ἀπολε

637 3349 715 3423 (5)
753 3353 1014 3419 Πότερον
1043 3354 1438 3424 συνημμένον·
1470 3354 1508 3424 ἢ
1547 3353 1976 3425 διεζευγμένον.
2009 3355 2146 3421 Quid

567 3422 1013 3495 εἰισυνημμένον
1035 3434 1091 3478 et
1136 3422 1262 3494 quid
1293 3422 1696 3495 διεζευγμένον,
1741 3422 1936 3480 docent
1985 3427 2150 3478 diale-

566 3493 715 3550 ctici.
749 3493 1106 3566 Ptotttttitiata
1139 3493 1258 3562 quin
1280 3494 1445 3549 Stoici
1475 3493 1764 3566 ἀξιώματα
1786 3505 2006 3556 vocant.
2043 3496 2145 3549 alia

568 3573 694 3616 stitit
721 3563 1008 3632 simplicia,
1036 3577 1094 3618 tit
1124 3567 1273 3628 illud,
1293 3567 1403 3618 dies
1437 3578 1511 3618 est
1532 3583 1550 3631 ;
1573 3563 1678 3620 alia
1721 3584 1824 3619 non
1862 3567 2151 3630 simplicia.

570 3633 645 3706 Ex
683 3634 785 3706 his
819 3650 938 3700 qua:
981 3651 1084 3688 non
1130 3645 1251 3689 sunt
1287 3637 1546 3700 simplicia
1574 3675 1588 3698 ,
1635 3637 1738 3689 alia
1773 3648 1899 3690 sont
1943 3652 2149 3706 συνημ-

573 3703 739 3772 μένα,
775 3704 824 3755 id
853 3714 938 3757 est
965 3719 1232 3770 connexa,
1260 3721 1379 3771 qua;
1413 3716 1666 3760 constant
1697 3723 1762 3759 ex
1812 3707 2023 3760 duobus
2063 3703 2149 3760 iii-

571 3775 755 3842 versisg
789 3776 1174 3842 pronuntiatis,
1221 3786 1278 3828 ut
1321 3775 1472 3838 illud,
1510 3775 1571 3830 Si
1603 3780 1712 3829 dies
1770 3788 1867 3842 est,
1898 3777 1993 3829 lux
2051 3787 2147 3830 est.

573 3841 690 3895 Alia
740 3838 1092 3913 διεξευγμένα
1132 3861 1224 3897 seti
1275 3844 1560 3910 disjuucta,
1603 3855 1661 3898 ut
1708 3838 1877 3908 illud,
1914 3858 2002 3898 aut
2038 3848 2149 3900 dies

570 3918 671 3973 est,
703 3921 950 3984 aut_noa:
991 3926 1088 3984 est.
1135 3913 1264 3966 Vide
1313 3913 1604 3984 Diogenem
1643 3914 1917 3970 Laertium
1962 3918 2014 3969 in
2048 3914 2149 3969 Ze-

575 3996 729 4035 none.
767 3981 1001 4056 Sextus
1033 3983 1334 4056 Empiricos
1365 3981 1426 4036 τό
1467 3986 1809 4056 συνημμένον
1858 3985 2043 4056 deﬁnit
2088 3985 2151 4039 τὸ

572 4050 824 4126 συνεστὸς
848 4050 1246 4126 ἐξ-ἀξιώματος
1277 4050 1702 4126 διαφορουμένου
1722 4097 1736 4121 ,
1764 4057 1796 4126 ἢ
1825 4055 1883 4120 ἐξ
1905 4055 2147 4126 ἀξιωμά-

569 4137 678 4174 των
704 4121 1092 4199 διαφερόντων,
1118 4123 1205 4199 διὰ
1243 4123 1335 4199 τοῦ
1376 4121 1490 4199 εξ’ἢ
1530 4121 1685 4199 εἴπερ
1733 4121 2057 4199 συνδέσμου.
2082 4127 2148 4179 Et

568 4197 876 4266 exemplum
928 4197 1157 4266 connexi
1196 4197 1336 4266 quod
1381 4195 1424 4266 si
1471 4211 1536 4248 ex
1583 4195 1936 4264 pronuntiato
1961 4196 2146 4266 διαφο-

571 4263 819 4335 ρουμένῳ
863 4262 964 4317 hoc
1023 4263 1177 4317 alfert
1211 4262 1228 4317 Ξ
1252 4263 1310 4317 Si
1368 4265 1481 4335 dies
1515 4262 1610 4327 est,
1646 4269 1753 4318 dies
1801 4276 1898 4335 ρει.
1929 4267 2004 4319 Ex
2041 4262 2147 4335 quo

569 4334 927 4402 corrigendos
960 4342 1042 4388 est
1092 4335 1357 4402 Diogenes
1406 4334 1656 4389 Laertius
1697 4337 1749 4388 iu
1798 4333 2010 4389 Zenone
2044 4333 2147 4390 hoc

573 4403 730 4476 modo
763 4403 908 4476 [Ἐξ
953 4402 1260 4476 ἀξιώματος
1305 4405 1402 4475 μὲν
1437 4405 1892 4476 διαφορουμένου,
1931 4403 2062 4469 οἷον,
2099 4408 2147 4458 εἰ

2326 3354 2400 3435 (4)
2447 3355 2567 3435 Τὸν,
2616 3353 2852 3435 ἀνωθεν
2890 3354 3244 3435 ἐρχόμενον.
3301 3355 3826 3435 Christophorsottus

2253 3422 2424 3480 vertit
2456 3441 2468 3475 :
2502 3422 2771 3478 Christum
2811 3427 2902 3495 qui
2928 3422 3007 3478 ne
3035 3422 3161 3480 caelo
3205 3437 3448 3480 venturus
3485 3422 3560 3480 est
3612 3431 3825 3495 penitus

2252 3495 2761 3565 ignoratttLQnam
2849 3496 3351 3564 interpretationem
3413 3498 3660 3565 equidem
3717 3515 3824 3551 non

2256 3569 2472 3619 damno.
2512 3564 2603 3619 Sic
2635 3567 2778 3618 cnim
2813 3565 2954 3634 loqui
2994 3567 3168 3619 solent
3195 3565 3368 3620 sancti
3405 3564 3591 3620 Patres
3622 3572 3687 3620 de
3735 3583 3829 3621 su-

2258 3650 2442 3705 premo
2478 3636 2710 3688 adventu
2766 3635 2991 3699 Christi,
3034 3651 3142 3703 quo
3175 3639 3434 3690 mundam
3484 3639 3828 3702 judicatnrus

2257 3715 2360 3766 est.
2395 3720 2498 3758 nou
2532 3707 2685 3772 quasi
2711 3707 2777 3774 de
2815 3706 3016 3769 futuro,
3051 3708 3142 3760 sed
3174 3722 3426 3770 tanquam
3446 3709 3512 3760 de
3548 3709 3824 3774 praisenti,

2256 3775 2474 3847 ἔρχεται
2497 3775 2702 3846 κρίνειν
2735 3773 2944 3839 ζῶντας
2976 3777 3071 3829 καὶ
3104 3777 3352 3844 νεκρούς.
3389 3777 3461 3829 Ita
3492 3773 3826 3846 llégcsippus

2258 3847 2308 3899 in
2350 3847 2610 3915 Martyrio
2653 3849 2823 3899 sancti
2856 3847 3064 3907 Jacobi,
3099 3857 3153 3901 et
3182 3849 3272 3899 alii
3317 3847 3516 3913 passim
3550 3851 3616 3900 ab
3661 3849 3827 3901 Eusc-

2259 3916 2346 3969 bio
2369 3914 2541 3968 citati.
2573 3914 2804 3969 Possunt
2830 3926 3008 3970 tamen
3039 3917 3151 3970 lucc
3175 3916 3336 3970 verba
3370 3919 3533 3969 etiam
3555 3921 3618 3969 de
3649 3920 3825 3984 primo

2255 3986 2454 4039 Christi
2493 3987 2726 4037 adventu
2761 3987 3005 4054 intelligi,
3039 3989 3305 4051 quomodo
3333 3989 3542 4054 accepit
3575 3986 3821 4042 Ruﬁnus.

2323 4056 2704 4134 (5)Fa;11jrdc
2733 4057 2860 4134 γὰρ.
2877 4057 3024 4121 ἴσως
3070 4058 3405 4134 ὺπόῇτινων
3429 4058 3525 4134 καὶ
3559 4071 3827 4124 προσκυ-

2249 4125 2458 4180 νεῖται.
2496 4125 2733 4197 Galenus
2773 4127 2916 4197 enim
2961 4142 3026 4180 ne
3064 4129 3251 4197 lignris
3297 4127 3736 4196 syllogismorum
3769 4137 3823 4181 ct

2249 4197 2318 4250 de
2349 4205 2460 4250 tota
2508 4196 2846 4264 philosophia
2892 4196 3060 4251 libros
3111 4196 3532 4264 conscripserat,
3563 4208 3623 4249 ut
3661 4213 3726 4251 ex
3755 4199 3822 4250 li-

2250 4266 2474 4320 brorum
2525 4265 2642 4334 ejus
2687 4267 2866 4320 indice
2903 4267 3300 4334 cognoscimus.
3344 4269 3434 4319 Est
3467 4275 3648 4320 autem
3701 4268 3822 4321 illo-

2251 4345 2363 4389 stre
2409 4337 2511 4390 hoc
2562 4335 2930 4389 testimonium
2981 4338 3046 4391 de
3074 4337 3299 4400 Galeno,
3336 4337 3535 4406 quippe
3562 4339 3705 4406 quod
3730 4354 3823 4390 au-

2253 4407 2418 4458 ctoris
2460 4406 2531 4459 sit
2559 4407 2947 4474 antiquissimi,
2977 4419 3029 4458 ct
3062 4407 3250 4460 Caleni
3290 4408 3628 4473 temporibus
3687 4423 3822 4474 pene

568 4472 752 4545 ἡμέρα
788 4469 1166 4547 ἐστὶνηὴμέρα
1217 4469 1382 4547 ἐστίν.
1416 4469 1726 4530 Ροιιιῖοίειιὶι
1755 4469 1892 4547 apud
1926 4479 2147 4547 Sextum

2252 4477 2498 4543 aequalis.
2531 4476 2641 4530 Nec
2672 4469 2798 4529 vero
2826 4491 2889 4528 ex
2932 4477 3039 4547 hoc
3076 4486 3280 4530 tantum
3315 4469 3600 4544 scriptore,
3633 4469 3820 4530 verum

570 4558 732 4610 quam
785 4547 924 4614 apud
963 4545 1236 4617 Laertiutn
1281 4545 1494 4600 mallem
1543 4547 1785 4617 scribere
1831 4545 2147 4617 διφορουμέ-

570 4625 684 4685 νου,
701 4617 1153 4685 quemadmodum
1173 4615 1366 4684 legitur
1393 4617 1530 4685 apud
1545 4616 1910 4685 Alexandrum
1935 4615 2146 4685 Aphro-

570 4683 809 4758 diensetn
868 4683 938 4738 In
984 4687 1168 4758 priora
1219 4683 1517 4758 dnalytica.
1569 4683 1704 4758 [iam
1757 4683 2144 4758 διφορούμενον

574 4752 714 4827 idem
747 4762 832 4808 est
873 4752 1028 4827 quod
1049 4755 1130 4819 δἰς
1156 4752 1655 4827 λαμϐανόμενον.Ει
1693 4757 1805 4827 haec
1827 4752 2048 4826 quidem
2080 4758 2146 4810 de

574 4823 762 4875 harum
795 4838 984 4878 vocum
1019 4823 1464 4894 interpretatione
1491 4826 1634 4880 dicta
1663 4823 1952 4882 sulliciant.
1988 4827 2144 4894 Quod

573 4904 702 4966 vero
735 4902 944 4966 spectat
969 4895 1033 4947 ad
1067 4894 1227 4962 hujus
1269 4896 1372 4950 loci
1408 4898 1920 4966 interpunctionem,
1951 4897 2142 4966 scripti

572 4963 788 5038 codices
841 4964 984 5018 inter
1032 4979 1092 5017 se
1123 4966 1469 5038 dissentiunt.
1507 4963 1640 5038 Nam
1667 4965 1886 5038 Regius
1923 4963 2143 5038 quidem

573 5032 764 5106 codex,
788 5046 947 5106 quem
983 5045 1200 5106 secutus
1230 5043 1312 5088 cst
1357 5035 1494 5090 Rob.
1530 5032 1874 5104 Stephanus,
1904 5032 2024 5106 post
2048 5051 2145 5090 vo-

573 5046 764 5094 cooex,
827 5049 947 5088 uem
984 5046 1200 5088 secutus
1230 5046 1312 5088 est
1357 5046 1494 5090 non.
1530 5046 1874 5104 Stephanus,
1904 5047 2024 5106 post
2048 5051 2144 5090 vo-

573 5115 688 5155 cem
711 5046 1086 5172 &e?euyp£vov
1101 5106 1362 5172 virgulam
1389 5107 1554 5161 habet
1580 5109 1900 5175 appositam,
1922 5118 1981 5161 ut
2000 5107 2144 5162 scias

573 5186 734 5226 voces
782 5174 911 5246 illas
933 5175 1274 5246 συνημμένον
1309 5177 1402 5229 καὶ
1427 5174 1808 5246 διεζευγμένον
1833 5178 2145 5232 referendas

571 5256 696 5316 esse
753 5243 820 5297 ad
847 5242 928 5316 Δτὸ
983 5242 1145 5316 ῥητόν
1189 5249 1334 5316 quod
1375 5242 1686 5316 praecessit,
1717 5263 1823 5301 non
1864 5261 2041 5302 autem
2074 5246 2143 5301 ad

571 5312 756 5386 σχῆμα
780 5311 1135 5386 συλλογισμοῦ
1170 5311 1310 5386 quod
1344 5311 1588 5385 proxime
1624 5321 1889 5385 sequitur.
1918 5319 2020 5372 Sed
2052 5332 2142 5371 re-

571 5383 702 5452 liqui
733 5387 970 5448 codices,
1004 5383 1144 5438 Maz.
1173 5383 1227 5438 et
1258 5383 1422 5450 Med,
1445 5403 1564 5440 cum
1597 5383 1732 5442 Fuk.
1758 5397 1817 5442 et
1843 5388 2139 5453 Saviliano,

570 5463 696 5526 post
751 5469 935 5510 vocem
969 5454 1353 5526 διεζευγμένον
1403 5458 1602 5511 nullam
1645 5459 1903 5512 adhibent
1947 5458 2142 5512 distin-

568 5523 825 5600 ctionem,
853 5527 945 5580 sed
969 5523 1175 5580 tantum
1194 5523 1549 5600 'post‘vocem
1586 5527 1949 5600 συνημμένον.
1967 5529 2138 5594 Quam

568 5594 975 5668 distinctionem
997 5594 1223 5668 secutus
1239 5596 1466 5652 Ruﬁnus
1486 5611 1552 5652 ac
1577 5594 2138 5668 reliqui'interpretes,

569 5675 872 5740 connexum
923 5665 1251 5740 disjunctum
1272 5704 1288 5733 ,
1322 5668 1429 5740 duo
1461 5665 1909 5740 syllogismorum
1938 5665 2140 5738 genera

566 5735 964 5794 existimarunt.
994 5736 1122 5795 Mihi
1155 5737 1304 5811 prior
1343 5735 1638 5796 distinctio
1668 5742 1838 5809 magis
1871 5735 2064 5810 placet.

2247 4549 2411 4616 etiam
2443 4561 2510 4600 ex
2548 4547 2670 4599 aliis
2722 4546 3136 4615 quamplurihus
3186 4548 3325 4600 idem
3381 4547 3638 4616 colligere
3672 4547 3822 4611 licet,

2247 4614 2510 4686 Calenum
2567 4616 2842 4669 Aristoteli
2885 4614 2949 4668 ac
2984 4616 3384 4686 Theophrasto,
3432 4614 3646 4686 ipsique
3685 4618 3823 4672 adeo

2247 4685 2458 4738 Platoni
2509 4701 2726 4754 aequare
2784 4701 2890 4739 non
2947 4685 3288 4741 dubitarunt.
3320 4685 3482 4743 Certe
3513 4685 3824 4741 Alexander

2247 4755 2706 4823 Aphrodisiensis,
2745 4754 2814 4809 In
2846 4755 3037 4808 librum
3063 4767 3301 4810 octavum
3345 4755 3679 4823 Topicorum,
3713 4771 3818 4812 non

2246 4825 2435 4894 procul
2462 4827 2531 4880 ab
2562 4827 2736 4888 initio,
2769 4827 2903 4880 satis
2935 4826 3140 4880 indicat
3195 4829 3272 4880 ita
3299 4841 3488 4880 onines
3517 4826 3586 4880 de
3617 4825 3822 4881 Galeno

2245 4897 2607 4965 existimasse.
2662 4895 2954 4965 Postquam
2986 4898 3148 4965 enim
3200 4898 3384 4950 docuit
3423 4896 3820 4965 problematum

2246 4965 2348 5036 alia
2380 4963 2566 5032 ἔνδοξα
2585 4979 2726 5036 esse,
2757 4965 2861 5019 alia
2883 4963 3069 5033 ἄδοξα,
3095 4979 3150 5020 et
3169 4965 3357 5033 ἔνδοξα
3387 4963 3614 5036 quidem
3639 4968 3690 5019 in
3723 4968 3824 5036 du-

2247 5035 2371 5104 plici
2407 5051 2530 5090 esse
2577 5035 2913 5096 dili'erentia.
2965 5039 3068 5090 alia
3117 5040 3263 5091 enim
3315 5034 3436 5091 esse
3467 5034 3677 5099 ἁπλῶς,
3717 5035 3823 5092 alia

2241 5104 2583 5228 ὼξισμένως,
2627 5106 2740 5186 haec
2790 5106 3116 5175 subjttugit:
3158 5107 3492 5190 Ὤρισμένως
3512 5105 3559 5158 δ’
3613 5105 3822 5173 ἔνδοξα,

2242 5192 2274 5228 τ
2343 5175 2477 5242 τῳδέ
2514 5193 2619 5228 τινι
2654 5191 2764 5228 των
2790 5175 3021 5242 ἐνδόξων
3058 5177 3322 5242 ἐπόμενα,
3355 5193 3487 5242 οιον,
3547 5176 3819 5242 Πλάτωνι,

2242 5195 2312 5228 τα
2343 5195 2477 5245 τῳοε
2514 5195 2619 5228 τινι
2654 5195 2764 5228 των
2790 5195 3021 5242 ενοοςων
3058 5195 3322 5249 επομενα,
3355 5195 3487 5242 οιον,
3549 5195 3819 5242 ιυιατωνι,

2242 5246 2276 5317 ἢ
2321 5245 2692 5318 Ἀριστοτέλει,
2722 5245 2753 5314 ἦ
2789 5245 3031 5318 Γαληνῷ,
3232 5317 3270 5318 η
3716 5317 3720 5318 ί

2315 5315 2408 5388 (δι
2429 5317 2506 5371 Τὰ
2533 5315 3008 5388 Ἀσκληπιάδου.
3039 5317 3193 5387 Apud
3229 5317 3592 5388 Nicephorum
3617 5317 3820 5373 scribi-

2244 5386 2369 5458 tur,
2399 5386 2869 5458 Ἀσκληπιοδότου,
2903 5386 3173 5458 quomodo
3205 5386 3376 5458 etiam
3409 5389 3538 5456 legit
3566 5388 3814 5442 Ruﬁnus.

2242 5455 2410 5532 Paulo
2457 5455 2594 5527 post'
2631 5459 2719 5532 ubi
2767 5455 2983 5532 legitur,
3016 5457 3087 5510 τὰ
3114 5457 3222 5532 γάρ
3258 5455 3640 5532 Ἀπολλωνίου,
3665 5460 3823 5513 resti-

2243 5526 2502 5582 tuendum
2531 5535 2616 5583 est.
2655 5526 3040 5582 Ἀπολλωνίδου
3066 5544 3130 5582 ex
3156 5526 3486 5584 'l'heodorito
3516 5531 3568 5583 itt
3603 5531 3742 5585 libro
3781 5545 3819 5584 tt

2241 5597 2633 5671 Baeticarum
2660 5597 2989 5666 fabularum,
3022 5601 3202 5668 capite
3236 5599 3290 5666 5,
3317 5610 3371 5654 et
3415 5615 3480 5658 ex
3514 5599 3823 5671 Nicephoro

2241 5684 2305 5726 ac
2331 5670 2549 5728 Ruﬁno.
