4222 6388
334 328 439 388 δι’]

1353 317 1701 374 HISTORIA
1741 312 2296 370 ECCLESIASTICrE
2339 311 2475 368 LIB.
2517 309 2586 367 ν.

3491 306 3610 364 518-

333 447 551 502 λωνίδου
575 445 697 500 οὐδὲ
719 447 856 499 αὐτὰ
883 447 1092 506 ἑαυτοῖς
1120 444 1235 496 ἐστι
1267 442 1553 512 σύμφωνα.
1577 442 1790 493 Ἔνεστι
1809 457 1834 508 γ
1849 439 1919 510 ἀρ

2025 453 2054 492 a
2095 454 2155 492 se
2195 439 2513 492 emendatas
2542 448 2663 489 esse
2687 431 2954 488 dicentes.
2985 430 3162 500 Atque
3201 427 3253 483 id
3284 443 3316 482 a
3354 442 3443 482 me
3491 442 3600 484 non

334 539 618 610 συγκρῖναι
636 537 707 591 τὰ
719 537 981 609 πρότερον
1002 537 1092 589 ὑπ’
1106 534 1284 589 αὐτῶν
1307 531 1820 586 κατασκευασθέντα
1837 531 1917 602 (7)

334 634 444 694 τοῖς
474 632 698 704 ὕστερον
725 631 886 684 πάλιν
917 629 1406 698 ὲπιδιαστραφεῖσι,
1429 626 1523 679 καὶ
1551 624 1731 696 εὑρεῖν
1759 639 1922 676 κατα-

337 721 470 774 πολὺ
501 721 794 791 ἀπᾴδοντα.
827 721 996 789 Ὅσης
1021 719 1077 770 δὲ
1097 717 1302 788 τόλμης
1331 717 1446 768 εει-σιτ)⁵
1473 713 1630 767 τοῦτο
1655 713 1715 766 τὸ
1741 711 1922 783 ἀμάρ-

335 829 505 882 τημα,
536 809 682 873 είκὸς
714 808 846 879 μηδὲ
875 809 1114 870 ὲκείνους
1134 809 1366 875 ἀγνοεῖν.
1386 806 1457 857 Ἢ
1478 806 1586 876 γὰρ
1607 804 1668 857 οὐ
1700 802 1922 856 πιστεύ-

336 919 486 954 ουσιν
516 900 655 970 ἁγίῳ
676 899 952 968 Πνεύματι
980 898 1226 968 λελέχθαι
1253 897 1351 961 τὰς
1381 897 1528 959 θείας
1556 893 1800 964 Γραφὰς,
1824 894 1919 946 καὶ

337 995 476 1048 εἰσὶν
507 993 746 1057 ἄπιστοι,
791 993 824 1063 ἢ
875 991 1100 1054 ἑαυτοὺς
1142 989 1399 1061 ἡγοῦνται
1439 987 1781 1055 σοφωτέρους
1823 984 1919 1038 τοῦ

341 1080 496 1148 ἀγίου
526 1079 844 1150 Πνεύματος
877 1079 1138 1149 ὑπάρχειν
1162 1095 1174 1108 ⁸
1209 1079 1303 1132 καὶ
1333 1077 1386 1130 τί
1418 1077 1604 1146 ἓτερον
1648 1075 1682 1146 ἢ
1725 1075 1919 1144 δαιμο-

339 1171 543 1236 νῶσιν;
579 1171 713 1224 Οὐδὲ
749 1171 856 1241 γὰρ
882 1170 1219 1241 ἀρνήσασθαι
1251 1169 1503 1223 δύνανται
1542 1168 1752 1222 ἑαυτῶν
1781 1162 1919 1222 εἶναι

338 1261 400 1313 τὸ
441 1261 727 1332 τόλμημα,
758 1261 956 1314 ὁπόταν
995 1261 1089 1314 καὶ
1122 1263 1187 1330 τῇ
1221 1259 1399 1315 αὐτῶν
1432 1260 1574 1331 χειρὶ
1668 1275 1918 1331 γεγραμ-

343 1349 499 1420 μένα,
519 1351 614 1404 καὶ
631 1353 756 1422 παρ’
769 1345 844 1404 ὧν
869 1350 1147 1420 κατηχὴοη
1157 1367 1252 1402 σαν
1268 1349 1367 1419 (8),
1397 1351 1470 1421 μὴ
1503 1349 1753 1414 τοιαύτας
1777 1367 1918 1420 παρ-

339 1442 530 1496 έλαὸον
547 1443 642 1505 τὰς
671 1444 884 1512 γραφάς
906 1460 919 1472 ·
948 1444 1042 1496 καὶ
1071 1443 1240 1508 δεῖξαι
1272 1443 1600 1515 ἀντίγραφα,
1633 1442 1754 1495 ὅθεν
1779 1443 1919 1497 αὐτά

342 1533 768 1606 μετεγράψαντο,
806 1533 880 1606 μὴ
914 1533 1126 1604 ἔχωσιν.
1164 1536 1337 1588 Ἔνιοι
1366 1534 1422 1588 δὲ
1452 1534 1630 1587 αὐτῶν
1661 1533 1783 1588 οὐδὲ
1811 1551 1918 1586 πα-

341 1627 702 1696 ραχαράσσειν
731 1626 969 1696 ἠξίωσαν
996 1628 1165 1693 αὐτὰς
1189 1669 1202 1693 ,
1238 1628 1351 1682 ἀλλ’
1386 1629 1569 1691 ἁπλῶς
1602 1628 1917 1700 ἀρνησάμε-

335 1737 416 1774 νοι
448 1720 538 1773 τόν
587 1739 646 1774 τε
698 1721 860 1792 νόμον
906 1721 999 1775 καὶ
1046 1723 1174 1786 τοὺς
1215 1724 1530 1794 προφήτας,
1577 1721 1778 1792 ἀνόμου
1824 1721 1919 1775 καὶ

2025 527 2161 582 falso
2192 527 2273 582 eis
2293 526 2454 596 objici
2480 567 2495 590 ,
2543 523 2794 594 quisquis
2819 522 3050 576 voluerit
3095 519 3254 576 facile
3281 529 3598 590 cognoscet.

2023 620 2156 674 Nam
2191 620 2236 673 si
2270 619 2392 688 quis
2439 615 2769 684 exemplaria
2821 613 3038 669 illorum
3089 613 3328 680 undique
3373 608 3602 678 conqui-

2023 711 2126 765 sita
2158 710 2318 764 simul
2352 711 2495 763 inter
2527 722 2586 761 se
2612 705 2928 772 contulerit,
2967 704 3209 759 inveniet
3239 694 3611 772 profectoilla

2025 803 2164 856 inter
2209 816 2269 855 se
2302 799 2594 868 plurimum
2625 797 2940 852 dissentire.
2974 815 2994 848 ι
3033 795 3192 850 Certe
3228 792 3597 864 Asclepiadoti

2021 893 2350 961 exemplaria
2412 908 2516 946 non
2558 891 2888 944 conveniunt
2936 888 3100 960 198
3148 903 3271 942 cum
3321 888 3426 942 illis
3471 900 3595 957 qua

2021 995 2149 1042 sunt
2181 985 2472 1040 Theodoti.
2503 981 2668 1037 Multa
2708 998 2871 1053 porro
2923 981 3235 1052 huiusmodi
3264 979 3597 1050 exemplaria
3613 979 3629 1026 ‘.'

2023 1078 2263 1132 nancisci
2288 1078 2432 1143 licet,
2466 1085 2756 1147 propterea
2789 1075 2932 1146 quod
2969 1073 3216 1143 discipuli
3245 1073 3460 1127 illorum
3485 1079 3602 1125 stu-

2021 1170 2170 1225 diose
2199 1169 2628 1238 perscripserunt
2659 1182 2723 1221 ea
2748 1182 2867 1237 qua:
2901 1182 2931 1220 a
2968 1165 3241 1235 magistris
3266 1166 3469 1228 suis,ut
3493 1164 3598 1234 ipsi

2021 1263 2236 1325 dicunt,
2277 1262 2564 1315 emendata
2591 1299 2608 1325 ,
2640 1259 2744 1314 hoc
2779 1268 2860 1314 est
2893 1267 3145 1326 corrupta
3196 1255 3430 1310 fuerant.
3479 1253 3600 1310 Jam

2020 1352 2356 1422 IIermophili
2385 1351 2718 1421 exemplaria
2758 1367 2880 1407 cum
2912 1351 3019 1405 illis
3045 1365 3165 1419 quae
3197 1349 3308 1400 dixi
3335 1385 3350 1410 ,
3377 1346 3601 1402 minime

2020 1446 2391 1500 consentiunt.
2428 1445 2502 1500 Ea
2535 1459 2666 1500 vero
2716 1459 2836 1513 qua:
2865 1444 3122 1498 dicuntur
3163 1440 3500 1510 Apollonidis
3531 1453 3601 1493 ne

2020 1553 2202 1592 secum
2232 1537 2450 1608 quidem
2480 1537 2594 1607 ipsa
2619 1536 2973 1590 concordant.
3013 1533 3148 1588 Nam
3181 1533 3268 1586 illa
3293 1548 3412 1602 qua:
3445 1534 3600 1601 prius

2019 1631 2264 1685 ediderat
2291 1670 2306 1692 ,
2349 1644 2471 1684 cum
2510 1629 2615 1684 illis
2637 1644 2758 1699 qua:
2787 1637 2971 1697 postea
3006 1627 3226 1682 invertit
3254 1637 3418 1695 atque
3445 1625 3602 1680 luxa-

2021 1724 2120 1787 vit,
2152 1721 2402 1778 conferre
2429 1721 2659 1792 quilibet
2704 1730 2926 1791 potest,
2959 1731 3121 1790 atque
3160 1721 3302 1774 inter
3335 1735 3395 1774 se
3421 1719 3601 1773 disso-

334 1810 491 1865 ἀθέου
518 1811 866 1877 διδασκαλίας
896 1813 992 1885 (9),
1021 1813 1289 1885 προφάσει
1319 1815 1557 1886 χάριτος,
1589 1815 1667 1877 είς
1696 1813 1920 1884 ἔσχατον

2026 1816 2209 1869 nantia
2262 1814 2693 1880 deprehendere.
2747 1814 2973 1880 Quantae
3019 1828 3185 1884 porro
3234 1813 3474 1868 audacia:
3530 1812 3602 1865 sit

337 1903 612 1968 ἀπωλείας
653 1903 870 1977 ὄλεθρον
911 1905 1341 1977 κατωλίσθησαν.
1385 1923 1404 1955 ι
1444 1903 1556 1958 Καὶ
1601 1903 1775 1958 ταῦτα
1819 1905 1918 1974 μὲν

337 1994 521 2049 τοῦτον
555 1995 870 2066 ἱστορείσθω
904 1996 1014 2068 (10)
1037 1996 1131 2050 τὸν
1157 1995 1379 2066 τρόπον.

461 2112 997 2182 Ἐκκλησιαστικῆς
1032 2114 1298 2237 ἱιὲῗῖορὶας
1339 2113 1524 2181 λόγου
1569 2110 1840 2181 πέμπτου

1029 2202 1062 2237 τ
1137 2201 1223 2237 Oc.

1029 2201 1223 2249 tuac.

2023 1905 2288 1975 ejusmodi
2321 1904 2538 1960 facinus
2563 1946 2578 1970 ,
2612 1920 2681 1959 ne
2723 1905 2870 1973 ipsos
2900 1905 3118 1972 quidem
3149 1905 3396 1974 ignorare
3422 1902 3602 1956 credi-

2025 1997 2131 2051 bile
2154 2007 2254 2050 est.
2292 1999 2401 2050 Aut
2435 1996 2578 2050 enim
2616 2010 2803 2049 sacras
2851 1993 3164 2063 Scripturas
3189 2011 3218 2048 a
3259 2004 3449 2048 sancto
3480 1993 3603 2062 Spi-

2029 2091 2138 2144 ritu
2167 2090 2397 2144 dictatas
2423 2103 2549 2144 esse
2583 2104 2689 2144 non
2721 2089 2973 2152 credunt,
3003 2103 3066 2142 ac
3097 2089 3321 2154 proinde
3355 2087 3600 2143 infideles

2030 2191 2156 2236 sunt
2200 2199 2214 2235 :
2261 2190 2354 2235 aut
2397 2182 2719 2249 semetipsos
2749 2180 2952 2250 Spiritu
3003 2188 3192 2234 sancto
3237 2179 3602 2248 sapientiores

340 2298 458 2338 esse
499 2282 835 2344 existimant,
875 2293 939 2331 ac
970 2276 1201 2346 proinde
1241 2275 1366 2344 quid
1399 2273 1544 2328 aliud
1579 2281 1708 2329 sunt
1737 2287 1902 2343 quam
1947 2273 2308 2328 dmmoniaci?
2337 2271 2521 2343 Neque
2549 2273 2692 2327 enim
2721 2286 2919 2342 negare
2977 2272 3330 2341 possunthoc
3388 2271 3601 2328 facinus

339 2392 370 2429 a
399 2391 458 2430 se
492 2375 788 2430 admissum
826 2386 970 2436 esse,
1013 2385 1136 2426 cum
1171 2369 1412 2439 ipsorum
1448 2383 1611 2422 manu
1645 2368 1917 2438 descripta
1965 2369 2074 2424 sint
2138 2368 2507 2439 exemplaria;
2555 2381 2731 2438 neque
2794 2369 2861 2423 ab
2890 2368 3031 2433 illis,
3061 2383 3090 2422 a
3132 2367 3327 2436 quibus
3354 2366 3408 2421 in
3442 2366 3602 2422 Chri-

341 2467 484 2522 tiana
514 2466 620 2521 fide
659 2464 890 2520 instituti
923 2472 1068 2527 sunt,
1104 2461 1378 2533 ejusmodi
1445 2460 1662 2516 codices
1726 2461 2038 2530 acceperint
2104 2479 2120 2518 :

2177 2477 2280 2517 nec
2342 2460 2631 2516 ostendere
2669 2459 2880 2530 possint
2928 2457 3278 2529 exemplaria,
3306 2471 3375 2513 ex
3402 2458 3601 2528 quibus

340 2575 435 2614 sua
472 2557 558 2612 illa
590 2557 1014 2624 descripserunt.
1046 2551 1290 2618 ,Quidam
1345 2558 1529 2605 autem
1563 2566 1628 2605 ex
1665 2549 1799 2619 ipsis
1847 2564 1915 2605 ne
1952 2550 2268 2607 adulterare
2297 2551 2519 2622 quidem
2551 2549 2863 2620 Scripturas
2928 2549 3131 2618 dignati
3175 2558 3304 2604 sunt
3332 2567 3345 2603 :
3373 2551 3468 2604 sed
3527 2548 3609 2604 le-

341 2667 458 2723 gem
483 2667 547 2707 ac
576 2651 868 2722 prophetas
905 2640 1146 2702 absoluie
1175 2645 1540 2715 repndiautes,
1569 2659 1668 2714 per
1727 2644 2064 2716 illegitimam
2145 2656 2201 2702 et
2261 2647 2479 2716 impiam
2523 2647 2824 2702 doctrinam
2852 2684 2868 2713 ,
2934 2645 3038 2702 sub
3068 2645 3291 2702 obtentu
3319 2646 3509 2717 gratia
3535 2646 3593 2702 in

340 2749 661 2804 altissimum
690 2745 839 2802 exitii
876 2743 1146 2816 gurgitem
1173 2741 1382 2814 delapsi
1411 2751 1558 2797 sunt.
1594 2760 1614 2794 ι
1660 2742 1863 2798 Verum
1930 2742 1996 2798 de
2035 2741 2120 2798 his
2147 2743 2437 2798 hactenus.

1357 2862 1511 2920 Finis
1539 2861 1663 2919 fibri
1687 2865 1861 2936 quinti
1891 2863 2145 2921 Historia:
2179 2866 2569 2920 ecclesiasticis.

407 3071 484 3142 (7)
532 3069 662 3124 'I'Jz'
691 3069 886 3142 αὐτῶν
908 3069 1496 3142 κατασκευασθέντα.
1521 3067 1910 3142 ϐίινὶειοριιοιντ

2018 3070 2208 3139 Regio,
2244 3087 2346 3127 nec
2375 3070 2668 3127 admodum
2703 3067 3194 3142 necessariarmihj‘
3220 3066 3596 3142 videturafia‘

338 3137 505 3197 sontis
542 3138 993 3209 Ιθςὶιὺπάὺτοῢ,
1039 3142 1310 3209 quomodo
1348 3139 1510 3193 etiam
1557 3137 1792 3194 Savilius
1839 3138 1906 3193 ad

336 3227 486 3264 oram
535 3208 616 3266 sui
664 3210 867 3266 codicis
892 3208 1221 3264 emendavit.
1257 3208 1436 3262 Nostri
1472 3218 1650 3262 tamen
1690 3210 1908 3265 codices

338 3281 468 3334 nihil
501 3290 730 3344 mutant,
760 3289 814 3334 et
839 3280 1055 3350 vulgata
1104 3279 1268 3350 lectio
1315 3279 1674 3350 confirmatur
1700 3289 1810 3332 tum
1841 3293 1909 3333 ex

336 3352 707 3418 sequentibus,
735 3359 846 3403 tum
885 3347 954 3403 ei
979 3349 1333 3420 Theodorito.
1379 3349 1516 3420 Nam
1550 3347 1911 3420 Theodoritus

337 3425 390 3473 in
431 3420 572 3474 libro
609 3436 645 3473 ll
675 3420 1059 3474 Hmreticarum
1103 3418 1430 3488 fabularum,
1471 3435 1595 3488 cap.
1649 3418 1702 3484 5,
1748 3419 1910 3488 hujus

339 3490 440 3559 luci
473 3505 688 3559 sensum
715 3489 789 3542 ita
818 3488 1245 3559 expressitrlgal.
1264 3487 1384 3559 ουδὲ
1416 3486 1573 3559 τοῦτο
1607 3486 1911 3559 συμφώνως

338 3557 875 3646 emissust-ﬁam
895 3557 1081 3646 ξένε’
1114 3557 1250 3646 me
1279 3557 1450 3646 ἀλὲως
1482 3557 1582 3646 μὲν
1604 3557 1694 3646 τέ»)
1719 3558 1910 3646 956?:-

338 3643 446 3699 τον,
471 3625 676 3699 ἑτέρως
695 3627 752 3680 δὲ
773 3628 862 3699 τὸν
899 3625 1316 3699 ’ᾼσκληπιάδηεῃ
1345 3629 1454 3680 Καὶ
1482 3625 1806 3699 Ἑρμόφιλον
1822 3628 1916 3699 an.

338 3696 617 3784 augetur
633 3698 724 3784 τὸν
786 3696 1174 3784 ’λὶπολλωνίδην
1212 3697 1440 3784 έτέρως-
1485 3696 1597 3784 καί
1631 3696 1912 3784 τούτωνὲὲ

338 3767 562 3839 ἕκαστον
601 3765 1005 3839 ὲπιδιορθῴσεις
1037 3765 1144 3819 τῶν
1179 3765 1396 3839 οἰκείων
1436 3767 1781 3839 ποιήσασθαι.
1831 3765 1912 3839 Et;

337 3837 534 3905 quibus
562 3837 804 3907 apparet,
840 3837 1228 3890 Thcodoritum
1261 3838 1346 3907 hic
1384 3837 1580 3907 legisse
1628 3840 1680 3890 in
1714 3838 1911 3906 plurali

341 3922 584 3978 numero,
633 3905 701 3960 τὰ
742 3907 1003 3978 πρότερον
1041 3907 1132 3960 ὑπ’
1174 3905 1352 3960 αὐτῶν
1377 3905 1906 3962 κατασκευασθέντα.

338 3977 455 4044 Ipsa
487 3987 662 4030 tamen
685 3977 966 4046 orationis
989 3978 1380 4046 consequentia
1405 3993 1629 4046 poscere
1671 3981 1908 4044 videtur,

339 4055 398 4117 ut
423 4047 512 4098 ὑπ’
541 4045 708 4117 αὑτοῦ
737 4048 916 4117 pctiu‘s
942 4047 1231 4101 scribatur.
1263 4045 1341 4100 De
1366 4045 1482 4101 sclo
1509 4048 1652 4101 enim
1683 4049 1903 4117 Apollo-

341 4116 463 4185 nide
511 4116 563 4171 id
608 4116 840 4169 afﬁrmat
867 4115 1052 4180 Caius,
1087 4132 1181 4171 seu
1225 4118 1350 4185 quis
1383 4118 1526 4172 alius
1571 4115 1766 4171 auctor
1808 4118 1911 4172 fuit

338 4183 498 4239 Parvi
548 4187 854 4256 labyrinthi,
886 4186 1036 4256 illum
1066 4183 1275 4240 scilicet
1307 4187 1441 4242 duas
1467 4186 1735 4241 editiones
1757 4203 1908 4242 com-

334 4257 580 4320 posuisse
632 4255 916 4310 sacrorum
938 4255 1282 4326 __Librorum,
1329 4271 1562 4326 quarum
1635 4259 1909 4324 posterior

336 4327 560 4377 multum
595 4341 624 4378 a
655 4327 842 4394 priore
870 4324 1130 4380 differret.

403 4393 479 4465 (8)
506 4395 615 4449 Kal
642 4389 778 4464 παρ’
801 4389 893 4467 ὧν
923 4394 1378 4467 κατηχήθησαν.
1420 4394 1555 4452 Tota
1602 4396 1717 4452 haac
1765 4397 1910 4466 peri-

332 4478 463 4532 c0pe
495 4479 663 4536 usque
690 4467 756 4520 ad
787 4466 950 4521 verba
980 4466 1068 4520 illa
1100 4466 1178 4539 μὴ
1221 4467 1407 4539 ἔχωσι,
1437 4469 1589 4523 deest
1622 4467 1677 4522 in
1719 4468 1908 4523 codice

2017 3137 2178 3196 betur
2213 3155 2388 3197 tamen
2422 3144 2474 3195 in
2509 3143 2880 3196 vetustissimo
2920 3141 3110 3195 codice
3147 3137 3315 3206 Maz.,
3362 3138 3499 3196 Med.
3529 3156 3595 3194 ac

2016 3211 2152 3282 Fuk.
2179 3222 2234 3266 et
2259 3214 2310 3265 in
2336 3213 2786 3282 interpretatione
2815 3211 3023 3282 Rufini.

2087 3281 2162 3353 (9)
2209 3282 2450 3350 Ἀνόμου
2482 3276 2597 3337 ’καὶ
2623 3282 2803 3337 ἀθέου
2848 3279 3268 3346 διδασκαλίας.
3321 3276 3594 3353 Subaudi-

2013 3350 2150 3408 enda
2210 3353 2426 3407 videtur
2470 3353 2808 3422 praepositio,
2868 3353 3389 3422 intelligendusque
3437 3350 3594 3422 locus

2014 3424 2170 3492 quasi
2190 3426 2456 3492 scriptum
2471 3417 2546 3477 sit
2568 3417 2730 3476 ἕνεκα
2747 3417 2826 3476 vel
2858 3421 2944 3474 διά
2959 3417 3070 3492 τῆξ
3082 3417 3286 3491 ἀνόμου
3310 3417 3592 3492 καὶγάθέου

2013 3491 2384 3558 διδασκαλίας.
2406 3495 2479 3548 Ita
2501 3492 2616 3548 fere
2635 3493 2846 3563 Langus
2862 3506 2916 3546 et
2944 3491 3218 3563 Masculus
3247 3491 3590 3563 huncldcum

2013 3565 2355 3635 interpretati
2383 3574 2561 3635 Asunt,
2626 3561 2817 3635 melius
2853 3562 3096 3635 profecto
3147 3576 3308 3635 quam
3347 3561 3594 3635 Christo-

2013 3631 2344 3702 phorsunus.
2380 3633 2518 3688 Male
2570 3635 2734 3688 etiam
2787 3632 3016 3687 Rufinus
3063 3631 3244 3702 vertit.
3292 3639 3341 3683 et
3383 3633 3594 3681 obtentu

2014 3701 2191 3770 impia:
2221 3705 2379 3772 hujus
2411 3705 2747 3772 assertionis,
2771 3705 2922 3772 quasi
2955 3702 3142 3772 erca
3164 3701 3242 3772 sic
3264 3710 3588 3772 construen—

2014 3768 2099 3828 da.
2135 3776 2246 3828 sint
2273 3768 2516 3844 τ’,ἀνόμου
2560 3773 2654 3827 κα)⁵
2695 3771 2856 3844 ἀθέου
2907 3770 3272 3844 διδασκαλίας-
3291 3768 3590 3844 προφάσει.

2011 3844 2172 3912 Atqui
2207 3840 2475 3916 προφάσει
2502 3845 2722 3915 χάριτος
2746 3843 2887 3916 dixit
2926 3843 3211 3916 Eusebius.
3239 3840 3449 3916 Quippe
3482 3840 3594 3916 ha“.-

2015 3910 2169 3968 retici
2218 3910 2340 3982 illi,
2362 3910 2591 3969 obtentu
2619 3914 2807 3984 gratia:
2833 3927 2951 3981 qua:
2990 3928 3085 3984 per
3109 3912 3461 3984 Evange_t_iui_n
3490 3910 3591 3962 do-

2014 3998 2139 4037 nata
2171 3996 2272 4047 est.
2305 3978 2473 4054 legem
2498 4002 2560 4038 ac
2582 3978 2874 4054 prophetas
2906 3978 3592 4054 reptnlialmnt._Undeueo-

2015 4068 2134 4108 rum
2181 4047 2428 4109 doctrina
2463 4047 2660 4110 merito
2679 4047 2880 4124 ἄνομος
2909 4047 3154 4124 δι’ἀθεος
3198 4051 3398 4105 dicitur
3419 4065 3442 4124 _:
3472 4047 3592 4101 ἄνο-

2015 4137 2115 4192 μος
2142 4139 2207 4178 eo
2241 4126 2383 4194 quod
2422 4124 2591 4194 legem
2628 4118 2956 4191 rejicereut;
2988 4123 3145 4184 ἄθεος
3170 4135 3234 4194 eo
3286 4118 3432 4189 quod
3463 4133 3592 4187 pro-

2009 4195 2205 4262 phetas
2226 4192 2389 4249 unius
2411 4192 2619 4249 acveri
2655 4195 2746 4248 Dei
2782 4195 3000 4246 nuntios
3033 4192 3406 4262 repudiarent.

2085 4265 2194 4335 (10)
2245 4265 2643 4335 'lcrzopefa'aw.
2693 4264 2748 4335 l_n
2799 4267 3005 4335 Optimo
3067 4255 3255 4335 codice
3309 4255 3590 4335 λίπειτίηο

2011 4326 2270 4407 scriptum
2330 4326 2795 4407 θεῖ-ἱστορήσθω,
2833 4326 2933 4389 ὀυί
2993 4331 3211 4387 lectioni
3259 4326 3590 4397 suffragatur

2010 4405 2174 4460 etiam
2207 4406 2380 4460 codex
2412 4403 2771 4461 Fuketianus.
