4222 6406
446 360 544 417 εει

444 476 609 533 XVII.
639 478 712 531 De
739 477 1055 546 Symmacho
1078 478 1379 544 interprete.

444 547 632 602 XVIII.
664 548 737 600 De
764 548 1062 601 Ambrosio.

444 617 586 672 XIX.
638 617 770 683 Qute
815 620 879 671 tle
919 615 1147 685 Origene
1210 632 1241 667 ιι
1289 615 1572 685 gentilibus
1610 622 2019 668 commemorata

517 689 641 741 sint.

445 755 561 811 XX.
614 756 843 822 Quinam
887 756 1204 819 scriptorum
1259 756 1376 819 eius
1421 756 1597 808 a'totis
1654 753 1776 806 libri
1824 754 1892 806 ad
1926 770 2020 806 nos

516 827 863 894 pervenerint.

444 896 583 951 XXI.
619 895 851 961 Quinam
885 913 945 950 eo
980 904 1212 962 tempore
1233 894 1459 963 episcopi
1489 895 1817 947 claruerunt.

449 965 613 1019 XXII.
636 966 766 1029 Qum
792 966 1063 1034 Hippolyti
1088 982 1245 1032 opera
1274 966 1341 1017 ad
1373 981 1466 1017 nos
1490 968 1841 1033 pervenerint.

449 1034 635 1088 XXIII.
672 1035 746 1087 De
776 1036 1025 1104 Origenis
1058 1036 1239 1089 studio
1272 1054 1294 1086 :
1322 1046 1371 1086 et
1422 1037 1680 1104 quomodo
1712 1034 2021 1103 presbyterii

518 1108 767 1157 honorem
804 1109 1021 1167 adeptus
1046 1115 1138 1161 rst.

448 1174 637 1228 XXIV.
663 1173 918 1238 Quaenam
946 1174 1291 1230 Alexandriae
1316 1173 1689 1240 interpretatus
1717 1174 1803 1227 sit.

448 1243 616 1299 XXV.
684 1243 927 1309 Qualiter
988 1245 1153 1299 libros
1226 1250 1497 1313 utriusque
1546 1241 1866 1298 Testamenti
1935 1261 2017 1294 re-

520 1325 744 1368 censeat.

424 1383 429 1387 ’
446 1382 636 1438 XXVI.
667 1381 936 1448 Quomodo

517 1454 688 1519 episco
698 1464 890 1508 uatum.

448 1523 538 1577 XX
554 1524 657 1576 VII.
684 1524 922 1587 Qualiter
942 1524 1171 1592 episcopi
1210 1524 1491 1591 Origenem
1515 1522 1888 1591 suscipiebant.

452 1593 682 1646 XXVIII.
714 1594 786 1645 De
807 1595 1166 1659 persecutione
1188 1595 1282 1646 sub
1314 1593 1627 1647 Maximino.

448 1662 633 1715 XXIX.
661 1663 735 1716 De
769 1662 1033 1727 Fabiano,
1069 1665 1300 1732 qualiter
1329 1664 1689 1718 Romanorum
1734 1664 2009 1732 episcopus

514 1735 764 1786 divinitus
788 1735 1093 1801 designatus
1125 1743 1223 1787 est.

441 1802 724 1868 XXX-Qui
765 1803 960 1869 fuerint
996 1801 1242 1871 Origenis
1281 1802 1552 1871 discipuli.

441 1872 632 1927 XXXI.
670 1874 743 1925 De
769 1874 1020 1942 Africano
1046 1885 1337 1942 temporum
1376 1875 1648 1943 scriptore.

1005 1383 1266 1439 Heraclus
1315 1382 1739 1437 Alexandrinum
1785 1384 2017 1447 suscepit

962 2074 1361 2127 ΚΕΦΑΛᾹΙΟΝ
1408 2075 1489 2129 A'.

457 2168 598 2234 Περὶ
630 2166 736 2221 τοῦ
765 2166 918 2221 κατὰ
944 2166 1209 2235 Σεϐἦρον
1236 2166 1491 2235 διωγμοῦ
1504 2166 1644 2239 (Nic.
1669 2166 1715 2220 Η
1726 2208 1740 2220 .
1759 2166 1824 2223 Ε.
1850 2186 1901 2233 v,
1922 2171 1994 2240 Ξ).

515 2259 605 2322 Ὠς
641 2259 699 2312 δὲ
727 2259 822 2311 καὶ
846 2257 1086 2328 Σεὸἧρος
1117 2257 1354 2327 διωγμὸν
1381 2256 1522 2310 κατὰ
1550 2256 1659 2310 τῶν
1685 2258 2020 2331 Ἐκκλησιῶν

436 2353 626 2415 ὲκίνει,
652 2350 882 2423 λαμπρὰ
924 2351 1021 2420 μὲν
1052 2349 1161 2402 τῶν
1200 2351 1339 2421 ὑπὲρ
1364 2350 1646 2414 εὐσεϐείας
1678 2350 1923 2424 ἀθλητῶν
1962 2354 2019 2404 ἐν

436 2444 675 2507 ἁπάσαις
710 2447 831 2506 ταῖς
870 2442 1216 2512 Ἐκκλησίαις
1249 2443 1390 2497 κατὰ
1418 2446 1593 2498 πάντα
1620 2446 1781 2499 τόπον
1824 2449 2023 2500 ἀπετε-

435 2534 579 2588 λεῖτο
619 2534 914 2607 μαρτύρια,
970 2535 1203 2604 μάλιστα
1252 2536 1297 2588 δ’
1337 2536 1604 2608 ἐπλήθυεν
1643 2538 1728 2591 ἐπ’
1777 2539 2020 2605 Ἀλεξαν-

434 2627 654 2698 δρείας·
699 2626 807 2679 τῶν
855 2628 949 2679 ἀπ’
985 2627 1260 2697 Αἰγύπτου
1325 2629 1418 2683 καὶ
1463 2629 1728 2699 Θηϐαΐδος
1772 2631 2018 2703 ἀθλητῶν

434 2717 746 2789 ἀριστίνδην
792 2719 976 2772 αὐτόθι
1028 2718 1216 2792 ὥσπερ
1252 2722 1347 2774 ἐπὶ
1400 2721 1653 2792 μέγιστον
1680 2722 1814 2777 Θεοῦ
1844 2742 2020 2799 παρα-

434 2812 802 2882 πεμπομένων
836 2811 1046 2865 στάδιον
1066 2852 1080 2874 ,
1110 2813 1197 2866 διὰ
1231 2816 1711 2886 καρτερικωτάτης
1739 2834 1797 2869 τε
1838 2819 2018 2872 ποικί-

433 2900 538 2954 λων
586 2900 833 2971 βασάνων
878 2903 972 2957 καὶ
1019 2903 1251 2958 θανάτου
1292 2906 1509 2978 τρόπων
1552 2906 1849 2980 ὑπομονῆς,
1893 2912 2019 2974 τοὺς

434 2991 585 3066 παρὰ
612 2993 745 3046 Θεοῦ
770 2995 1065 3064 στεφάνους
1092 2996 1488 3068 ἁναδουμένων.
1531 2999 1619 3052 Ἐν
1645 2993 1726 3063 οἷς
1759 3001 1852 3054 καὶ
1880 3004 2019 3055 Λεω-

433 3085 581 3156 νίδης
620 3086 649 3139 ὁ
684 3085 975 3157 λεγόμενος
1027 3089 1335 3159 Ὠριγένους
1384 3090 1569 3162 πατὴρ
1628 3091 1727 3159 τὴν
1772 3092 2016 3163 κεφαλὴν

432 3177 789 3251 ἀποτμηθεὶς,
818 3180 936 3233 νέον
960 3182 1159 3252 κομιδῆ
1184 3179 1501 3235 καταλείπει
1532 3183 1623 3237 τὸν
1648 3184 1839 3237 παῖδω
1866 3184 1924 3248 ὃς
1951 3185 2016 3257 δὴ

430 3270 622 3334 ὁποίας
660 3270 719 3337 ἐξ
753 3271 958 3324 ἐκείνου
985 3273 1113 3342 περὶ
1139 3272 1230 3324 τὸν
1262 3272 1403 3324 θεῖον
1426 3270 1582 3340 λόγον
1626 3272 1733 3343 (II)
1760 3274 2019 3345 προαιρέο

435 3377 571 3424 σεως
595 3357 686 3433 ἦν,
714 3363 815 3414 οὐκ
846 3361 1073 3432 ἄκαιρον
1103 3360 1191 3414 διὰ
1242 3361 1486 3431 βραχέων
1513 3361 1760 3427 διελθεῖν,
1786 3363 1865 3434 τῷ
1909 3365 2015 3435 μά-

1464 346 1811 410 ιιιετοιιυε
1850 334 2408 407 εοειΕειΑεΤιοΑε
2448 341 2577 405 LIB.
2619 346 2705 406 Vl.

2053 477 2099 532 Α
2129 470 2343 525 XXXII.
2373 469 2512 536 Quot
2541 481 2590 525 et
2610 488 2739 541 quos
2765 469 3021 541 Origenes
3048 470 3305 524 Ctesarete
3327 468 3380 522 in
3411 467 3702 525 Palaestina

3598 354 3703 411 529

2194 543 2598 595 commentarios
2624 543 2853 599 scripsit.

2124 610 2360 665 XXXIII.
2390 612 2464 664 De
2486 627 2665 664 errore
2696 610 2919 678 Be-rylli.

2127 679 2367 735 XXXIV.
2406 680 2481 733 De
2518 679 2760 745 Philippo
2790 683 3018 733 Utesare.

2126 750 2341 803 XXXV.
2379 750 2653 813 Quomodo
2678 750 2964 819 Dionysius
2993 747 3241 804 lleraclce
3288 750 3344 804 in
3396 749 3703 819 episcopatu

2122 832 2556 955 XXXcVelfs'Quot
2588 900 2845 958 praeterea
2885 890 3007 944 libri
3064 890 3128 942 ab
3174 886 3401 959 Origene
3434 887 3706 943 lucubrati

2121 972 2385 1084 XXXXII.
2418 1028 2493 1083 De
2520 1030 2755 1082 Arabum
2788 1029 3080 1085 discordia.

2124 1100 2410 1153 XXXVIII.
2440 1099 2513 1152 De
2534 1100 2721 1153 Itseresi
2758 1098 3184 1154 Helcesuitarum
3202 1137 3215 1148 .

2123 1169 2363 1295 XXOXIX.
2399 1172 2473 1224 De
2521 1172 2879 1238 persecutione
2920 1170 3066 1222 Decii
3102 1184 3123 1221 :
3170 1181 3219 1224 et
3260 1186 3379 1240 qua:
3413 1186 3602 1239 passus
3627 1180 3703 1222 est

2250 1257 2470 1295 riaenes.

2250 1257 2470 1295 riaenes.

2121 1257 2593 1381 Xlgrifequuw
2617 1307 2876 1381 Dionysio
2896 1310 3154 1381 episcOpo
3190 1309 3521 1381 acciderunt.

2120 1380 2255 1434 XLI.
2300 1379 2375 1432 De
2409 1382 2474 1434 iis
2502 1381 2592 1447 qui
2615 1379 2955 1433 Alexandria:
2974 1380 3297 1447 Martyrium
3328 1381 3624 1434 subierunt.

2120 1452 2280 1505 XLII.
2312 1449 2386 1503 De
2419 1453 2542 1504 alits
2577 1467 2609 1502 a
2641 1448 2900 1518 Dionysio
2932 1451 3379 1502 commemoratis.

2119 1521 2299 1574 XLIII.
2333 1520 2407 1573 De
2441 1520 2667 1582 Novato,
2701 1517 3005 1590 cujusmodi
3036 1521 3271 1573 moribus
3306 1518 3468 1588 fuerit
3511 1533 3529 1572 :
3560 1529 3610 1573 et
3634 1517 3705 1578 de

2190 1592 2304 1658 ejus
2330 1592 2537 1645 hteresi.

2122 1662 2303 1715 XLIV.
2341 1660 2599 1715 Narratio
2630 1658 2871 1730 Dionysii
2902 1660 2967 1713 de
2994 1659 3310 1730 Serapione.

2120 1732 2281 1786 XLV.
2318 1731 2553 1800 Epistola
2584 1729 2828 1799 Dionysii
2877 1732 2945 1783 ad
2986 1729 3274 1784 Noratum.

2128 1802 2306 1857 XLVI.
2341 1804 2415 1854 De
2446 1800 2565 1855 aliis
2598 1800 2838 1869 Dionysii
2876 1800 3130 1869 episto'is.

2639 2072 2796 2142 θυι
2832 2072 3062 2128 CAPUT
3098 2072 3135 2125 I.

2503 2164 2581 2218 De
2609 2165 2969 2228 persecutione
3004 2164 3098 2217 sub
3127 2161 3341 2219 Severo.

2200 2260 2368 2313 Porro
2392 2274 2515 2313 cum
2543 2256 2781 2311 Severus
2822 2254 3259 2323 perseculionem
3307 2257 3567 2313 adversus
3592 2259 3699 2316 Ec.

2121 2352 2318 2407 clesias
2349 2350 2671 2414 excitasset,
2699 2362 2798 2419 per
2829 2362 3021 2402 omnes
3057 2348 3276 2417 quidem
3328 2349 3527 2419 ubique
3555 2352 3703 2408 loco-

2122 2457 2240 2496 rum
2263 2440 2529 2496 ecclesias
2570 2441 2638 2494 ab
2689 2439 2913 2494 athletis
2945 2454 3042 2508 pro
3098 2440 3298 2510 pietate
3352 2445 3701 2500 certantibus

2121 2531 2348 2587 illustria
2392 2541 2523 2586 sunt
2569 2530 2817 2586 confecta
2854 2534 3132 2605 martyris.
3183 2531 3465 2602 Praecipue
3510 2545 3697 2591 tamen

2121 2624 2473 2679 Alexandriae
2524 2625 2934 2691 increbuerunt,
2967 2642 3088 2681 cum
3121 2642 3189 2683 ex
3243 2628 3497 2684 universa
3523 2627 3701 2700 Egyp

2120 2726 2214 2783 pto
2248 2732 2312 2771 ac
2340 2715 2621 2772 Thebaide
2671 2718 2956 2773 lectissimi
3019 2720 3231 2790 pugiles
3261 2735 3328 2775 eo
3360 2730 3615 2790 tanquam
3642 2723 3698 2776 in

2120 2808 2518 2878 amplissimum
2557 2809 2653 2865 Dei
2701 2813 2934 2866 stadium
2982 2813 3406 2881 deducerentur,
3434 2816 3699 2886 etcujus-

2119 2901 2371 2970 quemodi
2435 2910 2705 2957 tormenta
2737 2914 3057 2972 mortesque
3106 2904 3314 2962 invicto
3358 2907 3544 2962 animo
3566 2922 3697 2976 per-

2120 2994 2287 3062 pessi,
2336 2994 2673 3047 immortales
2700 3009 2729 3047 a
2784 2997 2894 3049 Deo
2918 3011 3150 3051 coronas
3190 2997 3520 3066 acciperent.
3548 2997 3699 3054 Inter

2115 3098 2255 3152 quos
2306 3076 2593 3140 ’Leonides
2650 3087 2743 3154 qui
2776 3084 3029 3156 Origenis
3080 3097 3234 3158 pater
3263 3088 3428 3145 fuisse
3468 3091 3696 3159 dicitur,

2119 3177 2297 3244 Capite
2360 3184 2685 3240 truncatus,
2734 3178 3109 3246 supradictqu
3181 3180 3350 3233 lilium
3403 3181 3694 3237 admodum

2120 3267 2520 3323 adolescentem
2578 3267 2820 3337 reliquit.
2896 3268 2999 3335 Qui
3036 3281 3246 3339 quanto
3273 3273 3440 3327 animi
3490 3274 3694 3344 impetu

2118 3373 2244 3428 erga
2277 3359 2514 3417 divinam
2541 3360 2702 3415 ﬁdem
2756 3358 2870 3429 jam
2920 3363 3046 3417 inde
3089 3365 3158 3418 ab
3201 3364 3294 3418 illa
3347 3374 3508 3421 astate
3533 3365 3698 3423 fuerit

430 3450 592 3506 λιστα
625 3453 792 3506 πολὺν
822 3448 964 3505 εἶναι
995 3452 1145 3522 παρὰ
1180 3456 1293 3515 τοῖς
1327 3452 1542 3517 πολλοῖς
1571 3453 1662 3507 τὸν
1689 3457 1816 3525 περὶ
1846 3456 2010 3511 αὑτοῦ

2116 3449 2366 3515 allectus,
2388 3466 2493 3506 non
2543 3452 2653 3506 erit
2678 3453 3118 3524 intempestivum
3147 3456 3338 3525 paucis
3360 3472 3694 3515 commemo-

435 3542 596 3613 βεϐοη
604 3543 761 3614 μένον
793 3542 965 3611 λόγον.

996 3726 1344 3779 ΚΕΦΑΛΙΟΝ
1373 3727 1448 3779 B'.

549 3818 688 3886 Περὶ
726 3817 836 3886 τῆς
876 3817 1211 3957 Ὥῗςγςένοές
1357 3816 1570 3959 πςςδὸς
1600 3818 1921 3888 ἀσκήσεως

975 3904 989 3941 L
1021 3904 1090 3943 lC.
1183 3927 1196 3940 .
1254 3927 1296 3941 η
1327 3905 1378 3954 ν,
1408 3908 1441 3943 ο
1471 3928 1484 3941 .

975 3904 1090 3943 mc.
1126 3904 1196 3940 η.
1231 3904 1296 3941 η.
1327 3905 1378 3954 ν,
1408 3904 1484 3954 ο).

500 3978 677 4035 Πολλὰ
709 3978 808 4050 μὲν
836 3975 930 4033 οὗν
961 3979 1025 4033 ἄν
1052 3998 1138 4043 τις
1165 3980 1331 4043 εἴποι,
1356 3979 1447 4034 τὸν
1471 3980 1585 4051 βίον
1608 3978 1701 4033 τοῦ
1729 3981 1924 4054 ἀνδρὸς
1951 3985 2009 4038 ἐν

429 4074 588 4145 σχολῇ
621 4071 951 4143 παραδοῦναι
983 4071 1072 4125 διὰ
1102 4074 1320 4143 γραφῆς
1362 4069 1722 4142 πειρώμενος,
1764 4073 1941 4128 δέοιτο
1963 4075 2008 4128 δ’

426 4165 491 4220 ἂν
522 4165 617 4219 καὶ
644 4165 780 4227 ἰδίας
799 4162 1162 4234 ὑποθέσεως-ὴ
1187 4164 1315 4235 περὶ
1336 4161 1502 4216 αὑτοῦ
1526 4163 1795 4232 σύνταξις,
1820 4167 2009 4237 Ὅμως

426 4254 470 4308 δ’
497 4257 656 4325 ἡμεῖς
689 4254 780 4306 ἐπὶ
805 4252 899 4306 τοῦ
924 4253 1192 4323 παρόντος
1217 4253 1631 4325 ὲπιτεμνόμενοι
1656 4255 1724 4309 τὰ
1758 4255 2005 4322 πλεῖστα,

423 4344 514 4399 διὰ
543 4343 787 4416 βραχέων
828 4342 904 4407 ὡς
942 4338 1054 4396 οἷόν
1085 4359 1144 4395 τε
1173 4341 1331 4411 ὀλίγα
1357 4342 1495 4396 ἄττα
1536 4341 1646 4396 τῶν
1678 4345 1807 4416 περὶ
1846 4344 2009 4398 αὑτὸν

423 4434 826 4505 διελευσόμεθα,
858 4433 920 4487 ἐκ
962 4450 1123 4487 τινων
1154 4432 1453 4486 ἐπιστολῶν
1495 4433 1589 4487 καὶ
1630 4432 1870 4507 ἱστορίας
1900 4435 2009 4489 τῶν

425 4526 519 4580 καὶ
549 4527 629 4589 εἰς
655 4527 802 4597 ἡμᾶς
822 4526 900 4597 τῷ
927 4524 1026 4597 βίῳ
1042 4523 1476 4593 πεφυλαγμένων
1507 4524 1670 4579 αὐτοῦ
1696 4524 2005 4598 γνωρίμων,

368 4645 385 4652 έ
422 4619 493 4672 τὰ
521 4619 824 4691 δηλούμενα
869 4622 1143 4693 φέροντες.
1190 4622 1497 4692 Ὠριγένους
1538 4620 1648 4692 (12)
1699 4623 1794 4676 καὶ
1836 4622 1903 4677 τὰ
1949 4624 2009 4689 ἐξ

423 4711 621 4777 αὐτῶν,
647 4713 720 4775 ὡς
748 4714 942 4772 εἰπεῖν.
970 4713 1298 4783 σπαργάνων
1323 4712 1793 4784 ἀξιομνημόνευτα
1814 4732 1904 4785 μοι
1927 4712 2006 4769 εῖ-

424 4820 510 4861 ναι
535 4803 702 4857 δοκεῖ.
727 4804 961 4857 Δέκατον
994 4803 1091 4873 μὲν
1126 4801 1232 4870 γὰρ
1251 4804 1434 4872 ἐπεῖχε
1462 4803 1700 4874 Σεὸἧρος
1725 4803 1825 4875 τῆς
1850 4803 2003 4874 βασι-

2117 3554 2262 3607 rare,
2316 3541 2623 3608 praesertim
2678 3557 2804 3597 cum
2825 3543 2942 3612 ejus
2988 3547 3128 3598 fama
3165 3546 3353 3601 multis
3398 3550 3693 3606 nmltorum

2114 3634 2394 3690 hominum
2426 3636 2772 3691 sermonibus
2801 3638 3134 3693 celebretur.

2756 3730 2986 3786 CAPUT
3016 3730 3079 3786 II.

2418 3820 2496 3875 De
2520 3820 2765 3891 Origenis
2791 3839 2823 3874 α
2845 3839 3012 3891 puero
3033 3824 3384 3879 institutione.

2183 3974 2339 4043 Quod
2397 3975 2443 4030 si
2483 3977 2606 4046 quis
2662 3977 2827 4032 vitam
2888 3979 3030 4051 illius
3075 3981 3174 4037 viri
3217 3995 3475 4040 accurate
3503 3995 3559 4056 ct
3597 4001 3694 4056 per

2112 4069 2281 4122 Otium
2304 4066 2437 4123 velit
2466 4070 2665 4126 litteris
2696 4071 2937 4139 tradere,
2978 4072 3139 4146 longa
3177 4074 3420 4145 profecto
3443 4054 3691 4135 oratione

2111 4174 2246 4228 opus
2267 4170 2412 4214 esset
2441 4178 2457 4216 :
2489 4161 2648 4231 idque
2680 4175 3060 4234 argumentum
3109 4168 3385 4237 proprium
3414 4184 3549 4239 opus
3584 4169 3687 4225 Ila-

2111 4253 2324 4322 gitaret.
2378 4253 2578 4310 Verum
2633 4270 2732 4311 nos
2787 4258 3254 4329 inpraesentiarum
3322 4263 3579 4333 pleraque
3632 4266 3686 4318 in

2112 4346 2490 4413 compendium
2543 4348 2888 4418 redigenles,
2962 4366 3131 4420 pauca
3175 4354 3422 4422 quaedam
3474 4357 3541 4410 de
3595 4354 3690 4410 illo

2109 4438 2287 4507 quoad
2321 4440 2439 4492 Iieri
2476 4451 2658 4509 potest
2683 4443 3004 4499 brevissime
3023 4446 3321 4500 referemus
3346 4464 3359 4499 :
3385 4446 3585 4516 partim
3617 4462 3689 4502 ex

2094 4529 2431 4597 quibusdam
2491 4533 2759 4601 epistolis,
2820 4535 3019 4602 partim
3071 4552 3136 4590 ex
3194 4538 3542 4593 sermonibus
3570 4537 3686 4604 ejus

2111 4621 2495 4691 discipulorum
2532 4625 2623 4692 qui
2652 4626 2718 4680 ad
2754 4638 2994 4680 nostram
3023 4642 3196 4697 usque
3241 4638 3459 4684 tetatem
3499 4644 3690 4700 super—

2112 4712 2267 4767 stites
2298 4710 2539 4777 fuerunt,
2575 4726 2852 4785 comperta
2890 4717 2942 4770 in
2968 4719 3203 4773 medium
3224 4715 3535 4774 all'erentes.
3562 4719 3688 4775 Ori-

2114 4801 2266 4870 genis
2288 4816 2375 4858 res
2404 4803 2568 4859 etiam
2594 4818 2625 4857 a
2653 4806 2868 4874 primis,
2898 4818 2958 4861 ut
2990 4808 3061 4861 ita
3098 4809 3297 4872 dicam,
3342 4809 3688 4865 incunabulis

423 4892 571 4958 λείας
600 4894 752 4958 ἔτος,
783 4897 969 4965 ἡγεῖτο
1001 4894 1058 4946 δὲ
1104 4892 1507 4964 Ἀλεξανδρείας
1554 4894 1651 4950 καὶ
1687 4896 1786 4965 τῆς
1818 4895 2009 4967 λοιπῆς

2114 4905 2297 4964 gestae,
2327 4899 2852 4954 commemoratione
2877 4899 3056 4968 digna)
3109 4901 3241 4955 tuihi
3286 4900 3688 4973 videntur.lgi-

494 5013 605 5084 (II)
636 5012 777 5081 Περὶ
802 5009 1097 5084 conﬁcior
1124 5012 1331 5080 λόγον.
1364 5010 1594 5084 Ruﬁnus
1628 5011 1822 5065 divina:
1868 5011 1995 5080 legis

422 5078 622 5149 studia,
663 5078 1186 5150 Christophorsonus
1211 5078 1500 5134 sacrarum
1530 5078 1855 5134 Litterarum
1883 5078 1998 5135 stu-

421 5148 573 5209 dium
617 5148 1030 5223 interpretatur.
1061 5148 1334 5223 Musculus
1361 5165 1508 5223 vero
1528 5152 1991 5223 divinamﬂdoctric

423 5241 549 5280 nam
582 5220 781 5278 vertit;
813 5220 1152 5290 Nic-ephorus
1184 5221 1238 5273 in
1270 5220 1409 5273 libro
1440 5221 1612 5290 v_h:nc
1644 5236 1712 5275 es
1753 5222 1982 5277 Eusebio

423 5294 759 5357 describens,
812 5288 960 5362 ἱερὸν
987 5288 1169 5362 λόγον-
1199 5290 1396 5362 posuit.
1455 5288 1753 5345 Observavi
1803 5303 1983 5347 autem

422 5363 741 5425 Eusebium,
778 5359 990 5431 quaties
1031 5364 1097 5431 de
1133 5359 1422 5431 Evangelia
1468 5374 1562 5415 seu
1608 5362 1673 5415 de
1726 5363 1986 5431 religione

423 5434 731 5510 Christiana
755 5428 1013 5510 loquitur,
1032 5428 1361 5510 ,θεῖον-λόγον
1396 5429 1447 5482 in
1475 5431 1733 5510 singulari
1764 5428 1983 5510 solitum

422 5520 544 5560 esse
582 5504 782 5558 dicere.
816 5503 890 5555 De
925 5501 1226 5571 Scripturis
1254 5513 1382 5571 vc_r_o
1413 5501 1616 5555 sanctis
1651 5515 1769 5571 cum
1803 5502 1981 5571 loqui--

422 5584 514 5629 tur
550 5573 726 5637 θείους
753 5573 943 5640 λόγους
977 5568 1270 5640 appellare.
1301 5567 1394 5623 Sic
1432 5571 1486 5622 in
1517 5583 1644 5638 cap.
1666 5569 1707 5640 5,
1728 5567 1890 5639 hujus
1918 5573 1983 5625 Ii-

421 5644 506 5698 bri
527 5644 625 5715 τὴν
642 5645 731 5715 εἰς
748 5639 837 5695 τὸν
857 5640 997 5715 θεῖον
1018 5639 1410 5715 λόγον-πίστιν,
1449 5648 1504 5693 et
1528 5655 1647 5715 c_ap.
1680 5639 1737 5704 5,
1766 5641 1820 5693 iu
1855 5642 1979 5715 line.

495 5708 608 5785 (Ii)
639 5713 793 5782 Vulg.
818 5709 1100 5781 φέροντες
1137 5708 1487 5785 Ὠριγὲνους.
1515 5708 1869 5785 _Pust_s_rocem
1890 5711 1986 5781 φέ-

430 5780 610 5852 ροντες
624 5780 926 5855 ponendum
950 5790 1029 5835 est
1056 5790 1331 5850 punctum.
1362 5780 1561 5835 Deinde
1586 5780 1927 5837 scribendum
1956 5799 1985 5835 a

643 5875 935 5965 .Pn‘aos.
1002 5869 1119 5929 Gn.
1179 5866 1321 5930 XX.

2103 5011 2307 5079 capite:
2329 5011 2748 5092 ’thyé‘rouc_:tal
2771 5014 2839 5092 τᾲ
2860 5014 3426 5092 ἐξαύτῶνιῲςεῐπετν,
3446 5021 3691 5092 σπαργά-
3740 5008 3747 5017 ⁸

2103 5097 2229 5143 νων,
2266 5093 2400 5149 etc.,
2437 5098 2495 5137 ut
2520 5086 2779 5140 scribitur
2810 5086 2862 5138 iu
2899 5088 3088 5140 codice
3117 5087 3416 5143 Mazariuo.
3449 5086 3687 5145 Nec-alt-

2106 5161 2189 5204 ter
2217 5151 2420 5229 legisse
2451 5155 2668 5229 ridetur
2713 5154 3279 5229 Cltrismphorsouus,
3314 5160 3472 5229 cujus
3498 5160 3688 5214 lectio-

2103 5237 2224 5275 nem
2256 5238 2321 5275 ac.
2355 5223 2762 5279 distinctionem
2793 5241 2894 5279 nos
2923 5226 3013 5280 hic
3057 5223 3274 5282 libenti
3299 5223 3486 5284 animo
3512 5231 3684 5283 secuti

2094 5307 2304 5369 sumus.
2343 5290 2515 5369 Porro
2542 5305 2597 5369 et
2626 5296 2757 5369 illud
2795 5296 3261 5369 ntunenduuLest,
3294 5298 3553 5369 Origeuis
3582 5315 3684 5350 tto-

2096 5376 2217 5436 mcu
2257 5362 2317 5436 in
2357 5364 2515 5417 codd.
2550 5363 2829 5436 Medicam,
2859 5364 2998 5418 Μαι.
3027 5376 3084 5420 et
3114 5362 3253 5423 Fult.
3299 5362 3516 5436 sem'per
3559 5384 3684 5420 cum

2093 5432 2429 5502 aspiratione
2464 5434 2652 5498 scribi,
2676 5437 2951 5502 quomodo
2980 5437 3034 5489 in
3071 5436 3341 5492 Theodori
3372 5432 3683 5492 bletochitze

2093 5500 2496 5575 Commentariis
2536 5500 2807 5573 scriptum
2844 5507 2977 5560 olim
3035 5506 3221 5575 legere
3258 5508 3503 5561 memini.
3568 5504 3681 5559 Nec

2092 5572 2337 5648 displicet
2384 5573 2506 5648 huic
2576 5572 2887 5648 scriptura,
2945 5572 3116 5629 uamw
3147 5575 3434 5648 Ὤριγένης
3479 5576 3681 5648 dicitur

2091 5642 2243 5710 quasi
2304 5641 2408 5722 ᾡρὶ
2453 5643 2753 5722 γεννηθείς,
2807 5646 2859 5701 id
2904 5656 3009 5711 est,
3064 5641 3558 5719 matu're'genitus;
3590 5647 3680 5699 cui
3752 5712 3759 5719 ο

2096 5711 2431 5769 contrarium
2472 5723 2557 5769 est
2589 5711 2748 5784 ἁωρί.

3372 5877 3443 5941 I7
