  <div class='ocr_page' id='page_1' title='image "/cluster/home/n/w/nwhite01/storage/ocr_20150623/20:no.2/coo.31924054873009/271.png"; bbox 0 0 4222 6434; ppageno 0'>
   <div class='ocr_carea' id='block_1_1' title="bbox 544 381 649 437">
    <p class='ocr_par' dir='ltr' id='par_1_1' title="bbox 544 381 649 437">
     <span class='ocr_line' id='line_1_1' title="bbox 544 381 649 437; baseline 0 -1"><span class='ocrx_word' id='word_1_1' title='bbox 544 381 649 437; x_wconf 66' lang='lat'><strong>595</strong></span> 
     </span>
    </p>
   </div>
   <div class='ocr_carea' id='block_1_2' title="bbox 1307 373 3105 434">
    <p class='ocr_par' dir='ltr' id='par_1_2' title="bbox 1307 373 3105 434">
     <span class='ocr_line' id='line_1_2' title="bbox 1307 373 3105 434; baseline -0.002 -2"><span class='ocrx_word' id='word_1_2' title='bbox 1307 376 1573 434; x_wconf 79' lang='lat' dir='ltr'><strong>EUSEBII</strong></span> <span class='ocrx_word' id='word_1_3' title='bbox 1612 373 2081 433; x_wconf 65' lang='lat' dir='ltr'><strong>CESARIENSIS</strong></span> <span class='ocrx_word' id='word_1_4' title='bbox 2117 375 2267 431; x_wconf 81' lang='lat' dir='ltr'><strong>OPP.</strong></span> <span class='ocrx_word' id='word_1_5' title='bbox 2307 373 2487 430; x_wconf 78' lang='lat' dir='ltr'><strong>PARS</strong></span> <span class='ocrx_word' id='word_1_6' title='bbox 2523 374 2565 429; x_wconf 87' lang='lat' dir='ltr'><strong>l.</strong></span> <span class='ocrx_word' id='word_1_7' title='bbox 2606 405 2677 415; x_wconf 90' lang='lat'><strong><em>—</em></strong></span> <span class='ocrx_word' id='word_1_8' title='bbox 2716 373 3105 430; x_wconf 78' lang='lat' dir='ltr'><strong>HISTORICA.</strong></span> 
     </span>
    </p>
   </div>
   <div class='ocr_carea' id='block_1_3' title="bbox 3704 381 3809 437">
    <p class='ocr_par' dir='ltr' id='par_1_3' title="bbox 3704 381 3809 437">
     <span class='ocr_line' id='line_1_3' title="bbox 3704 381 3809 437; baseline 0.019 -2"><span class='ocrx_word' id='word_1_9' title='bbox 3704 381 3809 437; x_wconf 68' lang='grc' dir='ltr'><strong>εει</strong></span> 
     </span>
    </p>
   </div>
   <div class='ocr_carea' id='block_1_4' title="bbox 539 489 2111 565">
    <p class='ocr_par' dir='ltr' id='par_1_4' title="bbox 539 491 2111 564">
     <span class='ocr_line' id='line_1_4' title="bbox 539 491 2111 564; baseline -0.005 -10"><span class='ocrx_word' id='word_1_10' title='bbox 539 504 629 549; x_wconf 83' lang='lat' dir='ltr'><strong>tul‘</strong></span> <span class='ocrx_word' id='word_1_11' title='bbox 656 491 864 554; x_wconf 82' lang='lat' dir='ltr'><strong>Severo</strong></span> <span class='ocrx_word' id='word_1_12' title='bbox 890 507 1088 550; x_wconf 82' lang='lat' dir='ltr'><strong>annum</strong></span> <span class='ocrx_word' id='word_1_13' title='bbox 1115 495 1326 564; x_wconf 88' lang='lat' dir='ltr'><strong>imperii</strong></span> <span class='ocrx_word' id='word_1_14' title='bbox 1352 495 1622 548; x_wconf 87' lang='lat' dir='ltr'><strong>decimum</strong></span> <span class='ocrx_word' id='word_1_15' title='bbox 1647 500 1863 562; x_wconf 90' lang='lat' dir='ltr'><strong>agente,</strong></span> <span class='ocrx_word' id='word_1_16' title='bbox 1885 491 2111 547; x_wconf 80' lang='lat' dir='ltr'><strong>Alexan-</strong></span> 
     </span>
    </p>
   </div>
   <div class='ocr_carea' id='block_1_5' title="bbox 2207 489 3807 565">
    <p class='ocr_par' dir='ltr' id='par_1_5' title="bbox 2224 489 3807 565">
     <span class='ocr_line' id='line_1_5' title="bbox 2224 489 3807 565; baseline 0.003 -21"><span class='ocrx_word' id='word_1_17' title='bbox 2224 491 2498 561; x_wconf 75' lang='grc' dir='ltr'><strong>Αἰγύπτου</strong></span> <span class='ocrx_word' id='word_1_18' title='bbox 2534 491 2749 553; x_wconf 79' lang='grc' dir='ltr'><strong>Δαῖτος,</strong></span> <span class='ocrx_word' id='word_1_19' title='bbox 2785 489 2893 542; x_wconf 83' lang='grc' dir='ltr'>τῶν</span> <span class='ocrx_word' id='word_1_20' title='bbox 2921 490 2979 544; x_wconf 85' lang='grc' dir='ltr'>δὲ</span> <span class='ocrx_word' id='word_1_21' title='bbox 3002 490 3186 543; x_wconf 79' lang='grc' dir='ltr'>αὐτόθι</span> <span class='ocrx_word' id='word_1_22' title='bbox 3217 491 3519 563; x_wconf 81' lang='grc' dir='ltr'>παροικιῶν</span> <span class='ocrx_word' id='word_1_23' title='bbox 3552 492 3651 565; x_wconf 78' lang='grc' dir='ltr'>τὴν</span> <span class='ocrx_word' id='word_1_24' title='bbox 3683 495 3807 548; x_wconf 50' lang='grc' dir='ltr'>ἐπι,</span> 
     </span>
    </p>
   </div>
   <div class='ocr_carea' id='block_1_6' title="bbox 540 588 2122 662">
    <p class='ocr_par' dir='ltr' id='par_1_6' title="bbox 540 588 2122 662">
     <span class='ocr_line' id='line_1_6' title="bbox 540 588 2122 662; baseline -0.003 -13"><span class='ocrx_word' id='word_1_25' title='bbox 540 596 673 649; x_wconf 83' lang='lat' dir='ltr'><strong>driae</strong></span> <span class='ocrx_word' id='word_1_26' title='bbox 704 603 759 648; x_wconf 91' lang='lat' dir='ltr'><strong>ct</strong></span> <span class='ocrx_word' id='word_1_27' title='bbox 788 593 952 648; x_wconf 90' lang='lat' dir='ltr'><strong>totius</strong></span> <span class='ocrx_word' id='word_1_28' title='bbox 974 590 1191 662; x_wconf 63' lang='lat' dir='ltr'><strong>Egypti</strong></span> <span class='ocrx_word' id='word_1_29' title='bbox 1222 590 1385 660; x_wconf 73' lang='lat'><strong>202</strong></span> <span class='ocrx_word' id='word_1_30' title='bbox 1426 588 1805 659; x_wconf 70' lang='lat' dir='ltr'><strong>prazl&#39;ecturam</strong></span> <span class='ocrx_word' id='word_1_31' title='bbox 1839 588 2122 645; x_wconf 84' lang='lat' dir='ltr'><strong>obtinente</strong></span> 
     </span>
    </p>
   </div>
   <div class='ocr_carea' id='block_1_7' title="bbox 540 679 2122 756">
    <p class='ocr_par' dir='ltr' id='par_1_7' title="bbox 540 679 2122 756">
     <span class='ocr_line' id='line_1_7' title="bbox 540 679 2122 756; baseline -0.004 -17"><span class='ocrx_word' id='word_1_32' title='bbox 540 686 711 750; x_wconf 84' lang='lat' dir='ltr'><strong>Laeto,</strong></span> <span class='ocrx_word' id='word_1_33' title='bbox 734 686 1104 756; x_wconf 86' lang='lat' dir='ltr'><strong>episcopatum</strong></span> <span class='ocrx_word' id='word_1_34' title='bbox 1160 696 1288 735; x_wconf 86' lang='lat' dir='ltr'><strong>vero</strong></span> <span class='ocrx_word' id='word_1_35' title='bbox 1338 680 1704 735; x_wconf 82' lang='lat' dir='ltr'><strong>Ecclesiarum</strong></span> <span class='ocrx_word' id='word_1_36' title='bbox 1750 679 1967 735; x_wconf 88' lang='lat' dir='ltr'><strong>illarum</strong></span> <span class='ocrx_word' id='word_1_37' title='bbox 2001 690 2122 750; x_wconf 92' lang='lat' dir='ltr'><strong>post</strong></span> 
     </span>
    </p>
   </div>
   <div class='ocr_carea' id='block_1_8' title="bbox 539 774 2121 843">
    <p class='ocr_par' dir='ltr' id='par_1_8' title="bbox 539 774 2121 843">
     <span class='ocr_line' id='line_1_8' title="bbox 539 774 2121 843; baseline -0.004 -10"><span class='ocrx_word' id='word_1_38' title='bbox 539 778 740 833; x_wconf 82' lang='lat' dir='ltr'><strong>Juliani</strong></span> <span class='ocrx_word' id='word_1_39' title='bbox 779 778 990 833; x_wconf 91' lang='lat' dir='ltr'><strong>obitum</strong></span> <span class='ocrx_word' id='word_1_40' title='bbox 1026 774 1299 829; x_wconf 80' lang='lat' dir='ltr'><strong>Demetrio</strong></span> <span class='ocrx_word' id='word_1_41' title='bbox 1349 788 1538 828; x_wconf 85' lang='lat' dir='ltr'><strong>recens</strong></span> <span class='ocrx_word' id='word_1_42' title='bbox 1566 775 1762 843; x_wconf 89' lang='lat' dir='ltr'><strong>adepto</strong></span> <span class='ocrx_word' id='word_1_43' title='bbox 1796 792 1811 828; x_wconf 91' lang='lat'><strong>:</strong></span> <span class='ocrx_word' id='word_1_44' title='bbox 1855 789 1976 827; x_wconf 90' lang='lat' dir='ltr'><strong>cum</strong></span> <span class='ocrx_word' id='word_1_45' title='bbox 2000 789 2121 842; x_wconf 85' lang='lat' dir='ltr'><strong>pcr-</strong></span> 
     </span>
    </p>
   </div>
   <div class='ocr_carea' id='block_1_9' title="bbox 537 866 2121 937">
    <p class='ocr_par' dir='ltr' id='par_1_9' title="bbox 537 866 2121 937">
     <span class='ocr_line' id='line_1_9' title="bbox 537 866 2121 937; baseline -0.004 -11"><span class='ocrx_word' id='word_1_46' title='bbox 537 870 834 926; x_wconf 85' lang='lat' dir='ltr'><strong>secutionis</strong></span> <span class='ocrx_word' id='word_1_47' title='bbox 857 869 1300 925; x_wconf 75' lang='lat' dir='ltr'><strong>ardentissimum</strong></span> <span class='ocrx_word' id='word_1_48' title='bbox 1331 866 1588 937; x_wconf 84' lang='lat' dir='ltr'><strong>ﬂagraret</strong></span> <span class='ocrx_word' id='word_1_49' title='bbox 1609 866 1940 931; x_wconf 85' lang='lat' dir='ltr'><strong>incendium,</strong></span> <span class='ocrx_word' id='word_1_50' title='bbox 1958 878 2121 936; x_wconf 72' lang='lat' dir='ltr'><strong>atque</strong></span> 
     </span>
    </p>
   </div>
   <div class='ocr_carea' id='block_1_10' title="bbox 538 959 2118 1030">
    <p class='ocr_par' dir='ltr' id='par_1_10' title="bbox 538 959 2118 1030">
     <span class='ocr_line' id='line_1_10' title="bbox 538 959 2118 1030; baseline -0.003 -15"><span class='ocrx_word' id='word_1_51' title='bbox 538 961 965 1017; x_wconf 90' lang='lat' dir='ltr'><strong>innumerabiles</strong></span> <span class='ocrx_word' id='word_1_52' title='bbox 1028 960 1293 1030; x_wconf 79' lang='lat' dir='ltr'><strong>martyrio</strong></span> <span class='ocrx_word' id='word_1_53' title='bbox 1366 970 1807 1027; x_wconf 83' lang='lat' dir='ltr'><strong>coronarentur,</strong></span> <span class='ocrx_word' id='word_1_54' title='bbox 1864 959 2118 1030; x_wconf 85' lang='lat' dir='ltr'><strong>Origenis</strong></span> 
     </span>
    </p>
   </div>
   <div class='ocr_carea' id='block_1_11' title="bbox 536 1051 2117 1121">
    <p class='ocr_par' dir='ltr' id='par_1_11' title="bbox 536 1051 2117 1121">
     <span class='ocr_line' id='line_1_11' title="bbox 536 1051 2117 1121; baseline -0.003 -16"><span class='ocrx_word' id='word_1_55' title='bbox 536 1053 775 1106; x_wconf 88' lang='lat' dir='ltr'><strong>animum</strong></span> <span class='ocrx_word' id='word_1_56' title='bbox 801 1052 977 1107; x_wconf 87' lang='lat' dir='ltr'><strong>adhuc</strong></span> <span class='ocrx_word' id='word_1_57' title='bbox 1016 1051 1307 1106; x_wconf 85' lang='lat' dir='ltr'><strong>admodum</strong></span> <span class='ocrx_word' id='word_1_58' title='bbox 1337 1053 1492 1120; x_wconf 90' lang='lat' dir='ltr'><strong>pueri</strong></span> <span class='ocrx_word' id='word_1_59' title='bbox 1536 1062 1684 1107; x_wconf 89' lang='lat' dir='ltr'><strong>tanta</strong></span> <span class='ocrx_word' id='word_1_60' title='bbox 1714 1053 1911 1121; x_wconf 83' lang='lat' dir='ltr'><strong>cupido</strong></span> <span class='ocrx_word' id='word_1_61' title='bbox 1957 1064 2117 1107; x_wconf 85' lang='lat' dir='ltr'><strong>orcu-</strong></span> 
     </span>
    </p>
   </div>
   <div class='ocr_carea' id='block_1_12' title="bbox 534 1142 2118 1215">
    <p class='ocr_par' dir='ltr' id='par_1_12' title="bbox 534 1142 2118 1215">
     <span class='ocr_line' id='line_1_12' title="bbox 534 1142 2118 1215; baseline 0 -19"><span class='ocrx_word' id='word_1_62' title='bbox 534 1144 684 1213; x_wconf 86' lang='lat' dir='ltr'><strong>pavit</strong></span> <span class='ocrx_word' id='word_1_63' title='bbox 733 1145 1001 1215; x_wconf 82' lang='lat' dir='ltr'><strong>martyrii,</strong></span> <span class='ocrx_word' id='word_1_64' title='bbox 1058 1152 1116 1197; x_wconf 91' lang='lat' dir='ltr'><strong>ut</strong></span> <span class='ocrx_word' id='word_1_65' title='bbox 1170 1156 1230 1197; x_wconf 88' lang='lat' dir='ltr'><strong>se</strong></span> <span class='ocrx_word' id='word_1_66' title='bbox 1262 1142 1518 1212; x_wconf 85' lang='lat' dir='ltr'><strong>periculis</strong></span> <span class='ocrx_word' id='word_1_67' title='bbox 1568 1144 1696 1211; x_wconf 79' lang='lat' dir='ltr'><strong>ipsis</strong></span> <span class='ocrx_word' id='word_1_68' title='bbox 1754 1142 2033 1210; x_wconf 87' lang='lat' dir='ltr'><strong>objiceret,</strong></span> <span class='ocrx_word' id='word_1_69' title='bbox 2063 1153 2118 1196; x_wconf 89' lang='lat' dir='ltr'><strong>et</strong></span> 
     </span>
    </p>
   </div>
   <div class='ocr_carea' id='block_1_13' title="bbox 534 1235 2113 1308">
    <p class='ocr_par' dir='ltr' id='par_1_13' title="bbox 534 1235 2113 1308">
     <span class='ocr_line' id='line_1_13' title="bbox 534 1235 2113 1308; baseline -0.003 -17"><span class='ocrx_word' id='word_1_70' title='bbox 534 1238 784 1308; x_wconf 82' lang='lat' dir='ltr'><strong>prosilire</strong></span> <span class='ocrx_word' id='word_1_71' title='bbox 819 1238 962 1293; x_wconf 88' lang='lat' dir='ltr'><strong>ultro</strong></span> <span class='ocrx_word' id='word_1_72' title='bbox 1009 1246 1172 1306; x_wconf 86' lang='lat' dir='ltr'><strong>atque</strong></span> <span class='ocrx_word' id='word_1_73' title='bbox 1198 1235 1408 1289; x_wconf 91' lang='lat' dir='ltr'><strong>irruere</strong></span> <span class='ocrx_word' id='word_1_74' title='bbox 1433 1238 1499 1289; x_wconf 90' lang='lat' dir='ltr'><strong>ad</strong></span> <span class='ocrx_word' id='word_1_75' title='bbox 1558 1245 1835 1291; x_wconf 89' lang='lat' dir='ltr'><strong>certamen</strong></span> <span class='ocrx_word' id='word_1_76' title='bbox 1864 1236 2113 1306; x_wconf 81' lang='lat' dir='ltr'><strong>gestiret.</strong></span> 
     </span>
    </p>
   </div>
   <div class='ocr_carea' id='block_1_14' title="bbox 531 1326 2112 1399">
    <p class='ocr_par' dir='ltr' id='par_1_14' title="bbox 531 1326 2112 1399">
     <span class='ocr_line' id='line_1_14' title="bbox 531 1326 2112 1399; baseline -0.004 -13"><span class='ocrx_word' id='word_1_77' title='bbox 531 1330 763 1399; x_wconf 79' lang='lat' dir='ltr'><strong>Jamque</strong></span> <span class='ocrx_word' id='word_1_78' title='bbox 808 1345 959 1385; x_wconf 90' lang='lat' dir='ltr'><strong>mors</strong></span> <span class='ocrx_word' id='word_1_79' title='bbox 990 1330 1063 1384; x_wconf 85' lang='lat' dir='ltr'><strong>illi</strong></span> <span class='ocrx_word' id='word_1_80' title='bbox 1096 1331 1214 1383; x_wconf 91' lang='lat' dir='ltr'><strong>sine</strong></span> <span class='ocrx_word' id='word_1_81' title='bbox 1265 1328 1428 1384; x_wconf 92' lang='lat' dir='ltr'><strong>dubio</strong></span> <span class='ocrx_word' id='word_1_82' title='bbox 1486 1327 1734 1395; x_wconf 78' lang='lat' dir='ltr'><strong>Proxima</strong></span> <span class='ocrx_word' id='word_1_83' title='bbox 1769 1326 2112 1391; x_wconf 85' lang='lat' dir='ltr'><strong>imminebat,</strong></span> 
     </span>
    </p>
   </div>
   <div class='ocr_carea' id='block_1_15' title="bbox 535 1418 2113 1489">
    <p class='ocr_par' dir='ltr' id='par_1_15' title="bbox 535 1418 2113 1489">
     <span class='ocr_line' id='line_1_15' title="bbox 535 1418 2113 1489; baseline -0.003 -12"><span class='ocrx_word' id='word_1_84' title='bbox 535 1424 639 1478; x_wconf 88' lang='lat' dir='ltr'><strong>nisi</strong></span> <span class='ocrx_word' id='word_1_85' title='bbox 677 1422 917 1479; x_wconf 72' lang='lat' dir='ltr'><strong>ccelesﬁs</strong></span> <span class='ocrx_word' id='word_1_86' title='bbox 942 1420 1041 1477; x_wconf 92' lang='lat' dir='ltr'><strong>Dei</strong></span> <span class='ocrx_word' id='word_1_87' title='bbox 1090 1421 1438 1476; x_wconf 83' lang='lat' dir='ltr'><strong>Providentia</strong></span> <span class='ocrx_word' id='word_1_88' title='bbox 1478 1418 1835 1489; x_wconf 89' lang='lat' dir='ltr'><strong>plurimorum</strong></span> <span class='ocrx_word' id='word_1_89' title='bbox 1892 1418 2113 1473; x_wconf 85' lang='lat' dir='ltr'><strong>utilitati</strong></span> 
     </span>
    </p>
   </div>
   <div class='ocr_carea' id='block_1_16' title="bbox 533 1510 2115 1583">
    <p class='ocr_par' dir='ltr' id='par_1_16' title="bbox 533 1510 2115 1583">
     <span class='ocr_line' id='line_1_16' title="bbox 533 1510 2115 1583; baseline -0.003 -13"><span class='ocrx_word' id='word_1_90' title='bbox 533 1515 846 1577; x_wconf 85' lang='lat' dir='ltr'><strong>consulens,</strong></span> <span class='ocrx_word' id='word_1_91' title='bbox 899 1528 997 1583; x_wconf 91' lang='lat' dir='ltr'><strong>per</strong></span> <span class='ocrx_word' id='word_1_92' title='bbox 1025 1514 1218 1567; x_wconf 83' lang='lat' dir='ltr'><strong>matris</strong></span> <span class='ocrx_word' id='word_1_93' title='bbox 1273 1513 1635 1568; x_wconf 88' lang='lat' dir='ltr'><strong>ministerium</strong></span> <span class='ocrx_word' id='word_1_94' title='bbox 1674 1512 1937 1582; x_wconf 89' lang='lat' dir='ltr'><strong>impetum</strong></span> <span class='ocrx_word' id='word_1_95' title='bbox 1967 1510 2115 1566; x_wconf 88' lang='lat' dir='ltr'><strong>illius</strong></span> 
     </span>
    </p>
   </div>
   <div class='ocr_carea' id='block_1_17' title="bbox 532 1604 2111 1673">
    <p class='ocr_par' dir='ltr' id='par_1_17' title="bbox 532 1604 2111 1673">
     <span class='ocr_line' id='line_1_17' title="bbox 532 1604 2111 1673; baseline -0.005 -10"><span class='ocrx_word' id='word_1_96' title='bbox 532 1606 892 1664; x_wconf 86' lang='lat' dir='ltr'><strong>cohibuisset.</strong></span> <span class='ocrx_word' id='word_1_97' title='bbox 931 1606 1008 1660; x_wconf 84' lang='lat' dir='ltr'><strong>Ac</strong></span> <span class='ocrx_word' id='word_1_98' title='bbox 1039 1616 1213 1659; x_wconf 92' lang='lat' dir='ltr'><strong>mater</strong></span> <span class='ocrx_word' id='word_1_99' title='bbox 1240 1605 1458 1673; x_wconf 85' lang='lat' dir='ltr'><strong>quidem</strong></span> <span class='ocrx_word' id='word_1_100' title='bbox 1496 1604 1728 1673; x_wconf 91' lang='lat' dir='ltr'><strong>primum</strong></span> <span class='ocrx_word' id='word_1_101' title='bbox 1759 1604 1946 1658; x_wconf 82' lang='lat' dir='ltr'><strong>verbis</strong></span> <span class='ocrx_word' id='word_1_102' title='bbox 1981 1619 2111 1672; x_wconf 87' lang='lat' dir='ltr'><strong>sup-</strong></span> 
     </span>
    </p>
   </div>
   <div class='ocr_carea' id='block_1_18' title="bbox 532 1694 2109 1771">
    <p class='ocr_par' dir='ltr' id='par_1_18' title="bbox 532 1694 2109 1771">
     <span class='ocr_line' id='line_1_18' title="bbox 532 1694 2109 1771; baseline -0.002 -19"><span class='ocrx_word' id='word_1_103' title='bbox 532 1698 788 1771; x_wconf 88' lang='lat' dir='ltr'><strong>plicando</strong></span> <span class='ocrx_word' id='word_1_104' title='bbox 838 1697 1084 1767; x_wconf 80' lang='lat' dir='ltr'><strong>rogabat,</strong></span> <span class='ocrx_word' id='word_1_105' title='bbox 1141 1706 1198 1750; x_wconf 90' lang='lat' dir='ltr'><strong>ut</strong></span> <span class='ocrx_word' id='word_1_106' title='bbox 1241 1696 1473 1751; x_wconf 89' lang='lat' dir='ltr'><strong>materni</strong></span> <span class='ocrx_word' id='word_1_107' title='bbox 1522 1694 1752 1750; x_wconf 83' lang='lat' dir='ltr'><strong>all‘ectus</strong></span> <span class='ocrx_word' id='word_1_108' title='bbox 1805 1697 2109 1749; x_wconf 86' lang='lat' dir='ltr'><strong>reverentia</strong></span> 
     </span>
    </p>
   </div>
   <div class='ocr_carea' id='block_1_19' title="bbox 533 1787 2106 1845">
    <p class='ocr_par' dir='ltr' id='par_1_19' title="bbox 533 1787 2106 1845">
     <span class='ocr_line' id='line_1_19' title="bbox 533 1787 2106 1845; baseline -0.003 0"><span class='ocrx_word' id='word_1_109' title='bbox 533 1799 864 1845; x_wconf 76' lang='lat' dir='ltr'><strong>moveretur.</strong></span> <span class='ocrx_word' id='word_1_110' title='bbox 898 1789 1005 1843; x_wconf 75' lang='lat' dir='ltr'><strong>Sed</strong></span> <span class='ocrx_word' id='word_1_111' title='bbox 1033 1804 1155 1843; x_wconf 84' lang='lat' dir='ltr'><strong>cum</strong></span> <span class='ocrx_word' id='word_1_112' title='bbox 1185 1787 1334 1842; x_wconf 91' lang='lat' dir='ltr'><strong>illum</strong></span> <span class='ocrx_word' id='word_1_113' title='bbox 1378 1788 1759 1842; x_wconf 83' lang='lat' dir='ltr'><strong>vehementius</strong></span> <span class='ocrx_word' id='word_1_114' title='bbox 1820 1787 2106 1841; x_wconf 87' lang='lat' dir='ltr'><strong>incitatum</strong></span> 
     </span>
    </p>
   </div>
   <div class='ocr_carea' id='block_1_20' title="bbox 530 1880 2109 1951">
    <p class='ocr_par' dir='ltr' id='par_1_20' title="bbox 530 1880 2109 1951">
     <span class='ocr_line' id='line_1_20' title="bbox 530 1880 2109 1951; baseline -0.001 -16"><span class='ocrx_word' id='word_1_115' title='bbox 530 1882 779 1946; x_wconf 80' lang='lat' dir='ltr'><strong>vidisset,</strong></span> <span class='ocrx_word' id='word_1_116' title='bbox 808 1896 873 1935; x_wconf 81' lang='lat' dir='ltr'><strong>ex</strong></span> <span class='ocrx_word' id='word_1_117' title='bbox 905 1895 1014 1949; x_wconf 89' lang='lat' dir='ltr'><strong>quo</strong></span> <span class='ocrx_word' id='word_1_118' title='bbox 1046 1890 1254 1951; x_wconf 90' lang='lat' dir='ltr'><strong>patrem</strong></span> <span class='ocrx_word' id='word_1_119' title='bbox 1285 1882 1740 1950; x_wconf 90' lang='lat' dir='ltr'><strong>comprehensum</strong></span> <span class='ocrx_word' id='word_1_120' title='bbox 1795 1880 1846 1933; x_wconf 92' lang='lat' dir='ltr'><strong>in</strong></span> <span class='ocrx_word' id='word_1_121' title='bbox 1877 1880 2109 1933; x_wconf 86' lang='lat' dir='ltr'><strong>vinculis</strong></span> 
     </span>
    </p>
   </div>
   <div class='ocr_carea' id='block_1_21' title="bbox 533 1972 2110 2045">
    <p class='ocr_par' dir='ltr' id='par_1_21' title="bbox 533 1972 2110 2045">
     <span class='ocr_line' id='line_1_21' title="bbox 533 1972 2110 2045; baseline -0.003 -15"><span class='ocrx_word' id='word_1_122' title='bbox 533 1974 763 2030; x_wconf 87' lang='lat' dir='ltr'><strong>detineri</strong></span> <span class='ocrx_word' id='word_1_123' title='bbox 786 1973 1130 2028; x_wconf 80' lang='lat' dir='ltr'><strong>intellexerat</strong></span> <span class='ocrx_word' id='word_1_124' title='bbox 1155 1973 1372 2045; x_wconf 81' lang='lat' dir='ltr'><strong>(quippe</strong></span> <span class='ocrx_word' id='word_1_125' title='bbox 1399 1975 1631 2043; x_wconf 78' lang='lat' dir='ltr'><strong>posmac</strong></span> <span class='ocrx_word' id='word_1_126' title='bbox 1663 1982 1775 2027; x_wconf 89' lang='lat' dir='ltr'><strong>toto</strong></span> <span class='ocrx_word' id='word_1_127' title='bbox 1803 1972 1970 2027; x_wconf 91' lang='lat' dir='ltr'><strong>animi</strong></span> <span class='ocrx_word' id='word_1_128' title='bbox 2002 1973 2110 2028; x_wconf 83' lang='lat' dir='ltr'><strong>iui-</strong></span> 
     </span>
    </p>
   </div>
   <div class='ocr_carea' id='block_1_22' title="bbox 530 2064 2109 2139">
    <p class='ocr_par' dir='ltr' id='par_1_22' title="bbox 530 2064 2109 2139">
     <span class='ocr_line' id='line_1_22' title="bbox 530 2064 2109 2139; baseline -0.002 -18"><span class='ocrx_word' id='word_1_129' title='bbox 530 2075 655 2138; x_wconf 91' lang='lat' dir='ltr'><strong>petu</strong></span> <span class='ocrx_word' id='word_1_130' title='bbox 688 2067 755 2121; x_wconf 89' lang='lat' dir='ltr'><strong>ad</strong></span> <span class='ocrx_word' id='word_1_131' title='bbox 790 2066 1109 2136; x_wconf 86' lang='lat' dir='ltr'><strong>martyrium</strong></span> <span class='ocrx_word' id='word_1_132' title='bbox 1141 2066 1461 2139; x_wconf 78' lang='lat' dir='ltr'><strong>(ferebatur)</strong></span> <span class='ocrx_word' id='word_1_133' title='bbox 1490 2065 1817 2120; x_wconf 86' lang='lat' dir='ltr'><strong>abscondita</strong></span> <span class='ocrx_word' id='word_1_134' title='bbox 1868 2065 2013 2119; x_wconf 93' lang='lat' dir='ltr'><strong>omni</strong></span> <span class='ocrx_word' id='word_1_135' title='bbox 2044 2064 2109 2118; x_wconf 94' lang='lat' dir='ltr'><strong>il-</strong></span> 
     </span>
    </p>
   </div>
   <div class='ocr_carea' id='block_1_23' title="bbox 531 2156 2111 2227">
    <p class='ocr_par' dir='ltr' id='par_1_23' title="bbox 531 2156 2111 2227">
     <span class='ocr_line' id='line_1_23' title="bbox 531 2156 2111 2227; baseline -0.001 -13"><span class='ocrx_word' id='word_1_136' title='bbox 531 2163 639 2215; x_wconf 89' lang='lat' dir='ltr'><strong>lius</strong></span> <span class='ocrx_word' id='word_1_137' title='bbox 664 2169 834 2223; x_wconf 81' lang='lat' dir='ltr'><strong>veste,</strong></span> <span class='ocrx_word' id='word_1_138' title='bbox 867 2160 1011 2216; x_wconf 90' lang='lat' dir='ltr'><strong>domi</strong></span> <span class='ocrx_word' id='word_1_139' title='bbox 1048 2174 1269 2214; x_wconf 86' lang='lat' dir='ltr'><strong>manere</strong></span> <span class='ocrx_word' id='word_1_140' title='bbox 1305 2161 1536 2215; x_wconf 90' lang='lat' dir='ltr'><strong>invitum</strong></span> <span class='ocrx_word' id='word_1_141' title='bbox 1594 2159 1789 2227; x_wconf 84' lang='lat' dir='ltr'><strong>coegit.</strong></span> <span class='ocrx_word' id='word_1_142' title='bbox 1827 2156 1994 2226; x_wconf 90' lang='lat' dir='ltr'><strong>Igitur</strong></span> <span class='ocrx_word' id='word_1_143' title='bbox 2024 2157 2111 2212; x_wconf 90' lang='lat' dir='ltr'><strong>ille</strong></span> 
     </span>
    </p>
   </div>
   <div class='ocr_carea' id='block_1_24' title="bbox 527 2250 2108 2315">
    <p class='ocr_par' dir='ltr' id='par_1_24' title="bbox 527 2250 2108 2315">
     <span class='ocr_line' id='line_1_24' title="bbox 527 2250 2108 2315; baseline -0.002 -9"><span class='ocrx_word' id='word_1_144' title='bbox 527 2253 668 2308; x_wconf 88' lang='lat' dir='ltr'><strong>nihil</strong></span> <span class='ocrx_word' id='word_1_145' title='bbox 710 2252 854 2308; x_wconf 83' lang='lat' dir='ltr'><strong>aliud</strong></span> <span class='ocrx_word' id='word_1_146' title='bbox 899 2252 1001 2309; x_wconf 89' lang='lat' dir='ltr'><strong>sibi</strong></span> <span class='ocrx_word' id='word_1_147' title='bbox 1034 2252 1285 2307; x_wconf 88' lang='lat' dir='ltr'><strong>relictum</strong></span> <span class='ocrx_word' id='word_1_148' title='bbox 1339 2266 1461 2307; x_wconf 92' lang='lat' dir='ltr'><strong>esse</strong></span> <span class='ocrx_word' id='word_1_149' title='bbox 1499 2250 1957 2315; x_wconf 89' lang='lat' dir='ltr'><strong>animadvertens,</strong></span> <span class='ocrx_word' id='word_1_150' title='bbox 1986 2266 2108 2305; x_wconf 91' lang='lat' dir='ltr'><strong>eum</strong></span> 
     </span>
    </p>
   </div>
   <div class='ocr_carea' id='block_1_25' title="bbox 528 2341 2109 2412">
    <p class='ocr_par' dir='ltr' id='par_1_25' title="bbox 528 2341 2109 2412">
     <span class='ocr_line' id='line_1_25' title="bbox 528 2341 2109 2412; baseline -0.003 -14"><span class='ocrx_word' id='word_1_151' title='bbox 528 2358 692 2412; x_wconf 88' lang='lat' dir='ltr'><strong>supra</strong></span> <span class='ocrx_word' id='word_1_152' title='bbox 722 2352 936 2399; x_wconf 77' lang='lat' dir='ltr'><strong>:etatem</strong></span> <span class='ocrx_word' id='word_1_153' title='bbox 992 2343 1264 2412; x_wconf 91' lang='lat' dir='ltr'><strong>cupiditas</strong></span> <span class='ocrx_word' id='word_1_154' title='bbox 1314 2341 1691 2398; x_wconf 88' lang='lat' dir='ltr'><strong>intenderetur</strong></span> <span class='ocrx_word' id='word_1_155' title='bbox 1724 2358 1736 2394; x_wconf 90' lang='lat'><strong>:</strong></span> <span class='ocrx_word' id='word_1_156' title='bbox 1774 2341 1976 2411; x_wconf 90' lang='lat' dir='ltr'><strong>quietis</strong></span> <span class='ocrx_word' id='word_1_157' title='bbox 2004 2341 2109 2395; x_wconf 90' lang='lat' dir='ltr'><strong>im-</strong></span> 
     </span>
    </p>
   </div>
   <div class='ocr_carea' id='block_1_26' title="bbox 528 2434 2107 2504">
    <p class='ocr_par' dir='ltr' id='par_1_26' title="bbox 528 2434 2107 2504">
     <span class='ocr_line' id='line_1_26' title="bbox 528 2434 2107 2504; baseline 0.001 -17"><span class='ocrx_word' id='word_1_158' title='bbox 528 2436 765 2504; x_wconf 78' lang='lat' dir='ltr'><strong>patiens,</strong></span> <span class='ocrx_word' id='word_1_159' title='bbox 823 2436 1034 2490; x_wconf 88' lang='lat' dir='ltr'><strong>litteras</strong></span> <span class='ocrx_word' id='word_1_160' title='bbox 1076 2435 1144 2490; x_wconf 89' lang='lat' dir='ltr'><strong>ad</strong></span> <span class='ocrx_word' id='word_1_161' title='bbox 1172 2445 1382 2504; x_wconf 89' lang='lat' dir='ltr'><strong>patrem</strong></span> <span class='ocrx_word' id='word_1_162' title='bbox 1441 2434 1592 2489; x_wconf 92' lang='lat' dir='ltr'><strong>misit</strong></span> <span class='ocrx_word' id='word_1_163' title='bbox 1627 2434 1826 2504; x_wconf 91' lang='lat' dir='ltr'><strong>quibus</strong></span> <span class='ocrx_word' id='word_1_164' title='bbox 1862 2434 2011 2488; x_wconf 90' lang='lat' dir='ltr'><strong>illum</strong></span> <span class='ocrx_word' id='word_1_165' title='bbox 2040 2434 2107 2488; x_wconf 91' lang='lat' dir='ltr'><strong>ad</strong></span> 
     </span>
    </p>
   </div>
   <div class='ocr_carea' id='block_1_27' title="bbox 530 2526 2110 2601">
    <p class='ocr_par' dir='ltr' id='par_1_27' title="bbox 530 2526 2110 2601">
     <span class='ocr_line' id='line_1_27' title="bbox 530 2526 2110 2601; baseline -0.003 -17"><span class='ocrx_word' id='word_1_166' title='bbox 530 2533 854 2601; x_wconf 85' lang='lat' dir='ltr'><strong>martyrium</strong></span> <span class='ocrx_word' id='word_1_167' title='bbox 882 2528 1366 2583; x_wconf 86' lang='lat' dir='ltr'><strong>vehementissime</strong></span> <span class='ocrx_word' id='word_1_168' title='bbox 1402 2527 1816 2592; x_wconf 88' lang='lat' dir='ltr'><strong>cohortabatur,</strong></span> <span class='ocrx_word' id='word_1_169' title='bbox 1859 2526 1946 2582; x_wconf 90' lang='lat' dir='ltr'><strong>his</strong></span> <span class='ocrx_word' id='word_1_170' title='bbox 1970 2528 2110 2582; x_wconf 91' lang='lat' dir='ltr'><strong>inter</strong></span> 
     </span>
    </p>
   </div>
   <div class='ocr_carea' id='block_1_28' title="bbox 528 2617 2106 2687">
    <p class='ocr_par' dir='ltr' id='par_1_28' title="bbox 528 2617 2106 2687">
     <span class='ocr_line' id='line_1_28' title="bbox 528 2617 2106 2687; baseline -0.003 -10"><span class='ocrx_word' id='word_1_171' title='bbox 528 2631 731 2677; x_wconf 64' lang='lat' dir='ltr'><strong>caetera</strong></span> <span class='ocrx_word' id='word_1_172' title='bbox 768 2620 952 2676; x_wconf 84' lang='lat' dir='ltr'><strong>verbis</strong></span> <span class='ocrx_word' id='word_1_173' title='bbox 984 2635 1108 2675; x_wconf 90' lang='lat' dir='ltr'><strong>eum</strong></span> <span class='ocrx_word' id='word_1_174' title='bbox 1155 2621 1499 2674; x_wconf 87' lang='lat' dir='ltr'><strong>admonens:</strong></span> <span class='ocrx_word' id='word_1_175' title='bbox 1543 2636 1563 2670; x_wconf 77' lang='grc' dir='ltr'><strong>ι</strong></span> <span class='ocrx_word' id='word_1_176' title='bbox 1609 2617 1775 2685; x_wconf 89' lang='lat' dir='ltr'><strong>Cave,</strong></span> <span class='ocrx_word' id='word_1_177' title='bbox 1808 2618 1878 2671; x_wconf 87' lang='lat' dir='ltr'><strong>mi</strong></span> <span class='ocrx_word' id='word_1_178' title='bbox 1932 2627 2106 2687; x_wconf 91' lang='lat' dir='ltr'><strong>pater,</strong></span> 
     </span>
    </p>
   </div>
   <div class='ocr_carea' id='block_1_29' title="bbox 534 2708 2111 2779">
    <p class='ocr_par' dir='ltr' id='par_1_29' title="bbox 534 2708 2111 2779">
     <span class='ocr_line' id='line_1_29' title="bbox 534 2708 2111 2779; baseline -0.002 -13"><span class='ocrx_word' id='word_1_179' title='bbox 534 2726 603 2766; x_wconf 90' lang='lat' dir='ltr'><strong>ne</strong></span> <span class='ocrx_word' id='word_1_180' title='bbox 641 2721 830 2766; x_wconf 89' lang='lat' dir='ltr'><strong>nostra</strong></span> <span class='ocrx_word' id='word_1_181' title='bbox 888 2725 1051 2765; x_wconf 89' lang='lat' dir='ltr'><strong>causa</strong></span> <span class='ocrx_word' id='word_1_182' title='bbox 1105 2711 1432 2765; x_wconf 87' lang='lat' dir='ltr'><strong>sententiam</strong></span> <span class='ocrx_word' id='word_1_183' title='bbox 1487 2720 1734 2767; x_wconf 46' lang='lat' dir='ltr'><strong>mutes”</strong></span> <span class='ocrx_word' id='word_1_184' title='bbox 1768 2708 1950 2779; x_wconf 87' lang='lat' dir='ltr'><strong>Atque</strong></span> <span class='ocrx_word' id='word_1_185' title='bbox 2006 2708 2111 2763; x_wconf 92' lang='lat' dir='ltr'><strong>hoc</strong></span> 
     </span>
    </p>
   </div>
   <div class='ocr_carea' id='block_1_30' title="bbox 528 2801 2106 2875">
    <p class='ocr_par' dir='ltr' id='par_1_30' title="bbox 528 2801 2106 2875">
     <span class='ocr_line' id='line_1_30' title="bbox 528 2801 2106 2875; baseline -0.001 -18"><span class='ocrx_word' id='word_1_186' title='bbox 528 2806 763 2875; x_wconf 78' lang='lat' dir='ltr'><strong>primum</strong></span> <span class='ocrx_word' id='word_1_187' title='bbox 823 2802 1051 2873; x_wconf 86' lang='lat' dir='ltr'><strong>puerilis</strong></span> <span class='ocrx_word' id='word_1_188' title='bbox 1088 2801 1206 2870; x_wconf 85' lang='lat' dir='ltr'><strong>ejus</strong></span> <span class='ocrx_word' id='word_1_189' title='bbox 1254 2801 1470 2868; x_wconf 91' lang='lat' dir='ltr'><strong>indolis,</strong></span> <span class='ocrx_word' id='word_1_190' title='bbox 1499 2810 1555 2855; x_wconf 91' lang='lat' dir='ltr'><strong>et</strong></span> <span class='ocrx_word' id='word_1_191' title='bbox 1597 2801 1951 2856; x_wconf 86' lang='lat' dir='ltr'><strong>sincerissimi</strong></span> <span class='ocrx_word' id='word_1_192' title='bbox 1980 2816 2106 2871; x_wconf 84' lang='lat' dir='ltr'><strong>erga</strong></span> 
     </span>
    </p>
   </div>
   <div class='ocr_carea' id='block_1_31' title="bbox 527 2894 2109 2965">
    <p class='ocr_par' dir='ltr' id='par_1_31' title="bbox 527 2894 2109 2965">
     <span class='ocr_line' id='line_1_31' title="bbox 527 2894 2109 2965; baseline -0.003 -14"><span class='ocrx_word' id='word_1_193' title='bbox 527 2898 765 2951; x_wconf 89' lang='lat' dir='ltr'><strong>divinam</strong></span> <span class='ocrx_word' id='word_1_194' title='bbox 795 2896 1111 2964; x_wconf 82' lang='lat' dir='ltr'><strong>religionem</strong></span> <span class='ocrx_word' id='word_1_195' title='bbox 1144 2894 1378 2950; x_wconf 77' lang='lat' dir='ltr'><strong>affectus</strong></span> <span class='ocrx_word' id='word_1_196' title='bbox 1409 2896 1681 2965; x_wconf 88' lang='lat' dir='ltr'><strong>specimen</strong></span> <span class='ocrx_word' id='word_1_197' title='bbox 1719 2908 1749 2946; x_wconf 93' lang='lat' dir='ltr'><strong>a</strong></span> <span class='ocrx_word' id='word_1_198' title='bbox 1776 2895 1932 2949; x_wconf 90' lang='lat' dir='ltr'><strong>nobis</strong></span> <span class='ocrx_word' id='word_1_199' title='bbox 1957 2909 2109 2948; x_wconf 91' lang='lat' dir='ltr'><strong>com-</strong></span> 
     </span>
    </p>
   </div>
   <div class='ocr_carea' id='block_1_32' title="bbox 528 2985 2111 3044">
    <p class='ocr_par' dir='ltr' id='par_1_32' title="bbox 528 2985 2111 3044">
     <span class='ocr_line' id='line_1_32' title="bbox 528 2985 2111 3044; baseline -0.003 -2"><span class='ocrx_word' id='word_1_200' title='bbox 528 2999 885 3044; x_wconf 83' lang='lat' dir='ltr'><strong>memoratum</strong></span> <span class='ocrx_word' id='word_1_201' title='bbox 914 2991 1004 3043; x_wconf 91' lang='lat' dir='ltr'><strong>sit.</strong></span> <span class='ocrx_word' id='word_1_202' title='bbox 1037 2987 1156 3043; x_wconf 76' lang='lat' dir='ltr'><strong>.lam</strong></span> <span class='ocrx_word' id='word_1_203' title='bbox 1180 2998 1294 3042; x_wconf 89' lang='lat' dir='ltr'><strong>tum</strong></span> <span class='ocrx_word' id='word_1_204' title='bbox 1322 2988 1467 3041; x_wconf 91' lang='lat' dir='ltr'><strong>enim</strong></span> <span class='ocrx_word' id='word_1_205' title='bbox 1507 2986 1629 3041; x_wconf 82' lang='lat' dir='ltr'><strong>ﬁdei</strong></span> <span class='ocrx_word' id='word_1_206' title='bbox 1663 2995 1862 3041; x_wconf 63' lang='lat' dir='ltr'><strong>nostra:</strong></span> <span class='ocrx_word' id='word_1_207' title='bbox 1910 2985 2111 3040; x_wconf 86' lang='lat' dir='ltr'><strong>doctri-</strong></span> 
     </span>
    </p>
   </div>
   <div class='ocr_carea' id='block_1_33' title="bbox 526 3077 2107 3152">
    <p class='ocr_par' dir='ltr' id='par_1_33' title="bbox 526 3077 2107 3152">
     <span class='ocr_line' id='line_1_33' title="bbox 526 3077 2107 3152; baseline -0.003 -16"><span class='ocrx_word' id='word_1_208' title='bbox 526 3098 652 3136; x_wconf 85' lang='lat' dir='ltr'><strong>nam</strong></span> <span class='ocrx_word' id='word_1_209' title='bbox 683 3098 789 3137; x_wconf 90' lang='lat' dir='ltr'><strong>non</strong></span> <span class='ocrx_word' id='word_1_210' title='bbox 837 3081 1130 3152; x_wconf 85' lang='lat' dir='ltr'><strong>vulgariter</strong></span> <span class='ocrx_word' id='word_1_211' title='bbox 1181 3080 1518 3141; x_wconf 88' lang='lat' dir='ltr'><strong>imbiberat,</strong></span> <span class='ocrx_word' id='word_1_212' title='bbox 1574 3087 1759 3148; x_wconf 89' lang='lat' dir='ltr'><strong>utpote</strong></span> <span class='ocrx_word' id='word_1_213' title='bbox 1815 3079 1866 3132; x_wconf 93' lang='lat' dir='ltr'><strong>in</strong></span> <span class='ocrx_word' id='word_1_214' title='bbox 1905 3077 2107 3131; x_wconf 87' lang='lat' dir='ltr'><strong>divinis</strong></span> 
     </span>
    </p>
   </div>
   <div class='ocr_carea' id='block_1_34' title="bbox 2224 581 3810 656">
    <p class='ocr_par' dir='ltr' id='par_1_34' title="bbox 2224 581 3810 656">
     <span class='ocr_line' id='line_1_34' title="bbox 2224 581 3810 656; baseline -0.004 -19"><span class='ocrx_word' id='word_1_215' title='bbox 2224 583 2435 653; x_wconf 83' lang='grc' dir='ltr'>σκοπὴν</span> <span class='ocrx_word' id='word_1_216' title='bbox 2459 584 2653 635; x_wconf 70' lang='grc' dir='ltr'>νεωστὶ</span> <span class='ocrx_word' id='word_1_217' title='bbox 2677 583 2797 635; x_wconf 88' lang='grc' dir='ltr'>τότε</span> <span class='ocrx_word' id='word_1_218' title='bbox 2830 581 2967 653; x_wconf 87' lang='grc' dir='ltr'><strong>μετὰ</strong></span> <span class='ocrx_word' id='word_1_219' title='bbox 3006 582 3289 636; x_wconf 83' lang='grc' dir='ltr'>Ἰουλιανδν</span> <span class='ocrx_word' id='word_1_220' title='bbox 3316 586 3625 656; x_wconf 81' lang='grc' dir='ltr'>Δημήτριος</span> <span class='ocrx_word' id='word_1_221' title='bbox 3657 587 3810 641; x_wconf 77' lang='grc' dir='ltr'>ὑπει.</span> 
     </span>
    </p>
   </div>
   <div class='ocr_carea' id='block_1_35' title="bbox 2220 667 3810 747">
    <p class='ocr_par' dir='ltr' id='par_1_35' title="bbox 2220 667 3810 747">
     <span class='ocr_line' id='line_1_35' title="bbox 2220 667 3810 747; baseline -0.01 -2"><span class='ocrx_word' id='word_1_222' title='bbox 2220 673 2399 744; x_wconf 68' lang='grc' dir='ltr'><strong>λήφει·</strong></span> <span class='ocrx_word' id='word_1_223' title='bbox 2433 674 2526 735; x_wconf 67' lang='grc' dir='ltr'><strong>Εἷς</strong></span> <span class='ocrx_word' id='word_1_224' title='bbox 2554 673 2695 742; x_wconf 79' lang='grc' dir='ltr'>μέγα</span> <span class='ocrx_word' id='word_1_225' title='bbox 2727 671 2791 742; x_wconf 73' lang='grc' dir='ltr'><strong>δὴ</strong></span> <span class='ocrx_word' id='word_1_226' title='bbox 2824 667 2917 725; x_wconf 63' lang='grc' dir='ltr'>οὖν</span> <span class='ocrx_word' id='word_1_227' title='bbox 2960 672 3059 743; x_wconf 72' lang='grc' dir='ltr'><strong>τῆς</strong></span> <span class='ocrx_word' id='word_1_228' title='bbox 3104 672 3196 725; x_wconf 69' lang='grc' dir='ltr'>τοῦ</span> <span class='ocrx_word' id='word_1_229' title='bbox 3238 673 3481 743; x_wconf 80' lang='grc' dir='ltr'><strong>διωγμοῦ</strong></span> <span class='ocrx_word' id='word_1_230' title='bbox 3530 681 3810 747; x_wconf 73' lang='grc' dir='ltr'>πυρκαϊᾶς</span> 
     </span>
    </p>
   </div>
   <div class='ocr_carea' id='block_1_36' title="bbox 2219 761 3807 839">
    <p class='ocr_par' dir='ltr' id='par_1_36' title="bbox 2219 761 3807 839">
     <span class='ocr_line' id='line_1_36' title="bbox 2219 761 3807 839; baseline 0.001 -19"><span class='ocrx_word' id='word_1_231' title='bbox 2219 764 2505 835; x_wconf 80' lang='grc' dir='ltr'>ἁφθείσης,</span> <span class='ocrx_word' id='word_1_232' title='bbox 2537 761 2632 815; x_wconf 74' lang='grc' dir='ltr'>καὶ</span> <span class='ocrx_word' id='word_1_233' title='bbox 2667 762 2876 833; x_wconf 82' lang='grc' dir='ltr'>μυρίων</span> <span class='ocrx_word' id='word_1_234' title='bbox 2920 763 3058 815; x_wconf 79' lang='grc' dir='ltr'>ὅσων</span> <span class='ocrx_word' id='word_1_235' title='bbox 3090 767 3201 826; x_wconf 81' lang='grc' dir='ltr'>τοῖς</span> <span class='ocrx_word' id='word_1_236' title='bbox 3240 765 3380 817; x_wconf 79' lang='grc' dir='ltr'>κατὰ</span> <span class='ocrx_word' id='word_1_237' title='bbox 3409 765 3467 817; x_wconf 84' lang='grc' dir='ltr'>τὸ</span> <span class='ocrx_word' id='word_1_238' title='bbox 3505 767 3807 839; x_wconf 78' lang='grc' dir='ltr'>μαρτύριον</span> 
     </span>
    </p>
   </div>
   <div class='ocr_carea' id='block_1_37' title="bbox 2219 855 3807 931">
    <p class='ocr_par' dir='ltr' id='par_1_37' title="bbox 2219 855 3807 931">
     <span class='ocr_line' id='line_1_37' title="bbox 2219 855 3807 931; baseline 0.002 -20"><span class='ocrx_word' id='word_1_239' title='bbox 2219 857 2595 927; x_wconf 80' lang='grc' dir='ltr'>ἀναδουμένων</span> <span class='ocrx_word' id='word_1_240' title='bbox 2626 856 2927 925; x_wconf 71' lang='grc' dir='ltr'>στεφάνοις,</span> <span class='ocrx_word' id='word_1_241' title='bbox 2950 855 3088 925; x_wconf 77' lang='grc' dir='ltr'>ἔρως</span> <span class='ocrx_word' id='word_1_242' title='bbox 3115 856 3366 919; x_wconf 74' lang='grc' dir='ltr'>τοσοῦτος</span> <span class='ocrx_word' id='word_1_243' title='bbox 3387 859 3687 929; x_wconf 74' lang='grc' dir='ltr'><strong>μαρτυρίου</strong></span> <span class='ocrx_word' id='word_1_244' title='bbox 3708 860 3807 931; x_wconf 82' lang='grc' dir='ltr'>τὴν</span> 
     </span>
    </p>
   </div>
   <div class='ocr_carea' id='block_1_38' title="bbox 2232 946 3806 1020">
    <p class='ocr_par' dir='ltr' id='par_1_38' title="bbox 2232 946 3806 1020">
     <span class='ocr_line' id='line_1_38' title="bbox 2232 946 3806 1020; baseline 0.002 -20"><span class='ocrx_word' id='word_1_245' title='bbox 2232 948 2534 1020; x_wconf 86' lang='grc' dir='ltr'>Ὠριγένους</span> <span class='ocrx_word' id='word_1_246' title='bbox 2559 947 2638 999; x_wconf 80' lang='grc' dir='ltr'>ἔτι</span> <span class='ocrx_word' id='word_1_247' title='bbox 2665 946 2863 1017; x_wconf 82' lang='grc' dir='ltr'>κομιδῆ</span> <span class='ocrx_word' id='word_1_248' title='bbox 2889 948 3077 1010; x_wconf 62' lang='grc' dir='ltr'>παιδος</span> <span class='ocrx_word' id='word_1_249' title='bbox 3099 948 3435 1018; x_wconf 80' lang='grc' dir='ltr'>ὑπάρχοντος</span> <span class='ocrx_word' id='word_1_250' title='bbox 3456 953 3673 1019; x_wconf 79' lang='grc' dir='ltr'>κατεῖχε</span> <span class='ocrx_word' id='word_1_251' title='bbox 3703 950 3806 1020; x_wconf 70' lang='grc' dir='ltr'><strong>ψυ-</strong></span> 
     </span>
    </p>
   </div>
   <div class='ocr_carea' id='block_1_39' title="bbox 2217 1024 3807 1112">
    <p class='ocr_par' dir='ltr' id='par_1_39' title="bbox 2217 1038 3807 1112">
     <span class='ocr_line' id='line_1_39' title="bbox 2217 1038 3807 1112; baseline 0.003 -20"><span class='ocrx_word' id='word_1_252' title='bbox 2217 1040 2348 1111; x_wconf 84' lang='grc' dir='ltr'>χὴν,</span> <span class='ocrx_word' id='word_1_253' title='bbox 2374 1040 2450 1102; x_wconf 86' lang='grc' dir='ltr'>ὼς</span> <span class='ocrx_word' id='word_1_254' title='bbox 2477 1038 2642 1110; x_wconf 85' lang='grc' dir='ltr'>ὁμόσε</span> <span class='ocrx_word' id='word_1_255' title='bbox 2677 1041 2788 1103; x_wconf 78' lang='grc' dir='ltr'>τοῖς</span> <span class='ocrx_word' id='word_1_256' title='bbox 2838 1038 3103 1101; x_wconf 79' lang='grc' dir='ltr'>κινδύνοις</span> <span class='ocrx_word' id='word_1_257' title='bbox 3152 1042 3381 1110; x_wconf 82' lang='grc' dir='ltr'>χωρεῖν,</span> <span class='ocrx_word' id='word_1_258' title='bbox 3426 1043 3716 1112; x_wconf 79' lang='grc' dir='ltr'>προπηδᾷν</span> <span class='ocrx_word' id='word_1_259' title='bbox 3745 1059 3807 1100; x_wconf 78' lang='grc' dir='ltr'><strong>τε</strong></span> 
     </span>
    </p>
   </div>
   <div class='ocr_carea' id='block_1_40' title="bbox 2216 1129 3803 1205">
    <p class='ocr_par' dir='ltr' id='par_1_40' title="bbox 2216 1129 3803 1205">
     <span class='ocr_line' id='line_1_40' title="bbox 2216 1129 3803 1205; baseline 0 -19"><span class='ocrx_word' id='word_1_260' title='bbox 2216 1132 2313 1186; x_wconf 72' lang='grc' dir='ltr'><strong>καὶ</strong></span> <span class='ocrx_word' id='word_1_261' title='bbox 2345 1133 2520 1203; x_wconf 77' lang='grc' dir='ltr'>ὁρμᾷν</span> <span class='ocrx_word' id='word_1_262' title='bbox 2563 1130 2655 1182; x_wconf 54' lang='grc' dir='ltr'><strong>ἐπὶ¹</strong></span> <span class='ocrx_word' id='word_1_263' title='bbox 2684 1130 2773 1183; x_wconf 84' lang='grc' dir='ltr'><strong>τὸν</strong></span> <span class='ocrx_word' id='word_1_264' title='bbox 2821 1129 3009 1198; x_wconf 82' lang='grc' dir='ltr'>ἀγῶνα</span> <span class='ocrx_word' id='word_1_265' title='bbox 3049 1130 3344 1202; x_wconf 75' lang='grc' dir='ltr'>προθύμως</span> <span class='ocrx_word' id='word_1_266' title='bbox 3369 1130 3532 1201; x_wconf 82' lang='grc' dir='ltr'>ἔχειν.</span> <span class='ocrx_word' id='word_1_267' title='bbox 3567 1134 3707 1205; x_wconf 84' lang='grc' dir='ltr'><strong>Ἤδη</strong></span> <span class='ocrx_word' id='word_1_268' title='bbox 3738 1134 3803 1203; x_wconf 78' lang='grc' dir='ltr'>γι</span> 
     </span>
    </p>
   </div>
   <div class='ocr_carea' id='block_1_41' title="bbox 2215 1218 3805 1293">
    <p class='ocr_par' dir='ltr' id='par_1_41' title="bbox 2215 1218 3805 1293">
     <span class='ocr_line' id='line_1_41' title="bbox 2215 1218 3805 1293; baseline 0.003 -20"><span class='ocrx_word' id='word_1_269' title='bbox 2215 1238 2298 1273; x_wconf 85' lang='grc' dir='ltr'><strong>τοι</strong></span> <span class='ocrx_word' id='word_1_270' title='bbox 2342 1220 2534 1291; x_wconf 79' lang='grc' dir='ltr'>μικρὸν</span> <span class='ocrx_word' id='word_1_271' title='bbox 2561 1219 2683 1271; x_wconf 86' lang='grc' dir='ltr'>ὅσον</span> <span class='ocrx_word' id='word_1_272' title='bbox 2714 1218 2860 1288; x_wconf 77' lang='grc' dir='ltr'><strong>αὖτῷ</strong></span> <span class='ocrx_word' id='word_1_273' title='bbox 2886 1220 2979 1273; x_wconf 76' lang='grc' dir='ltr'>καὶ</span> <span class='ocrx_word' id='word_1_274' title='bbox 3003 1218 3070 1273; x_wconf 71' lang='grc' dir='ltr'>τὰ</span> <span class='ocrx_word' id='word_1_275' title='bbox 3105 1220 3205 1290; x_wconf 78' lang='grc' dir='ltr'>τῆς</span> <span class='ocrx_word' id='word_1_276' title='bbox 3231 1220 3338 1274; x_wconf 78' lang='grc' dir='ltr'><strong>ἀπὸ</strong></span> <span class='ocrx_word' id='word_1_277' title='bbox 3361 1221 3454 1273; x_wconf 79' lang='grc' dir='ltr'>τοῦ</span> <span class='ocrx_word' id='word_1_278' title='bbox 3486 1221 3603 1293; x_wconf 88' lang='grc' dir='ltr'>βίου</span> <span class='ocrx_word' id='word_1_279' title='bbox 3636 1224 3805 1278; x_wconf 78' lang='grc' dir='ltr'>ἀπαλο</span> 
     </span>
    </p>
   </div>
   <div class='ocr_carea' id='block_1_42' title="bbox 2215 1309 3890 1384">
    <p class='ocr_par' dir='ltr' id='par_1_42' title="bbox 2215 1309 3890 1384">
     <span class='ocr_line' id='line_1_42' title="bbox 2215 1309 3890 1384; baseline 0.004 -23"><span class='ocrx_word' id='word_1_280' title='bbox 2215 1309 2386 1380; x_wconf 77' lang='grc' dir='ltr'>λαγῆς</span> <span class='ocrx_word' id='word_1_281' title='bbox 2412 1310 2473 1362; x_wconf 76' lang='grc' dir='ltr'><strong>οὐ</strong></span> <span class='ocrx_word' id='word_1_282' title='bbox 2504 1309 2692 1381; x_wconf 73' lang='grc' dir='ltr'>πόρρω</span> <span class='ocrx_word' id='word_1_283' title='bbox 2728 1309 3040 1371; x_wconf 81' lang='grc' dir='ltr'>καθίστατο,</span> <span class='ocrx_word' id='word_1_284' title='bbox 3092 1310 3167 1380; x_wconf 83' lang='grc' dir='ltr'>μὴ</span> <span class='ocrx_word' id='word_1_285' title='bbox 3200 1312 3319 1382; x_wconf 72' lang='grc' dir='ltr'>ουχὶ</span> <span class='ocrx_word' id='word_1_286' title='bbox 3367 1313 3467 1384; x_wconf 80' lang='grc' dir='ltr'>τῆς</span> <span class='ocrx_word' id='word_1_287' title='bbox 3514 1312 3666 1378; x_wconf 80' lang='grc' dir='ltr'>θείας</span> <span class='ocrx_word' id='word_1_288' title='bbox 3708 1317 3805 1370; x_wconf 75' lang='grc' dir='ltr'>καὶ</span> <span class='ocrx_word' id='word_1_289' title='bbox 3880 1358 3890 1367; x_wconf 92' lang='grc'><strong>.</strong></span> 
     </span>
    </p>
   </div>
   <div class='ocr_carea' id='block_1_43' title="bbox 2215 1399 3803 1479">
    <p class='ocr_par' dir='ltr' id='par_1_43' title="bbox 2215 1399 3803 1479">
     <span class='ocr_line' id='line_1_43' title="bbox 2215 1399 3803 1479; baseline 0.004 -26"><span class='ocrx_word' id='word_1_290' title='bbox 2215 1399 2464 1471; x_wconf 73' lang='grc' dir='ltr'>οὐρανίου</span> <span class='ocrx_word' id='word_1_291' title='bbox 2491 1400 2743 1471; x_wconf 83' lang='grc' dir='ltr'>προνοίας</span> <span class='ocrx_word' id='word_1_292' title='bbox 2765 1402 2845 1463; x_wconf 86' lang='grc' dir='ltr'>εἰς</span> <span class='ocrx_word' id='word_1_293' title='bbox 2874 1400 2973 1471; x_wconf 79' lang='grc' dir='ltr'>τὴν</span> <span class='ocrx_word' id='word_1_294' title='bbox 3002 1401 3269 1454; x_wconf 75' lang='grc' dir='ltr'>πλείστων</span> <span class='ocrx_word' id='word_1_295' title='bbox 3292 1404 3560 1471; x_wconf 65' lang='grc' dir='ltr'>ὠφέλειαν</span> <span class='ocrx_word' id='word_1_296' title='bbox 3583 1405 3671 1459; x_wconf 75' lang='grc' dir='ltr'><strong>διὰ</strong></span> <span class='ocrx_word' id='word_1_297' title='bbox 3703 1408 3803 1479; x_wconf 81' lang='grc' dir='ltr'>τῆς</span> 
     </span>
    </p>
   </div>
   <div class='ocr_carea' id='block_1_44' title="bbox 2215 1490 3802 1567">
    <p class='ocr_par' dir='ltr' id='par_1_44' title="bbox 2215 1490 3802 1567">
     <span class='ocr_line' id='line_1_44' title="bbox 2215 1490 3802 1567; baseline 0.002 -21"><span class='ocrx_word' id='word_1_298' title='bbox 2215 1492 2379 1546; x_wconf 73' lang='grc' dir='ltr'>αὑτοῦ</span> <span class='ocrx_word' id='word_1_299' title='bbox 2417 1491 2620 1563; x_wconf 77' lang='grc' dir='ltr'>μητρὸς</span> <span class='ocrx_word' id='word_1_300' title='bbox 2646 1490 2896 1560; x_wconf 77' lang='grc' dir='ltr'>ἐμποδὼν</span> <span class='ocrx_word' id='word_1_301' title='bbox 2924 1492 3071 1561; x_wconf 76' lang='grc' dir='ltr'>αὑτῷ</span> <span class='ocrx_word' id='word_1_302' title='bbox 3102 1493 3200 1563; x_wconf 85' lang='grc' dir='ltr'>τῆς</span> <span class='ocrx_word' id='word_1_303' title='bbox 3235 1494 3543 1565; x_wconf 81' lang='grc' dir='ltr'>προθυμίας</span> <span class='ocrx_word' id='word_1_304' title='bbox 3577 1496 3685 1567; x_wconf 83' lang='lat' dir='ltr'><strong>(l5)</strong></span> <span class='ocrx_word' id='word_1_305' title='bbox 3714 1498 3802 1551; x_wconf 64' lang='lat' dir='ltr'><strong>tv-</strong></span> 
     </span>
    </p>
   </div>
   <div class='ocr_carea' id='block_1_45' title="bbox 2216 1577 3803 1655">
    <p class='ocr_par' dir='ltr' id='par_1_45' title="bbox 2216 1577 3803 1655">
     <span class='ocr_line' id='line_1_45' title="bbox 2216 1577 3803 1655; baseline 0.003 -20"><span class='ocrx_word' id='word_1_306' title='bbox 2216 1583 2437 1653; x_wconf 83' lang='grc' dir='ltr'>στάσης.</span> <span class='ocrx_word' id='word_1_307' title='bbox 2470 1581 2618 1653; x_wconf 76' lang='grc' dir='ltr'>Αὕτη</span> <span class='ocrx_word' id='word_1_308' title='bbox 2665 1582 2763 1652; x_wconf 87' lang='grc' dir='ltr'>μὲν</span> <span class='ocrx_word' id='word_1_309' title='bbox 2793 1577 2886 1634; x_wconf 77' lang='grc' dir='ltr'>οὖν</span> <span class='ocrx_word' id='word_1_310' title='bbox 2924 1582 2994 1635; x_wconf 81' lang='grc' dir='ltr'>τὰ</span> <span class='ocrx_word' id='word_1_311' title='bbox 3029 1582 3125 1652; x_wconf 83' lang='grc' dir='ltr'><strong>μὲν</strong></span> <span class='ocrx_word' id='word_1_312' title='bbox 3165 1583 3359 1655; x_wconf 84' lang='grc' dir='ltr'>πρῶτα</span> <span class='ocrx_word' id='word_1_313' title='bbox 3387 1584 3563 1655; x_wconf 84' lang='grc' dir='ltr'>λόγοις</span> <span class='ocrx_word' id='word_1_314' title='bbox 3596 1587 3803 1640; x_wconf 82' lang='grc' dir='ltr'>ἱκετεύ-</span> 
     </span>
    </p>
   </div>
   <div class='ocr_carea' id='block_1_46' title="bbox 2212 1675 3803 1748">
    <p class='ocr_par' dir='ltr' id='par_1_46' title="bbox 2212 1675 3803 1748">
     <span class='ocr_line' id='line_1_46' title="bbox 2212 1675 3803 1748; baseline 0.003 -19"><span class='ocrx_word' id='word_1_315' title='bbox 2212 1693 2369 1740; x_wconf 89' lang='grc' dir='ltr'>ουσα,</span> <span class='ocrx_word' id='word_1_316' title='bbox 2399 1675 2501 1745; x_wconf 80' lang='grc' dir='ltr'>τῆς</span> <span class='ocrx_word' id='word_1_317' title='bbox 2527 1677 2654 1748; x_wconf 75' lang='grc' dir='ltr'>περὶ</span> <span class='ocrx_word' id='word_1_318' title='bbox 2692 1677 2854 1729; x_wconf 77' lang='grc' dir='ltr'>αὐτὸν</span> <span class='ocrx_word' id='word_1_319' title='bbox 2891 1676 3163 1747; x_wconf 76' lang='grc' dir='ltr'>μητρικῆς</span> <span class='ocrx_word' id='word_1_320' title='bbox 3193 1676 3489 1742; x_wconf 73' lang='grc' dir='ltr'>διαθέσεως</span> <span class='ocrx_word' id='word_1_321' title='bbox 3522 1678 3687 1748; x_wconf 82' lang='grc' dir='ltr'>φειδὼ</span> <span class='ocrx_word' id='word_1_322' title='bbox 3713 1679 3803 1735; x_wconf 90' lang='grc' dir='ltr'>λα-</span> 
     </span>
    </p>
   </div>
   <div class='ocr_carea' id='block_1_47' title="bbox 2214 1768 3798 1839">
    <p class='ocr_par' dir='ltr' id='par_1_47' title="bbox 2214 1768 3798 1839">
     <span class='ocr_line' id='line_1_47' title="bbox 2214 1768 3798 1839; baseline 0.004 -18"><span class='ocrx_word' id='word_1_323' title='bbox 2214 1768 2330 1821; x_wconf 75' lang='grc' dir='ltr'>ϐεῖν</span> <span class='ocrx_word' id='word_1_324' title='bbox 2373 1768 2701 1839; x_wconf 77' lang='grc' dir='ltr'>παρεκάλει,</span> <span class='ocrx_word' id='word_1_325' title='bbox 2741 1768 3095 1839; x_wconf 67' lang='grc' dir='ltr'>σφοδρότερον</span> <span class='ocrx_word' id='word_1_326' title='bbox 3139 1768 3185 1820; x_wconf 90' lang='grc' dir='ltr'>δ’</span> <span class='ocrx_word' id='word_1_327' title='bbox 3223 1769 3569 1824; x_wconf 86' lang='grc' dir='ltr'>ἐπιτείναντα</span> <span class='ocrx_word' id='word_1_328' title='bbox 3598 1772 3798 1828; x_wconf 86' lang='grc' dir='ltr'>θεασα-</span> 
     </span>
    </p>
   </div>
   <div class='ocr_carea' id='block_1_48' title="bbox 2142 1833 3801 1935">
    <p class='ocr_par' dir='ltr' id='par_1_48' title="bbox 2142 1833 3801 1935">
     <span class='ocr_line' id='line_1_48' title="bbox 2142 1833 3801 1935; baseline 0.003 -22"><span class='ocrx_word' id='word_1_329' title='bbox 2142 1833 2186 1893; x_wconf 78' lang='lat' dir='ltr'><strong>B</strong></span> <span class='ocrx_word' id='word_1_330' title='bbox 2218 1861 2373 1932; x_wconf 88' lang='grc' dir='ltr'>μένη,</span> <span class='ocrx_word' id='word_1_331' title='bbox 2409 1833 2497 1913; x_wconf 78' lang='grc' dir='ltr'><strong>ὅτε</strong></span> <span class='ocrx_word' id='word_1_332' title='bbox 2525 1862 2685 1927; x_wconf 74' lang='grc' dir='ltr'>γνοὺς</span> <span class='ocrx_word' id='word_1_333' title='bbox 2716 1833 2910 1913; x_wconf 73' lang='grc' dir='ltr'>ἁλόντα</span> <span class='ocrx_word' id='word_1_334' title='bbox 2941 1833 3032 1913; x_wconf 78' lang='grc' dir='ltr'><strong>τὸν</strong></span> <span class='ocrx_word' id='word_1_335' title='bbox 3064 1861 3276 1933; x_wconf 84' lang='grc' dir='ltr'>πατέρα</span> <span class='ocrx_word' id='word_1_336' title='bbox 3314 1862 3672 1935; x_wconf 78' lang='grc' dir='ltr'>δεσμωτηρίῳ</span> <span class='ocrx_word' id='word_1_337' title='bbox 3700 1883 3801 1935; x_wconf 82' lang='grc' dir='ltr'><strong>φυ-</strong></span> 
     </span>
    </p>
   </div>
   <div class='ocr_carea' id='block_1_49' title="bbox 2213 1951 3797 2029">
    <p class='ocr_par' dir='ltr' id='par_1_49' title="bbox 2213 1951 3797 2029">
     <span class='ocr_line' id='line_1_49' title="bbox 2213 1951 3797 2029; baseline 0.003 -24"><span class='ocrx_word' id='word_1_338' title='bbox 2213 1952 2367 2007; x_wconf 82' lang='grc' dir='ltr'>λάττε</span> <span class='ocrx_word' id='word_1_339' title='bbox 2378 1951 2520 2016; x_wconf 78' lang='grc' dir='ltr'>σθαι,</span> <span class='ocrx_word' id='word_1_340' title='bbox 2546 1952 2665 2016; x_wconf 80' lang='grc' dir='ltr'>ὅλος</span> <span class='ocrx_word' id='word_1_341' title='bbox 2688 1953 2895 2020; x_wconf 84' lang='grc' dir='ltr'>ἐγίνετο</span> <span class='ocrx_word' id='word_1_342' title='bbox 2914 1952 3015 2023; x_wconf 76' lang='grc' dir='ltr'>τῆς</span> <span class='ocrx_word' id='word_1_343' title='bbox 3036 1954 3163 2024; x_wconf 88' lang='grc' dir='ltr'><strong>περί</strong></span> <span class='ocrx_word' id='word_1_344' title='bbox 3185 1954 3247 2007; x_wconf 82' lang='grc' dir='ltr'><strong>τὸ</strong></span> <span class='ocrx_word' id='word_1_345' title='bbox 3278 1956 3577 2028; x_wconf 68' lang='grc' dir='ltr'>μαρτύριον</span> <span class='ocrx_word' id='word_1_346' title='bbox 3597 1958 3797 2029; x_wconf 76' lang='grc' dir='ltr'>ὁρμῆς,</span> 
     </span>
    </p>
   </div>
   <div class='ocr_carea' id='block_1_50' title="bbox 2211 2044 3799 2120">
    <p class='ocr_par' dir='ltr' id='par_1_50' title="bbox 2211 2044 3799 2120">
     <span class='ocr_line' id='line_1_50' title="bbox 2211 2044 3799 2120; baseline 0.003 -21"><span class='ocrx_word' id='word_1_347' title='bbox 2211 2047 2308 2118; x_wconf 75' lang='grc' dir='ltr'><strong>τὴν</strong></span> <span class='ocrx_word' id='word_1_348' title='bbox 2338 2048 2515 2099; x_wconf 73' lang='grc' dir='ltr'>πᾶσαν</span> <span class='ocrx_word' id='word_1_349' title='bbox 2548 2044 2710 2099; x_wconf 76' lang='grc' dir='ltr'>αὐτοῦ</span> <span class='ocrx_word' id='word_1_350' title='bbox 2735 2046 3170 2117; x_wconf 63' lang='grc' dir='ltr'>ἁποκρυψαμένη</span> <span class='ocrx_word' id='word_1_351' title='bbox 3193 2046 3418 2118; x_wconf 80' lang='grc' dir='ltr'>ἐσθῆτα,</span> <span class='ocrx_word' id='word_1_352' title='bbox 3447 2048 3582 2101; x_wconf 74' lang='grc' dir='ltr'>οἴκοι</span> <span class='ocrx_word' id='word_1_353' title='bbox 3617 2050 3799 2120; x_wconf 81' lang='grc' dir='ltr'>μένειν</span> 
     </span>
    </p>
   </div>
   <div class='ocr_carea' id='block_1_51' title="bbox 2212 2138 3797 2215">
    <p class='ocr_par' dir='ltr' id='par_1_51' title="bbox 2212 2138 3797 2215">
     <span class='ocr_line' id='line_1_51' title="bbox 2212 2138 3797 2215; baseline 0.002 -21"><span class='ocrx_word' id='word_1_354' title='bbox 2212 2141 2455 2212; x_wconf 86' lang='grc' dir='ltr'>ἀνάγκην</span> <span class='ocrx_word' id='word_1_355' title='bbox 2473 2140 2695 2210; x_wconf 81' lang='grc' dir='ltr'>ἐπῆγεν.</span> <span class='ocrx_word' id='word_1_356' title='bbox 2731 2140 2791 2192; x_wconf 87' lang='grc' dir='ltr'>Ὀ</span> <span class='ocrx_word' id='word_1_357' title='bbox 2822 2139 2899 2203; x_wconf 87' lang='grc' dir='ltr'><strong>δὲ,</strong></span> <span class='ocrx_word' id='word_1_358' title='bbox 2922 2138 2999 2202; x_wconf 85' lang='grc' dir='ltr'>ὡς</span> <span class='ocrx_word' id='word_1_359' title='bbox 3022 2140 3174 2193; x_wconf 77' lang='grc' dir='ltr'>οὐδὲν</span> <span class='ocrx_word' id='word_1_360' title='bbox 3206 2141 3333 2195; x_wconf 83' lang='grc' dir='ltr'>ἄλλο</span> <span class='ocrx_word' id='word_1_361' title='bbox 3358 2142 3618 2213; x_wconf 86' lang='grc' dir='ltr'>πράττειν</span> <span class='ocrx_word' id='word_1_362' title='bbox 3647 2144 3797 2215; x_wconf 79' lang='grc' dir='ltr'>αὐτῷ</span> 
     </span>
    </p>
   </div>
   <div class='ocr_carea' id='block_1_52' title="bbox 2212 2230 3798 2304">
    <p class='ocr_par' dir='ltr' id='par_1_52' title="bbox 2212 2230 3798 2304">
     <span class='ocr_line' id='line_1_52' title="bbox 2212 2230 3798 2304; baseline 0.001 -19"><span class='ocrx_word' id='word_1_363' title='bbox 2212 2232 2416 2304; x_wconf 81' lang='grc' dir='ltr'>παρῆν,</span> <span class='ocrx_word' id='word_1_364' title='bbox 2451 2232 2551 2301; x_wconf 76' lang='grc' dir='ltr'>τῆς</span> <span class='ocrx_word' id='word_1_365' title='bbox 2574 2230 2883 2301; x_wconf 76' lang='grc' dir='ltr'>προθυμίας</span> <span class='ocrx_word' id='word_1_366' title='bbox 2917 2232 3057 2303; x_wconf 77' lang='grc' dir='ltr'>ὑπὲρ</span> <span class='ocrx_word' id='word_1_367' title='bbox 3085 2231 3181 2302; x_wconf 82' lang='grc' dir='ltr'><strong>τὴν</strong></span> <span class='ocrx_word' id='word_1_368' title='bbox 3214 2231 3429 2303; x_wconf 77' lang='grc' dir='ltr'>ἡλικίαν</span> <span class='ocrx_word' id='word_1_369' title='bbox 3456 2234 3798 2304; x_wconf 82' lang='grc' dir='ltr'>ἐπιτεινομέ-</span> 
     </span>
    </p>
   </div>
   <div class='ocr_carea' id='block_1_53' title="bbox 2211 2319 3798 2399">
    <p class='ocr_par' dir='ltr' id='par_1_53' title="bbox 2211 2319 3798 2399">
     <span class='ocr_line' id='line_1_53' title="bbox 2211 2319 3798 2399; baseline 0.003 -22"><span class='ocrx_word' id='word_1_370' title='bbox 2211 2342 2329 2395; x_wconf 80' lang='grc' dir='ltr'>νης,</span> <span class='ocrx_word' id='word_1_371' title='bbox 2362 2325 2460 2395; x_wconf 72' lang='grc' dir='ltr'>οὐχ</span> <span class='ocrx_word' id='word_1_372' title='bbox 2488 2319 2597 2387; x_wconf 73' lang='grc' dir='ltr'>οἷός</span> <span class='ocrx_word' id='word_1_373' title='bbox 2626 2342 2684 2377; x_wconf 82' lang='grc' dir='ltr'><strong>τε</strong></span> <span class='ocrx_word' id='word_1_374' title='bbox 2716 2322 2789 2377; x_wconf 80' lang='grc' dir='ltr'>ὢν</span> <span class='ocrx_word' id='word_1_375' title='bbox 2820 2326 3049 2396; x_wconf 56' lang='grc' dir='ltr'><strong>⁴ίγρεμεῖν</strong></span> <span class='ocrx_word' id='word_1_376' title='bbox 3070 2367 3084 2391; x_wconf 94' lang='grc'><strong>,</strong></span> <span class='ocrx_word' id='word_1_377' title='bbox 3116 2324 3486 2396; x_wconf 79' lang='grc' dir='ltr'>διαπέμπεται</span> <span class='ocrx_word' id='word_1_378' title='bbox 3517 2326 3594 2396; x_wconf 80' lang='grc' dir='ltr'>τῷ</span> <span class='ocrx_word' id='word_1_379' title='bbox 3627 2328 3798 2399; x_wconf 76' lang='grc' dir='ltr'>πατρὶ</span> 
     </span>
    </p>
   </div>
   <div class='ocr_carea' id='block_1_54' title="bbox 2211 2431 3799 2505">
    <p class='ocr_par' dir='ltr' id='par_1_54' title="bbox 2211 2431 3799 2505">
     <span class='ocr_line' id='line_1_54' title="bbox 2211 2431 3799 2505; baseline 0.003 -21"><span class='ocrx_word' id='word_1_380' title='bbox 2211 2431 2761 2504; x_wconf 85' lang='grc' dir='ltr'>προτρεπτικωτάτην</span> <span class='ocrx_word' id='word_1_381' title='bbox 2794 2433 2922 2504; x_wconf 72' lang='grc' dir='ltr'>περὶ</span> <span class='ocrx_word' id='word_1_382' title='bbox 2955 2432 3255 2505; x_wconf 77' lang='grc' dir='ltr'>μαρτυρίου</span> <span class='ocrx_word' id='word_1_383' title='bbox 3289 2432 3555 2499; x_wconf 79' lang='grc' dir='ltr'>συντάξας</span> <span class='ocrx_word' id='word_1_384' title='bbox 3583 2434 3799 2488; x_wconf 87' lang='grc' dir='ltr'>ἐπιστο-</span> 
     </span>
    </p>
   </div>
   <div class='ocr_carea' id='block_1_55' title="bbox 2209 2518 3795 2598">
    <p class='ocr_par' dir='ltr' id='par_1_55' title="bbox 2209 2518 3795 2598">
     <span class='ocr_line' id='line_1_55' title="bbox 2209 2518 3795 2598; baseline 0.001 -21"><span class='ocrx_word' id='word_1_385' title='bbox 2209 2526 2306 2598; x_wconf 76' lang='grc' dir='ltr'>λὴν</span> <span class='ocrx_word' id='word_1_386' title='bbox 2349 2524 2482 2594; x_wconf 58' lang='lat' dir='ltr'><strong>(le),</strong></span> <span class='ocrx_word' id='word_1_387' title='bbox 2527 2526 2583 2576; x_wconf 85' lang='grc' dir='ltr'><strong>ἐν</strong></span> <span class='ocrx_word' id='word_1_388' title='bbox 2718 2526 2857 2577; x_wconf 79' lang='grc' dir='ltr'>κατὰ</span> <span class='ocrx_word' id='word_1_389' title='bbox 2908 2522 3050 2589; x_wconf 81' lang='grc' dir='ltr'>λέξιν</span> <span class='ocrx_word' id='word_1_390' title='bbox 3093 2523 3243 2595; x_wconf 77' lang='grc' dir='ltr'>αὐτῷ</span> <span class='ocrx_word' id='word_1_391' title='bbox 3288 2527 3545 2595; x_wconf 87' lang='grc' dir='ltr'>παραινεί</span> <span class='ocrx_word' id='word_1_392' title='bbox 3586 2525 3795 2593; x_wconf 80' lang='grc' dir='ltr'>λέγων’</span> 
     </span>
    </p>
   </div>
   <div class='ocr_carea' id='block_1_56' title="bbox 2215 2614 3799 2690">
    <p class='ocr_par' dir='ltr' id='par_1_56' title="bbox 2215 2614 3799 2690">
     <span class='ocr_line' id='line_1_56' title="bbox 2215 2614 3799 2690; baseline 0.002 -21"><span class='ocrx_word' id='word_1_393' title='bbox 2215 2637 2233 2669; x_wconf 77' lang='grc' dir='ltr'><strong>ι</strong></span> <span class='ocrx_word' id='word_1_394' title='bbox 2273 2618 2507 2687; x_wconf 82' lang='grc' dir='ltr'>Ἐπεχε,</span> <span class='ocrx_word' id='word_1_395' title='bbox 2542 2614 2617 2687; x_wconf 80' lang='grc' dir='ltr'>μὴ</span> <span class='ocrx_word' id='word_1_396' title='bbox 2655 2615 2721 2668; x_wconf 81' lang='grc' dir='ltr'>δι’</span> <span class='ocrx_word' id='word_1_397' title='bbox 2763 2617 2918 2686; x_wconf 72' lang='grc' dir='ltr'>ἡμᾶς</span> <span class='ocrx_word' id='word_1_398' title='bbox 2965 2617 3092 2671; x_wconf 76' lang='grc' dir='ltr'>ἄλλο</span> <span class='ocrx_word' id='word_1_399' title='bbox 3126 2635 3178 2670; x_wconf 87' lang='grc' dir='ltr'><strong>τι</strong></span> <span class='ocrx_word' id='word_1_400' title='bbox 3220 2618 3514 2690; x_wconf 79' lang='grc' dir='ltr'>φρονήσῃς.</span> <span class='ocrx_word' id='word_1_401' title='bbox 3560 2636 3579 2669; x_wconf 74' lang='grc' dir='ltr'><strong>ι</strong></span> <span class='ocrx_word' id='word_1_402' title='bbox 3627 2618 3799 2672; x_wconf 72' lang='grc' dir='ltr'>Τοῦτο</span> 
     </span>
    </p>
   </div>
   <div class='ocr_carea' id='block_1_57' title="bbox 2210 2708 3799 2782">
    <p class='ocr_par' dir='ltr' id='par_1_57' title="bbox 2210 2708 3799 2782">
     <span class='ocr_line' id='line_1_57' title="bbox 2210 2708 3799 2782; baseline 0 -19"><span class='ocrx_word' id='word_1_403' title='bbox 2210 2710 2424 2782; x_wconf 80' lang='grc' dir='ltr'>πρῶτον</span> <span class='ocrx_word' id='word_1_404' title='bbox 2457 2708 2556 2779; x_wconf 80' lang='grc' dir='ltr'>τῆς</span> <span class='ocrx_word' id='word_1_405' title='bbox 2597 2709 2904 2779; x_wconf 82' lang='grc' dir='ltr'>Ὡριγένους</span> <span class='ocrx_word' id='word_1_406' title='bbox 2928 2709 3183 2780; x_wconf 77' lang='grc' dir='ltr'>παιδικῆς</span> <span class='ocrx_word' id='word_1_407' title='bbox 3212 2710 3515 2780; x_wconf 81' lang='grc' dir='ltr'>ἀγχινοίας,</span> <span class='ocrx_word' id='word_1_408' title='bbox 3549 2713 3643 2765; x_wconf 75' lang='grc' dir='ltr'><strong>καὶ</strong></span> <span class='ocrx_word' id='word_1_409' title='bbox 3672 2712 3799 2782; x_wconf 74' lang='grc' dir='ltr'>περὶ</span> 
     </span>
    </p>
   </div>
   <div class='ocr_carea' id='block_1_58' title="bbox 2209 2801 3799 2875">
    <p class='ocr_par' dir='ltr' id='par_1_58' title="bbox 2209 2801 3799 2875">
     <span class='ocr_line' id='line_1_58' title="bbox 2209 2801 3799 2875; baseline 0.001 -19"><span class='ocrx_word' id='word_1_410' title='bbox 2209 2803 2308 2874; x_wconf 76' lang='grc' dir='ltr'>τὴν</span> <span class='ocrx_word' id='word_1_411' title='bbox 2334 2801 2643 2855; x_wconf 81' lang='grc' dir='ltr'>θεοσέϐειαν</span> <span class='ocrx_word' id='word_1_412' title='bbox 2673 2801 3054 2873; x_wconf 83' lang='grc' dir='ltr'>γνησιωτάτης</span> <span class='ocrx_word' id='word_1_413' title='bbox 3088 2801 3382 2865; x_wconf 78' lang='grc' dir='ltr'>διαθέσεως</span> <span class='ocrx_word' id='word_1_414' title='bbox 3401 2843 3415 2867; x_wconf 92' lang='grc'><strong>,</strong></span> <span class='ocrx_word' id='word_1_415' title='bbox 3447 2803 3799 2875; x_wconf 78' lang='grc' dir='ltr'>ἀνάγραπτον</span> 
     </span>
    </p>
   </div>
   <div class='ocr_carea' id='block_1_59' title="bbox 2209 2892 3799 2966">
    <p class='ocr_par' dir='ltr' id='par_1_59' title="bbox 2209 2892 3799 2966">
     <span class='ocr_line' id='line_1_59' title="bbox 2209 2892 3799 2966; baseline 0.002 -19"><span class='ocrx_word' id='word_1_416' title='bbox 2209 2894 2349 2948; x_wconf 81' lang='grc' dir='ltr'>ἔστω</span> <span class='ocrx_word' id='word_1_417' title='bbox 2376 2895 2693 2965; x_wconf 83' lang='grc' dir='ltr'>τεκμήριον.</span> <span class='ocrx_word' id='word_1_418' title='bbox 2734 2894 2843 2946; x_wconf 75' lang='grc' dir='ltr'>Καὶ</span> <span class='ocrx_word' id='word_1_419' title='bbox 2874 2892 2982 2965; x_wconf 83' lang='grc' dir='ltr'>γὰρ</span> <span class='ocrx_word' id='word_1_420' title='bbox 3010 2894 3109 2965; x_wconf 69' lang='grc' dir='ltr'>ἤδη</span> <span class='ocrx_word' id='word_1_421' title='bbox 3145 2892 3238 2947; x_wconf 77' lang='grc' dir='ltr'>καὶ</span> <span class='ocrx_word' id='word_1_422' title='bbox 3271 2894 3380 2947; x_wconf 78' lang='grc' dir='ltr'><strong>τῶν</strong></span> <span class='ocrx_word' id='word_1_423' title='bbox 3412 2894 3512 2966; x_wconf 86' lang='grc' dir='ltr'>τῆς</span> <span class='ocrx_word' id='word_1_424' title='bbox 3563 2897 3799 2960; x_wconf 79' lang='grc' dir='ltr'>πίστεως</span> 
     </span>
    </p>
   </div>
   <div class='ocr_carea' id='block_1_60' title="bbox 2210 2984 3797 3058">
    <p class='ocr_par' dir='ltr' id='par_1_60' title="bbox 2210 2984 3797 3058">
     <span class='ocr_line' id='line_1_60' title="bbox 2210 2984 3797 3058; baseline 0.001 -18"><span class='ocrx_word' id='word_1_425' title='bbox 2210 2986 2382 3056; x_wconf 87' lang='grc' dir='ltr'>λόγων</span> <span class='ocrx_word' id='word_1_426' title='bbox 2410 2986 2470 3038; x_wconf 76' lang='grc' dir='ltr'><strong>οὐ</strong></span> <span class='ocrx_word' id='word_1_427' title='bbox 2503 2984 2740 3056; x_wconf 85' lang='grc' dir='ltr'>σμικρὰς</span> <span class='ocrx_word' id='word_1_428' title='bbox 2769 2985 3023 3055; x_wconf 59' lang='grc' dir='ltr'>ἁψορμὰς</span> <span class='ocrx_word' id='word_1_429' title='bbox 3053 2985 3453 3058; x_wconf 77' lang='grc' dir='ltr'>καταϐέϐλητο,</span> <span class='ocrx_word' id='word_1_430' title='bbox 3476 2990 3596 3051; x_wconf 85' lang='grc' dir='ltr'>ταῖς</span> <span class='ocrx_word' id='word_1_431' title='bbox 3623 2988 3797 3053; x_wconf 87' lang='grc' dir='ltr'>θείαις</span> 
     </span>
    </p>
   </div>
   <div class='ocr_carea' id='block_1_61' title="bbox 2210 3078 3798 3152">
    <p class='ocr_par' dir='ltr' id='par_1_61' title="bbox 2210 3078 3798 3152">
     <span class='ocr_line' id='line_1_61' title="bbox 2210 3078 3798 3152; baseline 0.001 -19"><span class='ocrx_word' id='word_1_432' title='bbox 2210 3081 2452 3152; x_wconf 69' lang='grc' dir='ltr'>Γραφαῖς</span> <span class='ocrx_word' id='word_1_433' title='bbox 2482 3078 2620 3142; x_wconf 79' lang='grc' dir='ltr'>ἐξέτι</span> <span class='ocrx_word' id='word_1_434' title='bbox 2658 3078 2843 3142; x_wconf 82' lang='grc' dir='ltr'>παιδὸς</span> <span class='ocrx_word' id='word_1_435' title='bbox 2874 3078 3266 3149; x_wconf 82' lang='grc' dir='ltr'>ἐνησκημένος.</span> <span class='ocrx_word' id='word_1_436' title='bbox 3295 3079 3369 3132; x_wconf 78' lang='grc' dir='ltr'><strong>Οὐ</strong></span> <span class='ocrx_word' id='word_1_437' title='bbox 3400 3081 3637 3151; x_wconf 87' lang='grc' dir='ltr'>μετρίως</span> <span class='ocrx_word' id='word_1_438' title='bbox 3667 3081 3798 3149; x_wconf 74' lang='grc' dir='ltr'>γοῦν</span> 
     </span>
    </p>
   </div>
   <div class='ocr_carea' id='block_1_62' title="bbox 527 3168 2111 3248">
    <p class='ocr_par' dir='ltr' id='par_1_62' title="bbox 527 3168 2105 3244">
     <span class='ocr_line' id='line_1_62' title="bbox 527 3168 2105 3244; baseline -0.006 -15"><span class='ocrx_word' id='word_1_439' title='bbox 527 3173 828 3244; x_wconf 87' lang='lat' dir='ltr'><strong>Scripturis</strong></span> <span class='ocrx_word' id='word_1_440' title='bbox 853 3173 964 3242; x_wconf 89' lang='lat' dir='ltr'><strong>jam</strong></span> <span class='ocrx_word' id='word_1_441' title='bbox 989 3173 1115 3227; x_wconf 89' lang='lat' dir='ltr'><strong>inde</strong></span> <span class='ocrx_word' id='word_1_442' title='bbox 1135 3188 1164 3228; x_wconf 87' lang='lat' dir='ltr'><strong>a</strong></span> <span class='ocrx_word' id='word_1_443' title='bbox 1192 3186 1356 3241; x_wconf 89' lang='lat' dir='ltr'><strong>puero</strong></span> <span class='ocrx_word' id='word_1_444' title='bbox 1382 3170 1734 3226; x_wconf 70' lang='lat' dir='ltr'><strong>exercitatus.</strong></span> <span class='ocrx_word' id='word_1_445' title='bbox 1767 3168 1950 3239; x_wconf 87' lang='lat' dir='ltr'><strong>Neque</strong></span> <span class='ocrx_word' id='word_1_446' title='bbox 1976 3184 2105 3221; x_wconf 90' lang='lat' dir='ltr'><strong>vero</strong></span> 
     </span>
    </p>
   </div>
   <div class='ocr_carea' id='block_1_63' title="bbox 2207 3168 3797 3248">
    <p class='ocr_par' dir='ltr' id='par_1_63' title="bbox 2207 3172 3797 3248">
     <span class='ocr_line' id='line_1_63' title="bbox 2207 3172 3797 3248; baseline 0.002 -21"><span class='ocrx_word' id='word_1_447' title='bbox 2207 3175 2302 3228; x_wconf 70' lang='lat' dir='ltr'><strong>xui.</strong></span> <span class='ocrx_word' id='word_1_448' title='bbox 2334 3174 2461 3246; x_wconf 80' lang='grc' dir='ltr'>περὶ</span> <span class='ocrx_word' id='word_1_449' title='bbox 2503 3172 2707 3236; x_wconf 76' lang='grc' dir='ltr'>ταύτας</span> <span class='ocrx_word' id='word_1_450' title='bbox 2738 3172 3073 3243; x_wconf 87' lang='grc' dir='ltr'>ἐπεπόνητο,</span> <span class='ocrx_word' id='word_1_451' title='bbox 3108 3172 3203 3226; x_wconf 79' lang='grc' dir='ltr'>τοῦ</span> <span class='ocrx_word' id='word_1_452' title='bbox 3237 3173 3441 3246; x_wconf 70' lang='grc' dir='ltr'>πατρὸς</span> <span class='ocrx_word' id='word_1_453' title='bbox 3479 3174 3627 3247; x_wconf 79' lang='grc' dir='ltr'>αὑτῷ</span> <span class='ocrx_word' id='word_1_454' title='bbox 3660 3175 3797 3248; x_wconf 77' lang='grc' dir='ltr'>πρὸς</span> 
     </span>
    </p>
   </div>
   <div class='ocr_carea' id='block_1_64' title="bbox 526 3262 2104 3332">
    <p class='ocr_par' dir='ltr' id='par_1_64' title="bbox 526 3262 2104 3332">
     <span class='ocr_line' id='line_1_64' title="bbox 526 3262 2104 3332; baseline -0.003 -11"><span class='ocrx_word' id='word_1_455' title='bbox 526 3270 578 3321; x_wconf 92' lang='lat' dir='ltr'><strong>in</strong></span> <span class='ocrx_word' id='word_1_456' title='bbox 608 3268 691 3322; x_wconf 91' lang='lat' dir='ltr'><strong>his</strong></span> <span class='ocrx_word' id='word_1_457' title='bbox 736 3267 1086 3321; x_wconf 81' lang='lat' dir='ltr'><strong>mediocriter</strong></span> <span class='ocrx_word' id='word_1_458' title='bbox 1110 3276 1229 3320; x_wconf 86' lang='lat' dir='ltr'><strong>erat</strong></span> <span class='ocrx_word' id='word_1_459' title='bbox 1258 3274 1522 3325; x_wconf 87' lang='lat' dir='ltr'><strong>versatus,</strong></span> <span class='ocrx_word' id='word_1_460' title='bbox 1575 3279 1697 3317; x_wconf 87' lang='lat' dir='ltr'><strong>cum</strong></span> <span class='ocrx_word' id='word_1_461' title='bbox 1741 3273 1936 3332; x_wconf 69' lang='lat' dir='ltr'><strong>prlPler</strong></span> <span class='ocrx_word' id='word_1_462' title='bbox 1970 3262 2104 3316; x_wconf 88' lang='lat' dir='ltr'><strong>lihe—</strong></span> 
     </span>
    </p>
   </div>
   <div class='ocr_carea' id='block_1_65' title="bbox 527 3352 2104 3428">
    <p class='ocr_par' dir='ltr' id='par_1_65' title="bbox 527 3352 2104 3428">
     <span class='ocr_line' id='line_1_65' title="bbox 527 3352 2104 3428; baseline -0.004 -16"><span class='ocrx_word' id='word_1_463' title='bbox 527 3358 725 3413; x_wconf 87' lang='lat' dir='ltr'><strong>ralium</strong></span> <span class='ocrx_word' id='word_1_464' title='bbox 779 3357 1191 3428; x_wconf 89' lang='lat' dir='ltr'><strong>disciplinarum</strong></span> <span class='ocrx_word' id='word_1_465' title='bbox 1248 3357 1448 3419; x_wconf 80' lang='lat' dir='ltr'><strong>studia,</strong></span> <span class='ocrx_word' id='word_1_466' title='bbox 1488 3354 1653 3409; x_wconf 90' lang='lat' dir='ltr'><strong>etiam</strong></span> <span class='ocrx_word' id='word_1_467' title='bbox 1689 3354 1860 3408; x_wconf 91' lang='lat' dir='ltr'><strong>sacris</strong></span> <span class='ocrx_word' id='word_1_468' title='bbox 1882 3352 2104 3407; x_wconf 89' lang='lat' dir='ltr'><strong>Litteris</strong></span> 
     </span>
    </p>
   </div>
   <div class='ocr_carea' id='block_1_66' title="bbox 512 3445 2100 3519">
    <p class='ocr_par' dir='ltr' id='par_1_66' title="bbox 512 3445 2100 3519">
     <span class='ocr_line' id='line_1_66' title="bbox 512 3445 2100 3519; baseline -0.004 -13"><span class='ocrx_word' id='word_1_469' title='bbox 512 3467 630 3506; x_wconf 79' lang='lat' dir='ltr'><strong>non</strong></span> <span class='ocrx_word' id='word_1_470' title='bbox 697 3450 1066 3519; x_wconf 69' lang='lat' dir='ltr'><strong>perfunctorie</strong></span> <span class='ocrx_word' id='word_1_471' title='bbox 1107 3461 1263 3518; x_wconf 85' lang='lat' dir='ltr'><strong>pater</strong></span> <span class='ocrx_word' id='word_1_472' title='bbox 1309 3448 1460 3502; x_wconf 90' lang='lat' dir='ltr'><strong>illum</strong></span> <span class='ocrx_word' id='word_1_473' title='bbox 1514 3447 1862 3502; x_wconf 88' lang='lat' dir='ltr'><strong>erudivisset.</strong></span> <span class='ocrx_word' id='word_1_474' title='bbox 1892 3445 2100 3514; x_wconf 82' lang='lat' dir='ltr'><strong>Quippe</strong></span> 
     </span>
    </p>
   </div>
   <div class='ocr_carea' id='block_1_67' title="bbox 524 3534 2101 3607">
    <p class='ocr_par' dir='ltr' id='par_1_67' title="bbox 524 3534 2101 3607">
     <span class='ocr_line' id='line_1_67' title="bbox 524 3534 2101 3607; baseline -0.006 -11"><span class='ocrx_word' id='word_1_475' title='bbox 524 3554 651 3596; x_wconf 88' lang='lat' dir='ltr'><strong>ante</strong></span> <span class='ocrx_word' id='word_1_476' title='bbox 677 3534 991 3598; x_wconf 64' lang='lat' dir='ltr'><strong>Graecarum</strong></span> <span class='ocrx_word' id='word_1_477' title='bbox 1028 3540 1332 3594; x_wconf 89' lang='lat' dir='ltr'><strong>litterarum</strong></span> <span class='ocrx_word' id='word_1_478' title='bbox 1366 3538 1626 3602; x_wconf 89' lang='lat' dir='ltr'><strong>studium,</strong></span> <span class='ocrx_word' id='word_1_479' title='bbox 1665 3537 1835 3591; x_wconf 87' lang='lat' dir='ltr'><strong>sacris</strong></span> <span class='ocrx_word' id='word_1_480' title='bbox 1866 3550 1989 3607; x_wconf 72' lang='lat' dir='ltr'><strong>eum</strong></span> <span class='ocrx_word' id='word_1_481' title='bbox 2015 3535 2101 3588; x_wconf 90' lang='lat' dir='ltr'><strong>di-</strong></span> 
     </span>
    </p>
   </div>
   <div class='ocr_carea' id='block_1_68' title="bbox 523 3627 2102 3703">
    <p class='ocr_par' dir='ltr' id='par_1_68' title="bbox 523 3627 2102 3703">
     <span class='ocr_line' id='line_1_68' title="bbox 523 3627 2102 3703; baseline -0.006 -13"><span class='ocrx_word' id='word_1_482' title='bbox 523 3635 765 3703; x_wconf 87' lang='lat' dir='ltr'><strong>sciplinis</strong></span> <span class='ocrx_word' id='word_1_483' title='bbox 814 3632 1064 3687; x_wconf 76' lang='lat' dir='ltr'><strong>exerceri</strong></span> <span class='ocrx_word' id='word_1_484' title='bbox 1133 3630 1488 3702; x_wconf 85' lang='lat' dir='ltr'><strong>praecipiebat</strong></span> <span class='ocrx_word' id='word_1_485' title='bbox 1540 3648 1553 3684; x_wconf 95' lang='lat'><strong>:</strong></span> <span class='ocrx_word' id='word_1_486' title='bbox 1594 3631 1856 3698; x_wconf 90' lang='lat' dir='ltr'><strong>quosdam</strong></span> <span class='ocrx_word' id='word_1_487' title='bbox 1905 3627 2102 3682; x_wconf 74' lang='lat' dir='ltr'><strong>divina:</strong></span> 
     </span>
    </p>
   </div>
   <div class='ocr_carea' id='block_1_69' title="bbox 527 3721 2102 3795">
    <p class='ocr_par' dir='ltr' id='par_1_69' title="bbox 527 3721 2102 3795">
     <span class='ocr_line' id='line_1_69' title="bbox 527 3721 2102 3795; baseline -0.004 -15"><span class='ocrx_word' id='word_1_488' title='bbox 527 3725 822 3795; x_wconf 71' lang='lat' dir='ltr'><strong>Scriptum</strong></span> <span class='ocrx_word' id='word_1_489' title='bbox 882 3724 1030 3779; x_wconf 86' lang='lat' dir='ltr'><strong>locos</strong></span> <span class='ocrx_word' id='word_1_490' title='bbox 1091 3724 1370 3778; x_wconf 82' lang='lat' dir='ltr'><strong>memoriae</strong></span> <span class='ocrx_word' id='word_1_491' title='bbox 1426 3722 1689 3778; x_wconf 85' lang='lat' dir='ltr'><strong>mandare</strong></span> <span class='ocrx_word' id='word_1_492' title='bbox 1745 3735 1813 3774; x_wconf 83' lang='lat' dir='ltr'><strong>ac</strong></span> <span class='ocrx_word' id='word_1_493' title='bbox 1872 3721 2102 3775; x_wconf 80' lang='lat' dir='ltr'><strong>recitare</strong></span> 
     </span>
    </p>
   </div>
   <div class='ocr_carea' id='block_1_70' title="bbox 527 3813 2100 3888">
    <p class='ocr_par' dir='ltr' id='par_1_70' title="bbox 527 3813 2100 3888">
     <span class='ocr_line' id='line_1_70' title="bbox 527 3813 2100 3888; baseline -0.002 -19"><span class='ocrx_word' id='word_1_494' title='bbox 527 3817 773 3888; x_wconf 85' lang='lat' dir='ltr'><strong>quotidie</strong></span> <span class='ocrx_word' id='word_1_495' title='bbox 822 3814 976 3872; x_wconf 88' lang='lat' dir='ltr'><strong>illum</strong></span> <span class='ocrx_word' id='word_1_496' title='bbox 1015 3814 1235 3884; x_wconf 77' lang='lat' dir='ltr'><strong>iubens.</strong></span> <span class='ocrx_word' id='word_1_497' title='bbox 1294 3813 1406 3870; x_wconf 82' lang='lat' dir='ltr'><strong>Nec</strong></span> <span class='ocrx_word' id='word_1_498' title='bbox 1449 3830 1580 3872; x_wconf 89' lang='lat' dir='ltr'><strong>vero</strong></span> <span class='ocrx_word' id='word_1_499' title='bbox 1606 3817 1760 3887; x_wconf 90' lang='lat' dir='ltr'><strong>pueri</strong></span> <span class='ocrx_word' id='word_1_500' title='bbox 1790 3815 2006 3870; x_wconf 87' lang='lat' dir='ltr'><strong>animus</strong></span> <span class='ocrx_word' id='word_1_501' title='bbox 2030 3814 2100 3867; x_wconf 91' lang='lat' dir='ltr'><strong>ab</strong></span> 
     </span>
    </p>
   </div>
   <div class='ocr_carea' id='block_1_71' title="bbox 595 4012 2109 4087">
    <p class='ocr_par' dir='ltr' id='par_1_71' title="bbox 595 4012 2109 4087">
     <span class='ocr_line' id='line_1_71' title="bbox 595 4012 2109 4087; baseline -0.001 -19"><span class='ocrx_word' id='word_1_502' title='bbox 595 4013 705 4087; x_wconf 77' lang='lat' dir='ltr'><strong>(l3)</strong></span> <span class='ocrx_word' id='word_1_503' title='bbox 734 4012 1038 4085; x_wconf 74' lang='grc' dir='ltr'>Ἐμποδὼν</span> <span class='ocrx_word' id='word_1_504' title='bbox 1058 4013 1218 4081; x_wconf 80' lang='grc' dir='ltr'>αὐτῷ</span> <span class='ocrx_word' id='word_1_505' title='bbox 1233 4016 1343 4084; x_wconf 80' lang='grc' dir='ltr'>τῆς</span> <span class='ocrx_word' id='word_1_506' title='bbox 1361 4017 1711 4086; x_wconf 78' lang='grc' dir='ltr'>προθυμίας.</span> <span class='ocrx_word' id='word_1_507' title='bbox 1736 4014 1792 4068; x_wconf 92' lang='lat' dir='ltr'><strong>In</strong></span> <span class='ocrx_word' id='word_1_508' title='bbox 1820 4014 1960 4087; x_wconf 76' lang='lat' dir='ltr'><strong>libro</strong></span> <span class='ocrx_word' id='word_1_509' title='bbox 1993 4014 2109 4067; x_wconf 86' lang='lat' dir='ltr'><strong>Mo-</strong></span> 
     </span>
    </p>
   </div>
   <div class='ocr_carea' id='block_1_72' title="bbox 524 4085 2100 4155">
    <p class='ocr_par' dir='ltr' id='par_1_72' title="bbox 524 4085 2100 4155">
     <span class='ocr_line' id='line_1_72' title="bbox 524 4085 2100 4155; baseline -0.002 -15"><span class='ocrx_word' id='word_1_510' title='bbox 524 4085 616 4140; x_wconf 61' lang='lat' dir='ltr'><strong>rini</strong></span> <span class='ocrx_word' id='word_1_511' title='bbox 652 4086 715 4139; x_wconf 83' lang='lat' dir='ltr'><strong>ad</strong></span> <span class='ocrx_word' id='word_1_512' title='bbox 751 4087 1047 4151; x_wconf 81' lang='lat' dir='ltr'><strong>marginem</strong></span> <span class='ocrx_word' id='word_1_513' title='bbox 1077 4088 1419 4140; x_wconf 85' lang='lat' dir='ltr'><strong>emendatum</strong></span> <span class='ocrx_word' id='word_1_514' title='bbox 1456 4085 1658 4147; x_wconf 82' lang='lat' dir='ltr'><strong>inveni,</strong></span> <span class='ocrx_word' id='word_1_515' title='bbox 1687 4085 1852 4138; x_wconf 78' lang='grc' dir='ltr'>αὐτοῦ</span> <span class='ocrx_word' id='word_1_516' title='bbox 1877 4088 1941 4155; x_wconf 82' lang='grc' dir='ltr'>τῇ</span> <span class='ocrx_word' id='word_1_517' title='bbox 1974 4102 2100 4155; x_wconf 71' lang='grc' dir='ltr'>προσ</span> 
     </span>
    </p>
   </div>
   <div class='ocr_carea' id='block_1_73' title="bbox 522 4155 2100 4230">
    <p class='ocr_par' dir='ltr' id='par_1_73' title="bbox 522 4155 2100 4230">
     <span class='ocr_line' id='line_1_73' title="bbox 522 4155 2100 4230; baseline -0.003 -19"><span class='ocrx_word' id='word_1_518' title='bbox 522 4155 693 4230; x_wconf 74' lang='grc' dir='ltr'>θυμία</span> <span class='ocrx_word' id='word_1_519' title='bbox 731 4156 1197 4230; x_wconf 27' lang='grc' dir='ltr'>ἐνστάσηςαριιοιι</span> <span class='ocrx_word' id='word_1_520' title='bbox 1227 4156 1391 4209; x_wconf 88' lang='lat' dir='ltr'><strong>etiam</strong></span> <span class='ocrx_word' id='word_1_521' title='bbox 1423 4156 1689 4230; x_wconf 82' lang='lat' dir='ltr'><strong>Gruterus</strong></span> <span class='ocrx_word' id='word_1_522' title='bbox 1728 4155 1960 4230; x_wconf 86' lang='lat' dir='ltr'><strong>in__libro</strong></span> <span class='ocrx_word' id='word_1_523' title='bbox 2000 4169 2100 4207; x_wconf 84' lang='lat' dir='ltr'><strong>suo</strong></span> 
     </span>
    </p>
   </div>
   <div class='ocr_carea' id='block_1_74' title="bbox 523 4225 2096 4296">
    <p class='ocr_par' dir='ltr' id='par_1_74' title="bbox 523 4225 2096 4296">
     <span class='ocr_line' id='line_1_74' title="bbox 523 4225 2096 4296; baseline -0.003 -17"><span class='ocrx_word' id='word_1_524' title='bbox 523 4225 900 4281; x_wconf 61' lang='lat' dir='ltr'><strong>adiio&#39;tavcral.</strong></span> <span class='ocrx_word' id='word_1_525' title='bbox 935 4225 1042 4279; x_wconf 74' lang='lat' dir='ltr'><strong>Sed</strong></span> <span class='ocrx_word' id='word_1_526' title='bbox 1071 4241 1192 4281; x_wconf 92' lang='lat' dir='ltr'><strong>cum</strong></span> <span class='ocrx_word' id='word_1_527' title='bbox 1232 4230 1419 4296; x_wconf 88' lang='lat' dir='ltr'><strong>scripti</strong></span> <span class='ocrx_word' id='word_1_528' title='bbox 1449 4228 1665 4282; x_wconf 86' lang='lat' dir='ltr'><strong>codices</strong></span> <span class='ocrx_word' id='word_1_529' title='bbox 1693 4225 1825 4280; x_wconf 88' lang='lat' dir='ltr'><strong>nihil</strong></span> <span class='ocrx_word' id='word_1_530' title='bbox 1865 4234 2096 4296; x_wconf 82' lang='lat' dir='ltr'><strong>mutent.</strong></span> 
     </span>
    </p>
   </div>
   <div class='ocr_carea' id='block_1_75' title="bbox 524 4294 2097 4364">
    <p class='ocr_par' dir='ltr' id='par_1_75' title="bbox 524 4294 2097 4364">
     <span class='ocr_line' id='line_1_75' title="bbox 524 4294 2097 4364; baseline -0.001 -15"><span class='ocrx_word' id='word_1_531' title='bbox 524 4298 801 4364; x_wconf 76' lang='lat' dir='ltr'><strong>vulgatam</strong></span> <span class='ocrx_word' id='word_1_532' title='bbox 840 4297 1127 4350; x_wconf 88' lang='lat' dir='ltr'><strong>lectionem</strong></span> <span class='ocrx_word' id='word_1_533' title='bbox 1160 4294 1497 4351; x_wconf 84' lang='lat' dir='ltr'><strong>retinendam</strong></span> <span class='ocrx_word' id='word_1_534' title='bbox 1534 4312 1653 4351; x_wconf 84' lang='lat' dir='ltr'><strong>esse</strong></span> <span class='ocrx_word' id='word_1_535' title='bbox 1685 4296 1941 4348; x_wconf 89' lang='lat' dir='ltr'><strong>arbitror.</strong></span> <span class='ocrx_word' id='word_1_536' title='bbox 1985 4294 2097 4364; x_wconf 84' lang='grc' dir='ltr'>Τῆς</span> 
     </span>
    </p>
   </div>
   <div class='ocr_carea' id='block_1_76' title="bbox 522 4364 2103 4442">
    <p class='ocr_par' dir='ltr' id='par_1_76' title="bbox 522 4364 2103 4442">
     <span class='ocr_line' id='line_1_76' title="bbox 522 4364 2103 4442; baseline -0.003 -21"><span class='ocrx_word' id='word_1_537' title='bbox 522 4368 832 4442; x_wconf 79' lang='grc' dir='ltr'>προθυμίας</span> <span class='ocrx_word' id='word_1_538' title='bbox 863 4367 1042 4442; x_wconf 80' lang='lat' dir='ltr'><strong>igitur</strong></span> <span class='ocrx_word' id='word_1_539' title='bbox 1093 4366 1334 4442; x_wconf 75' lang='lat' dir='ltr'><strong>refertur</strong></span> <span class='ocrx_word' id='word_1_540' title='bbox 1371 4371 1435 4420; x_wconf 87' lang='lat' dir='ltr'><strong>ad</strong></span> <span class='ocrx_word' id='word_1_541' title='bbox 1481 4367 1797 4442; x_wconf 57' lang='lat' dir='ltr'><strong>miverlduut</strong></span> <span class='ocrx_word' id='word_1_542' title='bbox 1826 4364 2103 4442; x_wconf 74' lang='grc' dir='ltr'>ἐμποδών,</span> 
     </span>
    </p>
   </div>
   <div class='ocr_carea' id='block_1_77' title="bbox 521 4435 2107 4563">
    <p class='ocr_par' dir='ltr' id='par_1_77' title="bbox 521 4435 2107 4563">
     <span class='ocr_line' id='line_1_77' title="bbox 521 4435 2107 4563; baseline -0.001 -73"><span class='ocrx_word' id='word_1_543' title='bbox 521 4435 667 4563; x_wconf 59' lang='grc' dir='ltr'>ῗιῐιοό</span> <span class='ocrx_word' id='word_1_544' title='bbox 704 4435 950 4509; x_wconf 80' lang='lat' dir='ltr'><strong>genitivo</strong></span> <span class='ocrx_word' id='word_1_545' title='bbox 986 4438 1357 4508; x_wconf 74' lang='lat' dir='ltr'><strong>coniungitur,</strong></span> <span class='ocrx_word' id='word_1_546' title='bbox 1402 4450 1457 4492; x_wconf 89' lang='lat' dir='ltr'><strong>et</strong></span> <span class='ocrx_word' id='word_1_547' title='bbox 1494 4438 1576 4492; x_wconf 86' lang='lat' dir='ltr'><strong>sic</strong></span> <span class='ocrx_word' id='word_1_548' title='bbox 1624 4436 1797 4492; x_wconf 69' lang='lat' dir='ltr'><strong>Graeci</strong></span> <span class='ocrx_word' id='word_1_549' title='bbox 1838 4435 1985 4505; x_wconf 88' lang='lat' dir='ltr'><strong>loqui</strong></span> <span class='ocrx_word' id='word_1_550' title='bbox 2017 4451 2107 4491; x_wconf 88' lang='lat' dir='ltr'><strong>so-</strong></span> 
     </span>
     <span class='ocr_line' id='line_1_78' title="bbox 545 4518 653 4563; baseline 0 0"><span class='ocrx_word' id='word_1_551' title='bbox 545 4518 653 4563; x_wconf 81' lang='lat' dir='ltr'><strong>ent.</strong></span> 
     </span>
    </p>
   </div>
   <div class='ocr_carea' id='block_1_78' title="bbox 545 4518 653 4563">
    <p class='ocr_par' dir='ltr' id='par_1_78' title="bbox 545 4518 653 4563">
     <span class='ocr_line' id='line_1_79' title="bbox 545 4518 653 4563; baseline 0 0"><span class='ocrx_word' id='word_1_552' title='bbox 545 4518 653 4563; x_wconf 81' lang='lat' dir='ltr'><strong>ent.</strong></span> 
     </span>
    </p>
   </div>
   <div class='ocr_carea' id='block_1_79' title="bbox 597 4573 2097 4650">
    <p class='ocr_par' dir='ltr' id='par_1_79' title="bbox 597 4573 2097 4650">
     <span class='ocr_line' id='line_1_80' title="bbox 597 4573 2097 4650; baseline 0 -19"><span class='ocrx_word' id='word_1_553' title='bbox 597 4579 645 4650; x_wconf 85' lang='lat' dir='ltr'><strong>(l</strong></span> <span class='ocrx_word' id='word_1_554' title='bbox 662 4578 709 4650; x_wconf 73' lang='grc'><strong>4)</strong></span> <span class='ocrx_word' id='word_1_555' title='bbox 728 4578 867 4650; x_wconf 70' lang='grc' dir='ltr'>Περὶ</span> <span class='ocrx_word' id='word_1_556' title='bbox 882 4577 1211 4650; x_wconf 14' lang='grc' dir='ltr'>μλᾳρίτιζρῐου</span> <span class='ocrx_word' id='word_1_557' title='bbox 1226 4577 1536 4650; x_wconf 70' lang='grc' dir='ltr'>συντάξας</span> <span class='ocrx_word' id='word_1_558' title='bbox 1552 4573 1904 4650; x_wconf 51' lang='grc' dir='ltr'>ἐπιστοᾷήν.</span> <span class='ocrx_word' id='word_1_559' title='bbox 1928 4574 2072 4650; x_wconf 82' lang='lat' dir='ltr'><strong>Codd</strong></span> <span class='ocrx_word' id='word_1_560' title='bbox 2083 4616 2097 4630; x_wconf 92' lang='lat'><strong>.</strong></span> 
     </span>
    </p>
   </div>
   <div class='ocr_carea' id='block_1_80' title="bbox 528 4647 2103 4714">
    <p class='ocr_par' dir='ltr' id='par_1_80' title="bbox 528 4647 2103 4714">
     <span class='ocr_line' id='line_1_81' title="bbox 528 4647 2103 4714; baseline -0.001 -12"><span class='ocrx_word' id='word_1_561' title='bbox 528 4647 699 4712; x_wconf 59' lang='lat' dir='ltr'><strong>Med,</strong></span> <span class='ocrx_word' id='word_1_562' title='bbox 723 4647 893 4714; x_wconf 61' lang='lat' dir='ltr'><strong>Mam,</strong></span> <span class='ocrx_word' id='word_1_563' title='bbox 918 4648 1055 4703; x_wconf 84' lang='lat' dir='ltr'><strong>Fuk.</strong></span> <span class='ocrx_word' id='word_1_564' title='bbox 1091 4659 1144 4702; x_wconf 89' lang='lat' dir='ltr'><strong>et</strong></span> <span class='ocrx_word' id='word_1_565' title='bbox 1179 4649 1351 4703; x_wconf 86' lang='lat' dir='ltr'><strong>Savil.</strong></span> <span class='ocrx_word' id='word_1_566' title='bbox 1383 4665 1569 4704; x_wconf 87' lang='lat' dir='ltr'><strong>vocem</strong></span> <span class='ocrx_word' id='word_1_567' title='bbox 1595 4647 1859 4711; x_wconf 80' lang='grc' dir='ltr'>συντάξας</span> <span class='ocrx_word' id='word_1_568' title='bbox 1891 4649 2103 4702; x_wconf 88' lang='lat' dir='ltr'><strong>addunt</strong></span> 
     </span>
    </p>
   </div>
   <div class='ocr_carea' id='block_1_81' title="bbox 527 4720 1338 4788">
    <p class='ocr_par' dir='ltr' id='par_1_81' title="bbox 527 4720 1338 4788">
     <span class='ocr_line' id='line_1_82' title="bbox 527 4720 1338 4788; baseline 0.001 -16"><span class='ocrx_word' id='word_1_569' title='bbox 527 4734 648 4788; x_wconf 75' lang='lat' dir='ltr'><strong>qua:</strong></span> <span class='ocrx_word' id='word_1_570' title='bbox 684 4720 901 4773; x_wconf 86' lang='lat' dir='ltr'><strong>ineditis</strong></span> <span class='ocrx_word' id='word_1_571' title='bbox 940 4733 1100 4774; x_wconf 87' lang='lat' dir='ltr'><strong>antea</strong></span> <span class='ocrx_word' id='word_1_572' title='bbox 1130 4721 1338 4773; x_wconf 89' lang='lat' dir='ltr'><strong>deerat.</strong></span> 
     </span>
    </p>
   </div>
   <div class='ocr_carea' id='block_1_82' title="bbox 600 4787 2100 4858">
    <p class='ocr_par' dir='ltr' id='par_1_82' title="bbox 600 4787 2100 4858">
     <span class='ocr_line' id='line_1_83' title="bbox 600 4787 2100 4858; baseline -0.001 -15"><span class='ocrx_word' id='word_1_573' title='bbox 600 4789 711 4858; x_wconf 74' lang='grc'><strong>(15)</strong></span> <span class='ocrx_word' id='word_1_574' title='bbox 741 4788 891 4858; x_wconf 64' lang='grc' dir='ltr'><strong>ΔΤῶν·</strong></span> <span class='ocrx_word' id='word_1_575' title='bbox 941 4790 1275 4858; x_wconf 76' lang='grc' dir='ltr'><strong>ἐγκυκλίων</strong></span> <span class='ocrx_word' id='word_1_576' title='bbox 1301 4789 1557 4858; x_wconf 75' lang='grc' dir='ltr'>παιδείᾳ.</span> <span class='ocrx_word' id='word_1_577' title='bbox 1592 4788 1767 4844; x_wconf 73' lang='lat' dir='ltr'><strong>Grteci</strong></span> <span class='ocrx_word' id='word_1_578' title='bbox 1797 4787 2100 4857; x_wconf 77' lang='grc' dir='ltr'>ἐγκυκλίων</span> 
     </span>
    </p>
   </div>
   <div class='ocr_carea' id='block_1_83' title="bbox 530 4856 2095 4930">
    <p class='ocr_par' dir='ltr' id='par_1_83' title="bbox 530 4856 2095 4930">
     <span class='ocr_line' id='line_1_84' title="bbox 530 4856 2095 4930; baseline 0.001 -19"><span class='ocrx_word' id='word_1_579' title='bbox 530 4856 869 4929; x_wconf 79' lang='grc' dir='ltr'>μαθημάτων</span> <span class='ocrx_word' id='word_1_580' title='bbox 891 4856 1119 4930; x_wconf 78' lang='lat' dir='ltr'><strong>nomine</strong></span> <span class='ocrx_word' id='word_1_581' title='bbox 1142 4861 1393 4930; x_wconf 83' lang='lat' dir='ltr'><strong>liberales</strong></span> <span class='ocrx_word' id='word_1_582' title='bbox 1433 4856 1742 4930; x_wconf 80' lang='lat' dir='ltr'><strong>intelligunt</strong></span> <span class='ocrx_word' id='word_1_583' title='bbox 1760 4856 2095 4929; x_wconf 72' lang='lat' dir='ltr'><strong>disciplinas,</strong></span> 
     </span>
    </p>
   </div>
   <div class='ocr_carea' id='block_1_84' title="bbox 528 4928 2096 4997">
    <p class='ocr_par' dir='ltr' id='par_1_84' title="bbox 528 4928 2096 4997">
     <span class='ocr_line' id='line_1_85' title="bbox 528 4928 2096 4997; baseline 0.002 -18"><span class='ocrx_word' id='word_1_584' title='bbox 528 4928 728 4997; x_wconf 86' lang='lat' dir='ltr'><strong>quibus</strong></span> <span class='ocrx_word' id='word_1_585' title='bbox 752 4928 902 4997; x_wconf 90' lang='lat' dir='ltr'><strong>pueri</strong></span> <span class='ocrx_word' id='word_1_586' title='bbox 921 4928 1380 4985; x_wconf 75' lang='lat' dir='ltr'><strong>instituebantur:</strong></span> <span class='ocrx_word' id='word_1_587' title='bbox 1402 4928 1845 4984; x_wconf 77' lang='lat' dir='ltr'><strong>mathematicam</strong></span> <span class='ocrx_word' id='word_1_588' title='bbox 1863 4928 2096 4991; x_wconf 79' lang='lat' dir='ltr'><strong>scilicet,</strong></span> 
     </span>
    </p>
   </div>
   <div class='ocr_carea' id='block_1_85' title="bbox 528 4998 2096 5070">
    <p class='ocr_par' dir='ltr' id='par_1_85' title="bbox 528 4998 2096 5070">
     <span class='ocr_line' id='line_1_86' title="bbox 528 4998 2096 5070; baseline 0.001 -19"><span class='ocrx_word' id='word_1_589' title='bbox 528 4998 940 5070; x_wconf 66' lang='lat' dir='ltr'><strong>grammaticam</strong></span> <span class='ocrx_word' id='word_1_590' title='bbox 992 5012 1048 5052; x_wconf 88' lang='lat' dir='ltr'><strong>et</strong></span> <span class='ocrx_word' id='word_1_591' title='bbox 1083 5000 1433 5057; x_wconf 87' lang='lat' dir='ltr'><strong>rhetoricam.</strong></span> <span class='ocrx_word' id='word_1_592' title='bbox 1473 5001 1821 5068; x_wconf 86' lang='lat' dir='ltr'><strong>Philosophia</strong></span> <span class='ocrx_word' id='word_1_593' title='bbox 1871 5016 2002 5054; x_wconf 89' lang='lat' dir='ltr'><strong>vero</strong></span> <span class='ocrx_word' id='word_1_594' title='bbox 2028 5014 2096 5052; x_wconf 89' lang='lat' dir='ltr'><strong>eo</strong></span> 
     </span>
    </p>
   </div>
   <div class='ocr_carea' id='block_1_86' title="bbox 527 5067 2093 5138">
    <p class='ocr_par' dir='ltr' id='par_1_86' title="bbox 527 5067 2093 5138">
     <span class='ocr_line' id='line_1_87' title="bbox 527 5067 2093 5138; baseline -0.003 -14"><span class='ocrx_word' id='word_1_595' title='bbox 527 5067 747 5124; x_wconf 73' lang='lat' dir='ltr'><strong>nomine</strong></span> <span class='ocrx_word' id='word_1_596' title='bbox 771 5084 873 5120; x_wconf 88' lang='lat' dir='ltr'><strong>non</strong></span> <span class='ocrx_word' id='word_1_597' title='bbox 902 5070 1227 5130; x_wconf 80' lang='lat' dir='ltr'><strong>continetur,</strong></span> <span class='ocrx_word' id='word_1_598' title='bbox 1250 5076 1390 5137; x_wconf 81' lang='lat' dir='ltr'><strong>quod</strong></span> <span class='ocrx_word' id='word_1_599' title='bbox 1427 5067 1725 5124; x_wconf 83' lang='lat' dir='ltr'><strong>innumeris</strong></span> <span class='ocrx_word' id='word_1_600' title='bbox 1761 5071 2093 5138; x_wconf 80' lang='lat' dir='ltr'><strong>scriptorum</strong></span> 
     </span>
    </p>
   </div>
   <div class='ocr_carea' id='block_1_87' title="bbox 530 5138 2098 5210">
    <p class='ocr_par' dir='ltr' id='par_1_87' title="bbox 530 5138 2098 5210">
     <span class='ocr_line' id='line_1_88' title="bbox 530 5138 2098 5210; baseline 0 -19"><span class='ocrx_word' id='word_1_601' title='bbox 530 5138 855 5210; x_wconf 50' lang='lat' dir='ltr'><strong>testimoniis</strong></span> <span class='ocrx_word' id='word_1_602' title='bbox 884 5139 1101 5210; x_wconf 64' lang='lat' dir='ltr'><strong>probari</strong></span> <span class='ocrx_word' id='word_1_603' title='bbox 1135 5150 1327 5210; x_wconf 84' lang='lat' dir='ltr'><strong>potest.</strong></span> <span class='ocrx_word' id='word_1_604' title='bbox 1376 5142 1467 5194; x_wconf 82' lang='lat' dir='ltr'><strong>Sic</strong></span> <span class='ocrx_word' id='word_1_605' title='bbox 1526 5141 1793 5210; x_wconf 83' lang='lat' dir='ltr'><strong>Diogenes</strong></span> <span class='ocrx_word' id='word_1_606' title='bbox 1843 5140 2098 5194; x_wconf 75' lang='lat' dir='ltr'><strong>Laertius</strong></span> 
     </span>
    </p>
   </div>
   <div class='ocr_carea' id='block_1_88' title="bbox 528 5204 2098 5277">
    <p class='ocr_par' dir='ltr' id='par_1_88' title="bbox 528 5204 2098 5277">
     <span class='ocr_line' id='line_1_89' title="bbox 528 5204 2098 5277; baseline -0.002 -14"><span class='ocrx_word' id='word_1_607' title='bbox 528 5210 583 5263; x_wconf 88' lang='lat' dir='ltr'><strong>in</strong></span> <span class='ocrx_word' id='word_1_608' title='bbox 602 5204 811 5261; x_wconf 81' lang='lat' dir='ltr'><strong>Zenone</strong></span> <span class='ocrx_word' id='word_1_609' title='bbox 844 5216 898 5260; x_wconf 90' lang='lat' dir='ltr'><strong>et</strong></span> <span class='ocrx_word' id='word_1_610' title='bbox 928 5209 980 5260; x_wconf 93' lang='lat' dir='ltr'><strong>in</strong></span> <span class='ocrx_word' id='word_1_611' title='bbox 1013 5204 1325 5277; x_wconf 66' lang='lat' dir='ltr'><strong>Chrysippo,</strong></span> <span class='ocrx_word' id='word_1_612' title='bbox 1354 5223 1406 5263; x_wconf 84' lang='lat' dir='ltr'><strong>ct</strong></span> <span class='ocrx_word' id='word_1_613' title='bbox 1459 5213 1510 5263; x_wconf 90' lang='lat' dir='ltr'><strong>in</strong></span> <span class='ocrx_word' id='word_1_614' title='bbox 1567 5204 1860 5264; x_wconf 62' lang='lat' dir='ltr'><strong>Democrito</strong></span> <span class='ocrx_word' id='word_1_615' title='bbox 1880 5227 1899 5264; x_wconf 94' lang='lat'><em>:</em></span> <span class='ocrx_word' id='word_1_616' title='bbox 1929 5211 2098 5263; x_wconf 82' lang='lat' dir='ltr'><strong>Maxi-</strong></span> 
     </span>
    </p>
   </div>
   <div class='ocr_carea' id='block_1_89' title="bbox 527 5277 2094 5345">
    <p class='ocr_par' dir='ltr' id='par_1_89' title="bbox 527 5277 2094 5345">
     <span class='ocr_line' id='line_1_90' title="bbox 527 5277 2094 5345; baseline -0.001 -13"><span class='ocrx_word' id='word_1_617' title='bbox 527 5294 649 5333; x_wconf 84' lang='lat' dir='ltr'><strong>mus</strong></span> <span class='ocrx_word' id='word_1_618' title='bbox 674 5277 867 5345; x_wconf 79' lang='lat' dir='ltr'><strong>Tyrius</strong></span> <span class='ocrx_word' id='word_1_619' title='bbox 917 5292 1168 5331; x_wconf 79' lang='lat' dir='ltr'><strong>sermone</strong></span> <span class='ocrx_word' id='word_1_620' title='bbox 1194 5280 1255 5331; x_wconf 73' lang='lat'><strong>21</strong></span> <span class='ocrx_word' id='word_1_621' title='bbox 1286 5283 1576 5341; x_wconf 76' lang='lat' dir='ltr'><strong>;Clemens</strong></span> <span class='ocrx_word' id='word_1_622' title='bbox 1611 5281 2016 5334; x_wconf 80' lang='lat' dir='ltr'><strong>Alexandrinus</strong></span> <span class='ocrx_word' id='word_1_623' title='bbox 2044 5284 2094 5331; x_wconf 89' lang='lat' dir='ltr'><strong>in</strong></span> 
     </span>
    </p>
   </div>
   <div class='ocr_carea' id='block_1_90' title="bbox 529 5343 2093 5418">
    <p class='ocr_par' dir='ltr' id='par_1_90' title="bbox 529 5343 2093 5418">
     <span class='ocr_line' id='line_1_91' title="bbox 529 5343 2093 5418; baseline 0.001 -17"><span class='ocrx_word' id='word_1_624' title='bbox 529 5350 623 5403; x_wconf 88' lang='lat' dir='ltr'><strong>lib.</strong></span> <span class='ocrx_word' id='word_1_625' title='bbox 653 5364 689 5402; x_wconf 90' lang='lat' dir='ltr'><strong>ll</strong></span> <span class='ocrx_word' id='word_1_626' title='bbox 720 5343 1020 5413; x_wconf 81' lang='lat' dir='ltr'><strong>Slromntei,</strong></span> <span class='ocrx_word' id='word_1_627' title='bbox 1046 5348 1395 5404; x_wconf 79' lang='lat' dir='ltr'><strong>etEttsebius</strong></span> <span class='ocrx_word' id='word_1_628' title='bbox 1425 5353 1536 5418; x_wconf 90' lang='lat' dir='ltr'><strong>ipse</strong></span> <span class='ocrx_word' id='word_1_629' title='bbox 1570 5352 1619 5403; x_wconf 91' lang='lat' dir='ltr'><strong>in</strong></span> <span class='ocrx_word' id='word_1_630' title='bbox 1653 5365 1772 5417; x_wconf 79' lang='lat' dir='ltr'><strong>Cap.</strong></span> <span class='ocrx_word' id='word_1_631' title='bbox 1808 5351 1894 5408; x_wconf 76' lang='grc'><strong>18.</strong></span> <span class='ocrx_word' id='word_1_632' title='bbox 1928 5350 2093 5403; x_wconf 82' lang='lat' dir='ltr'><strong>infra.</strong></span> 
     </span>
    </p>
   </div>
   <div class='ocr_carea' id='block_1_91' title="bbox 529 5419 2091 5489">
    <p class='ocr_par' dir='ltr' id='par_1_91' title="bbox 529 5419 2091 5489">
     <span class='ocr_line' id='line_1_92' title="bbox 529 5419 2091 5489; baseline -0.001 -15"><span class='ocrx_word' id='word_1_633' title='bbox 529 5419 669 5474; x_wconf 81' lang='lat' dir='ltr'><strong>Hinc</strong></span> <span class='ocrx_word' id='word_1_634' title='bbox 711 5431 794 5472; x_wconf 85' lang='lat' dir='ltr'><strong>est</strong></span> <span class='ocrx_word' id='word_1_635' title='bbox 843 5420 986 5485; x_wconf 87' lang='lat' dir='ltr'><strong>quod</strong></span> <span class='ocrx_word' id='word_1_636' title='bbox 1022 5419 1254 5489; x_wconf 80' lang='lat' dir='ltr'><strong>Ariston</strong></span> <span class='ocrx_word' id='word_1_637' title='bbox 1302 5419 1464 5480; x_wconf 80' lang='lat' dir='ltr'><strong>Ceus,</strong></span> <span class='ocrx_word' id='word_1_638' title='bbox 1492 5420 1687 5474; x_wconf 80' lang='lat' dir='ltr'><strong>nobilis</strong></span> <span class='ocrx_word' id='word_1_639' title='bbox 1722 5422 2091 5489; x_wconf 85' lang='lat' dir='ltr'><strong>philosophus,</strong></span> 
     </span>
    </p>
   </div>
   <div class='ocr_carea' id='block_1_92' title="bbox 526 5488 2089 5560">
    <p class='ocr_par' dir='ltr' id='par_1_92' title="bbox 526 5488 2089 5560">
     <span class='ocr_line' id='line_1_93' title="bbox 526 5488 2089 5560; baseline 0 -17"><span class='ocrx_word' id='word_1_640' title='bbox 526 5505 623 5543; x_wconf 84' lang='lat' dir='ltr'><strong>eos</strong></span> <span class='ocrx_word' id='word_1_641' title='bbox 645 5489 734 5560; x_wconf 87' lang='lat' dir='ltr'><strong>qui</strong></span> <span class='ocrx_word' id='word_1_642' title='bbox 768 5488 1177 5560; x_wconf 69' lang='lat' dir='ltr'><strong>philosophiam</strong></span> <span class='ocrx_word' id='word_1_643' title='bbox 1204 5499 1617 5544; x_wconf 81' lang='lat' dir='ltr'><strong>contemnentes</strong></span> <span class='ocrx_word' id='word_1_644' title='bbox 1642 5488 1801 5544; x_wconf 79' lang='lat' dir='ltr'><strong>omne</strong></span> <span class='ocrx_word' id='word_1_645' title='bbox 1852 5493 2089 5543; x_wconf 83' lang='lat' dir='ltr'><strong>studium</strong></span> 
     </span>
    </p>
   </div>
   <div class='ocr_carea' id='block_1_93' title="bbox 528 5556 2095 5629">
    <p class='ocr_par' dir='ltr' id='par_1_93' title="bbox 528 5556 2095 5629">
     <span class='ocr_line' id='line_1_94' title="bbox 528 5556 2095 5629; baseline 0 -17"><span class='ocrx_word' id='word_1_646' title='bbox 528 5556 686 5613; x_wconf 82' lang='lat' dir='ltr'><strong>suum</strong></span> <span class='ocrx_word' id='word_1_647' title='bbox 736 5556 787 5611; x_wconf 80' lang='lat' dir='ltr'><strong>in</strong></span> <span class='ocrx_word' id='word_1_648' title='bbox 821 5558 925 5611; x_wconf 83' lang='lat' dir='ltr'><strong>illis</strong></span> <span class='ocrx_word' id='word_1_649' title='bbox 950 5556 1259 5627; x_wconf 84' lang='grc' dir='ltr'>ἐγκυκλίοις</span> <span class='ocrx_word' id='word_1_650' title='bbox 1300 5561 1603 5629; x_wconf 81' lang='lat' dir='ltr'><strong>disciplinis</strong></span> <span class='ocrx_word' id='word_1_651' title='bbox 1625 5560 1991 5624; x_wconf 83' lang='lat' dir='ltr'><strong>collocabant,</strong></span> <span class='ocrx_word' id='word_1_652' title='bbox 2026 5561 2095 5613; x_wconf 84' lang='lat' dir='ltr'><strong>si-</strong></span> 
     </span>
    </p>
   </div>
   <div class='ocr_carea' id='block_1_94' title="bbox 530 5628 2093 5700">
    <p class='ocr_par' dir='ltr' id='par_1_94' title="bbox 530 5628 2093 5700">
     <span class='ocr_line' id='line_1_95' title="bbox 530 5628 2093 5700; baseline 0.001 -17"><span class='ocrx_word' id='word_1_653' title='bbox 530 5631 684 5683; x_wconf 85' lang='lat' dir='ltr'><strong>miles</strong></span> <span class='ocrx_word' id='word_1_654' title='bbox 706 5644 834 5700; x_wconf 77' lang='lat' dir='ltr'><strong>esse</strong></span> <span class='ocrx_word' id='word_1_655' title='bbox 855 5629 1073 5683; x_wconf 84' lang='lat' dir='ltr'><strong>dicebat</strong></span> <span class='ocrx_word' id='word_1_656' title='bbox 1119 5632 1300 5697; x_wconf 87' lang='lat' dir='ltr'><strong>procis</strong></span> <span class='ocrx_word' id='word_1_657' title='bbox 1345 5628 1661 5699; x_wconf 82' lang='lat' dir='ltr'><strong>Penelopes,</strong></span> <span class='ocrx_word' id='word_1_658' title='bbox 1692 5636 1782 5700; x_wconf 87' lang='lat' dir='ltr'><strong>qui</strong></span> <span class='ocrx_word' id='word_1_659' title='bbox 1811 5647 1840 5683; x_wconf 89' lang='lat' dir='ltr'><strong>a</strong></span> <span class='ocrx_word' id='word_1_660' title='bbox 1875 5631 2093 5684; x_wconf 87' lang='lat' dir='ltr'><strong>domina</strong></span> 
     </span>
    </p>
   </div>
   <div class='ocr_carea' id='block_1_95' title="bbox 530 5698 2094 5766">
    <p class='ocr_par' dir='ltr' id='par_1_95' title="bbox 530 5698 2094 5766">
     <span class='ocr_line' id='line_1_96' title="bbox 530 5698 2094 5766; baseline 0 -13"><span class='ocrx_word' id='word_1_661' title='bbox 530 5700 728 5766; x_wconf 68' lang='lat' dir='ltr'><strong>repulsi</strong></span> <span class='ocrx_word' id='word_1_662' title='bbox 771 5698 837 5750; x_wconf 85' lang='lat' dir='ltr'><strong>ad</strong></span> <span class='ocrx_word' id='word_1_663' title='bbox 886 5700 1110 5751; x_wconf 78' lang='lat' dir='ltr'><strong>ancillas</strong></span> <span class='ocrx_word' id='word_1_664' title='bbox 1147 5715 1206 5753; x_wconf 82' lang='lat' dir='ltr'><strong>se</strong></span> <span class='ocrx_word' id='word_1_665' title='bbox 1233 5698 1643 5766; x_wconf 80' lang='lat' dir='ltr'><strong>convertebant,</strong></span> <span class='ocrx_word' id='word_1_666' title='bbox 1679 5698 1737 5755; x_wconf 72' lang='grc' dir='ltr'><strong>ιιι</strong></span> <span class='ocrx_word' id='word_1_667' title='bbox 1766 5701 1933 5753; x_wconf 79' lang='lat' dir='ltr'><strong>refert</strong></span> <span class='ocrx_word' id='word_1_668' title='bbox 1965 5702 2094 5753; x_wconf 77' lang='lat' dir='ltr'><strong>Sto-</strong></span> 
     </span>
    </p>
   </div>
   <div class='ocr_carea' id='block_1_96' title="bbox 532 5768 2090 5842">
    <p class='ocr_par' dir='ltr' id='par_1_96' title="bbox 532 5768 2090 5842">
     <span class='ocr_line' id='line_1_97' title="bbox 532 5768 2090 5842; baseline 0.001 -19"><span class='ocrx_word' id='word_1_669' title='bbox 532 5769 677 5823; x_wconf 73' lang='lat' dir='ltr'><strong>bteus</strong></span> <span class='ocrx_word' id='word_1_670' title='bbox 704 5771 758 5822; x_wconf 86' lang='lat' dir='ltr'><strong>in</strong></span> <span class='ocrx_word' id='word_1_671' title='bbox 790 5782 1041 5823; x_wconf 74' lang='lat' dir='ltr'><strong>sermone</strong></span> <span class='ocrx_word' id='word_1_672' title='bbox 1088 5768 1176 5823; x_wconf 72' lang='grc'><strong>⁸52.</strong></span> <span class='ocrx_word' id='word_1_673' title='bbox 1221 5769 1283 5826; x_wconf 81' lang='lat' dir='ltr'><strong>Et</strong></span> <span class='ocrx_word' id='word_1_674' title='bbox 1316 5770 1387 5824; x_wconf 90' lang='lat' dir='ltr'><strong>ita</strong></span> <span class='ocrx_word' id='word_1_675' title='bbox 1418 5771 1634 5842; x_wconf 84' lang='lat' dir='ltr'><strong>quidem</strong></span> <span class='ocrx_word' id='word_1_676' title='bbox 1691 5771 1994 5842; x_wconf 81' lang='lat' dir='ltr'><strong>phil050phi</strong></span> <span class='ocrx_word' id='word_1_677' title='bbox 2024 5771 2090 5825; x_wconf 87' lang='lat' dir='ltr'><strong>ab</strong></span> 
     </span>
    </p>
   </div>
   <div class='ocr_carea' id='block_1_97' title="bbox 2209 3263 3796 3338">
    <p class='ocr_par' dir='ltr' id='par_1_97' title="bbox 2209 3263 3796 3338">
     <span class='ocr_line' id='line_1_98' title="bbox 2209 3263 3796 3338; baseline 0.003 -20"><span class='ocrx_word' id='word_1_678' title='bbox 2209 3268 2275 3338; x_wconf 76' lang='grc' dir='ltr'>τῇ</span> <span class='ocrx_word' id='word_1_679' title='bbox 2308 3264 2417 3319; x_wconf 83' lang='grc' dir='ltr'>τῶν</span> <span class='ocrx_word' id='word_1_680' title='bbox 2449 3263 2753 3333; x_wconf 81' lang='grc' dir='ltr'>ἐγκυκλίων</span> <span class='ocrx_word' id='word_1_681' title='bbox 2786 3263 3003 3336; x_wconf 78' lang='grc' dir='ltr'>παιδείᾳ</span> <span class='ocrx_word' id='word_1_682' title='bbox 3029 3266 3048 3335; x_wconf 63' lang='grc' dir='ltr'><strong>ί</strong></span> <span class='ocrx_word' id='word_1_683' title='bbox 3058 3264 3164 3333; x_wconf 82' lang='grc'><strong>15),</strong></span> <span class='ocrx_word' id='word_1_684' title='bbox 3213 3266 3309 3319; x_wconf 67' lang='grc' dir='ltr'><strong>καὶ</strong></span> <span class='ocrx_word' id='word_1_685' title='bbox 3336 3265 3541 3321; x_wconf 77' lang='grc' dir='ltr'>τούτων</span> <span class='ocrx_word' id='word_1_686' title='bbox 3565 3269 3623 3321; x_wconf 80' lang='grc' dir='ltr'>οὐ</span> <span class='ocrx_word' id='word_1_687' title='bbox 3655 3268 3796 3322; x_wconf 80' lang='grc' dir='ltr'>κατὰ</span> 
     </span>
    </p>
   </div>
   <div class='ocr_carea' id='block_1_98' title="bbox 2211 3352 3791 3426">
    <p class='ocr_par' dir='ltr' id='par_1_98' title="bbox 2211 3352 3791 3426">
     <span class='ocr_line' id='line_1_99' title="bbox 2211 3352 3791 3426; baseline 0.003 -19"><span class='ocrx_word' id='word_1_688' title='bbox 2211 3356 2489 3425; x_wconf 84' lang='grc' dir='ltr'>πάρεργον</span> <span class='ocrx_word' id='word_1_689' title='bbox 2524 3353 2624 3424; x_wconf 82' lang='grc' dir='ltr'><strong>τὴν</strong></span> <span class='ocrx_word' id='word_1_690' title='bbox 2666 3352 2920 3425; x_wconf 75' lang='grc' dir='ltr'>φροντίδα</span> <span class='ocrx_word' id='word_1_691' title='bbox 2965 3356 3358 3426; x_wconf 85' lang='grc' dir='ltr'>πεποιημένου.</span> <span class='ocrx_word' id='word_1_692' title='bbox 3411 3355 3502 3421; x_wconf 81' lang='grc' dir='ltr'><strong>Ἐξ</strong></span> <span class='ocrx_word' id='word_1_693' title='bbox 3552 3357 3791 3421; x_wconf 77' lang='grc' dir='ltr'>ἅπαντος</span> 
     </span>
    </p>
   </div>
   <div class='ocr_carea' id='block_1_99' title="bbox 2209 3444 3790 3521">
    <p class='ocr_par' dir='ltr' id='par_1_99' title="bbox 2209 3444 3790 3521">
     <span class='ocr_line' id='line_1_100' title="bbox 2209 3444 3790 3521; baseline 0.002 -21"><span class='ocrx_word' id='word_1_694' title='bbox 2209 3446 2341 3516; x_wconf 76' lang='grc' dir='ltr'>γοῦν</span> <span class='ocrx_word' id='word_1_695' title='bbox 2390 3446 2584 3505; x_wconf 77' lang='grc' dir='ltr'>αὐτὸν,</span> <span class='ocrx_word' id='word_1_696' title='bbox 2626 3446 2733 3517; x_wconf 82' lang='grc' dir='ltr'><strong>πρὸ</strong></span> <span class='ocrx_word' id='word_1_697' title='bbox 2775 3445 2872 3516; x_wconf 78' lang='grc' dir='ltr'><strong>τῆς</strong></span> <span class='ocrx_word' id='word_1_698' title='bbox 2915 3444 3024 3498; x_wconf 83' lang='grc' dir='ltr'><strong>τῶν</strong></span> <span class='ocrx_word' id='word_1_699' title='bbox 3076 3446 3401 3518; x_wconf 84' lang='grc' dir='ltr'>Ἑλληνικῶν</span> <span class='ocrx_word' id='word_1_700' title='bbox 3452 3449 3790 3521; x_wconf 79' lang='grc' dir='ltr'>μαθημάτων</span> 
     </span>
    </p>
   </div>
   <div class='ocr_carea' id='block_1_100' title="bbox 2214 3538 3789 3615">
    <p class='ocr_par' dir='ltr' id='par_1_100' title="bbox 2214 3538 3789 3615">
     <span class='ocr_line' id='line_1_101' title="bbox 2214 3538 3789 3615; baseline 0.003 -24"><span class='ocrx_word' id='word_1_701' title='bbox 2214 3538 2462 3609; x_wconf 83' lang='grc' dir='ltr'>μελέτης,</span> <span class='ocrx_word' id='word_1_702' title='bbox 2495 3538 2655 3609; x_wconf 81' lang='grc' dir='ltr'>ἐνῆγε</span> <span class='ocrx_word' id='word_1_703' title='bbox 2680 3541 2792 3602; x_wconf 87' lang='grc' dir='ltr'>τοῖς</span> <span class='ocrx_word' id='word_1_704' title='bbox 2837 3541 3001 3610; x_wconf 78' lang='grc' dir='ltr'>ἱεροῖς</span> <span class='ocrx_word' id='word_1_705' title='bbox 3028 3542 3372 3594; x_wconf 86' lang='grc' dir='ltr'>ἐνασκεῖσθαι</span> <span class='ocrx_word' id='word_1_706' title='bbox 3406 3542 3789 3615; x_wconf 82' lang='grc' dir='ltr'>παιδεύμασιν,</span> 
     </span>
    </p>
   </div>
   <div class='ocr_carea' id='block_1_101' title="bbox 2210 3620 3793 3705">
    <p class='ocr_par' dir='ltr' id='par_1_101' title="bbox 2210 3620 3793 3705">
     <span class='ocr_line' id='line_1_102' title="bbox 2210 3620 3793 3705; baseline 0.006 -24"><span class='ocrx_word' id='word_1_707' title='bbox 2210 3628 2542 3701; x_wconf 78' lang='grc' dir='ltr'>ἐκμαθήσεις</span> <span class='ocrx_word' id='word_1_708' title='bbox 2574 3629 2667 3683; x_wconf 79' lang='grc' dir='ltr'><strong>καὶ</strong></span> <span class='ocrx_word' id='word_1_709' title='bbox 2711 3629 3051 3699; x_wconf 83' lang='grc' dir='ltr'>ἀπαγγελίας</span> <span class='ocrx_word' id='word_1_710' title='bbox 3094 3620 3305 3703; x_wconf 77' lang='grc' dir='ltr'>ἡμέρας</span> <span class='ocrx_word' id='word_1_711' title='bbox 3354 3634 3590 3705; x_wconf 77' lang='grc' dir='ltr'>ἑκάστης</span> <span class='ocrx_word' id='word_1_712' title='bbox 3633 3635 3793 3690; x_wconf 79' lang='grc' dir='ltr'>αὐτὸν</span> 
     </span>
    </p>
   </div>
   <div class='ocr_carea' id='block_1_102' title="bbox 2209 3721 3795 3800">
    <p class='ocr_par' dir='ltr' id='par_1_102' title="bbox 2209 3721 3795 3800">
     <span class='ocr_line' id='line_1_103' title="bbox 2209 3721 3795 3800; baseline 0.004 -27"><span class='ocrx_word' id='word_1_713' title='bbox 2209 3721 2802 3793; x_wconf 82' lang='grc' dir='ltr'>είσπραττόμενος.οὑκ</span> <span class='ocrx_word' id='word_1_714' title='bbox 2824 3724 3201 3796; x_wconf 85' lang='grc' dir='ltr'>ἀπροαιρέτως</span> <span class='ocrx_word' id='word_1_715' title='bbox 3223 3724 3278 3778; x_wconf 85' lang='grc' dir='ltr'><strong>δέ</strong></span> <span class='ocrx_word' id='word_1_716' title='bbox 3300 3724 3473 3779; x_wconf 81' lang='grc' dir='ltr'>ταῦτα</span> <span class='ocrx_word' id='word_1_717' title='bbox 3496 3726 3703 3796; x_wconf 86' lang='grc' dir='ltr'>ἐγίνετο</span> <span class='ocrx_word' id='word_1_718' title='bbox 3716 3727 3795 3800; x_wconf 85' lang='grc' dir='ltr'>τῷ</span> 
     </span>
    </p>
   </div>
   <div class='ocr_carea' id='block_1_103' title="bbox 2210 3811 3788 3887">
    <p class='ocr_par' dir='ltr' id='par_1_103' title="bbox 2210 3811 3788 3887">
     <span class='ocr_line' id='line_1_104' title="bbox 2210 3811 3788 3887; baseline 0.006 -23"><span class='ocrx_word' id='word_1_719' title='bbox 2210 3812 2378 3877; x_wconf 69' lang='grc' dir='ltr'>παιδὶ,</span> <span class='ocrx_word' id='word_1_720' title='bbox 2392 3811 2527 3866; x_wconf 83' lang='grc' dir='ltr'>ἀλλὰ</span> <span class='ocrx_word' id='word_1_721' title='bbox 2542 3814 2636 3867; x_wconf 81' lang='grc' dir='ltr'><strong>καὶ</strong></span> <span class='ocrx_word' id='word_1_722' title='bbox 2650 3812 2787 3881; x_wconf 82' lang='grc' dir='ltr'>ἄγαν</span> <span class='ocrx_word' id='word_1_723' title='bbox 2801 3814 3186 3886; x_wconf 83' lang='grc' dir='ltr'>προθυμότατα</span> <span class='ocrx_word' id='word_1_724' title='bbox 3199 3831 3267 3866; x_wconf 90' lang='grc' dir='ltr'><strong>πε</strong></span> <span class='ocrx_word' id='word_1_725' title='bbox 3276 3814 3328 3887; x_wconf 78' lang='lat' dir='ltr'><strong>pl.</strong></span> <span class='ocrx_word' id='word_1_726' title='bbox 3337 3814 3508 3870; x_wconf 78' lang='grc' dir='ltr'>ταῦτα</span> <span class='ocrx_word' id='word_1_727' title='bbox 3521 3820 3788 3873; x_wconf 75' lang='grc' dir='ltr'>πονοῦντι·</span> 
     </span>
    </p>
   </div>
   <div class='ocr_carea' id='block_1_104' title="bbox 2218 4012 3787 4085">
    <p class='ocr_par' dir='ltr' id='par_1_104' title="bbox 2218 4012 3787 4085">
     <span class='ocr_line' id='line_1_105' title="bbox 2218 4012 3787 4085; baseline 0.004 -18"><span class='ocrx_word' id='word_1_728' title='bbox 2218 4015 2312 4085; x_wconf 80' lang='lat' dir='ltr'><strong>illo</strong></span> <span class='ocrx_word' id='word_1_729' title='bbox 2339 4012 2751 4082; x_wconf 88' lang='lat' dir='ltr'><strong>disciplinarum</strong></span> <span class='ocrx_word' id='word_1_730' title='bbox 2798 4014 2931 4070; x_wconf 89' lang='lat' dir='ltr'><strong>orbe</strong></span> <span class='ocrx_word' id='word_1_731' title='bbox 2960 4014 3361 4085; x_wconf 85' lang='lat' dir='ltr'><strong>philosophiam</strong></span> <span class='ocrx_word' id='word_1_732' title='bbox 3408 4020 3787 4074; x_wconf 88' lang='lat' dir='ltr'><strong>semovebant.</strong></span> 
     </span>
    </p>
   </div>
   <div class='ocr_carea' id='block_1_105' title="bbox 2204 4084 3790 4143">
    <p class='ocr_par' dir='ltr' id='par_1_105' title="bbox 2204 4084 3790 4143">
     <span class='ocr_line' id='line_1_106' title="bbox 2204 4084 3790 4143; baseline 0.003 -4"><span class='ocrx_word' id='word_1_733' title='bbox 2204 4084 2474 4140; x_wconf 81' lang='lat' dir='ltr'><strong>Rbetores</strong></span> <span class='ocrx_word' id='word_1_734' title='bbox 2504 4099 2632 4138; x_wconf 82' lang='lat' dir='ltr'><strong>vero</strong></span> <span class='ocrx_word' id='word_1_735' title='bbox 2654 4085 2819 4137; x_wconf 86' lang='lat' dir='ltr'><strong>etiam</strong></span> <span class='ocrx_word' id='word_1_736' title='bbox 2847 4084 3189 4140; x_wconf 84' lang='lat' dir='ltr'><strong>rhetoricam</strong></span> <span class='ocrx_word' id='word_1_737' title='bbox 3204 4101 3269 4139; x_wconf 76' lang='lat' dir='ltr'><strong>ex</strong></span> <span class='ocrx_word' id='word_1_738' title='bbox 3301 4086 3391 4140; x_wconf 93' lang='lat' dir='ltr'><strong>illo</strong></span> <span class='ocrx_word' id='word_1_739' title='bbox 3414 4103 3641 4143; x_wconf 85' lang='lat' dir='ltr'><strong>numero</strong></span> <span class='ocrx_word' id='word_1_740' title='bbox 3668 4093 3790 4143; x_wconf 82' lang='lat' dir='ltr'><strong>exi—</strong></span> 
     </span>
    </p>
   </div>
   <div class='ocr_carea' id='block_1_106' title="bbox 2208 4148 3794 4219">
    <p class='ocr_par' dir='ltr' id='par_1_106' title="bbox 2208 4148 3794 4219">
     <span class='ocr_line' id='line_1_107' title="bbox 2208 4148 3794 4219; baseline 0.002 -11"><span class='ocrx_word' id='word_1_741' title='bbox 2208 4158 2451 4209; x_wconf 76' lang='lat' dir='ltr'><strong>ruebant.</strong></span> <span class='ocrx_word' id='word_1_742' title='bbox 2468 4150 2541 4204; x_wconf 86' lang='lat' dir='ltr'><strong>Ita</strong></span> <span class='ocrx_word' id='word_1_743' title='bbox 2560 4148 2845 4219; x_wconf 81' lang='lat' dir='ltr'><strong>Dionysius</strong></span> <span class='ocrx_word' id='word_1_744' title='bbox 2861 4149 3590 4219; x_wconf 78' lang='lat' dir='ltr'><strong>Halicarnassensiseptstola</strong></span> <span class='ocrx_word' id='word_1_745' title='bbox 3610 4158 3674 4209; x_wconf 89' lang='lat' dir='ltr'><strong>ad</strong></span> <span class='ocrx_word' id='word_1_746' title='bbox 3690 4160 3794 4214; x_wconf 80' lang='lat' dir='ltr'><strong>&#39;l‘u-</strong></span> 
     </span>
    </p>
   </div>
   <div class='ocr_carea' id='block_1_107' title="bbox 2209 4223 3789 4300">
    <p class='ocr_par' dir='ltr' id='par_1_107' title="bbox 2209 4223 3789 4300">
     <span class='ocr_line' id='line_1_108' title="bbox 2209 4223 3789 4300; baseline 0.002 -21"><span class='ocrx_word' id='word_1_747' title='bbox 2209 4225 2466 4300; x_wconf 74' lang='lat' dir='ltr'><strong>heronem</strong></span> <span class='ocrx_word' id='word_1_748' title='bbox 2507 4226 2575 4278; x_wconf 91' lang='lat' dir='ltr'><strong>de</strong></span> <span class='ocrx_word' id='word_1_749' title='bbox 2614 4223 2947 4300; x_wconf 67' lang='lat' dir='ltr'><strong>Thucydidis</strong></span> <span class='ocrx_word' id='word_1_750' title='bbox 2982 4227 3201 4300; x_wconf 75' lang='lat' dir='ltr'><strong>dotibus</strong></span> <span class='ocrx_word' id='word_1_751' title='bbox 3231 4245 3243 4281; x_wconf 90' lang='lat'><strong>:</strong></span> <span class='ocrx_word' id='word_1_752' title='bbox 3273 4227 3349 4280; x_wconf 77' lang='grc' dir='ltr'><strong>Οὐ</strong></span> <span class='ocrx_word' id='word_1_753' title='bbox 3372 4228 3483 4300; x_wconf 80' lang='grc' dir='ltr'>γᾲρ</span> <span class='ocrx_word' id='word_1_754' title='bbox 3508 4228 3789 4300; x_wconf 84' lang='grc' dir='ltr'>ἀγοραίοις</span> 
     </span>
    </p>
   </div>
   <div class='ocr_carea' id='block_1_108' title="bbox 2209 4294 3791 4368">
    <p class='ocr_par' dir='ltr' id='par_1_108' title="bbox 2209 4294 3791 4368">
     <span class='ocr_line' id='line_1_109' title="bbox 2209 4294 3791 4368; baseline 0.004 -21"><span class='ocrx_word' id='word_1_755' title='bbox 2209 4295 2538 4368; x_wconf 70' lang='grc' dir='ltr'>άνθρῲποις,</span> <span class='ocrx_word' id='word_1_756' title='bbox 2585 4294 2734 4368; x_wconf 4' lang='grc' dir='ltr'>ουδὲ,</span> <span class='ocrx_word' id='word_1_757' title='bbox 2761 4294 3089 4368; x_wconf 72' lang='grc' dir='ltr'>ἐπιδιφρίοις</span> <span class='ocrx_word' id='word_1_758' title='bbox 3134 4296 3167 4368; x_wconf 83' lang='grc' dir='ltr'>ἢ</span> <span class='ocrx_word' id='word_1_759' title='bbox 3216 4294 3791 4368; x_wconf 48' lang='grc' dir='ltr'>χειροτέχναις-[ἀλλὰ</span> 
     </span>
    </p>
   </div>
   <div class='ocr_carea' id='block_1_109' title="bbox 2211 4364 3791 4441">
    <p class='ocr_par' dir='ltr' id='par_1_109' title="bbox 2211 4364 3791 4441">
     <span class='ocr_line' id='line_1_110' title="bbox 2211 4364 3791 4441; baseline 0.001 -21"><span class='ocrx_word' id='word_1_760' title='bbox 2211 4364 2438 4441; x_wconf 83' lang='grc' dir='ltr'>ἀνδράσι</span> <span class='ocrx_word' id='word_1_761' title='bbox 2465 4364 2552 4441; x_wconf 67' lang='grc' dir='ltr'><strong>διά</strong></span> <span class='ocrx_word' id='word_1_762' title='bbox 2579 4364 2687 4441; x_wconf 75' lang='grc' dir='ltr'><strong>τῶν</strong></span> <span class='ocrx_word' id='word_1_763' title='bbox 2723 4365 3027 4441; x_wconf 74' lang='grc' dir='ltr'>ἐγκυκλίων</span> <span class='ocrx_word' id='word_1_764' title='bbox 3053 4364 3408 4441; x_wconf 30' lang='grc' dir='ltr'>,μαθημάτων</span> <span class='ocrx_word' id='word_1_765' title='bbox 3432 4364 3558 4420; x_wconf 67' lang='grc' dir='ltr'>’ἐπὶ</span> <span class='ocrx_word' id='word_1_766' title='bbox 3572 4371 3791 4441; x_wconf 74' lang='grc' dir='ltr'>ῥητορι-</span> 
     </span>
    </p>
   </div>
   <div class='ocr_carea' id='block_1_110' title="bbox 2216 4434 3784 4508">
    <p class='ocr_par' dir='ltr' id='par_1_110' title="bbox 2216 4434 3784 4508">
     <span class='ocr_line' id='line_1_111' title="bbox 2216 4434 3784 4508; baseline 0.003 -19"><span class='ocrx_word' id='word_1_767' title='bbox 2216 4434 2327 4507; x_wconf 78' lang='grc' dir='ltr'>κήν</span> <span class='ocrx_word' id='word_1_768' title='bbox 2359 4453 2417 4489; x_wconf 90' lang='grc' dir='ltr'><strong>τε</strong></span> <span class='ocrx_word' id='word_1_769' title='bbox 2468 4434 2561 4488; x_wconf 74' lang='grc' dir='ltr'><strong>καὶ</strong></span> <span class='ocrx_word' id='word_1_770' title='bbox 2609 4435 2926 4504; x_wconf 73' lang='grc' dir='ltr'>φιλοσοφίαν</span> <span class='ocrx_word' id='word_1_771' title='bbox 2955 4434 3290 4508; x_wconf 78' lang='grc' dir='ltr'>ἐληλυθόσιν.</span> <span class='ocrx_word' id='word_1_772' title='bbox 3317 4437 3504 4491; x_wconf 87' lang='lat' dir='ltr'><strong>Theon</strong></span> <span class='ocrx_word' id='word_1_773' title='bbox 3542 4434 3784 4507; x_wconf 73' lang='lat' dir='ltr'><strong>sophista</strong></span> 
     </span>
    </p>
   </div>
   <div class='ocr_carea' id='block_1_111' title="bbox 2145 4507 3783 4580">
    <p class='ocr_par' dir='ltr' id='par_1_111' title="bbox 2145 4507 3783 4580">
     <span class='ocr_line' id='line_1_112' title="bbox 2145 4507 3783 4580; baseline 0.001 -17"><span class='ocrx_word' id='word_1_774' title='bbox 2145 4507 2188 4563; x_wconf 91' lang='lat' dir='ltr'><strong>D</strong></span> <span class='ocrx_word' id='word_1_775' title='bbox 2216 4508 2266 4560; x_wconf 91' lang='lat' dir='ltr'><strong>in</strong></span> <span class='ocrx_word' id='word_1_776' title='bbox 2295 4509 2414 4576; x_wconf 88' lang='lat' dir='ltr'><strong>ipso</strong></span> <span class='ocrx_word' id='word_1_777' title='bbox 2459 4508 2913 4580; x_wconf 76' lang='lat' dir='ltr'><strong>exercitationum</strong></span> <span class='ocrx_word' id='word_1_778' title='bbox 2950 4507 3170 4561; x_wconf 83' lang='lat' dir='ltr'><strong>suarum</strong></span> <span class='ocrx_word' id='word_1_779' title='bbox 3193 4510 3463 4580; x_wconf 70' lang='lat' dir='ltr'><strong>exordio,</strong></span> <span class='ocrx_word' id='word_1_780' title='bbox 3495 4519 3783 4580; x_wconf 89' lang='lat' dir='ltr'><strong>postquam</strong></span> 
     </span>
    </p>
   </div>
   <div class='ocr_carea' id='block_1_112' title="bbox 2215 4576 3786 4646">
    <p class='ocr_par' dir='ltr' id='par_1_112' title="bbox 2215 4576 3786 4646">
     <span class='ocr_line' id='line_1_113' title="bbox 2215 4576 3786 4646; baseline 0.001 -17"><span class='ocrx_word' id='word_1_781' title='bbox 2215 4580 2667 4631; x_wconf 89' lang='lat' dir='ltr'><strong>retulitveterum</strong></span> <span class='ocrx_word' id='word_1_782' title='bbox 2708 4576 3032 4640; x_wconf 71' lang='lat' dir='ltr'><strong>cloquenthe</strong></span> <span class='ocrx_word' id='word_1_783' title='bbox 3060 4578 3449 4646; x_wconf 79' lang='lat' dir='ltr'><strong>magistrorum</strong></span> <span class='ocrx_word' id='word_1_784' title='bbox 3488 4576 3786 4635; x_wconf 46' lang='lat' dir='ltr'><strong>l&#39;i&#39;auc&#39;lere</strong></span> 
     </span>
    </p>
   </div>
   <div class='ocr_carea' id='block_1_113' title="bbox 2205 4646 3781 4716">
    <p class='ocr_par' dir='ltr' id='par_1_113' title="bbox 2205 4646 3781 4716">
     <span class='ocr_line' id='line_1_114' title="bbox 2205 4646 3781 4716; baseline 0.003 -17"><span class='ocrx_word' id='word_1_785' title='bbox 2205 4646 2374 4702; x_wconf 77' lang='lat' dir='ltr'><strong>fuisse</strong></span> <span class='ocrx_word' id='word_1_786' title='bbox 2398 4647 2749 4709; x_wconf 83' lang='lat' dir='ltr'><strong>sententiam,</strong></span> <span class='ocrx_word' id='word_1_787' title='bbox 2776 4663 2881 4699; x_wconf 93' lang='lat' dir='ltr'><strong>non</strong></span> <span class='ocrx_word' id='word_1_788' title='bbox 2916 4648 3016 4700; x_wconf 89' lang='lat' dir='ltr'><strong>nisi</strong></span> <span class='ocrx_word' id='word_1_789' title='bbox 3056 4660 3179 4716; x_wconf 90' lang='lat' dir='ltr'><strong>post</strong></span> <span class='ocrx_word' id='word_1_790' title='bbox 3216 4648 3573 4716; x_wconf 78' lang='lat' dir='ltr'><strong>philosophia:</strong></span> <span class='ocrx_word' id='word_1_791' title='bbox 3604 4653 3781 4704; x_wconf 86' lang='lat' dir='ltr'><strong>studia</strong></span> 
     </span>
    </p>
   </div>
   <div class='ocr_carea' id='block_1_114' title="bbox 2205 4718 3780 4790">
    <p class='ocr_par' dir='ltr' id='par_1_114' title="bbox 2205 4718 3780 4790">
     <span class='ocr_line' id='line_1_115' title="bbox 2205 4718 3780 4790; baseline 0.003 -22"><span class='ocrx_word' id='word_1_792' title='bbox 2205 4719 2626 4790; x_wconf 82' lang='lat' dir='ltr'><strong>condisccndam</strong></span> <span class='ocrx_word' id='word_1_793' title='bbox 2653 4731 2773 4770; x_wconf 89' lang='lat' dir='ltr'><strong>esse</strong></span> <span class='ocrx_word' id='word_1_794' title='bbox 2802 4718 3175 4790; x_wconf 59' lang='lat' dir='ltr'><strong>rhetoricam.</strong></span> <span class='ocrx_word' id='word_1_795' title='bbox 3210 4718 3362 4790; x_wconf 73' lang='lat' dir='ltr'><strong>Nunc</strong></span> <span class='ocrx_word' id='word_1_796' title='bbox 3392 4735 3542 4790; x_wconf 77' lang='lat' dir='ltr'><strong>vero,</strong></span> <span class='ocrx_word' id='word_1_797' title='bbox 3583 4721 3780 4790; x_wconf 83' lang='lat' dir='ltr'><strong>inquit,</strong></span> 
     </span>
    </p>
   </div>
   <div class='ocr_carea' id='block_1_115' title="bbox 2206 4786 3784 4857">
    <p class='ocr_par' dir='ltr' id='par_1_115' title="bbox 2206 4786 3784 4857">
     <span class='ocr_line' id='line_1_116' title="bbox 2206 4786 3784 4857; baseline 0.003 -17"><span class='ocrx_word' id='word_1_798' title='bbox 2206 4797 2413 4840; x_wconf 88' lang='lat' dir='ltr'><strong>tantum</strong></span> <span class='ocrx_word' id='word_1_799' title='bbox 2477 4787 2651 4857; x_wconf 85' lang='lat' dir='ltr'><strong>abest,</strong></span> <span class='ocrx_word' id='word_1_800' title='bbox 2690 4796 2757 4857; x_wconf 90' lang='lat' dir='ltr'><strong>ut</strong></span> <span class='ocrx_word' id='word_1_801' title='bbox 2801 4786 2853 4839; x_wconf 92' lang='lat' dir='ltr'><strong>id</strong></span> <span class='ocrx_word' id='word_1_802' title='bbox 2898 4788 3446 4857; x_wconf 73' lang='lat' dir='ltr'><strong>prazstentpleriqne,</strong></span> <span class='ocrx_word' id='word_1_803' title='bbox 3476 4787 3617 4841; x_wconf 80' lang='grc' dir='ltr'>ὥστε</span> <span class='ocrx_word' id='word_1_804' title='bbox 3657 4786 3784 4846; x_wconf 68' lang='grc' dir='ltr'>οὐδὶ</span> 
     </span>
    </p>
   </div>
   <div class='ocr_carea' id='block_1_116' title="bbox 2199 4855 3782 4931">
    <p class='ocr_par' dir='ltr' id='par_1_116' title="bbox 2199 4855 3782 4931">
     <span class='ocr_line' id='line_1_117' title="bbox 2199 4855 3782 4931; baseline 0.002 -22"><span class='ocrx_word' id='word_1_805' title='bbox 2199 4856 2307 4931; x_wconf 72' lang='grc' dir='ltr'><strong>τῷν</strong></span> <span class='ocrx_word' id='word_1_806' title='bbox 2335 4855 2638 4931; x_wconf 72' lang='grc' dir='ltr'>ἐγκυκλίων</span> <span class='ocrx_word' id='word_1_807' title='bbox 2676 4856 3032 4931; x_wconf 81' lang='grc' dir='ltr'>καλουμένων</span> <span class='ocrx_word' id='word_1_808' title='bbox 3076 4855 3414 4931; x_wconf 80' lang='grc' dir='ltr'>μαθημάτων</span> <span class='ocrx_word' id='word_1_809' title='bbox 3458 4860 3636 4912; x_wconf 79' lang='grc' dir='ltr'>ὁτιοῦν</span> <span class='ocrx_word' id='word_1_810' title='bbox 3685 4878 3782 4931; x_wconf 82' lang='grc' dir='ltr'>με-</span> 
     </span>
    </p>
   </div>
   <div class='ocr_carea' id='block_1_117' title="bbox 2198 4896 3780 4997">
    <p class='ocr_par' dir='ltr' id='par_1_117' title="bbox 2198 4896 3780 4997">
     <span class='ocr_line' id='line_1_118' title="bbox 2198 4896 3780 4997; baseline 0.003 -17"><span class='ocrx_word' id='word_1_811' title='bbox 2198 4896 2638 4997; x_wconf 42' lang='grc' dir='ltr'>ταλαμϐάνοντες</span> <span class='ocrx_word' id='word_1_812' title='bbox 2670 4896 2924 4982; x_wconf 63' lang='grc' dir='ltr'>άττουὲίν</span> <span class='ocrx_word' id='word_1_813' title='bbox 2954 4929 3048 4982; x_wconf 75' lang='grc' dir='ltr'>ἐπὶ</span> <span class='ocrx_word' id='word_1_814' title='bbox 3075 4896 3134 4981; x_wconf 64' lang='grc' dir='ltr'><strong>ξδ</strong></span> <span class='ocrx_word' id='word_1_815' title='bbox 3164 4896 3363 4997; x_wconf 59' lang='grc' dir='ltr'>λέγειν.</span> <span class='ocrx_word' id='word_1_816' title='bbox 3408 4932 3547 4984; x_wconf 89' lang='lat' dir='ltr'><strong>Sunt</strong></span> <span class='ocrx_word' id='word_1_817' title='bbox 3603 4896 3780 4985; x_wconf 61' lang='grc' dir='ltr'>ιιιιίίέιι</span> 
     </span>
    </p>
   </div>
   <div class='ocr_carea' id='block_1_118' title="bbox 2201 4996 3786 5068">
    <p class='ocr_par' dir='ltr' id='par_1_118' title="bbox 2201 4996 3786 5068">
     <span class='ocr_line' id='line_1_119' title="bbox 2201 4996 3786 5068; baseline 0.002 -17"><span class='ocrx_word' id='word_1_818' title='bbox 2201 5002 2290 5066; x_wconf 90' lang='lat' dir='ltr'><strong>qui</strong></span> <span class='ocrx_word' id='word_1_819' title='bbox 2345 4996 2648 5067; x_wconf 75' lang='grc' dir='ltr'>ἐγκυκλίων</span> <span class='ocrx_word' id='word_1_820' title='bbox 2702 5000 2923 5051; x_wconf 83' lang='lat' dir='ltr'><strong>nonune</strong></span> <span class='ocrx_word' id='word_1_821' title='bbox 2972 5008 3026 5051; x_wconf 90' lang='lat' dir='ltr'><strong>et</strong></span> <span class='ocrx_word' id='word_1_822' title='bbox 3079 4996 3405 5053; x_wconf 85' lang='lat' dir='ltr'><strong>rhetoricam</strong></span> <span class='ocrx_word' id='word_1_823' title='bbox 3444 5009 3499 5053; x_wconf 91' lang='lat' dir='ltr'><strong>et</strong></span> <span class='ocrx_word' id='word_1_824' title='bbox 3546 5001 3786 5068; x_wconf 83' lang='lat' dir='ltr'><strong>philoso-</strong></span> 
     </span>
    </p>
   </div>
   <div class='ocr_carea' id='block_1_119' title="bbox 2200 5068 3780 5137">
    <p class='ocr_par' dir='ltr' id='par_1_119' title="bbox 2200 5068 3780 5137">
     <span class='ocr_line' id='line_1_120' title="bbox 2200 5068 3780 5137; baseline 0.003 -17"><span class='ocrx_word' id='word_1_825' title='bbox 2200 5068 2381 5134; x_wconf 86' lang='lat' dir='ltr'><strong>phiam</strong></span> <span class='ocrx_word' id='word_1_826' title='bbox 2409 5071 2579 5136; x_wconf 80' lang='lat' dir='ltr'><strong>ipszim</strong></span> <span class='ocrx_word' id='word_1_827' title='bbox 2607 5068 3092 5137; x_wconf 86' lang='lat' dir='ltr'><strong>comprehendant,</strong></span> <span class='ocrx_word' id='word_1_828' title='bbox 3119 5070 3475 5123; x_wconf 69' lang='lat' dir='ltr'><strong>utV&#39;itruvius</strong></span> <span class='ocrx_word' id='word_1_829' title='bbox 3500 5070 3550 5121; x_wconf 90' lang='lat' dir='ltr'><strong>in</strong></span> <span class='ocrx_word' id='word_1_830' title='bbox 3575 5084 3694 5137; x_wconf 82' lang='lat' dir='ltr'><strong>cap.</strong></span> <span class='ocrx_word' id='word_1_831' title='bbox 3726 5073 3780 5137; x_wconf 75' lang='grc'>1,</span> 
     </span>
    </p>
   </div>
   <div class='ocr_carea' id='block_1_120' title="bbox 2201 5137 3778 5209">
    <p class='ocr_par' dir='ltr' id='par_1_120' title="bbox 2201 5137 3778 5209">
     <span class='ocr_line' id='line_1_121' title="bbox 2201 5137 3778 5209; baseline 0.004 -21"><span class='ocrx_word' id='word_1_832' title='bbox 2201 5138 2294 5209; x_wconf 81' lang='lat' dir='ltr'><strong>l_i_b.</strong></span> <span class='ocrx_word' id='word_1_833' title='bbox 2326 5153 2363 5203; x_wconf 85' lang='grc' dir='ltr'><strong>ι,</strong></span> <span class='ocrx_word' id='word_1_834' title='bbox 2395 5150 2450 5191; x_wconf 89' lang='lat' dir='ltr'><strong>et</strong></span> <span class='ocrx_word' id='word_1_835' title='bbox 2480 5137 2709 5192; x_wconf 82' lang='lat' dir='ltr'><strong>Tzetzes</strong></span> <span class='ocrx_word' id='word_1_836' title='bbox 2741 5146 2791 5191; x_wconf 87' lang='lat' dir='ltr'><strong>in</strong></span> <span class='ocrx_word' id='word_1_837' title='bbox 2829 5138 3183 5209; x_wconf 73' lang='lat' dir='ltr'><strong>Chilindibus.</strong></span> <span class='ocrx_word' id='word_1_838' title='bbox 3220 5139 3330 5193; x_wconf 85' lang='lat' dir='ltr'><strong>Sed</strong></span> <span class='ocrx_word' id='word_1_839' title='bbox 3358 5155 3450 5193; x_wconf 88' lang='lat' dir='ltr'><strong>eos</strong></span> <span class='ocrx_word' id='word_1_840' title='bbox 3480 5140 3591 5191; x_wconf 81' lang='lat' dir='ltr'><strong>falli</strong></span> <span class='ocrx_word' id='word_1_841' title='bbox 3625 5152 3778 5209; x_wconf 90' lang='lat' dir='ltr'><strong>puto.</strong></span> 
     </span>
    </p>
   </div>
   <div class='ocr_carea' id='block_1_121' title="bbox 2200 5206 3781 5279">
    <p class='ocr_par' dir='ltr' id='par_1_121' title="bbox 2200 5206 3781 5279">
     <span class='ocr_line' id='line_1_122' title="bbox 2200 5206 3781 5279; baseline 0.003 -20"><span class='ocrx_word' id='word_1_842' title='bbox 2200 5206 2334 5259; x_wconf 80' lang='lat' dir='ltr'><strong>Nam</strong></span> <span class='ocrx_word' id='word_1_843' title='bbox 2370 5223 2564 5263; x_wconf 86' lang='lat' dir='ltr'><strong>nomen</strong></span> <span class='ocrx_word' id='word_1_844' title='bbox 2597 5210 2772 5277; x_wconf 86' lang='lat' dir='ltr'><strong>ipsum</strong></span> <span class='ocrx_word' id='word_1_845' title='bbox 2820 5207 3127 5275; x_wconf 82' lang='grc' dir='ltr'>ἐγκύκλιος,</span> <span class='ocrx_word' id='word_1_846' title='bbox 3180 5211 3405 5279; x_wconf 83' lang='lat' dir='ltr'><strong>vulgare</strong></span> <span class='ocrx_word' id='word_1_847' title='bbox 3462 5206 3667 5278; x_wconf 79' lang='lat' dir='ltr'><strong>aliquid</strong></span> <span class='ocrx_word' id='word_1_848' title='bbox 3725 5222 3781 5265; x_wconf 89' lang='lat' dir='ltr'><strong>et</strong></span> 
     </span>
    </p>
   </div>
   <div class='ocr_carea' id='block_1_122' title="bbox 2199 5279 3783 5349">
    <p class='ocr_par' dir='ltr' id='par_1_122' title="bbox 2199 5279 3783 5349">
     <span class='ocr_line' id='line_1_123' title="bbox 2199 5279 3783 5349; baseline 0.005 -21"><span class='ocrx_word' id='word_1_849' title='bbox 2199 5282 2486 5345; x_wconf 88' lang='lat' dir='ltr'><strong>protritum</strong></span> <span class='ocrx_word' id='word_1_850' title='bbox 2536 5279 2828 5349; x_wconf 75' lang='lat' dir='ltr'><strong>signiﬁcat.</strong></span> <span class='ocrx_word' id='word_1_851' title='bbox 2874 5280 3008 5333; x_wconf 89' lang='lat' dir='ltr'><strong>tlinc</strong></span> <span class='ocrx_word' id='word_1_852' title='bbox 3055 5289 3140 5332; x_wconf 77' lang='lat' dir='ltr'><strong>est</strong></span> <span class='ocrx_word' id='word_1_853' title='bbox 3197 5285 3341 5349; x_wconf 88' lang='lat' dir='ltr'><strong>quod</strong></span> <span class='ocrx_word' id='word_1_854' title='bbox 3404 5283 3544 5349; x_wconf 84' lang='lat' dir='ltr'><strong>apud</strong></span> <span class='ocrx_word' id='word_1_855' title='bbox 3595 5282 3783 5336; x_wconf 86' lang='lat' dir='ltr'><strong>Demo-</strong></span> 
     </span>
    </p>
   </div>
   <div class='ocr_carea' id='block_1_123' title="bbox 2198 5348 3779 5422">
    <p class='ocr_par' dir='ltr' id='par_1_123' title="bbox 2198 5348 3779 5422">
     <span class='ocr_line' id='line_1_124' title="bbox 2198 5348 3779 5422; baseline 0.001 -21"><span class='ocrx_word' id='word_1_856' title='bbox 2198 5350 2445 5422; x_wconf 86' lang='lat' dir='ltr'><strong>sthenem</strong></span> <span class='ocrx_word' id='word_1_857' title='bbox 2486 5349 2772 5422; x_wconf 65' lang='grc' dir='ltr'>ἐγκύκλιοι</span> <span class='ocrx_word' id='word_1_858' title='bbox 2818 5348 3451 5422; x_wconf 15' lang='grc' dir='ltr'>λειτουργίαιγιὶιειιιιιιιιέ</span> <span class='ocrx_word' id='word_1_859' title='bbox 3510 5350 3779 5404; x_wconf 84' lang='lat' dir='ltr'><strong>solemnes</strong></span> 
     </span>
    </p>
   </div>
   <div class='ocr_carea' id='block_1_124' title="bbox 2194 5420 3776 5489">
    <p class='ocr_par' dir='ltr' id='par_1_124' title="bbox 2194 5420 3776 5489">
     <span class='ocr_line' id='line_1_125' title="bbox 2194 5420 3776 5489; baseline 0.001 -16"><span class='ocrx_word' id='word_1_860' title='bbox 2194 5429 2248 5473; x_wconf 88' lang='lat' dir='ltr'><strong>et</strong></span> <span class='ocrx_word' id='word_1_861' title='bbox 2285 5421 2580 5474; x_wconf 67' lang='lat' dir='ltr'><strong>ordinariae</strong></span> <span class='ocrx_word' id='word_1_862' title='bbox 2609 5420 2931 5477; x_wconf 82' lang='lat' dir='ltr'><strong>functiones,</strong></span> <span class='ocrx_word' id='word_1_863' title='bbox 2959 5420 3083 5488; x_wconf 71' lang='lat' dir='ltr'><strong>quae</strong></span> <span class='ocrx_word' id='word_1_864' title='bbox 3131 5421 3546 5489; x_wconf 82' lang='lat' dir='ltr'><strong>diSIiuguuntur</strong></span> <span class='ocrx_word' id='word_1_865' title='bbox 3577 5436 3605 5471; x_wconf 93' lang='lat' dir='ltr'><strong>a</strong></span> <span class='ocrx_word' id='word_1_866' title='bbox 3644 5431 3776 5474; x_wconf 79' lang='lat' dir='ltr'><strong>trie-</strong></span> 
     </span>
    </p>
   </div>
   <div class='ocr_carea' id='block_1_125' title="bbox 2199 5489 3777 5558">
    <p class='ocr_par' dir='ltr' id='par_1_125' title="bbox 2199 5489 3777 5558">
     <span class='ocr_line' id='line_1_126' title="bbox 2199 5489 3777 5558; baseline 0.001 -17"><span class='ocrx_word' id='word_1_867' title='bbox 2199 5490 2446 5543; x_wconf 82' lang='lat' dir='ltr'><strong>rarcliiis.</strong></span> <span class='ocrx_word' id='word_1_868' title='bbox 2476 5489 2566 5544; x_wconf 68' lang='lat' dir='ltr'><strong>lla:</strong></span> <span class='ocrx_word' id='word_1_869' title='bbox 2593 5506 2832 5557; x_wconf 78' lang='lat' dir='ltr'><strong>namque</strong></span> <span class='ocrx_word' id='word_1_870' title='bbox 2864 5492 3204 5558; x_wconf 75' lang='lat' dir='ltr'><strong>gravnssima:</strong></span> <span class='ocrx_word' id='word_1_871' title='bbox 3229 5497 3387 5542; x_wconf 89' lang='lat' dir='ltr'><strong>erant</strong></span> <span class='ocrx_word' id='word_1_872' title='bbox 3412 5501 3465 5543; x_wconf 88' lang='lat' dir='ltr'><strong>et</strong></span> <span class='ocrx_word' id='word_1_873' title='bbox 3497 5492 3777 5543; x_wconf 85' lang='lat' dir='ltr'><strong>onerosis—</strong></span> 
     </span>
    </p>
   </div>
   <div class='ocr_carea' id='block_1_126' title="bbox 2196 5559 3775 5629">
    <p class='ocr_par' dir='ltr' id='par_1_126' title="bbox 2196 5559 3775 5629">
     <span class='ocr_line' id='line_1_127' title="bbox 2196 5559 3775 5629; baseline -0.002 -17"><span class='ocrx_word' id='word_1_874' title='bbox 2196 5559 2365 5612; x_wconf 66' lang='lat' dir='ltr'><strong>situm.</strong></span> <span class='ocrx_word' id='word_1_875' title='bbox 2397 5560 2564 5614; x_wconf 75' lang='lat' dir='ltr'><strong>Recte</strong></span> <span class='ocrx_word' id='word_1_876' title='bbox 2595 5561 2759 5629; x_wconf 84' lang='lat' dir='ltr'><strong>igitur</strong></span> <span class='ocrx_word' id='word_1_877' title='bbox 2791 5561 3125 5629; x_wconf 82' lang='lat' dir='ltr'><strong>Ammonius</strong></span> <span class='ocrx_word' id='word_1_878' title='bbox 3150 5559 3222 5611; x_wconf 79' lang='lat' dir='ltr'><strong>De</strong></span> <span class='ocrx_word' id='word_1_879' title='bbox 3240 5559 3571 5629; x_wconf 74' lang='lat' dir='ltr'><strong>differentiis</strong></span> <span class='ocrx_word' id='word_1_880' title='bbox 3620 5576 3775 5613; x_wconf 81' lang='lat' dir='ltr'><strong>voca-</strong></span> 
     </span>
    </p>
   </div>
   <div class='ocr_carea' id='block_1_127' title="bbox 2195 5628 3773 5700">
    <p class='ocr_par' dir='ltr' id='par_1_127' title="bbox 2195 5628 3773 5700">
     <span class='ocr_line' id='line_1_128' title="bbox 2195 5628 3773 5700; baseline 0 -18"><span class='ocrx_word' id='word_1_881' title='bbox 2195 5629 2462 5700; x_wconf 79' lang='lat' dir='ltr'><strong>bulorum,</strong></span> <span class='ocrx_word' id='word_1_882' title='bbox 2494 5631 2636 5692; x_wconf 87' lang='grc' dir='ltr'>Παῖς</span> <span class='ocrx_word' id='word_1_883' title='bbox 2656 5629 2734 5692; x_wconf 82' lang='grc' dir='ltr'><strong>δὲ,</strong></span> <span class='ocrx_word' id='word_1_884' title='bbox 2767 5630 2961 5700; x_wconf 85' lang='lat' dir='ltr'><strong>inquit,</strong></span> <span class='ocrx_word' id='word_1_885' title='bbox 3002 5628 3144 5700; x_wconf 18' lang='grc' dir='ltr'>ὁνδιὰ</span> <span class='ocrx_word' id='word_1_886' title='bbox 3180 5628 3287 5682; x_wconf 84' lang='grc' dir='ltr'><strong>τῶν</strong></span> <span class='ocrx_word' id='word_1_887' title='bbox 3324 5628 3629 5697; x_wconf 78' lang='grc' dir='ltr'>ἐγκυκλίων</span> <span class='ocrx_word' id='word_1_888' title='bbox 3672 5642 3773 5700; x_wconf 73' lang='grc' dir='ltr'>μα-</span> 
     </span>
    </p>
   </div>
   <div class='ocr_carea' id='block_1_128' title="bbox 2194 5699 3777 5772">
    <p class='ocr_par' dir='ltr' id='par_1_128' title="bbox 2194 5699 3777 5772">
     <span class='ocr_line' id='line_1_129' title="bbox 2194 5699 3777 5772; baseline -0.001 -17"><span class='ocrx_word' id='word_1_889' title='bbox 2194 5699 2455 5772; x_wconf 78' lang='grc' dir='ltr'>θημάτων</span> <span class='ocrx_word' id='word_1_890' title='bbox 2490 5700 2787 5770; x_wconf 75' lang='grc' dir='ltr'>δυνάμενος</span> <span class='ocrx_word' id='word_1_891' title='bbox 2831 5699 2985 5752; x_wconf 87' lang='grc' dir='ltr'>ίέναι.</span> <span class='ocrx_word' id='word_1_892' title='bbox 3016 5699 3155 5772; x_wconf 45' lang='lat' dir='ltr'><strong>Vide</strong></span> <span class='ocrx_word' id='word_1_893' title='bbox 3184 5699 3533 5757; x_wconf 78' lang='lat' dir='ltr'><strong>scholiastem</strong></span> <span class='ocrx_word' id='word_1_894' title='bbox 3569 5699 3777 5756; x_wconf 71' lang='lat' dir='ltr'><strong>Aristo-</strong></span> 
     </span>
    </p>
   </div>
   <div class='ocr_carea' id='block_1_129' title="bbox 2195 5770 3132 5841">
    <p class='ocr_par' dir='ltr' id='par_1_129' title="bbox 2195 5770 3132 5841">
     <span class='ocr_line' id='line_1_130' title="bbox 2195 5770 3132 5841; baseline 0 -16"><span class='ocrx_word' id='word_1_895' title='bbox 2195 5770 2391 5840; x_wconf 76' lang='lat' dir='ltr'><strong>phants</strong></span> <span class='ocrx_word' id='word_1_896' title='bbox 2415 5772 2467 5826; x_wconf 88' lang='lat' dir='ltr'><strong>in</strong></span> <span class='ocrx_word' id='word_1_897' title='bbox 2506 5772 2805 5841; x_wconf 76' lang='lat' dir='ltr'><strong>eqitlibus,</strong></span> <span class='ocrx_word' id='word_1_898' title='bbox 2836 5786 2955 5840; x_wconf 81' lang='lat' dir='ltr'><strong>pag.</strong></span> <span class='ocrx_word' id='word_1_899' title='bbox 3006 5770 3132 5827; x_wconf 67' lang='lat'><strong>297.</strong></span> 
     </span>
    </p>
   </div>
  </div>
