4222 6396
449 421 553 477 5‘95

1466 414 1821 477 HISTORUE
1852 414 2405 474 ECCLESIASTICE
2446 418 2573 477 LIB.
2614 420 2700 476 Vl.

3585 421 3689 479 ΩΒ

445 541 521 603 ὡς
555 539 678 611 μηδ’
711 539 961 610 ἐξαρκεῖν
1010 537 1157 609 αὐτῷ
1191 537 1289 600 τὰς
1335 537 1511 601 ἁπλᾶς
1558 538 1652 591 καὶ
1698 538 2019 609 προχείρους

2087 591 2093 612 _
2126 538 2209 591 his
2242 538 2592 606 abhorrebat,
2633 542 2727 594 sed
2768 537 3122 596 libentissime
3164 540 3216 594 in
3244 540 3550 609 hujusmodi
3573 552 3717 595 stur

442 633 547 703 τῶν
578 631 736 703 ἱερῶν
762 631 937 699 λόγων
981 630 1269 696 ἐντεύξεις,
1298 628 1482 700 ζητεῖν
1530 628 1587 681 δέ
1639 646 1692 682 τι
1725 628 1885 682 πλέον
1926 631 2021 683 καὶ

442 723 741 794 βαθυτέρας
771 722 871 793 ἤδη
906 719 966 785 ἐξ
997 720 1205 774 ἐκείνου
1244 721 1719 791 πολυπραγμονεῖν
1751 719 1979 791 θεωρίας
2002 736 2015 749 ·

442 815 583 870 ὥστε
609 816 705 868 καὶ
738 815 1037 885 πράγματα
1064 814 1321 885 παρέχειν
1356 811 1432 882 τῷ
1466 814 1653 883 πατρὶ,
1688 813 1740 866 τί
1768 811 1876 883 ἄρα
1906 812 2022 864 ἐθέ-

440 909 523 963 λοι
546 908 737 982 δηλοῦν
770 908 832 961 τὸ
860 908 959 979 τῆς
1001 907 1356 960 θεοπνεύστου
1392 905 1616 978 Γραφῆς
1653 905 2021 959 ἀναπυνθανό-

445 1015 606 1069 μενος
652 996 916 1068 βούλημα.
958 998 1194 1060 Ἐκεῖνος
1238 995 1294 1048 δὲ
1332 995 1411 1067 τῷ
1456 995 1553 1067 μὲν
1573 990 1836 1055 δοκεῖνείς
1856 991 2022 1062 πρόσ-

432 1104 581 1143 ωπον
652 1087 985 1157 ἐπέπληττεν
1017 1085 1198 1155 αὐτῷ,
1230 1086 1393 1157 μηδὲν
1442 1086 1583 1157 ὑπὲρ
1622 1084 1839 1156 ἡλικίαν
1885 1084 2019 1155 μηδὲ

439 1179 538 1249 τῆς
563 1178 869 1249 προφανοῦς
899 1178 1133 1240 διανοίας
1172 1176 1482 1248 περαιτέρω
1504 1194 1557 1229 τι
1603 1175 1785 1246 ζητεῖν
1816 1193 2019 1246 παραι-

338 1327 347 1335 ,
439 1272 583 1336 νῶν,
620 1273 763 1337 ἰδίως
792 1273 850 1325 δὲ
878 1274 1008 1344 παρ’
1051 1271 1226 1342 ἑαυτῷ
1260 1270 1328 1325 τὰ
1369 1270 1579 1342 μεγάλα
1618 1268 1888 1341 γεγηθὼς,
1921 1269 2019 1340 τὴν

446 1364 709 1435 μεγίστην
745 1363 1008 1435 ὡμολόγει
1051 1363 1130 1434 τῷ
1173 1364 1389 1417 πάντων
1436 1361 1658 1431 ἀγαθῶν
1701 1362 1858 1433 αἰτίῳ
1901 1362 2019 1432 Θεῷ

441 1454 622 1526 χάριν,
650 1455 729 1506 ὅτι
759 1455 821 1523 δὴ
852 1454 1013 1507 αὐτὸν
1056 1452 1260 1506 τοιοῦδε
1294 1451 1503 1523 πατέρα
1543 1450 1796 1519 γενέσθαι
1831 1450 2019 1514 παιδὸς

441 1544 687 1613 ἠξίωσεν.
721 1544 1044 1598 Ἐπιστὰντα
1058 1544 1115 1596 δὲ
1134 1544 1235 1615 ἤδη
1257 1542 1514 1605 πολλάκις
1530 1539 1735 1595 εὕδοντι
1751 1540 1829 1612 τῷ
1845 1542 2015 1605 παιδὶ,

439 1637 718 1705 γυμνῶσαι
748 1637 847 1708 μὲν
867 1635 1029 1690 αὐτοῦ
1055 1635 1124 1689 τὰ
1149 1635 1345 1704 στέρνα
1368 1635 1551 1704 φασὶν,
1581 1632 1769 1706 ὥσπερ
1790 1634 1846 1687 δὲ
1876 1634 2016 1687 θείου

440 1728 753 1799 Πνεῦματος
793 1729 941 1782 ἔνδον
970 1730 1028 1783 ὲν
1054 1729 1236 1791 αὐτοῖς
1277 1726 1677 1799 ἀφιερωμένου,
1713 1725 1935 1797 φιλῆσαί
1958 1745 2017 1780 τε

440 1819 768 1891 σεδασμίως,
797 1821 890 1873 καὶ
919 1821 1020 1890 τῆς
1048 1819 1330 1882 εὐτεκνίας
1365 1818 1632 1890 μακάριον
1662 1817 1850 1871 ἑαυτὸν
1878 1820 2021 1890 ήγήέ

439 1911 652 1965 σασθαι.
684 1912 868 1965 Ταῦτα
900 1912 993 1965 καὶ
1012 1910 1177 1983 ἕτερα
1202 1910 1412 1974 τούτοις
1436 1909 1671 1980 συγγενῆ
1695 1910 1823 1981 περὶ
1855 1910 2020 1964 παῖδα

436 2003 568 2057 ὄντα
596 2004 688 2056 τὸν
736 2004 1016 2076 Ὠριγένην
1064 2003 1314 2072 γενέσθαι
1356 2000 1802 2072 μνημονεύουσιν.
1841 2001 1927 2065 Ὠς
1963 2003 2020 2055 δὲ

435 2095 537 2167 ἤδη
573 2094 720 2165 αὐτῷ
742 2097 770 2148 ὁ
795 2094 979 2166 πατὴρ
1009 2094 1292 2167 μαρτυρίῳ
1318 2092 1646 2158 τετελείωτο,
1676 2092 1881 2165 ἔρημος
1907 2094 2022 2165 ἆμα

442 2189 617 2258 μητρὶ.
663 2188 757 2241 καὶ
814 2188 1164 2259 βραχυτέροις
1209 2187 1455 2257 ἀδελφοῖς
1500 2186 1594 2240 τὸν
1644 2185 1876 2257 ἀριθμὸν
1927 2186 2020 2253 ἒξ,

440 2281 897 2334 ἑπτακαιδέκατον
930 2280 990 2332 οὐ
1023 2278 1226 2350 πλῆρες
1261 2280 1409 2347 ἄγων
1447 2278 1566 2341 ἔτος
1612 2278 2018 2334 καταλείπεται.

438 2371 552 2440 Τῆς
588 2388 653 2440 γε
696 2371 804 2442 μὴν
842 2370 936 2424 τοῦ
985 2370 1190 2442 πατρὸς
1235 2369 1550 2439 περιουσίας
1588 2372 1700 2432 τοῖς
1726 2367 2023 2440 βασιλικοῖς

438 2462 685 2533 ταμείοις
714 2462 1136 2534 ἀναληφθείσης,
1165 2465 1222 2516 ὲν
1252 2463 1442 2517 σπάνει
1470 2462 1578 2517 τῶν
1609 2462 1751 2518 κατὰ
1789 2465 1881 2518 τὸν
1907 2464 2021 2535 βίον

441 2553 639 2624 χρειῶν
669 2554 765 2607 σὺν
787 2558 900 2617 τοῖς
924 2556 1257 2627 προσήκουσι
1283 2554 1579 2620 καταστὰς,
1596 2556 1903 2628 οἰκονομίας
1922 2557 2025 2627 τῆς

442 2648 507 2697 ἐκ
528 2643 663 2696 Θεοῦ
682 2642 1050 2711 καταξιοῦταυ
1078 2645 1172 2698 καὶ
1190 2647 1447 2716 τυγχάνει
1460 2645 1756 2713 δεξιώσεως
1774 2647 1908 2718 ὁμοῦ
1930 2649 2025 2702 καὶ

441 2737 802 2800 ἀναπαύσεως
834 2736 984 2809 παρά
1014 2753 1119 2790 τινι
1146 2736 1521 2810 πλουσιωτάτῃ
1556 2738 1654 2810 μὲν
1676 2740 1767 2793 τὸν
1794 2740 1905 2810 βίον
1932 2741 2026 2793 καὶ

440 2827 510 2880 τὰ
553 2827 688 2882 ἄλλα
729 2828 1173 2902 περιφανεστάτῃ
1214 2829 1454 2898 γυναικὶ,
1489 2829 1772 2901 διαϐόητόν
1806 2848 1870 2901 γε
1918 2831 2025 2904 μὴν

442 2920 611 2992 ἄνδρα
643 2920 977 2992 περιεπούσῃ
1013 2921 1121 2975 τῶν
1170 2922 1293 2975 τότε
1340 2923 1433 2976 ἐπὶ
1475 2922 1577 2993 τῆς
1623 2923 2026 2996 Ἀλεξανδρείας

441 3011 797 3079 αἰρεσιωτῶν·
830 3011 892 3065 τὸ
918 3013 1072 3082 γένος
1096 3013 1143 3067 δ’
1171 3010 1240 3086 ἦν
1263 3009 1416 3079 οὗτος
1449 3013 1775 3084 Ἀντιοχεύςο
1807 3015 2029 3070 θετὸνδὲ

442 3101 604 3155 αὑτὸν
631 3104 744 3157 υίὸν
791 3100 905 3174 εἶχε
936 3106 1032 3159 σὺν
1066 3107 1231 3177 ἑαυτῇ
1252 3145 1267 3168 ,
1296 3106 1391 3159 καὶ
1420 3106 1478 3159 ὲν
1513 3109 1626 3168 τοῖς
1663 3105 1900 3175 μάλιστα
1930 3122 2027 3158 πε-

443 3198 650 3265 ριεῖπεν
676 3197 708 3266 ἡ
734 3195 1096 3267 δεδηλωμένη.
1138 3196 1298 3250 Ἀλλὰ
1340 3196 1520 3266 τούτῳ
1555 3213 1620 3263 γε
1652 3196 1960 3264 ἐπάναγκες
1996 3199 2026 3251 ὁ

454 3288 733 3360 Ὠριγένης
760 3287 952 3353 συνὼν,
976 3289 1077 3358 τῆς
1102 3288 1160 3353 ἐξ
1198 3288 1407 3342 ἐκείνου
1439 3289 1569 3360 περὶ
1600 3288 1698 3359 τὴν
1720 3289 1901 3342 πίστιν
1930 3290 2023 3359 ὀρ·

441 3377 682 3443 θοδοξίας
708 3379 909 3449 ἐναργῆ
954 3378 1245 3450 παρείχετο
1285 3377 1554 3449 δείγματα
1580 3394 1592 3407 ·
1622 3377 1787 3450 ὁτιδὴ
1828 3378 2019 3450 μυρίου

443 3470 681 3541 πλήθους
716 3468 805 3522 διὰ
832 3469 892 3521 τὸ
920 3469 1113 3522 δοκοῦν
1151 3470 1333 3522 ἱκανὸν
1372 3471 1430 3522 ὲν
1463 3468 1605 3539 λόγῳ
1628 3468 1726 3520 τοῦ
1768 3469 1980 3522 Παύλου
2003 3485 2017 3499 ’

442 3561 599 3612 τοῦτο
624 3561 732 3630 γὰρ
762 3552 829 3630 ἦν
852 3558 1023 3629 ὄνομα
1044 3558 1122 3630 τῷ
1152 3558 1336 3630 ἀνδρί·
1364 3561 1728 3632 συναγομένου
1763 3562 1890 3632 παρ’
1923 3561 2022 3614 αὑ-

441 3647 519 3718 τῷ
544 3648 604 3701 οὐ
635 3648 792 3719 μόνον
817 3648 1126 3719 αἱρετικῶν,
1158 3643 1301 3703 ἀλλὰ
1326 3651 1417 3703 καὶ
1440 3650 1744 3721 ἡμετέρων,
1766 3650 1888 3703 οὐδὲ
1911 3647 2022 3701 πώ-

445 3757 574 3793 ποτε
618 3741 975 3812 προὺτρὰπη,
1019 3746 1161 3794 κατὰ
1199 3740 1298 3811 τὴν
1335 3741 1500 3811 εὐχὴν
1548 3740 1698 3811 αὐτῷ
1740 3740 2018 3811 συστῆναι,

444 3825 724 3894 φυλάττων
764 3828 905 3893 ἐξέτι
931 3829 1119 3892 παιδὸς
1140 3829 1341 3883 κανόνα
1373 3829 1716 3900 Ἐκκλησίας,
1746 3830 2023 3900 βδελυττό-

445 3917 604 3986 μενὸς
639 3935 719 3982 τε,
748 3918 823 3981 ὡς
859 3918 1007 3989 αὑτῷ
1037 3919 1240 3990 ῥήματί
1272 3918 1402 3988 φησί
1444 3936 1548 3972 που
1575 3920 1756 3983 αὐτὸς,
1784 3919 1884 3982 τὰς
1912 3918 2020 3971 τῶν

441 4008 707 4079 αἱρέσεων
733 4008 1099 4072 διδασκαλίας.
1129 4008 1433 4081 Προαχθεὶς
1459 4007 1518 4061 δὲ
1543 4008 1650 4063 ὑπὸ
1678 4008 1772 4061 τοῦ
1815 4013 2022 4080 πατρὸς

441 4106 499 4158 ὲν
544 4106 658 4166 τοῖς
699 4102 965 4175 Ἑλλήνων
1013 4097 1360 4173 μαθήμασιν,
1406 4098 1775 4171 ἐκθυμότερόν
1815 4118 1878 4153 τε
1926 4101 2022 4154 καὶ

445 4194 584 4267 μετὰ
606 4196 707 4266 τὴν
735 4194 942 4248 ἐκείνου
965 4191 1217 4261 τελευτὴν
1238 4195 1305 4265 τῇ
1332 4193 1459 4265 περὶ
1484 4195 1609 4255 τοὺς
1630 4193 1822 4260 λόγους
1846 4193 2021 4263 ἀσκή-

442 4303 526 4340 σει
553 4285 669 4339 ὅλον
702 4284 916 4348 ὲπιδοῦς
945 4283 1139 4337 ἑαυτὸν
1158 4322 1171 4345 ,
1205 4283 1282 4345 ὡς
1315 4284 1409 4336 καὶ¹
1447 4281 1795 4353 παρασκευὴν
1828 4282 1920 4335 ἐπὶ
1952 4283 2021 4336 τὰ

438 4373 802 4448 γραμματικὰ
822 4374 1046 4446 μετρίαν
1067 4372 1240 4443 ἔχειν(
1248 4372 1357 4436 16),
1391 4373 1505 4443 μετ’
1540 4372 1601 4424 οὐ
1629 4370 1763 4424 πολὺ
1797 4372 1897 4443 τῆς
1923 4372 2018 4424 τοῦ

440 4469 646 4540 πατρὸς
674 4467 1006 4530 τελειώσεως
1036 4466 1244 4528 τούτοις
1284 4463 1622 4528 ἐπιδεδωκὼς
1656 4465 2029 4529 ἑαυτὸν,εὐπό-

445 4579 525 4632 ρει
549 4561 657 4616 τῶν
688 4559 1021 4627 ἀναγκαίων,
1046 4558 1122 4622 ὡς
1140 4560 1199 4613 ὲν
1231 4558 1415 4631 ἐκείνῃ
1437 4560 1503 4629 τῇ
1529 4556 1736 4629 ἡλικίᾳ,
1760 4557 2018 4627 δαψιλῶς.

2123 632 2208 683 dia
2237 631 2607 686 incumbebat.
2671 633 2822 687 Adeo
2875 643 2933 686 ut
2957 631 3194 702 simplici
3235 644 3293 686 et
3324 632 3481 687 obvia
3506 647 3693 688 sacra-

2122 735 2239 774 rum
2276 719 2603 775 Litterarum
2653 720 2884 776 lectione
2921 725 3143 779 minime
3180 733 3494 790 contentus,
3518 722 3694 790 majus

2120 807 2325 879 aliquid
2387 810 2705 879 inquireret,
2754 821 2809 865 et
2848 813 3228 881 profundiores
3271 812 3380 883 jam
3421 824 3532 867 tum
3570 827 3696 867 seu-

2120 916 2215 955 sns
2254 912 2609 957 scrutaretur.
2663 903 2897 958 Proinde
2967 904 3109 971 patri
3165 903 3468 959 lacessebat
3527 913 3695 975 n‘egu-

2123 993 2280 1059 tium,
2346 994 2636 1048 sciscitans
2696 1009 2764 1047 ex
2838 993 2929 1047 illo
2987 996 3116 1063 quid
3162 996 3436 1050 sententia
3497 995 3695 1051 divini-

2123 1091 2207 1134 tus
2284 1082 2563 1153 inSpiratae
2622 1083 2920 1153 Scriptum
2992 1084 3347 1152 signiﬁcaret.
3399 1085 3492 1141 llle
3563 1088 3720 1139 vero“

2120 1173 2279 1244 203
2314 1190 2497 1229 coram
2529 1176 2744 1245 quidem
2784 1185 2841 1230 et
2875 1175 2927 1228 in
2977 1176 3229 1244 speciem'
3250 1190 3478 1246 puerum
3510 1174 3696 1244 objur-

2120 1267 2281 1333 galtat
2315 1282 2330 1320 :
2368 1281 2596 1321 monens
2623 1283 2690 1321 ne
2726 1283 2888 1336 supra
2915 1277 3134 1337 captum
3164 1268 3367 1334 (etatis,
3386 1281 3521 1322 neve
3552 1265 3691 1321 ultra

2119 1355 2339 1410 obvium
2383 1366 2440 1412 et
2478 1368 2728 1426 apertum
2778 1359 3079 1429 Scriptura:
3131 1372 3352 1414 sensum
3398 1358 3694 1428 quidquam

2123 1446 2444 1513 requireret.
2474 1446 2626 1501 Clam
2663 1457 2846 1504 tamen
2891 1449 3034 1519 apud
3077 1462 3139 1502 se
3178 1445 3442 1517 singulari
3495 1447 3696 1517 gaudio

2121 1543 2410 1610 perfusus,
2463 1542 2577 1596 Deo
2628 1542 2898 1597 bonorum
2938 1539 3179 1593 omnium
3237 1537 3448 1592 auctori
3488 1537 3697 1607 gratias

2120 1622 2316 1703 agebat
2338 1633 2623 1697 maximas,
2651 1633 2794 1702 quod
2826 1646 2885 1686 se
2907 1631 3030 1684 talis
3058 1630 3152 1683 lilii
3176 1638 3454 1700 parentem
3481 1628 3695 1684 edicere

2120 1727 2371 1795 dignatus
2402 1724 2616 1780 fuisset.
2654 1726 2735 1777 Ac
2762 1736 3140 1793 saepenumero
3183 1720 3500 1777 dormientis
3533 1721 3692 1791 pueri

2120 1817 2425 1873 cubiculum
2450 1817 2746 1885 ingressus,
2772 1824 2964 1883 pectus
2991 1813 3106 1881 ejus
3129 1813 3364 1869 nudasse
3390 1814 3612 1877 dicitur,
3634 1822 3695 1868 et

2051 1893 2094 1949 Β
2126 1909 2270 1963 velut
2316 1908 2587 1979 quoddam
2623 1907 2790 1962 divini
2834 1905 3071 1976 Spiritus
3112 1907 3407 1963 sacrarium
3448 1905 3700 1976 religiose

2122 2000 2251 2055 illud
2298 1999 2671 2065 deosculatus,
2731 1999 3085 2068 semetipsum
3146 2000 3366 2053 beatum
3431 1997 3698 2066 ejusmodi

2122 2090 2309 2144 sobole
2337 2091 2689 2159 praedicasse.
2716 2087 2845 2144 Haec
2883 2099 2939 2143 et
2981 2088 3088 2143 alia
3125 2088 3324 2143 similia
3355 2087 3424 2143 de
3464 2087 3699 2156 Origene

2119 2180 2281 2235 etiam
2316 2191 2426 2234 tum
2459 2194 2626 2251 puero
2660 2179 2986 2237 referuntur.
3017 2179 3281 2235 Czeterum
3311 2188 3465 2249 patre
3491 2189 3700 2250 marty-

2124 2270 2190 2325 rii
2240 2286 2501 2325 coronam
2542 2272 2769 2341 adepto,
2811 2271 2929 2342 ipse
2965 2286 3089 2325 cum
3136 2281 3311 2325 matre
3344 2280 3401 2326 et
3454 2273 3700 2341 parvulis

2125 2361 2388 2419 fratribus
2440 2380 2669 2421 numero
2719 2379 2813 2420 sex
2871 2365 3041 2420 orbus
3086 2365 3310 2420 relictus
3360 2376 3463 2429 est,
3494 2378 3696 2419 annum

2124 2469 2293 2525 agens
2316 2455 2494 2511 aetatis
2520 2457 2811 2526 septimum
2841 2456 3135 2511 decimum.
3162 2456 3228 2510 Et
3250 2457 3505 2525 quoniam
3527 2454 3700 2509 facul-

2126 2552 2266 2602 tates
2300 2547 2472 2618 patris
2501 2548 2553 2602 iu
2583 2549 2773 2604 ﬁscum
2805 2548 3076 2618 principis
3114 2547 3276 2602 illatae
3331 2546 3581 2613 fuerant,
3628 2548 3699 2600 ad

2124 2654 2391 2693 summam
2415 2639 2654 2694 omnium
2677 2655 2861 2695 rerum
2894 2639 3177 2710 penuriam
3210 2654 3320 2694 una
3357 2653 3480 2693 cum
3508 2652 3698 2693 neces-

2126 2731 2460 2787 situdinibus
2485 2731 2599 2786 suis
2628 2732 2906 2798 redactus,
2938 2733 3141 2787 divinae
3175 2730 3547 2787 Providentiae
3577 2747 3694 2786 me-

2127 2822 2235 2876 ruit
2277 2823 2562 2879 auxilium.
2601 2823 2875 2895 Exceptus
2921 2827 3063 2880 enim
3092 2836 3150 2881 et.
3180 2825 3514 2891 refecillatus
3543 2836 3628 2881 est
3663 2842 3696 2880 a

2129 2918 2378 2966 matrona
2416 2912 2652 2981 quadam
2683 2913 3105 2982 opulentissima
3141 2923 3197 2968 et
3232 2915 3431 2984 alioqui
3460 2914 3694 2978 eximia;

2126 3001 2220 3056 sed
2258 3012 2383 3072 quae
2412 3001 2831 3057 celeberrimum
2857 3005 3150 3073 quemdam
3190 3006 3370 3059 virum
3408 3006 3699 3063 Antiochia

2126 3093 2436 3157 oriundum,
2478 3092 2864 3148 haereticorum
2894 3094 2989 3163 qui
3018 3103 3148 3150 tunc
3171 3104 3329 3150 erant
3359 3095 3704 3151 Alexandria:

2128 3189 2614 3251 propugnatorem,
2666 3182 2905 3237 fovebat.
2984 3183 3155 3248 Quem
3217 3184 3434 3253 quidem
3505 3184 3702 3239 mulier

2125 3273 2437 3341 adoptivum
2488 3271 2659 3326 lilium
2711 3288 2898 3328 secum
2937 3274 3081 3329 domi
3120 3276 3351 3341 habens,
3408 3276 3605 3330 mirum
3642 3276 3698 3329 in

2127 3364 2344 3419 modum
2388 3362 2874 3432 complectebatur.
2940 3366 3049 3421 Sed
3109 3365 3414 3436 Origenes,
3474 3368 3694 3421 tametsi

2124 3471 2248 3512 cum
2283 3454 2600 3525 supradicto
2642 3456 2759 3511 viro
2793 3458 3124 3513 necessitate
3161 3458 3474 3528 compulsus
3508 3474 3700 3514 versa-

2127 3560 2295 3612 retur,
2321 3563 2387 3603 ex
2411 3564 2477 3604 eo
2506 3556 2686 3603 tamen
2736 3557 2981 3618 tempore
3006 3564 3120 3604 suae
3150 3550 3205 3604 in
3236 3558 3384 3605 recta
3417 3550 3525 3605 ﬁde
3563 3551 3699 3603 reti-

2123 3637 2299 3692 nenda
2337 3636 2668 3693 constantiae
2707 3638 3135 3695 illustrissimum
3183 3641 3455 3711 specimen
3507 3642 3700 3698 edidit.

2125 3728 2406 3798 Siquidem
2448 3729 2835 3788 innumerabili
2867 3733 3213 3789 multitudine
3255 3748 3361 3787 non
3398 3734 3701 3789 -ha:retico-

2125 3839 2244 3878 rum
2275 3824 2438 3880 modo
2460 3865 2475 3890 ,
2515 3827 2613 3879 sed
2642 3827 2806 3881 etiam
2841 3837 3154 3880 nostrorum
3197 3826 3264 3880 ad
3295 3825 3521 3881 Paulum
3564 3826 3702 3896 (hoc

2123 3916 2266 3971 enim
2293 3917 2367 3971 illi
2401 3919 2522 3973 viro
2556 3934 2753 3973 nomen
2792 3917 2932 3989 fuit)
2966 3917 3210 3988 quotidie
3247 3913 3589 3985 conﬂuente,
3632 3933 3702 3972 eo

2123 4009 2268 4077 quod
2296 4008 2609 4078 eloquentia
2631 4009 2899 4064 excellere
2926 4009 3237 4063 videretur:
3271 4008 3385 4078 ipse
3418 4022 3695 4076 nunquam

2123 4103 2311 4157 adduci
2343 4104 2520 4171 potuit
2552 4112 2612 4156 ut
2641 4118 2764 4157 cum
2799 4101 2969 4155 Paulo
2996 4099 3049 4154 in
3082 4100 3396 4168 precatione
3422 4100 3696 4152 consiste-

2124 4202 2206 4246 ret
2237 4191 2535 4248 :Ecclesite
2559 4193 2772 4248 scilicet
2806 4190 3046 4261 regulam
3073 4204 3301 4244 servans
3348 4204 3377 4241 a
3413 4201 3606 4256 puero,
3639 4196 3697 4241 et

2124 4294 2178 4337 ut
2206 4285 2436 4352 ipsemet
2477 4284 2674 4340 alicubi
2720 4284 2981 4353 loquitur,
3024 4281 3370 4339 abominatus
3410 4280 3698 4334 hieretico-

2123 4390 2242 4428 rum
2276 4375 2594 4445 dogmatum
2632 4375 3102 4445 prtedieationem.
3139 4372 3310 4427 Porro
3340 4385 3463 4424 cum
3487 4382 3697 4438 graeca-

2125 4467 2261 4521 nicis
2291 4467 2594 4536 disciplinis
2634 4469 2869 4537 primum
2915 4482 2944 4519 a
2986 4474 3141 4535 patre
3193 4463 3433 4517 imbutus
3480 4460 3696 4524 luisset,

2123 4568 2177 4612 et
2212 4566 2333 4626 post
2360 4558 2603 4629 ejusdem
2638 4558 2845 4612 obitum
2871 4566 3044 4610 totum
3073 4570 3131 4609 se
3160 4551 3474 4608 liberalibus
3503 4550 3696 4606 studiis

436 4651 814 4705 vehementius
844 4650 1166 4713 addixisset,
1197 4649 1334 4702 adeo
1382 4658 1439 4701 ut
1476 4646 1834 4701 sufﬁcientem
1879 4662 2036 4700 nsum
2074 4661 2139 4699 ae
2169 4647 2417 4715 peritiam
2467 4647 2604 4701 artis
2663 4645 3032 4716 grammaticae
3081 4654 3360 4698 assecutus
3381 4641 3693 4696 videretur:

438 4742 599 4809 paulo
638 4752 761 4811 post
791 4741 962 4808 patris
998 4748 1225 4793 mortem
1274 4753 1394 4795 etm
1453 4747 1627 4791 artem
1693 4738 1989 4806 professus,
2027 4737 2339 4792 necessaria
2391 4739 2516 4795 vita;
2564 4737 2807 4793 subsidia
2856 4734 3091 4798 abunde,
3140 4743 3199 4787 ut
3260 4733 3312 4786 in
3359 4731 3451 4785 illa
3511 4741 3697 4793 :etate,

438 4834 539 4888 sibi
567 4833 926 4901 comparavit.

964 4922 1362 4976 ΚΕΦΑΛΑΙΟΝ
1395 4923 1474 4977 Γθ.

520 5010 617 5078 Ὠς
647 5005 861 5076 κομιδῆ
884 5007 1021 5074 νέος
1043 5007 1129 5062 ὢν
1156 5009 1265 5080 top;
1290 5010 1544 5078 Χριστοῦ
1563 5010 1749 5080 λόγον
1773 5008 1946 5076 ἐπρέο

790 5080 1011 5131 σϐευεν
1034 5080 1174 5148 (Nic.
1210 5078 1281 5131 ΙΙ.
1326 5081 1390 5132 Ε.
1421 5097 1473 5142 v,
1506 5080 1559 5144 4,
1591 5078 1663 5150 5).

509 5169 824 5243 Σχολάζοντι
845 5169 905 5222 δὲ.
935 5168 1048 5241 (17)
1076 5172 1143 5241 τῇ
1180 5169 1450 5241 διατριϐῇ,
1480 5169 1556 5232 ὣς
1592 5186 1696 5222 που
1727 5170 1818 5223 καὶ
1850 5168 2013 5231 αὐτὸς

511 5399 621 5469 (16)
660 5401 919 5469 Μετρίαν
946 5400 1133 5471 ἔχειν.
1161 5401 1215 5454 ln
1245 5402 1430 5455 codice
1458 5400 1713 5457 Medican
1736 5403 1932 5467 legitur
1950 5402 2013 5454 οὐ

442 5471 690 5542 μετρίαν,
735 5489 833 5525 nec
880 5472 1037 5526 aliter
1086 5473 1137 5525 in
1198 5472 1473 5526 Mazurino
1502 5474 1713 5542 codice.
1758 5471 1931 5535 Fuk.,
1961 5483 2018 5525 et

443 5540 572 5593 Sus".
602 5540 770 5593 Paulo
797 5554 917 5609 post
963 5543 1315 5595 scribendum
1345 5553 1451 5597 est.
1487 5557 1555 5595 ex
1584 5540 1774 5596 iisdem
1803 5544 2014 5596 codici-

439 5610 560 5684 bus,
590 5612 663 5674 ὡς
684 5612 944 5684 ὲνᾼᾷκείνῃ
963 5613 1029 5682 τῇ
1058 5611 1246 5684 ἡλικίᾳ
1265 5611 1521 5681 δαψιλῶς.
1541 5611 1821 5678 Quomodo
1849 5623 2013 5666 etiam

440 5682 493 5733 in
524 5683 709 5733 codice
740 5681 1203 5748 Regioscrip'tuut
1221 5681 1483 5736 'babetur.
1766 5727 1776 5733 .

512 5750 625 5818 (l7)
669 5749 1025 5821 Σχολάζοντι
1055 5751 1144 5805 δέ.
1178 5753 1260 5805 Ab
1286 5754 1372 5805 his
1410 5752 1587 5806 verbis
1618 5751 1868 5806 inchoavi
1919 5766 2015 5806 ca-

441 5832 535 5889 put
564 5823 805 5890 tertium,
830 5832 1048 5877 secutus
1081 5822 1492 5877 distinctionem
1529 5821 1731 5876 Ruﬁni.
1761 5823 1831 5876 At
1858 5822 2017 5877 Chri-

2611 4910 2775 4985 204
2819 4909 3050 4967 CAPUT
3101 4908 3187 4965 Ill.

2120 5006 2396 5074 Quomodo
2445 5004 2619 5059 adhuc
2661 5005 2946 5125 admodzrn
2990 5003 3297 5085 adolescens
3345 5002 3553 5057 verbum
3593 5002 3692 5058 Dei

2749 5090 2858 5125 ora:
2896 5086 3072 5125 tcavu.

2748 5086 3072 5142 prwdtcavu.

2187 5169 2397 5222 Interea
2441 5181 2572 5222 vero
2618 5180 2740 5220 cum
2792 5178 2952 5219 nemo
3001 5173 3310 5233 superesset
3346 5164 3690 5220 Alexandriae

2112 5396 2531 5466 stophorsonus,
2565 5403 2621 5448 et
2647 5401 2807 5460 caput
2830 5391 2931 5445 hoc
2960 5390 3100 5446 male
3131 5389 3414 5466 distinxit,
3439 5396 3496 5442 et
3522 5386 3684 5466 verba

2112 5460 2234 5538 quae
2256 5466 2506 5538 in_titulo
2523 5465 2794 5538 leguntur,
2825 5477 3109 5538 perperam
3151 5469 3250 5538 e_st_
3275 5460 3679 5538 interpretatus.

2112 5527 2293 5593 Codex
2317 5535 2452 5590 Fttk.
2489 5527 2652 5604 caput
2690 5536 2793 5586 hoc
2825 5532 2862 5604 ’ἕξ
2889 5527 3097 5604 orditur
3139 5528 3208 5582 ab
3229 5528 3321 5604 _his
3352 5527 3529 5604 verbis
3562 5538 3683 5592 qua:

2112 5609 2369 5673 leguntur
2393 5594 2779 5675 paulo-supra,
2811 5602 2911 5673 τῆς
2931 5617 2998 5675 γε
3020 5598 3123 5675 μὴν
3161 5595 3255 5675 τοῦ
3279 5594 3488 5675 πατρδς
3526 5608 3683 5670 περι-ς

2111 5664 2321 5739 ου’σίας,
2355 5664 2462 5731 eic.
2509 5674 2614 5728 Sed
2649 5664 3099 5726 'nobisctim‘l‘a'cii.
3124 5668 3291 5739 code}
3325 5664 3557 5739 Regius.
3588 5664 3682 5729 qui

2111 5730 2522 5815 caput-inchoat
2543 5746 2611 5797 ab
2632 5743 2950 5815 hispverbis,
2982 5740 3139 5801 Ἔτος
3165 5734 3209 5789 δ’
3240 5730 3375 5805 ἦγεν
3411 5730 3683 5788 ὃκτωκα-ια

2110 5811 2354 5886 δέκατον,
2383 5824 2514 5884 etc.,
2536 5815 2697 5884 paulo
2731 5811 2893 5867 infra.
