4222 6428
527 383 636 441 527

1243 380 1515 438 EUSEBII
1557 380 2036 438 CESARIENSIS
2074 380 2225 436 OPP.
2271 380 2451 435 PARS
2485 382 2528 437 l.
2582 412 2648 424 —
2683 381 3082 439 HlSTOilICA.

3717 378 3822 445 5:8

527 506 621 575 qui
652 500 931 558 tradendis
951 499 1072 555 lidei
1103 508 1306 555 nostrae
1334 501 1661 555 rudimentis
1679 516 1907 569 operam
1938 503 2092 556 daret

2222 501 2516 573 ἐγγράφως
2550 504 2772 575 ἱστορεῖ,
2811 503 3038 574 μηδενός
3065 518 3125 555 τε
3154 503 3245 557 ἐπὶ
3273 505 3371 575 τῆς
3412 505 3821 579 Ἀλεξανδρείας

524 596 785 652 omnibus
820 595 891 649 ob
921 592 1317 662 persecutionis
1359 603 1563 647 metum
1604 594 1779 663 pulsis
1807 609 1869 649 ac
1890 592 2111 664 fugatis,

525 685 746 758 quidam
806 699 874 739 ex
941 684 1238 753 gentilibus
1312 685 1488 754 ipsum
1549 684 1749 740 schola:
1823 686 2114 741 etiamtum

523 788 812 833 vacantem
843 787 1014 844 atque
1049 775 1267 830 aﬂixum
1292 809 1309 841 ,
1346 784 1405 829 ut
1443 778 1510 831 de
1548 792 1608 832 se
1652 778 1856 834 alicubi
1898 781 2112 845 scribit,

523 872 800 935 adierunt,
850 871 1077 924 verbum
1112 869 1206 925 Dei
1239 883 1309 924 ex
1344 883 1412 923 eo
1441 870 1704 924 audituri.
1766 870 1917 926 Inter
1976 889 2113 942 quos

522 965 759 1035 primum
790 962 957 1017 fuisse
993 970 1225 1017 testatur
1256 959 1609 1017 Plutarchum
1643 981 1656 1017 :
1684 964 1776 1031 qui
1803 974 1924 1032 post
1945 965 2111 1019 vitam

524 1056 757 1113 honeste
789 1064 1125 1109 transactam
1145 1090 1161 1118 ,
1187 1070 1346 1111 sacro
1375 1055 1539 1109 etiam
1585 1056 1852 1126 martyrio
1879 1071 2114 1110 corona-

526 1160 613 1205 tus
658 1158 763 1205 est.
834 1148 1145 1203 Secundum
1192 1147 1484 1203 lleraclam
1531 1148 1774 1213 ejusdem
1832 1147 2110 1205 Plutarchi

524 1241 797 1297 fratrem:
834 1241 924 1309 qui
965 1256 1089 1295 cum
1138 1240 1255 1308 ipse
1288 1255 1504 1309 quoque
1550 1241 1943 1312 philosophica:
1986 1243 2111 1297 vitae

524 1349 592 1389 ac
653 1333 1008 1388 districtioris
1062 1332 1350 1401 cujusdam
1422 1332 1727 1401 disciplina:
1781 1335 2108 1388 documenta

524 1426 756 1497 plurima
784 1426 925 1495 apud
967 1427 1141 1494 ipsum
1168 1426 1514 1495 praebuisset,
1563 1434 1687 1495 post
1728 1437 1958 1480 mortem
2008 1426 2110 1481 De-

521 1519 709 1573 metrii
758 1517 1144 1572 Alexandrina:
1207 1517 1359 1572 urbis
1406 1518 1724 1587 episcOpatu
1775 1519 1972 1588 dignus
2024 1527 2111 1572 est

522 1611 761 1666 habitus.
822 1610 1036 1663 Annum
1078 1624 1240 1680 porro
1298 1610 1473 1663 aetatis
1531 1618 1787 1663 octavum
1834 1609 2105 1662 decinmm

520 1700 717 1772 agebat
763 1709 890 1755 tunc
940 1713 1061 1755 cum
1108 1699 1520 1755 catechumenis
1575 1699 1925 1756 instituendis
1966 1716 2105 1770 pra:-

520 1793 700 1849 fectus
723 1804 829 1847 est.
867 1794 987 1859 Quo
1015 1793 1068 1846 in
1109 1805 1337 1847 munere
1366 1792 1636 1848 maximos
1678 1791 1811 1847 fecit
1854 1808 2106 1863 progres-

2216 595 2296 667 τῷ
2322 597 2585 667 κατηχείν
2611 596 2996 665 ἀνακειμένου,
3029 594 3247 648 πάντων
3288 594 3345 648 δὲ
3391 595 3820 669 ἀπεληλαμένων

2216 687 2322 741 ὑπὸ
2344 688 2442 758 τῆς
2481 685 2711 758 ἀπειλῆς
2734 686 2830 739 τοῦ
2870 685 3133 757 διωγμοῦ,
3165 687 3476 758 προσῄεσαν
3502 689 3653 760 αὐτῷ
3675 706 3820 756 τιῈς

2214 777 2324 830 ἀπὸ
2348 777 2455 830 τῶν
2500 775 2670 830 ἐθνῶν
2699 777 3057 847 ἀκουσόμενοι
3083 777 3173 831 τὸν
3204 778 3360 847 λόγον
3403 779 3501 833 τοῦ
3529 779 3687 834 Θεοῦ.
3714 778 3817 838 *Ων

2215 871 2429 941 πρῶτον
2452 869 2874 940 ἐπισημαίνεται
2899 870 3180 939 γεγονέναι
3204 871 3572 944 Πλούταρχον,
3596 874 3655 941 ὃς
3677 875 3817 949 μετά

2212 962 2273 1015 τὸ
2302 960 2490 1031 βιῶναι
2517 961 2627 1032 (18)
2690 961 2892 1026 καλῶς,
2932 962 3026 1015 καὶ
3087 963 3370 1035 μαρτυρίῳ
3412 964 3543 1037 θείῳ
3590 986 3817 1024 κατεκο-

2218 1053 2396 1123 σμήθη
2423 1069 2435 1081 ·
2462 1052 2714 1124 δεύτερον
2759 1053 2818 1106 Ἦ
2831 1054 3035 1124 ρακλᾶν
3064 1054 3158 1107 τοῦ
3176 1053 3521 1128 Πλουτάρχου
3562 1058 3811 1129 ἀδελφὸν,

2210 1141 2268 1204 ὃς
2293 1142 2355 1213 δὴ
2387 1143 2479 1195 καὶ
2506 1143 2670 1205 αὐτὸς
2709 1144 2841 1214 παρ’
2886 1143 3035 1216 αὐτῷ
3065 1143 3329 1217 πλείστην
3369 1147 3658 1218 φιλοσόφου
3690 1150 3810 1221 βίου

2210 1235 2303 1286 καὶ
2349 1234 2638 1305 άσκήτεως
2684 1234 2957 1302 ἁπὸδειξιν
3022 1238 3358 1309 παρασχὼν,
3395 1240 3497 1311 τῆς
3557 1242 3807 1309 Ἀλεξαν-

2208 1324 2380 1395 δρέων
2414 1325 2552 1395 μετά
2595 1328 2907 1397 Δημήτριον
2940 1328 3250 1399 ἐπισκοπῆς
3274 1329 3540 1395 ἀξιοῦται.
3576 1334 3734 1399 Ἔτος
3761 1335 3807 1388 δ’

2206 1412 2342 1487 ἦγεν
2385 1418 2852 1471 ὀκτωκαιδέκατον
2877 1457 2893 1483 ,
2931 1419 3053 1473 καθ’
3094 1420 3123 1473 δ
3171 1420 3266 1474 τοῦ
3306 1422 3403 1493 τῆς
3447 1426 3810 1497 κατηχήσεως

2207 1510 2448 1581 προέστη
2488 1509 2883 1563 διδασκαλείου.
2930 1513 3017 1564 Ἐν
3116 1514 3209 1566 καὶ
3240 1515 3540 1585 προκόπτει
3581 1519 3674 1571 ἐπὶ
3699 1519 3807 1572 τῶν

2206 1602 2349 1656 κατὰ
2374 1602 2604 1657 Ἀκύλαν
2627 1606 2726 1676 τῆς
2765 1606 3171 1683 Ἀλεξανδρείας
3198 1610 3500 1681 ἡγούμενον
3524 1613 3802 1685 διωγμῶν,

2204 1694 2295 1748 ὅτε
2326 1696 2419 1748 καὶ
2449 1696 2685 1766 μάλιστα
2727 1697 3011 1769 διαϐόητον
3049 1702 3320 1771 ἐκτήσατο
3352 1703 3503 1774 παρᾶ
3531 1708 3666 1760 πᾶσι
3691 1712 3806 1775 τοῖς

2206 1787 2315 1840 ἀπὸ
2336 1788 2435 1859 τῆς
2479 1789 2716 1854 πίστεως
2739 1791 3086 1861 ὁρμωμένοις
3111 1792 3382 1864 τοῦνομα,
3410 1796 3478 1849 δι’
3509 1798 3576 1869 ἢν
3603 1799 3802 1855 ἐνεδεί-

520 1899 616 1939 sus
663 1895 905 1952 tempore
964 1883 1410 1954 persecutionum
1464 1883 1679 1938 illarum
1735 1898 1857 1953 quae
1903 1884 2097 1954 Aquila

2203 1897 2367 1933 κνυτο
2394 1881 2531 1952 πρὸς
2556 1882 2803 1947 ἅπαντας
2830 1884 2957 1947 τοὺς
2984 1884 3171 1952 ἁγίους
3199 1886 3451 1954 ἀγνῶτας
3479 1891 3574 1943 καὶ
3600 1892 3801 1963 γνωρί-

519 1974 899 2044 ρταιΐεειιιτιιιιι
932 1984 1155 2045 gerente
1170 1972 1522 2029 Alexandriae
1548 1975 1919 2041 contigerunt.
1952 1975 2103 2031 Tunc

519 2067 786 2137 siquidem
810 2068 952 2136 apud
983 2068 1273 2122 universos
1315 2067 1502 2121 ﬁdeles
1536 2069 1833 2121 maximam
1865 2069 2102 2123 nominis

516 2159 893 2214 celebritatem
935 2159 1166 2227 adeptus
1201 2168 1327 2224 est,
1370 2162 1443 2213 ob
1486 2157 1675 2213 sedula
1718 2157 2105 2215 benevolentiae

514 2259 681 2319 atque
713 2249 1071 2304 humanitatis
1095 2248 1295 2317 olIicia,
1323 2264 1449 2317 qua:
1487 2249 1744 2305 onmihus
1777 2250 1981 2305 sanctis
2008 2250 2102 2306 Dei

515 2342 851 2410 martyribus
870 2341 1015 2397 notis
1045 2343 1253 2411 pariter
1272 2353 1435 2410 atque
1467 2341 1668 2410 ignotis
1693 2343 2106 2413 promptissime

513 2433 832 2489 exhibebat.
870 2432 1059 2502 Neque
1089 2433 1236 2487 enim
1281 2432 1392 2488 illis
1423 2432 1689 2489 hactenus
1739 2449 1926 2489 comes
1974 2436 2105 2488 adeo

514 2536 626 2590 rat,
664 2526 792 2580 dum
826 2525 881 2579 in
911 2526 1141 2579 vinculis
1175 2534 1378 2591 essent,
1409 2535 1503 2580 aut
1533 2525 1658 2579 dum
1701 2528 1769 2580 ad
1800 2537 2100 2581 extremam

516 2630 693 2685 usque
731 2615 1068 2669 sententiam
1103 2616 1572 2686 interrogarentur
1605 2633 1618 2670 :
1646 2619 1739 2671 sed
1785 2631 1905 2686 post
1934 2618 2099 2672 latam

516 2723 738 2779 quoque
771 2710 1132 2773 sententiam,
1174 2724 1295 2763 cum
1323 2710 1660 2765 sanctissimi
1718 2724 1991 2782 martyres
2031 2712 2101 2766 ad

514 2802 843 2870 supplicium
895 2803 1318 2868 adducerentur,
1374 2803 1493 2873 ipse
1531 2803 1846 2858 incredibili
1902 2804 2100 2859 liducia

511 2895 811 2963 praeditus,
873 2905 929 2949 et
983 2895 1228 2964 pericula
1298 2896 1412 2966 ipsa
1472 2909 1780 2965 provocans
1858 2897 2096 2951 astabat.

511 2987 665 3042 Adeo
705 2999 764 3044 ut
811 3002 1187 3053 saepenumero
1216 3004 1338 3041 cum
1388 2978 1651 3043 audacter
1695 2988 2001 3053 accederet,
2046 2999 2102 3044 et

512 3088 785 3149 martyres
807 3094 1024 3134 summa
1061 3095 1183 3134 cum
1211 3080 1467 3135 libertate
1492 3078 1681 3134 osculo
1709 3079 2003 3145 salutaret,
2031 3081 2099 3135 ab

511 3173 702 3226 insana
732 3172 1013 3243 gentilium
1041 3174 1390 3229 multitudine
1411 3177 1805 3231 circumstante
1825 3173 2099 3243 lapidibus

2209 1991 2343 2045 μους
2373 1974 2658 2047 μάρτυρας
2687 1976 2934 2044 δεξίωσίν
2958 1995 3017 2030 τε
3043 1977 3140 2031 καὶ
3169 1980 3497 2051 προθυμίαν.
3531 1984 3606 2037 Οὐ
3641 1986 3803 2056 μόνον

2203 2066 2314 2137 γὰρ
2357 2067 2416 2119 ἐν
2460 2067 2680 2138 δεσμοῖς
2725 2071 3119 2140 τυγχάνουσιν,
3159 2074 3280 2128 οὐδὲ
3319 2076 3511 2147 μέχρις
3561 2078 3799 2148 ὑστάτης

2205 2159 2534 2228 ἀποφάσεως
2574 2162 3018 2233 ἀνακρινομένοις
3066 2166 3266 2237 συνῆν,
3307 2166 3443 2220 ἀλλὰ
3500 2169 3592 2221 καὶ
3656 2169 3795 2239 μετὰ

2203 2251 2408 2322 ταύτην
2430 2251 2798 2322 ἀπαγομένοις
2826 2254 2925 2324 τὴν
2953 2255 3045 2309 ἐπὶ
3072 2255 3288 2327 θανάτῳ
3322 2260 3436 2321 τοῖς
3459 2258 3628 2326 ἁγίοις
3656 2258 3795 2330 μάρ-

2203 2360 2323 2397 τυσι
2349 2343 2514 2415 πολλῇ
2551 2347 2617 2415 τῇ
2647 2346 2929 2417 παρρησίᾳ
2973 2347 3254 2418 χρώμενος
3278 2389 3292 2414 ,
3337 2350 3433 2402 καὶ
3474 2349 3638 2419 ὁμόσε
3682 2352 3794 2412 τοῖς

2205 2436 2468 2499 κινδύνοις
2513 2434 2705 2506 χωρῶν
2724 2451 2737 2464 ·
2764 2435 2905 2487 ὥστε
2946 2436 3048 2507 ἤδη
3079 2436 3239 2489 αὐτὸν
3279 2436 3571 2508 προσιόντα
3594 2436 3797 2508 θαρσα-

2203 2530 2359 2594 λέως,
2379 2530 2473 2583 καὶ
2502 2530 2627 2592 τοὺς
2657 2529 2941 2601 μάρτυρας
2975 2530 3113 2599 μετὰ
3145 2529 3345 2600 πολλῆς
3372 2529 3683 2601 παρρησίας
3711 2547 3799 2599 φι-

2203 2622 2403 2694 λήματι
2428 2620 2924 2693 προσαγορεύοντα,
2954 2622 3212 2687 πολλάκις
3236 2624 3524 2694 ὲπιμανεὶς
3553 2624 3582 2676 ὁ
3611 2625 3669 2676 ὲν
3703 2624 3800 2676 κύ·-

2204 2714 2315 2783 κλῳ
2348 2713 2456 2767 τῶν
2478 2714 2648 2767 ἐθνῶν
2682 2714 2872 2783 δῆμος,
2907 2714 3104 2785 μικροῦ
3130 2715 3240 2768 δεῖν
3275 2716 3619 2781 κατέλευσεν,
3645 2717 3693 2769 εί
3721 2715 3796 2787 μὴ

2201 2808 2299 2878 τῆς
2322 2807 2473 2871 θείας
2495 2806 2674 2873 δεξιᾶς
2711 2807 2906 2878 βοηθοῦ
2935 2808 3192 2875 καθάπαξ
3220 2808 3527 2878 τυγχάνων,
3562 2808 3798 2880 παραδό-

2204 2898 2309 2963 ξως
2332 2899 2718 2970 διεδίδρασκεν.
2752 2900 2815 2951 Ἡ
2844 2900 2889 2953 δ’
2911 2901 3047 2971 αὑτὴ
3078 2901 3197 2954 θεία
3220 2901 3313 2953 καὶ
3340 2900 3589 2971 οὐράνιος
3612 2900 3791 2971 χάρις,

2202 2992 2389 3047 ἄλλοτε
2420 2992 2582 3045 πάλιν
2612 2992 2707 3045 καὶ
2734 2992 2916 3058 πάλιν,
2943 2991 3040 3046 καὶ⁸
3073 2993 3183 3047 οὐδ’
3212 2992 3359 3046 ἔστιν
3381 2993 3571 3057 ὁσάκις
3595 2994 3791 3057 εἰπεῖν,

2200 3086 2298 3156 τῆς
2328 3085 2464 3154 ἄγαν
2495 3085 2623 3155 περὶ
2655 3084 2747 3137 τὸν
2773 3084 3009 3156 Χριστοῦ
3052 3084 3207 3154 λόγον
3254 3084 3564 3156 προθυμίας
3597 3100 3657 3136 τε
3698 3084 3795 3137 καὶ

2205 3175 2517 3247 παρρησίας
2544 3174 2729 3228 ἕνεκεν
2756 3216 2770 3240 ,
2797 3175 3099 3246 τηνικαῦτα
3124 3175 3605 3246 ἐπιϐουλευόμενον
3630 3176 3793 3228 αὐτὸν

502 3240 755 3333 Jamjam‘
783 3263 1100 3319 obruendus
1147 3265 1446 3330 videretur,
1486 3264 1593 3319 nisi
1635 3240 1898 3319 dextram-
1931 3264 2095 3318 divini

2202 3268 2542 3337 διεφύλαττε.
2572 3269 2839 3333 Τοσοῦτος
2868 3270 2912 3324 δ’
2940 3266 3009 3342 ἦν
3055 3270 3162 3343 ἄρα
3190 3270 3299 3324 τῶν
3325 3272 3571 3325 ἀπίστων
3598 3273 3627 3325 ὁ
3655 3269 3790 3342 πρὸς

508 3359 762 3415 Numinis
794 3359 963 3414 semel
984 3357 1307 3431 adjutriccm
1334 3364 1546 3424 nactus,
1564 3366 1764 3425 praeter
1784 3356 2095 3426 Opinionem

509 3452 750 3507 omnium
806 3452 1098 3507 evasisset.
1148 3450 1348 3505 Eadem
1399 3449 1490 3503 illa
1534 3449 1715 3504 divina
1764 3462 1829 3503 ac
1861 3447 2098 3503 caelestis

511 3546 684 3614 gratia
713 3545 861 3599 illum
890 3545 1072 3599 multis
1098 3555 1228 3598 tunc
1258 3543 1474 3598 insidiis
1513 3543 1823 3612 appetitum
1863 3542 1934 3597 ob
1958 3540 2098 3595 ﬁdu-

510 3638 654 3692 ciam
691 3649 856 3707 atqne
881 3638 1219 3691 alacritatem
1256 3635 1311 3689 in
1346 3635 1692 3704 praedicanda
1724 3633 1929 3689 Christi
1967 3634 2092 3699 ﬁde,

512 3729 648 3783 alias
697 3730 895 3783 iterum
946 3739 1112 3798 atque
1153 3728 1313 3794 alias,
1374 3743 1474 3784 nec
1519 3728 1626 3782 dici
1673 3736 1853 3796 potest
1880 3726 2096 3797 quoties

511 3820 788 3875 liberavit.
827 3820 1000 3875 Porro
1042 3821 1279 3891 gentiles
1312 3821 1451 3877 adeo
1495 3832 1784 3875 cruentum
1815 3820 1865 3874 ei
1896 3819 2094 3875 bellum

513 3913 851 3977 indixerant,
880 3924 938 3967 nt
961 3915 1013 3967 in
1033 3930 1196 3968 nimm
1216 3913 1425 3969 collecti
1452 3930 1517 3968 ac
1545 3913 1847 3983 conglobati
1871 3912 2092 3969 domum

514 4003 567 4058 in
598 4017 705 4072 qua
737 4003 1018 4067 manebat,
1049 4003 1331 4074 dispositis
1362 4005 1627 4059 militibus
1656 4005 1993 4068 obsiderent,
2027 4005 2096 4059 ob

511 4093 918 4148 multitudinem
977 4093 1139 4164 205
1192 4109 1377 4149 eorum
1427 4096 1518 4164 qui
1556 4110 1727 4149 sacra:
1784 4095 1904 4149 tidei
1954 4095 2096 4150 rudi.

510 4196 694 4240 menta
733 4187 802 4239 ab
838 4188 958 4256 ipso
997 4188 1397 4257 prrcipiebant.
1451 4185 1855 4239 Persecutionis
1912 4194 2091 4239 autem

507 4280 661 4333 furor
692 4286 980 4347 tantopere
1002 4279 1268 4333 adversus
1288 4293 1411 4332 eum
1448 4278 1853 4332 accendebatur
1873 4277 1926 4331 in
1952 4277 2089 4340 dies,

506 4382 567 4426 ιιι
589 4380 701 4425 tota
726 4370 1220 4425 Alexandrinorum
1241 4372 1434 4425 civitas
1456 4370 1685 4424 ulterius
1702 4370 1876 4438 ipsum
1894 4385 2091 4439 capere

506 4478 614 4516 non
655 4472 874 4532 posset;
907 4462 1031 4516 dum
1062 4476 1123 4517 ex
1156 4462 1277 4517 aliis
1320 4464 1542 4532 quidem
1588 4461 1799 4515 aedibus
1849 4461 1904 4515 in
1954 4460 2089 4516 alias

503 4555 705 4626 migrat
734 4575 747 4610 :
773 4554 1016 4624 undique
1066 4571 1196 4611 vero
1246 4556 1553 4626 exagitatus
1582 4553 1822 4624 fugatur,
1862 4562 2088 4623 prepter

2199 3359 2361 3413 αὐτὸν
2387 3360 2642 3430 πόλεμος,
2664 3360 2741 3423 ὡς
2771 3360 2864 3413 καὶ
2890 3362 3196 3431 συστροφὰς
3226 3360 3627 3431 ποιησαμένους
3654 3359 3786 3430 (19),

2201 3450 2534 3522 στρατιώτας
2574 3451 2724 3523 αὐτῷ
2770 3453 2898 3524 περὶ
2954 3451 3045 3507 τὸν
3089 3447 3235 3507 οἷκον
3286 3452 3413 3505 ἔνθα
3468 3451 3787 3521 κατέμενεν,

2198 3546 2509 3616 ἐπιστῆσαι,
2541 3544 2628 3598 διὰ
2651 3544 2711 3598 τὸ
2739 3544 2942 3616 πλῆθος
2973 3546 3081 3598 τῶν
3120 3546 3190 3599 τά
3235 3547 3330 3618 τῆς
3362 3546 3515 3617 ἱερᾶς
3554 3543 3787 3608 πίστεως

2196 3638 2617 3709 κατηχουμένων
2647 3638 2775 3710 παρ’
2816 3637 2986 3708 αύτῷ.
3014 3638 3170 3692 Οὕτω
3212 3637 3268 3691 δὲ
3309 3637 3580 3708 ὁσημέραι
3614 3639 3642 3689 ὁ
3666 3635 3786 3688 κατ’

2195 3730 2359 3784 αὐτοῦ
2384 3730 2624 3801 διωγμὸς
2654 3730 2927 3795 ἐξεκάετο,
2955 3729 3031 3792 ὡς
3060 3730 3256 3801 μηκέτι
3276 3731 3476 3800 χωρεῖν
3497 3729 3659 3781 αὑτὸν
3688 3727 3789 3798 τὴν

2196 3824 2376 3876 πᾶσαν
2410 3821 2804 3892 Ἀλεξανδρέων
2831 3822 3005 3886 πόλιν,
3025 3822 3207 3884 οἴκους
3229 3821 3327 3891 μὲν
3358 3819 3418 3885 ἐξ
3439 3819 3603 3872 οἴκων
3626 3817 3784 3889 ἀμεί-

2195 3912 2376 3977 ϐοντα,
2396 3912 2729 3983 πανταχόθεν
2749 3913 2805 3965 δὲ
2826 3914 3183 3984 ἐλαυνόμενον
3222 3912 3320 3982 τῆς
3343 3910 3579 3981 πληθύος
3599 3910 3784 3962 ἕνεκεν

2192 4003 2302 4055 τῶν
2332 4003 2399 4055 δι’
2422 4002 2586 4056 αὑτοῦ
2609 4004 2674 4073 τῇ
2698 4003 2818 4074 θεία
2839 4004 3172 4074 προσιόντων
3186 4000 3518 4072 διδασκαλία·
3547 3999 3667 4055 ἐπεὶ
3689 3998 3783 4052 καὶ

2191 4095 2262 4150 τὰ
2272 4095 2412 4150 κατὰ
2425 4095 2622 4167 πρᾶξιν
2636 4096 2770 4168 ργα
2787 4096 2956 4167 αὐτῷ,
2975 4096 3350 4167 γνησιωτάτης
3363 4091 3675 4164 φιλοσοφίας
3692 4107 3785 4144 κα-

2190 4187 2518 4259 τορθώματα
2533 4184 2591 4242 εὖ
2617 4188 2761 4258 μάλα
2774 4187 3059 4258 θαυμαστὰ
3075 4190 3370 4260 περιεῖχεν.
3390 4181 3513 4239 Οῗον
3539 4183 3669 4253 γοῦν
3688 4182 3780 4237 τὸν

2190 4278 2378 4348 λόγον,
2412 4278 2612 4332 τοιόνδε
2649 4280 2780 4348 φασὶ
2802 4280 2892 4332 τὸν
2925 4279 3145 4349 τρόπον,
3176 4279 3270 4332 καὶ
3299 4273 3410 4332 οἷον
3441 4277 3531 4330 τὸν
3555 4275 3779 4347 τρόπον,

2188 4369 2389 4423 τοιόνδε
2413 4370 2507 4421 καὶ
2519 4369 2609 4422 τὸν
2632 4368 2786 4436 λόγον
2801 4368 3162 4422 ἐπεδείκνυτο.
3187 4369 3278 4421 Διὸ
3296 4367 3359 4439 δὴ
3392 4366 3628 4438 μάλιστα
3657 4382 3782 4418 συν-

2187 4460 2485 4531 αιρομένης
2526 4461 2674 4531 αύτῷ
2719 4460 3003 4530 δυνάμεως
3048 4460 3233 4524 θείας,
3284 4459 3514 4532 μυρίους
3583 4455 3779 4526 ἐνῆγεν

2186 4554 2281 4607 ἐπὶ
2310 4554 2401 4607 τὸν
2430 4552 2596 4606 αὑτοῦ
2625 4552 2806 4624 ζῆλον.
2852 4552 3071 4622 Ἐπειδὴ
3099 4552 3156 4605 δὲ
3197 4550 3344 4623 ἐώρα
3380 4548 3638 4621 φοιτητὰς
3677 4548 3781 4621 ἤδη

579 4715 693 4786 (18)
731 4714 893 4769 Μετὰ
933 4715 1001 4768 τὸ
1040 4713 1275 4779 βιῶναι.
1308 4713 1479 4780 Hujus
1508 4714 1659 4769 verbi
1706 4713 1923 4786 vi_m_ac
1953 4728 2086 4786 pro-

2200 4714 2469 4786 μοναχοῑς,
2514 4711 2648 4786 οὐχὶ»
2673 4713 2787 4786 τοῖς
2816 4709 3086 4786 βιωτικοῖς
3114 4711 3293 4781 μόνον.
3325 4709 3496 4786 Porro
3529 4724 3593 4786 eo
3613 4724 3776 4786 quem

503 4783 789 4853 prietatem
829 4804 932 4838 non
969 4787 1351 4839 intellexerunt
1380 4783 1897 4855 interpretes.B:o~3v
1929 4785 2085 4838 Cirri-

503 4857 665 4909 stiani
697 4858 990 4922 scriptores
1022 4856 1276 4909 dixerunt
1330 4872 1427 4924 pro
1461 4871 1526 4909 eo
1559 4857 1699 4922 quod
1734 4866 1815 4906 est
1861 4855 2083 4907 uocula-

501 4941 613 4978 rem
642 4927 803 4979 ritum
831 4941 1001 4995 rigere.
1032 4928 1122 4978 Sic
1148 4926 1481 4994 Epiphanius
1506 4925 1560 4979 in
1585 4928 1771 4980 ineresi
1804 4926 2085 4977 Dositheo-

502 5005 732 5055 rnm.et
788 4998 839 5048 in
897 4995 1087 5048 Incresi
1124 5012 1175 5058 ι,
1234 5005 1290 5048 ιιι
1345 4997 1553 5049 notavit
1601 4998 1682 5048 vir
1738 4996 2084 5047 dot-tissimus

503 5066 566 5120 1).
591 5066 843 5119 Petavius
867 5067 919 5117 in
942 5082 1061 5133 cap.
1088 5066 1121 5117 5
1141 5065 1596 5119 Miscellancarum
1627 5066 2080 5127 exercitationum,

499 5152 638 5203 quas
674 5137 743 5188 ad
802 5132 1019 5188 calcem,
1061 5132 1258 5189 Juliani
1291 5137 1479 5190 edidit.
1514 5137 1722 5203 Quippe
1770 5134 1882 5203 βίος
1916 5150 2085 5186 ιαἐιι-

500 5206 611 5259 ίιιιιι
640 5216 741 5268 est,
777 5216 833 5258 nt
875 5216 1072 5271 prmtcr
1115 5208 1259 5258 locos
1306 5207 1500 5259 ibidem
1556 5223 1585 5257 ιι
1630 5208 1849 5258 ιἐιιιι·ιιι
1892 5206 2086 5256 citatos

498 5277 661 5331 docet
690 5278 1110 5346 Chrysoslomns
1143 5280 1192 5327 in
1222 5277 1437 5328 homilia
1464 5274 1642 5346 970e,
1670 5276 2013 5346 eleemoaynaﬁ
2034 5281 2083 5326 et

497 5348 671 5401 darem
699 5343 1005 5415 rirg'iuibus,
1033 5346 1298 5418 παρθένος
1328 5345 1712 5418 ἀποταξαμένη
1985 5344 2085 5418 S_n-

496 5413 838 5472 lomentts‘in
867 5417 957 5468 lib.
980 5432 1072 5477 vn,
1112 5413 1231 5482 cap.
1266 5417 1493 5482 penult"
1533 5413 1721 5484 Ζήνιοᾶ
1750 5413 1806 5468 δὲ
1854 5414 1933 5465 ἔτι
1964 5413 2083 5476 νέος

494 5484 592 5553 ὢν,
612 5486 713 5559 βίῳ
734 5488 828 5543 καὶ
849 5488 1009 5557 γάμῳ
1030 5488 1436 5557 ἀπαγορεύσας,
1454 5499 1512 5559 et
1536 5490 1585 5559 in
1616 5491 1703 5537 lib.
1727 5501 1843 5559 vui,
1864 5485 2078 5559 Cap.‘25.

497 5554 635 5628 [line
659 5554 744 5611 est
772 5554 1356 5628 quodCiirysnstoinus
1379 5560 1429 5628 in
1467 5556 1763 5628 Epistolnm
1798 5554 1966 5628 _Pui_di
2010 5555 2080 5605 ad

497 5622 803 5688 Romanos,-
835 5622 1063 5681 humilia‘
1096 5628 1185 5687 ‘23,
1235 5643 1340 5678 non
1384 5627 1539 5694 longe
1588 5628 1655 5678 ab
1691 5626 1847 5677 initio
1893 5622 2078 5692 βιωτι-

496 5695 627 5761 κούς
667 5708 823 5752 vocat
872 5700 1118 5750 homines
1167 5696 1494 5758 szcculares,
1542 5710 1676 5761 quos
1705 5694 1863 5761 vulgo
1908 5695 2077 5745 laicos

495 5767 752 5827 dicimus,
778 5783 983 5832 eosque
1010 5784 1038 5819 a
1079 5769 1414 5834 presbyteris
1448 5766 1730 5834 distinguit
1774 5774 1827 5816 et
1853 5833 1871 5834 ﬂ
1898 5779 2079 5815 mona-

496 5838 635 5902 chis,
675 5837 888 5899 δεικνὺς
912 5838 993 5890 ὅτι
1029 5833 1203 5892 ταῦτα
1226 5833 1569 5891 διατάττεται
1598 5833 1690 5888 καὶ
1730 5833 1957 5906 ἱερεῦσι,
1982 5834 2077 5886 καὶ

2190 4779 2299 4834 dixi
2338 4779 2501 4835 sensu
2537 4779 2909 4847 accipiendum
2948 4783 3035 4835 hic
3099 4779 3217 4834 esse
3267 4785 3493 4832 verbum
3546 4779 3775 4850 βιῶναι,

2192 4852 2388 4904 docent
2417 4852 2727 4920 sequentia.
2762 4850 2842 4904 Ex
2874 4854 3082 4904 duobus
3127 4852 3273 4905 enim
3303 4852 3555 4917 Origenis
3610 4850 3776 4905 disci-

2192 4922 2358 4990 pulis,
2392 4923 2620 4975 alterunt
2665 4923 2715 4975 in
2743 4922 2942 4976 saeuiit
2970 4922 3354 4974 honestissime
3381 4920 3767 4990 Vixissedicit,

2189 4988 2422 5044 alterum
2474 5008 2625 5052 vero,
2660 4991 2942 5044 lleraclam
2989 4993 3243 5052 nomine;
3272 4991 3532 5047 clericum
3582 4988 3772 5043 fuisse.

2187 5060 2242 5131 Id
2266 5064 2409 5113 enim
2459 5072 2651 5114 sonant
2699 5063 2825 5131 lure
2849 5062 3033 5131 verba.
3066 5060 3327 5131 πλείστην
3358 5060 3453 5131 καὶ
3480 5059 3776 5131 φιλοσόφου

2188 5130 2434 5204 βίουᾉκαὶ
2485 5133 2771 5204 ἀσκήσεως
2806 5130 3076 5196 ἀπόδειξιν
3120 5129 3441 5204 παρασχών.

2261 5201 2372 5270 (719)
2420 5199 2774 5270 Συστρόριίς
2834 5199 3341 5269 ποιησαμένους-,⁷⁷
3396 5199 3599 5267 Supple
3650 5200 3777 5263 τοὺς

2188 5269 2470 5334 ἀπίστους.
2494 5274 2561 5326 At
2591 5272 2815 5324 linlinus
2840 5284 2895 5324 et
2918 5275 3450 5337 t;|iristnphorsonus
3476 5273 3589 5324 lucc
3612 5274 3776 5324 verba

2190 5340 2431 5394 referunt
2481 5345 2546 5395 ad
2596 5357 2783 5395 vocem
2829 5340 3190 5411 στρατιώτας,
3245 5342 3404 5401 male,
3455 5352 3510 5391 nt
3556 5342 3771 5410 opinor.

2188 5411 2371 5477 Neque
2403 5416 2550 5464 enim
2580 5412 2784 5466 (ἱιτιεειε
2814 5410 3011 5481 linguae
3044 5411 3345 5479 proprietas
3374 5410 3519 5463 hunc
3549 5426 3768 5464 sensum

2189 5482 2443 5535 admittit.
2480 5482 2821 5550 Nicephorius
2854 5496 2985 5533 Vero
3012 5486 3244 5550 pessime
3286 5484 3427 5533 hunc
3462 5482 3644 5550 locum
3674 5495 3768 5531 ae-

2187 5554 2352 5617 cepit,
2387 5556 2542 5621 quasi
2578 5549 2828 5621 discipuli
2862 5549 3135 5619 Origenis,
3187 5554 3293 5601 vim
3331 5551 3570 5603 elferatae
3598 5549 3773 5618 plebis

2189 5623 2366 5685 veriti,
2421 5624 2656 5676 militare
2703 5623 3010 5689 pruzsidium
3066 5624 3132 5674 ad
3166 5622 3250 5673 sui
3286 5622 3509 5675 tutelam
3554 5623 3772 5673 ascive—

2187 5692 2314 5762 rint.
2363 5692 2417 5744 In
2464 5695 2622 5747 codd.
2660 5692 2797 5744 Maz.
2832 5702 2885 5744 et
2931 5692 3070 5746 Med.
3109 5701 3229 5759 post
3265 5691 3491 5750 verbum
3545 5705 3777 5762 ποιησα-

2189 5760 2382 5832 μένους
2408 5764 2651 5832 apposita
2682 5773 2765 5819 est
2793 5763 3193 5827 subdistinctio,
3227 5762 3453 5832 Optime.
