4222 6388
447 323 551 379 523
1477 322 1828 381 HISTORIA}
1869 322 2426 379 ECCLESIASTICA‘I
2465 323 2596 379 LIB.
2639 321 2729 379 VI.
3624 322 3733 380 530

448 441 666 504 πλείους
714 439 1058 513 προσιόντας,
1095 439 1245 511 αὑτῷ
1292 439 1439 511 μόνῳ
1487 440 1589 511 τῆς
1632 439 1728 494 τοῦ
1779 441 2037 510 κατηχεῖν
2066 445 2113 498 Α

2066 445 2113 498 Α
2146 439 2423 510 ingentem
2451 452 2735 493 numerum
2777 449 2965 491 eorum
2996 451 3133 505 quos
3161 434 3278 505 ipse
3315 437 3382 492 ad
3418 437 3725 494 doctrinam

444 533 724 607 διατριϐῆς
772 533 878 585 ὑπὸ
917 532 1230 604 Δημητρίου
1259 532 1355 585 τοῦ
1399 533 1500 604 τῆς
1543 532 1870 603 Ἐκκλησίας
1907 548 2038 603 προ-

2142 532 2338 586 divinae
2379 530 2505 585 ﬁdei
2554 529 2929 599 pertrahebat.
2998 528 3210 600 Quippe
3270 530 3572 599 quotidiani
3608 530 3725 599 ejus

443 622 681 687 εστῶτος
734 622 1240 694 ὲπιτετραμμένης,
1290 623 1620 695 ἀσύμφωνον
1689 622 2038 693 ἡγησάμενος

2140 631 2319 685 actus,
2348 621 2645 676 verissima:
2677 623 2961 692 cujusdam
3003 621 3360 692 philosophia:
3388 632 3441 677 et
3481 623 3725 677 admira-

442 716 541 786 τὴν
563 714 672 768 τῶν
698 712 1107 786 γραμματικῶν
1131 714 1304 783 λόγων
1332 714 1680 769 διδασκαλίαν
1715 717 1782 786 τῇ
1810 713 1945 785 πρὸς
1968 712 2037 767 τὰ

2140 712 2268 768 bilis
2327 712 2633 782 disciplina:
2706 712 3115 766 absolutissima
3160 727 3324 783 opera
3377 714 3722 773 videbantur.

444 803 564 857 θεῖα
590 802 936 873 παιδεύματα
975 802 1227 873 ἀσκήσει,
1262 804 1335 874 μὴ
1369 803 1661 873 μελλήσας,
1689 802 2036 875 ἀπορρήγνυ-

2136 807 2333 876 Atque,
2368 813 2427 858 ut
2464 805 2629 872 vulgo
2683 804 2906 869 dicitur,
2966 805 3146 874 qualis
3194 805 3393 869 oratio,
3442 806 3566 861 talis
3609 806 3727 874 ejus

444 913 530 952 σιν
562 896 660 951 ἆτε
688 894 941 966 ἀνωφελῆ
977 894 1071 950 καὶ
1100 897 1211 957 τοῖς
1242 896 1409 965 ἱεροῖς
1439 894 1756 967 μαθήμασιν
1787 894 2034 949 ἐναντίαν

2136 900 2246 953 vita
2286 897 2508 967 :qualis
2562 897 2698 962 vita,
2768 896 2889 950 talis
2940 898 3124 951 oratio
3167 896 3288 967 ejus
3348 897 3470 950 fuit.
3547 897 3724 964 Quam

442 989 542 1061 τὴν
587 988 697 1041 τῶν
744 986 1147 1060 γραμματικῶν
1195 986 1367 1054 λόγων
1410 985 1715 1059 διατριϐήν.
1763 983 1899 1039 Εἶτα
1948 985 2035 1038 λο-

2136 990 2483 1060 potissimum
2507 988 2577 1043 ob
2607 1002 2833 1043 causam
2862 1002 2985 1042 eum
3019 989 3201 1042 divma
3232 988 3405 1043 virtus
3424 1004 3545 1044 eum
3570 987 3727 1056 adju-

441 1079 629 1150 γισμῷ
658 1079 954 1151 καθήκοντι
978 1080 1054 1143 ὡς
1086 1078 1152 1132 ἂν
1196 1080 1269 1149 μὴ
1298 1078 1507 1147 γένοιτο
1538 1078 1639 1148 τῆς
1671 1078 1801 1150 παρ’
1830 1076 2033 1151 ἐτέρων

2135 1093 2309 1148 varet,
2355 1082 2493 1138 alios
2530 1095 2747 1151 quoque
2783 1080 3210 1136 innumerabiles
3247 1082 3314 1134 ad
3357 1081 3722 1138 imitationem

441 1171 767 1243 ἐπικουρίας
812 1171 1014 1242 ἐνδεὴς,
1055 1171 1265 1239 ὅσαπερ
1290 1166 1357 1241 ἦν
1384 1169 1533 1240 αὑτῷ
1574 1169 1746 1237 λόγων
1789 1168 2033 1240 ἀρχαίων

2134 1177 2216 1231 sui
2251 1177 2587 1246 provocavit.
2610 1173 2747 1229 Cum
2778 1187 2910 1227 vero
2942 1173 3122 1242 plures
3157 1174 3403 1242 quotidie
3425 1172 3722 1243 discipulos

444 1263 707 1334 πρότερον
729 1263 1131 1334 συγγράμματα
1155 1262 1265 1334 (20)
1291 1261 1598 1331 φιλοκάλως
1620 1258 2032 1331 ἐσπουδασμένα

2134 1268 2464 1323 accedentes
2498 1265 2732 1333 videret,
2768 1273 3057 1336 propterea
3100 1265 3246 1336 quod
3296 1266 3718 1321 catechumeno-

446 1356 729 1427 μεταδοὺς,
759 1356 873 1418 τοῖς
906 1354 1010 1409 ὑπὸ
1031 1351 1127 1407 τοῦ
1154 1354 1328 1409 ταῦτα
1356 1354 1497 1425 ὲωνη
1508 1353 1669 1424 μένου
1712 1352 2032 1424 φερομένοις

2134 1376 2254 1414 rum
2288 1360 2563 1416 institutio
2589 1359 2688 1429 ipsi
2731 1359 2833 1414 soli
2864 1359 3121 1414 mandata
3157 1358 3338 1414 fuerat
3370 1376 3399 1413 a
3446 1360 3718 1415 Demetrio

442 1446 593 1517 αὑτῷ
608 1446 885 1517 τέτταρσιν
904 1445 1107 1511 ὀϐολοῖς
1121 1446 1223 1517 τῆς
1243 1447 1456 1519 ἡμέρας
1487 1448 1728 1515 ἠρκεῖτο,
1758 1444 2031 1509 πλείστοις

2132 1454 2388 1522 episcopo
2435 1472 2449 1509 :
2498 1463 2653 1509 ratus
2702 1452 3075 1522 grammaticae
3128 1452 3263 1505 artis
3325 1451 3715 1520 professionem

440 1556 498 1592 τε
523 1539 664 1592 ἔτεσι
686 1537 873 1591 τοῦτον
906 1538 1211 1608 φιλοσοφῶν
1234 1536 1458 1591 διετέλει
1489 1538 1580 1591 τὸν
1605 1536 1826 1610 τρόπον,
1852 1536 2030 1599 πάσας

2132 1560 2256 1600 cum
2301 1545 2500 1600 divinae
2552 1545 2676 1600 ﬁdei
2724 1547 3072 1600 institutione
3123 1544 3350 1598 minime
3385 1544 3714 1612 consentire,

441 1630 572 1695 ὔλας
595 1629 934 1702 νεωτερικῶν
969 1630 1276 1702 ἐπιθυμιῶν
1308 1628 1503 1683 ἑαυτοῦ
1550 1627 2024 1701 περιαιρούμενος,

2132 1638 2376 1692 scholam
2414 1637 2785 1709 grammaticae
2829 1637 3174 1699 litteratura),
3227 1644 3415 1705 utpote
3469 1635 3713 1692 inutilem

438 1723 530 1777 καὶ
550 1722 637 1777 διὰ
664 1722 846 1795 πάσης
873 1722 971 1793 μὲν
995 1722 1210 1795 ἡμέρας
1229 1723 1291 1775 οὑ
1322 1722 1589 1792 σμικροὺς
1614 1721 1901 1792 ἀσκήσεως
1927 1737 2027 1773 κα·
2063 1786 2099 1797 κ

2063 1786 2099 1797 ,ι
2131 1727 2726 1797 οιειιοι-ἰεζόίεοίριῐιιίε
2755 1727 3115 1792 contrariam,
3157 1726 3277 1782 sine
3327 1725 3433 1780 ulla
3493 1735 3717 1782 cuncta-

439 1814 641 1886 μάτους
667 1786 931 1879 ἀνατλῶν,
962 1786 1057 1868 καί.
1083 1786 1185 1881 τῆς
1213 1786 1406 1875 νυκτός
1437 1786 1493 1864 δὲ
1531 1810 1622 1863 τὸν
1653 1786 1875 1863 πλείονα
1896 1807 2024 1879 χρό-
2063 1786 2102 1840 Β

2063 1786 2102 1840 Β
2136 1820 2286 1875 tione
2341 1786 2573 1889 abjecit:
2616 1819 2823 1874 Deinde
2867 1817 3118 1888 prudenti
3159 1816 3387 1872 consilio
3441 1832 3592 1882 usus,
3648 1833 3717 1873 ne

434 1923 522 1962 νον
560 1909 683 1971 ταῖς
719 1905 829 1960 τῶν
871 1905 1029 1960 θείων
1069 1905 1302 1978 Γραφῶν
1335 1904 1524 1958 ἑαυτὸν
1555 1901 1831 1965 ἀνατιθεὶς
1863 1901 2022 1973 μελέ-

2132 1910 2310 1963 alieno
2341 1908 2586 1964 subsidio
2612 1922 2746 1976 cpus
2772 1906 3270 1973 haberet,vemiitis
3290 1905 3483 1976 prisca:
3510 1906 3713 1960 (Ιοςιτίι

433 2017 573 2065 ταις,
606 1998 707 2070 βίῳ
729 2015 788 2052 τε
819 1998 894 2062 ὡς
934 1998 1013 2052 ἔνι
1060 1999 1294 2070 μάλιστα
1333 1995 1685 2069 ἐγκαρτερῶν
1716 1994 2021 2065 φιλοσοφω-

2131 2016 2214 2057 me
2247 1998 2612 2054 voluminibus
2641 2013 2763 2068 qua:
2785 2012 2956 2066 penes
2974 2012 3032 2052 se
3056 1995 3291 2050 habebat
3313 1995 3715 2065 elegantissime

431 2090 600 2162 τάτῳ,
629 2090 749 2144 τοτὲ
782 2091 882 2160 μὲν
908 2091 1022 2154 τοῖς
1049 2092 1106 2144 έν
1134 2090 1370 2153 ἀσιτίαις
1404 2087 1728 2158 γυμνασίοις
1758 2086 2020 2142 ἐνασκού-

2129 2093 2431 2157 elaborata,
2481 2099 2772 2146 contentus
2825 2090 2933 2143 l'uit
2985 2098 3218 2158 quatuor
3271 2086 3448 2143 obolis
3494 2087 3590 2157 qui
3645 2087 3714 2143 ab

438 2197 615 2245 μενος,
661 2181 783 2234 τοτὲ
821 2180 877 2234 δὲ
923 2178 1361 2251 μεμετρημένοις
1397 2179 1509 2239 τοῖς
1549 2174 1691 2229 κατὰ
1722 2175 1814 2228 τὸν
1855 2174 2021 2231 ὕπνον

2128 2192 2374 2254 emptore
2401 2181 2743 2238 voluminum
2778 2182 2879 2251 ipsi
2916 2182 2967 2235 in
3002 2181 3115 2235 dies
3135 2178 3380 2249 singulos
3403 2179 3716 2249 pendeban-

435 2275 669 2343 καιροῖς,
695 2269 758 2327 οὗ
794 2271 1232 2344 μεταλαμϐάνειν
1272 2268 1378 2322 οὐδ’
1408 2268 1544 2331 ὅλως
1574 2267 1665 2319 ἐπὶ
1708 2267 2017 2339 στρωμνῆς,

2132 2286 2239 2331 tttr.
2295 2273 2616 2347 liujusmodi
2670 2274 2957 2343 disciplina
3013 2280 3069 2326 et
3121 2271 3281 2341 plane
3335 2271 3710 2341 philosophica

432 2364 547 2418 ἀλλ’
578 2366 671 2419 ἐπὶ
702 2363 965 2433 τοῦδαφος
1006 2363 1094 2417 διὰ
1137 2362 1370 2432 σπουδῆς
1410 2362 1667 2413 ἐποιεῖτο.
1712 2360 1937 2413 Πάντων
1962 2360 2019 2414 δὲ

2127 2371 2338 2425 ratione
2360 2369 2599 2434 vivendi,
2638 2368 2885 2439 pluribus
2914 2367 3172 2435 deinceps
3213 2366 3373 2420 annis
3416 2365 3491 2418 uti
3522 2379 3712 2433 perse—

436 2455 672 2526 μὰλιστα
703 2454 801 2519 τὰς
827 2454 1191 2525 εὐαγγελικέις
1216 2453 1311 2507 τοῦ
1338 2452 1590 2522 Σωτῆρος
1628 2450 1812 2521 φωνὰς
1850 2451 2021 2520 φυλα-

2125 2465 2361 2529 veravit,
2400 2477 2592 2518 omnes
2640 2461 2966 2531 iuvenilium
3012 2460 3369 2528 cupiditatum
3419 2458 3709 2512 illecebras

433 2547 597 2611 κτέας
622 2543 765 2600 εἶναι
803 2545 941 2616 ῷετο
976 2545 1107 2610 δεῖν,
1136 2544 1236 2608 τάς
1265 2560 1325 2597 τε
1352 2544 1480 2613 περὶ
1508 2541 1602 2595 τοῦ
1632 2543 1706 2614 μὴ
1736 2543 1830 2595 δύο
1854 2544 2018 2614 χιτῶ-

2127 2557 2363 2625 uudique
2411 2556 2766 2611 submovens.
2837 2554 2917 2608 Ae
2968 2554 3164 2607 diurno
3204 2550 3420 2620 quidem
3464 2558 3712 2618 tempore

432 2654 529 2701 νας
556 2637 679 2709 μηδ’
708 2636 1017 2709 ὑποδήμασι
1057 2635 1291 2707 χρᾶσθαι
1321 2632 1712 2706 παραινούσας,
1745 2633 1877 2706 μηδὲ
1913 2635 2018 2707 μὴν

2125 2649 2476 2719 gravissimos
2527 2644 2941 2715 cujusqucmodi
3001 2640 3452 2698 exercitationum
3496 2640 3711 2693 labores

429 2732 553 2792 ταῖς
592 2726 838 2799 περὶτοῦ
872 2727 1156 2798 μέλλοντος
1188 2724 1383 2797 χρόνου
1415 2723 1662 2795 φροντίσι
1693 2725 2016 2797 κατατρίϐε-

2127 2742 2396 2797 tolerabat
2425 2758 2439 2796 :
2472 2740 2646 2794 noctis
2669 2754 2798 2793 vero
2827 2736 3124 2792 maximam
3158 2745 3369 2805 partem
3398 2734 3706 2789 divinarum

432 2820 573 2875 σθαι.
622 2818 784 2875 ’Δλλὰ
808 2821 903 2875 καὶ
935 2818 1140 2892 μείζονι
1177 2821 1277 2891 τῆς
1303 2819 1518 2891 ήλικίας
1548 2818 1827 2891 προθυμίᾳ
1871 2820 2017 2892 χρώ-

2126 2835 2532 2903 Scripturarum
2594 2832 2792 2887 studiis
2863 2829 3259 2898 impendebat,
3340 2826 3709 2881 severissima

434 2929 612 2984 μενος,
634 2915 694 2966 ὲν
717 2912 879 2985 ψύχει
905 2912 1311 2984 καὶγυμνότητι
1332 2912 1727 2983 διακαρτερῶν,
1751 2913 1830 2975 είς
1850 2911 2017 2984 ἄκρον

2127 2927 2308 2996 quoad
2368 2933 2585 2996 poterat
2637 2922 2998 2994 philosOphiae
3054 2920 3267 2990 legibus
3333 2919 3710 2991 in:‘.2.-2i3que

427 3021 487 3057 τε
516 3004 962 3077 ὑπερδαλλούσης
1000 3006 1139 3076 ἀκτη
1150 3004 1389 3076 μοσύνης
1415 3002 1655 3057 ἐλαύνων
1677 3043 1692 3068 ,
1722 3006 1848 3067 τοὺς
1879 3006 2015 3075 ἀμφ’

2126 3018 2476 3087 semetipsum
2505 3030 2789 3070 coercens.
2816 3012 3027 3082 Quippe
3059 3012 3292 3066 interdiu
3317 3012 3536 3082 quidem
3564 3013 3710 3082 jeju-

428 3096 589 3150 αὑτὸν
616 3098 698 3161 είς
715 3095 785 3150 τὰ
812 3096 1048 3168 μάλιστα
1066 3096 1405 3168 κατέπληττε
1424 3111 1439 3125 ο
1479 3094 1706 3166 μυρίους
1732 3095 1830 3166 μὲν
1861 3096 2017 3159 ὅσους
2047 3147 2089 3202 C

2047 3147 2089 3202 Ο
2129 3110 2342 3165 niorum
2402 3107 2895 3163 exercitationibus
2954 3105 3247 3159 insudabat
3297 3119 3312 3157 :
3359 3112 3522 3159 noctu
3576 3118 3708 3160 vero

428 3184 615 3242 λυπῶν
643 3186 971 3260 εὐχομένους
1010 3186 1159 3259 αὑτῷ
1190 3186 1471 3241 κοινωνεῖν
1503 3184 1612 3238 τῶν
1639 3186 2016 3258 ὑπαρχόντων,
2049 3184 2089 3202 ν

2049 3184 2301 3257 νεοιιιιιί
2368 3198 2605 3270 spatium
2682 3196 3096 3260 dimetiehatur,
3166 3209 3407 3263 eumque
3478 3208 3586 3249 non
3649 3194 3705 3248 iu

421 3268 493 3326 δι’
519 3278 614 3344 οὓς
641 3278 828 3351 ἑώρων
862 3280 1024 3333 αὑτὸν
1052 3280 1373 3350 εἰσφέροντα
1407 3279 1537 3349 περὶ
1576 3278 1676 3351 τὴν
1707 3278 1858 3332 θείαν
1883 3278 2023 3333 διδα-

2122 3301 2338 3356 strato,
2399 3268 2495 3344 sed
2557 3303 2724 3358 super
2771 3287 2917 3341 nudo
2968 3286 3086 3340 solo
3143 3298 3343 3354 capere
3396 3283 3703 3352 satagebat.

430 3370 660 3424 σκαλίαν
702 3371 998 3442 καμάτους.
1049 3371 1124 3423 Οὑ
1178 3371 1284 3442 μὴν
1326 3370 1489 3434 αὑτός
1531 3388 1595 3439 γε
1634 3370 1870 3435 ἐνδιδοὺς
1901 3374 2022 3435 ταῖς

2124 3381 2359 3435 Maxime
2387 3394 2521 3434 vero
2542 3377 2856 3448 evangelica
2898 3376 2988 3429 illa
3022 3374 3335 3431 Servatoris
3371 3376 3541 3430 nostri
3570 3390 3709 3445 prte-

429 3462 769 3533 καρτερίαις,
798 3462 1014 3531 λέγεται
1038 3461 1169 3530 γοῦν
1206 3462 1299 3514 καὶ
1336 3460 1597 3515 πλειόνων
1623 3460 1762 3514 ἐτῶν
1791 3461 1894 3532 γῆν
1923 3480 2021 3515 πε-

2122 3484 2281 3543 cepta
2309 3472 2650 3527 observanda
2684 3484 2807 3525 esse
2845 3470 3109 3535 ducebat,
3162 3468 3361 3537 quibus
3396 3482 3699 3534 monemur,

431 3558 755 3631 πατηκέναι,
799 3560 988 3630 μηδενὶ
1027 3559 1292 3631 μηδαμῶς
1320 3559 1658 3629 κεχρημένος
1691 3559 2017 3631 ὑποδήματι,

2125 3578 2233 3620 ιιιιιι
2264 3580 2332 3620 ne
2359 3562 2737 3621 duastunicas
2764 3561 3085 3627 habeamus,
3131 3574 3269 3614 neve
3318 3559 3705 3615 calceamentis

428 3650 565 3706 ἀλλὰ
601 3652 695 3705 καὶ⁵
737 3651 880 3705 οίνου
923 3653 1172 3724 χρήσεως
1210 3652 1303 3705 καὶ
1342 3650 1450 3704 τῶν
1497 3650 1671 3705 ἄλλων
1726 3651 1877 3723 παρὰ
1920 3650 2019 3721 τὴν

2121 3668 2338 3713 utamur
2360 3672 2374 3722 ;
2395 3666 2508 3709 tum
2533 3669 2602 3709 ne
2626 3655 2693 3708 de
2717 3654 2959 3707 crastino
2975 3652 3199 3707 nimium
3218 3651 3435 3707 solliciti
3463 3661 3705 3707 nosmet-

429 3745 733 3815 ἀναγκαίαν
798 3747 1006 3819 τροφὴν
1065 3744 1338 3808 πλείστοις
1386 3743 1564 3797 ἐτεσιν
1611 3743 2016 3815 ἀπεσχημένος,

2122 3751 2267 3819 ipsos
2292 3748 2689 3803 exerueiemus.
2731 3745 2836 3800 Sed
2865 3755 2915 3800 et
2948 3744 3157 3813 majore
3186 3761 3348 3814 quam
3399 3755 3534 3801 tetas
3559 3744 3702 3800 fere-

426 3836 569 3891 ὥστε
595 3837 697 3908 ῆδη
723 3839 805 3901 είς
848 3837 1090 3891 κίνδυνον
1129 3836 1443 3907 ἀνατροπῆς
1476 3836 1572 3890 καὶ
1601 3834 1899 3908 διαφθορᾶς
1922 3838 2016 3890 τοῦ

2122 3841 2213 3894 bat
2246 3838 2413 3892 animi
2443 3837 2661 3900 ardore,
2698 3835 2750 3888 itt
2784 3833 2989 3902 frigore
3029 3850 3093 3889 ac
3138 3836 3384 3890 nuditate
3426 3844 3700 3905 perstans,

427 3927 678 4000 θώρακος
702 3930 815 4002 (2|)
847 3930 1183 4001 περιπεσεῖν.
1214 3926 1449 3981 Τοιαῦτα
1473 3928 1538 3998 δὴ
1575 3927 2015 3999 φιλοσόφου’βίου

2118 3939 2172 3982 et
2195 3930 2262 3981 ad
2293 3941 2566 3981 summum
2586 3928 2915 3996 evangelica:
2944 3925 3282 3996 paupertatis
3307 3926 3520 3980 culmen
3540 3924 3705 3997 206

423 4025 539 4087 τοῖς
572 4021 867 4094 θεωμένοις
885 4021 1141 4094 παρέχων
1162 4021 1553 4092 ὑποδείγματα,
1579 4019 1800 4085 εἰκότως
1815 4021 1908 4074 ἐπὶ
1927 4020 2016 4074 τὸν

2118 4031 2362 4084 evectus,
2388 4018 2684 4074 familiares
2716 4033 2844 4073 suos
2879 4019 3081 4089 ingenti
3117 4019 3479 4072 admiratione
3508 4031 3704 4087 percu-

422 4113 611 4186 ὅμοιον
640 4113 791 4185 αὑτῷ
818 4113 980 4184 ζῆλον
1014 4112 1232 4179 πλείους
1264 4112 1544 4186 παρώρμα
1576 4112 1683 4166 τῶν
1722 4112 2013 4183 φοιτητῶν,

2119 4112 2199 4166 lit.
2248 4110 2327 4166 Ac
2379 4108 2580 4165 multos
2606 4109 2826 4178 quidem
2861 4125 2926 4164 ex
2958 4110 3096 4179 ipsis
3145 4107 3455 4163 incredibili
3511 4107 3701 4163 dolore

424 4205 566 4259 ὥστε
592 4205 694 4277 ῆδη
722 4208 816 4260 καὶ
841 4206 949 4260 τῶν
980 4206 1225 4260 ἀπίστων
1255 4204 1426 4259 ἐθνῶν
1444 4246 1459 4271 ,
1489 4205 1598 4258 τῶν
1631 4223 1691 4258 τε
1734 4206 1842 4259 ἀπὸ
1890 4224 2017 4260 παι-

2118 4205 2318 4270 allecit,
2354 4204 2445 4272 qui
2485 4205 2628 4258 bona
2663 4218 2762 4257 sua
2813 4217 2937 4257 cum
3002 4203 3120 4271 ipso
3181 4200 3377 4271 partiri
3415 4200 3697 4268 optabant.

424 4295 572 4360 δείας
595 4296 689 4349 καὶ
715 4295 1053 4366 φιλοσοφίας,
1089 4296 1150 4348 οὑ
1176 4297 1304 4359 τοὺς
1324 4295 1585 4365 τυχόντας
1609 4295 1918 4364 ὑπάγεσθαι
1945 4300 2011 4369 τῇ

2117 4310 2241 4349 cum
2271 4294 2424 4348 illum
2466 4294 2662 4349 divina:
2694 4293 3101 4362 praedicationis
3138 4291 3313 4361 gratia
3349 4300 3528 4345 tantos
3551 4290 3704 4344 labo-

422 4386 491 4442 δι’
516 4386 681 4442 αὑτοῦ
711 4388 1033 4461 διδασκαλίᾳ
1058 4388 1167 4460 (22)
1190 4406 1202 4418 ·
1228 4384 1311 4452 οἷς
1337 4389 1433 4445 καὶ
1476 4389 1660 4452 αὐτοῖς
1688 4389 1929 4460 γνησίως
1953 4390 2012 4442 ἐν

2118 4403 2208 4443 res
2236 4387 2597 4443 sustinentem
2631 4387 2899 4440 viderent.
2953 4384 3346 4439 Verumtamen
3402 4383 3470 4437 de
3516 4383 3700 4454 vigore

424 4477 577 4550 βάθει
604 4477 784 4550 ψυχῆς
809 4479 909 4551 τὴν
956 4480 1036 4543 είς
1065 4477 1156 4532 τὸν
1198 4479 1342 4533 θεῖον
1379 4480 1537 4549 λόγον
1560 4479 1740 4533 πίστιν
1759 4479 1825 4533 δι’
1847 4478 2013 4533 αὑτοῦ
2049 4497 2090 4551 ι)

2049 4497 2090 4551 ι)
2124 4482 2427 4535 tolerantia:
2458 4479 2591 4535 nihil
2620 4495 2856 4548 unquam
2912 4477 3142 4534 remisit.
3203 4477 3398 4531 Multos
3437 4477 3566 4532 item
3601 4493 3698 4546 per

426 4570 906 4643 παραδεχομένοις,
935 4571 1255 4643 διαπρέπειν
1284 4571 1563 4626 συνέϐαινε
1597 4570 1742 4625 κατὰ
1768 4570 1861 4624 τὸν
1886 4570 2008 4624 τότε

2118 4585 2298 4628 annos
2377 4570 2537 4626 nudis
2600 4572 2846 4640 vestigiis
2888 4570 3200 4624 ambulasse
3263 4568 3488 4633 dicitur,
3550 4569 3699 4623 nullo

422 4661 516 4717 τοῦ
564 4660 805 4734 διωγμοῦ
845 4662 1056 4733 καιρὸν,
1086 4662 1162 4726 ὼς
1208 4663 1301 4717 καί
1349 4680 1501 4729 τινας
1545 4663 1725 4716 αὑτῶν
1758 4662 2004 4728 ἁλόντας,

2115 4664 2336 4732 penitus
2387 4661 2761 4718 calceamento
2806 4677 2957 4716 usus.
3018 4659 3154 4714 Vino
3206 4674 3420 4730 quoque
3470 4670 3524 4715 et
3576 4663 3699 4718 aliis

425 4753 712 4825 μαρτυρίῳ
732 4752 1102 4823 τελειωθῆναι.

2115 4753 2280 4807 rebus
2312 4765 2434 4821 qtue
2468 4751 2535 4806 ad
2561 4752 2763 4806 victum
2792 4750 2970 4805 minus
3006 4749 3331 4804 necessaria:
3376 4757 3522 4815 sunt,
3572 4751 3700 4806 diu-

423 4847 634 4899 tissime
673 4846 934 4898 abstinuit
966 4863 980 4900 :
1011 4861 1181 4914 usque
1215 4846 1351 4902 adeo
1410 4855 1470 4900 ut
1508 4856 1698 4913 pectus
1766 4846 1939 4917 ipsius
1979 4845 2032 4901 in
2090 4845 2470 4916 gravissimum
2521 4844 2895 4900 subversionis
2938 4843 3185 4913 labisque
3223 4843 3513 4898 discrimen
3557 4845 3697 4901 inci-

422 4939 595 4992 deret.
661 4932 979 5002 llujusmodi
1007 4951 1136 5008 ergo
1167 4937 1559 5008 philosophica:
1606 4938 1734 4993 vita:
1776 4938 2027 5009 exempla
2092 4937 2348 4992 omnibus
2408 4942 2698 5006 spectanda
2750 4937 3023 5007 praebens,
3066 4935 3250 5006 plures
3301 4951 3369 4991 ex
3422 4936 3703 5007 discipulis

422 5033 486 5084 ad
550 5031 906 5085 imitationem
976 5033 1059 5085 sui
1120 5034 1312 5090 merito
1379 5035 1744 5105 provocavit:
1777 5035 1850 5088 ita
1897 5041 1953 5088 ut
1990 5032 2141 5087 multi
2188 5050 2253 5088 ex
2296 5033 2589 5104 gentilibus
2650 5043 2763 5088 tum
2866 5033 2919 5087 in
2954 5034 3100 5087 omni
3159 5047 3360 5105 genere
3414 5033 3699 5100 doctrinm,

488 5212 865 5285 (20)_Adrwr
926 5212 1189 5281 ἀρχαίων
1246 5214 1697 5285 συγῃοάμματα.
1774 5214 1999 5271 Ruﬁnus
2106 5217 2155 5273 vi

1036 5212 1189 5280 ζαίων
1246 5214 1697 5285 συγῃοάμματα.
1774 5214 1999 5271 Ruﬁnus
2106 5217 2321 5273 videtur
2351 5216 2703 5273 intellexisse.

420 5281 799 5358 Bihiiotltecam
865 5287 1144 5358 geminant
1206 5281 1531 5350 scriptorum
1556 5289 1997 5358 interpretatur,
2180 5289 2295 5357 (2i)
2330 5288 2441 5342 Τοῦ
2466 5287 2750 5356 θώρακος.
2781 5288 2947 5344 Recte
2972 5289 3202 5344 Ruﬁnus
3231 5297 3284 5344 et
3311 5288 3699 5358 Christophor-

419 5353 633 5427 melius
660 5367 821 5427 quam
864 5353 1424 5427 gltristopltorsonus,
1477 5356 1591 5427 qui
1626 5353 1770 5411 hunc
1819 5358 1996 5411 locum
2108 5353 2640 5414 sonusstumaclt'nm
2669 5353 2984 5427 verterunt;
3038 5376 3163 5413 nam
3195 5360 3462 5413 subversia
3494 5353 3698 5414 doma-

420 5421 635 5497 biusebii
687 5425 754 5477 de
781 5422 928 5497 ‘solis
977 5421 1225 5497 veterum
1262 5421 1539 5497 oratorum
1583 5426 1737 5481 libris
1763 5429 1994 5497 accepit.
2108 5430 2192 5483 chi
2217 5430 2437 5497 proprie
2467 5429 2672 5483 dicitur
2698 5447 2726 5483 a
2757 5422 3072 5485 Dioscoride
3097 5442 3151 5483 et
3181 5430 3408 5483 Galetio.

417 5493 582 5571 Quasi
622 5507 753 5571 vero
781 5491 931 5563 λόγοι
958 5494 1029 5571 de
1053 5494 1184 5548 solis
1210 5495 1551 5571 orationibus
1584 5498 1855 5563 dicantur,
1890 5491 1996 5571 non

2104 5569 2115 5571 Α
2180 5491 2294 5571 (29.)
2323 5491 2409 5567 ’Τῇ
2434 5496 2738 5571 Δδι’ῌαὺτοῦ
2785 5498 3378 5571 διδασκαλίᾳεοοέιειι
3408 5496 3697 5553 Μοιιὶεαιιιε

415 5564 579 5639 etiam
626 5564 694 5619 de
741 5565 1193 5639 grammaticam
1246 5565 1622 5639 philosophia;
1684 5576 1779 5620 aut
1839 5568 1999 5637 quasi
2103 5564 2355 5639 habet'zij
2378 5564 2574 5633 αὑτοῦ,
2611 5571 2829 5625 rectius.
2864 5570 3004 5625 Nam
3033 5564 3296 5623 δι”αὐτοῦ
3324 5581 3389 5619 ex
3433 5577 3696 5639 sequente

415 5631 1016 5709 Origenesoratorum
1066 5631 1262 5709 libros:
1308 5631 1613 5709 duntaxat,
1652 5651 1759 5690 non
1818 5631 1997 5709 autem
2106 5639 2249 5694 linea
2279 5631 2383 5693 hu'c
2417 5631 2700 5709 irrepsisse
2729 5641 2966 5694 videtur.
3013 5639 3215 5707 Regius
3239 5646 3418 5689 tamen
3448 5631 3690 5709 etr'jhlaz.

417 5705 908 5778 grammaticorum
965 5703 1303 5778 distraxerit.
1381 5704 1655 5778 eiuscuius
1733 5708 1998 5778 quosdam
2106 5711 2274 5764 codex
2318 5709 2455 5763 nihil
2501 5703 2735 5766 mutant.
2774 5709 2832 5766 ln
2869 5709 3005 5765 Fuk.
3030 5703 3293 5778 scriptum
3320 5713 3426 5773 est,
3467 5707 3533 5776 τῇ
3567 5707 3694 5759 ἑαυ-

416 5787 800 5845 excerptorum
851 5773 1026 5832 libros
1086 5777 1156 5832 ab
1214 5776 1330 5847 ipso
1374 5772 1607 5846 Origene
1664 5772 2000 5850 compositos

898 5774 1026 5832 bros
1086 5777 1156 5832 ab
1214 5776 1330 5847 ipso
1374 5772 1607 5846 Origene
1664 5772 2000 5850 compositos
2102 5779 2200 5833 τοῦ
2229 5778 2565 5851 διδασκαλία.
