4222 6412
441 334 545 388 535

438 445 498 504 τι
525 449 662 521 πρὸς
689 444 887 516 ἑαυτὴν
915 437 1362 511 ἐπισκεψαμένην
1394 432 1529 506 (25),
1577 425 1943 521 ἐρωτηθεῖσαν
1995 420 2023 473 ὃ

440 518 665 616 κρίνειε,
692 537 947 608 τοιαύτην
973 533 1154 588 δοῦναι
1170 529 1482 601 ἀπόκρισιν,
1502 518 1648 591 δι’ἦς
1674 520 1847 574 ἐδόκει
1876 532 2021 616 vallo:-

443 603 707 703 μισ-μένον
740 646 795 682 τι
827 603 1012 689 αὐτοῖς
1055 621 1253 685 ἀσε6ἐς
1282 611 1748 703 ἀποφθέγξασθαι.
1782 603 2021 703 ’Ἅμα-δὲ

439 697 584 794 λόγῴ
609 722 704 776 τὸν
731 722 834 790 τῆς
869 716 1197 787 ἀποφάσεως
1222 714 1346 784 ὅρον
1375 702 1835 775 καταδεξαμένην,
1869 700 1898 750 ὁ
1919 697 2024 794 Βα-

443 789 679 885 σιλείδης
724 789 808 874 εἷς
846 827 930 872 τις
970 807 1046 860 ὢν
1090 805 1199 858 τῶν
1234 804 1308 855 ἐν·
1340 798 1650 871 στρατείαις
1680 789 2022 885 ἀναφερομέξ

440 925 551 964 νων
580 882 715 977 (⁸26),
746 902 951 971 ἀπάγει
996 895 1283 973 προλαΰὼν
1325 893 1421 965 τὴν
1456 892 1548 944 ἐπὶ
1575 886 1806 957 θανάτῳ.
1967 882 2024 935 δὲ

441 999 505 1052 τὸ
533 973 740 1068 πλῆθος
786 993 1020 1064 ἐνοχλεῖν
1064 991 1202 1061 αὐτῇ
1247 987 1342 1041 καὶ
1370 982 1690 1042 ἀκολάστοις
1723 973 2025 1049 ἐνυϐρίζειν

449 1091 687 1162 ῥήμασιν
706 1087 982 1157 ἐπειρᾶτο,
1012 1084 1040 1137 ὀ
1072 1082 1168 1154 μὲν
1201 1081 1447 1150 ἀνεῖργεν
1465 1070 1748 1129 ἀποσοϐῶν
1780 1070 1906 1131 τοὺς
1948 1068 2028 1162 ἐν-

446 1161 792 1252 υϐρίζοντας,
823 1177 1070 1230 πλεῖστον
1103 1174 1251 1226 ἔλεον
1276 1172 1365 1224 καὶ
1391 1163 1798 1237 φιλανθρωπίαν
1819 1163 1897 1223 είς
1926 1161 2025 1212 αὐ-

443 1273 546 1343 τὴν
587 1270 1008 1339 ἐνδεικνύμενος,
1043 1266 1158 1337 ἡδὲ
1201 1265 1301 1333 τῆς
1341 1262 1470 1334 περὶ
1491 1257 1658 1329 αὐτὴν
1686 1252 2027 1325 συμπαθείας

444 1341 820 1430 ἀποδεξαμένη
844 1358 934 1410 τὸν
964 1356 1134 1427 ἄνδρα
1179 1354 1401 1425 θαρρεῖν
1437 1345 1902 1422 παρακελεύεται·
1935 1341 2025 1407 ἐξ-

447 1452 764 1525 αιτήσεσθαι
799 1451 905 1522 γὰρ
944 1449 1105 1503 αὐτὸν
1136 1445 1496 1506 ἀπελθοῦσαν,
1528 1439 1679 1511 παρά
1704 1438 1799 1491 τοῦ
1829 1437 2029 1508 ἑαυτῆς

448 1546 676 1618 Κυρίου,
704 1544 797 1597 καὶ
824 1543 923 1595 οὐκ
945 1542 1024 1605 είς
1047 1538 1256 1611 μακρὸν
1282 1537 1391 1590 τῶν
1416 1537 1496 1599 είς
1514 1532 1682 1603 αὐτὴν
1709 1527 2030 1606 πεπραγμέ-

447 1656 551 1694 νων
576 1639 674 1710 τὴν
699 1634 935 1707 ἀμοιϐὴν
959 1632 1240 1686 ἀποτίσειν
1274 1627 1438 1698 αὐτῷ.
1462 1623 1647 1680 Ταῦτα
1666 1621 1723 1675 δὲ
1745 1619 2025 1683 εἰποῦσαν,

446 1728 708 1798 γενναίως
742 1725 840 1797 τὴν
872 1724 1051 1790 ἔξοδον
1074 1723 1389 1787 ὑποστῆναι,
1421 1718 1617 1787 πίττης
1642 1713 1888 1785 ἐμπύρου
1917 1711 2025 1782 (27)

445 1819 586 1874 κατά
624 1818 857 1889 διάφορα
900 1816 1039 1888 μέρη
1082 1813 1178 1867 τοῦ
1206 1811 1455 1882 σώματος
1487 1810 1582 1863 ἀπ’
1623 1807 1805 1879 ἄκρων
1850 1804 2025 1858 ποδῶν

446 1914 538 1967 καὶ
566 1913 728 1984 μέχρι
758 1910 1004 1982 κορυφῆς
1030 1908 1214 1979 ἡρέμα
1238 1907 1332 1960 καὶ
1354 1902 1496 1959 κατὰ
1525 1901 1698 1974 βραχὺ
1725 1898 2027 1971 περιχυθεί-

447 2023 545 2077 σης
578 2004 902 2076 αύτῇ.Κα“ιὸ
933 2002 1029 2074 μὲν
1056 2000 1158 2071 τῆς
1182 1998 1423 2070 ἀοιδίμου
1444 1995 1614 2067 κόρης
1641 1992 1880 2056 τοιοῦτος
1898 2008 2029 2045 κατ-

444 2094 715 2165 ηγὼνιστο
789 2090 969 2155 ἆθλος.
1008 2093 1084 2145 Ού
1137 2091 1347 2162 μακρὸν
1389 2088 1447 2142 δὲ
1465 2087 1669 2159 ,χρόνον
1688 2083 1950 2139 διαλιπὼν
1997 2086 2026 2138 ὁ

440 2186 781 2257 Βασιλείδης,
822 2186 982 2257 ὅρκον
1019 2184 1110 2237 διά
1131 2200 1251 2235 τινα
1288 2180 1464 2235 αἰτίαν
1494 2180 1629 2252 πρὸς
1655 2179 1767 2232 τῶν
1792 2193 2024 2250 συστρα-

444 2278 651 2332 τιωτῶν
675 2277 940 2347 αίτηθεὶς,
979 2276 1053 2346 μὴ
1087 2273 1287 2340 ἐξεῖναι
1310 2271 1458 2344 αὐτῷ
1482 2273 1551 2327 τὸ
1575 2273 1836 2343 παράπαν
1855 2273 2024 2342 ὀμνύ-

446 2390 533 2429 ναι
551 2370 938 2427 διεϐεϐαιοῦτο.
967 2368 1292 2442 Χριστιανὸν
1312 2368 1420 2440 γὰρ
1441 2368 1727 2438 ὑπάρχειν,
1751 2366 1846 2419 καὶ
1870 2365 2029 2419 τοῦτο

446 2465 709 2536 ἐμφανῶς
739 2463 1042 2535 ὁμολογεῖν.
1079 2462 1301 2528 Παίζειν
1327 2462 1425 2533 μὲν
1461 2457 1554 2515 οὖν
1586 2459 1865 2531 ἐνομίζετο
1889 2461 2027 2524 τέως

444 2555 732 2627 ταπρῶτα.
775 2555 862 2618 Ὡς
893 2553 950 2607 δὲ
980 2552 1253 2622 ἐπιμόνως
1279 2548 1685 2624 ἀπισχυρίζετο,
1720 2552 1910 2621 ἄγεται
1935 2554 2029 2606 ἐπὶ

443 2648 537 2701 τὸν
598 2646 898 2718 δικαστὴν,
948 2646 1032 2715 ἐφ’
1081 2637 1143 2698 οὗ
1203 2643 1301 2716 τὴν
1360 2643 1611 2698 ἔνστασιν
1668 2644 2024 2716 ὁμολογήσας,

445 2740 665 2808 δεσμοῖς
702 2735 1074 2809 παραδίδοται.
1102 2735 1223 2789 Τῶν
1254 2735 1311 2789 δὲ
1342 2733 1484 2789 κατά
1515 2734 1646 2788 Θεὸν
1677 2734 1917 2804 ἀδελφῶν
1952 2735 2029 2798 ὡς

444 2828 607 2882 αὐτὸν
631 2827 996 2897 ἀφικομένων,
1020 2827 1115 2880 καὶ
1141 2825 1240 2899 τὴν
1253 2826 1431 2881 αἰτίαν
1453 2826 1555 2897 τῆς
1580 2824 1782 2899 ἀθρόας
1807 2826 1901 2881 καὶ
1921 2844 2027 2881 πα-

447 2918 667 2992 ραδόξου
701 2921 903 2991 ταύτης
923 2919 1103 2991 ὁρμῆς
1128 2918 1568 2990 πυνθανομένων,
1590 2917 1805 2986 λέγεται
1833 2921 2026 2985 εἰπεῖν,

444 3013 521 3076 ὠς
549 3013 657 3085 ἄρα
684 3011 1021 3083 Ποταμίαινα
1048 3011 1224 3083 τρισὶν
1252 3012 1476 3084 ὕστερον
1505 3010 1738 3081 ἡμέραις
1761 3010 1856 3063 τοῦ
1888 3027 2029 3083 μαρ-

443 3104 629 3176 τυρίου
664 3102 882 3174 νύκτωρ
905 3104 1195 3167 ἐπιστᾶσα,
1226 3101 1493 3171 στέφανον
1525 3099 1689 3154 αὑτοῦ
1725 3102 1792 3171 τῇ
1816 3098 2024 3171 κεφαλῇ
2055 3121 2095 3176 C

446 3196 729 3267 περιθεῖσα
767 3196 875 3267 εἴη,
918 3194 1051 3266 φαίη
1082 3211 1144 3247 τε
1169 3191 1647 3264 παρακεκληκὲναι
1680 3192 1839 3263 χάριν
1866 3191 2031 3246 αὐτοῦ

443 3288 535 3342 τὸν
561 3288 787 3360 Κύριον,
820 3288 916 3341 καὶ
949 3287 1051 3357 τῆς
1101 3284 1379 3350 ἀξιώσεως
1411 3285 1791 3356 τετυχηκέναι,
1824 3285 1925 3339 οὐκ
1951 3287 2032 3349 είς

449 3379 658 3451 μακρόν
698 3396 759 3431 τε
805 3377 967 3431 αὐτὸν
1017 3375 1448 3448 παραλήψεσθαι.
1491 3376 1614 3429 Ἐπὶ
1656 3375 1867 3438 τούτοις
1921 3375 2032 3428 τῶν

445 3469 689 3540 ἀδελφῶν
723 3469 827 3538 τῆς
851 3471 908 3521 ἐν
939 3469 1130 3537 Κυρίῳ
1161 3466 1455 3537 σφραγῖδος
1485 3466 1819 3537 μεταδόντων
1860 3467 2030 3538 αὐτῷ,

446 3563 513 3630 τῇ
549 3559 844 3631 μετέπειτα
882 3559 1063 3630 ἡμέρᾳ
1089 3558 1167 3629 τῷ
1196 3558 1291 3612 τοῦ
1316 3559 1518 3630 Κυρίου
1551 3558 1854 3632 διαπρέψας
1889 3578 2032 3634 μαρ-

392 3704 398 3710 ,
448 3652 637 3724 τυρίῳ,
700 3650 797 3722 τὴν
851 3651 1095 3722 κεφαλὴν
1155 3650 1540 3722 ἀποτέμνεται.
1605 3652 1717 3711 Καὶ
1774 3652 1921 3705 ἄλλοι
1976 3653 2033 3707 δὲ

450 3746 668 3810 πλείους
700 3745 808 3799 τῶν
845 3745 965 3799 κατ’
1000 3743 1421 3816 Ἀλεξάνδρειαν,
1447 3743 1657 3817 ἀθρόως
1690 3744 1768 3816 τῷ
1796 3746 2032 3819 Χριστοῦ

447 3839 591 3911 λόγῳ
624 3838 941 3911 προσελθεῖν
982 3837 1126 3892 κατά
1156 3838 1283 3901 τοὺς
1314 3838 1719 3911 δεδηλωμένους
1759 3839 2032 3913 ἱστοροῦν-

445 3948 556 3994 ται,
580 3930 658 3994 ὡς
680 3929 744 4002 δὴ
776 3930 900 3985 καθ’
929 3930 1131 3995 ὕπνους
1149 3931 1248 3994 τῆς
1271 3931 1638 4004 Ποταμιαίνης
1675 3933 2031 4005 ἐπιφανείσης

447 4025 541 4077 καὶ
572 4023 664 4076 ἐπὶ
695 4022 786 4076 τὸν
814 4023 956 4076 θεῖον
978 4021 1135 4090 λόγον
1168 4021 1654 4095 προσκεκλημένης
1677 4021 1787 4094 (28)
1810 4023 2026 4089 αύτούς.

459 4110 618 4165 Ἀλλά
641 4111 813 4165 ταῦτα
835 4112 932 4183 μὲν
962 4105 1064 4165 ὦδε
1093 4111 1297 4182 ἐχέτω..

978 4274 1372 4327 ΚΕΦΑΛΑΙΟΝ
1405 4275 1495 4340 ς’.

446 4369 587 4439 Περὶ
601 4368 944 4440 Κλήμεντος
958 4366 1066 4422 τοῦ
1083 4363 1510 4434 Ἀλεξανδρέως
1527 4364 1665 4435 (Nic.
1688 4363 2025 4439 II.E.tv,55).

517 4461 815 4517 Πάνταινον
843 4461 902 4514 δὲ
934 4460 1165 4531 Κλήμης
1197 4457 1305 4530 (29)
1343 4455 1740 4527 διαδεξάμενος,
1778 4457 1878 4529 τῆς
1909 4461 2030 4513 κατ’

1474 307 1833 370 HISTOBUE
1873 293 2437 359 ECCLESIASTICE
2476 289 2605 347 LIB.
2647 287 2736 342 Vl.

2054 425 2098 481 Α
2132 414 2356 471 vissime
2386 407 2783 467 excruciasset,
2809 399 2875 454 ad
2902 408 3207 453 extremum
3238 388 3616 446 interminatus
3650 384 3700 437 ei

3594 262 3699 318 554

2126 520 2247 562 esse
2269 501 2469 560 dicitur
2491 514 2553 555 se
2575 498 2721 552 illam
2757 486 3147 564 gladiatoribus
3180 480 3482 537 violandam
3531 476 3704 532 tradi-

2126 608 2328 653 turum.
2363 593 2436 650 At
2466 591 2558 647 illa
2589 602 2709 645 cum
2747 583 3031 657 paulisper
3052 590 3236 633 secum
3281 573 3396 644 ipsa
3429 583 3542 626 rem
3571 580 3701 636 per-

2125 689 2423 762 pendisset,
2471 686 2808 751 interrogata
2854 673 2983 745 quid
3031 669 3244 727 consilii
3272 674 3511 736 caperet,
3552 662 3702 733 ejus-

2126 754 2272 841 inodi
2304 781 2476 836 fertur
2505 775 2722 832 dedisse
2751 779 3075 838 responsum
3120 760 3269 831 quod
3322 758 3546 828 impium
3581 769 3704 810 esse
3782 754 3785 757 ’

2125 848 2439 946 gentilibus
2468 866 2776 924 videbatur.
2815 859 3071 915 Protinus
3122 855 3288 925 igitur
3326 852 3524 946 iudicis
3561 861 3704 946 sen-

2127 939 2296 1019 tentia
2342 961 2656 1014 damnatam
2710 948 2974 1004 Basilides
3000 959 3140 999 unus
3180 958 3245 998 ex
3281 939 3707 1012 apparitoribus,

2127 1054 2195 1107 ad
2226 1048 2551 1121 supplicium
2589 1041 2826 1098 abducit.
2850 1037 3096 1105 Cumque
3119 1032 3312 1102 vulgus
3340 1045 3458 1086 eam
3485 1044 3709 1098 vexare,

2126 1155 2182 1200 et
2210 1142 2464 1198 obscenis
2515 1136 2699 1192 verbis
2745 1130 2972 1187 illudere
3002 1127 3052 1183 ei
3100 1134 3409 1190 conaretur,
3439 1122 3706 1177 Basilides

2128 1234 2346 1303 quidem
2376 1245 2470 1285 eos
2499 1228 2589 1299 qui
2620 1221 3006 1281 contumeliam
3036 1217 3229 1286 virgini
3267 1214 3541 1270 faciebant
3575 1220 3706 1267 abs-

2127 1333 2343 1380 terreus
2374 1319 2735 1391 pr0pellehat,
2765 1317 3046 1386 multaque
3103 1307 3487 1366 misericordiae
3512 1312 3570 1360 et
3605 1305 3708 1357 hu-

2131 1415 2408 1472 manitatis
2441 1427 2569 1482 erga
2621 1410 2770 1464 illam
2825 1407 3102 1480 prasbebat
3139 1401 3359 1456 indicia.
3411 1397 3504 1452 llla
3554 1410 3705 1459 vero,

2130 1506 2522 1578 benignitatem
2554 1503 2792 1558 hominis
2824 1516 2951 1569 erga
2981 1514 3041 1554 se
3073 1496 3311 1550 libenter
3350 1489 3705 1557 amplectens,

2131 1600 2273 1654 bono
2299 1597 2479 1651 animo
2500 1608 2625 1649 eum
2647 1607 2768 1648 esse
2788 1591 2986 1661 jussit;
3010 1605 3070 1645 se
3096 1601 3333 1656 namque
3357 1590 3477 1656 post
3498 1581 3704 1636 obitum

2132 1691 2361 1747 salutem
2394 1689 2562 1759 ipsius
2597 1701 2627 1741 a
2657 1685 2886 1740 Domino
2930 1684 3368 1753 impetraturam,
3413 1686 3468 1733 et
3513 1674 3703 1730 collata

2131 1788 2182 1842 in
2211 1800 2269 1841 se
2303 1782 2566 1841 beneficia
2590 1780 2740 1836 brevi
2773 1786 3239 1835 remuneraturam
3269 1788 3406 1830 esse.
3435 1772 3560 1828 llaec
3581 1786 3703 1826 cum

2131 1879 2377 1937 dixisset,
2409 1874 2641 1929 ferventi
2674 1873 2793 1943 pice
2834 1886 2932 1940 per
2980 1870 3133 1924 varia
3182 1867 3430 1937 corporis
3464 1864 3707 1920 membra

2130 1972 2198 2027 ah
2234 1970 2357 2024 imis
2380 1968 2636 2040 pedibus,
2683 1967 2747 2019 ad
2783 1965 2960 2033 ipsum
3001 1975 3174 2032 usque
3218 1960 3415 2028 capitis
3447 1956 3707 2011 verticem

2129 2065 2274 2124 lente
2325 2077 2390 2116 ac
2436 2059 2697 2131 paulatim
2751 2052 3107 2117 circumfusa,
3155 2060 3389 2107 mortem
3434 2046 3706 2105 constanti

2130 2157 2315 2211 animo
2336 2153 2631 2223 pertulisse
2661 2158 3020 2205 memoratur.
3051 2146 3119 2200 Et
3149 2141 3457 2214 hujusmodi
3486 2141 3705 2212 quidem

2128 2256 2404 2301 certamen
2438 2243 2772 2299 nobilissima
2800 2241 2952 2311 virgo
2979 2236 3298 2295 dccertavit.
3330 2234 3493 2291 Brevi
3524 2238 3705 2287 autem

2129 2347 2314 2408 postea
2346 2335 2632 2399 Basilides,
2673 2349 2795 2389 cum
2849 2335 2920 2389 ob
2958 2331 3142 2387 nescio
3189 2343 3349 2399 quam
3402 2341 3621 2381 causam
3672 2339 3703 2377 a

2129 2429 2610 2488 contubernalibus
2638 2428 2755 2483 suis
2789 2435 3137 2482 sacramento
3179 2422 3509 2491 adigeretur,
3557 2419 3712 2475 nefas

2129 2524 2233 2580 sibi
2261 2536 2382 2578 esse
2408 2519 2696 2576 afﬁrmavit
2725 2518 2951 2574 omnino
2982 2515 3203 2585 jurare:
3227 2515 3423 2583 quippe
3441 2510 3708 2567 Christia-

2131 2631 2260 2671 num
2292 2630 2352 2670 se
2372 2629 2525 2681 esse,
2569 2613 2731 2680 idque
2762 2610 2939 2680 palam
2972 2607 3238 2680 profiteri.
3261 2606 3343 2661 Ilii
3375 2605 3551 2676 primo
3579 2602 3706 2673 qui-

2128 2708 2254 2763 dem
2279 2708 2553 2763 hominem
2575 2702 2755 2773 jocari
2786 2702 3220 2758 arbitrabantur.
3270 2698 3469 2753 Verum
3499 2710 3622 2750 cum
3656 2693 3711 2749 id

2132 2810 2446 2856 constanter
2476 2805 2844 2859 asseveraret,
2876 2797 2943 2849 ad
2982 2794 3220 2865 judicem
3267 2799 3354 2846 est
3394 2790 3709 2860 perductus.

2129 2892 2285 2962 Apud
2308 2907 2469 2962 quem
2500 2890 2626 2945 fidei
2649 2904 2759 2946 sum
2784 2888 3149 2945 constantiam
3178 2884 3474 2956 professus,
3507 2884 3563 2939 in
3591 2881 3714 2936 viu-

2131 2985 2253 3042 cula
2289 2985 2454 3055 208
2482 2981 2791 3051 conjicitur.
2819 2981 3070 3052 Cumque
3123 2980 3344 3050 quidam
3389 2978 3443 3032 in
3482 2976 3713 3031 Domino

2134 3079 2332 3135 fratres
2357 3095 2480 3133 eum
2510 3078 2794 3140 adiissent,
2824 3085 2881 3131 et
2905 3088 3124 3129 causam
3151 3074 3347 3128 subitm
3377 3071 3524 3125 illius
3550 3081 3714 3139 atque

2136 3167 2821 3240 imperatae-conversionis
2843 3166 3268 3234 interrogarent,
3284 3163 3490 3218 dixisse
3512 3160 3709 3224 fertur,

2135 3263 2519 3318 Pctamizenam
2554 3260 2710 3316 tertio
2753 3270 2875 3330 post
2902 3258 3223 3329 martyrium
3255 3256 3364 3323 die,
3406 3262 3569 3309 noctu
3604 3252 3711 3306 sibi

2134 3356 2477 3409 assistentem
2516 3366 2773 3407 coronam
2813 3351 2975 3421 capiti
3007 3364 3107 3406 suo
3139 3347 3489 3419 imposuisse,
3532 3346 3713 3401 dixis-

2135 3464 2299 3519 seque
2337 3464 2395 3505 se
2440 3447 2615 3517 ipsius
2668 3460 2834 3499 causa
2880 3444 3165 3498 Dominum
3213 3455 3426 3507 orasse,
3466 3450 3628 3511 atque
3658 3442 3713 3496 id

2134 3542 2278 3612 quod
2303 3541 2535 3611 petierat
2573 3541 2930 3607 impetrasse:
2967 3554 3066 3593 nec
3101 3538 3191 3592 diu
3215 3546 3403 3606 postea
3434 3536 3609 3603 ipsum
3644 3534 3713 3588 ad

2133 3649 2360 3704 superos
2394 3633 2771 3701 migraturum.
2802 3633 2933 3689 Post
2959 3634 3076 3688 haec
3105 3627 3391 3700 signaculo
3435 3627 3647 3681 Domini
3680 3643 3710 3679 a

2132 3726 2397 3786 fratribus
2423 3734 2669 3795 acequo,
2702 3726 2964 3794 postridie
2999 3722 3275 3779 Christum
3314 3718 3554 3790 gloriose
3579 3732 3716 3772 con-

2134 3816 2332 3884 fessus,
2357 3817 2534 3887 capite
2560 3825 2843 3870 truncatus
2876 3826 2982 3871 est.
3018 3814 3210 3869 Plures
3241 3827 3458 3883 quoque
3499 3810 3590 3866 alii
3642 3824 3714 3864 ex

2135 3909 2515 3965 Alexandrinis
2581 3909 2813 3974 civibus,
2859 3909 3049 3963 eodem
3109 3916 3351 3974 tempore
3416 3903 3515 3958 ad-
3552 3901 3710 3957 fidem

2137 4002 2339 4058 Christi
2367 4002 2547 4058 subito
2576 4000 2865 4055 transiisse
2894 4009 3291 4062 memorantur,
3315 4011 3456 4067 quos
3500 3994 3715 4050 scilicet

2139 4094 2470 4150 Potamiaena
2521 4096 2576 4150 in
2611 4097 2821 4152 somnis
2867 4108 3134 4166 apparens
3184 4092 3252 4147 ad
3299 4090 3354 4146 id
3404 4088 3713 4145 faciendum

2135 4194 2548 4259 provocaverat.
2581 4186 2780 4243 Verum
2806 4188 2873 4241 de
2900 4188 2983 4242 his
3004 4186 3290 4241 hactenus.

2737 4279 2971 4336 CAPUT
3007 4278 3095 4334 Vl.

2527 4373 2602 4428 De
2635 4371 2898 4427 Clemente
2928 4371 3317 4427 Alexandrino.

2207 4461 2314 4518 Per
2340 4462 2485 4520 idem
2514 4475 2727 4535 tempus
2759 4464 3031 4531 Clemens,
3078 4463 3170 4532 qui
3199 4461 3461 4516 Pantzeno
3493 4470 3716 4514 succes-

519 4651 632 4723 (25)
691 4647 850 4723 Πρὸς
894 4645 1121 4723 ἑαυτὴν
1169 4646 1813 4723 ἐπέσκεψᾳμένην.-Ιιει
1863 4647 2032 4723 codex

2141 4648 2400 4723 refragari
2436 4646 2686 4723 equidem
2723 4662 2830 4701 non
2863 4646 3058 4723 ausim.
3086 4643 3199 4699 Etsi
3230 4641 3375 4696 enim
3408 4640 3462 4697 id
3510 4640 3716 4723 diserte

447 4717 673 4803 Regius.
709 4717 1045 4803 ‘Scd‘reliqtti
1090 4727 1223 4803 tres.
1250 4717 1411 4783 Μελ,
1448 4717 1587 4773 Med.
1619 4728 1675 4775 et
1698 4717 1835 4774 Fttk.
1894 4719 2036 4773 scri-

447 4788 598 4865 pttfm
636 4792 838 4846 habent
872 4790 952 4851 εἰς
983 4788 1179 4857 ἑαυτὴν
1207 4788 1297 4843 ἐπ.

523 4862 638 4932 (26)
668 4858 792 4915 Τῶν
821 4858 891 4912 ἐν
915 4858 1252 4932 στρατείαις
1279 4858 1759 4932 ἀναφερομένων.
1806 4860 2035 4932 Rufinus

449 4927 639 4996 vertit,
672 4947 805 4986 unus
836 4945 899 4983 ea:
937 4930 1018 4982 his
1057 4927 1247 4999 quibus
1281 4927 1498 4999 implere
1530 4927 1874 5000 speculatoris
1921 4930 2035 5000 offi-

448 5007 586 5060 cium
622 5018 732 5057 mos
763 5009 858 5054 est.

522 5075 638 5144 (27)
666 5073 887 5144 Πζττης
917 5069 1206 5144 ἐμπύρου,
1233 5079 1353 5144 etc.
1374 5071 1471 5128 His
1497 5068 1682 5144 verbis
1701 5069 1905 5144 indicat
1936 5070 2037 5144 Eu-

447 5140 657 5207 sebius,
727 5142 1117 5211 Potttntiwttatii
1190 5141 1525 5211 in_lehetem
1578 5140 1716 5211 picis
1766 5140 2030 5198 ferventis

446 5216 650 5269 sensim
682 5215 977 5266 demissam
1009 5208 1201 5279 fuisse.
1253 5209 1423 5267 Porro
1458 5213 1509 5266 in
1557 5208 1791 5279 quatuor
1824 5212 2031 5266 codici-

447 5292 552 5341 bus
588 5285 750 5348 Μυκη
785 5282 954 5344 Med.,
1010 5278 1145 5334 Fttk.
1197 5291 1251 5336 et
1282 5281 1453 5337 Savil.
1490 5278 1687 5353 legitur
1721 5282 1908 5353 ἠρέμα
1933 5281 2030 5335 καὶ

451 5356 588 5410 κατὰ
619 5353 836 5427 μικρόν,
866 5360 973 5405 etc.

521 5420 635 5499 (28)
695 5420 872 5481 Kal...
929 5421 1497 5499 προοξξιεκλημένςηςἶ
1548 5421 1607 5476 In
1650 5421 1825 5499 codd._
1863 5420 2030 5499 Mam,

446 5492 626 5560 Fuk.,'
672 5498 804 5551 Sav.
862 5501 917 5548 et
971 5492 1225 5547 Medicmo
1274 5496 1346 5546 ita
1397 5494 1616 5559 legitur,
1681 5492 1777 5546 καὶ
1808 5493 1904 5545 ἐπὶ
1938 5493 2032 5547 τὸν

445 5567 590 5622 θεῖον
621 5566 778 5636 λόγον
800 5562 1310 5636 προσκεκλημένης,
1338 5563 1481 5636 Qua:
1518 5573 1694 5636 tamen
1727 5563 2029 5636 ver_ba_non

446 5631 740 5695 admodum
768 5631 1076 5690 necessaria
1106 5631 1537 5689 iitihi'videntur.
1584 5631 1753 5687 Porro
1804 5632 2035 5689 Rufinus

445 5709 590 5763 lmnc
641 5709 819 5762 locum
867 5706 1099 5771 pessime
1146 5705 1377 5775 accepit,
1425 5704 1514 5758 ubi
1555 5713 1611 5758 et
1644 5704 2033 5775 l’otamiaanam

447 5778 701 5849 Origenis
753 5775 1083 5847 discipulam
1137 5773 1292 5832 facit.
1337 5773 1395 5831 ln
1457 5789 1566 5846 quo
1617 5784 1796 5831 tamen
1838 5773 2035 5831 Rufino

2143 4734 2249 4774 non
2285 4712 2425 4772 dixit
2481 4712 2771 4779 Eusebius.
2818 4733 2884 4771 ex
2938 4718 3053 4782 ejus
3105 4725 3285 4768 tamen
3320 4714 3631 4782 narratione
3659 4712 3713 4766 id

2142 4789 2323 4855 colligi
2357 4789 2589 4842 videtur.
2621 4787 2753 4840 Nam
2789 4803 2912 4841 cum
2951 4780 3220 4855 martyres
3248 4785 3338 4855 qui
3368 4799 3434 4837 ex
3459 4780 3714 4855 Origenis

2142 4852 2330 4913 schola
2357 4860 2704 4923 exstiterunt,
2743 4858 2829 4911 hic
2859 4852 3168 4921 recensens,
3198 4852 3495 4923 Basilidem
3527 4863 3579 4907 et
3610 4852 3715 4907 Po-

2143 4930 2446 4983 tamimnam
2485 4929 2589 4983 illis
2641 4921 2948 4995 accenseat,
3001 4927 3053 4981 hi
3107 4940 3325 4995 quoque
3363 4940 3429 4979 ex
3463 4921 3714 4995 Qrigeuis

2144 4999 2424 5065 discipulis
2453 4998 2656 5053 fuerint
2683 5014 2906 5068 necesse
2932 4990 3043 5068 est.
3062 4990 3214 5064 Quod
3236 4990 3363 5068 cum
3394 4995 3458 5050 de
3476 4990 3713 5068 Basilide

2145 5068 2250 5123 dici
2282 5085 2387 5122 non
2436 5071 2630 5139 possit,
2661 5072 2727 5123 de
2769 5065 3108 5122 Potamimna‘
3147 5075 3297 5121 certe
3317 5065 3389 5123 sit
3420 5065 3710 5139 admodum

2139 5136 2451 5206 probabile.
2478 5140 2748 5194 Casterum
2801 5140 3147 5194 Potamiaeum
3191 5152 3388 5199 nomen
3421 5136 3711 5206 deductum

2137 5204 2221 5263 est
2248 5224 2275 5263 a
2309 5210 2610 5282 masculino
2653 5209 2965 5282 Ποταμίων,
3007 5212 3197 5265 eodem
3239 5207 3398 5263 modo
3429 5221 3537 5276 quo
3573 5204 3714 5272 Try-

2138 5282 2326 5350 phaena
2356 5290 2409 5332 et
2437 5281 2656 5350 similia.
2754 5349 2760 5350 γ

2211 5350 2323 5419 (“29)
2357 5348 2696 5404 Πάνταινον
2738 5349 2806 5403 δὲ
2832 5353 3114 5421 Κλημης.)
3151 5348 3278 5404 Haec
3310 5361 3501 5421 parum
3533 5345 3713 5398 colite-

3326 5419 3554 5471 Zlemens
3584 5425 3713 5467 tunc

2141 5431 2263 5475 rant
2288 5437 2410 5474 eum
2445 5423 2845 5484 superioribus.
2899 5421 3085 5488 Neque
3114 5422 3258 5473 cnim
3301 5421 3554 5472 Clemens
3584 5425 3674 5467 tun

2141 5492 2385 5535 magistri
2443 5489 2619 5535 “Hicin
2665 5491 2717 5535 in
2766 5493 3140 5535 Alexandrinas
3207 5487 3462 5535 Eeelesim
3523 5483 3674 5535 schol

3523 5499 3710 5538 SCIIUH‘

2141 5492 2386 5559 magistri
2443 5489 2619 5547 ofﬁcio
2665 5491 2717 5545 in
2762 5487 3140 5545 Alexandrinae
3207 5487 3462 5559 Ecclesiae

2138 5553 2482 5630 fungebatur,
2533 5562 2626 5616 sed
2690 5562 2974 5629 Origenes,
3032 5558 3351 5630 Clementis
3387 5553 3706 5630 discipulus.

2137 5623 2293 5687 Adde
2322 5623 2476 5697 quod
2500 5633 2567 5684 de
2594 5623 2867 5686 Clemente
2900 5623 3123 5699 ejusque
3156 5627 3445 5699 libris_ja_tn
3476 5625 3529 5676 in
3554 5623 3711 5699 libro

2140 5690 2425 5771 superiore
2458 5690 3239 5771 commemoravit'Eusebius.
3268 5690 3429 5771 __Quin
3465 5703 3519 5747 ct
3545 5690 3712 5748 Caius

2139 5772 2194 5828 in
2211 5765 2404 5828 'Parro
2451 5769 2804 5840 Labyrintha.
2833 5771 3165 5827 Clementem
3200 5768 3368 5824 refert
3408 5765 3551 5820 inter
3580 5771 3719 5825 scri—
