4222 6402
420 287 525 342 53Ἱ

1454 286 1808 344 HISTORIA)
1847 286 2406 344 ECCLESIASTICJE
2446 285 2575 340 LIB.
2617 286 2709 341 Ἦ.

3594 286 3701 342 558

418 423 510 470 τες
543 404 877 476 Καισαρείας
901 421 959 457 τε
995 404 1087 458 καὶ
1121 403 1383 476 Ἰεροσολὺ
1393 423 1509 476 μων
1537 406 1852 468 ἐπίσκοποι,
1880 424 2002 477 πρε-

2119 406 2362 475 scriptis,
2387 404 2602 462 facinus
2628 408 2764 462 illud
2791 404 3042 471 Origenis
3070 402 3415 475 proscindere
3441 412 3697 470 tanquam

422 493 616 548 σϐείων
644 494 737 547 τὸν
769 494 1051 566 Ὠριγένην
1097 494 1191 547 καὶ
1220 495 1317 565 τῆς
1348 495 1611 549 ἀνωτάτω
1650 497 1817 567 τιμῆς
1860 496 2010 562 ἄξιον

419 582 555 639 εἶναι
604 586 1020 656 δοκιμάσαντες,
1073 587 1262 657 χεῖρας
1299 588 1379 650 είς
1428 587 1820 659 πρεσϐυτέριον
1860 586 2009 657 αὐτῷ

418 676 716 731 τεθείκασι.
752 676 1068 748 Τηνικαῦτα
1104 676 1147 730 δ’
1190 673 1283 731 οὖν
1324 679 1403 741 εἰς
1433 678 1577 748 μέγα
1617 679 1779 750 δόξης
1812 680 2007 751 προελ-

419 767 600 833 θόντος
628 768 815 831 αὐτοῦ,
845 769 1017 838 ὄνομά
1034 787 1092 822 τε
1120 770 1272 842 παρὰ
1290 773 1402 834 τοῖς
1436 772 1686 843 πανταχῆ
1710 774 1877 825 πᾶσιν
1911 774 2008 825 ἀν-

419 856 677 930 θρώποις,
726 860 820 913 καὶ
861 859 1016 923 κλέος
1053 861 1258 931 ἀρετῆς
1313 861 1408 914 καὶ
1450 862 1641 931 σοφίας
1681 862 1740 914 οὐ
1778 862 2008 934 σμικρὸν

417 951 783 1022 κτησαμένου,
832 951 1101 1024 μηδεμιᾶς
1131 951 1297 1023 ἄλλης
1335 953 1583 1025 εὐπορῶν
1628 955 1657 1007 ὁ
1698 955 2008 1025 Δημήτριος

418 1044 773 1115 κατηγορίας,
801 1044 903 1113 τῆς
933 1044 1098 1099 πάλαι
1124 1048 1179 1098 ὲν
1204 1045 1354 1099 παιδὶ
1381 1046 1667 1115 γεγονυίας
1696 1046 1843 1117 αὐτῷ
1869 1047 2010 1116 πρά-

419 1132 554 1197 ξεως
571 1132 750 1205 δεινὴν
776 1137 1010 1188 ποιεῖται
1040 1135 1312 1206 διαϐολὴν,
1343 1137 1772 1209 συμπεριλαϐεῖν
1800 1137 2006 1209 τολμή-

419 1240 518 1283 σας
540 1227 661 1289 ταῖς
684 1227 1041 1298 κατηγορίαις
1064 1230 1191 1292 τοὺς
1216 1230 1306 1282 ἐπὶ
1330 1228 1391 1282 τὸ
1426 1229 1816 1301 πρεσϐυτέριον
1843 1232 2005 1286 αὑτὸν

416 1316 776 1388 προάξαντας.
808 1320 988 1373 Ταῦτα
1012 1322 1113 1392 μὲν
1139 1319 1231 1376 οὖν
1260 1324 1455 1394 μικρὸν
1483 1322 1707 1394 ὕστερον
1730 1325 2001 1397 ἐπράχθη.

417 1409 552 1463 Τότε
594 1427 659 1480 γε
705 1411 811 1482 μὴν
847 1411 875 1463 ὁ
922 1412 1205 1485 Ὡριγένης
1238 1414 1330 1467 ἐπὶ
1359 1418 1460 1486 τῆς
1500 1414 1906 1487 Ἀλεξανδρείας
1944 1417 2007 1470 τὸ

414 1505 516 1574 τῆς
570 1502 718 1567 Θείας
762 1503 1111 1560 διδασκαλίας.
1170 1505 1331 1578 ἔργον
1376 1508 1457 1571 εἰς
1509 1508 1758 1571 ἅπαντας
1800 1508 2006 1578 ἀφυλά-

415 1614 559 1661 κτως
582 1597 699 1668 (55)
752 1599 878 1662 τοὺς
915 1599 1240 1671 προσιόντας
1278 1599 1494 1671 νύκτωρ
1544 1601 1636 1654 καὶ
1688 1601 2004 1675 μεθημέραν

413 1688 679 1753 ἐπετέλει,
719 1692 831 1754 τοῖς
866 1689 1031 1755 θείοις
1064 1692 1273 1755 ἀέκνως
1312 1692 1621 1763 μαθήμασι,
1661 1693 1754 1746 καὶ
1789 1696 1902 1757 τοῖς
1929 1694 2005 1758 ὼς

2119 498 2571 552 absurdissimum
2610 499 2798 568 cmpit.
2837 496 3048 566 Quippe
3084 492 3453 564 probatissimi
3486 500 3540 545 ct
3584 506 3697 545 ma-

2117 588 2263 642 xime
2303 588 2544 658 insignes
2598 590 2738 657 apud
2775 589 3122 643 Palzestiuam
3177 585 3471 649 antistites,
3518 581 3698 637 Ctesa-

2118 679 2317 734 rieusis
2348 680 2556 734 scilicet
2581 689 2634 735 et
2672 679 3217 750 llierosolymitauus,
3252 692 3375 731 cum
3404 676 3696 745 Origenem

2116 772 2473 842 praerogativa
2514 780 2568 823 et
2595 772 2833 840 supremi
2866 771 3095 824 honoris
3129 770 3283 839 apice
3339 767 3561 836 dignum
3612 764 3699 833 ju-

2117 863 2413 925 dicasseut,
2444 877 2638 915 manus
2695 862 2740 916 ei
2779 863 3139 929 imponentes,
3179 858 3555 928 presbyterum
3607 870 3702 909 or-

2118 958 2462 1011 diuaverant.
2491 953 2641 1009 Tunc
2668 955 2831 1024 igitur
2856 971 2977 1007 cum
3001 952 3261 1022 Origenes
3296 951 3496 1022 ingenti
3526 949 3702 1018 gloria

2115 1047 2359 1111 floreret,
2389 1055 2441 1101 et
2469 1046 2610 1115 apud
2651 1054 2877 1099 cunctos
2928 1044 3130 1113 ubique
3175 1042 3434 1097 mortales
3479 1039 3703 1095 virtutis

2115 1156 2179 1196 ac
2213 1140 2494 1209 sapientiae
2524 1154 2690 1193 causa
2716 1138 3017 1192 maximum
3040 1151 3235 1191 nomen
3261 1144 3405 1190 esset
3433 1147 3702 1190 consecu-

2116 1242 2225 1296 tus,
2255 1232 2561 1287 Demetrius
2592 1231 2812 1300 quando
2846 1229 2977 1283 nihil
3011 1228 3156 1282 aliud
3187 1227 3422 1283 habebat
3472 1226 3614 1295 quod
3650 1224 3699 1277 ei

2114 1326 2401 1396 objiceret,
2455 1325 2664 1380 facinus
2698 1324 2828 1379 illud
2862 1322 3007 1393 quod
3055 1320 3377 1375 adolescens
3420 1318 3548 1373 olim
3602 1332 3690 1387 pa-

2115 1429 2382 1486 traverat,
2418 1420 2742 1491 gravissime
2766 1418 3093 1472 criminatus
3123 1423 3205 1469 est
3230 1431 3245 1479 ;
3273 1413 3394 1468 illos
3414 1412 3579 1465 etiam
3600 1411 3693 1480 qui

2117 1528 2240 1568 eum
2283 1513 2350 1566 ad
2384 1509 2714 1581 presbyterii
2749 1513 3008 1564 honorem
3039 1514 3351 1567 evexerant,
3390 1504 3697 1558 accusatio-

2114 1604 2277 1659 nibus
2320 1604 2435 1659 suis
2484 1610 2711 1655 conatus
2764 1600 3062 1656 inrolvere.
3094 1599 3159 1653 Et
3198 1599 3312 1652 lucc
3349 1596 3566 1665 quidem
3597 1593 3698 1647 ali-

2112 1700 2317 1759 quanto
2356 1697 2479 1758 post
2510 1698 2659 1757 gesta
2689 1697 2841 1747 sunt.
2878 1685 3031 1741 Tunc
3070 1696 3248 1739 autem
3279 1684 3542 1753 Origenes
3571 1681 3699 1733 Ale-

411 1782 573 1836 αὑτὸν
598 1782 847 1851 φοιτῶσι,
872 1785 970 1855 τὴν
998 1786 1178 1839 πᾶσαν
1213 1786 1487 1850 ἀνατιθεὶς
1520 1785 1734 1856 σχολήν.
1772 1786 1897 1840 Ἐπὶ
1922 1786 2002 1840 δέ-

2113 1782 2359 1838 xandria:
2400 1796 2534 1850 opus
2568 1780 2673 1835 sibi
2721 1779 3019 1848 injunctum
3051 1791 3339 1846 peragens,
3374 1774 3585 1829 cunctis
3611 1774 3691 1841 ip-

410 1891 483 1927 κα
508 1874 565 1928 δὲ
599 1874 695 1928 καὶ
727 1875 872 1929 ὀκτὼ
899 1876 1009 1947 (54)
1046 1878 1190 1931 ἔτεσι
1226 1878 1326 1950 τὴν
1348 1880 1522 1951 ἀρχὴν
1557 1882 2004 1951 ἐπικρατήσαντα

411 1965 671 2038 Σεϐἧρον,
710 1967 1022 2033 Ἀντωνῖνος
1052 1971 1080 2023 ὁ
1104 1974 1233 2035 παῖς
1260 1971 1584 2043 διαδέχεται.
1627 1976 1715 2029 Ἑν
1749 1975 1923 2047 τούτῳ
1946 1976 2003 2030 δὲ

410 2050 519 2109 τῶν
550 2056 693 2111 κατὰ
717 2058 808 2111 τὸν
836 2059 1076 2132 διωγμὸν
1117 2063 1344 2135 ἁνδρισα
1354 2066 1554 2135 μένων,
1592 2065 1687 2118 καὶ
1714 2066 1851 2136 μετὰ
1876 2068 2002 2131 τοὺς

409 2151 467 2204 ὲν
497 2150 808 2223 ὁμολογίαις
834 2153 1051 2222 ἀγῶνας
1079 2154 1165 2209 διὰ
1193 2157 1451 2228 προνοίας
1487 2157 1623 2211 Θεοῦ
1657 2160 2007 2231 πεφυλαγμέ-

406 2259 536 2307 νων,
571 2236 653 2306 εἷς
689 2260 774 2307 τις
811 2243 888 2296 ὢν
914 2247 942 2299 ὁ
986 2245 1353 2318 Ἀλέξανδρος,
1384 2248 1444 2301 ὃν
1471 2249 1675 2320 ἀρτίως
1706 2250 2003 2303 ἐπίσκοπον

406 2337 507 2406 τῆς
560 2337 617 2388 ὲν
681 2335 1076 2407 Ἰεροσολύμοις
1129 2337 1463 2410 Ἐκκλησίας
1508 2340 1877 2412 ἐδηλώσαμεν,
1914 2337 2000 2395 οἷα

406 2430 530 2492 ταῖς
570 2428 712 2501 ὑπὲρ
748 2428 988 2502 Χριστοῦ
1032 2429 1337 2502 διαπρέψας
1369 2430 1680 2503 ὁμολογίαις
1707 2431 1873 2505 [κατὰ
1911 2433 2003 2486 τὸν

406 2516 503 2570 τοῦ
527 2517 768 2590 διωγμοῦ
799 2519 1036 2592 καιρὸν],
1067 2524 1166 2593 τῆς
1185 2522 1520 2594 δηλωθεισης
1550 2523 1858 2594 ἐπισκοπῆς
1890 2524 2000 2592 (55)

409 2611 674 2677 ἀξιοῦται,
702 2613 781 2666 ἔτι
805 2613 1143 2685 Ναρκίσσου,
1168 2613 1227 2678 ὃς
1254 2610 1322 2686 ἦν
1347 2616 1510 2669 αὐτοῦ
1535 2616 1820 2688 πρότερος,
1847 2634 1912 2670 πε
1922 2634 2004 2688 ρι-

406 2703 558 2769 όντος
589 2703 665 2776 τῷ
701 2703 822 2775 βίῳ.

2113 1892 2236 1932 sum
2269 1875 2621 1938 adeuntibus,
2659 1872 2827 1926 libere
2849 1872 2961 1940 jam
2999 1881 3053 1924 et
3086 1870 3290 1939 absque
3328 1868 3436 1924 ullo
3468 1867 3697 1937 impedi-

2115 1979 2297 2021 mento
2324 1967 2552 2019 verbum
2591 1965 2682 2017 [)ei
2713 1965 2801 2015 diu
2836 1971 3108 2030 noctuque
3153 1960 3517 2028 prwdicabat;
3557 1957 3696 2012 divi-

2114 2059 2198 2111 nis
2258 2055 2563 2125 disciplinis
2612 2056 2832 2123 suisque
2886 2053 3227 2107 auditoribus
3277 2061 3489 2119 tempus
3530 2065 3694 2104 omne

2109 2151 2517 2221 promptissime
2538 2146 3100 2216 impcmlens.lnterea
3124 2159 3246 2197 cum
3272 2143 3506 2197 Severus
3530 2141 3695 2209 210

2110 2248 2297 2299 decem
2320 2255 2374 2300 et
2395 2253 2518 2300 octo
2547 2245 2705 2317 anuis
2737 2244 3025 2312 imperium
3053 2242 3345 2304 tenuisset,
3382 2238 3693 2292 Autoainus

2112 2340 2256 2394 filins
2282 2339 2332 2392 in
2363 2338 2480 2405 ejus
2509 2338 2685 2391 locum
2718 2336 3013 2391 successit.
3045 2334 3159 2401 Qua
3196 2340 3522 2401 tempestate
3568 2329 3693 2384 Ale-

2106 2433 2333 2492 xamler,
2365 2446 2505 2485 unus
2529 2447 2595 2485 cx
2617 2446 2806 2484 eorum
2835 2444 3065 2484 numero
3097 2428 3186 2496 qui
3221 2428 3276 2480 in
3310 2416 3692 2493 persecutione

2106 2522 2319 2579 fortiter
2342 2533 2707 2584 certaverant,
2743 2531 2798 2576 et
2843 2523 2937 2590 qui
2976 2530 3099 2592 post
3130 2519 3359 2590 gloriosa
3390 2516 3691 2574 confessio-

2106 2617 2191 2672 nis
2220 2614 2523 2669 ccrtamiua
2555 2614 2737 2668 divina
2783 2611 3123 2683 providentia
3156 2611 3371 2663 fuerant
3398 2605 3684 2669 reservati,

2104 2722 2267 2776 quem
2301 2722 2401 2761 nos
2438 2705 2936 2776 Hierosolymorum
2971 2705 3284 2774 episc0pum
3323 2703 3487 2756 fuisse
3528 2700 3692 2770 paulo

409 2807 537 2853 ante
582 2800 884 2867 retulimus,
943 2801 1012 2852 ob
1063 2801 1329 2871 insignem
1386 2803 1830 2859 Christianorum
1878 2805 2000 2859 fidei
2038 2806 2439 2860 conf'essiouem
2465 2803 2531 2858 ad
2574 2804 2945 2872 supradictum
2990 2803 3361 2873 episcopatum
3408 2808 3688 2869 promotus

408 2902 512 2960 est,
540 2892 819 2957 Narcisso,
860 2895 951 2965 qui
986 2897 1135 2964 prius
1171 2896 1243 2951 ibi
1277 2899 1457 2952 fuerat
1480 2900 1786 2969 cpiscopus,
1811 2902 1989 2957 adhuc
2020 2905 2335 2970 superstite.

948 2993 1341 3047 ΚΕΦΑΛΑΙΟΝ
1383 2995 1458 3047 Θθ.

580 3081 724 3150 Περὶ
768 3083 884 3137 τῶν
914 3086 1065 3157 κατὰ
1096 3085 1446 3157 Νάρκισσον
1471 3087 1826 3157 παραδόξων

939 3154 1070 3225 (Nic.
1111 3157 1183 3208 ll.
1215 3156 1278 3210 l'}.
1318 3176 1368 3220 ν,
1404 3158 1473 3225 il).

477 3245 657 3300 Πολλὰ
707 3248 806 3318 μὲν
852 3244 946 3302 οὖν
992 3249 1083 3302 καὶ
1112 3248 1246 3302 ἄλλα
1279 3250 1558 3320 παράδοξα
1591 3255 1638 3304 οἱ
1676 3252 1775 3323 τῆς
1801 3269 1994 3324 παροι-

411 3337 535 3402 κίας
566 3337 779 3391 πολῖται
825 3340 901 3402 ὡς
935 3340 999 3391 ἐκ
1034 3340 1387 3412 παραδόσεως
1421 3342 1530 3395 τῶν
1576 3343 1715 3397 κατᾶ
1747 3343 1995 3416 διαδοχὴν

407 3425 673 3495 ἀδελφῶν,
705 3426 799 3479 τοῦ
834 3428 1149 3498 Ναρκίσσου
1188 3429 1652 3500 μνημονεύουσιν·
1694 3434 1753 3485 ἐν
1794 3426 1875 3496 οἷς
1906 3434 1999 3487 και

407 3516 609 3569 τοιόνδε
644 3534 695 3569 τι
743 3515 929 3587 θαῦμα
961 3517 1029 3570 δι’
1063 3518 1228 3572 αὑτοῦ
1268 3519 1492 3588 γεγονὸς
1526 3522 1816 3592 ἱστοροῦσι.
1841 3523 1998 3578 Κατὰ

409 3606 507 3677 τὴν
555 3607 796 3679 μεγάλην
856 3608 987 3661 ποτὲ
1037 3609 1131 3663 τοῦ
1176 3612 1367 3680 Πάσχα
1406 3612 1845 3683 διανυκτέρευσιν
1875 3613 2000 3668 τοῦ-

408 3696 558 3751 λαιόν
592 3716 725 3769 φασι
765 3703 877 3765 τοῖς
907 3700 1177 3765 διακόνοις
1210 3703 1505 3757 ἐπιλιπεῖν.
1572 3705 1684 3774 Ἐφ’
1718 3700 1764 3774 ᾧ
1797 3707 1857 3759 τὸ
1891 3710 1997 3762 πᾶν

412 3788 613 3859 πλῆθος
651 3790 830 3864 δεινῆς
860 3791 1099 3862 ἀθυμίας
1147 3794 1525 3865 διαλαϐούσης,
1561 3796 1651 3849 τὸν
1685 3798 1995 3866 Νάρκισσον

408 3882 520 3946 τοῖς
558 3881 625 3936 τὰ
659 3882 814 3952 φῶτα
846 3885 1357 3956 παρασκευάζουσιν
1389 3888 1660 3955 ἐπιτάξαι,
1703 3888 1845 3962 ὕδωρ
1879 3891 1994 3944 ἀνι-

412 3975 694 4046 μήσαντας
724 3974 790 4031 ἔκ
822 3994 964 4042 τινος
996 3979 1403 4050 παρακειμένου
1438 3981 1695 4052 φρέατος,
1729 3981 1803 4045 ὡς
1836 3982 1996 4036 αὐτὸν

409 4118 614 4173 ilioeris
640 4118 835 4185 injuria
870 4122 1144 4177 Demetrio
1172 4123 1319 4177 illata
1356 4139 1476 4176 esse
1504 4123 1828 4185 videbatur,
1874 4134 1984 4178 tum

408 4190 986 4264 abepiscotiisillis,
1030 4202 1141 4245 tum
1188 4194 1257 4248 ab
1311 4193 1566 4261 Origene.
1622 4197 1706 4250 Ah
1755 4195 1987 4264 Origene

406 4259 653 4333 quidem,
691 4261 836 4328 quod
877 4263 944 4333 ab
995 4264 1238 4318 externis
1287 4259 1556 4333 episcopis
1605 4281 1826 4319 tnauum
1854 4259 1984 4320 'sibi

2713 2972 2944 3049 canar
2990 2992 3077 3047 ix.

2545 3088 2623 3143 Dc
2675 3088 2944 3141 miraculis
3000 3085 3263 3141 Narc.’ssi.

2178 3243 2255 3298 De
2274 3243 2377 3298 hoc
2401 3241 2658 3297 Narcisso
2682 3240 2850 3296 multa
2868 3240 3090 3311 quidem
3117 3239 3221 3293 alia
3252 3239 3520 3308 stupenda
3540 3255 3689 3295 com—

2104 3344 2417 3390 memorant
2443 3335 2687 3389 civitatis
2729 3333 2874 3387 illius
2921 3332 3135 3397 incolat,
3168 3347 3197 3385 a
3233 3332 3481 3387 ﬁdelibus
3513 3335 3690 3391 coui-

2107 3442 2215 3483 nua
2250 3426 2600 3483 successione
2628 3426 2778 3480 velut
2806 3441 2905 3494 per
2934 3439 3128 3478 manus
3149 3426 3250 3480 sibi
3291 3427 3510 3483 tradita.
3541 3426 3688 3483 inter

2106 3536 2227 3590 quae
2252 3522 2354 3574 hoc
2383 3520 2550 3575 etiam
2579 3519 2906 3572 miraculum
2939 3518 3006 3571 ab
3041 3519 3132 3572 illo
3160 3518 3367 3573 editum
3398 3534 3519 3575 esse
3553 3536 3684 3574 nar-

2108 3622 2250 3667 rant.
2275 3612 2439 3668 Forte
2464 3613 2518 3667 in
2548 3627 2744 3683 magna
2771 3612 2993 3666 Pam-lue
3012 3612 3194 3681 vigilia
3219 3611 3397 3666 oleum
3421 3612 3687 3669 ministris

2106 3708 2311 3761 deerat.
2344 3706 2457 3769 Qua
2491 3706 2558 3760 de
2590 3721 2754 3760 causa
2804 3720 2926 3759 cum
2977 3702 3264 3757 universus
3304 3703 3532 3772 populus
3555 3720 3685 3774 gra-

2105 3797 2329 3851 vissimo
2356 3812 2591 3852 maerore
2624 3796 2911 3866 perculsus
2949 3805 3115 3860 cssvl,
3150 3793 3462 3850 Narcissum
3496 3794 3684 3850 ferunt

2104 3891 2395 3942 mandasse
2433 3888 2504 3943 iis
2529 3888 2727 3957 quibus
2754 3901 2899 3941 cura:
2919 3895 3041 3940 erat
3070 3886 3324 3943 lucernas
3358 3888 3681 3950 accendere,

2109 3992 2163 4033 ut
2202 3994 2396 4050 aquam
2432 3994 2498 4033 ex
2532 3978 2763 4047 quodam
2798 3977 3107 4048 prepinquo
3139 3978 3389 4032 haustam
3421 3985 3584 4048 puteo
3614 3978 3681 4030 ad

2089 4139 2277 4177 etcum
2309 4122 2452 4174 omni
2499 4121 2698 4190 ﬁducia
2758 4137 2865 4172 rem
2914 4124 3124 4187 gerebat
3180 4134 3199 4172 :
3250 4117 3522 4190 Masculus
3551 4134 3680 4173 vero

2092 4194 2255 4247 vertit
2282 4193 2393 4247 sine
2420 4189 2725 4245 discriminc
2760 4204 2781 4241 :
2812 4207 2973 4259 quem
3024 4199 3243 4243 secutus
3289 4189 3680 4254 Cbristopbnr-

2092 4277 2261 4317 sonus
2318 4263 2390 4316 ita
2426 4262 2843 4329 interpretatur,
2895 4260 3041 4313 nulla
3101 4260 3281 4313 ltafiita
3333 4275 3678 4329 personarum

408 4327 609 4403 imponi
657 4327 1115 4403 passiis__fitisset,
1157 4348 1256 4387 nec
1297 4327 1368 4387 ab
1426 4327 1687 4403 cpiscopo
1750 4335 1987 4390 civitatis
2019 4332 2064 4387 D
2095 4334 2322 4386 ratione.
2394 4331 2541 4403 Mihi
2574 4327 2759 4384 Rufini
2816 4335 2997 4382 versio
3043 4330 3213 4403 magis
3267 4330 3490 4381 arridet.
3542 4327 3679 4403 N_ant

407 4399 519 4475 suae
556 4399 817 4475 honorem
862 4401 1015 4475 illum
1069 4404 1391 4475 presbyterii
1439 4399 1812 4473 exspectasset
1856 4425 1868 4463 :
1920 4406 1991 4461 ab

406 4469 680 4551 ppiseopis
702 4485 853 4551 vero:
876 4472 1016 4551 quod
1041 4469 1427 4528 Alexandrinae
1448 4469 1646 4551 schola:
1670 4477 1986 4551 magistrum

408 4540 512 4595 hoc
537 4540 680 4608 facto
716 4541 782 4593 ad
812 4540 1110 4597 Ecclesiam
1149 4559 1305 4597 suam
1340 4540 1785 4599 transtulissent:
1819 4546 1988 4599 Porro

408 4609 495 4692 lric
548 4624 675 4692 rion.
716 4614 1112 4692 f‘OIIiPIl‘Ill-Ientia
1158 4615 1337 4692 oritur
1378 4614 1689 4677 difficultas,
1733 4632 1834 4669 cur
1883 4618 1987 4669 duo

404 4678 565 4762 simtu
590 4681 831 4762 episcopi
851 4682 1156 4762 _Orig_ene_m
1188 4686 1570 4762 presbyterum
1589 4687 1985 4762 ordinaverint.

408 4749 562 4820 Mihi:
581 4750 799 4803 videtur
850 4752 901 4806 ἰιΙ
952 4749 1071 4820 ejus
1100 4749 1295 4808 honori
1329 4749 1518 4808 datum
1547 4756 1734 4819 fuisse,
1784 4768 1841 4808 ut
1882 4758 1987 4810 duo

405 4818 567 4901 simpl
598 4821 864 4901 episcopi
982 4818 1239 4901 marmur
1282 4825 1643 4901 imponerent.
1672 4818 1790 4901 Quo
1819 4827 1983 4889 facto,

406 4892 458 4943 iu
485 4889 701 4965 duabus
734 4890 1239 4965 Ecclesiisisedendi
1272 4905 1329 4965 et
1350 4889 1470 4948 cum
1502 4896 1625 4949 aliis
1648 4889 1984 4965 presbyteris

406 4961 846 5031 communicandi
871 4960 973 5031 jus,
998 4963 1248 5019 habebat.
1288 4962 1422 5019 Vide
1470 4966 1609 5019 infra
1649 4960 1787 5031 cap.
1812 4960 1904 5021 "25
1930 4977 1985 5020 et

403 5031 494 5111 27.
524 5046 588 5111 δέ
620 5029 820 5111 quibus
858 5030 1384 5111 t-0iijccturai_iostra
1420 5050 1642 5111 prorsus
1695 5029 1985 5111 confirma-

405 5109 512 5177 tur_.
542 5100 903 5177 Fuitquiilem
927 5102 1283 5169 consuetudo,
1311 5114 1369 5157 ut
1386 5100 1508 5159 eum
1532 5105 1653 5177 quis
1675 5107 1738 5161 ad
1767 5106 1987 5177 presby-

405 5171 603 5245 terium
634 5170 717 5225 vel
746 5172 1091 5225 diaconatum
1124 5170 1578 5245 promoveretur,
1608 5170 1818 5244 aliquot
1864 5170 1980 5245 cpi-

404 5242 551 5309 scopi
586 5241 933 5303 interessent,
972 5257 1087 5309 quo
1123 5243 1392 5298 illustrior
1437 5260 1500 5300 ac
1537 5241 1808 5302 celebrior
1838 5241 1983 5302 esset

403 5313 691 5382 promotio,
729 5321 786 5364 ut
815 5317 973 5366 docet
1004 5312 1352 5369 Innocentius
1382 5316 1432 5369 in
1472 5316 1700 5382 epistola
1738 5319 1804 5370 ad
1834 5316 1980 5371 hlar-

402 5381 619 5456 ciauum
639 5383 999 5456 _e_piseopnm.
1033 5383 1261 5456 Pbotius
1289 5381 1520 5456 certeiii
1566 5386 1823 5441 Bibliom.
1858 5404 1978 5456 cap.

403 5449 528 5521 U8,
547 5453 623 5505 ait
639 5449 1010 5507 Theoctistum
1035 5454 1209 5521 ipsum
1231 5455 1629 5509 Ordinationein
1650 5449 1978 5521 celebrasse,

399 5520 768 5575 Alexandrum
806 5537 934 5575 vero
962 5520 1079 5577 eam
1103 5525 1512 5590 comprobasse.

435 5590 589 5672 ⁵(ἵιξ)
651 5591 1060 5672 ’ᾼςςυίῇὰζιὶτιιιᾳ
1122 5593 1295 5672 llujns
1356 5596 1507 5648 vocis
1562 5595 1843 5672 multiplex
1888 5606 1981 5672 est

402 5662 755 5741 significatio.
791 5662 853 5741 Et
895 5665 1123 5741 liiifiuus
1168 5663 1386 5741 quidem
1414 5680 1533 5741 eam
1576 5665 1648 5741 ita
1674 5662 1925 5732 exposuit
1960 5686 1972 5722 :

417 5729 561 5784 Velut
602 5733 846 5787 aborisci:
879 5735 1116 5789 omnibus
1165 5729 1545 5804 impedimentis
1588 5734 1719 5789 fiber
1750 5729 1975 5807 prorsus

2094 4416 2386 4469 antequam
2453 4401 2720 4469 Origenes
2792 4403 3026 4467 scipsum
3092 4399 3390 4461 evirasset,
3440 4398 3678 4469 maxima

2092 4466 2303 4527 cautela
2332 4488 2470 4541 opus
2499 4466 2755 4534 habebat,
2782 4480 2841 4523 ut
2870 4466 2992 4523 cum
3028 4470 3335 4541 virginibus
3368 4482 3432 4522 ac
3460 4466 3679 4522 feminis

2091 4559 2213 4611 qua:
2245 4540 2601 4598 institutionis
2628 4558 2794 4595 causa
2826 4541 3007 4611 ipsum,
3031 4540 3275 4611 adibant,
3318 4554 3675 4593 conversare-

2093 4609 2206 4674 tur,
2227 4630 2296 4668 ne
2319 4613 2537 4667 obsceni
2561 4614 2794 4665 rumoris
2833 4610 3177 4663 occasionem
3195 4609 3357 4662 ullam
3382 4611 3671 4677 praeberet.

2093 4683 2282 4739 Postea
2310 4698 2441 4737 vero
2472 4692 2751 4749 amputata
2781 4680 2884 4733 sibi
2928 4679 3204 4743 virilitate,
3254 4679 3479 4733 liberius
3514 4679 3675 4732 dein-

2090 4769 2218 4875 ceps
2251 4769 2445 4877 ultumis
2472 4768 2630 4807 suum
2679 4750 3083 4820 exsequebatur
3110 4764 3212 4805 nec
3241 4758 3390 4805 tanta
3422 4750 3680 4804 cautione

2090 4841 2161 4877 ini
2188 4841 2270 4877 tae
2290 4834 2386 4877 )at-

2088 4824 2386 4887 indigebat.

2161 4895 2271 4965 (⁵54)
2313 4895 2439 4947 Ἐπί
2462 4892 2609 4947 δέκα
2635 4891 2703 4945 δὲ
2729 4888 3033 4965 καὶόσιζώ,
3080 4887 3135 4965 l_n
3169 4891 3536 4965 vetustissimo
3564 4887 3677 4965 Ru-

2092 4961 2179 5018 fini
2210 4961 2417 5029 codice,
2470 4967 2561 5030 qui
2596 4966 2723 5015 olim
2768 4964 2869 5016 fuit
2911 4961 3166 5015 Ecclesia:
3211 4961 3560 5018 Parisiensis.
3606 4961 3676 5011 :ili

2091 5038 2157 5089 iis
2185 5036 2367 5090 verbis
2412 5045 2573 5102 caput
2598 5033 2631 5089 9
2667 5035 2973 5094 inchoatur,
3019 5033 3162 5087 sicut
3195 5045 3249 5086 et
3289 5030 3676 5096 Clit-istoiihor-

2088 5123 2253 5161 sonus
2281 5105 2546 5160 distinxit.

2158 5176 2275 5247 ('55)
2335 5175 2449 5243 Τῆς
2499 5174 2875 5247 δηλωθείσης
2916 5171 3299 5247 γέπισζι-οξτῆς,
3358 5172 3495 5247 Ante
3558 5171 3672 5247 lnpc.

2086 5240 2251 5300 m‘m
2301 5247 2352 5297 in
2399 5240 2572 5299 codd.'
2613 5246 2779 5308 Maz.,
2812 5240 2949 5299 Med.
2982 5254 3037 5296 et
3086 5241 3224 5296 Fuk.
3289 5242 3483 5309 legitur
3532 5240 3673 5293 κατὰ

2084 5319 2175 5372 τὸν
2206 5316 2300 5369 τοῦ
2329 5315 2568 5385 διωγμοῦ
2597 5315 2787 5386 καιρόν
2814 5325 2943 5386 ,ete.
2976 5313 3081 5386 Sed
3112 5310 3670 5386 hmeverbaprorsus

2084 5387 2355 5458 superflua
2384 5381 2532 5458 sunt,
2577 5381 3085 5458 cuin-initiohujus
3135 5383 3342 5458 periodi
3387 5381 3664 5458 iilldixerit

2084 5445 2372 5513 Eusebius.
2405 5457 2479 5509 De
2507 5445 2610 5509 hoc
2661 5455 2972 5508 Alexandro
2992 5445 3290 5506 'lius'ehius
3323 5452 3373 5503 in
3403 5445 3668 5501 Chronico

2084 5532 2149 5581 ad
2185 5544 2311 5580 ann.
2347 5542 2422 5579 xu
2456 5526 2665 5588 Severi,
2693 5528 2782 5593 qui
2819 5532 2938 5576 erat
2963 5524 3233 5578 secundus
3274 5533 3448 5593 anuus
3484 5529 3666 5593 perse-

2084 5599 2340 5662 cutionis,
2392 5597 2507 5649 lucc
2552 5586 2722 5649 habet
2765 5610 2778 5645 :
2818 5593 3118 5646 Alexander
3166 5592 3226 5645 ob
3283 5586 3662 5655 «inﬂationem

2089 5668 2349 5725 Dominici
2378 5668 2602 5721 nominis
2634 5666 2855 5736 insignis
2891 5663 3131 5717 habetur.
