4222 6388
390 241 490 297 541

1411 241 1760 299 HlSTON/E
1801 245 2360 303 ECCLESIASTICE.
2398 246 2507 303 LIB
2569 247 2657 302 γι.

1983 245 2360 303 ΕσιΑεΤιεῶ
2398 246 2507 303 LIB
2569 247 2657 302 Ἣ.
3538 255 3644 310 542

391 357 663 424 ἐκϐάσεις,
715 358 808 413 καὶ
841 356 935 411 τοῦ
984 357 1198 412 πάντων
1234 359 1432 430 ἐφόρου
1466 359 1602 413 Θεοῦ
1648 358 1847 431 τρέσας
1874 364 1973 434 τὴν
2005 370 2047 425 Α

2005 370 2047 425 Α
2078 364 2302 430 pedibus
2355 364 2423 417 ad
2479 377 2750 418 summum
2797 377 2967 433 usque
3003 366 3199 436 capitis
3236 366 3532 435 verticem,
3580 386 3645 425 eo

393 448 744 521 άδιάδραστον
784 448 961 520 δίκην,
995 448 1262 519 ὡμολόγει
1302 449 1412 520 (65)
1450 450 1549 520 μὲν
1592 454 1703 513 τοῖς
1740 453 1873 505 πᾶσι
1904 454 1972 507 τὰ

394 543 548 613 κοινῆ
573 542 751 611 σφίσιν
782 541 966 603 αὐτοῖς
998 540 1434 612 ὲσκαιωρημὲναο
1459 541 1746 618 τοσαύταις
1766 543 1821 595 δὲ
1837 560 1972 597 κατ-

395 633 654 706 ετρύχετο
713 631 1149 704 μεταμελόμενος
1214 635 1483 705 οἰμογαῖς,
1528 633 1777 705 δακρύων
1825 652 1884 688 τε
1915 637 1974 698 ἐς

395 724 651 779 τοσοῦτον
698 725 799 777 οὐκ
855 722 1139 787 ἀπέλιπεν,
1178 724 1284 788 ἓως
1334 724 1500 794 ἄμφω
1563 724 1825 795 διεφθάρη
1874 725 1975 788 τὰς

396 817 566 886 seu;
592 817 702 870 Καὶ
721 816 829 869 οἵδε
854 816 952 887 μὲν
978 814 1076 885 τῆς
1094 815 1444 886 ψευδολογίας
1462 815 1713 879 τοιαύτας
1742 816 1974 888 ὑπέσχον

398 923 690 977 τιμωρίας.

2076 454 2251 510 morbi
2283 470 2483 526 genere
2509 471 2617 525 quo
2656 471 2715 511 se
2755 456 2871 527 ipse
2902 457 3263 513 mulctaverat
3286 500 3302 525 ,
3333 471 3645 532 correptum

2079 550 2417 611 est;tertius
2458 548 2698 617 priorum
2749 563 2935 603 casum
2972 550 3268 613 contuitus,
3296 551 3647 621 omniumque

2078 638 2400 707 inspectoris
2432 639 2521 693 Dei
2555 638 2920 693 inevitabilem
2944 640 3148 695 veritus
3174 640 3494 709 vindictam,
3519 657 3648 696 con-

2079 727 2309 781 cinnatae
2332 726 2400 780 ab
2429 727 2560 793 ipsis
2583 742 2648 783 ex
2672 742 2956 796 compacro
2983 729 3269 784 calumniae
3295 731 3538 785 ordinem
3562 741 3648 786 est

2079 814 2381 872 confessus.
2434 814 2626 870 Tantis
2660 832 2822 886 porro
2867 816 3119 872 lamentis
3159 818 3229 873 ob
3272 820 3646 889 pmnitentiam

2082 906 2208 961 facti
2242 922 2362 961 sese
2389 906 2718 974 cunfecit,et
2752 908 2806 961 in
2840 916 3047 962 tantum
3078 908 3351 982 lacrymas
3373 910 3649 968 effundere

401 999 789 1069 perseveravit,
823 1008 881 1050 ut
909 1012 974 1051 ex
1007 1012 1073 1051 eo
1118 995 1399 1052 oculorum
1435 997 1616 1051 iumen
1664 998 1962 1052 amitteret.
2023 998 2086 1051 Et
2118 999 2170 1054 hi
2232 1000 2451 1069 quidem
2483 999 2769 1053 calumnias
2823 1015 2935 1054 suae
2975 999 3236 1068 ejusmodi
3269 1017 3456 1070 poenas
3487 1003 3658 1059 dede-

403 1102 549 1146 l'lllll.

935 1184 1160 1237 ΚΕΦΛΛ
1169 1185 1332 1238 AION
1366 1186 1422 1238 I'.

597 1275 732 1343 Περὶ
761 1271 879 1328 τῶν
891 1273 960 1327 ἐν
984 1275 1405 1343 Ἰεροσολύμοις
1431 1275 1775 1329 ἐπισκόπων

919 1340 1055 1412 (Nic.
1080 1341 1152 1394 11.
1186 1340 1251 1394 Ε.
1275 1340 1336 1409 ἣν,
1367 1345 1476 1411 10).

476 1434 583 1489 Τοῦ
611 1435 666 1489 δὲ
697 1435 1010 1505 Ναρκίσσου
1045 1434 1548 1506 άνακεχωρηκότος,
1596 1436 1690 1488 καὶ
1723 1436 1986 1507 μηδαμῶς

405 1530 509 1599 ὅπη
537 1526 611 1579 ὢν
643 1526 915 1597 τυγχάνοι,
941 1527 1365 1596 γινωσκομένου,
1401 1524 1559 1590 δόξαν
1588 1528 1701 1591 τοῖς
1727 1528 1834 1581 τῶν
1852 1529 1983 1599 ὁμό-

2700 1182 2929 1240 CAl’UT
2969 1184 3037 1239 Χ.

2428 1275 2505 1329 De
2537 1274 2585 1327 Η
2592 1276 2780 1329 irrosol
2786 1293 3023 1345 ymorum
3046 1281 3316 1348 episcoyis.

2153 1433 2420 1487 Cmterum
2459 1440 2581 1501 post
2633 1430 2871 1485 Narcissi
2914 1430 3118 1500 fugam,
3151 1433 3356 1500 ignaris
3399 1435 3653 1491 omnibus

2091 1523 2306 1577 ubinam
2334 1523 2573 1592 gentium
2598 1530 2802 1590 ageret,
2841 1520 3011 1573 visum
3043 1530 3127 1576 est
3169 1522 3519 1577 finitimarum
3550 1524 3653 1578 Ec-

408 1635 514 1689 ρων
541 1616 877 1685 Ἔκκλησιῶν
902 1616 1257 1688 προεστῶσιν,
1280 1618 1361 1685 ἐφ’
1381 1617 1563 1688 ἐτέρου
1595 1618 1834 1687 μετίασιν
1862 1621 1981 1671 ἐπι-
2019 1658 2056 1710 Β

2019 1658 2056 1710 Β
2090 1615 2380 1670 etesiarum
2423 1613 2690 1683 episcopis
2728 1614 2892 1667 alium
2929 1613 3045 1682 eius
3078 1613 3196 1667 loco
3222 1615 3531 1683 episcopum
3565 1631 3655 1669 or—

407 1709 608 1762 σκόπου
638 1709 995 1779 χειροτονίαν.
1025 1711 1145 1771 Δῖος
1177 1708 1348 1778 τούτῳ
1376 1708 1545 1778 ὄνομα
1576 1704 1644 1779 ἦν
1665 1725 1677 1738 ·
1714 1708 1773 1763 ὃν
1799 1709 1858 1761 οὐ
1884 1727 1981 1762 πο-

406 1801 500 1853 λὺν
534 1800 845 1871 προστάντα
891 1799 1102 1871 χρόνον,
1153 1799 1466 1870 Γερμανίων
1512 1799 1844 1869 διαδέχεταιο
1889 1800 1982 1853 καὶ

408 1890 590 1944 τοῦτον
609 1889 846 1962 Γόρδιος,
882 1889 1003 1942 καθ’
1023 1889 1081 1942 ὃν
1105 1889 1289 1961 ἇσπερ
1322 1888 1381 1952 ἐξ
1409 1887 1752 1951 ἀναϐιώσεως
1772 1890 1980 1959 ἀναφα-

408 1985 516 2048 νείς
551 1985 712 2038 ποθεν
747 1984 774 2036 ὁ
797 1985 1125 2056 Νάρκισσος,
1168 1982 1322 2048 αὖθις
1347 1984 1450 2038 ὑπὸ
1482 1982 1590 2037 τῶν
1623 1984 1864 2053 ἀδελφῶν
1892 1984 1985 2037 ἐπὶ

408 2075 503 2146 τὴν
530 2075 861 2146 προστασίαν
894 2076 1310 2146 παρακαλεῖται,
1345 2073 1605 2145 μειζόνως
1653 2073 1732 2127 ἔτι
1788 2074 1983 2144 μᾶλλον

409 2164 515 2216 τῶν
550 2165 765 2218 πάντων
797 2164 1140 2233 ἀγασθέντων
1172 2162 1353 2225 αὐτὸν,
1380 2161 1480 2232 τῆς
1507 2178 1566 2213 τε
1590 2161 1985 2232 ἀναχωρήσεως

409 2253 570 2308 ἕνεκα
600 2257 690 2308 καὶ
720 2256 820 2326 τῆς
849 2255 1182 2323 φιλοσοφίας,
1214 2254 1306 2306 καὶ
1337 2252 1427 2316 ἐφ’
1450 2251 1621 2306 ἅπασι
1657 2251 1723 2305 δι’
1745 2252 1812 2322 ἢν
1836 2248 1987 2321 παρὰ

410 2345 504 2401 τοῦ
536 2346 669 2400 Θεοῦ
693 2346 995 2417 κατηξίωτο
1023 2346 1320 2416 ἐκδίκησιν.

919 2617 1313 2670 ΚΕΨΑΛΑῘΟΝ
1346 2617 1450 2670 IA'.

871 2710 1011 2777 Περὶ
1071 2708 1477 2778 Ἀλεξάνδρου.

482 2803 592 2855 Καὶ
623 2800 687 2872 δὴ
724 2801 919 2872 μηκέθ’
955 2803 1068 2854 οἴου
1098 2819 1158 2854 τε
1188 2801 1340 2865 ὄντος
1366 2801 1697 2872 λειτουργεῖν
1724 2800 1812 2855 διὰ
1833 2800 1993 2854 λιπα-

417 2894 509 2967 ρὸν
536 2894 732 2966 γῆρας,
748 2892 840 2947 τὸν
867 2892 1155 2964 εἰρημένον
1189 2892 1533 2964 Ἀλέξανδρον
1555 2890 1847 2946 ἐπίσκοπον
1875 2892 1991 2948 ἐτέ-

2085 1707 2294 1768 diuare,
2352 1706 2505 1758 Dium
2569 1706 2806 1758 nomine.
2836 1705 2936 1771 Qui
2986 1721 3107 1759 cum
3153 1705 3364 1760 modico
3412 1718 3656 1776 tempore

2084 1798 2408 1867 prmfuissct,
2437 1812 2721 1851 Successor
2752 1798 2800 1851 ei
2838 1797 2995 1852 datus
3021 1806 3108 1851 est
3130 1797 3419 1853 Germania
3444 1814 3458 1851 :
3494 1813 3652 1867 quem

2084 1890 2278 1943 deinde
2308 1887 2546 1942 Gordius
2573 1888 2808 1956 excepit.
2858 1887 3027 1954 Hujus
3059 1889 3393 1956 temporibus
3433 1888 3654 1944 Narcis-

2083 1995 2178 2033 sus
2206 1996 2325 2032 cum
2355 1979 2531 2033 subito
2557 1981 2712 2048 quasi
2742 1979 3015 2033 redivivus
3043 1981 3372 2046 emersisset,
3403 1995 3432 2033 a
3467 1981 3655 2035 fratri-

2086 2073 2184 2126 bus
2215 2080 2269 2125 ut
2302 2073 2561 2126 Ecclesia:
2591 2072 3118 2128 administratioaem
3150 2073 3329 2127 denuo
3358 2076 3659 2141 susciperet

2088 2174 2308 2233 rogatus
2331 2174 2436 2218 est.
2469 2164 2678 2233 Quippe
2701 2168 2939 2220 universi
2973 2166 3141 2219 multo
3169 2167 3341 2236 magis
3376 2175 3501 2221 tunc
3532 2184 3654 2221 eum

2086 2256 2429 2309 mirabantur
2463 2270 2476 2310 :
2510 2265 2621 2309 tum
2645 2258 2717 2311 ob
2755 2269 3054 2319 secessum,
3082 2265 3191 2309 tum
3219 2258 3287 2310 ob
3321 2257 3659 2325 philosophi-

2087 2362 2204 2403 cam
2229 2349 2443 2402 vivendi
2474 2350 2740 2403 rationem
2772 2367 2787 2404 :
2820 2351 3058 2403 maxime
3080 2364 3209 2404 vero
3239 2349 3307 2403 ob
3335 2361 3655 2418 praesentem

2088 2439 2379 2492 vindictam
2421 2455 2524 2508 qua
2586 2441 2728 2495 Deus
2782 2440 3212 2497 calumniatores
3244 2441 3399 2513 illius
3442 2440 3660 2497 aﬁicere

2090 2528 2340 2598 dignatus
2371 2529 2569 2587 fuerat.

2578 2622 2741 2692 212
2789 2621 3019 2681 CAPUT
3073 2625 3165 2681 ιιι.

2658 2716 2736 2769 De
2760 2716 3086 2773 Alexandro.

2161 2804 2361 2861 Verum
2398 2823 2519 2862 cum
2556 2817 2779 2876 propter
2828 2820 3129 2864 extremam
3165 2818 3505 2865 senectutem
3553 2809 3658 2863 mi-

2091 2896 2371 2951 uiSIerium
2418 2911 2574 2949 suum
2602 2896 2756 2950 obire
2799 2898 3028 2967 amplius
3060 2913 3164 2951 non
3201 2908 3416 2968 posset,
3459 2915 3653 2969 supra-

417 3003 516 3056 ρας
545 2986 857 3057 ὑπάρχοντα
883 2986 1195 3057 παροικίας,
1243 2983 1521 3055 οἰκονομία
1575 2982 1709 3037 Θεοῦ
1757 2983 1849 3038 ἐπὶ
1893 2989 2061 3067 tcth

1988 3004 2061 3067 lc
2091 2989 2291 3043 dictum
2348 2988 2710 3042 Alexandrum
2764 2989 2993 3042 alterius
3046 2989 3299 3044 Ecclesia:
3344 2991 3655 3058 episcopum

414 3072 529 3146 ἃμα
566 3076 644 3147 τῷ
676 3075 972 3147 Ναρκίσσῳ
1000 3075 1341 3147 λειτουργίαν
1377 3074 1580 3138 ἐκάλει,
1613 3072 1756 3128 κατὰ
1779 3075 1987 3129 ἀποκά-

413 3168 569 3238 λυψιν
602 3167 816 3238 νύκτωρ
847 3165 994 3237 αὐτῷ
1019 3165 1084 3218 δι’
1116 3166 1391 3236 ὁράματος
1417 3167 1692 3234 φανεῖσαν.
1727 3165 1910 3236 Ταύτῃ
1941 3166 1985 3219 δ’

412 3256 506 3313 οὖν
528 3259 717 3330 ὥσπερ
745 3258 886 3313 κατά
909 3275 962 3311 τι
992 3258 1315 3329 θεοπρόπιον
1352 3259 1416 3310 ἐκ
1451 3260 1551 3328 τῆς
1599 3257 1707 3310 τῶν
1747 3259 1986 3311 Καππα-

413 3350 585 3405 δοκῶν
621 3351 724 3421 γῆς
770 3349 898 3403 ἔνθα
930 3350 991 3401 τὸ
1035 3349 1248 3420 πρῶτον
1286 3348 1388 3419 τῆς
1416 3350 1721 3419 ἐπισκοπῆς
1766 3349 1987 3418 ἠξίωτο,

415 3442 513 3513 τὴν
542 3441 764 3513 πορείαν
789 3442 878 3494 ἐπὶ
902 3441 970 3493 τὰ
1006 3439 1268 3512 Ἰεροσόλυ
1276 3457 1349 3510 μα
1371 3440 1537 3509 εὐχῆς
1568 3439 1788 3492 καὶτῶν
1809 3440 1992 3495 τόπων

417 3532 659 3604 ἱστορίας
686 3531 869 3585 ἕνεκεν
891 3530 1276 3601 πεποιημένον,
1299 3529 1763 3601 φιλοφρονέστατα
1790 3531 1839 3583 οἱ
1864 3530 1992 3602 τῇδε

417 3623 797 3687 ὑπολαϐόντες,
859 3623 1037 3676 οὐκέτ’
1077 3623 1257 3676 οἴκαδε
1309 3621 1457 3692 αὑτῷ
1490 3620 1827 3676 παλινοστεῖν
1876 3625 1997 3677 ἐπι-

417 3714 699 3785 τρέπουσι,
728 3711 849 3766 καθ’
875 3711 1068 3784 ἑτέραν
1089 3711 1430 3781 ἀποκάλυψιν
1451 3711 1543 3763 καὶ
1563 3712 1744 3775 αὐτοῖς
1776 3711 1994 3784 νύκτωρ

417 3804 691 3874 ὀφθεῖσαν,
728 3803 855 3874 μίαν
891 3820 950 3856 τε
1000 3804 1181 3872 φωνὴν
1212 3802 1319 3873 (64)
1363 3801 1705 3873 σαφεστάτην
1745 3806 1858 3866 τοῖς
1891 3802 1995 3874 μά-

416 3895 574 3948 λιστα
600 3893 779 3947 αὐτῶν
813 3892 1119 3956 σπουδαίοις
1156 3896 1469 3967 χρήσασαν·
1499 3891 1685 3963 ἐδήλου
1716 3892 1825 3963 γὰρ
1861 3910 1996 3964 προ-

417 3985 671 4049 ελθόντας
706 3982 810 4050 ἔξω
830 3984 1035 4048 πυλῶν,
1070 3985 1159 4037 τὸν
1191 3986 1257 4037 ὲκ
1292 3984 1427 4037 Θεοῦ
1464 3985 1873 4055 προωρισμένον
1899 3986 1998 4038 αὑ-

416 4082 529 4142 τοῖς
556 4078 848 4132 ἐπίσκοπον
878 4075 1258 4143 ὑποδέξασθαι.
1287 4075 1456 4128 Τοῦτο
1485 4075 1541 4128 δὲ
1573 4075 1881 4147 πράξαντες
1901 4094 2000 4147 με·

417 4166 485 4220 τὰ
513 4167 697 4238 κοινῆς
723 4167 831 4220 τῶν
856 4166 1166 4218 ἐπισκόπων
1185 4164 1233 4217 οἳ
1253 4164 1352 4227 τὰς
1373 4162 1532 4236 πέριξ
1557 4164 1757 4218 διεῖπον
1773 4162 2001 4235 Ἐκκλη-

420 4258 539 4328 σίας
565 4258 790 4328 γνώμτις
817 4258 949 4329 (65),
972 4257 1283 4326 ἐπάναγκες
1310 4255 1472 4310 αὐτὸν
1510 4255 1849 4327 παραμένειν
1875 4256 2000 4327 βιά-

2091 3078 2269 3133 divina
2300 3079 2634 3147 dispensatio
2661 3094 2758 3148 per
2788 3080 3171 3134 revelationem
3220 3081 3509 3150 quamdam
3540 3097 3662 3151 qua!

2092 3170 2165 3223 illi
2212 3171 2264 3223 in
2309 3171 2516 3224 somnis
2564 3180 2908 3239 apparuerat,
2943 3171 3009 3223 ad
3057 3171 3491 3239 participandum
3533 3188 3656 3226 cum

2091 3259 2345 3315 Narcisso
2400 3261 2700 3316 sacerdotis
2743 3260 2974 3315 ollicium
3032 3266 3298 3317 evocavit.
3335 3262 3448 3317 Hac
3494 3264 3659 3333 igitur

2091 3353 2300 3407 visione
2330 3363 2583 3423 tauquam
2627 3354 2810 3407 divino
2839 3356 3147 3408 admonitus
3172 3355 3389 3409 oraculo
3424 3354 3659 3409 Alexan-

2093 3444 2208 3510 der,
2239 3459 2359 3498 cum
2398 3460 2464 3498 ex
2498 3444 2839 3524 Cappadocia
2887 3446 2940 3499 in
2970 3461 3073 3514 qua
3112 3446 3343 3515 primum
3378 3448 3663 3516 episcopus

2093 3533 2270 3588 fuerat
2292 3534 2595 3600 ordinatus,
2623 3535 2992 3608 Hierosolyma
3020 3536 3296 3606 profectus
3321 3538 3528 3603 fuisset,
3552 3550 3662 3592 rum

2095 3627 2309 3686 orandi.
2350 3636 2458 3680 tum
2509 3628 2756 3682 locorum
2810 3630 3157 3684 visendorum
3195 3630 3370 3699 gratia
3407 3652 3419 3685 :
3467 3632 3666 3686 fratres

2099 3716 2244 3772 illius
2288 3717 2545 3774 Ecclesia:
2599 3720 2986 3775 humanissime
3019 3736 3143 3775 eum
3191 3721 3548 3789 excipientes,
3580 3736 3668 3771 rer

2098 3810 2236 3864 verti
2263 3811 2503 3880 posthaec
2535 3810 2586 3864 in
2615 3812 2844 3879 patriam
2880 3827 2987 3866 non
3019 3812 3289 3866 siverunt.
3318 3812 3433 3864 Alia
3471 3813 3669 3881 quippe

2099 3902 2365 3955 revelatio
2413 3902 2574 3955 etiam
2628 3903 2759 3970 ipsis
2814 3918 2910 3972 per
2942 3917 3189 3957 somnum
3223 3903 3337 3957 visa
3382 3902 3670 3968 fuerat;et

2102 4006 2201 4043 vox
2237 3990 2477 4058 quamam
2504 3991 2917 4045 evidentissima
2948 3994 3015 4045 ab
3050 3992 3115 4046 iis
3149 3992 3239 4061 qui
3265 3992 3555 4046 sanctitate
3587 3993 3669 4044 in-

2100 4088 2181 4134 ter
2208 4081 2353 4148 ipsos
2375 4080 2715 4145 eminebant,
2742 4082 2946 4135 audita.
2975 4080 3328 4151 Signiﬁcabat
3360 4082 3503 4134 enim
3532 4082 3667 4150 ipsis

2104 4179 2336 4224 utextra
2366 4180 2548 4239 portas
2586 4171 2822 4227 civitatis
2867 4173 3096 4242 egressi,
3125 4173 3455 4226 destinatum
3495 4173 3595 4227 sibi
3636 4190 3668 4228 τι

2106 4257 2215 4310 Deo
2240 4260 2549 4326 episcopqu
2589 4261 2949 4329 susciperent.
2985 4259 3140 4327 Quod
3174 4276 3296 4315 cum
3336 4262 3408 4314 illi
3437 4278 3669 4316 consen-

488 4375 602 4447 (65)
645 4376 972 4447 Ὠμολόγει.
1018 4374 1179 4447 Cod“
1214 4375 1343 4447 Reg.
1394 4372 1825 4447 ognioysi~_setl
1871 4389 1992 4447 cum
2025 4378 2070 4433 D
2101 4373 2148 4429 Ie

2025 4378 2070 4433 D
2101 4373 2296 4430 leniter
2339 4376 2630 4429 emendare
2658 4416 2677 4447 ,_
2722 4374 3011 4447 dummodo
3073 4375 3124 4427 id
3171 4374 3307 4429 citra
3365 4374 3662 4444 periculum

419 4443 612 4510 reliqui
663 4443 874 4498 codices
926 4445 1086 4508 Μιικ..
1137 4445 1275 4498 Med.
1300 4443 1381 4497 iac
1426 4443 1565 4496 Fuk.
1610 4444 1868 4506 scriptum
1900 4444 1996 4495 ha-

420 4515 889 4585 ιιειιιιιὼμολόγει,
922 4532 1039 4585 eam
1083 4517 1410 4579 scripturam
1446 4513 1620 4583 magis
1670 4512 1859 4580 probo.
1895 4514 1994 4568 Se-

422 4587 608 4657 quitur
638 4584 778 4657 enim
812 4584 1197 4657 κατετρύχετο.

494 4653 607 4723 (64)
632 4654 792 4707 Μίαν
822 4671 885 4708 τε
933 4650 1159 4723 φωνήν.
1195 4654 1727 4723 Cliristophorsonus
1775 4658 1828 4703 et
1879 4650 1996 4705 Mu-

420 4721 604 4781 sculus
653 4723 740 4795 hic
792 4721 1031 4792 legerunt
1080 4725 1180 4795 μιᾷ
1215 4741 1273 4777 τε
1308 4726 1458 4793 φωνῇ
1494 4721 1826 4795 σαφεστάτῃ,
1861 4733 1992 4795 e_t_c.,_

420 4810 581 4866 quam
622 4790 945 4866 scripturam
980 4790 1457 4866 courlitiuate‘tiaui
1492 4790 1847 4866 ﬂicepliorus.
1888 4793 1994 4844 Sed

421 4859 553 4919 tiilil
592 4862 814 4914 omnino
866 4864 1182 4914 mutandum
1224 4860 1457 4917 videtur.
1510 4859 1644 4912 Nam
1690 4870 1882 4927 praeter
1915 4874 1999 4913 re-

420 4933 771 4993 velationem,
803 4932 878 4983 ait
921 4930 1185 4984 Eusebius
1220 4947 1405 4986 vocem
1451 4931 1672 4995 insuper
1702 4929 1995 4996 quamdam

420 5003 664 5058 auditam
679 5002 830 5052 'esse.
861 5001 938 5053 Ac
970 5017 1092 5052 meo
1118 5003 1337 5067 quidem
1378 5000 1585 5068 judicio
1612 5000 1817 5068 optime
1851 4999 1996 5049 ltnli-

420 5088 524 5126 nus
569 5069 938 5122 narrationem
994 5069 1231 5129 Eusebii,
1283 5086 1403 5137 qua:
1452 5070 1630 5121 minus
1678 5068 1834 5137 plana
1884 5076 1991 5129 est,

420 5140 681 5195 correxit.
731 5139 820 5190 Ait
855 5139 996 5190 enim
1050 5135 1432 5193 revelatio—nem
1476 5135 1695 5206 quidem
1744 5135 1888 5189 illam
1929 5138 1995 5189 de

419 5209 748 5274 Alexandro,
814 5206 1067 5260 Narcisso
1118 5220 1172 5261 et
1221 5210 1339 5262 aliis
1376 5210 1508 5260 viris
1553 5206 1755 5259 sanctis
1802 5222 1829 5257 a
1886 5206 1994 5257 Deo

423 5281 720 5333 immissum
782 5276 993 5330 fuisse:
1040 5290 1227 5329 vocmu
1275 5288 1453 5329 autent
1502 5276 1569 5328 ab
1616 5276 1762 5328 onmi
1803 5275 1997 5341 populo

423 5349 658 5401 auditam
711 5347 901 5400 fuisse.
948 5345 1100 5409 Quod
1146 5356 1290 5400 certe
1325 5348 1478 5412 longe
1518 5354 1601 5397 est
1643 5345 1993 5411 probabilius.

423 5415 675 5470 Rnlinnm
701 5431 829 5483 ergo
863 5425 1072 5467 tantum
1105 5415 1258 5470 abest
1312 5427 1369 5467 ut
1399 5416 1451 5467 in
1480 5430 1545 5466 eo
1578 5413 1994 5483 repreheinlani,

427 5488 564 5556 quod
590 5481 808 5556 Eusebii
841 5485 1170 5556 sententiam
1202 5486 1470 5556 mutavit,_
1504 5483 1631 5549 quin
1677 5481 1853 5556 potius
1877 5481 1995 5556 Ian-

424 5551 660 5609 dandum
693 5553 970 5608 existimo.
1021 5554 1115 5606 Est
1155 5555 1299 5607 enim
1348 5552 1472 5607 boni
1522 5551 1837 5618 interpretis
1879 5551 1997 5604 olli-

424 5626 591 5692 cinm,
623 5639 687 5680 ea
720 5638 840 5693 qua:
869 5622 940 5677 ab
970 5625 1280 5679 anetoribus
1326 5636 1610 5692 perperam
1667 5622 1811 5675 dicta
1869 5628 1994 5675 sunt

2097 4446 2381 4499 sententim
2418 4454 2471 4495 et
2506 4461 2629 4498 cum
2660 4445 2862 4509 judicio
2890 4447 3000 4500 liat.

2167 4514 2276 4586 (65)
2328 4515 2500 4586 Μετίιγ
2536 4513 2746 4583 κοινῆς
2780 4512 2899 4567 τῶν
2943 4515 3354 4586 έξτισκόπων...
3404 4511 3661 4584 γνώμης.

2099 4582 2459 4654 Hieronymus
2491 4585 2542 4637 in
2571 4582 2828 4654 (.‘atalogo
2860 4592 2913 4636 et
2949 4583 3284 4652 Nieephorns
3325 4582 3497 4652 ipsum
3527 4582 3668 4651 quo—

2097 4669 2203 4723 que
2231 4655 2541 4708 Narcissum
2581 4656 2707 4707 huic
2745 4656 2820 4706 rei
2848 4657 3189 4707 consensisse
3223 4654 3489 4718 scribunt,
3525 4655 3668 4723 quod

2101 4723 2301 4804 procul
2330 4725 2493 4804 dubio
2546 4738 2739 4804 verum
2768 4732 2867 4804 est.
2904 4724 3073 4804 Invito
3104 4724 3257 4804 enim
3284 4724 3543 4804 episcopo
3572 4725 3669 4804 atl-

2095 4793 2246 4862 jutor
2271 4793 2386 4846 dari
2428 4806 2536 4847 non
2566 4802 2765 4861 potest.
2808 4795 2974 4845 Porro
3008 4793 3060 4845 in
3104 4794 3205 4846 hac
3233 4794 3521 4847 Alexandri
3553 4793 3668 4845 ele-

2105 4862 2444 4933 ctiouetduo
2473 4873 2664 4914 contra
2700 4862 2847 4916 eccle
2882 4863 3127 4914 iasticam
3164 4863 3666 4933 regulamradmissa

2102 4941 2253 4987 sunt.
2307 4930 2568 4991 Primum,
2601 4934 2741 4994 quod
2784 4933 2852 4984 ab
2894 4947 3002 4984 uno
3023 4930 3331 4998 episcopatu
3366 4932 3667 4987 Alexander

2101 5001 2168 5053 ad
2203 5002 2368 5052 alium
2407 5001 2707 5054 translatus
2758 5011 2871 5065 est;
2922 5002 3174 5065 alterum,
3204 5002 3349 5069 quod
3394 5003 3667 5069 superstiti

2101 5072 2356 5136 episcopo
2402 5069 2615 5137 adjutor
2647 5082 2699 5121 et
2739 5071 3089 5138 cocpiscopns
3123 5083 3203 5124 est
3238 5072 3542 5137 adjunctus.
3578 5077 3671 5123 At-

2100 5154 2205 5206 que
2233 5141 2331 5192 hoc
2354 5140 2580 5206 primum
2596 5141 2897 5207 exeianmn
2920 5143 3150 5193 occurrit
3177 5142 3666 5207 eoadjutorumcpi-

2104 5224 2416 5277 scoparum.
2446 5209 2599 5271 Quod
2630 5209 2756 5261 licet
2788 5220 2970 5274 postea
3004 5210 3227 5263 vetitum
3259 5210 3425 5263 fuerit
3449 5210 3499 5261 in
3539 5223 3670 5262 cou-

2104 5276 2230 5331 cilio
2283 5276 2620 5343 Sardiceusi,
2670 5295 2721 5330 ιιι
2761 5278 2933 5341 fallor,
2986 5280 3336 5333 nihilominus
3377 5279 3670 5330 identidem

2106 5346 2159 5399 in
2188 5347 2430 5400 Ecclesia
2464 5359 2778 5413 usurpatum
2809 5359 2912 5401 est.
2955 5348 3122 5402 Porro
3146 5348 3671 5414 Christophorsonus

2106 5416 2252 5487 [tunc
2278 5417 2452 5487 locum
2478 5417 2654 5487 aliter
2686 5419 3040 5485 iulerpunait,
3069 5428 3122 5469 et
3150 5429 3269 5487 post
3302 5430 3485 5471 vocem
3525 5414 3669 5487 πρά-

2105 5484 2293 5548 ξαντες
2321 5485 2582 5557 virgulam
2617 5484 2889 5557 apposuit,
2930 5499 3120 5543 contra
3150 5484 3488 5556 scriptorum
3516 5486 3670 5538 codi-

2099 5567 2222 5611 c.mi
2260 5555 2657 5611 auctoritatem.
