4222 6392
566 322 666 377 551

1286 319 1553 376 EUSEBII
1593 320 2066 378 CzESABlENSIS
2104 321 2255 380 OPP.
2299 323 2478 378 PARS
2516 322 2558 377 Ι.
2609 352 2629 362 ν

2709 322 3101 380 HISTORICA.

3739 324 3848 381 53$

567 444 816 513 reperiri.
858 442 1020 512 lianc
1069 458 1198 499 vero
1234 443 1645 511 inscriptionem
1697 442 1899 498 Paulus
1933 455 2145 513 aposto-

2262 446 2434 507 κὸτως
2458 462 2473 478 ⁸
2540 445 2812 516 Ἑϐραίοις
2857 446 2963 517 γάρ
3000 464 3165 516 φησιν
3196 444 3546 509 ἐπιστέλλων,
3578 445 3847 518 πρόληψιν

567 534 650 587 ius
698 543 846 588 recte
892 545 1055 603 atque
1096 535 1289 589 ordine
1334 534 1592 588 omissam
1647 534 1817 588 fuisse
1874 535 2149 590 observat.

564 623 698 678 Cum
734 626 881 678 enim
910 623 1153 679 Hebraeis
1187 626 1458 680 scriberet
1486 625 1578 694 qui
1613 626 1900 679 sinistram
1932 627 1998 679 de
2039 627 2153 695 ipso

566 717 877 785 opinionem
919 717 1092 770 multo
1121 730 1249 771 ante
1277 718 1679 784 combiberant,
1714 718 2001 786 ipsumque
2028 734 2154 771 sus~

567 817 780 873 pectum
816 805 1087 859 habebant
1117 822 1130 857 :
1164 807 1415 873 prudenti
1435 806 1664 860 consilio
1697 822 1849 871 usus,
1876 808 1998 860 illos
2022 807 2152 859 abs-

568 908 774 950 terrere
799 896 981 950 statim
1024 897 1092 949 ab
1118 897 1273 950 initio
1298 898 1547 965 apposita
1580 898 1819 951 nominis
1846 899 1927 951 sui
1961 898 2154 950 inscri-

564 986 748 1051 ptione
783 984 976 1037 uoluit.
1012 984 1216 1039 Deinde
1246 984 1528 1053 aliquanto
1550 997 1677 1056 post
1708 988 1792 1042 his
1826 988 1997 1041 utitur
2027 1002 2153 1040 ver-

562 1075 650 1129 bis
680 1092 695 1128 :
726 1094 745 1126 ι
772 1073 889 1131 Jaiu
928 1091 1095 1142 vero,
1147 1076 1290 1130 sicut
1339 1079 1530 1131 beatus
1584 1077 1802 1131 diccbat
1844 1080 2149 1149 presbyter,

563 1168 783 1236 (jlldl’ttio
816 1169 1036 1237 quidem
1081 1169 1332 1224 dominus
1376 1171 1772 1240 ontnipotentis
1803 1173 1893 1226 Dei
1923 1184 2147 1240 apuSto-

564 1258 650 1313 lus
677 1261 744 1312 ad
792 1260 1044 1314 Hebraeos
1080 1262 1282 1315 missus
1323 1260 1502 1316 fuerat
1526 1302 1541 1325 ,
1575 1277 1687 1331 prae
1720 1263 1985 1317 modestia
2011 1262 2152 1315 Pau-

564 1351 670 1415 lus,
692 1363 876 1420 utpote
899 1354 991 1423 qui
1026 1354 1091 1407 ad
1126 1364 1316 1419 gentes
1344 1367 1464 1410 erat
1498 1357 1761 1421 directus,
1799 1354 2147 1411 Hebraiorum

562 1444 869 1508 apostolum
906 1456 964 1494 se
1000 1443 1222 1499 minime
1255 1445 1421 1516 216
1462 1447 1730 1510 inscribit,
1760 1456 1870 1500 tum
1900 1446 1971 1500 ob
1993 1464 2146 1501 snam

562 1549 691 1605 erga
740 1534 1027 1587 Dominum
1072 1541 1435 1591 reverentiam
1466 1579 1479 1603 ,
1517 1549 1629 1592 tum
1685 1539 1827 1608 quod
1873 1554 1941 1594 cx
1978 1542 2151 1593 abun-

564 1626 714 1678 danti
758 1627 823 1679 ad
856 1625 1111 1681 Ilcliracos
1144 1630 1255 1696 ipse
1294 1630 1536 1699 gentium
1574 1647 1756 1699 praeco
1786 1640 1841 1686 et
1870 1633 2148 1701 aposmlns

561 1716 847 1770 scriberet.
881 1737 899 1767 ›
939 1719 1042 1771 Sed
1084 1732 1137 1773 et
1177 1721 1230 1773 in
1266 1720 1455 1774 iisdem
1490 1721 1647 1776 libris
1691 1721 1946 1777 Clemens
1974 1723 2143 1776 tradi-

562 1808 766 1862 tionem
797 1809 1087 1878 qnamdaiu
1124 1812 1190 1865 de
1224 1814 1416 1867 ordine
1462 1814 1888 1884 Evangeliorutu
1920 1831 2084 1885 quam
2117 1834 2144 1866 a
2180 1804 2220 1859 Β

557 1903 948 1956 vetustioribus
982 1906 1317 1974 presbyteris
1357 1919 1677 1974 acceperat,
1711 1909 1881 1963 refert
1914 1910 1966 1963 in
1997 1910 2143 1964 hunc

565 1996 806 2046 niodum.
834 2012 851 2044 ι
892 1991 1113 2047 Dicebat
1148 2010 1214 2048 ex
1245 1995 1577 2065 Evangeliis,
1608 1998 1761 2066 prius
1785 1998 1989 2067 scripta
2018 2013 2144 2052 esse

558 2083 649 2137 illa
686 2101 806 2154 qua:
845 2085 1045 2140 seriem
1088 2088 1306 2157 generis
1339 2085 1609 2143 Dominici
1646 2089 1952 2146 continent.
1977 2088 2145 2145 Marci

559 2184 740 2229 autem
785 2175 1142 2245 Evangelium
1187 2191 1256 2231 ex
1301 2176 1611 2248 hujusmodi
1666 2179 1962 2235 occasione
2008 2180 2148 2235 scri-

557 2278 705 2336 ptum
753 2269 940 2323 fuisse.
987 2267 1121 2323 Cum
1175 2267 1369 2325 Petrus
1410 2271 1464 2324 in
1513 2272 1649 2326 urbe
1698 2271 1871 2326 Roma
1921 2272 2145 2326 verbum

556 2361 651 2415 Dei
682 2362 901 2430 publice
945 2363 1322 2432 praalicasset,
1349 2372 1405 2418 ct
1442 2363 1650 2433 Spiritu
1692 2375 1885 2419 sancto
1932 2363 2145 2419 amatus

557 2454 908 2524 Evangelium
946 2456 1385 2526 proniulgasset,
1428 2456 1586 2510 multi
1620 2457 1712 2524 qui
1744 2456 1974 2512 aderant
1999 2456 2142 2510 Mar-

558 2563 690 2600 cum
725 2548 996 2601 cohortati
1041 2556 1204 2613 sunt,
1238 2560 1425 2618 utpote
1453 2551 1546 2619 qui
1580 2546 1800 2602 Petrum
1820 2547 2142 2619 jamdudum

556 2661 800 2709 sectatus
829 2655 1056 2721 fuisset,
1094 2665 1150 2710 et
1179 2656 1325 2711 dicta
1364 2656 1481 2726 ejus
1522 2657 1785 2711 memoria
1818 2665 2049 2722 teneret,
2083 2665 2144 2710 ut

557 2775 678 2829 quze
701 2762 770 2815 ab
801 2763 1047 2831 apostolo
1075 2764 1366 2831 praedicata
1393 2771 1554 2818 erant
1576 2765 1970 2820 conscriberet.
2005 2764 2146 2819 alar-

557 2883 655 2921 cus
704 2867 869 2938 igitur
910 2867 1265 2939 Evangeliqu
1313 2870 1638 2938 composuit,
1664 2871 1836 2939 iisque
1877 2870 1968 2942 qui
2010 2871 2144 2926 illud

557 2979 628 3031 ab
660 2976 776 3045 ipso
801 2977 1067 3046 rogabant
1105 2976 1386 3044 impertiit.
1420 2974 1574 3042 Quod
1610 2990 1738 3029 cum
1768 2975 1963 3032 Petrus
1989 2993 2137 3033 com-

556 3082 810 3151 perisset,
840 3097 941 3135 uee
985 3080 1263 3149 prohibuit
1310 3082 1530 3136 omnino
1578 3096 1691 3135 rem
1740 3082 1854 3136 ﬁeri
1882 3125 1898 3149 ,
1931 3099 2029 3138 nec
2083 3094 2143 3141 ut

559 3186 717 3241 fieret
773 3186 1040 3240 incitavit.
1088 3186 1160 3239 At
1196 3186 1455 3249 Joannes.
1505 3188 1754 3242 omnium
1805 3197 2140 3257 postremus,

2258 538 2502 606 εἰληφόσι
2534 540 2651 591 κατ’
2678 537 2842 590 αὑτοῦ
2906 538 3001 591 καὶ
3042 536 3438 590 ὑποπτεύουσιν
3489 536 3672 603 αὑτὸν,
3719 556 3845 592 σννν

2257 630 2394 692 ετῶς
2432 630 2570 682 πάνυ
2598 630 2697 682 οὐκ
2723 633 2781 682 ἐν
2812 632 2954 702 ἀρχῇ
2990 628 3331 701 ἀπέστρεψεν
3357 630 3553 693 αὐτοὺς
3583 629 3645 684 τὸ
3675 630 3847 702 ὄνομα

2257 723 2390 787 θείς.
2427 720 2558 776 Εἶτα
2592 722 2797 785 ὑποϐὰς
2822 723 3062 791 ἐπιλέγει
3088 739 3102 752 ο
3154 741 3174 773 ε
3234 722 3374 791 ’Ἡδη
3403 722 3460 774 δὲ
3494 723 3570 787 ὼς
3604 726 3632 777 ό
3667 726 3844 794 μακά-

2259 830 2373 885 ριος
2418 814 2570 881 ἔλεγε
2620 812 3013 884 πρεσϐύτερος,
3050 812 3174 865 ἐπεὶ
3222 814 3251 864 ό
3298 813 3501 881 Κύριος
3546 813 3845 880 ἀπόστολος

2254 904 2330 958 ὢν
2370 906 2464 959 τοῦ
2512 906 2979 975 Παντοκράτορος,
3019 904 3300 975 ἀπεστάλη
3346 905 3485 975 πρὸς
3534 904 3845 976 Ἐϐραίους,

2254 997 2340 1050 διὰ
2371 998 2697 1068 μετριότητα
2720 999 2748 1049 ό
2780 997 3011 1059 Παῦλος,
3038 997 3113 1061 ὡς
3134 996 3199 1049 ἂν
3222 999 3303 1059 είς
3329 997 3398 1050 τὰ
3423 996 3552 1066 ἔθνη
3573 997 3843 1050 ἀπεσταλ-

2257 1089 2438 1159 μένος,
2484 1089 2584 1141 οὐκ
2627 1089 2894 1160 ἐγγράφει
2950 1088 3141 1141 ἐαυτὸν
3194 1087 3461 1158 Ἐϐραίων
3512 1087 3843 1153 ἀπόστολον,

2251 1182 2338 1235 διὰ
2367 1198 2424 1233 τε
2454 1181 2553 1251 τὴν
2584 1181 2721 1252 πρὸς
2755 1179 2847 1234 τὸν
2910 1180 3113 1247 Κύριον
3181 1182 3366 1251 τιμὴν,
3431 1180 3521 1234 διά.
3554 1198 3617 1234 τε
3656 1181 3717 1234 τὸ
3775 1183 3840 1234 ἐκ

2253 1273 2570 1343 περιουσίας
2619 1273 2714 1325 καὶ
2768 1275 2880 1335 τοῖς
2938 1272 3209 1343 Ἑϐραίοις
3262 1272 3621 1337 ἐπιστέλλειν,
3667 1272 3842 1325 ἐθνῶν

2252 1367 2467 1435 κήρυκα
2492 1364 2620 1417 ὄντα
2642 1364 2736 1418 καὶ
2758 1364 3075 1419 ἀπόστολον.
3115 1385 3134 1416 ι
3164 1361 3328 1429 Αὖθις
3347 1364 3391 1419 δ’
3426 1366 3483 1418 ἐν
3516 1368 3627 1429 τοῖς
3659 1365 3843 1428 αὐτοῖς

2250 1460 2279 1513 ό
2312 1459 2543 1529 Κλήμης
2578 1458 2803 1527 βιϐλίοις
2859 1459 2988 1530 περὶ
3037 1459 3139 1529 τῆς
3186 1458 3395 1523 τάξεως
3432 1458 3544 1512 τῶν
3595 1460 3844 1529 Εύαγγε-

2252 1549 2381 1603 λίων
2414 1550 2709 1622 παράδοσιν
2741 1550 2850 1603 τῶν
2878 1549 3142 1604 ἀνέκαθεν
3164 1550 3551 1623 πρεσϐυτέρων
3576 1551 3840 1617 τέθειται,

2249 1643 2439 1695 τοῦτον
2465 1643 2693 1713 ἔχουσαν
2718 1644 2809 1696 τὸν
2831 1643 3520 1716 τρόπονιιῐῖρογεγράφθαι
3537 1644 3839 1716 ἐλεγεν(96)

2250 1736 2360 1789 τῶν
2394 1736 2743 1805 Εὑαγγελίων
2774 1737 2844 1791 τὰ
2876 1736 3199 1808 περιέχοντα
3226 1737 3326 1802 τὰς
3361 1738 3730 1808 γενεαλογίας.
3768 1738 3842 1793 Τὸ

2248 1828 2305 1881 δὲ
2340 1828 2480 1882 κατά
2513 1830 2760 1898 Μάρκον,
2809 1829 3011 1900 ταύτην
3039 1828 3334 1900 ἐσχηκέναι
3370 1829 3470 1901 τὴν
3502 1829 3839 1901 οἰκονομίαν.

2248 1919 2355 1973 Τοῦ
2385 1921 2592 1991 Πέτρον
2616 1921 2852 1991 δημοσία
2878 1922 2935 1972 ἐν
2969 1920 3156 1994 Ῥώμῃ
3179 1921 3517 1994 κηρύξαντος
3538 1922 3628 1976 τὸν
3648 1924 3838 1992 Λόγον,

2249 2016 2342 2068 καὶ
2397 2014 2675 2085 Πνεύματι
2710 2012 2773 2065 τὸ
2802 2013 3131 2082 Εὑαγγέλιον
3177 2013 3503 2079 ἐξειπόντος,
3537 2017 3665 2081 τοὺς
3702 2036 3844 2088 παρο

2247 2104 2406 2164 όντας
2468 2100 2689 2163 πολλοὺς
2729 2098 2903 2164 ὄντας
2947 2100 3327 2172 παρακαλέσαι
3360 2101 3450 2155 τὸν
3485 2104 3729 2175 Μάρκον,
3765 2107 3842 2170 ὡς

2247 2196 2313 2249 ἂν
2362 2192 2800 2262 ἀκολουθήσαντα
2847 2191 2995 2263 αὐτῷ
3030 2193 3314 2264 πόρρωθεν
3346 2194 3455 2265 (91)
3489 2196 3585 2248 καὶ
3628 2213 3829 2268 μεμνησ

2251 2285 2407 2354 μένον
2464 2282 2575 2335 τῶν
2628 2282 2969 2353 λεχθέντων,
3040 2282 3356 2355 ἀναγράψαι
3409 2284 3481 2337 τὰ
3535 2286 3838 2357 εἰρημένα.

2249 2376 2551 2445 ποιήσαντα
2595 2374 2654 2426 δὲ
2717 2374 2778 2426 τὸ
2821 2374 3179 2443 Εύαγγέλιον,
3227 2375 3551 2447 μεταδοῦναι
3583 2379 3697 2441 τοῖς
3724 2377 3841 2432 δεο-

2250 2468 2431 2537 μένοις
2490 2466 2675 2520 αύτοῦ.
2722 2467 2898 2539 Ὅπερ
2947 2468 3237 2537 ἐπιγνόντα
3270 2466 3362 2521 τὸν
3422 2469 3650 2541 Πέτρον,
3708 2487 3840 2541 προ-

2246 2558 2555 2628 τρεπτικῶς
2609 2560 2749 2629 μήτε
2785 2559 3027 2613 κωλῦσαι
3069 2559 3179 2630 (9‘2)
3232 2560 3368 2631 μήτε
3405 2560 3835 2633 προτρέψασθαι.

2246 2653 2351 2705 Τὸν
2382 2652 2563 2722 μέντοι
2598 2651 2851 2723 Ἰωάννην
2881 2651 3106 2722 ἔσχατον
3132 2651 3416 2706 συνιδόντα
3445 2653 3528 2706 ὅτι
3552 2652 3620 2707 τὰ
3651 2671 3839 2725 σωμα-

2247 2744 2373 2796 τικὰ
2423 2746 2480 2795 ἐν
2538 2746 2649 2806 τοῖς
2697 2742 3049 2811 Εὑαγγελίοις
3089 2742 3404 2814 δεδήλωται,
3454 2746 3839 2817 προτραπέντα

2247 2835 2353 2888 ὑπὸ
2398 2835 2505 2887 τῶν
2559 2835 2852 2908 γνωρίμων
2901 2837 3035 2906 (95),
3083 2835 3360 2907 Πνεύματι
3416 2836 3836 2910 θεοφορηθέντα,

2247 2927 2613 2999 πνευματικὸν
2658 2929 2879 2999 ποιῆσαι
2913 2929 3261 2997 Εὑαγγέλιον.
3294 2950 3313 2981 ι
3356 2929 3605 2984 Τοσαῦτα
3629 2933 3657 2983 ὀ
3690 2930 3839 3002 Κλήο

2249 3037 2375 3091 ιιης.
2412 3018 2580 3073 Πάλιν
2607 3018 2650 3071 δ’
2688 3021 2716 3073 ὁ
2748 3018 3008 3089 δηλωθε“ις
3054 3019 3415 3092 Ἀλέξανδρος,
3450 3021 3544 3074 τοῦ
3587 3021 3840 3093 Κλήμενο

2249 3130 2363 3181 τος,
2393 3114 2508 3184 ἅμα
2528 3113 2583 3165 δὲ
2607 3113 2700 3166 καὶ
2730 3113 2823 3165 τοῦ
2870 3114 3168 3167 Πανταίνου
3211 3114 3267 3168 ἐν
3297 3131 3401 3168 τινι
3439 3115 3575 3186 πρὸς
3623 3114 3836 3185 Ὠριγέ-

2253 3224 2352 3278 νην
2380 3205 2637 3276 ἐπιστολῇ
2669 3205 3016 3276 μνημονεύει,
3039 3205 3114 3269 ὡς
3135 3204 3199 3276 δὴ
3232 3204 3524 3277 γνωρίμων
3564 3206 3714 3279 αὐτῷ
3744 3223 3838 3277 γε·

558 3294 682 3331 cum
715 3278 926 3332 videret
962 3279 1014 3330 iu
1053 3279 1280 3331 aliorum
1329 3278 1634 3350 Evangeliis
1658 3295 1721 3333 ea
1756 3295 1877 3350 qua:
1909 3281 1976 3334 ad
2011 3296 2143 3336 cor-

2251 3299 2492 3369 νομένων
2518 3297 2625 3350 τῶν
2652 3298 2882 3369 ἀνδρῶν.
2910 3298 3113 3371 Γράφει
3140 3299 3197 3353 δὲ
3225 3297 3399 3362 οὕτως
3418 3314 3431 3329 θ
3480 3319 3499 3351 ι
3532 3298 3705 3354 Τοῦτο
3727 3300 3837 3371 γὰρ

556 3385 661 3440 pus
689 3370 890 3427 Christi
921 3373 1194 3441 pertinent
1236 3373 1432 3425 tradita
1464 3389 1605 3439 esse,
1646 3374 1758 3444 ipse
1797 3374 1982 3428 divino
2021 3374 2145 3444 Spi-

555 3476 666 3530 ritu
709 3474 923 3531 amatus
948 3477 1194 3545 spiritale
1235 3477 1586 3547 Evangelium
1626 3477 1979 3533 familiarium
2013 3493 2143 3533 suo-

558 3598 681 3637 rum
704 3594 899 3653 rogatu
932 3584 1279 3654 conscripsit.
1320 3603 1340 3636 ι
1368 3582 1641 3641 Hactenus
1666 3584 1938 3640 Clemens.
1969 3583 2143 3639 Porro

558 3686 872 3742 Alexander
905 3687 951 3741 is
996 3686 1065 3741 de
1096 3702 1205 3755 quo
1238 3686 1494 3756 superius
1526 3686 1790 3753 diximus,
1819 3692 1873 3741 in
1909 3688 2145 3757 quadam

561 3791 631 3846 ad
666 3790 957 3861 Origenem
989 3790 1240 3861 epistola,
1276 3790 1572 3847 Clementis
1617 3792 1778 3847 simul
1811 3808 1873 3848 ac
1900 3791 2145 3847 Pantaeni

561 3911 819 3968 tanquam
851 3898 1205 3954 familiarium
1240 3915 1469 3954 suorum
1502 3900 1837 3954 mentionem
1887 3898 2023 3954 facit
2063 3899 2149 3953 his

560 4005 788 4060 verbis:
822 4023 841 4056 ι
879 4003 1005 4060 llaec
1051 4005 1192 4058 enim
1256 4005 1350 4061 Dei
1392 4006 1646 4060 voluntas
1696 4005 1823 4071 fuit,
1869 4016 1929 4060 ut
1976 4006 2147 4071 nosti,

560 4127 670 4181 quo
698 4111 937 4167 amicitia
966 4123 1149 4168 nostra
1178 4112 1292 4181 jam
1326 4113 1452 4166 inde
1478 4127 1509 4165 a
1537 4109 1838 4179 majoribus
1865 4111 2140 4175 inchoata,

558 4233 720 4274 sacra
753 4228 918 4288 atque
954 4216 1212 4272 inviolata
1262 4226 1527 4284 maneret,
1573 4217 1683 4273 imo
1736 4216 2035 4272 ferventior
2077 4232 2142 4272 ac

2253 3391 2348 3443 καὶ
2396 3390 2606 3459 θέλημα
2656 3389 2812 3453 Θεοῦ,
2859 3389 2934 3463 ᾡς
2990 3387 3155 3455 οἶδας,
3206 3391 3452 3459 γέγονεν,
3506 3392 3593 3444 ἵνα
3642 3393 3676 3463 ἡ
3730 3392 3838 3447 ἀπὺ

2255 3482 2531 3551 προγόνων
2571 3483 2702 3551 ἡμῖν
2746 3481 2897 3550 φιλία
2937 3481 3071 3551 μένῃ
3104 3481 3337 3545 ἄσυλος·
3376 3481 3576 3551 μᾶλλον
3623 3482 3679 3536 δὲ
3712 3482 3837 3555 θερ-

2256 3571 2518 3650 μοτέραῇ
2566 3576 2660 3627 καὶ
2696 3574 3034 3645 βεϐαιοτέρα.
3089 3575 3338 3647 Πατέρας
3371 3575 3480 3647 γὰρ
3515 3576 3672 3648 ἴσμεν
3709 3578 3835 3642 τοὺς

2256 3667 2557 3739 μακαρίους
2594 3666 2836 3731 ἐκείνους
2880 3669 3006 3731 τοὺς
3056 3666 3512 3739 προοδεύσαντας,
3563 3669 3697 3742 πρὸς
3743 3668 3837 3732 οὓς

2256 3760 2370 3828 μετ’
2409 3758 2587 3826 ὀλίγον
2631 3758 2889 3828 ἐσόμεθα,
2957 3758 3261 3812 Πάνταινον
3304 3758 3396 3813 τὸν
3442 3758 3713 3831 μακάρων
3760 3760 3839 3824 ὡς

2251 3850 2466 3922 ἀληθῶς
2497 3849 2592 3904 καὶ
2620 3849 2830 3921 κύριον,
2870 3851 2965 3903 καὶ
3002 3850 3094 3904 τὸν
3130 3851 3275 3922 ἱερὸν
3310 3850 3605 3922 Κλήμεντα
3646 3850 3836 3922 κύριόν

2254 3959 2354 4012 μου
2393 3941 2682 4011 γενόμενον
2716 3942 2809 3995 καὶ
2838 3940 3198 4013 ὠφελήσαντα
3232 3959 3321 4013 με,
3349 3944 3441 3996 καὶ
3464 3941 3519 3996 εἴ
3539 3960 3621 4006 τις
3651 3943 3837 4015 ἕτερος

2248 4033 2510 4097 τοιοῦτος,
2535 4033 2601 4087 δι’
2631 4025 2706 4087 ὧν
2741 4050 2800 4085 σε
2821 4032 3093 4104 ἐγνώρισα
3121 4034 3214 4087 τὸν
3236 4033 3378 4087 κατά
3407 4035 3584 4088 πάντα
3611 4033 3836 4106 ἄριστον

2250 4128 2343 4178 καὶ
2376 4124 2564 4196 κύριόν
2598 4142 2697 4196 μου
2716 4126 2811 4178 καὶ
2831 4124 3075 4195 ἀδελφόν.
3114 4143 3133 4176 ι
3164 4123 3274 4178 Καὶ
3303 4126 3475 4179 ταῦτα
3515 4125 3613 4197 μὲν
3647 4126 3836 4181 τοιαῦ-

2249 4234 2335 4270 τα.
2398 4218 2457 4271 Ὀ
2479 4216 2629 4286 γέτοι
2705 4216 3079 4289 Ἀδαμάντιος,
3130 4217 3225 4271 καὶ
3280 4217 3439 4270 τοῦτο
3483 4219 3591 4290 γὰρ
3646 4213 3723 4289 ἦν
3755 4215 3842 4285 τῷ

654 4375 745 4452 90)
762 4374 1210 4452 Προγεγράξθαι
1229 4374 1462 4452 ἔλεγεν.
1486 4370 2077 4452 InﬁcoddlMaqucd.
2100 4380 2148 4426 et

2262 4372 2614 4452 remus,_haec
2643 4371 2784 4425 inter
2828 4386 3030 4452 sennon
3078 4371 3479 4452 pugnant.__Ait
3523 4372 3679 4452 enim
3714 4372 3837 4429 Cle-

557 4444 697 4501 Fuk.
727 4444 1171 4518 προγεγράφθαι

560 4519 840 4576 scribitur.

634 4589 745 4659 (9t)
769 4588 1101 4656 Πόρρωθεν.
1136 4586 1242 4640 Pro
1270 4588 1374 4641 hac
1403 4600 1539 4659 voce
1569 4584 1907 4659 Nicephorus
1941 4583 2144 4659 substi-

559 4655 667 4713 tuit
693 4661 757 4712 ἐκ
789 4655 1007 4718 πολλοῦ,
1041 4666 1097 4710 (ιι
1120 4674 1243 4709 ιτιιιιι
1273 4658 1523 4725 sequenti
1549 4658 1715 4712 verbo
1741 4657 2023 4726 conjunxit
2043 4655 2145 4708 hoc

561 4731 747 4788 modo.
784 4729 877 4781 καὶ
910 4730 974 4780 ἐκ
1005 4727 1202 4781 πολλοῦ
1240 4727 1611 4797 μεμνημένον.

636 4798 747 4867 (9Ξ)
784 4793 1722 4866 Προτρεπτικῶςγλιῆτέκωλῦσαι.
1747 4798 1823 4850 Ita
1854 4796 2053 4864 legitur
2090 4793 2143 4847 in

563 4870 817 4923 Omnibus
854 4870 1033 4932 libris,
1064 4881 1117 4920 et
1162 4870 1302 4935 apud
1330 4867 1716 4937 Nicephorum.
1747 4868 2143 4933 Christophor-

564 4954 735 4994 sOnus
761 4950 938 4991 tamen
975 4939 1235 4991 amlacter
1262 4941 1514 5000 mutavit,
1536 4942 1662 5008 quia
1693 4942 2147 5008 scilicetevangr-

562 5008 683 5062 lica:
723 5009 1035 5061 auctoritati
1078 5007 1193 5061 haec
1230 5012 1504 5062 adversari
1553 5006 1895 5063 videbantur.
1946 5006 2053 5060 Sed
2087 5014 2144 5058 et

562 5078 830 5149 Eusebius
864 5078 977 5145 ipse
1016 5078 1067 5149 id
1110 5079 1267 5131 aliter
1288 5081 1468 5131 retulit
1505 5096 1667 5149 supra
1703 5080 1755 5131 in
1789 5079 1983 5149 lib._tt,
2019 5090 2140 5142 cap.

566 5149 651 5203 Η.
689 5145 806 5201 Illic
836 5149 980 5200 enim
1007 5148 1210 5201 diserte
1237 5152 1451 5213 scribit,
1486 5145 1710 5204 Petrum
1745 5165 1868 5201 cum
1902 5146 2148 5214 Evange-

563 5219 696 5272 lium
730 5228 919 5288 rogatu
957 5218 1184 5272 fratrum
1215 5222 1304 5287 qui
1331 5219 1517 5273 Bonae
1543 5228 1725 5277 erant,
1753 5233 1781 5269 a
1803 5218 1987 5270 Marco
2013 5231 2146 5269 con-

560 5290 830 5358 scriptum
877 5304 997 5343 esse
1038 5291 1340 5356 didicisset,
1384 5305 1653 5357 propenso
1698 5288 1915 5341 illorqu
1963 5288 2145 5358 studio

561 5356 890 5430 magnopere
924 5358 1258 5430 delectatum
1303 5375 1449 5423 esse,
1490 5356 1546 5412 et
1607 5358 1960 5427 Evangelium
2015 5356 2144 5430 illud

562 5427 724 5499 prout
755 5429 857 5498 ipsi
891 5432 1189 5482 revelatum
1239 5429 1416 5483 fuerat
1460 5432 1839 5490 conﬁrmasse,
1904 5427 2147 5480 auxisse-

562 5515 669 5567 que
692 5508 751 5551 ut
783 5515 833 5551 tu
865 5499 1122 5553 Ecclesiis
1157 5500 1462 5568 legeretur;
1483 5500 1744 5568 idqneita
1770 5500 1998 5568 relatum
2025 5511 2147 5550 esse

564 5564 756 5622 scribit
778 5571 1111 5639 apuletuente
1135 5570 1185 5621 in
1216 5564 1314 5622 ιιι).
1360 5585 1408 5620 vr
1445 5564 1875 5639 Ημετὸιυμοδεοιι,
1908 5569 1992 5621 cui
2024 5574 2147 5619 sub-

563 5640 757 5693 scribit
796 5638 986 5706 Papias
1028 5639 1484 5706 liierapoliianus.
1539 5638 1639 5693 llic
1683 5653 1813 5691 vero
1848 5639 2146 5692 (ileinentis

562 5710 729 5760 verba
762 5723 827 5760 ex
858 5711 1048 5762 eodem
1075 5709 1213 5760 libro
1240 5712 1483 5762 relercns
1511 5709 1801 5767 Eusebius,
1827 5709 1992 5761 aliter
2020 5724 2142 5760 cum

567 5778 875 5842 loquentem
902 5779 1125 5833 inducit.
1165 5778 1360 5833 Verum
1396 5781 1441 5834 si
1472 5796 1587 5834 rem
1618 5780 1878 5835 attentius
1903 5780 2141 5833 conside

1224 4441 1463 4513 ἐλέγετο.
1534 4441 1637 4498 Sed
1704 4443 1889 4512 ἔλεγεν
1944 4447 2152 4498 rectius

2258 4460 2434 4508 mens,
2481 4441 2700 4495 Petrum
2738 4457 2858 4495 cum
2893 4441 3237 4513 Evangeliqu
3281 4458 3310 4495 a
3343 4442 3527 4498 Marco
3573 4445 3836 4513 scriptum

2256 4513 2572 4581 editumque
2593 4528 2715 4565 esse
2738 4512 3101 4581 cognovisset,
3129 4512 3307 4581 palam
3333 4528 3432 4567 nec
3451 4512 3708 4577 vetuisse,
3739 4530 3837 4568 nec

2246 4580 2526 4636 laudasse.
2558 4580 2698 4635 Rem
2727 4580 2889 4652 igitur
2929 4583 3095 4637 tacito
3129 4597 3400 4637 consensu
3436 4584 3833 4650 comprobavit.

2245 4656 2425 4721 Atque
2466 4653 2538 4705 ita
2571 4652 2918 4724 concilianda
2945 4662 3075 4707 sunt
3100 4653 3217 4707 hmo
3241 4655 3347 4724 duo
3371 4652 3507 4718 loca,
3539 4668 3662 4724 qua:
3684 4654 3838 4709 Chri-

2248 4724 2652 4791 stophorsouus
2688 4722 2834 4775 inter
2867 4738 2927 4777 se
2973 4738 3215 4793 pugnare
3252 4722 3610 4778 existimavit.
3643 4726 3748 4779 Sed
3778 4737 3836 4779 et

2251 4794 2487 4846 Rufinus
2510 4795 2767 4847 eumdem
2809 4809 3028 4845 Sensum
3061 4804 3279 4847 secutus
3312 4804 3416 4859 eSI,
3448 4809 3569 4847 cum
3603 4795 3676 4848 ita
3712 4809 3835 4848 ver-

2250 4865 2316 4917 tit
2356 4882 2368 4917 :
2401 4862 2634 4931 Cumque
2665 4863 2864 4932 factum
2900 4861 3089 4915 Petrus
3114 4865 3455 4931 postmodum
3478 4866 3833 4933 cognovisset,

2247 4937 2366 4987 licet
2389 4934 2506 5001 ﬁeri
2535 4940 2703 5000 ipsum
2732 4949 2833 4986 non
2860 4933 3102 5001 jusserit,
3134 4945 3306 4986 tamen
3337 4934 3538 5002 factum
3579 4950 3680 4987 uou
3713 4952 3838 5002 pro-

2246 5005 2438 5056 ltibutl.
2466 5002 2584 5056 Non
2613 5004 2789 5071 potuit
2815 5004 3005 5056 melius
3045 5005 3275 5072 exprimi
3319 5006 3619 5057 Clementis
3659 5004 3832 5059 locus.

2248 5076 2418 5128 Porro
2442 5076 2496 5126 in
2527 5074 2723 5127 Graeco
2754 5074 3100 5145 scribendum
3135 5074 3353 5127 videtur
3376 5089 3517 5145 προᾳ
3534 5074 3691 5140 λνῶς,
3726 5089 3834 5129 non

2247 5156 2425 5197 autem
2464 5143 2907 5216 προτρεπτικῶς.
2943 5142 3200 5216 Fortasse
3227 5142 3642 5216 autem'lfapias
3665 5160 3836 5216 raper-

2251 5214 2601 5282 tius,locntus
2630 5217 2807 5267 fuerat
2838 5228 3002 5282 quam
3025 5215 3310 5278 Cletnens,
3351 5225 3407 5268 et
3442 5214 3609 5269 Marci
3660 5214 3834 5270 Evan-

2246 5286 2448 5356 geliutu
2475 5303 2501 5336 ιι
2530 5286 2688 5338 Petro
2712 5286 3288 5356 conlirntatnm‘l‘uisse
3315 5287 3547 5339 dixerat.

2320 5356 2431 5427 (93)
2462 5353 3025 5427 chrp_azérta_o:zd
3048 5353 3169 5407 τῶν
3201 5354 3834 5427 γνωρίμωνδιὶετοιιιν-

2247 5422 2379 5495 tuus
2407 5422 2458 5480 in
2504 5422 2831 5495 Pru'fatioue
2866 5422 3391 5495 Commentariorum
3420 5428 3474 5477 in
3516 5422 3830 5478 ﬂammasin

2248 5499 2314 5550 de
2361 5494 2571 5550 Joanne
2624 5494 2871 5564 loquens,
2920 5498 3001 5548 sic
3048 5497 3127 5547 ait
3173 5494 3596 5549 :Ecclesiaslica
3645 5504 3831 5549 narrat

2247 5568 2489 5629 historia,
2523 5583 2641 5619 cum
2674 5585 2706 5618 α
2750 5566 3010 5633 fratribus
3042 5575 3323 5632 cogeretur
3349 5576 3403 5617 ut
3438 5567 3705 5630 scriberet,
3747 5565 3832 5617 im

2249 5637 2512 5704 [ucturum
2533 5654 2586 5689 se
2600 5637 2949 5703 respondisse,
2968 5636 3013 5687 si
3032 5638 3223 5704 iudicio
3233 5635 3441 5704 jejunio
3459 5639 3512 5687 in
3530 5650 3833 5688 communes

2248 5703 2422 5759 Omnes
2457 5706 2621 5759 Deum
2652 5708 3082 5773 deprecarentur.
3117 5703 3485 5773 Quo’explcto,
3516 5705 3832 5759 reuelatione

2248 5786 2540 5841 salutatus,
2574 5777 2707 5829 illud
2737 5791 3047 5850 promumru
3089 5792 3115 5829 ι
3150 5786 3277 5830 coelo
3318 5778 3524 5830 veniens
3553 5774 3827 5831 tractavit.
