4222 6388
410 272 507 331 555
1401 259 1753 318 HISTORle
1790 260 2353 322 ECCLESIASTICE
2390 265 2520 322 LIB.
2567 264 2658 324 Vl.
3582 253 3692 329 55‘

412 390 684 465 Ὠριγὲνει
715 387 906 459 ὄνομα,
962 381 1258 455 Ζεφυρῐνου
1301 380 1443 437 κατὰ
1479 380 1671 437 τούσδε
1717 382 1844 446 τοὺς
1876 382 2003 455 χρό-

2108 382 2319 439 firmior
2344 383 2688 441 redderetur.
2723 381 2914 439 Patres
2935 382 3508 456 quippe'agndscimds
3549 383 3686 439 hea-

402 500 528 548 νους
561 481 664 554 τῆς
703 477 993 550 Ῥωμαίων
1053 473 1381 547 Ἐκκλησίας
1426 474 1755 547 ἡγουμένου,
1804 475 1996 546 ἐπιδη-

2110 486 2193 531 tos
2217 476 2337 532 illos
2371 478 2463 548 qui
2496 477 2645 532 viam
2673 477 2833 533 nobis
2872 480 3233 548 praeiverunt,
3272 486 3328 535 et
3354 494 3493 551 quos
3532 475 3689 530 brevi

407 574 580 646 μῆσαι
611 574 679 646 τῇ
723 569 912 642 Ῥώμῃ
936 565 1048 639 (94)
1077 566 1171 619 καὶ
1210 564 1374 629 αὑτός
1402 581 1507 617 που
1541 564 1764 635 γράφει,
1802 563 1997 634 λέγων.

2107 569 2348 625 secuturi
2379 584 2601 635 sumus;
2633 569 2955 626 Pantaenum
2990 568 3203 626 scilicet
3222 571 3350 627 vere
3372 569 3593 626 beatum
3628 580 3694 619 ac

405 668 701 739 εὐξάμενος
739 662 838 735 τὴν
894 656 1263 732 ἀρχαιοτάτην
1332 655 1621 727 Ῥωμαίων
1673 655 2002 729 Ἐκκλησίαν

2107 659 2378 716 dominum
2408 677 2587 716 meum
2615 683 2628 718 :
2665 670 2720 718 et
2752 670 3000 718 sanctum
3032 661 3369 718 Clementem
3401 662 3695 719 dominum

411 759 559 813 ἰδεῖν·
608 754 738 810 ἔνθα
798 754 858 807 οὐ
909 752 1046 806 πολὺ
1096 748 1404 822 διατρίψας,
1454 747 1734 801 ἐπάνεισιν
1777 749 1857 812 εἰς
1901 747 2001 821 τὴν

2107 751 2226 806 item
2261 768 2440 808 meum
2494 755 2590 824 qui
2638 768 2725 809 me
2766 753 3059 824 plurimum
3106 753 3311 822 adjuvit
3337 770 3352 807 :
3378 761 3434 811 et
3468 754 3517 812 si
3559 751 3687 825 quis

420 848 846 920 Ἀλεξάνδρειαν.
887 843 1000 898 Καὶ
1033 842 1099 915 δὴ
1128 841 1202 896 τὰ
1247 840 1449 913 συνήθη
1494 839 1597 910 τῆς
1630 840 1995 911 κατηχήσεως

2107 842 2237 897 ilius
2266 843 2371 899 fuit
2413 846 2747 917 hujusmndi.
2794 846 2899 903 Per
2928 861 3069 918 quos
3098 854 3152 902 tu
3183 846 3315 902 mihi
3356 848 3685 912 innotuisti,

408 941 643 998 ἐνταῦθα
676 937 814 1010 μετὰ
856 936 1038 1021 πάσης
1082 934 1322 1006 ἐπλήρου
1371 930 1629 1003 σπουδῆς,
1677 931 1993 1015 Δημητρίου

2107 934 2324 991 domine
2355 951 2419 992 ac
2451 937 2619 993 frater
2658 938 2817 1010 longe
2859 939 3105 995 omnium
3146 939 3618 1009 praestantissime.
3659 943 3679 992 ὖ

407 1035 518 1090 τῶν
562 1033 690 1105 τῇδε
715 1028 1016 1085 ἐπισκόπου
1064 1026 1145 1080 ἐτι
1192 1024 1314 1079 τότε
1366 1021 1761 1095 παρορμῶντος
1809 1022 1992 1091 αὑτὸν,

2107 1025 2170 1080 Et
2204 1026 2319 1080 haec
2352 1028 2571 1098 quidem
2602 1030 2676 1086 ita
2708 1046 2768 1087 se
2810 1033 3034 1088 habent.
3060 1032 3420 1089 Adamantius
3448 1049 3580 1091 vero
3607 1032 3685 1107 (itl

410 1128 505 1181 καὶ
539 1121 822 1196 μονονουχὶ
870 1115 1297 1181 ἀντιϐολοῦντος,
1346 1114 1559 1178 ἀόκνως
1604 1112 1703 1186 τὴν
1744 1115 1827 1179 εἰς
1868 1115 1997 1180 τοὺς

2107 1119 2248 1173 enim
2276 1120 2443 1176 etiam
2470 1119 2694 1193 Origeni
2729 1138 2925 1179 nomen
2960 1124 3084 1196 fuit)
3110 1123 3420 1198 Zephyrino
3444 1141 3542 1197 per
3571 1127 3688 1182 haec

411 1217 674 1287 ἀδελφοὺς
697 1212 965 1283 ὠφέλειαν
990 1207 1280 1262 ποιεῖσθαι.

2107 1219 2352 1282 tempora
2403 1212 2705 1270 Romanam
2759 1214 3064 1274 Ecclesiam
3104 1212 3481 1291 gubernante,
3524 1235 3585 1276 se
3629 1219 3686 1275 in

410 1313 601 1367 urbem
637 1308 866 1363 Romam
910 1304 1199 1360 advenisse
1229 1302 1443 1366 scribit,
1483 1316 1607 1357 cum
1677 1300 1780 1356 sibi
1823 1302 1877 1355 in
1913 1302 2052 1359 votis
2082 1303 2301 1374 fuisset,
2365 1309 2512 1364 ‘sicut
2557 1310 2788 1381 ipsemet
2831 1312 3029 1369 alicubi
3077 1313 3233 1380 dicit,
3260 1313 3559 1371 Romanam
3586 1316 3690 1370 Ec-

410 1406 637 1461 clesiam
703 1402 948 1457 omnium
1023 1397 1467 1472 antiquissimam
1544 1409 1731 1450 coram
1769 1395 1974 1453 videre.
2029 1399 2102 1454 lbi
2131 1401 2404 1471 paulisper
2446 1410 2708 1474 moratus,
2748 1405 3134 1464 Aletandriam
3174 1409 3351 1465 rediit.
3402 1410 3504 1468 Ubi
3552 1426 3689 1467 con-

412 1506 625 1553 suetum
670 1495 1086 1552 catechumenos
1151 1490 1379 1547 docendi
1429 1489 1664 1546 cilicium
1727 1493 1876 1547 omni
1910 1495 2087 1550 studio
2155 1511 2221 1553 ac
2276 1498 2557 1568 diligentia
2612 1506 2907 1559 exercuit:
2945 1504 3220 1561 Demetrio
3257 1505 3494 1563 civitatis
3568 1508 3687 1580 epi-

413 1606 578 1664 scopo
602 1591 882 1647 etiamtum
905 1587 1054 1643 illum
1083 1587 1247 1658 217
1268 1587 1540 1651 hortante,
1561 1601 1629 1642 ac
1651 1595 1859 1643 tantum
1891 1605 1998 1645 non
2038 1590 2379 1663 supplicante
2412 1604 2476 1652 ut
2506 1594 2735 1653 fratrum
2775 1599 2996 1654 utilitati
3028 1600 3265 1672 impigre
3289 1601 3545 1659 serviret.

937 1678 1334 1733 ΚΕΦΑΛΑΙΟΝ
1368 1678 1469 1734 IE'.

2668 1686 2945 1744 CAPUT
2982 1682 3123 1747 XV.

620 1771 763 1842 Περὶ
786 1770 911 1841 τοῦὁ
932 1766 1186 1839 Ἠρακλεῖ
1218 1766 1359 1840 (Nic.
1389 1766 1462 1822 H.
1497 1765 1566 1821 Ε.
1595 1782 1653 1831 v,
1674 1760 1779 1830 ll).

489 1859 551 1917 Ὀ
595 1862 642 1916 δ’
687 1861 765 1926 ὡς
810 1859 1004 1914 ἐαυτὸν
1053 1858 1200 1931 ἐώρα
1247 1857 1323 1930 μὴ
1371 1856 1728 1931 ἐπαρκοῦντα
1780 1860 1846 1930 τῇ
1893 1856 2004 1911 τῶν

410 1957 571 2011 θείων
602 1952 876 2027 βαθυτέρᾳ
912 1953 1100 2024 σχολῇ,
1128 1954 1195 2024 τῇ
1228 1965 1287 2005 τε
1328 1950 1576 2018 ἐξετάσει
1612 1948 1706 2005 καὶ
1736 1946 1999 2022 ἑρμηνείᾳ

409 2050 519 2104 τῶν
556 2047 720 2122 ιερῶν
758 2046 1129 2118 Γραμμάτων,
1170 2043 1266 2099 καὶ
1317 2041 1542 2116 προσέτι
1575 2042 1642 2113 τῇ
1691 2039 1800 2094 τῶν
1831 2058 2004 2110 προο-

415 2142 603 2197 ιόντων
650 2140 974 2212 κατηχήσει,
1027 2137 1150 2209 μηδ’
1200 2133 1538 2190 ἀναπνεῦσαι
1573 2130 2003 2204 συγχωρούντων

411 2233 581 2306 αὐτῷ,
609 2232 812 2306 ἐτέρων
833 2232 918 2301 ἐφ’
945 2228 1159 2301 ἑτέροις
1202 2227 1261 2295 ἐξ
1292 2227 1369 2281 ἒω
1405 2227 1502 2281 καὶ
1537 2222 1731 2297 μέχρις
1763 2220 2001 2297 ἑσπέρας

413 2326 506 2381 ἐπὶ
530 2326 594 2380 τὸ
617 2324 748 2396 παρ’
780 2322 930 2394 αὑτῷ
952 2320 1319 2377 διδασκαλεῖον
1341 2316 1673 2389 φοιτώντων,
1712 2316 1999 2388 διανείμας

412 2419 483 2473 τὰ
516 2416 718 2490 πλήθη,
738 2416 831 2470 τὸν
865 2414 1143 2487 Ἠρακλᾶν
1187 2412 1296 2466 τῶν
1333 2408 1631 2482 γνωρίμων
1674 2409 1996 2483 προκρίνας,

413 2508 473 2564 ἐν
499 2526 561 2563 τε
589 2509 702 2571 τοῖς
736 2506 897 2570 θείοις
922 2504 1229 2571 σπουδαῖον,
1253 2503 1348 2558 καὶ
1372 2501 1549 2566 ἄλλως
1580 2500 1710 2556 ὄντα
1732 2499 1998 2571 λογιώτα-

412 2616 507 2656 τον
560 2599 729 2670 ἄνδρα
767 2598 861 2651 καὶ
912 2594 1231 2667 φιλοσοφίας
1274 2595 1376 2648 οὐκ
1432 2594 1689 2665 ἄμοιρον,
1743 2592 2000 2647 κοινωνὸν

413 2691 647 2761 καθίστη
691 2690 790 2761 τῆς
829 2690 1206 2761 κατηχήσεως,
1242 2686 1322 2758 τῷ
1359 2685 1457 2758 μὲν
1486 2685 1586 2757 τὴν
1618 2683 1846 2757 πρώτην
1891 2683 2000 2738 τῶν

414 2786 542 2860 ἄρτι
576 2784 1023 2856 στοιχειουμένων
1053 2780 1362 2853 εἰσαγωγὴν
1399 2777 1720 2851 ἐπιτρέψας,
1755 2776 1906 2850 αὑτῷ
1940 2775 2001 2832 δὲ

414 2879 515 2950 τὴν
543 2877 652 2933 τῶν
681 2878 740 2931 ἐν
762 2876 873 2941 ἔξει
898 2872 1139 2945 φυλάξας
1162 2873 1450 2945 ἀκρόασιν.

2712 1776 2792 1830 De
2818 1775 3076 1832 He‘racla.

2174 1866 2309 1921 Cum
2341 1874 2521 1923 autem
2553 1869 3014 1924 animadverteret
3052 1884 3113 1925 se
3158 1884 3503 1944 nequaquam
3539 1873 3691 1930 sum-

2105 1974 2231 2017 cere
2252 1962 2322 2018 ad
2350 1961 2676 2032 quietiorem
2708 1977 2891 2017 rerum
2921 1962 3228 2017 divinarum
3262 1967 3690 2039 contemplatio-

2109 2068 2258 2117 nem,
2280 2062 2337 2108 et
2361 2055 2428 2109 ad
2456 2069 2628 2110 sacra:
2664 2053 2964 2123 Scriptura:
2985 2057 3376 2111 scrutationem
3406 2065 3571 2130 atque
3604 2061 3692 2116 in:-

2110 2143 2594 2213 terpretationem,
2637 2143 2912 2213 simulque
2955 2142 3022 2196 ad
3065 2142 3464 2203 institutionem
3495 2163 3688 2207 eorum

2106 2233 2201 2303 qui
2249 2233 2316 2288 ad
2353 2234 2531 2304 ipsum
2578 2235 2951 2304 accedebant,
2989 2251 3087 2306 per
3127 2251 3263 2307 quos
3302 2252 3372 2293 ne
3414 2241 3692 2311 respirare

2105 2325 2327 2395 quidem
2372 2326 2474 2396 ipsi
2521 2326 2746 2393 licebat,
2779 2341 2907 2383 cum
2946 2327 3038 2382 alii
3085 2343 3250 2401 super
3283 2331 3422 2388 alios
3453 2348 3484 2387 a
3510 2333 3691 2403 primo

2105 2416 2242 2474 lucis
2282 2428 2479 2474 exortu
2520 2434 2695 2491 usque
2731 2421 2798 2477 ad
2831 2437 3115 2494 vesperam
3154 2423 3398 2480 scholam
3432 2424 3550 2494 ejus
3579 2424 3691 2481 fre-'

2106 2519 2434 2579 quentarent
2469 2527 2483 2564 :
2514 2512 2690 2568 divisa
2739 2515 2889 2570 omni
2947 2517 3253 2573 auditorum
3313 2516 3689 2580 multitudzne;

2107 2598 2394 2656 Heraclam
2435 2614 2503 2657 ex
2543 2600 2906 2660 familiaribus
2947 2607 3061 2661 suis
3090 2604 3354 2676 deligens,
3384 2604 3562 2660 virum
3600 2620 3693 2661 re-

2108 2704 2230 2747 rum
2272 2693 2576 2749 divinarum
2613 2697 2944 2765 studiosum,
2967 2706 3024 2753 et
3057 2697 3259 2765 alioqui
3288 2696 3690 2763 doctissimum,

2107 2796 2210 2837 nec
2237 2792 2529 2854 ,expertem
2581 2786 2969 2857 philosophiae,
3002 2790 3056 2843 in
3104 2787 3332 2843 docendi
3376 2785 3703 2854 ofﬁciosa:

2107 2869 2253 2925 cium
2281 2870 2385 2926 sibi
2409 2880 2575 2944 atque
2603 2877 2991 2934 administrum
3025 2877 3293 2948 adiunxit.
3329 2876 3395 2931 Et
3423 2878 3554 2934 huic
3571 2879 3695 2948 qui-

417 2973 540 3028 dem
570 2971 965 3028 institutionem
999 2982 1194 3025 eorum
1223 2967 1319 3039 qui
1385 2966 1580 3039 primis
1642 2967 1821 3023 adhuc
1859 2966 2237 3023 imbuerentur
2289 2970 2614 3029 rudimentis
2685 2974 2996 3029 mandavit:
3024 2974 3126 3029 sibi
3182 2987 3315 3029 vero
3340 2970 3694 3041 perfectiores

417 3066 693 3122 docendos
725 3063 1047 3121 reservavit.

927 3156 1327 3214 ΚΕΦΛΛΑΙΟΝ
1367 3157 1484 3225 ις’.

417 3247 612 3318 ὀπως
685 3248 989 3321 Ὠριτένης
1040 3249 1174 3321 περὶ
1229 3250 1385 3321 get
1408 3248 1613 3321 θείας-μ
1636 3247 2005 3304 ἐσπουδάκει

765 3317 1013 3388 ιῖοαςράς
1039 3318 1182 3390 (Nic.
1223 3317 1296 3373 Η.
1338 3317 1406 3371 E.
1450 3333 1502 3382 v,
1536 3317 1643 3390 tl).

487 3410 740 3480 Τοσαύτη
776 3409 834 3463 δὲ
868 3410 1117 3481 εἰσήγετο
1146 3408 1225 3480 τῷ
1281 3408 1542 3481 Ὠριγένει
1581 3408 1689 3462 τῶν
1721 3408 1881 3463 θείων
1912 3407 2004 3464 λό·

416 3510 531 3575 γων
563 3500 1001 3574 ἀπηκριϐωμένη
1036 3499 1304 3567 ἐξέτασις,
1354 3500 1431 3565 ὡς
1467 3501 1562 3554 καὶ
1603 3499 1702 3571 τὴν
1747 3500 2004 3572 Ἑϐραΐδα

417 3594 666 3665 γλῶτταν
697 3592 978 3664 ἐκμαθεῖν,
1020 3592 1120 3655 τάς
1146 3609 1206 3645 τε
1246 3591 1399 3664 παρά
1435 3594 1548 3656 τοῖς
1592 3591 1870 3656 Ἰουδαίοις
1900 3594 2003 3665 ἐμ-

419 3678 729 3757 φερομένας
749 3681 1139 3754 πρωτοτύπους
1181 3681 1366 3744 αὐτοῖς
1405 3681 1672 3752 Ἐϐραίων
1717 3681 2005 3753 στοιχείοις

418 3775 645 3850 Γραφὰς
672 3774 806 3847 (95),
834 3774 1022 3845 κτῆμα
1054 3773 1186 3827 ἴδιον
1218 3771 1571 3844 ποιήσασθαι,
1596 3771 1913 3842 ἀνιχνεῦσαι
1942 3789 2004 3826 τε

417 3868 521 3934 τὰς
551 3867 661 3921 τῶν
693 3867 899 3938 ἐτέρων
936 3865 1090 3939 παρὰ
1122 3866 1249 3929 τοὺς
1293 3863 1695 3937 Ἐϐδομήκοντα
1721 3862 1822 3930 τὰς
1854 3864 2007 3936 ίερὰς

418 3954 646 4028 Γραφὰς
686 3954 1107 4027 ήρμηνευκότων
1149 3954 1424 4018 ἐκδόσειςο
1468 3954 1562 4009 καί
1616 3971 1770 4019 τινας
1812 3955 2007 4027 ἐτέρας

419 4052 574 4126 παρὰ
611 4053 712 4117 τὰς
760 4050 1256 4124 καθημαξεὺμὲνας
1302 4049 1599 4120 ἑρμηνείας
1645 4048 2002 4104 ἐναλλαττού-

422 4162 542 4210 σας,
584 4147 685 4217 τὴν
747 4143 972 4199 Ἀκύλου
1022 4144 1119 4199 καὶ
1161 4142 1481 4213 Συμμάχου,
1519 4143 1614 4197 καὶ
1644 4141 2004 4206 Θεοδοτίωνος

421 4240 695 4310 ἐφευρεϊν,
725 4237 792 4302 ἃς
821 4237 923 4291 οὐκ
948 4232 1044 4290 οἷδ’
1070 4235 1193 4290 ὅθεν
1214 4234 1279 4288 ἐκ
1296 4251 1457 4288 τινων
1491 4234 1685 4307 μυχῶν
1714 4233 1807 4289 τὸν
1839 4234 2008 4289 πάλαι

422 4328 791 4394 λανθανούσας
835 4329 1028 4401 χρόνον
1085 4329 1166 4393 είς
1220 4326 1338 4397 φῶς
1389 4326 1713 4398 ἀνιχνεύσας
1760 4329 2011 4400 προήγαδ

422 4438 519 4494 γεν
551 4421 685 4495 (96).
721 4420 837 4492 Ἐφ’
863 4415 939 4476 ὧν
970 4420 1058 4475 διὰ
1094 4421 1196 4493 τὴν
1234 4418 1559 4493 ἀδηλότητα,
1605 4420 1750 4484 τίνος
1783 4416 1856 4492 ἂρ
1898 4415 2011 4474 εἷεν

2696 3157 2926 3213 CAPUT
2960 3154 3100 3212 XVI.

2113 3248 2388 3317 Quantum
2413 3249 2649 3303 studium
2682 3249 2936 3373 Origenes
2962 3252 3018 3373 ἕξ
3051 3249 3243 3329 divinis
3262 3247 3553 3321 Scripturis
3578 3230 3685 3306 col-‘-

2788 3335 2993 3373 ocaven
3021 3346 3037 3373 ι

2788 3335 3037 3376 ocavem.

2184 3408 2416 3466 Tantam
2463 3423 2629 3481 porro
2678 3426 2868 3466 curam
2910 3426 2977 3467 ac
3020 3409 3356 3479 diligentiam
3388 3408 3443 3464 in
3491 3409 3695 3466 divinis

2114 3501 2416 3573 Scripturis
2464 3503 2881 3573 perscrutaudis
2931 3501 3229 3558 adhibebat
3280 3501 3586 3572 Origenes,
3633 3507 3696 3557 ut

2110 3594 2442 3651 Hebraicam
2476 3594 2642 3650 etiam
2684 3593 2921 3665 linguam
2956 3594 3226 3657 didicerit,
3256 3603 3313 3648 et
3342 3594 3694 3650 authenticos

2112 3687 2521 3757 Scripturarnm
2554 3687 2726 3742 libros
2753 3684 3038 3742 Hebraicis
3062 3685 3299 3753 scriptos
3328 3684 3528 3742 litteris
3547 3726 3565 3753 ,
3597 3701 3691 3758 qm

2113 3779 2256 3849 apud
2286 3771 2502 3833 Iudaeos
2530 3776 2825 3839 habentur,
2852 3775 2955 3830 sibi
2986 3776 3389 3845 comparaverit
3413 3793 3429 3830 :
3456 3776 3693 3832 aliorum

2114 3884 2330 3941 quoque
2382 3868 2473 3938 qui
2521 3875 2722 3937 praeter
2750 3865 3106 3936 Septuaginta
3149 3868 3476 3934 interpretes
3508 3882 3696 3924 sacras

2116 3960 2431 4031 Scriptures
2476 3958 2820 4029 interpretati
2860 3967 3021 4025 sunt,-
3046 3958 3314 4015 editiones
3351 3964 3696 4031 pervestiga-

2114 4053 2256 4107 vcrit
2283 4068 2299 4106 :
2331 4049 2623 4107 nonnullas
2670 4050 2907 4121 denitIue
2952 4050 3432 4121 interpretationes
3481 4066 3511 4107 a
3552 4054 3699 4110 tritis

2117 4142 2227 4197 illis
2274 4150 2329 4196 et
2371 4139 2614 4212 vulgatis
2671 4140 2883 4209 Aquilae
2924 4139 3134 4194 scilicet
3179 4153 3245 4192 ac
3289 4137 3601 4211 Symmachi
3639 4149 3700 4194 et

2118 4230 2510 4288 Theodotionis
2546 4230 2793 4286 diversas
2823 4228 3113 4299 repererit.
3155 4224 3305 4293 Quas
3349 4226 3570 4296 quidem
3607 4224 3699 4282 ille

2118 4342 2183 4382 ex
2223 4327 2409 4382 nescio
2441 4326 2641 4396 quibus
2680 4332 2867 4389 erutas
2903 4322 3121 4392 angulis
3164 4322 3219 4377 in
3257 4322 3454 4393 quibus
3478 4320 3698 4391 jamdu-

2121 4420 2249 4473 dum
2274 4418 2627 4483 delituerant,
2658 4417 2870 4486 primus
2901 4416 2954 4470 itt
2981 4415 3158 4470 lucem
3183 4412 3461 4484 produxit.-
3483 4413 3697 4469 Etcum

498 4658 613 4731 (οι)
660 4656 1058 4731 ἐπιδημῆάει
1089 4640 1166 4726 τῇ
1205 4655 1412 4731 rem.
1445 4655 1600 4731 llunc
1630 4654 1885 4731 O_rigenis
1906 4658 2001 4713 ad-

2109 4657 2164 4711 in
2203 4646 2334 4731 Vita
2360 4654 2563 4731 Plotini
2598 4653 2649 4707 id
2663 4652 2922 4731 hausisse
2947 4652 3050 4731 sibi
3073 4650 3295 4731 videtur
3321 4649 3613 4731 Baronius,
3641 4648 3696 4706 in

426 4726 645 4786 ventum
676 4728 733 4782 in
763 4726 954 4782 urbem
1002 4726 1231 4780 Romam
1266 4726 1531 4781 BarOnius
1559 4726 1771 4782 confert
1817 4727 1871 4781 in
1906 4742 2004 4782 an;

425 4815 555 4853 num
586 4797 790 4853 Christi
831 4795 961 4861 2‘20,
990 4798 1084 4867 qui
1112 4805 1235 4852 erat
1259 4811 1436 4867 annus
1479 4803 1497 4851 ι
1531 4797 1663 4864 imp.
1693 4796 1996 4867 Elagabali.

2111 4742 2180 4782 eo
2210 4725 2372 4797 longe
2405 4725 2633 4797 fallitur.
2648 4721 2847 4797 yeque
2872 4723 3018 4797 enim
3055 4720 3385 4797 de_0_rigene
3414 4722 3696 4797 Adaman.

2112 4797 2189 4852 tio
2222 4788 2465 4863 loquitur
2496 4793 2606 4863 illic
2647 4788 3007 4862 Porphyrius,
3043 4790 3233 4863 sedile
3254 4788 3454 4845 'altero
3473 4788 3699 4863 ⁸(Μεθ-

429 4868 691 4925 Eusebius
719 4876 903 4938 tamen
936 4859 1244 4938 Drigenem
1278 4866 1528 4938 Romam
1555 4859 1769 4922 venisse
1797 4859 2001 4922 'scribit
2107 4882 2197 4938 ne,
2231 4859 2427 4938 Plotini
2456 4874 2512 4938 e_t_
2541 4859 3219 4938 Herenniicondiscipulo,
3244 4862 3333 4938 qui
3365 4863 3434 4914 ab
3461 4859 3700 4938 Qrigene

427 4935 1028 5009 regnante___Ca_raca_lla.
1059 4935 1185 5009 '8ng
1236 4939 1457 5009 ut_hoc
1500 4936 1745 5009 ΒοτοηίοΑ
1789 4951 1992 5009 conce-

2103 4934 2434 4990 Adatnantio
2463 4931 2880 5001 distiuguendus
2911 4941 3018 4995 est,
3050 4940 3110 4985 ttt
3137 4931 3298 5000 paulo
3322 4938 3443 5000 post
3473 4930 3701 4986 detinen—

427 5004 639 5077 dainus,
687 5005 816 5062 illud
867 5007 1095 5077 minime
1143 5004 1426 5077 ferendum
1460 5017 1566 5077 est.
1602 5006 1748 5077 quod
1795 5007 1993 5061 ibidem
2103 5006 2425 5077 stratiimus.

428 5081 525 5144 ait,
551 5075 841 5148 Origenem
868 5074 1256 5148 Adamantium
1293 5077 1494 5148 iterum
1520 5074 1751 5148 [inritam
1771 5077 1997 5148 venisse

2174 5070 2822 5155 (95)}1pfutotiiatouq...
2850 5068 3121 5155 Γραφάς.
3140 5069 3495 5155 Autlientiqns
3517 5077 3694 5155 verte.

449 5138 733 5218 πὶήρίρέιιι
784 5144 1018 5214 Philippi
1067 5146 1403 5218 imp.,_anno
1437 5146 1639 5218 Christi
1667 5145 1815 5218 ⁸248.
1856 5146 1994 5199 Nam
2227 5138 2575 5218 enitnLatiui
2595 5150 2918 5218 _\'ocant,_itt
2945 5140 3486 5218 pluriittts_exettiplis
3513 5138 3699 5218 docuit

476 5215 693 5275 usebius
717 5218 808 5287 qui
833 5230 920 5270 res
942 5225 1124 5284 gestas
1143 5215 1404 5287 _Origeuis
1439 5216 1492 5269 in
1513 5215 1635 5287 hoc
1665 5215 1805 5270 libro
1833 5230 1995 5270 accu-

2104 5212 2421 5268 Brissonius
2474 5212 2525 5265 in
2587 5210 2794 5266 Lexico.
2835 5209 3006 5264 Porro
3060 5209 3329 5264 Eusebius

3390 5208 3690 5263 Hebraicos

430 5290 703 5345 ratissime
732 5280 1024 5358 pertexuit,
1065 5280 1280 5358 nullum:
1298 5285 1522 5358 secundi
1550 5285 1709 5355 hujus
1728 5288 1992 5340 adventus
2103 5285 2163 5340 S.
2189 5283 2487 5351 Scriptura:
2513 5283 2735 5336 codices
2763 5280 2968 5358 idcirco
2997 5280 3345 5358 authenticos
3372 5287 3550 5358 vocat,
3588 5285 3698 5358 non

429 5355 758 5414 mentionem
786 5356 935 5411 facit.
976 5357 1089 5410 lmo
1114 5369 1183 5410 ex
1232 5355 1468 5409 Eusebio
1512 5358 1844 5409 contrarium
1879 5358 1992 5409 cot-

2096 5360 2241 5424 quod
2277 5350 2470 5424 revera
2505 5361 2691 5424 essent
2724 5350 3062 5424 primitivum
3112 5350 3397 5424 exemplar
3429 5357 3483 5424 et
3533 5355 3692 5424 anto-

430 5429 523 5499 ligi
557 5430 793 5482 videtur.
838 5426 1049 5499 ﬁeribit
1082 5425 1227 5499 enim
1282 5425 1568 5499 Eusebius,
1596 5424 1883 5499 Otjig‘enem
1926 5426 1993 5480 de
2098 5418 2363 5499 graphutn
2395 5422 2465 5476 ab
2505 5420 2696 5499 Esdra_
2723 5418 3146 5499 conscriptum;
3201 5421 3297 5499 sed
3349 5418 3696 5499 authenticus

427 5485 554 5554 ﬁdei
590 5514 701 5553 sua:
726 5496 1069 5564 professione
1108 5493 1320 5564 litteras
1353 5485 1667 5564 dedisseiad
1691 5485 1993 5549 Fabianum
2098 5485 2360 5561 appellat,
2390 5490 2806 5564 comparatione
2847 5485 2990 5542 facta
3024 5504 3149 5543 cum
3198 5485 3697 5564 Culicis-editioni:

430 5568 588 5625 Rom.
623 5555 776 5622 urbis
810 5568 1144 5636 episcopum.
1202 5563 1319 5617 Non
1355 5564 1524 5636 igitur
1571 5563 1797 5636 Romam
1849 5565 2001 5620 venit
2103 5555 2740 5636 hiistammSeptuaginta
2771 5559 3333 5636 iut_erpretmn_quani
3365 5555 3623 5636 aliarum.

428 5640 701 5708 Origenes
722 5637 789 5691 ad
833 5632 1153 5708 Fabianum,
1175 5644 1256 5708 _ut
1274 5632 1730 5708 _vult_Baronius,:
1752 5635 1855 5708 sed;
1880 5645 1999 5708 tan-

2176 5632 2287 5705 (96)
2325 5632 2432 5698 Εἰς
2459 5621 3380 5705 ἐρῶς’ἀνιχνεύσὰςιπροήῇιαγεςν.
3439 5621 3702 5705 Huic-est

433 5694 560 5763 lunt"
575 5710 783 5765 litteras
815 5708 883 5761 ad
911 5721 1034 5761 eum
1069 5694 1232 5760 misit.
1264 5703 1421 5770 Quod
1451 5718 1581 5761 vero
1602 5718 1670 5759 ex
1701 5694 1999 5779 Porphyrio
2108 5694 2421 5759 verho'rum'
2460 5694 2749 5755 collocatio
2795 5701 2849 5753 in
2916 5698 3093 5752 tribus
3149 5694 3356 5748 nostris
3418 5694 3702 5749 codicibull

786 5803 1060 5864 ΡΑτιιοι.
1102 5799 1222 5862 Gtt.
1269 5797 1407 5864 XX.

3223 5788 3296 5848 18
