4222 6402
445 375 542 431 εδι

1444 373 1798 433 merome:
1837 356 2395 436 scccesmsrtcie
2432 378 2561 436 LIB.
2605 378 2696 436 vt.

3621 373 3739 469 563‘

446 487 766 559 φιλοσοφίας
793 486 933 559 πρὸς
958 483 1126 540 αὑτοῦ
1156 484 1555 556 παιδευόμενοι.
1602 486 1807 556 Εἰσῆγέ
1841 503 1902 540 τε
1928 484 2037 560 γάρ

2144 503 2361 560 quoque
2382 489 2738 559 philosophia:
2762 461 3036 561 praecepta
3063 487 3218 558 quasi
3245 485 3496 557 discipuli
3529 501 3599 543 ex
3630 488 3727 544 illo

445 582 604 644 ὅσους
635 580 853 652 εὐφυῶς
879 574 1103 652 ἐῇεοντας
1132 578 1304 651 (9-10)
1334 578 1482 654 ἑώρα
1507 581 1603 636 καὶ
1618 580 1711 635 ἐπὶ
1736 582 1806 636 τά
1824 581 2040 652 φιλόσο-

448 689 529 743 φα
574 675 914 746 μαθήματα,
968 672 1316 744 γεωμετρίαν
1362 674 1458 727 καὶ
1499 673 1870 745 ἀριθμητικὴν
1896 712 1912 738 ,
1945 673 2041 727 καὶ

445 766 515 821 τὰ
549 767 685 822 ἄλλα
707 765 1161 839 προπαιδεύματα
1194 765 1540 838 παραδιδοὺς,
1571 763 1651 830 εἷς
1676 782 1735 819 τε
1760 764 1858 831 τὰς
1888 765 2040 838 αἱρέ-

452 879 567 925 σεις
590 860 691 924 τὰς
716 860 869 931 παρά
891 861 1003 923 τοῖς
1033 857 1343 929 φιλοσόφοις
1364 858 1643 931 προάγων,
1672 858 1768 912 καὶ
1795 858 1862 912 τὰ
1889 856 2041 931 παρά

450 953 661 1017 τούτοις
704 952 1111 1024 συγγράμματα
1160 951 1541 1023 διηγούμενος,
1589 949 2035 1023 ὑπομνηματιζό-

456 1047 618 1119 μενός
655 1063 714 1100 τε
756 1047 847 1103 καὶ
878 1043 1098 1117 θεωρῶν
1133 1046 1213 1109 εἰς
1258 1044 1464 1099 ἕκαστα
1489 1084 1504 1109 ,
1536 1044 1676 1100 ὥστε
1718 1045 1894 1115 μέγαν
1941 1045 2038 1098 καὶ

455 1137 584 1210 παρ’
616 1137 803 1201 αὐτοῖς
836 1136 1061 1207 Ἕλλησι
1099 1136 1387 1207 φιλόσοφον
1417 1136 1510 1191 τὸν
1550 1137 1721 1210 ἄνδρα
1770 1137 2038 1209 κηρύττε-

458 1230 599 1284 σθαι.
648 1229 886 1290 Πολλοὺς
915 1228 970 1282 δὲ
1007 1228 1103 1282 καὶ
1127 1227 1236 1282 τῶν
1266 1229 1691 1300 ίδιωτικωτέρων
1724 1230 1916 1303 ἐνῆγεν
1948 1230 2040 1284 ὲπι

455 1322 526 1377 τὰ
571 1321 838 1391 ἐγκύκλια
888 1321 1212 1393 γράμματα,
1257 1321 1317 1374 οὐ
1370 1320 1571 1396 μικράν
1602 1322 1784 1386 αὐτοῖς
1824 1321 2052 1379 ἔσεσθαι.

458 1413 683 1484 φάσκων
715 1411 773 1480 ἐξ
800 1411 1023 1466 ἐκείνων
1052 1412 1464 1484 ἐπιτηδειότητα
1502 1415 1581 1478 είς
1610 1414 1709 1484 τὴν
1741 1412 1850 1468 τῶν
1882 1413 2042 1468 θείων

458 1501 687 1577 Γραφῶν
718 1501 950 1572 Θεωρίαν
980 1494 1038 1555 τε
1064 1503 1161 1563 καὶ
1187 1505 1543 1575 παρασκευήν
1576 1503 1709 1575 (Η).
1745 1503 1905 1558 Ὅθεν
1934 1504 2040 1576 μά-

457 1598 616 1651 λιστα
664 1595 758 1650 καὶ
808 1594 989 1666 ἑαυτῷ
1038 1594 1340 1664 ἀναγκαίαν
1389 1596 1633 1668 ἡγήσατο
1668 1595 1767 1668 τὴν
1810 1597 1938 1669 περὶ
1973 1598 2044 1652 τά

458 1686 700 1760 κοσμικά
731 1689 827 1742 καὶ
854 1687 1121 1759 φιλόσοφα
1150 1688 1449 1760 μαθήματα
1478 1688 1731 1761 ἄσκησιν.

2143 581 2534 652 percipiebant.
2571 580 2939 654 Quoscunque
2964 583 3109 636 enim
3139 596 3208 636 ex
3239 579 3525 650 discipulis
3548 579 3724 637 solera

2143 672 2223 727 tia
2267 681 2323 726 et
2377 671 2630 727 aoumine
2673 671 2873 739 ingenii
2924 671 3180 742 praeditos
3223 669 3722 738 animadverterat,

2143 779 2237 820 eos
2277 767 2331 819 in
2373 765 2771 835 philosophiam
2813 764 3224 830 introducebat,
3257 762 3614 833 geometriam
3651 762 3719 817 il-

2141 855 2210 910 lis
2257 855 2478 910 tradens
2515 865 2570 909 et
2598 854 2996 909 arithmeticam
3027 855 3268 924 aliasque
3301 853 3532 923 praevias
3555 851 3724 909 disci-
3780 852 3781 855 “

2142 942 2320 1014 plinas
2360 959 2374 995 :
2420 943 2545 997 inde
2585 944 2653 998 ad
2691 943 2872 998 varias
2913 944 3361 1012 philosophorum
3403 952 3581 999 sectas
3627 958 3723 999 eos

2143 1037 2481 1108 perducens,
2518 1044 2573 1092 et
2600 1036 2770 1093 libros
2805 1052 2834 1091 a
2873 1036 3039 1108 219
3075 1037 3356 1093 veteribus
3384 1035 3723 1108 philosophis

2143 1131 2489 1200 conscriptos
2533 1144 2843 1200 exponens;
2905 1129 3330 1184 commentarios
3393 1142 3612 1199 quoque
3667 1128 3722 1182 in

2146 1224 2389 1294 singulos
2425 1222 2699 1289 scribens,
2731 1233 2787 1278 et
2827 1223 3137 1278 reconditos
3162 1237 3360 1278 sensus
3399 1223 3615 1292 penitus
3641 1220 3726 1275 in-

2148 1317 2396 1389 quirens,
2424 1316 2559 1372 adeo
2583 1324 2641 1372 ut
2670 1316 2810 1387 apud
2837 1317 2986 1386 ipsos
3013 1317 3179 1372 etiam
3210 1316 3439 1387 gentiles
3472 1329 3725 1371 summus

2148 1408 2504 1478 philosophus
2532 1409 3000 1477 pronuntiaretur.
3032 1408 3108 1462 Ex
3139 1398 3452 1463 rudioribus
3481 1421 3611 1462 vero
3634 1414 3723 1461 at-

2148 1516 2253 1572 que
2285 1500 2581 1558 hebetioris
2609 1500 2810 1571 ingenii
2838 1499 3122 1570 discipulis
3144 1539 3161 1567 ,
3190 1499 3390 1555 multos
3426 1499 3494 1554 ad
3532 1500 3727 1555 huma-

2149 1596 2367 1650 niorum
2414 1595 2617 1649 artium
2659 1595 2835 1650 studia
2870 1593 3288 1658 cohortabatur,
3320 1606 3574 1648 asserens
3613 1606 3722 1647 non

2152 1687 2485 1743 mediocrem
2536 1688 2658 1744 illos
2699 1687 3021 1745 facultatem
3062 1702 3130 1743 ex
3179 1684 3490 1756 hujusmodi
3535 1684 3726 1741 studiis

458 1788 811 1849 percepturos
832 1793 954 1834 esse
995 1778 1061 1833 ad
1091 1792 1376 1833 sacrarum
1418 1778 1822 1850 Scripturarum
1888 1778 2316 1849 intelligentiam.
2379 1777 2648 1845 Quocirca
2707 1778 2987 1836 saecularis
3050 1778 3371 1836 litteratura:
3399 1785 3455 1834 et
3485 1775 3727 1849 philoso.

458 1871 600 1944 phiae
648 1871 826 1927 studia
859 1870 963 1927 sibi
991 1885 1210 1940 quoque
1239 1870 1509 1940 imprimis
1545 1869 1858 1926 necessaria
1896 1884 2018 1925 esse
2041 1868 2398 1926 existimavit.

982 1963 1379 2017 ΚΕΦΑΛΑΙΟΝ
1411 1963 1512 2018 ΙΘ’.

642 2053 789 2109 Ὅσα
840 2053 983 2125 περὶ
1029 2055 1368 2125 Ὠριγένους
1410 2054 1847 2125 μνημονεύεται

919 2123 1061 2197 (Nic.
1084 2123 1167 2179 ιι(
1185 2125 1252 2179 E.
1277 2142 1329 2189 ν,
1356 2123 1445 2188 ιε,
1482 2123 1598 2196 13).

530 2219 825 2293 Μάρτυρες
862 2218 919 2273 δὲ
948 2220 1044 2273 uel.
1080 2217 1182 2289 τῆς
1214 2217 1344 2290 περὶ
1371 2216 1545 2271 ταῦτα
1575 2216 1740 2272 αὐτοῦ
1768 2215 2046 2290 κατορθῶν-

462 2328 630 2376 σεως,
664 2310 846 2365 αὐτῶν
882 2310 1148 2381 Ἑλλήνων
1193 2311 1242 2363 οἱ
1275 2310 1396 2363 κατ’
1422 2310 1583 2363 αὐτὸν
1610 2309 1923 2382 ἠκμακότες
1955 2327 2045 2380 φι-

460 2402 707 2472 λόσοφοι·
737 2395 814 2456 ὧν
846 2404 904 2457 ὲν
936 2400 1366 2473 συγγράμμασι,
1401 2401 1600 2473 πολλὴν
1638 2403 1859 2474 μνήμην
1887 2400 2046 2474 εὖρο-

466 2513 564 2568 μεν
592 2494 687 2549 τοῦ
717 2493 908 2567 ἀνδρός
931 2511 947 2527 σ
977 2495 1099 2548 τοτὲ
1131 2495 1228 2566 μὲν
1254 2493 1403 2565 αὐτῷ
1431 2493 1896 2565 προσφωνούντων
1922 2495 2049 2558 τοὺς

462 2585 671 2640 ἑαυτῶν
708 2584 921 2655 λόγους,
955 2585 1077 2638 τοτὲ
1106 2585 1163 2639 δὲ
1193 2585 1270 2649 ὡς
1304 2584 1609 2656 διδασκάλῳ
1638 2587 1717 2650 εἰς
1770 2586 2048 2658 ἐπίκρισιν

460 2678 588 2741 τοὺς
618 2677 779 2742 ἰδίους
808 2677 1187 2750 ἀναφερόντων
1210 2677 1422 2740 πόνους.
1454 2678 1518 2731 Τί
1546 2678 1627 2731 δεῖ
1652 2677 1822 2731 ταῦτα
1845 2675 2046 2747 λέγειν,

460 2772 550 2824 ὅτε
583 2772 676 2825 καὶ
707 2773 736 2824 ό
764 2770 884 2825 καθ’
912 2772 1058 2843 ἡμᾶς
1090 2771 1148 2824 ὲν
1179 2770 1394 2843 Σικελίᾳ
1438 2770 1713 2835 καταστάς
1741 2766 2051 2844 Πορφύριος

461 2865 597 2935 (12),
626 2865 1035 2937 συγγράμματα
1067 2863 1187 2919 καθ’
1216 2863 1373 2938 ἡμῶν
1400 2862 1821 2935 ἐνστησάμενος,
1855 2864 1951 2918 καὶ
1981 2864 2050 2918 δι’

460 2956 643 3014 αὐτῶν
687 2957 788 3022 τὰς
829 2957 979 3023 θείας
1014 2956 1237 3031 Γραφάς
1276 2956 1583 3011 διαϐάλλειν
1623 2956 2047 3027 πεπειραμένος,

460 3050 570 3105 τῶν
598 3068 659 3106 τε
688 3052 770 3117 είς
807 3050 979 3116 αὐτὰς
1010 3049 1438 3123 ἐξηγησαμένων
1480 3049 1863 3121 μνημονεύσας
1883 3089 1899 3115 ,
1942 3067 2051 3120 μη-

460 3143 549 3197 δὲν
583 3122 846 3216 μηδαμῶς
890 3122 1101 3212 φαῦλον
1133 3141 1386 3214 ἔγκλημα
1417 3143 1532 3206 τοῖς
1564 3141 1828 3212 δόγμασιν
1856 3139 2049 3194 ἐπιϐασ-

460 3236 574 3291 λεῖν
612 3236 897 3308 δυνηθεὶς,
931 3236 1136 3309 ἀπορίᾳ
1171 3235 1378 3304 λόγων,
1423 3235 1516 3289 ἐπὶ
1556 3235 1617 3289 τὸ
1643 3235 1899 3306 λοιδορεῖν
1927 3235 2051 3309 τρέκ

2734 1962 2961 2021 CAPUT
2993 1962 3138 2021 XIX.

2221 2056 2352 2124 Quae
2371 2057 2435 2113 de
2468 2055 2692 2129 Origene
2714 2074 2746 2112 a
2768 2056 3051 2129 gentilibus
3077 2064 3489 2112 commemorata
3521 2056 3654 2112 sint.

2217 2215 2490 2283 Quantum
2539 2230 2702 2285 porro
2738 2215 2790 2271 in
2834 2216 2902 2271 iis
2931 2215 3128 2272 studiis
3163 2214 3522 2280 excelluerit.
3555 2223 3749 2294 testes.

2147 2318 2273 2364 sunt
2309 2308 2408 2379 ipsi
2456 2307 2741 2378 gentilium
2778 2307 3085 2378 philosophi
3130 2307 3227 2378 qui
3277 2307 3395 2378 ejus
3431 2316 3597 2362 aetate
3623 2307 3724 2363 ﬂo-

2148 2408 2391 2456 ruerunt.
2420 2399 2663 2467 Quorum
2704 2401 2757 2454 in
2790 2399 2945 2455 libris
2970 2401 3221 2455 crebram
3247 2399 3406 2467 hujus
3430 2400 3533 2456 viri
3571 2414 3727 2456 meu-

2151 2494 2350 2548 tionem
2384 2493 2497 2548 fieri
2515 2493 2994 2565 deprehendimus,
3014 2493 3251 2563 dumvel
3277 2495 3528 2565 proprios
3556 2494 3728 2549 libros

2146 2588 2196 2642 ei
2248 2597 2596 2657 nuncupant,
2629 2587 2711 2642 vel
2744 2588 2963 2643 eosdem
3018 2586 3413 2644 examinandos
3464 2596 3725 2660 tanquam

2149 2679 2214 2733 ad
2243 2680 2563 2751 magistrum
2596 2695 2755 2734 suum
2793 2680 3057 2751 dirigunt.
3091 2679 3198 2734 Sed
3226 2680 3355 2750 quid
3388 2680 3456 2735 de
3489 2680 3555 2735 iis
3576 2679 3732 2743 dico.

2149 2769 2448 2839 quandovet
2480 2771 2594 2840 ipse
2624 2761 2983 2841 Porphyrius,
2999 2762 3088 2840 qui
3121 2758 3726 2841 nostra‘propemodum

2148 2861 2410 2916 memoria
2457 2861 2510 2916 in
2561 2861 2748 2917 Sicilia
2779 2863 2980 2932 degens
3003 2901 3019 2927 ,
3052 2872 3246 2917 contra
3291 2863 3451 2918 [idem
3485 2872 3726 2919 nostram

2149 2954 2320 3010 libros
2346 2954 2712 3024 conscripsit,
2739 2953 2792 3008 in
2825 2955 3023 3023 quibus
3046 2955 3259 3010 divinas
3290 2953 3606 3021 Scripturas
3634 2970 3729 3010 ca-

2150 3046 2402 3101 lumniari
2434 3054 2661 3101 conatus
2683 3055 2790 3112 cst,
2820 3046 3157 3102 mentionem
3184 3046 3392 3102 faciens
3419 3062 3608 3102 eorum
3634 3050 3728 3117 qui

2150 3137 2273 3191 illas
2309 3136 2650 3205 interpretati
2680 3144 2831 3202 sunt,
2857 3150 2981 3190 cum
3010 3136 3263 3206 dogmata
3291 3136 3408 3204 ipsa
3439 3146 3605 3205 atque
3634 3151 3727 3192 ss-

2151 3228 2422 3283 sertiones
2467 3227 2777 3284 nullatenus
2808 3236 2994 3297 posset
3019 3229 3423 3296 reprehendere
3448 3268 3464 3294 ,
3500 3244 3610 3298 prae
3639 3244 3730 3283 ra—

462 3342 624 3382 πεται
646 3327 744 3381 καὶ
775 3327 904 3390 τοὺς
934 3324 1207 3396 ἐξηγητὰς
1229 3324 1554 3389 διαϐάλλειν,
1581 3317 1657 3379 ὧν
1691 3326 1926 3397 μάλιστα
1956 3325 2048 3378 τὸν

2154 3321 2359 3374 tionum
2424 3318 2605 3384 inopia
2655 3319 2722 3374 ad
2757 3319 3002 3374 convicia
3053 3333 3371 3384 conversus,
3407 3320 3732 3390 interpretes

475 3417 756 3490 Ὠριγένην
785 3417 920 3488 (15),
955 3416 1014 3470 ὃν
1040 3415 1178 3470 κατά
1208 3415 1308 3488 τήν
1346 3416 1471 3470 νέαν
1512 3415 1723 3488 ήλικίαν
1752 3416 2047 3486 ἐγνωκέναι

463 3512 679 3581 φήσας,
722 3507 1026 3563 διαϐάλλειν
1065 3509 1164 3581 μὲν
1205 3509 1483 3581 πειρᾶται.
1531 3507 1801 3562 Συνιστῶν
1841 3506 1898 3560 δὲ
1938 3507 2047 3578 ἄρα

463 3602 556 3654 τὸν
589 3600 759 3673 ἄνδρα
791 3598 1070 3665 ἐλάνθανε,
1104 3600 1173 3653 τά
1207 3599 1308 3671 μὲν
1334 3598 1706 3671 ὲπαληθεύων,
1741 3599 1799 3653 ὲν
1822 3592 1907 3663 οἷς
1934 3598 2045 3652 οὐδ’

465 3691 669 3764 ἑτέρως
699 3690 850 3761 αὐτῷ
896 3689 1074 3759 λέγειν
1108 3685 1178 3761 ἦν
1218 3689 1472 3751 δυνατὸν,
1505 3687 1576 3742 τά
1621 3687 1677 3742 δὲ
1724 3688 1817 3742 καὶ
1857 3687 2048 3758 ψευδό-

469 3802 651 3856 μενος,
679 3785 739 3838 ὲν
761 3777 843 3848 οἷς
870 3780 1131 3857 λήσεσθαι
1155 3780 1370 3854 ἐνόμιζε
1394 3798 1408 3811 ·
1446 3781 1540 3835 καὶ⁹
1560 3779 1682 3835 τοτὲ
1710 3781 1809 3853 μὲν
1831 3781 1906 3846 ὡς
1924 3780 2057 3854 Χρι-

538 3918 713 4044 ﬂii-l0)
738 3919 956 3986 Ὅσους
977 3917 1215 3988 ευφυῶς
1232 3915 1511 3987 ἔχοντας.
1533 3918 1608 3973 Es
1630 3917 1906 3986 discipulis
1922 3919 2039 3974 suis

538 3992 698 4044 licet.
750 3991 936 4044 ltaaue
977 3991 1031 4044 in
1081 3991 1527 4044 interpretatione
1574 4004 1690 4043 mea
1739 3991 1836 4044 has
1899 3991 2034 4044 duas

465 3991 698 4045 scilicet.
728 3991 936 4074 diuque
977 3991 1031 4074 in
1081 3991 1531 4074 interpretatione
1542 3991 1836 4074 "nteadtas
1873 3991 2034 4074 ‘duas

467 4076 629 4115 voces
680 4059 884 4127 addidi,
932 4059 999 4115 ad
1050 4059 1348 4127 planiorem
1404 4059 1819 4126 intelligentiam
1873 4059 2034 4125 hujus

465 4129 569 4185 loci
594 4145 758 4200 quem
800 4145 906 4185 non
939 4129 1335 4200 intellexerunt
1360 4128 1703 4200 interpretes.
1731 4129 1894 4185 Solus
1920 4130 2029 4183 Ru-

466 4199 858 4282 tinus’sensum
911 4199 1459 4282 Eusebi-[assecutus
1501 4199 1608 4282 est,
1649 4200 1804 4282 cujus
1858 4200 2039 4282 versio

464 4271 848 4324 commentarii
886 4271 1062 4325 vicem
1103 4270 1193 4324 hic
1230 4279 1482 4338 praestat.
1513 4269 1605 4325 Sic
1646 4269 1791 4324 enim
1825 4270 2035 4324 vertit:

467 4340 913 4409 PhilosOpItorum
950 4356 1154 4410 quoque
1191 4342 1545 4408 opinatissimi
1591 4342 1803 4410 quique,
1845 4350 1954 4393 tam
1978 4341 2036 4394 in

465 4412 656 4466 nostris
679 4425 821 4475 eum,
845 4426 1005 4480 quam
1026 4409 1080 4465 in
1105 4410 1217 4464 suis
1240 4413 1550 4480 magistrum
1570 4409 2049 4479 incomparabilem

464 4480 788 4549 fatebantur.
834 4480 973 4534 Erat
1010 4495 1233 4548 namque
1279 4481 1327 4534 ei
1378 4497 1492 4536 mos
1524 4481 1657 4544 iste,
1701 4489 1762 4534 ut
1810 4480 1857 4533 si
1910 4496 2043 4550 quos

465 4560 766 4605 nostrorum
823 4550 1337 4604 adulescentulorum
1386 4551 1690 4618 ingeniosos
1741 4550 1935 4604 videret
1991 4561 2041 4604 et

2155 3411 2304 3481 ipsos
2333 3410 2676 3465 criminatur.
2729 3409 2809 3464 Ex
2857 3410 3053 3478 quibus
3094 3409 3361 3479 praecipue
3389 3409 3683 3481 Origenetn
3709 3451 3726 3477 ,

2154 3516 2313 3571 quem
2345 3503 2447 3557 sibi
2477 3502 2655 3557 adhuc
2699 3500 3032 3557 adolescenti
3078 3501 3356 3573 cognitum
3399 3516 3521 3557 esse
3555 3503 3727 3559 dicit.

2153 3593 2477 3648 calumniari
2507 3593 2729 3663 quidem
2764 3593 2992 3658 nititur;
3022 3609 3213 3650 revera
3242 3604 3422 3649 tamen
3449 3595 3728 3651 hominem

2158 3685 2467 3754 imprudens
2493 3675 2838 3740 commendat
2869 3700 2884 3750 ;
2929 3684 3129 3755 partim
3159 3699 3288 3742 vera
3331 3683 3559 3741 dicendo
3584 3724 3600 3752 ,
3637 3686 3729 3741 ubi

2162 3777 2321 3834 aliter
2345 3779 2524 3834 dicere
2552 3794 2659 3833 non
2694 3787 2951 3849 poterat;
2986 3777 3185 3848 partim
3214 3778 3553 3846 mentiendo,
3586 3794 3753 3850 quo-.

2146 3919 2219 3972 De
2247 3919 2431 3988 script.
2475 3917 2625 3984 eccl.,
2660 3917 2881 3973 Eusebii
2928 3917 3098 3974 libros
3132 3931 3501 3988 enumerans:
3527 3916 3730 3988 Contra
3760 3952 3769 3962 ε

2147 3985 2503 4059 Porphyrium
2534 3991 2623 4054 qui
2655 3990 2837 4059 eodem
2863 3997 3094 4059 tempore
3124 3987 3391 4059 scribebat
3417 3990 3474 4042 in
3513 3985 3726 4059 Sicilia,

2140 4071 2194 4113 ut
2225 4057 2440 4129 quidam
2473 4067 2660 4126 putant
2700 4057 2822 4111 libri
2859 4057 2949 4113 50.
2977 4057 3201 4129 _Eodem
3233 4058 3422 4113 alludit
3445 4059 3496 4112 in
3536 4058 3731 4129 praefa-

2146 4126 2293 4184 tione
2322 4128 2837 4183 Commentariorum
2876 4129 2933 4182 in
2963 4126 3314 4189 Ezechielem.
3356 4129 3443 4183 his
3484 4126 3668 4183 verbis
3711 4147 3727 4185 :

2158 4197 2341 4253 Verum
2371 4199 2495 4267 quia
2521 4206 2572 4251 et
2602 4208 2658 4252 tu
2678 4199 3031 4253 indesinenter
3055 4201 3154 4253 Itoc
3183 4199 3417 4268 ﬂagitas,
3452 4207 3499 4251 et
3537 4213 3757 4268 magno.

2144 4269 2351 4324 vulneri
2381 4267 2602 4321 cicatrix
2630 4269 2886 4336 paulatim
2919 4267 3225 4330 obducitur,
3264 4267 3728 4336 scorpinsque’in-

2143 4352 2224 4393 ter
2245 4338 2578 4410 Enceladum_
2606 4348 2654 4410 et
2702 4336 3061 4410 Porphyrium
3103 4337 3395 4410 Trinacriis
3422 4337 3579 4410 [tumo
3610 4354 3732 4406 pre-

2147 4411 2338 4473 mitur,
2370 4417 2503 4475 etc.,
2530 4408 2618 4461 ubi
2659 4406 2859 4477 scorpii
2884 4406 3126 4465 'nomine
3162 4407 3417 4463 Rttllnum
3457 4406 3744 4476 designat,

2148 4480 2239 4549 qui
2274 4487 2429 4548 capta
2470 4478 2606 4549 urbe
2652 4479 2715 4549 in
2756 4479 2999 4549 Siciliam
3049 4494 3110 4533 se
3161 4487 3464 4544 receperat,
3509 4487 3568 4531 ut
3614 4478 3733 4549 ipse

2151 4559 2382 4605 testatur
2420 4551 2473 4602 in
2524 4548 2753 4616 epistola
2802 4549 2874 4603 ad
2928 4548 3231 4611 Ursatium,
3284 4563 3445 4616 quam
3495 4548 3732 4617 praeliin

463 4620 674 4674 lectioni
714 4619 1109 4690 satisdeditos,
1157 4621 1385 4690 traderet
1429 4617 1504 4675 eis
1548 4620 1705 4672 etiam
1740 4636 1803 4674 ea
1851 4619 2042 4687 quibus
2074 4624 2123 4683 D
2148 4617 2983 4690 interpretationiiﬂomiliarurn
3024 4618 3275 4686 Origenis
3308 4618 3363 4690 in
3412 4617 3574 4671 libros
3607 4617 3730 4672 Nu-

463 4690 764 4759 philosophi
796 4689 936 4743 velut
973 4690 1159 4760 primis
1191 4689 1460 4746 elementis
1505 4691 1764 4746 discentes
1809 4690 2042 4745 imbuere

461 4763 651 4901 “lauit;
692 4770 959 4898 ἓὲωρίαν
1017 4845 1084 4885 τε
1129 4828 1255 4883 καὶ·
1279 4830 1695 4899 παρασκευήν.
1743 4828 1861 4885 Hoc
1923 4830 2043 4888 loco

461 4906 627 4954 verba
657 4909 785 4955 sunt
810 4901 1142 4968 transposita
1174 4914 1326 4955 more
1355 4901 1685 4957 Eusebiano.
1709 4901 1869 4956 Amat
1893 4901 2039 4956 enim

464 4970 746 5034 Eusebius,
774 4978 832 5024 ut
855 4970 964 5039 jam
997 4971 1326 5034 mOnuimus,
1356 4972 1660 5039 hujusmodi
1694 4970 2077 5040 traiectiones.

462 5057 680 5095 vocum.
706 5041 858 5107 Quod
897 5055 1021 5095 cum
1063 5055 1183 5111 non
1214 5041 1725 5111 animadvertissent
1773 5042 2066 5111 interpres

464 5123 564 5176 tes,
596 5111 647 5164 in
688 5126 933 5165 errorem
979 5125 1136 5180 saepe.
1174 5110 1307 5180 lapsi
1358 5121 1504 5169 sunt.
1553 5110 1648 5166 Sic
1692 5112 1858 5179 igitur
1901 5110 2035 5167 eon-

461 5180 874 5253 struenduslest
899 5181 991 5253 hic
1029 5181 1213 5235 locus:
1250 5180 1326 5253 0Ῠὺ
1369 5181 1572 5253 μικρὰν
1599 5183 1783 5246 αὐτοῖς
1809 5181 2033 5236 ἔσεσθαι

462 5251 686 5335 φάσκων
726 5250 790 5335 εξ
843 5250 1555 5335 εκείνωνλὲπιτῇειότητάλ
1591 5270 1652 5306 τε
1678 5253 1805 5335 ,καὶ
1856 5270 2034 5325 παρα-

462 5321 798 5395 ostentmst;
822 5321 920 5395 τὴν
950 5320 1059 5395 τῶν
1079 5320 1238 5395 θείων
1270 5320 1499 5395 Γραφῶν
1530 5322 1780 5395 θεωρίαν.

533 5390 745 5474 (12)“Ὀ
777 5390 1096 5474 καθίὴμᾶςί
1117 5392 1188 5446 ἐν
1211 5390 1450 5474 Σικελίᾳ
1472 5390 1772 5474 κατᾳᾲτάς
1803 5394 2030 5474 ιζορξριξ-
2066 5442 2069 5451 ι

458 5462 605 5532 prec.
655 5463 987 5534 Porphyrius
1018 5465 1251 5532 primum
1301 5466 1516 5534 quidem
1562 5465 1790 5534 Athenis
1818 5462 2028 5534 Longi-

464 5551 589 5588 nntn
615 5534 821 5588 audivit
839 5532 1137 5590 Platonica:
1166 5532 1331 5587 sectai
1370 5532 1772 5603 philosophum.
1814 5532 2024 5603 Deinde

462 5603 659 5660 Plotini
684 5603 829 5659 fama
850 5604 1089 5667 excitus,
1116 5604 1342 5663 Romam
1372 5601 1555 5669 venit,
1584 5601 1673 5658 ubi
1702 5618 1823 5658 cum
1856 5601 2024 5658 Ploti-

463 5690 590 5728 num
632 5674 896 5730 audiisset
931 5673 1212 5737 sexennio,
1260 5671 1587 5728 valetudinis
1642 5672 2027 5738 recuperandae

460 5759 627 5814 causa
655 5745 914 5814 migravit
956 5744 1009 5798 in
1049 5743 1311 5814 Siciliain,
1352 5751 1517 5814 atque
1559 5742 2025 5814 illic‘qutndecim

462 5813 629 5874 ωτι-οε
658 5812 941 5889 proposuit
977 5814 1238 5874 adversus
1263 5812 1624 5873 Christianos.
1662 5812 2028 5885 HierOnymus

2151 4687 2436 4744 mororum.
2472 4690 2547 4743 De
2578 4689 2768 4759 iisdem
2804 4689 3084 4759 Porphyrii
3116 4690 3266 4741 libris
3296 4687 3729 4759 Chrysostomus

2153 4761 2207 4813 i'n
2232 4760 2449 4814 humilia
2477 4759 2510 4814 6
2531 4760 2587 4813 in
2625 4757 2927 4827 Epistolani
2955 4757 3024 4812 ad
3054 4758 3359 4813 Corinthios
3385 4757 3425 4813 εὴ
3447 4758 3649 4812 Ἰκανοὶ
3678 4760 3733 4812 oi

2150 4830 2272 4891 καθ’
2300 4829 2459 4903 ipsi?
2488 4828 2806 4903 εἰρηκότεςι
2841 4828 2946 4903 ῖῂῖ
2987 4828 3322 4903 ἀρχαιᾷτηῖα
3352 4829 3730 4903 ,μαρτυρῆσαι

2146 4904 2260 4972 τοῖς
2290 4898 2555 4972 βιϐλίοις,
2598 4898 2650 4953 οἱ
2690 4901 2820 4972 περὶ
2839 4898 3193 4972 ΔΚέλσονκαὶ
3219 4898 3311 4953 τὸν
3351 4898 3727 4972 Βατανεᾷνὲην.

2152 4970 2254 5026 Ubi
2281 4968 2626 5025 Bataneotem
2653 4968 2810 5025 vocat
2839 4968 3225 5041 Porphyrium,
3273 4972 3419 5026 sicut
3449 4982 3507 5026 et
3535 4968 3732 5027 Hier—o-

2149 5057 2363 5095 llVﬂIllS.

2189 5056 2484 5181 ΥᾶιὲῗοὮν
2527 5110 2800 5182 μάλιστα
2853 5109 2976 5182 τὸν
3031 5111 3354 5181 Ὠριγένην.
3427 5111 3561 5167 Post
3612 5113 3728 5168 hinc

2145 5184 2311 5236 verba
2349 5181 2538 5251 scripti
2563 5184 2782 5238 codices
2811 5181 2982 5235 nostri
3017 5195 3276 5249 punctum
3318 5182 3482 5237 altius
3509 5192 3726 5249 notant,

2143 5267 2248 5323 non
2284 5252 2573 5323 virgulam,
2616 5263 2674 5307 ut
2718 5263 2802 5307 est
2852 5253 2906 5323 in
2949 5251 3190 5323 editione
3244 5252 3383 5308 Rob.
3433 5254 3724 5320 Stephani.

2138 5321 2282 5394 Leve
2314 5321 2613 5394 idfquidcm
2648 5324 2826 5394 prima
2857 5321 3041 5394 fronte
3076 5321 3248 5394 videri
3291 5332 3502 5391 potest;
3530 5338 3725 5378 verum

2137 5393 2240 5449 nisi
2271 5392 2341 5447 ita
2375 5392 2724 5463 initerpttngas
2744 5402 2802 5447 ut
2824 5402 2907 5446 est
2938 5393 2989 5446 in
3027 5393 3246 5463 scriptis
3272 5393 3571 5463 codicibus,
3605 5408 3727 5461 qua:

2132 5471 2432 5534 sequuntur
2444 5462 2604 5534 verba
2623 5462 2842 5518 minime
2858 5462 3226 5534 cohaerebunt.
3254 5465 3359 5517 Aut
3372 5462 3516 5534 etaim
3529 5463 3727 5534 _deleu-

2132 5530 2234 5589 dus
2267 5533 2373 5605 erit
2405 5532 2665 5591 articulus
2701 5533 3093 5605 postpositivus
3138 5533 3228 5605 qui
3253 5532 3499 5605 sequitur
3525 5530 3605 5605 ὃν,
3633 5541 3726 5586 aut

2132 5618 2230 5674 pro
2255 5603 2435 5674 φήσας
2472 5600 2870 5659 emendandum
2915 5602 3023 5674 erit
3064 5600 3233 5672 φησίς
3285 5602 3336 5674 si
3374 5615 3512 5674 vero
3549 5604 3722 5657 inter-

2134 5670 2486 5746 punctiouem
2517 5674 2847 5746 scriptorum
2879 5670 3139 5746 codicum
3183 5670 3569 5746 sequi_m_alis,
3609 5682 3722 5727 tum

2134 5740 2489 5825 planissimus
2514 5740 2866 5812 erit'seusus,
2897 5757 2999 5801 nec
3038 5741 3144 5801 ulla
3174 5740 3561 5798 emendatione
3588 5756 3724 5814 opus

2135 5824 2264 5872 erit.
