4222 6402
409 324 514 380 575

1413 318 1764 385 HlSTORi/E
1808 325 2369 382 ECCLESIAS'IlC/E
2409 327 2537 381 LIB.
2579 324 2666 379 Vl.

3570 323 3672 377 574

401 441 567 514 τριῶν
591 439 765 509 μόνων
781 440 1112 496 Ἐπιστολῶν
1143 442 1499 512 μνημονεύει,
1522 445 1620 516 τὴν
1640 446 1987 517 πρδςΈόραί-

2101 457 2206 500 tem
2237 456 2292 501 et
2324 448 2603 502 audaciam
2654 444 2909 517 suggillat
2937 486 2953 509 ,
2998 443 3255 498 tredecim
3300 442 3472 498 solum
3506 443 3672 497 divini

401 551 494 599 ους
521 535 595 607 μὴ
624 533 1032 606 συναριθμήσας
1058 537 1177 597 ταῖς
1208 534 1428 598 λοιπαῖς
1450 553 1462 565 ·
1494 537 1617 590 ἐπεὶ
1639 539 1732 591 καὶ
1759 542 1839 603 είς
1866 539 1986 592 δεῦ-

403 646 466 699 ρο
498 628 649 699 παρὰ
687 627 971 700 Ῥωμαίων
990 627 1132 685 τισὶν
1160 627 1272 698 ('58)
1308 628 1367 681 οὐ
1394 628 1674 699 νομίζεται
1700 630 1792 695 τοῦ
1830 632 1987 693 Ἀπο-

405 718 589 772 στόλου
621 718 929 789 τυγχάνειν.

912 902 1307 956 ΚΕΦΑΛΑΙΟΝ
1334 892 1476 963 KA'.

499 992 672 1046 Ὅσοι
695 992 845 1049 κατὰ
877 992 1448 1064 τούσδε-ἐπίσκοποι
1478 993 1859 1064 ἐγνωρίζοντο

896 1062 1037 1133 (Nic.
1073 1062 1144 1116 II.
1185 1062 1250 1117 E.
1289 1080 1341 1129 ν,
1364 1063 1483 1131 26).

485 1150 648 1206 Ἀλλὰ
680 1151 791 1229 γὰρ
828 1153 1140 1208 Ἀντωνῖνον
1164 1153 1258 1225 ἔτη
1295 1153 1689 1224 βασιλεύσαντα
1719 1154 1858 1209 ἑπτὰ
1890 1157 1981 1210 καὶ

402 1244 579 1316 μῆνας
612 1242 673 1309 ἓξ
693 1246 973 1318 Μακρῖνος
997 1245 1323 1316 διαδέχεται,
1366 1246 1572 1300 Τούτου
1605 1248 1650 1300 δ’
1691 1249 1778 1302 ἐπ’
1806 1251 1982 1303 ἐνιαυ-

398 1338 491 1390 τὸν
515 1336 919 1408 διαγενομένου,
950 1332 1105 1400 αὖθις
1136 1338 1320 1410 ἕτερος
1361 1340 1674 1405 ’Λντωνῖνος
1705 1340 1802 1409 τὴν
1847 1342 1980 1395 Ῥω-

403 1429 580 1501 μαίων
608 1429 903 1502 ἡγεμονίαν
946 1431 1399 1503 παραλαμϐάνειο
1437 1426 1498 1486 οὗ
1547 1432 1688 1486 κατὰ
1724 1433 1785 1486 τὸ
1833 1433 1982 1505 πρῶ-

398 1538 490 1575 τον
516 1520 667 1585 ἔτος,
686 1523 715 1573 ὁ
744 1522 1026 1593 Ῥωμαίων
1056 1524 1353 1589 ἐπίσκοπος
1384 1525 1682 1595 Ζεφυρίνος
1718 1524 1981 1595 μεταλάτ-

397 1630 480 1666 τει
512 1611 602 1666 τὸν
636 1612 750 1683 βίον
770 1654 784 1678 ,
828 1614 972 1676 ὅλοις
1008 1613 1381 1668 ὀκτωκαίδεκα
1423 1614 1803 1685 διακατασχὼν
1836 1615 1979 1668 ἔτεσι

397 1701 495 1773 τὴν
531 1701 892 1774 λειτουργίαν.
931 1702 1069 1756 Μεθ’
1102 1703 1161 1756 ὃν
1189 1703 1489 1768 Κάλλιστος
1532 1706 1631 1776 τὴν
1674 1706 1979 1776 ἐπισκοπὴν

399 1794 767 1865 ἐγχειρίζεται
790 1812 802 1825 ·
835 1794 894 1859 ὃς
920 1793 1220 1859 ἐπιϐιώσας
1245 1794 1337 1867 ἐτη
1374 1796 1557 1857 πέντε,
1585 1796 1852 1868 Οὑρὸανῷ
1882 1797 1981 1869 τὴν
2016 1813 2057 1868 Β

410 1884 735 1955 Ἐκκλησίαν
804 1886 1142 1939 καταλείπει.
1204 1886 1572 1960 Αὐτοκράτωρ
1638 1888 1981 1960 Ἀλέξανδρος

397 1973 490 2026 ἐπὶ
536 1974 746 2039 τούτοις
800 1976 1105 2047 διαδέχεται
1146 1977 1244 2049 τὴν
1304 1979 1590 2049 Ῥωμαίων
1636 1979 1842 2051 ἀρχὴν,
1890 1979 1983 2034 ἐπὶ

396 2063 650 2137 τέτταρσι
675 2067 855 2138 μόνοις
885 2066 1081 2125 ἔτεσιν,
1108 2068 1423 2122 Ἀντωνίνου
1453 2070 1855 2142 διαγενομένου.
1894 2071 1983 2123 Ἐν

398 2153 573 2228 τούτῳ
594 2156 651 2211 δὲ
675 2159 770 2212 καὶ
805 2160 897 2214 ἐπὶ
924 2160 1022 2230 τῆς
1054 2162 1371 2232 Ἀντιοχέων
1409 2162 1735 2235 Ἐκκλησίας
1753 2165 1982 2237 Ἀσκλη-

398 2247 597 2320 πιάδην
625 2249 852 2322 Φιλητὸς
872 2252 1196 2323 διαδέχεται.
1228 2254 1333 2306 Τοῦ
1368 2254 1424 2306 δὲ
1449 2254 1852 2329 αὐτοκράτορος
1886 2260 1983 2328 μή·

397 2360 500 2416 τηρ
558 2343 790 2415 Μαμαία
836 2345 1106 2417 τοῦνομα,
1148 2348 1285 2419 γυνὴ
1332 2347 1725 2420 Οεοσεϐεστάτη
1786 2352 1838 2403 εί
1889 2351 1984 2404 καί

396 2452 478 2499 τις
506 2435 637 2507 ἄλλη
669 2439 944 2504 γεγονυῖα,
979 2437 1073 2491 καὶ
1096 2422 1329 2510 εὐλαϐὴς
1350 2440 1441 2494 τὸν
1460 2440 1681 2511 τρόπον,
1710 2444 1809 2513 τῆς
1843 2442 1984 2513 Ὠρι-

397 2528 587 2596 γένους
636 2528 943 2599 πανταχόσε
979 2529 1261 2601 βοωμένης
1306 2533 1527 2603 φήμης,
1579 2533 1654 2597 ὡς
1692 2535 1785 2587 καὶ
1821 2535 1981 2607 μέχρι

395 2619 504 2673 τῶν
531 2621 704 2691 αὐτῆς
730 2619 904 2679 ἐλθεῖν
947 2622 1157 2686 ἀκοῶν,
1194 2623 1323 2694 περὶ
1358 2623 1551 2677 πολλοῦ
1608 2628 1842 2679 ποιεῖται
1882 2627 1983 2697 τῆς

396 2710 491 2764 τοῦ
525 2711 716 2784 ἀνδρὸς
761 2712 889 2777 θέας
939 2713 1275 2785 ἀξιωθῆναι,
1311 2716 1407 2768 καὶ
1452 2717 1550 2785 τῆς
1604 2715 1709 2769 ὑπὸ
1764 2716 1983 2770 πάντων

397 2802 816 2876 θαυμαζομένης
861 2805 990 2876 περ)⁴
1024 2804 1093 2859 τὰ
1124 2805 1243 2859 θεῖα
1278 2806 1545 2872 συνέσεως
1592 2806 1757 2861 αὐτοῦ
1789 2809 1984 2879 πεῖραν

397 2891 599 2947 λαϐεῖν.
664 2894 781 2948 Ἐπ’
842 2896 1174 2967 Ἀντιοχείας
1219 2896 1352 2969 δῆτα
1410 2897 1799 2969 διατρίϐουσα,
1846 2896 1987 2968 μετὰ

399 2989 793 3059 στρατιωτικῆς
838 2990 1160 3064 δορυφορίας
1210 2991 1372 3045 αὑτὸν
1421 2991 1793 3046 ἀνακαλεῖται.
1845 2991 1982 3061 Παρ’

396 3074 431 3154 ᾖ
489 3082 679 3154 χρόνον
725 3082 1052 3156 διατρίψας,
1112 3085 1338 3139 πλεῖστά
1385 3101 1445 3137 τε
1496 3085 1597 3138 ὅσα
1646 3087 1728 3150 είς
1757 3084 1856 3156 τὴν
1888 3084 1982 3137 τοῦ

397 3172 603 3246 Κυρίου
655 3172 811 3239 δόξαν
849 3175 942 3228 καὶ
991 3175 1088 3247 τῆς
1132 3174 1227 3229 τοῦ
1267 3173 1412 3228 Θείου
1441 3174 1811 3229 διδασκαλείου
1863 3174 1985 3244 ἀρε-

396 3263 496 3335 τῆς
551 3263 991 3337 ἐπιδειξάμενος,
1047 3268 1139 3320 ἐπὶ
1183 3266 1280 3331 τὰς
1314 3267 1565 3339 συνήθεις
1598 3265 1821 3320 ἔσπευδε
1865 3266 1979 3319 δια-

397 3356 609 3429 τριϐάς.

910 3474 1303 3527 ΚΕΦΑΛΑΙΟΝ
1336 3476 1465 3527 KB'.

585 3563 732 3614 Ὅσα
754 3560 872 3614 τῶν
897 3563 1259 3616 Ἱππολύτου
1299 3566 1386 3627 είς
1410 3561 1564 3632 ἡμᾶς
1588 3561 1775 3632 ἦλθεν

918 3632 983 3702 (N
1009 3649 1059 3686 ρ.
1099 3632 1167 3684 u.
1220 3633 1285 3687 ις.
1341 3634 1452 3702 ιδ).

471 3722 605 3775 Τότε
637 3722 774 3792 δῆτα
809 3724 900 3775 καὶ
934 3722 1245 3788 Ἱππόλυτος
1282 3723 1609 3784 συντάττων,
1660 3721 1796 3793 μετὰ
1831 3721 1982 3775 πλεί-

402 3829 541 3866 στων
574 3813 746 3867 ἄλλων
782 3815 1206 3886 ὑπομνημάτων,
1250 3815 1343 3868 καὶ
1374 3815 1433 3867 τὸ
1458 3814 1595 3881 IIepi
1615 3814 1719 3868 τοῦ
1757 3813 1975 3883 Πάσχα

400 3905 694 3977 πεποίηται
744 3906 1079 3978 σύγγραμμα
1108 3908 1217 3977 (59)
1238 3924 1254 3940 ο
1287 3909 1345 3960 ὲν
1470 3907 1578 3960 τῶν
1611 3907 1818 3979 χρόνων
1842 3907 1975 3962 ἁνα-

400 3996 616 4067 γραερὴν
651 3997 970 4067 ἐκθέμενος,
1008 3998 1099 4051 καί
1122 4015 1243 4051 τινα
1279 4001 1473 4052 κανόνα
1499 3997 1978 4070 ἑκκαιδεκαετηρί-

398 4088 486 4153 δος
528 4090 656 4161 περὶ
700 4089 792 4143 τοῦ
843 4091 1035 4161 Πάσχα
1081 4090 1303 4163 προθεὶς
1332 4090 1463 4163 (40),
1515 4092 1606 4145 ἐπὶ
1648 4092 1710 4145 τὸ
1763 4092 1978 4165 πρῶτον

471 4231 583 4303 (58)
625 4230 791 4297 Παρὰ
841 4230 1142 4303 ⁹ξ’ωμιιίιιυικ·
1186 4231 1369 4303 τισίν.
1414 4230 1677 4303 Eusebius
1724 4246 1886 4300 supra
1924 4231 1979 4285 in

402 4301 498 4357 lib.
551 4317 632 4360 ιιι.
680 4316 801 4367 cap.
848 4301 904 4362 5,
948 4303 1015 4355 de
1065 4302 1216 4355 Pauli
1266 4301 1523 4368 Epistolis
1566 4302 1864 4364 disserens,
1904 4304 1981 4356 ait

400 4372 660 4440 quosdam
688 4368 988 4436 Epistulam
1006 4372 1072 4424 ad
1103 4370 1360 4439 ﬂebrzeos
1389 4382 1446 4423 nt
1474 4370 1663 4425 falsam
1699 4370 1975 4440 rejecisse,

402 4448 779 4511 asseverantes
813 4441 1127 4511 Romanam
1148 4440 1445 4511 Ecclesiam
1477 4442 1544 4511 de
1568 4441 1690 4511 ejus
1720 4441 1976 4508 Epistula:

401 4509 1011 4581 auctoritatetlubitare,
1038 4509 1175 4581 πρὸς
1193 4510 1293 4581 τῆς
1327 4509 1612 4581 Ῥωμαίων
1646 4510 1974 4581 Ἐκκλησίας

399 4580 582 4662 εδῦςιμὴ
611 4576 825 4662 Παύλου
853 4575 1029 4662 οὖσαν
1053 4575 1260 4662 αὑτηγί
1274 4575 1649 4662 ἀντιλέγεσθαι
1675 4575 1969 4662 φήσαντες.

401 4646 631 4706 Rulinits
658 4648 709 4701 in
736 4658 965 4717 utroque
993 4646 1212 4707 Eusebii
1244 4650 1363 4705 loco
1385 4646 1605 4703 Latinos
1630 4646 1815 4706 vertit.
1848 4653 1973 4707 llic-

400 4734 665 4789 ronymus
692 4727 865 4789 tamen
898 4721 948 4771 in
968 4718 1242 4789 Catalogo,
1275 4719 1534 4774 Romanos
1558 4720 1970 4789 interpretatur,

402 4787 591 4859 tibi'_t_|e
630 4787 786 4842 Caio.
820 4787 1087 4859 Decimum
1117 4787 1384 4857 quartam,
1410 4791 1614 4859 inquit,
1644 4787 1763 4859 qu'te
1804 4792 1974 4849 fertur

400 4861 469 4912 ad
498 4856 769 4929 Hebrwos,
797 4858 921 4929 dicit
953 4874 1055 4911 non
1079 4858 1191 4926 ejus
1230 4876 1358 4913 esse.
1395 4856 1505 4914 Sed
1528 4870 1575 4913 et
1603 4856 1746 4929 apud
1773 4860 1971 4915 Roma-

405 4945 499 4999 nos
540 4942 702 4999 usque
745 4925 902 4980 hodie
945 4925 1111 4999 quasi
1143 4929 1301 4981 Pauli
1337 4929 1564 4997 apostoli
1596 4925 1700 4983 non
1726 4931 1968 4986 habetur.

400 4998 549 5052 Inter
580 4996 1183 5066 Romanosscriptores
1214 5001 1306 5066 qui
1356 4996 1425 5052 ita
1471 5012 1828 5062 censuerunt,
1868 5017 1971 5053 nn-

400 5067 599 5138 merari
632 5075 813 5138 potest
845 5064 1162 5138 llippolytus
1190 5064 1507 5133 Portuensis
1537 5070 1844 5138 episcopus.
1870 5072 1972 5126 llic

400 5137 547 5191 enim
579 5136 632 5189 in
666 5136 802 5189 libro
833 5136 1093 5188 Adversus
1132 5138 1374 5201 Iuvrescs,
1421 5136 1823 5205 Epistulam—ad
1868 5141 1973 5194 lle-

401 5207 577 5276 brteos
633 5205 784 5276 Pauli
831 5206 1071 5276 apostoli
1122 5223 1227 5259 non
1283 5222 1406 5263 esse
1458 5208 1768 5276 allirmavit,
1836 5219 1970 5266 teste

401 5275 599 5330 Photio
630 5276 689 5345 in,
721 5274 1067 5345 Bibliotheca.
1092 5291 1214 5345 cap.
1247 5276 1369 5345 121.

473 5346 584 5417 (59)
623 5343 699 5399 Τὸ
723 5344 855 5417 περὶ
880 5345 986 5397 τοῦ
1012 5342 1228 5417 Πάσχα
1254 5342 1626 5416 σύγγραμμα.
1656 5346 1844 5402 Exstat
1878 5349 1972 5401 ho-

401 5414 493 5473 die
552 5414 738 5487 Canon
798 5414 1425 5487 Paschalis'lltppolyti,
1482 5414 1641 5486 quem
1700 5417 1971 5487 Josephns

405 5487 645 5557 Scaliger
687 5485 840 5557 libris
872 5486 983 5557 suis
1024 5486 1100 5538 De
1145 5485 1851 5557 enteudutioneétcmporunt
1883 5489 1969 5541 iu-

406 5548 582 5623 texuii
608 5556 858 5624 uotisque
900 5555 1211 5609 illustravit.
1254 5548 1358 5609 Sed
1395 5568 1450 5609 ct
1484 5548 1734 5612 Euidins
1761 5557 1969 5614 Boche-

406 5630 522 5689 rius
569 5629 812 5681 eunnlem
856 5624 1044 5691 Latine
1069 5628 1251 5679 vertit.
1298 5626 1491 5680 Verum
1538 5637 1725 5679 neuter
1758 5627 1967 5685 illorum

407 5697 788 5757 animadvertit
823 5694 1091 5763 Cononem
1124 5698 1267 5749 hunc
1300 5709 1507 5764 partem
1547 5698 1810 5749 duntaxat
1849 5714 1969 5751 esse

403 5764 533 5827 libri
586 5764 746 5839 quem
800 5765 1114 5836 Hippolytus
1166 5769 1562 5837 conScripscrat
1620 5769 1687 5821 de
1741 5767 1965 5836 l’JSt'lltt,

2092 539 2332 607 Apostoli
2353 548 2743 593 commemorat
2761 536 3024 606 Epistolas
3045 555 3056 590 :
3076 552 3193 591 eam
3208 551 3327 605 qua:
3340 537 3406 590 ad
3420 533 3673 589 Hebraeos

2094 631 2359 700 inscripta
2382 641 2466 684 est
2494 670 2510 694 ,
2544 646 2665 682 cum
2717 628 2945 697 reliquis
2978 644 3082 682 non
3109 642 3489 682 annumerans.
3527 624 3670 680 Sane

2095 722 2209 777 haec
2240 722 2468 790 epistola
2498 724 2789 776 etiamnum
2818 737 2848 774 a
2881 722 3209 790 quihusdam
3246 719 3511 774 Romanis
3535 718 3671 787 Apo-

2092 815 2213 870 stoli
2244 829 2366 870 esse
2394 829 2500 867 non
2530 815 2792 870 creditur.

2682 907 2909 962 CAPUT
2947 907 3086 962 XXI.

2296 996 2525 1064 Quinam
2558 1016 2616 1053 eo
2651 1009 2880 1067 tempore
2910 1001 3135 1068 episcopi
3167 998 3489 1054 claruerunt.

2158 1094 2422 1148 thlerum
2442 1094 2880 1157 Antonino,cum
2912 1110 3007 1163 per
3035 1110 3207 1149 annos
3233 1104 3437 1165 septem
3465 1108 3671 1164 sexque

2093 1187 2386 1240 admodum
2413 1201 2629 1240 menses
2660 1187 3060 1256 imperavisset,
3094 1189 3355 1242 successit
3374 1187 3667 1241 Macrinus.

2089 1276 2191 1343 Qui
2231 1292 2352 1330 cum
2385 1291 2555 1344 usque
2592 1278 2659 1331 ad
2699 1278 2828 1329 anni
2859 1277 3019 1331 unius
3048 1278 3280 1346 spatium
3315 1278 3479 1331 vitam
3509 1278 3668 1332 simul

2089 1378 2253 1438 atque
2284 1369 2569 1437 imperium
2594 1368 2972 1438 protraxisset,
3002 1368 3141 1423 alius
3167 1368 3341 1422 denuo
3365 1369 3669 1423 Antoninus

2089 1460 2449 1527 principatum
2502 1458 2807 1513 Romanum
2852 1460 3089 1529 accepit.
3154 1459 3325 1529 llujns
3355 1461 3529 1529 primo
3565 1462 3668 1514 im-

2089 1551 2223 1619 perii
2251 1567 2393 1605 anno
2418 1550 2760 1622 Zephyrinns
2777 1550 3036 1608 Romana:
3059 1553 3208 1608 urbis
3229 1552 3515 1621 episcopus
3537 1553 3670 1606 abiit

2087 1659 2118 1697 e
2146 1644 2253 1695 vita
2278 1691 2290 1707 ,
2338 1659 2458 1697 cum
2492 1660 2589 1713 per
2629 1660 2801 1700 annos
2843 1646 3144 1702 octodecim
3178 1647 3539 1701 sacerdotium
3569 1645 3669 1698 oh-

2093 1734 2369 1790 tinnisset.
2396 1735 2523 1791 Post
2547 1753 2705 1807 quem
2730 1738 2986 1793 Callistus
3005 1740 3372 1810 episcopatum
3397 1737 3664 1805 suscepit:

2087 1828 2178 1893 qui
2233 1843 2355 1882 cum
2408 1829 2781 1897 quinquennio
2830 1841 3103 1899 superstes
3144 1831 3401 1894 vixisset,
3448 1827 3668 1883 Urbano

2088 1919 2390 1973 Ecclesiam
2427 1921 2715 1989 regendam
2742 1920 3048 1990 dereliquit.
3071 1920 3377 1974 Alexander
3402 1928 3524 1987 post
3549 1917 3669 1971 haec

2086 2010 2391 2065 Romanum
2420 2010 2702 2079 imperium
2728 2012 3038 2080 capessivit,
3068 2026 3188 2065 cum
3214 2010 3515 2064 Antoninus
3538 2024 3670 2078 qua-

2086 2100 2395 2155 driennium
2431 2101 2696 2154 duntaxat
2725 2103 3088 2171 regnavisset.
3130 2100 3250 2168 Quo
3280 2101 3495 2169 quidem
3527 2111 3667 2155 tem-

2086 2210 2218 2263 pore
2250 2195 2392 2263 apud
2425 2195 2774 2249 Antiochiam
2806 2206 3020 2250 mortuo
3048 2195 3400 2263 Asclepiade,
3450 2194 3669 2263 episco-

2085 2298 2273 2357 patum
2324 2288 2441 2356 ejus
2483 2288 2740 2343 Ecclesia:
2770 2287 2997 2342 sortitus
3052 2296 3138 2341 est
3169 2287 3434 2343 Philetas.
3495 2287 3667 2342 Porro

2085 2392 2267 2436 mater
2292 2383 2588 2437 Alexandri
2623 2381 3005 2451 imperatoris,
3039 2380 3258 2435 Mamma
3292 2382 3509 2435 nomine
3529 2419 3546 2446 ,
3575 2381 3665 2451 pia

2088 2473 2357 2543 imprimis
2390 2489 2454 2529 ac
2495 2474 2748 2544 religiosa
2783 2473 3006 2538 femina,
3038 2488 3160 2527 cum
3188 2472 3438 2544 Origenis
3471 2488 3664 2527 nomen

2087 2564 2288 2633 ubique
2329 2565 2438 2635 jam
2468 2564 2891 2620 celeberrimum
2926 2564 3257 2627 haberetur,
3311 2564 3450 2618 adeo
3500 2574 3557 2616 ιιι
3598 2564 3666 2617 ad

2088 2655 2257 2726 ipsius
2281 2670 2498 2724 quoque
2525 2670 2687 2711 aures
2713 2656 2979 2725 perlatum
3008 2666 3189 2722 esset,
3226 2664 3521 2724 conspectu
3546 2653 3665 2723 ejus

2088 2747 2225 2810 frui,
2265 2755 2321 2802 et
2366 2749 2654 2804 scientiam
2703 2765 2883 2804 rerum
2921 2750 3230 2804 divinarum
3273 2763 3435 2817 quam
3477 2760 3666 2800 omnes

2086 2838 2139 2890 in
2167 2853 2233 2893 eo
2272 2837 2389 2893 viro
2419 2854 2747 2909 magnopere
2777 2840 3192 2894 admirabantur
3232 2839 3542 2894 certissimo
3572 2851 3668 2891 ex-

2088 2929 2394 2998 perimento
2422 2944 2753 3000 cognoscere
2783 2930 3119 2998 concupivit.
3157 2929 3326 2997 Igitur
3356 2928 3443 2982 illa
3480 2929 3670 2982 Antio-

2085 3025 2223 3081 chia:
2250 3023 2486 3093 degens,
2529 3022 2697 3075 misso
2726 3021 2951 3075 militari
2983 3019 3547 3083 satellitio,hominem
3577 3035 3668 3073 ac-

2010 3149 2052 3208 c
2087 3115 2272 3169 cersit.
2313 3113 2412 3179 Qui
2442 3112 2585 3181 apud
2613 3126 2733 3164 eam
2762 3110 3077 3179 aliquandiu
3108 3118 3507 3173 commoratus,
3541 3123 3666 3160 cum

2089 3208 2370 3261 innumera
2404 3205 2478 3259 illi
2507 3206 2829 3258 documenta
2859 3202 3203 3257 exhibuisset
3229 3201 3297 3253 ad
3317 3199 3529 3252 Domini
3558 3199 3668 3269 glo-

2085 3297 2223 3350 riam
2251 3304 2306 3349 et
2335 3295 2400 3348 ad
2425 3294 2623 3349 divina:
2649 3293 2792 3347 illius
2819 3291 3221 3362 pradieationis
3252 3290 3544 3358 potentiam
3572 3291 3669 3346 de-

2086 3388 2423 3453 clarandam,
2449 3386 2515 3439 ad
2538 3393 2828 3441 consuetas
2848 3392 3057 3438 mature
3079 3383 3235 3436 sedes
3260 3396 3537 3451 regressus
3557 3391 3665 3437 est.

2663 3474 2894 3531 CAPUT
2933 3473 3074 3529 XXII

2255 3564 2387 3634 Quae
2421 3567 2690 3637 Hippolyti
2724 3584 2882 3635 opera
2916 3571 2984 3620 ad
3016 3583 3109 3619 nos
3141 3566 3486 3633 pervenerint.

2151 3724 2353 3779 Eodem
2402 3733 2641 3791 tempore
2686 3732 2740 3774 et
2771 3719 3091 3791 Hippolytus
3127 3720 3267 3773 inter
3298 3720 3528 3788 plurima
3559 3719 3665 3775 alia

2079 3817 2277 3887 ingenii
2302 3816 2379 3871 sui
2408 3822 2774 3877 monumenta,
2793 3812 2984 3865 librum
3014 3810 3088 3864 De
3116 3809 3319 3864 Pascha
3341 3813 3664 3879 composuit,

2082 3909 2138 3962 in
2178 3922 2286 3976 quo
2336 3916 2640 3974 temporum
2668 3905 2866 3957 seriem
2902 3904 3255 3968 describens,
3304 3913 3360 3958 et
3400 3919 3665 3959 canonem

2073 3993 2371 4068 'quemdam
2407 3995 2717 4050 Paschalcm
2763 4010 2860 4065 per
2894 3995 3131 4050 sedecim
3162 4010 3427 4050 annorum
3459 3995 3665 4049 circui-

2088 4100 2199 4143 tum
2232 4088 2495 4143 exhibens
2518 4129 2537 4155 ,
2577 4103 2720 4143 anno
2756 4088 2929 4157 primo
2960 4086 3125 4159 224
3157 4088 3503 4157 imperatoris
3535 4086 3664 4140 Ale-

2091 4245 2213 4284 cnm
2258 4238 2439 4283 tamen
2481 4225 2748 4283 Eusebius
2792 4226 2844 4279 id
2884 4225 3228 4295 apertissime
3274 4224 3568 4295 significet,
3604 4233 3665 4277 ut

2087 4316 2153 4355 ex
2184 4299 2344 4366 hujus
2369 4299 2470 4351 loci
2504 4296 2736 4349 lectione
2764 4306 3011 4365 apparet.
3036 4294 3092 4348 Id
3123 4312 3244 4349 cum
3274 4296 3523 4366 Scaliger
3553 4310 3662 4347 non

2086 4365 2583 4427 animadvertisset,
2630 4367 2905 4421 immerito
2949 4365 3300 4434 reprehendit
3342 4365 3660 4424 Eusebium,

2084 4441 2227 4508 quod
2274 4439 2474 4494 dixerit
2520 4436 2866 4506 Hippolytum
2921 4434 2972 4487 in
3018 4450 3083 4490 eo
3123 4435 3262 4508 libro
3306 4435 3373 4488 ad
3424 4434 3660 4502 primum

2085 4504 2256 4577 usque
2307 4504 2602 4577 Alexandri
2660 4504 2790 4575 inip.
2846 4520 3047 4577 annum
3083 4504 3300 4577 seriem
3357 4513 3659 4577 temporqu

2076 4572 2491 4633 determinasse.
2524 4574 2643 4631 Ima
2680 4572 2821 4636 vero,
2867 4575 3043 4642 inquit
3078 4572 3340 4642 Scaliger,
3373 4588 3496 4641 pag.
3529 4573 3657 4635 685,

2075 4651 2259 4704 Canon
2288 4648 2562 4717 Hippolyti
2587 4662 2688 4699 non
2720 4646 2773 4698 in
2796 4645 3244 4717 primumannum
3273 4644 3408 4717 imp.
3426 4644 3661 4717 Aleman-

2075 4721 2161 4773 dri
2192 4711 2407 4775 desinit.
2437 4711 2528 4771 sed
2564 4717 2627 4769 ab
2657 4711 2837 4768 eodem
2876 4714 3086 4782 incipit.
3121 4711 3319 4767 Verum
3356 4714 3410 4767 id
3438 4713 3656 4781 quidem

2076 4800 2178 4843 est.
2228 4789 2334 4843 Sed
2378 4788 2643 4841 Eusebius
2688 4799 2793 4837 non
2839 4784 2906 4836 de
2947 4783 3160 4837 Canone
3207 4783 3451 4852 loquitur
3495 4798 3656 4852 quem

2075 4860 2399 4929 Hippolytus
2433 4859 2582 4929 operi
2619 4870 2716 4909 suo
2738 4854 2815 4929 _D__e
2843 4852 3056 4929 Pascha
3094 4853 3436 4929 adiunxerat,
3466 4868 3655 4906 verum

2075 4924 2334 4998 de'opere
2368 4930 2486 4995 ipso
2514 4927 2566 4979 in
2598 4942 2704 4995 quo
2737 4924 3056 4998 Hippolytus
3072 4925 3315 4998 ordinem
3349 4936 3654 4998 temporum

2076 4995 2456 5061 dinumerans,
2497 4999 2546 5049 in
2585 4998 2761 5063 primo
2798 4995 3091 5049 Alexandri
3126 4996 3255 5059 imp.
3297 5009 3444 5048 anno
3478 4996 3657 5048 desie-

2076 5079 2180 5123 rat.
2234 5067 2346 5121 Nec
2384 5078 2503 5121 erat
2548 5067 2691 5133 quod
2725 5064 2977 5129 Scaliger
3011 5075 3306 5132 tantopere
3362 5064 3657 5133 miraretur

2074 5139 2220 5191 illam
2251 5138 2465 5192 Eusebii
2504 5132 2853 5206 munitionem,
2882 5134 2976 5187 ἐπὶ
3001 5134 3063 5187 τὸ
3100 5133 3317 5206 πρῶτον
3349 5132 3468 5206 ἔτος
3497 5132 3658 5206 αὐτο-

2073 5210 2340 5280 κράτορος
2381 5206 2729 5280 ’ᾼλεξάνδρου
2754 5205 2977 5280 χρόνους
3011 5204 3361 5277 περιγράφει.
3391 5204 3653 5280 Esteuim

2073 5275 2283 5334 Graecis
2329 5277 2525 5331 usitata
2567 5275 2800 5331 locutio.
2836 5278 2926 5330 Sit:
2975 5275 3135 5344 supra
3173 5275 3225 5329 in
3256 5292 3377 5344 cap.
3422 5277 3454 5327 ti
3496 5275 3655 5344 hujus

2073 5349 2222 5411 Illil'l,
2262 5350 2329 5402 de
2363 5348 2644 5401 Cletneute
2682 5348 2905 5415 loquens
2940 5343 3223 5409 Euseltius,
3266 5343 3524 5416 χρονικὴν
3560 5343 3654 5416 ὲκ-

2073 5417 2298 5490 Θέμενος
2316 5418 2530 5488 γραφὴν
2563 5411 2764 5490 είςῗτὴν
2788 5411 3350 5490 Κομμόδουετελευτῇν
3384 5411 3651 5490 περιγρά-

2077 5483 2164 5558 φεί
2190 5483 2615 5563 τοὺςχρόνους.-
2636 5483 3044 5563 Ιιι-ιιιιιιιεόυιιυ
3082 5483 3256 5543 lacum
3288 5483 3504 5539 Eusebii
3538 5497 3648 5535 non

2073 5563 2233 5614 aliter
2257 5576 2322 5613 ac
2349 5559 2446 5615 nos
2472 5559 2749 5612 intellexit.

2144 5630 2255 5700 (i0)
2288 5633 2526 5700 Κανόνα
2555 5629 2813 5696 προθείς.
2850 5629 2902 5683 In
2936 5632 3120 5685 codice
3156 5626 3406 5680 Medicam
3449 5622 3649 5692 legitun

2080 5699 2352 5771 προσθείς,
2384 5705 2541 5761 male,
2577 5712 2625 5750 nt
2657 5718 2867 5767 opinor.
