4222 6464
373 396 476 451 577

1379 388 1736 448 HISTORIA}
1777 389 2340 449 ECCLESIASTICAE
2378 389 2512 447 LIB.
2551 389 2648 450 Vl.

3572 397 3677 454 578

386 513 674 584 ενήνεκται
707 510 815 582 (47)
847 509 1005 579 λόγον
1026 552 1040 576 ,
1078 509 1214 574 ιδίας
1245 509 1477 582 δεόμενα
1505 509 1807 576 συντάξεως
1835 552 1849 577 ,
1888 529 1983 583 με-

2083 511 2474 582 praedicatione
2516 510 2665 566 verbi
2702 508 2871 566 divini
2907 510 3172 578 contulit,
3223 528 3348 569 cum
3389 517 3674 586 proprium

383 601 555 673 τρίως
583 602 642 655 ὲν
680 600 758 672 τῷ
805 600 1041 672 δευτέρῳ
1088 596 1158 673 ἧς
1211 600 1353 673 ὑπὲρ
1404 601 1572 656 αὐτοῦ
1623 602 1974 675 πεποιήμεθα

385 693 706 764 ἀπολογίας,
735 694 1150 766 ἀνεγράψαμεν.

915 873 1214 927 ΚΕΦΑΛΑῙ
1224 873 1315 927 ΟΝ
1348 873 1476 925 ΚΔ’.

502 969 643 1026 Τίνα
685 967 785 1021 ἐπὶ
836 965 947 1033 τῆς
1005 966 1452 1035 Ἀλεξανδρείας
1494 964 1838 1035 ἐξηγήσατο

884 1037 1026 1107 (Nic.
1069 1037 1140 1092 11.
1177 1036 1244 1093 E.
1290 1053 1342 1100 ν,
1387 1039 1498 1108 15).

457 1132 646 1188 Ταῦτα
677 1131 733 1186 δὲ
765 1130 996 1196 ἐκείνοις
1027 1130 1137 1184 δέοι
1166 1123 1233 1183 ἂν
1270 1128 1682 1200 προσεπιθεῖναι
1728 1127 1840 1200 (48)
1883 1129 1981 1200 δη·-

390 1223 634 1289 λοῦντας,
667 1224 743 1288 ὡς
777 1225 834 1276 ὲν
871 1223 968 1294 μὲν
1001 1221 1078 1293 τῷ
1107 1220 1254 1292 ἕκτῳ
1281 1219 1391 1274 τῶν
1417 1222 1496 1284 είς
1527 1220 1592 1272 τὸ
1617 1220 1758 1274 κατὰ
1805 1220 1980 1274 Ἰωάνα

390 1334 489 1389 νην
530 1314 901 1387 Ἐξηγητικῶν
923 1353 937 1378 ,
975 1312 1229 1384 σημαίνει
1278 1311 1347 1365 τὰ
1381 1312 1622 1382 πρότερα
1658 1311 1854 1376 πέντε,
1891 1312 1979 1366 ἐπ’

403 1407 808 1480 Ἀλεξανδρείας
840 1406 914 1460 ἔτ’
946 1406 1075 1460 ὄντα
1108 1406 1272 1459 αὐτὸν
1300 1403 1580 1468 συντάξαι,
1614 1403 1714 1473 τῆς
1739 1404 1784 1456 δ’
1813 1405 1894 1468 εἰς
1918 1405 1980 1458 τὸ

391 1503 500 1556 πᾶν
526 1499 858 1569 Εὐαγγέλιον
903 1498 1035 1552 αὐτὸ
1068 1497 1132 1569 δὴ
1166 1495 1325 1551 τοῦτο
1369 1495 1756 1566 πραγματείας
1781 1536 1794 1561 ,
1830 1496 1980 1567 μόνοι

388 1595 484 1649 δύο
515 1595 609 1649 καὶ
647 1593 850 1647 εἴκοσιν
883 1591 991 1664 (49)
1023 1592 1102 1654 είς
1135 1591 1282 1662 ἡμᾶς
1325 1588 1616 1661 περιῆλθον
1646 1587 1824 1658 τόμοι.
1866 1590 1982 1642 Κα-

390 1686 529 1740 τὰδὲ
556 1686 619 1739 τὸ
651 1685 867 1740 ἔννατον
898 1682 1004 1736 τῶν
1039 1685 1118 1747 εἰς
1143 1681 1240 1753 τὴν
1261 1681 1500 1734 Γένεσινο
1542 1678 1750 1733 δώδεκα
1777 1679 1835 1733 δέ
1864 1681 1980 1735 ἐστι

391 1779 460 1833 τὰ
479 1779 690 1832 πάντα⁶
726 1778 786 1830 ού
818 1776 978 1848 μόνον
1001 1775 1129 1838 τοὺς
1150 1774 1257 1846 πρὸ
1288 1771 1381 1827 τοῦ
1431 1771 1655 1826 ὲννάτου
1697 1771 1847 1844 δηλοῖ
1887 1773 1982 1826 ἐπὶ

2079 619 2215 674 opus
2247 603 2528 672 requirant
2548 643 2564 668 ,
2603 603 2657 658 in
2689 605 2932 660 secundo
2961 605 3104 662 libro
3139 607 3474 677 Defensionis
3503 625 3676 680 quam

2078 711 2179 768 pro
2208 695 2298 750 illo
2323 696 2750 765 conscripsimus
2769 738 2784 764 ,
2816 695 3155 753 sumcienter
3179 712 3210 753 a
3242 699 3400 756 nobis
3423 711 3558 756 sunt
3581 717 3682 758 ex-

2078 788 2272 859 posita.

2549 879 2712 951 225
2750 879 2980 936 CAPUT
3014 880 3212 936 xxrv.

2293 969 2552 1038 Quaenam
2583 973 2924 1027 Alexandria:
2953 973 3332 1044 interpretatus
3360 976 3454 1031 sit.

2152 1125 2278 1181 Haec
2309 1141 2443 1182 vero
2470 1126 2804 1196 supradictis
2853 1125 3146 1198 adiungere
3183 1143 3412 1198 prorsus
3449 1144 3673 1186 necesse

2077 1225 2162 1272 est
2183 1259 2196 1282 ,
2225 1217 2465 1289 quinque
2487 1218 2696 1287 priores
2718 1219 2889 1274 libros
2917 1219 3329 1289 Expositionum
3361 1221 3416 1276 in
3438 1221 3672 1277 Joannis

2079 1309 2427 1380 Evangelium
2456 1311 2525 1366 ab
2553 1310 2647 1366 illo
2672 1311 2801 1366 dum
2829 1315 3006 1368 adhuc
3031 1313 3380 1369 Alexandriae
3409 1314 3629 1386 degeret
3651 1355 3669 1378 ,

2079 1416 2201 1456 esse
2223 1403 2582 1472 compositos,
2613 1414 2674 1460 ut
2701 1406 2929 1474 ipsemet
2961 1406 3013 1459 in
3045 1413 3200 1461 sexto
3223 1405 3532 1461 earumdem
3559 1406 3672 1462 Ex-

2078 1495 2398 1565 positionum
2433 1495 2571 1551 libro
2620 1506 2870 1552 testatur.
2913 1497 2990 1552 Ex
3018 1497 3273 1552 universo
3302 1506 3482 1553 autem
3505 1513 3672 1568 opere

2081 1588 2224 1657 quod
2259 1589 2310 1642 in
2357 1597 2530 1644 totum
2583 1590 2714 1646 illud
2765 1589 3118 1660 Evangelium
3166 1589 3507 1655 elaboravit,
3563 1592 3673 1646 duo

2080 1688 2135 1734 et
2165 1680 2354 1750 viginti
2385 1679 2512 1734 libri
2559 1681 2627 1737 ad
2673 1697 2774 1738 nos
2807 1681 3078 1737 duntaxat
3122 1691 3510 1750 pervenerunt.
3563 1681 3671 1738 Sed

2083 1780 2137 1826 et
2164 1771 2217 1824 in
2253 1771 2396 1827 libro
2429 1788 2576 1827 nono
2595 1773 3002 1842 Expositionum
3038 1775 3092 1828 in
3123 1770 3362 1828 Genesirn
3392 1775 3542 1842 (sunt
3575 1789 3674 1829 au-

390 1870 492 1942 τῆς
549 1871 953 1942 Ἀλεξανδρείας
1001 1867 1505 1940 ύπεμνηματίσθαι,
1561 1865 1695 1920 ἀλλὰ
1752 1868 1847 1921 καὶ
1898 1870 1978 1927 είς

2087 1871 2192 1916 tem
2225 1877 2414 1918 omnes
2443 1864 2560 1934 ejus
2585 1865 2638 1920 in
2661 1865 2921 1922 Gcnesim
2950 1865 3074 1920 libri
3104 1881 3332 1921 numero
3360 1865 3672 1935 duodecim)

390 1963 518 2026 τοὺς
546 1960 798 2034 πρώτους
831 1959 890 2014 δὲ
939 1960 1099 2014 πέντε
1133 1960 1229 2013 καὶ
1268 1958 1441 2012 εἴκοσι
1481 1957 1778 2029 ιΡιιλμούς·
1808 1957 1888 2012 ἔτι
1917 1976 1977 2012 τε

389 2050 460 2104 τὰ
486 2053 568 2114 εἰς
597 2051 722 2114 τοὺς
753 2050 1030 2124 Θρήνους,
1071 2042 1148 2103 ὧν
1178 2051 1258 2112 εἰς
1288 2050 1436 2120 ἡμᾶς
1478 2047 1769 2119 ἐληλύθασι
1819 2050 1979 2120 τόμοι

391 2139 585 2194 πέντε·
646 2142 705 2194 ὲν
743 2135 826 2203 οἷς
878 2141 1149 2211 μέμνηται
1213 2139 1310 2193 καὶ
1368 2139 1476 2192 τῶν
1529 2139 1669 2207 Περὶ
1715 2139 1980 2194 ἀναστά-

390 2246 547 2299 σεως
575 2231 709 2306 (50).
743 2231 849 2286 Δύο
871 2232 915 2286 δ’
941 2233 1058 2286 ἐστὶ
1091 2231 1408 2285 καὶταῦτα.
1460 2230 1534 2285 Ού
1577 2232 1682 2303 μὴν
1715 2231 1851 2285 ἀλλὰ
1885 2231 1979 2285 καὶ

396 2414 576 2481 Quare
605 2429 712 2468 non
748 2413 864 2468 lucc
896 2413 1118 2469 Eusebii
1148 2414 1305 2484 culpa
1336 2423 1441 2478 est,
1470 2415 1563 2468 sed
1598 2423 1964 2484 posterorum,

396 2486 488 2554 qui
518 2485 684 2537 nimio
708 2487 966 2538 adversus
993 2487 1280 2554 Origenem
1311 2488 1458 2544 odio.
1495 2486 1663 2540 libros
1689 2486 1808 2540 illos
1837 2502 1975 2554 quos

397 2571 496 2624 pro
543 2555 799 2622 Origenis
855 2554 1172 2609 defensioue
1228 2556 1498 2609 Eusebius
1544 2571 1608 2609 ac
1655 2555 1975 2625 Pamphilus

400 2635 608 2692 martyr
631 2625 932 2686 ediderant,
966 2626 1121 2680 nobis
1146 2626 1475 2681 inviderunt.
1515 2625 1626 2678 Nisi
1657 2629 1799 2694 quod
1832 2627 1973 2680 Pho-

401 2696 509 2749 tius
538 2695 732 2759 exigua
770 2696 1016 2760 qna-dam
1044 2710 1233 2748 eorum
1270 2695 1589 2764 fragmenta,
1620 2705 1880 2764 tanquam
1905 2714 1972 2752 ex

399 2765 685 2832 naufragio
719 2765 874 2818 nobis
905 2768 1268 2821 conservavit.
1306 2767 1386 2819 Ex
1425 2765 1579 2831 cujus
1620 2764 1970 2832 Bibliotheca,

403 2852 523 2908 cap.
553 2833 676 2908 “_8.
707 2835 967 2908 discimus
1005 2837 1142 2891 duas
1188 2837 1769 2908 adversnsOrigenem
1810 2853 1976 2908 syno-

403 2906 500 2959 dos
539 2903 797 2959 collectas
844 2906 1008 2958 fuisse
1057 2924 1071 2960 :
1114 2922 1342 2975 quarum
1392 2907 1542 2974 prior
1582 2903 1863 2975 Originein
1910 2924 1976 2962 cx

401 2975 787 3047 Alexandrina
818 2975 1056 3030 Ecclesia
1090 2977 1392 3047 pellendum
1429 2992 1550 3032 esse
1600 2977 1833 3044 censuit,
1883 2978 1978 3032 sed

402 3045 725 3116 presbyterii
757 3046 1038 3116 honorem
1091 3045 1202 3101 non
1261 3047 1482 3102 ademit.
1542 3047 1793 3100 Secunda
1851 3062 1977 3101 vero

401 3115 645 3187 synodus
671 3115 1064 3187 episcoporum
1106 3116 1325 3187 Egypti
1367 3131 1396 3168 a
1433 3117 1704 3173 Demetrio
1745 3131 1976 3183 congre-

401 3183 546 3267 gata,
587 3183 885 3270 Origenei‘u:
914 3183 1230 3267 sacerdotio
1257 3183 1456 3270 exuit;
1496 3187 1583 3241 cui
1632 3188 1975 3270 damnationi
2008 3213 2050 3270 ο

406 3258 572 3327 _totins
603 3270 740 3323 pene
768 3257 916 3311 orbis
946 3258 1182 3326 episcopi
1231 3258 1698 3327 subscripserunt,
1737 3269 1796 3310 ut
1822 3258 1980 3311 docet

401 3324 788 3396 Hieronymus,
841 3324 996 3396 cujus
1043 3324 1159 3379 hinc
1208 3329 1372 3381 verba
1430 3324 1598 3381 refert
1645 3327 1873 3380 Ruﬁnus
1930 3328 1982 3380 in

398 3393 662 3462 Apologia
696 3410 778 3449 tt:
836 3393 944 3449 Pro
973 3396 1069 3448 hoc
1111 3397 1300 3448 sudore
1325 3397 1453 3460 quid
1492 3398 1694 3462 accepit
1736 3398 1985 3464 precarii?

397 3465 702 3518 Damnatur
733 3481 764 3516 a
799 3464 1063 3519 Demetrio
1089 3467 1350 3533 episcopo.
1394 3465 1642 3533 Exceptis
1675 3465 1984 3521 Palaestina:

399 3544 450 3587 et
482 3533 692 3587 Arabiae
731 3542 782 3587 et
830 3534 1104 3587 Phrenires
1153 3545 1310 3602 atque
1351 3536 1563 3589 Achaia:
1595 3537 1980 3602 sacerdotibus,

399 3605 456 3656 in
513 3605 911 3657 damnationem
962 3605 1080 3672 ejus
1129 3607 1386 3657 consentit
1443 3607 1606 3659 orbis.
1659 3603 1821 3656 Roma
1868 3606 1983 3670 ipsa

400 3682 584 3724 contra
621 3673 758 3724 hunc
786 3674 921 3739 coyit
964 3683 1248 3735 senatum;
1292 3691 1395 3728 non
1424 3685 1637 3744 propter
1672 3676 1981 3743 dogmatum

402 3744 705 3804 novitatem,
757 3759 847 3796 nec
878 3753 1089 3811 prapter
1135 3746 1394 3806 heresim,
1447 3754 1504 3796 ut
1550 3760 1686 3796 nunc
1735 3747 1982 3798 adversus

399 3827 518 3863 eum
552 3813 724 3885 rabidi
765 3829 923 3866 canes
959 3813 1260 3885 simulant:
1305 3815 1396 3867 sed
1441 3815 1564 3885 quia
1606 3816 1830 3883 gloriam
1873 3818 1983 3867 elo-

397 3883 627 3948 quentia:
656 3882 770 3948 ejus
806 3893 852 3935 et
884 3885 1120 3937 scientia:
1157 3884 1296 3950 ferre
1342 3882 1462 3938 non’
1486 3882 1749 3950 poterant,
1793 3891 1842 3936 et
1889 3886 1982 3937 illa

397 3951 616 4022 docente
671 3967 848 4022 oinnes
894 3954 1028 4005 muti
1076 3952 1422 4022 putabantur.
1471 3953 1643 4007 Porro
1680 3955 1793 4008 liatc
1828 3952 1983 4007 Pam-

399 4019 532 4092 phili
561 4035 628 4092 ex
678 4020 820 4092 _Iibro
849 4038 886 4075 ll
915 4019 1244 4092 Apologetici
1274 4041 1370 4092 pro
1396 4022 1627 4092 Origene
1658 4033 1781 4076 sunt
1821 4025 1936 4077 Ilaec
1963 4041 1978 4076 :

396 4090 508 4162 Καὶ
543 4088 760 4162 σύνοδος
788 4088 1105 4162 ἁθροίζεται
1131 4088 1466 4158 ἐπισκόπων,
1497 4088 1615 4146 ’καί
1644 4110 1806 4145 τινων
1847 4111 1983 4162 πρε-

399 4159 696 4232 σϐυτέρων,
742 4159 884 4216 κατὰ
926 4163 1258 4245 Ὠριγένους,
1313 4166 1450 4286 ἱίὲτε
1496 4164 1572 4227 ὡς
1622 4163 1652 4214 ό
1697 4159 1981 4233 Πάμφιλός

399 4247 550 4286 φησι.
580 4230 876 4286 ψηφίζεται
920 4249 1254 4286 μεταστῆναι
1293 4253 1330 4286 υ.
1362 4252 1390 4286 ν
1424 4235 1531 4286 ἀπὸ
1565 4233 1980 4286 Ἀλεξανδρείας

398 4230 876 4306 ιρησιιζψηφίζεται
919 4230 1254 4306 μεταστῆναι
1291 4230 1390 4306 μὲν
1416 4235 1531 4306 ene.
1565 4230 1980 4306 Ἀλεξανδρείας

396 4301 506 4377 τὸν.
544 4300 845 4377 Ὦριγένηᾲν,
892 4300 986 4377 καὶ
1039 4300 1190 4377 μήτε-
1222 4300 1518 4377 διατρίϐειν
1549 4306 1607 4377 εν
1639 4306 1800 4377 αὐτῇ,
1828 4300 1978 4377 ’μήτε

395 4369 705 4448 διδάσκειν·
748 4369 848 4443 τῆς
872 4369 1065 4448 *μέντοι
1227 4369 1627 4448 *πρεσϐυτερίου
1668 4369 1853 4448 τιμῆξ
1885 4369 1979 4448 ού-

395 4439 1049 4518 δαμῶςμάποκεκινῆσθαι·
1075 4444 1191 4497 ἀλλ’
1214 4445 1251 4518 δ
1271 4439 1334 4515 γε
1356 4439 1664 4518 Δημήτριος
1696 4439 1811 4518 ει·μᾴ
1836 4446 1978 4498 τισὶν

397 4511 717 4588 ἐπισκόποις
753 4511 1089 4588 Αἰγυψίοις,
1143 4516 1238 4569 καὶ
1270 4511 1368 4586 τῆς
1396 4511 1976 4588 ,ἱερὼσύνηςςάπεκή-

435 4580 550 4658 eis,
587 4580 1115 4658 συνυπογραψάντῳν
1144 4580 1337 4658 και
1381 4580 1652 4657 ἀποφάσει
1673 4580 1790 4640 ’τῶν
1839 4580 1976 4658 συμ-

440 4653 594 4729 ήφων
626 4652 773 4729 αὐτῷ
801 4652 1201 4729 γεγενημένων.
1239 4652 1602 4729 lliéronymus
1637 4667 1814 4710 tamen
1865 4652 1973 4710 non

398 4723 701 4791 depositum
743 4723 1028 4789 duntaxat,
1065 4728 1161 4780 sed
1217 4723 1749 4781 excomniunicatum
1789 4741 1818 4780 a
1870 4729 1973 4782 De-

399 4797 602 4866 metrio
639 4792 1120 4866 dicit__0rigeneni,
1167 4806 1222 4850 et
1264 4798 1544 4866 indignum
1590 4799 1976 4851 communione

397 4861 655 4918 Ecclesia:
695 4861 1025 4928 judicatum.
1066 4866 1263 4919 Verum
1299 4861 1413 4922 haec
1450 4867 1714 4920 Demetrii
1756 4877 1977 4920 senten-

401 4934 497 5004 tia.
551 4933 803 5004 quamvis
853 4941 933 4987 tot
978 4934 1355 5004 episcoporum
1413 4952 1681 4991 consensu
1739 4936 1975 5003 ﬁrmata,

398 5003 606 5071 absque
652 5003 846 5057 etlectu
901 5003 1122 5076 mansit,
1166 5003 1296 5058 cum
1347 5005 1611 5075 Origenes
1665 5009 1973 5076 presbyteri

399 5087 594 5144 munus
643 5088 859 5140 semper
901 5075 1157 5144 deinceps
1196 5077 1502 5142 retinuerit,
1543 5087 1598 5130 et
1632 5077 1684 5130 in
1727 5075 1974 5131 Ecclesia

399 5142 597 5197 docere
642 5142 1108 5211 perseveraverit,
1139 5155 1199 5198 ut
1248 5148 1405 5200 docet
1453 5147 1716 5200 Eusebius
1770 5149 1822 5200 in
1872 5149 1973 5202 hoc

398 5211 562 5284 libro,
594 5221 648 5266 et
673 5213 988 5278 Pamphilus
1020 5214 1074 5267 in
1113 5215 1208 5268 lib.
1243 5231 1258 5269 ι
1302 5215 1598 5284 Apologia.
1629 5215 1744 5270 Cur
1791 5226 1974 5270 autem

399 5283 552 5336 irrita
573 5284 756 5355 inerit
780 5285 894 5337 [nec
916 5285 1210 5348 sententia,
1240 5287 1437 5353 duplex
1468 5283 1632 5340 causa
1661 5295 1763 5352 est,
1799 5286 1975 5355 primo

399 5354 1196 5426 quiainhabsentetnprolata
1247 5355 1428 5426 fuerat
1463 5358 1670 5423 absque
1714 5354 1975 5426 legitimis

398 5423 782 5488 citatiouibus;
811 5424 1030 5487 deinde,
1063 5425 1191 5492 quia
1219 5425 1512 5478 multorum
1547 5423 1879 5490 antistitum,
1912 5441 1977 5480 ac

399 5493 672 5565 przecipue
725 5494 954 5546 ltoiiiani
1009 5495 1251 5565 episcopi
1316 5495 1644 5550 auctoritate
1697 5511 1804 5550 non
1856 5505 1978 5550 erat

400 5564 746 5615 conﬁrmata.

471 5632 581 5702 (47)
623 5632 1076 5699 Εὶσενήνεκται.
1115 5633 1362 5690 Positum
1386 5633 1603 5687 videtur
1627 5634 1696 5689 ab
1737 5633 1976 5691 Eusebio

401 5715 498 5770 pro
519 5703 824 5774 εἰσήνεγκε,
849 5715 903 5757 et
932 5708 1014 5758 sic
1043 5704 1310 5760 intellexit
1336 5705 1692 5774 Nicephorus.
1719 5706 1791 5759 At
1819 5705 1978 5761 Chri-

402 5775 793 5843 stopborsonns
830 5776 1217 5843 interpretatur
1245 5775 1486 5843 pertulit.

473 5842 582 5916 (£8)
613 5842 894 5909 Ἐκεινοις
917 5842 1040 5898 δέοι
1069 5843 1146 5900 ἂν
1171 5842 1638 5915 προσεπιθεῖναι.
1667 5843 1739 5903 lis
1767 5845 1976 5904 scilicet

2014 4572 2055 4624 θ
2083 4594 2203 4650 est,
2251 4572 2434 4655 ope-rav-

2085 1970 2191 2010 non
2228 1955 2400 2010 solum
2429 1955 2552 2013 o'cto
2583 1959 2792 2028 priores
2819 1959 3168 2014 Alexandria
3196 1958 3516 2016 lucubratos
3549 1972 3673 2014 esse

2084 2046 2387 2118 signiﬁcat,
2438 2064 2628 2103 verum
2680 2049 2844 2104 etiam
2894 2051 3320 2104 commentarios
3363 2051 3414 2104 in
3465 2051 3672 2120 primos

2084 2139 2323 2208 quinque
2354 2151 2410 2196 et
2437 2141 2629 2211 viginti
2661 2140 2896 2211 psalmos
2917 2182 2934 2205 ,
2966 2155 3030 2196 ac
3063 2150 3321 2210 praeterea
3356 2142 3410 2196 in
3444 2141 3674 2198 Lamen-

2086 2234 2311 2288 tationes
2360 2233 2640 2299 Jeremiae,
2691 2249 2757 2289 ex
2789 2233 2992 2303 quibus
3031 2235 3271 2303 quinque
3303 2235 3434 2290 tomi
3470 2238 3537 2290 ad
3573 2251 3672 2291 nos

2081 2431 2200 2486 quae
2224 2417 2278 2470 in
2307 2418 2548 2472 secundo
2571 2416 2712 2472 libro
2737 2415 3010 2485 Apologia:
3032 2431 3127 2483 pro
3154 2415 3384 2486 Origene
3403 2415 3667 2480 diximus,

2083 2485 2227 2554 quod
2281 2503 2386 2542 non
2440 2487 2709 2541 intellexit
2763 2487 3322 2554 Christophorsouus.
3373 2485 3549 2541 Porro
3601 2505 3670 2544 ex

2082 2567 2321 2627 quatuor
2351 2559 2552 2611 nostris
2576 2556 2860 2611 codicibus
2904 2557 2992 2627 hic
3020 2556 3330 2627 addidimus
3353 2571 3542 2611 vocem
3576 2558 3672 2627 6ης

2081 2626 2325 2690 λούντας.
2364 2644 2486 2694 qum
2529 2629 2718 2682 deerat
2750 2628 2802 2680 in
2839 2626 3012 2695 Regio
3044 2626 3365 2693 exemplari,
3393 2637 3448 2681 et
3477 2629 3529 2680 in
3556 2626 3672 2682 edi-

2086 2697 2237 2750 tione
2268 2698 2550 2758 Stephani.
2593 2697 2798 2751 Contra
2829 2711 2958 2751 vero
2999 2698 3268 2765 particula
3295 2696 3383 2757 ἄν,
3403 2712 3538 2766 qua:
3568 2699 3670 2752 ba-

2085 2767 2243 2836 betur
2270 2768 2322 2820 in
2353 2766 2548 2835 Regio,
2581 2769 2734 2822 abest
2759 2783 2790 2822 a
2833 2768 3039 2823 nostris
3065 2766 3343 2822 codicibus
3370 2765 3671 2836 Mazarino,

2086 2835 2346 2892 Medicam
2377 2847 2432 2890 et
2459 2838 2783 2894 Fuketiano.

2157 2907 2271 2978 (49)
2300 2908 2488 2961 Μόνοι
2515 2909 2626 2961 δύο
2652 2908 2752 2961 καὶ
2781 2907 3036 2961 εἴκοσιν.
3068 2907 3144 2961 Ex
3184 2905 3402 2978 triginta
3435 2915 3674 2976 quatuor

2087 2975 2260 3031 tomis
2281 2993 2373 3030 seu
2417 2979 2573 3032 libris
2607 2993 2742 3046 quos
2785 2981 2834 3031 in
2872 2978 3223 3046 Evangelium
3255 2975 3487 3031 Joannis
3529 2981 3666 3032 scri-

2084 3057 2270 3119 pserat
2297 3046 2586 3112 Origenes,
2621 3058 2760 3102 teste
2789 3048 3122 3119 Hieronymo
3155 3047 3575 3119 inmutatione
3601 3049 3669 3102 ad

2084 3115 2310 3171 Paulam
2340 3119 2406 3170 de
2437 3119 2891 3185 interpretatione
2929 3115 3025 3171 sua
3058 3116 3418 3170 llomiliarum
3457 3119 3509 3171 in
3559 3116 3670 3171 Lu-

2085 3202 2227 3240 cam.
2267 3187 2438 3240 Hodie
2482 3203 2612 3242 vero
2649 3204 2839 3242 novem
2890 3189 3154 3239 duntaxat
3196 3197 3494 3250 supersunt
3537 3189 3668 3242 torni

2089 3254 2548 3327 Explanationum
2591 3256 2846 3327 Origenis
2884 3259 2940 3310 in
2971 3254 3210 3327 Joannis
3236 3256 3602 3327 Evangelium,
3633 3275 3664 3310 ιι

2091 3325 2348 3381 Perionio
2382 3327 2572 3380 Latine
2599 3325 2835 3397 primum
2866 3326 3020 3382 editi.
3055 3326 3160 3397 Sed
3201 3326 3251 3397 in
3283 3326 3517 3397 vulgatis
3545 3329 3668 3380 edi-

2089 3398 2330 3450 tionibus
2377 3397 2429 3448 bi
2474 3394 2665 3450 novem
2706 3400 2837 3450 tomi
2886 3397 3028 3448 male
3073 3394 3398 3464 intriginta
3435 3406 3674 3464 quatuor

2089 3475 2264 3521 tomos
2315 3465 2592 3520 distributi
2630 3479 2780 3527 Sunt,
2822 3478 2882 3520 ut
2933 3466 2984 3518 in
3017 3463 3336 3532 praeiatidue
3375 3463 3474 3520 sua
3522 3478 3675 3521 recte

2087 3537 2258 3588 movit
2289 3535 2639 3588 doctissimus
2667 3533 3075 3590 Genebrardus.

2157 3605 2270 3675 (50)
2306 3605 2432 3659 Τῶν
2458 3605 2598 3673 Περὶ
2619 3605 3026 3668 ἀναστάσεως.
3060 3603 3422 3675 Hieronymus
3442 3604 3497 3658 in
3528 3604 3668 3662 libro

2086 3674 2322 3742 qundam
2359 3675 2449 3743 qui
2483 3678 2684 3729 citatnr
2740 3691 2768 3727 a
2807 3676 2999 3727 ltulino
3030 3675 3082 3727 in
3118 3674 3379 3742 Apologia
3408 3691 3444 3728 It
3477 3678 3667 3730 adver-

2085 3762 2174 3798 sus
2208 3745 2611 3814 Hieronymum,
2661 3746 2959 3814 indiculum
3005 3755 3196 3798 texens
3227 3746 3495 3802 librorum
3547 3744 3670 3802 Ori-

2085 3815 2258 3888 genis,
2289 3817 2363 3868 ita
2391 3813 2466 3888 ait
2505 3831 2517 3867 :
2552 3817 2778 3884 Scripsit
2809 3818 2867 3888 in
2899 3813 3142 3888 Genesim
3184 3815 3345 3888 libros
3386 3831 3508 3875 xm.
3545 3817 3668 3888 My-

2086 3885 2344 3938 sticarum
2398 3884 2754 3938 Homiliarum
2800 3887 2958 3938 libros
2987 3887 3147 3948 duos,
3186 3887 3242 3937 in
3284 3883 3532 3939 Exodum
3568 3883 3664 3940 e5;-

2084 3967 2287 4023 cerpta,
2320 3956 2375 4007 in
2407 3955 2693 4008 Leviticum
2741 3963 3006 4018 excerpta.
3043 3954 3109 4008 Et
3136 3962 3260 4023 post
3289 3956 3492 4009 multa:
3529 3955 3667 4012 Item

2082 4025 2427 4095 monobiblia,
2459 4025 2600 4093 Περὶ
2631 4025 2834 4095 ἀρχῶν
2868 4025 3031 4078 libros
3063 4039 3142 4087 Iv,
3175 4025 3250 4078 De
3281 4029 3668 4080 resurrectione

2083 4094 2246 4147 libros
2277 4097 2447 4157 duos;
2477 4108 2522 4149 et
2555 4096 2688 4148 alios
2711 4094 2791 4149 De
2823 4097 3202 4148 resurrectione
3240 4095 3480 4163 dialogos
3509 4097 3664 4150 duos.

2082 4163 2283 4236 Qpntra
2312 4167 2409 4219 hos
2432 4165 2685 4236 Origenis
2709 4167 2877 4220 libro.-
2900 4165 2976 4218 lie
3003 4171 3406 4236 resurrectione,
3436 4166 3664 4232 scripsit

2083 4233 2391 4290 Melliodius
2423 4233 2714 4305 episcopus
2746 4237 3013 4305 insignem
3077 4235 3274 4305 librum
3323 4233 3396 4287 De
3425 4250 3662 4289 resurre-

2081 4305 2276 4368 ctione,
2329 4304 2470 4360 teste
2503 4305 2833 4376 Hieronymo
2891 4309 2941 4358 in
2999 4304 3140 4376 libro
3193 4304 3280 4376 De,
3317 4305 3666 4376 scriptoribus

2079 4377 2472 4438 ecclesiasticis,
2513 4387 2567 4430 et
2603 4374 2838 4429 Muiimo
2868 4376 2922 4428 in
2965 4375 3187 4430 scliolils
3218 4375 3283 4427 ad
3329 4374 3524 4427 librum
3561 4375 3667 4428 Ec-

2080 4444 2396 4515 clesiasticw
2431 4445 2759 4500 Hierarchiie
2801 4445 3071 4515 Dionysii,
3104 4459 3225 4512 cap.
3262 4444 3313 4497 7.
3349 4444 3455 4497 Sed
3485 4444 3662 4499 locum

2081 4513 2304 4568 Maximi
2335 4517 2426 4584 qui
2469 4517 2522 4570 in
2565 4517 2798 4586 vulgatis
2847 4513 3180 4570 editionibus
3215 4515 3665 4586 mendosissimns

2481 4584 2714 4655 pretium
2755 4587 2861 4640 erit
2906 4587 3312 4655 liic__apponere
3351 4592 3514 4652 prout
3557 4584 3663 4654 legi

2080 4657 2244 4726 debet.
2267 4653 2304 4710 τ’
2327 4653 2624 4726 Ἀνὰγνωθι
2652 4655 2913 4710 Μεθοδίου
2936 4653 3030 4706 τοῦ
3059 4654 3215 4726 ἁγίου
3245 4653 3542 4726 μάρτυρος,
3569 4655 3666 4726 καὶ.

2091 4724 2364 4794 Ὀλύμπου
2403 4723 2862 4796 Ἀδριανοπὸλεως
2884 4725 3188 4778 ἐπισκόπου
3214 4725 3312 4846 τὲς
3328 4723 3568 4787 Λυκίας,
3595 4725 3667 4780 τὰ

2091 4795 2198 4846 κατ’
2255 4796 2418 4846 αὑτοῦ
2471 4798 2611 4846 Περὶ
2661 4794 3052 4846 ἁναστὰσεωο
3097 4809 3248 4846 γοαιο
3282 4809 3401 4846 ντα.
3434 4795 3489 4846 Id
3529 4807 3610 4846 est
3647 4814 3660 4846 :

2078 4795 2198 4848 κατ’
2255 4796 2418 4849 αὑτοῦ
2471 4794 2611 4865 Περὶ
2661 4794 3052 4861 ἀναστάσεως
3097 4794 3401 4865 γραφέντα.
3434 4795 3489 4847 ld
3529 4807 3610 4848 est
3647 4814 3660 4848 :

2076 4865 2214 4934 Lege
2238 4882 2355 4936 qua:
2388 4866 2640 4920 adversus
2677 4866 2960 4936 Origenem
3005 4870 3071 4920 de
3112 4866 3502 4918 resurrectione
3532 4867 3668 4923 scri-

2075 4936 2184 5004 psit
2242 4935 2566 4999 Methodius,
2623 4935 2990 4990 sanctissimus
3041 4947 3245 5004 martyr
3291 4943 3341 4987 et
3390 4940 3664 5004 episcopus

2080 5003 2291 5076 Olympi
2329 5004 2699 5076 urbisiLycire,
2731 5022 2849 5074 qua:
2890 5007 3050 5058 etiam
3095 5003 3472 5076 Adrianopolis
3522 5003 3663 5058 dicta

2077 5086 2174 5131 est.
2214 5074 2291 5128 Ex
2323 5077 2426 5129 hoe
2455 5074 2714 5130 Metltodii
2746 5079 2885 5129 libro
2925 5090 3020 5128 seu
3057 5075 3244 5144 potius
3269 5075 3484 5143 dialogo
3519 5078 3664 5142 Περὶ

2076 5144 2492 5218 ᾀναοντάσεως,
2560 5146 3139 5218 egregialragmenta
3202 5144 3492 5218 habentur
3520 5149 3668 5218 apud

2078 5214 2441 5286 Epiphaniuni
2477 5219 2528 5269 in
2559 5214 2751 5270 haeresi
2783 5217 3242 5286 Origenistarum,
3275 5224 3330 5266 et
3352 5215 3495 5283 apud
3525 5215 3667 5269 Pho-

2081 5285 2213 5337 tiuin
2269 5287 2322 5336 in
2374 5283 2722 5340 Bibliotheca.
2772 5283 2907 5338 Nec
2933 5287 3037 5340 alia
3089 5287 3224 5338 mihi
3275 5285 3490 5339 videtur
3542 5299 3666 5338 esse

2077 5369 2244 5408 causa
2276 5369 2376 5408 cur
2407 5357 2673 5409 Eusebius
2703 5360 2757 5409 in
2794 5353 3174 5410 Ecclesiastica
3204 5354 3429 5408 historia
3459 5354 3660 5409 nullam

2078 5422 2332 5478 Methodii
2363 5427 2691 5479 mentionem
2719 5427 2932 5489 fecerit,
2963 5441 3083 5478 cum
3107 5437 3288 5478 tamen
3315 5424 3499 5492 plures
3524 5425 3666 5477 alios

2079 5505 2472 5548 commemoret
2512 5496 2915 5550 ecclesiasticos
2949 5497 3270 5562 scriptores,
3317 5495 3408 5561 qui
3448 5492 3665 5546 Metho-

2080 5564 2182 5634 dio
2215 5565 2372 5634 longe
2415 5565 2707 5619 inferiores
2749 5565 2992 5620 inerunt.
3036 5567 3145 5619 bed
3183 5578 3306 5634 cum
3356 5563 3666 5634 Mettiodins

2080 5633 2208 5703 Slyli
2255 5631 2426 5687 aciem
2468 5636 2784 5690 strinxisset
2820 5638 3082 5689 adversus
3124 5633 3440 5703 Origenem,
3488 5631 3665 5686 Euse-

2081 5702 2222 5768 llius,
2250 5705 2344 5770 qui
2385 5704 2640 5774 Origenis
2683 5714 2806 5760 erat
2859 5705 3317 5765 studiosissimus,
3365 5702 3537 5774 illum,
3582 5711 3666 5756 ut.-

2078 5786 2202 5844 pote
2243 5771 2512 5844 Origenis'
2550 5776 2856 5840 inimicum,
2901 5789 2968 5829 ne
3015 5775 3300 5844 nominare
3339 5771 3577 5844 quidem?
3612 5776 3664 5828 in

2081 5842 2322 5900 Historia
2347 5842 2444 5903 'sua
2475 5847 2752 5902 sustinuit.
2793 5845 3053 5902 Eamdem
3079 5843 3150 5898 ob
3181 5855 3405 5900 causam
3435 5843 3492 5898 in
3525 5843 3667 5898 libro
