4222 6402
335 349 433 403 531

1352 324 1701 385 ιιιδτυιιιτιε
1742 319 2302 378 ECCLESIASTICJE
2343 318 2472 375 LIB.
2518 317 2609 374 Vl.

3506 292 3615 377 582

337 466 631 524 Βασιλειῶν
649 462 862 534 πρώτη,
895 457 1141 529 δευτέρα,
1182 455 1307 525 παρ’
1342 452 1525 512 αὐτοῖς
1559 448 1616 501 ἒν
1650 444 1924 516 Σαμουὴλ,

2032 444 2171 511 apud
2187 442 2439 497 llebrzeos
2452 438 3003 510 comprehensi,quod
3016 437 3288 508 appellant
3301 438 3610 511 Sophetim.

336 566 364 615 ὁ
384 561 671 628 ϐεόκλητος
693 574 705 586 ·
726 550 1024 609 Βασιλειῶν
1050 548 1232 619 τρίτη,
1253 545 1512 616 τετάρτη,
1542 546 1598 596 ἐν
1630 542 1710 593 ἐνὶ
1739 540 1925 609 Ούαμ-

340 656 506 726 μὲλεχ
538 649 722 712 Δαδὶδ,
749 650 887 718 ὅπερ
926 644 1043 697 ἐστὶ
1079 640 1325 715 βασιλεία
1355 636 1539 691 Δαϐίδ.
1584 634 1927 726 Παραλειπο-

340 725 519 817 μένων
561 739 777 812 πρώτη,
811 736 1061 807 δευτέρα,
1092 735 1150 785 ἐν
1171 734 1253 785 ἐνὶ
1280 728 1448 801 Διῦρὴ
1497 725 1747 817 Ἀῖαμὶμ,
1788 725 1925 794 ὅπερ

336 812 456 887 ἐστὶ
488 830 635 900 λόγοι
673 826 925 899 ἡμερῶν·
968 822 1204 892 Ἔσδρας
1258 818 1473 888 πρῶτος
1519 815 1613 869 καὶ
1648 812 1923 884 δεύτερος,

336 929 398 979 ἐν
425 924 505 979 ἐνὶ
564 920 749 993 Ἐζρᾶ,
778 921 807 972 ὃ
836 921 952 971 ἐστι
988 914 1200 987 βοηθός.
1233 910 1423 973 Βίϐλος
1452 906 1720 978 Ψαλμῶν,
1751 904 1927 975 Σέφερ

337 1016 556 1087 Θιλλίμ.
616 1009 960 1082 Σολομῶντος
1011 1004 1333 1077 Παροιμίαι,
1396 998 1640 1055 Ἀίισλώθ.
1705 997 1928 1067 Ἐκκλη-

340 1109 588 1179 σιαστὴς,
624 1101 865 1159 Κωέλεθ.
889 1097 1079 1179 τᾼσμα
1104 1097 1385 1170 ᾀσμάτων,
1413 1093 1511 1165 (οὐ
1545 1091 1654 1163 γὰρ
1687 1092 1762 1154 ὡς
1796 1092 1928 1143 ὑπο-

338 1196 679 1271 λαμὸάνουσί
709 1211 853 1257 τινες
894 1192 1149 1263 ’ᾼσματα
1178 1188 1440 1260 ᾀσμάτων
1472 1183 1636 1257 [57]),
1673 1183 1772 1253 Σὶρ
1801 1182 1930 1233 Ἀσσσ

343 1292 522 1364 σιρίμ·
566 1288 795 1350 Ἡσαΐας
829 1284 963 1356 (58),
1010 1281 1231 1335 Ἰεσαῖά.
1271 1279 1545 1351 Ἱερεμίας
1576 1279 1670 1330 σὺν
1698 1275 1927 1345 Θρήνοις

340 1385 440 1439 καὶ
463 1386 530 1453 τῇ
554 1378 832 1450 ἐπιστολῇ,
856 1378 913 1429 ἐν
947 1376 1026 1429 ἐνὶ
1060 1372 1253 1444 Ἰρμία·
1287 1369 1507 1440 Δανιὴλ,
1536 1367 1755 1438 Δανιήλ-
1776 1364 1928 1428 Ἰεζε-

340 1476 492 1547 κιὴλ,
527 1470 782 1542 Ἰεεζκήλ’
824 1467 965 1533 Ἰὼϐ,
1002 1464 1142 1519 Ἰώ6’
1185 1462 1406 1534 Ἐσθὴρ,
1443 1459 1662 1531 Ἐσθήρ.
1697 1454 1843 1521 Ἔξω
1869 1455 1926 1508 δὲ

340 1569 546 1624 τούτων
567 1564 685 1620 ἐστὶ
704 1564 772 1617 τὰ
794 1558 1187 1621 Μακκαϐαῖκὰ,
1212 1557 1356 1626 ειπερ
1372 1553 1772 1623 ἐπιγέγραπται
1789 1548 1928 1620 Σαρ-

339 1661 445 1734 δὴθ
476 1658 724 1731 Σαρδανέ
759 1656 877 1710 Ἐλ.
927 1673 945 1706 ι
985 1652 1170 1707 Ταῦτα
1206 1651 1304 1721 μὲν
1332 1644 1425 1701 οὖν
1454 1648 1513 1699 ὲν
1542 1645 1619 1716 τῷ
1665 1658 1927 1714 προειρη-

2029 534 2285 598 Octavus,
2304 533 2614 603 Regnorum
2641 531 2781 586 liber
2809 530 3017 599 primus
3035 531 3266 602 226m
3298 534 3570 588 secundus
3595 551 3613 587 :

2028 628 2118 694 qui
2135 626 2277 691 apud
2294 638 2389 678 eos
2404 622 2622 677 unicum
2641 620 2891 675 volumen
2908 622 3401 691 constituuntquod
3415 623 3617 678 dicitur

2031 716 2273 781 Samuel,
2293 694 2488 769 hocest
2513 723 2727 767 vocatus
2741 729 2772 766 a
2791 711 2922 767 Deo.
2941 711 3126 767 Nonus
3145 712 3459 783 Regnorum
3475 714 3615 769 liber

2029 810 2228 864 tertius
2244 815 2568 876 etquartus,
2600 819 2739 874 quos
2772 804 2871 873 ipsi
2889 804 3057 859 etiam
3090 806 3143 859 in
3161 821 3325 859 unum
3357 806 3611 862 volumen

2031 900 2305 969 redigunt,
2327 894 2749 951 etVammelech
2781 893 3252 965 Davidindigitant
3274 936 3289 962 ,
3315 897 3420 952 hoc
3447 906 3533 953 est
3560 907 3613 952 et

2029 1007 2123 1044 rex
2154 988 2345 1043 Βατία.
2365 986 2639 1051 Decimus,
2661 984 3113 1053 Paralipomenon
3150 987 3288 1043 liber
3318 989 3525 1057 primus
3556 998 3615 1043 et

2029 1084 2320 1148 secundus,
2339 1095 2446 1135 uno
2459 1081 2599 1150 apud
2629 1080 2748 1135 illos
2772 1079 3012 1136 contenti
3029 1080 3323 1146 volumine,
3342 1082 3486 1151 quod
3517 1097 3615 1136 vc...

2029 1186 2152 1231 cant
2166 1176 2327 1231 Dibre
2344 1173 2636 1240 Haiamim,
2649 1175 2752 1230 hoc
2762 1183 2844 1229 est
2860 1174 3012 1229 verba
3024 1174 3612 1238 dierum.Undecimus,

2028 1267 2229 1322 Esdras
2242 1268 2449 1337 primus
2462 1276 2516 1322 et
2529 1268 2822 1335 secundus,
2838 1268 2929 1339 qui
2944 1268 3085 1338 apud
3103 1282 3197 1323 eos
3211 1267 3614 1324 unicumconll-

2029 1360 2391 1415 cinntlibrum
2410 1374 2571 1429 quem
2589 1369 2783 1423 vocant
2799 1361 2951 1425 Esra,
2969 1360 3024 1415 id
3040 1368 3143 1426 est,
3162 1360 3616 1429 adjutor.Duode~

2029 1450 2722 1516 cimusliberPsalmorum,
2737 1450 2982 1507 Hebraeis
2997 1451 3209 1522 Sepher
3219 1451 3496 1507 Teltillim.
3519 1453 3612 1509 De-

2030 1546 2207 1601 cimus
2233 1546 2428 1601 tertius
2440 1544 2735 1601 Proverbia
2754 1545 3088 1612 Salomonis,
3117 1545 3611 1604 HebrmisMisloth.

2031 1638 2286 1693 Decimus
2302 1619 2552 1710 quartus,
2566 1638 2949 1706 Ecclesiastes,
2966 1637 3208 1694 Hebraeis
3223 1638 3507 1695 Coheleth.
3525 1640 3621 1698 De

343 1729 492 1827 μένῳ
528 1729 710 1824 τίθησι
766 1748 1180 1820 συγγράμματι.
1230 1744 1318 1796 Ἑν
1351 1742 1408 1795 δὲ
1446 1737 1523 1811 τῷ
1563 1736 1763 1809 πρώτῳ
1814 1734 1923 1787 τῶν

2032 1731 2208 1787 cimus
2221 1730 2463 1800 quintus,
2490 1730 2773 1786 Canticum
2792 1733 3154 1797 canticorum,
3171 1730 3417 1815 Hebraeis
3432 1729 3615 1786 Sirlta-

454 1806 515 1900 92a
541 1806 685 1901 κατὰ
723 1806 1002 1899 Ματθαῖον
1029 1806 1390 1907 Ἐύαγγέλιον,
1422 1806 1513 1887 τὸν
1546 1806 1929 1902 ἐκκλησιαστι-

2032 1822 2205 1877 sirim.
2223 1822 2483 1878 Decimus
2503 1831 2710 1889 sextus,
2730 1824 2941 1891 Esaias,
2964 1806 3425 1879 Hebmis'lesaia.
3450 1823 3614 1878 Deci-

340 1941 438 1995 κὸν
470 1938 753 2009 φυλάττων
790 1936 1010 1999 κανόνα,
1056 1933 1191 2005 μόνα
1232 1929 1475 1999 τέσσαρα
1519 1924 1719 1978 εἰδέναι
1751 1922 1931 1990 Εὐαγ-

340 2031 498 2101 γέλιοι
532 2028 891 2102 μαρτύρεται,
912 2018 1014 2079 ὦδὲ
1042 2039 1161 2087 πως
1186 2021 1413 2092 γράφων
1432 2034 1445 2047 '
1482 2034 1501 2067 ι
1545 2014 1634 2078 Ὠς
1662 2015 1721 2065 ἐν
1750 2029 1931 2083 παρα-

338 2124 484 2179 δόσει
519 2121 706 2195 μαθὼν
739 2119 849 2192 (59)
881 2118 1011 2191 περὶ
1040 2115 1150 2170 τῶν
1179 2111 1458 2183 τεσσάρων
1496 2106 1863 2176 Εὑαγγελέων,
1893 2105 1930 2159 ἆ

338 2215 440 2269 καὶ
472 2215 607 2285 μόνα
633 2210 1001 2283 άναντίρῤητά
1041 2210 1188 2260 ἐστιν
1227 2206 1284 2257 ἐν
1315 2204 1382 2273 τῇ
1418 2200 1524 2254 ὑπὸ
1566 2199 1657 2253 τὸν
1700 2196 1929 2269 οὐρανὸν

355 2305 655 2376 Ἐκκλησία
693 2302 787 2357 τοῦ
816 2301 951 2355 Θεοῦ
972 2318 986 2332 ’
1029 2301 1112 2379 ὅτι
1148 2296 1363 2368 πρῶτον
1392 2294 1494 2364 μὲν
1525 2291 1837 2363 γέγραπται
1868 2289 1930 2342 τὸ

342 2396 615 2453 κατὰ’τόν
649 2411 782 2448 ποτε
826 2389 1087 2460 τελώνην,
1129 2387 1354 2456 ὕστερον
1399 2384 1455 2437 δὲ
1486 2379 1781 2448 ἀπόστολον
1825 2380 1930 2450 Ἰη-

345 2490 442 2544 σοῦ
485 2485 722 2561 Χριστοῦ
764 2482 1063 2543 Ματθαῖον,
1113 2474 1446 2532 ἐκδεδωκότα
1486 2473 1618 2528 αὐτὸ
1660 2473 1775 2535 τοῖς
1823 2469 1931 2523 ἀπὸ

356 2579 691 2653 Ἰουδαϊσμοῦ
723 2576 1067 2640 πιστεύσασι,
1103 2571 1425 2644 γράμμασιν
1464 2568 1770 2638 Ἑϐραϊκοῖς
1803 2582 1932 2617 συν-

342 2650 675 2747 τεταγμένον
695 2689 709 2702 ’
757 2670 1008 2739 δεύτερον
1038 2666 1096 2719 δὲ
1125 2664 1187 2718 τὸ
1223 2661 1363 2716 κατὰ
1391 2661 1619 2734 Μάρκον
1641 2700 1656 2723 ,
1699 2659 1775 2721 ὡς
1822 2650 1939 2709 Πέὶ

344 2782 473 2836 τρος
523 2762 842 2833 ὑφηγήσατο
894 2755 1062 2827 αὐτῷ,
1116 2755 1439 2826 ποιήσαντα.
1488 2754 1553 2805 ‘O
1592 2749 1686 2803 καὶ
1719 2748 1833 2802 υἱὸν
1872 2751 1930 2802 ὲν

343 2862 412 2930 τῇ
434 2856 693 2926 καθολικῇ
722 2851 977 2922 ἐπιστολῇ
998 2849 1084 2904 διὰ
1109 2848 1312 2903 τούτων
1336 2840 1656 2918 ὡμολόγησε
1679 2843 1926 2913 φάσκων’

352 2965 371 2996 r
423 2941 750 3009 Ἀσπάζεται
787 2941 934 3013 ὑμᾶς
971 2941 1005 3011 ἡ
1032 2940 1089 2993 ἐν
1121 2936 1397 2991 Βαϐυλῶνι
1428 2933 1782 3005 συνεκλεκτὴ,
1834 2933 1931 2987 καὶ

344 3034 574 3107 Μάρκος
603 3033 632 3086 ὁ
664 3031 780 3095 υἱός
822 3047 944 3101 μου.
992 3048 1011 3080 ι
1049 3029 1156 3082 Καὶ
1196 3024 1380 3097 τρίτον
1418 3025 1478 3079 τὸ
1518 3023 1660 3079 κατὰ
1691 3024 1928 3101 Δουκᾶν,

344 3126 408 3179 τδ
451 3125 556 3179 ὑπὸ
584 3122 799 3177 Παύλου
842 3119 1231 3191 ἐπαινούμενον
1274 3115 1630 3187 Εὐαγγέλιον,
1674 3118 1789 3179 τοῖς
1819 3114 1929 3168 ἀπὸ
1956 3160 1999 3216 C

344 3217 454 3272 τῶν
498 3215 667 3270 ἐθνῶν
718 3213 1085 3284 πεποιηκότα·
1125 3212 1219 3264 ἐπὶ
1260 3212 1395 3264 πᾶσι
1435 3207 1497 3263 τὸ
1544 3209 1688 3263 κατὰ
1756 3208 1931 3260 Ἰωάν-

345 3326 463 3381 νην.
505 3327 523 3359 ι
565 3306 677 3360 Καὶ
700 3308 758 3360 ἐν
780 3304 860 3376 τῷ
890 3305 1126 3375 πέμπτῳ
1154 3303 1211 3356 δέ
1234 3303 1345 3356 τῶν
1375 3304 1455 3365 εἰς
1486 3299 1547 3354 τὸ
1573 3300 1716 3355 κατὰ
1756 3299 1931 3353 Ἰωάν-

345 3416 444 3469 νην
491 3393 863 3468 Ἐξηγητικῶν
892 3392 1026 3463 (60),
1058 3394 1086 3445 ὁ
1119 3392 1281 3455 αὐτὸς
1319 3391 1495 3445 ταῦτα
1520 3389 1649 3463 περὶ⁵
1673 3388 1782 3443 τῶν
1813 3391 1933 3442 ἐπι-

348 3488 553 3542 στολῶν
598 3488 705 3541 τῶν
756 3483 1069 3540 ἀποστόλων
1101 3483 1265 3555 φησίν
1288 3499 1303 3513 ⁸
1358 3501 1377 3534 ι
1448 3483 1506 3535 ’0
1538 3482 1596 3535 δὲ
1642 3480 1931 3545 ἱκανωθεὶς

345 3580 591 3642 διάκονος
623 3577 874 3647 γενέσθαι
916 3578 1015 3648 τῆς
1054 3575 1265 3645 Καινῆς
1306 3573 1603 3645 Διαθήκης,
1647 3574 1709 3626 οὐ
1744 3573 1929 3647 γράμ-

421 3732 535 3805 (57)
572 3734 654 3787 Οὐ
688 3730 799 3805 πὰρ
840 3731 922 3805 ὡς
955 3729 1456 3805 ὑπολαμϐάνουσι
1479 3746 1638 3796 τινες
1660 3732 1932 3805 ’ᾼσμαιξα

349 3801 653 3873 ᾀσμάτων.
695 3801 831 3873 Tuta
867 3803 1258 3873 ltzccgpericope
1297 3801 1451 3854 abest
1481 3817 1510 3854 a
1541 3801 1746 3873 nostris
1766 3801 1930 3873 codi-

350 3870 505 3927 cibus
530 3873 690 3937 Maz.,
724 3872 860 3926 Med.
900 3882 953 3924 et
990 3870 1125 3925 Fuk.
1157 3872 1396 3925 [labetur
1430 3878 1609 3926 tamen
1656 3871 1709 3940 in
1761 3870 1928 3940 Regio

349 3943 669 4010 exemplari.
701 3941 931 3994 Rulinus
978 3957 1197 4009 quoque
1231 3943 1284 3995 itt
1336 3941 1583 3996 versione
1623 3939 1783 4010 hujus
1823 3939 1927 3995 luci

351 4015 518 4067 ltabet
539 4011 761 4065 Cantica
789 4011 1137 4063 canticorum.

418 4081 533 4152 (58)
584 4081 851 4145 Ἡσαΐας.
880 4080 1130 4135 Omissus
1154 4087 1253 4152 _est
1302 4078 1356 4152 i_n
1393 4079 1497 4133 ltoc
1524 4079 1770 4151 catalogo
1790 4079 1927 4133 liber

352 4149 636 4206 duodecim
681 4153 1097 4220 prapltetarunt.
1140 4149 1258 4219 Quo
1304 4149 1510 4204 factum
1557 4161 1665 4211 est,
1707 4149 1769 4204 itt
1801 4165 1923 4220 cum

352 4221 541 4286 viginti
571 4218 706 4276 duos
734 4218 899 4276 libros
929 4235 988 4276 se
1013 4228 1424 4275 numeraturum
1455 4220 1764 4286 promiserit
1798 4218 1924 4273 Ori-

348 4303 546 4357 penes,
602 4302 746 4341 unus
792 4287 1058 4342 duntaxat
1105 4297 1159 4342 et
1216 4288 1407 4356 viginti
1459 4287 1820 4357 reperiantur.
1875 4288 1934 4342 In

353 4356 531 4410 liulini
586 4357 841 4412 versione
895 4366 1213 4427 recensetur
1265 4359 1354 4413 hic
1398 4356 1541 4427 liber
1593 4360 1777 4411 statim
1815 4366 1932 4427 post

349 4428 635 4504 Canticum
666 4428 1024 4504 canticorum.
1061 4426 1172 4504 Nec
1206 4428 1366 4504 aliter
1377 4426 1721 4504 _Hi_larius__in
1759 4426 1934 4504 prolo-
1957 4444 2007 4504 ο

354 4513 422 4564 go
457 4497 831 4567 Enarratiunis
870 4501 926 4551 in
968 4501 1237 4563 Psalmos,
1269 4508 1325 4551 et
1350 4498 1585 4567 Cyrillus
1615 4499 1929 4567 Hierosoly-

356 4566 613 4636 mitanus.
654 4564 924 4621 Caeterum
954 4581 1125 4621 sacra:
1149 4564 1445 4636 Scriptura;
1467 4566 1589 4619 libri
1628 4566 1787 4636 longe
1802 4564 1929 4636 alio

353 4633 546 4690 ordine
568 4636 657 4690 hic
685 4648 1042 4692 recensentur
1071 4651 1235 4705 quam
1260 4633 1329 4690 ab
1354 4635 1658 4705 Epiphanio
1705 4633 1759 4688 e't
1797 4635 1928 4689 Hie-

358 4717 583 4776 ronymo
606 4714 663 4776 et
691 4705 1143 4776 Melitotte,qettjus
1166 4705 1341 4761 locum
1369 4720 1532 4774 supra
1559 4705 1742 4776 retulit
1766 4706 1931 4776 Euse-

354 4774 478 4828 hius
500 4774 553 4828 in
592 4775 697 4830 line
728 4776 821 4830 lib.
855 4788 928 4843 tv.
968 4774 1204 4830 Hilarius
1244 4791 1374 4829 vero
1428 4777 1480 4829 in
1523 4775 1750 4843 prologo
1776 4774 1931 4828 Cont-

354 4845 733 4898 mentariorum
773 4844 830 4898 in
864 4842 1103 4898 Psalmos
1134 4860 1254 4899 cum
1293 4844 1526 4912 Origene
1556 4842 1931 4911 prorsttscon-

356 4916 543 4968 sentit.
580 4914 689 4968 Nec
724 4912 779 4969 ω
812 4915 1033 4980 miruttt,
1067 4929 1189 4983 cum
1224 4925 1370 4969 totus
1406 4916 1522 4968 fere
1553 4913 1806 4983 prologus
1842 4914 1931 4969 ille

358 4983 545 5037 llilarii
575 4985 868 5038 translatus
906 4984 980 5035 sit
1017 4996 1085 5037 ex
1120 4982 1525 5037 Commentariis
1564 4984 1618 5037 in
1661 4982 1927 5050 Paulinus,

359 5063 416 5106 ιιι
438 5064 667 5121 testatur
694 5052 1074 5121 Hieronymus.

428 5122 541 5191 (59)
581 5118 673 5189 Ὡς
697 5123 769 5176 ἐν
799 5118 1125 5191 παραδόσει
1148 5120 1374 5192 μαθών.
1422 5124 1597 5179 Verba
1644 5123 1761 5179 haec
1805 5132 1933 5179 sunt

358 5193 629 5265 tirtgettis,
657 5203 717 5265 ut
742 5194 1184 5265 apparet.Atque
1211 5194 1531 5265 _'t_ta_l{ulinus
1550 5206 1605 5247 et
1623 5193 1858 5265 Dangus,
1877 5207 1933 5248 et

362 5262 630 5316 Masculus
657 5263 994 5331 interpretati
1027 5274 1178 5317 sunt.
1204 5262 1365 5317 Solus
1397 5262 1930 5332 Christophofsonus

361 5333 473 5386 hanc
507 5332 724 5386 Eusebii
766 5335 929 5387 verba
958 5346 1079 5387 esse
1106 5334 1345 5396 censuit,
1374 5338 1461 5389 cui
1496 5351 1602 5387 non
1638 5335 1928 5389 assentior.

366 5403 618 5474 Quamvis
669 5404 725 5474 in
766 5402 952 5456 codice
991 5402 1150 5474 Mam
1175 5403 1403 5474 etltlcd.
1441 5414 1779 5474 postnvocetn
1824 5420 1929 5474 μα-

370 5468 470 5525 θών
499 5471 740 5539 apposita
787 5476 860 5525 sit
912 5472 1090 5526 tinalis
1120 5472 1418 5527 distinctio.
1443 5468 1508 5528 In
1553 5472 1667 5541 Reg
1689 5488 1721 5526 ο
1750 5468 1930 5527 auient

369 5542 653 5609 txemplari
686 5548 825 5611 totus
850 5543 964 5611 Vltic
1008 5542 1162 5597 locus
1212 5542 1419 5611 absque
1454 5543 1558 5594 ulla
1584 5544 1932 5597 distinctione

364 5604 862 5683 gt-Mtlll-lualll-I‘LMé
889 5629 1004 5674 πως
1026 5614 1253 5683 γράφων
1297 5604 1371 5675 ὥς
1408 5614 1466 5665 ἐν
1500 5611 1793 5682 παραδόσει
1830 5628 1933 5682 μα-

359 5677 468 5732 θὼν
516 5681 642 5751 περὶ
684 5679 795 5734 τῶν
827 5677 1105 5753 τεσσάρων
1143 5677 1509 5752 summum.
1561 5677 1626 5735 Et
1664 5693 1786 5750 post
1817 5677 1933 5734 ulti-

359 5765 505 5803 tnatn
543 5756 680 5805 hanc
712 5767 899 5807 vocem
931 5756 1176 5824 apposita
1207 5767 1289 5809 εει
1315 5756 1488 5809 media
1523 5753 1802 5808 distinctio
1835 5766 1931 5807 seu

2034 1932 2153 1971 mus
2167 1916 2458 1985 septimus,
2472 1914 2739 1971 Jeremias
2755 1932 2878 1971 cum
2895 1915 3402 1973 Lamentationibus
3416 1925 3472 1971 et
3486 1915 3616 1985 Epi-

2034 2009 2195 2073 stola,
2227 2009 2280 2061 in
2307 2022 2475 2060 unum
2500 2016 2819 2075 compactos
2840 2007 3117 2073 volumen,
3136 2009 3278 2077 quod
3300 2008 3402 2078 ipsi
3422 2014 3617 2063 vocant

2031 2103 2218 2155 lrmia.
2236 2101 2487 2154 Decimus
2499 2108 2747 2164 octavos,
2763 2099 3215 2167 Daniel,Hebra2is
3230 2101 3441 2156 Daniel.
3458 2101 3617 2156 Deci-

2031 2209 2154 2249 mus
2174 2208 2373 2257 nonus,
2391 2192 2666 2255 Ezechiel,
2680 2193 2821 2258 apud
2837 2192 3091 2249 Hebraeos
3113 2182 3618 2250 leezcltel.'Vicesi-

2031 2303 2175 2351 tnus,
2192 2286 2318 2355 Job,
2334 2289 2521 2344 eodem
2538 2288 2677 2357 apud
2692 2286 2949 2343 Hebraeos
2960 2286 3181 2340 nomine
3199 2285 3616 2356 insignitus.Vi-

2030 2380 2267 2435 cesimus
2291 2383 2519 2450 primus,
2543 2380 2760 2444 Esther,
2790 2379 3063 2448 quomodo
3101 2378 3266 2432 etiam
3288 2376 3501 2434 Hebraei
3519 2392 3618 2434 vo-

2031 2469 2361 2525 cant.Extra
2383 2475 2575 2525 horum
2606 2483 2833 2525 censum
2855 2467 3121 2522 suntlibri
3155 2467 3615 2535 Machabteorum,

2030 2563 2121 2632 qui
2142 2562 2510 2617 inscribuntur
2530 2560 2715 2615 Sorbet
2738 2558 3049 2613 Sarbaneel.
3073 2556 3140 2611 Et
3169 2559 3284 2613 hate
3308 2559 3528 2628 quidem
3562 2559 3616 2614 in

2032 2655 2173 2709 libro
2200 2654 2449 2722 superius
2476 2659 2778 2707 memorato
2806 2649 2999 2704 scribit
3023 2650 3308 2720 Origenes.
3351 2648 3409 2703 In
3440 2651 3621 2718 primo

2031 2752 2210 2798 atttetn
2226 2744 2366 2797 libro
2381 2742 2787 2813 Expositionum
2806 2745 2862 2797 in
2882 2741 3226 2812 Evangelium
3244 2743 3509 2808 Maultwi,
3529 2758 3622 2799 ec-

2032 2834 2340 2890 clesiastico
2376 2834 2631 2889 insistens
2660 2835 2878 2899 canoni,
2897 2847 3131 2903 quatuor
3158 2834 3622 2891 duntaxatEvan-

2032 2927 2169 2996 gelia
2187 2941 2307 2980 esse
2329 2934 2565 2980 testatur
2584 2926 2668 2981 his
2687 2926 2869 2981 verbis
2889 2924 3100 2981 :tSieut
3116 2941 3183 2981 ex
3202 2927 3513 2995 traditione,
3531 2929 3620 2983 in-

2032 3019 2169 3089 quit,
2191 3020 2375 3087 accepi
2395 3019 2462 3073 de
2491 3027 2731 3087 quatuor
2762 3018 3092 3087 Evangeliis,
3112 3034 3233 3089 qua:
3257 3019 3370 3075 sola
3408 3019 3461 3073 in
3491 3022 3620 3075 uni-

2032 3125 2191 3165 versa
2211 3111 2308 3166 Dei
2328 3110 2573 3166 Ecclesia
2594 3125 2715 3180 quae
2732 3111 2833 3164 sub
2856 3110 2995 3165 caelo
3012 3119 3114 3177 est,
3135 3112 3270 3165 citra
3294 3119 3619 3165 controver-

2036 3203 2172 3256 siam
2195 3202 2591 3257 admittuntur:
2613 3202 2847 3270 primum
2866 3201 3077 3257 scilicet
3104 3202 3455 3272 Evangelium
3481 3204 3622 3258 scri-

2035 3305 2186 3363 ptum
2205 3311 2367 3350 essea
2385 3294 2658 3361 Mattltaao,
2678 3294 2830 3363 prius
2850 3293 3065 3363 quidem
3089 3282 3620 3364 publicano,.postea

2035 3403 2166 3443 vero
2220 3387 2468 3457 apostolo
2526 3384 2653 3440 Jesu
2710 3385 2949 3450 Christi,
3013 3386 3106 3455 qui
3165 3385 3297 3441 illud
3354 3386 3624 3441 llebraico

2037 3494 2289 3535 sermone
2330 3479 2723 3548 conscriptum,
2754 3477 2958 3533 Judmis
3007 3477 3074 3530 ad
3130 3475 3290 3531 ﬁdem
3341 3479 3623 3533 conversis

2036 3571 2352 3644 publicavit.
2394 3571 2705 3628 Secundum
2738 3570 2906 3625 fuisse
2931 3570 3240 3641 accepimus
3265 3570 3620 3642 Evangelium

2040 3741 2213 3800 mora,
2253 3727 2411 3799 quasi
2458 3727 2609 3783 locus
2643 3727 2896 3800 Origenis
2943 3728 3170 3800 incipiat
3206 3743 3238 3800 a
3265 3728 3448 3800 verbis
3498 3743 3624 3797 qua

2037 3798 2288 3869 prox_ime
2310 3809 2633 3866 sequuntur.
2656 3798 2881 3864 Verum,
2915 3798 3099 3869 utjam
3130 3799 3264 3867 dixi,
3293 3799 3468 3868 magis
3500 3801 3621 3869 pla-

2038 3879 2125 3921 cet
2158 3866 2336 3939 Bulini
2360 3870 2664 3939 distinctio.
2718 3869 2890 3924 Porro
2923 3866 2999 3923 de
3036 3881 3269 3936 quatuor
3311 3866 3622 3939 Evangeliis

2034 3953 2155 4007 qua:
2180 3938 2294 3993 sola
2324 3938 2392 3991 ab
2419 3938 2661 3994 Ecclesia
2691 3938 2963 3993 catholica
2996 3940 3380 4003 admittuntur,
3406 3938 3512 3994 non
3537 3958 3621 3998 so-

2036 4010 2146 4061 lnnt
2197 4009 2250 4061 in
2300 4008 2414 4062 suis
2450 4010 2509 4061 in
2557 4007 2872 4062 Mattlueum
2924 4009 3331 4063 Commentariis
3387 4018 3622 4067 testatus

2038 4077 2213 4148 fuerat
2246 4077 2531 4148 Origenes,
2566 4079 2853 4148 sedieliam
2882 4080 2936 4133 in
2974 4079 3244 4148 principio
3281 4079 3620 4148 Commenta-

2036 4146 2243 4200 riorum
2298 4149 2354 4201 in
2391 4146 2606 4203 Lucam.
2653 4147 2823 4213 Quem
2869 4148 3071 4213 locum,
3108 4146 3233 4215 quia
3289 4149 3357 4204 ab
3381 4147 3621 4205 Eusebio

2034 4217 2432 4287 praetermissus
2480 4226 2583 4277 est,
2621 4219 2709 4271 ltic
2754 4232 3021 4287 apponam
3058 4234 3072 4271 :
3109 4218 3350 4272 Ecclesia
3389 4228 3621 4286 quatuor

2035 4285 2185 4339 habet
2221 4286 2526 4355 Evangelia,
2549 4288 2771 4357 Ita'reses
2793 4285 3044 4355 plurima.
3070 4287 3120 4341 E
3143 4288 3331 4356 quibus
3353 4285 3618 4357 quoddam

2034 4357 2346 4427 inscribitur
2372 4359 2670 4410 secundum
2686 4356 3030 4427 .Egyptios:
3055 4358 3204 4411 aliud
3233 4356 3621 4427 juxtadoode-

2033 4425 2141 4497 cini
2158 4427 2457 4497 apostolos.
2471 4427 2644 4497 Ausus
2668 4426 2765 4489 fuit
2789 4425 2837 4479 et
2854 4425 3117 4497 Basilides
3138 4429 3363 4481 scribere
3381 4425 3619 4497 Evange-

2032 4494 2161 4547 lium
2195 4506 2242 4549 et
2268 4512 2364 4549 suo
2398 4496 2535 4548 illud
2565 4497 2775 4549 nomine
2798 4495 3035 4558 titulare,
3062 4506 3173 4551 etc.

2104 4563 2216 4633 (60)
2265 4567 2360 4619 Ἐν
2380 4564 2461 4630 τῷ
2483 4565 2730 4634 πέμπτῳ
2763 4563 2832 4618 δὲ
2870 4566 2990 4620 τῶν
3036 4568 3123 4631 εὶς
3149 4565 3216 4619 τὸ
3246 4566 3399 4621 κατὰ
3428 4564 3617 4620 Ἰωάν-

2031 4651 2171 4703 νην.
2200 4634 2376 4691 Locus
2406 4635 2658 4705 Origenis
2710 4650 2881 4705 queat
2920 4635 3009 4705 hic
3054 4637 3275 4690 adducit
3325 4638 3616 4696 Eusebius.

2030 4718 2115 4758 est
2142 4721 2171 4758 e
2189 4708 2452 4774 prooemio
2482 4703 2602 4757 libri
2629 4707 2802 4772 quinti
2832 4703 3281 4773 Explanationum
3308 4707 3364 4761 in
3386 4706 3616 4761 Joannis

2031 4774 2396 4844 Evangelium,
2427 4777 2580 4842 cujus
2610 4774 2861 4844 prooemii
2896 4789 3019 4843 pars
3061 4776 3301 4829 maxima
3348 4785 3529 4844 exstat
3559 4779 3613 4831 itt

2032 4860 2152 4912 cap.
2182 4842 2216 4898 5
2259 4842 2619 4898 Pltilocaliw.’
2646 4844 2778 4897 Cum
2830 4842 3114 4915 illoigitur
3142 4844 3448 4915 fragmento
3482 4843 3616 4914 jun-

2032 4911 2237 4983 gendus
2274 4926 2357 4969 est
2400 4915 2489 4968 hic
2543 4915 2694 4967 locus
2751 4913 2844 4982 qui
2899 4911 3252 4970 ab’Eusebio'
3287 4911 3618 4971 nostro'ad-

2034 4984 2272 5038 ducitur.
2330 4984 2602 5055 Porrodin
2635 4998 2702 5055 eo
2751 4984 3018 5055 promtnio
3050 4986 3295 5052 disputat
3329 4987 3614 5055 Origenes,

2034 5068 2102 5105 an
2152 5056 2219 5106 de
2268 5055 2430 5108 rebus
2484 5053 2682 5107 divinis
2745 5054 2896 5106 multi
2964 5055 3236 5107 scribendi
3290 5053 3612 5111 sintdibn‘.

2031 5124 2111 5176 Ac
2135 5124 2375 5196 primum
2415 5122 2573 5177 all‘ert
2609 5123 2905 5196 _locuttt__ex
2945 5123 3297 5196 Ecclesiaste,
3341 5127 3434 5196 qui
3470 5135 3617 5181 vetat

2036 5193 2435 5246 multitudinem
2493 5194 2763 5247 coniicere
2813 5191 3097 5247 librorum.
3159 5191 3373 5250 Deinde
3395 5197 3616 5251 adducit

2032 5263 2341 5331 exetnplum
2402 5272 2715 5317 sanetoruut
2762 5263 3030 5327 virorum,
3081 5265 3467 5332 prophetarum
3497 5266 3615 5319 sci-

2034 5332 2161 5385 licet
2203 5335 2688 5403 etnapostolorutn,
2740 5333 2836 5401 qui
2870 5349 3059 5388 omnes
3105 5350 3275 5401 pauca
3318 5337 3609 5403 scripsere.

2035 5404 2141 5473 Sed
2194 5402 2453 5473 collector
2498 5401 2812 5455 l’ltilocaliw
2850 5412 3043 5457 cuncta
3086 5404 3200 5458 hinc
3248 5401 3497 5473 exempla
3545 5406 3613 5457 de

2034 5470 2300 5525 industria
2347 5472 2717 5542 prtetertpisit,
2770 5475 3094 5542 utiipsetnet
3138 5473 3340 5528 fatetur
3383 5470 3504 5542 pag.
3541 5475 3611 5527 69

2033 5542 2289 5596 editionis
2336 5538 2792 5598 Graeco-Latium.
2837 5538 3071 5597 Proinde
3105 5545 3195 5598 ltic
3235 5538 3488 5611 Origénis
3523 5543 3610 5597 lo-

2033 5628 2129 5664 cus
2178 5627 2339 5681 quem
2398 5612 2617 5666 adducit
2646 5611 2929 5676 Eusebius,
2988 5615 3147 5668 inseri
3188 5614 3349 5669 debet
3386 5628 3507 5681 pag.
3540 5612 3612 5668 b9

2034 5684 2362 5749 supradich
2434 5682 2727 5750 editionis,
2796 5694 2921 5738 ante
2987 5684 3072 5737 illa
3144 5685 3309 5739 verba
3377 5684 3625 5755 ἰλιγγιςξῐνΔ

2037 5766 2149 5826 μοι,
2174 5762 2281 5807 etc.
