4222 6392
569 281 678 336 585

1315 271 1582 328 EUSEBII
1621 269 2098 327 (ΖΛΞΞᾹΒῙΕΝδΙΞ
2134 267 2290 325 ΟΡΡ.
2334 266 2517 323 PARS
2554 267 2599 321 1.
2637 295 2710 307 -
2748 261 3139 322 HISTORICA.

3750 265 3858 322 53.8

569 393 772 460 Marci,
803 390 896 461 qui
927 397 1087 460 prout
1114 386 1310 443 Petrus
1339 387 1440 457 ipsi
1472 395 1795 456 exposuerat
1817 427 1829 449 ,
1863 387 1914 442 in
1944 385 2156 442 litteras

2266 401 2458 456 ματος,
2499 382 2637 436 ἀλλὰ
2677 383 3008 454 πνεύματος,
3044 380 3278 444 Παῦλος,
3313 381 3342 433 6
3375 379 3757 451 πεπληρωκὼς
3795 382 3857 435 τδ

569 483 777 538 retulit.
817 484 996 549 Atque
1024 480 1236 534 idcirco
1266 477 1464 532 Petrus
1499 479 1551 532 in
1597 477 1836 544 Epistula
1866 478 2153 532 Catholica

567 587 694 628 eum
730 572 896 626 lilium
940 585 1093 625 suum
1126 570 1369 638 agnoscit
1395 570 1480 623 bis
1508 571 1722 623 verbis:
1763 588 1782 620 ς
1818 568 2031 623 Salutat
2059 584 2156 624 vos

569 665 738 720 electa
776 665 867 719 Dei
899 663 1143 717 Ecclesia
1190 677 1312 732 qua:
1360 671 1443 715 est
1474 661 1748 734 Babylone
1774 703 1788 726 ,
1841 671 1896 716 ct
1933 661 2156 717 Marcus

569 758 712 812 ﬁlius
738 773 912 812 meus.
961 775 978 808 ι
1008 756 1251 810 Tertium
1282 755 1632 826 Evangelinm
1672 757 1829 811 Lucae
1853 799 1869 822 ,
1917 759 2063 826 quod
2117 773 2149 810 a

569 849 740 904 Paulo
785 850 1236 915 commendatur,
1297 849 1348 903 in
1401 850 1637 918 gratiam
1684 849 1967 918 gentilium
2015 863 2153 903 con-

565 942 850 1012 scriptum.
923 941 1263 995 Postremum
1331 955 1462 994 vero
1512 940 1862 1010 Evangelium
1905 938 2154 996 Joannis.

566 1036 711 1091 Idem
747 1048 909 1104 porro
956 1034 1008 1087 in
1057 1033 1197 1087 libro
1237 1032 1430 1102 quinto
1458 1032 1866 1102 Expositionum
1892 1032 1947 1085 in
1979 1031 2158 1088 Evan-

563 1128 759 1198 gelium
794 1123 1021 1182 Joannis
1078 1126 1146 1182 de
1184 1125 1429 1196 epistolis
1475 1125 1846 1193 apostolorum
1883 1126 1956 1178 ita
2011 1126 2153 1181 scri—

563 1220 677 1274 bit:
735 1237 753 1269 t
783 1218 832 1272 ls
885 1233 1014 1272 vero
1045 1233 1206 1289 quem
1259 1219 1400 1272 Deus
1469 1218 1719 1273 idoneum
1770 1218 2008 1273 reddidit
2058 1221 2152 1289 qui

565 1310 704 1364 Novi
737 1307 1070 1364 Testamenti
1107 1309 1354 1364 minister
1394 1318 1544 1363 esset
1577 1323 1681 1362 non
1719 1308 1899 1362 littera
1947 1317 2003 1364 et
2033 1325 2155 1363 ver-

566 1403 654 1459 bis
743 1412 937 1465 tenus,
993 1401 1085 1455 sed
1143 1403 1336 1470 spiritu
1386 1401 1591 1471 ipsius,
1651 1398 1852 1455 Paulus
1905 1401 2151 1467 scilicet,

564 1496 660 1565 qui
742 1495 810 1548 ab
853 1493 1248 1562 Hierosolymis
1312 1502 1366 1546 et
1411 1491 1656 1547 ﬁnitimis
1703 1492 1837 1548 locis
1876 1507 2048 1563 usque
2087 1495 2154 1548 ad

564 1587 872 1659 Illyricum,
928 1583 1280 1654 Evangelium
1340 1584 1675 1653 adimplevit,
1739 1585 2156 1640 non-omnibus

567 1676 831 1732 Ecclesiis
885 1689 1021 1744 quas
1067 1675 1329 1729 docuerat
1373 1674 1611 1745 scripsit.
1668 1675 1773 1730 Sed
1819 1685 1875 1730 et
1915 1675 1983 1730 iis
2029 1674 2153 1744 qui-

565 1771 668 1826 bus
722 1770 984 1841 scripsit,
1045 1784 1246 1838 paucas
1297 1768 1590 1822 admodum
1648 1765 1822 1822 lineas
1875 1768 2147 1822 exaravit.
2187 1746 2226 1800 Β

567 1864 732 1934 227
762 1861 959 1917 Petrus
989 1872 1196 1926 autem,
1236 1861 1321 1932 cui
1378 1871 1635 1930 tanquam
1671 1859 2030 1916 fundamento
2059 1876 2153 1914 su-

566 1967 868 2026 perstructa
900 1965 987 2011 est
1019 1954 1261 2009 Ecclesia
1295 1951 1526 2020 Christi,
1566 1954 1832 2008 adversus
1857 1968 2020 2023 quam
2050 1966 2153 2008 nec

567 2052 696 2119 ipsae
757 2049 1057 2104 inferorum
1109 2057 1280 2119 portae
1342 2047 1711 2117 prtevaliturte
1769 2057 1918 2110 sunt,
1982 2061 2150 2100 unam

567 2143 831 2195 duntaxat
865 2141 1107 2197 omnium
1141 2155 1411 2196 consensu
1450 2149 1729 2211 receptam
1761 2140 1984 2208 reliquit
2016 2139 2148 2208 Epi-

567 2233 784 2288 stolam.
817 2234 1195 2289 Concedamus
1231 2247 1364 2287 vero
1401 2242 1457 2287 et
1497 2231 1796 2286 secundam
1844 2231 1962 2299 ejus
2004 2245 2148 2285 esse.

567 2324 646 2380 De
677 2327 781 2380 bac
804 2327 949 2380 enim
992 2327 1314 2395 ambigitur.
1357 2322 1479 2378 Jam
1508 2339 1640 2379 vero
1680 2325 1810 2394 quid
1859 2325 2149 2380 dicendum

565 2425 652 2469 est
679 2416 747 2469 de
779 2430 844 2471 eo
884 2416 975 2485 qui
1025 2416 1078 2468 in
1119 2416 1243 2470 sinu
1297 2415 1500 2469 Christi
1555 2415 1824 2478 recubuit,
1887 2413 2152 2469 Joanne?

567 2506 670 2572 Qui
715 2505 936 2576 quidem
986 2521 1156 2560 unum
1216 2505 1438 2576 reliquit
1489 2504 1871 2576 Evangelium,
1930 2505 2148 2560 tametsi

568 2599 804 2650 fateatur
833 2606 912 2651 tot
941 2611 1001 2652 se
1048 2596 1216 2651 libros
1265 2597 1510 2652 scribere
1556 2600 1819 2667 potuisse,
1865 2607 2004 2670 qqot
2050 2614 2152 2654 nec

567 2689 717 2744 orbis
744 2689 1152 2760 ipseterrarum
1178 2700 1362 2758 posset
1387 2690 1698 2746 continere.
1741 2689 1976 2758 Scripsit
2005 2705 2152 2761 prte-

572 2793 718 2838 terea
745 2781 1178 2846 Revelationem,
1202 2779 1388 2848 jussus
1424 2782 1606 2844 silere,
1637 2797 1736 2838 nec
1760 2792 1968 2851 septem
2011 2783 2154 2837 toni-

571 2882 754 2928 truum
787 2887 949 2929 voces
981 2871 1348 2945 perscribere.
1380 2871 1620 2944 Scripsit
1662 2875 1825 2929 etiam
1857 2876 2150 2946 epistolam

568 2967 857 3021 admodum
889 2967 1135 3021 brevem.
1171 2965 1278 3021 Sed
1305 2966 1693 3031 concedamus,
1747 2967 1792 3021 si
1844 2966 2044 3037 placet,
2097 2975 2153 3021 ct

569 3060 861 3114 secundam
913 3067 966 3114 et
1019 3058 1236 3112 tertiam
1276 3055 1344 3110 ab
1380 3056 1469 3110 illo
1500 3057 1739 3126 scriptas
1783 3070 1926 3112 esse.
1961 3055 2149 3122 Neque
2178 3091 2220 3149 ο

568 3150 715 3206 enim
748 3153 847 3205 has
873 3151 1142 3222 gemdnas
1185 3150 1331 3204 illius
1371 3163 1492 3204 esse
1541 3163 1734 3204 omnes
1775 3150 2149 3204 consentiunt.

566 3243 757 3300 Ambae
787 3254 967 3298 tamen
1000 3243 1090 3296 vix
1119 3252 1339 3298 centum
1396 3257 1587 3297 versus
1637 3242 1948 3296 continent.
1987 3241 2152 3297 Deni-

568 3349 676 3405 que
715 3333 784 3389 de
830 3333 1071 3403 Epistola
1115 3333 1182 3386 ad
1227 3331 1487 3386 Hebraeos
1544 3331 1597 3386 in
1644 3330 1881 3386 homiliis
1928 3345 2062 3399 quas
2095 3330 2149 3384 in

567 3427 818 3484 eamdem
868 3427 1153 3496 epistolam
1191 3419 1543 3498 Conscripsit,
1589 3426 1664 3480 ita
1715 3425 1919 3481 sentit:
1964 3443 1984 3476 ‹
2023 3422 2152 3495 Sty-

569 3521 678 3575 Ium
714 3521 962 3591 epistolae
1003 3536 1126 3590 qua:
1171 3520 1494 3575 inscribitur
1529 3519 1596 3572 ad
1636 3516 1914 3581 l-lebrteos,
1959 3530 2150 3572 carere

569 3612 660 3665 illa
680 3613 951 3666 sermonis
980 3613 1286 3666 rusticitate
1336 3628 1456 3681 qua:
1491 3611 1710 3682 propria
1759 3621 1844 3666 est
1884 3610 2148 3678 Apostoli,

567 3703 775 3772 quippe
801 3703 892 3770 qui
920 3705 1108 3760 rudem
1135 3713 1298 3772 atque
1331 3703 1641 3772 imperitum
1689 3716 1812 3756 sese
1856 3701 2153 3757 conﬁtetur

568 3795 624 3846 in
660 3806 938 3858 sermone,
988 3793 1042 3846 id
1087 3804 1172 3848 est
1211 3795 1264 3848 in
1323 3795 1496 3848 forma
1548 3809 1612 3848 ac
1664 3793 1880 3848 ratione
1908 3793 2146 3849 dicendi.

573 3881 771 3938 Verum
804 3883 1034 3954 epistola
1083 3883 1172 3940 illa
1220 3894 1276 3938 et
1324 3885 1378 3938 in
1423 3886 1719 3941 verborum
1755 3885 2150 3956 compositione

641 4088 754 4160 (61)
784 4087 1536 4160 Ἀπομνημοτςεύσαντος...
1579 4089 1679 4143 καὶ
1718 4089 1976 4158 ὡσπερεὶ
2011 4105 2158 4158 σχοί-

569 4158 1113 4231 λιογςραφήσαντος.
1150 4158 1266 4213 Jam
1283 4175 1450 4231 supra
1466 4161 1792 4222 monuimus,
1819 4163 2144 4231 ἀπομνημο-

571 4229 747 4284 νεύειν
777 4231 915 4283 idem
945 4244 1065 4282 esse
1097 4244 1162 4282 ac
1188 4229 1452 4281 reminisci
1485 4238 1539 4282 et
1575 4233 1878 4284 memoriter
1904 4229 2149 4292 recitare,

569 4299 1023 4369 quemadmodum
1066 4299 1546 4370 solentdiscipuli,
1596 4313 1720 4351 cum
1763 4303 2148 4370 magistrorum

571 4368 774 4460 dictata
828 4371 1091 4460 .I'Iecitant.
1139 4368 1564 4460 Σχολιογραφεῖν
1596 4383 1732 4460 vero
1773 4368 2152 4423 est’brevibns
2182 4399 2229 4460 D

571 4442 795 4496 scboliis
827 4440 1142 4500 illustrare;
1185 4440 1344 4508 quod
1392 4445 1450 4492 lit
1505 4455 1627 4493 cum
1682 4441 1943 4494 obscuras
1991 4453 2154 4492 voces

573 4513 694 4567 aliis
723 4511 952 4566 vocibus
976 4512 1149 4580 magis
1174 4510 1388 4562 usitatis
1419 4511 1777 4580 explicamus.
1825 4509 2153 4580 Interpretes

572 4597 638 4635 ac
670 4579 1516 4652 praecipue,Christophorsonum
1547 4579 1809 4652 nibilphic
1835 4579 2056 4652 vidisse,
2083 4593 2150 4632 ex

571 4649 760 4704 eorum
819 4649 1068 4705 versione
1125 4660 1370 4720 apparet.
1427 4649 1565 4703 Nam
1626 4650 1859 4718 primum
1907 4649 2155 4719 ἀπομνη-

576 4721 935 4792 μονεύσαντας
970 4722 1505 4792 Christophorsonus
1552 4723 1732 4792 vertit.
1781 4723 1838 4772 in
1891 4736 2155 4792 commen-

575 4787 740 4844 iarios
803 4795 1057 4861 redigere.
1121 4787 1333 4845 Putavit
1389 4790 1600 4844 scilicet
1653 4789 2155 4861 ἀπομνημονεύμα-

574 4869 644 4914 τα
701 4862 841 4914 idem
901 4876 1021 4915 esse
1078 4877 1142 4915 ac
1195 4863 1618 4926 commentarios,
1683 4877 1842 4929 quem
1909 4875 2151 4913 errorem

571 4931 683 4999 jam
731 4939 886 4984 antea
946 4932 1199 4986 refutaVi.
1253 4929 1451 5002 Vocem
1514 4942 1694 4984 autem
1757 4929 2155 5002 σχολιογραφήά

582 5016 777 5062 σαντος
832 5003 1238 5067 interpretatur,
1302 5001 1503 5053 dictata
1559 5016 1624 5054 ea:
1673 5008 2008 5069 prmeeptorts
2063 5015 2154 5052 ore

577 5073 824 5133 scribere,
860 5084 969 5139 quo
1009 5071 1140 5124 nihil
1169 5071 1274 5124 dici
1314 5073 1488 5138 potuit
1525 5071 1834 5124 absurdius.
1871 5073 1964 5124 Ait
2006 5073 2150 5124 enim

575 5139 842 5208 Origenes
915 5143 1210 5195 sententias
1257 5141 1510 5208 Epistolze
1576 5143 1643 5194 ad
1708 5139 1964 5194 Hebraeos
2032 5153 2154 5194 esse

577 5210 750 5278 ipsius
790 5209 1070 5277 Apostoli;
1127 5211 1286 5264 verba
1345 5221 1523 5265 autem
1585 5220 1640 5264 et
1702 5211 2149 5278 compositionem

581 5281 744 5333 totius
769 5280 1058 5342 orationis,
1089 5295 1207 5334 esse
1229 5281 1451 5334 alterius
1488 5279 1812 5349 cuiuspiam,
1854 5282 1945 5348 qui
1986 5280 2151 5334 verba

576 5350 820 5417 Apostoli
869 5355 1145 5418 memoria:
1199 5351 1559 5415 mamlaverit,
1622 5364 1796 5418 eaque
1847 5351 2152 5417 elegantius

579 5431 835 5487 tanquam
871 5417 1191 5474 scholiastes
1215 5422 1546 5489 exposuerit.
1580 5417 1732 5486 Quod
1758 5421 1800 5472 si
1836 5419 2154 5489 σχολιογραο

576 5491 699 5560 gelv
723 5492 862 5544 idem
893 5499 1040 5543 esset
1067 5504 1132 5542 ac
1159 5490 1357 5544 dictata
1396 5505 1460 5543 ex
1491 5490 1841 5560 prmceploris
1872 5506 1969 5543 ore
2011 5491 2150 5543 scri-

575 5558 728 5624 bere,
761 5563 876 5630 ipsa
903 5563 1068 5614 verba
1113 5560 1226 5630 jam
1260 5570 1442 5613 essent
1482 5558 1744 5628 Apostoli,
1795 5561 1947 5630 quod
1973 5569 2152 5613 tamen

577 5640 740 5701 negat
783 5628 1070 5701 Origenes.
1130 5629 1235 5684 Sed
1287 5630 1542 5701 nimirum
1605 5628 2152 5701 ignoravitChristo-

578 5699 1039 5772 phorsonus‘quid
1060 5709 1247 5758 essent
1267 5701 1490 5756 scholia.
1515 5700 1760 5757 Amelius
1773 5699 2148 5770 philosOphus,

2258 474 2592 543 Εύαγγέλιον
2629 473 2740 526 ἀπὸ
2792 472 3150 544 Ἰερουσαλὴμ
3197 470 3293 524 καὶ
3328 470 3514 541 κύκλῳ
3549 471 3713 542 μέχρι
3756 470 3855 524 τοῦ

2271 563 2588 637 Ἰλλυρικοῦ,
2611 564 2731 618 οὐδὲ
2759 564 2959 626 πάσαις
2979 561 3216 632 ἔγραψεν
3245 554 3332 624 αἷς
3355 558 3594 625 ἐδίδαξεν
3634 559 3858 633 Ἐκκλη-

2259 660 2432 722 σίαιςο
2473 657 2609 710 ἀλλὰ
2653 657 2749 710 καὶ
2793 651 2882 720 αἷς
2925 654 3184 728 ἔγραψεν,
3228 652 3440 722 ὀλίγους
3470 651 3687 722 στίχους
3728 653 3857 706 ἐπέ-

2260 749 2456 802 στειλε.
2517 748 2729 819 Πέτρος
2771 748 2830 801 δὲ
2886 747 2970 816 ἐφ’
3020 739 3065 814 ᾧ
3113 745 3483 814 οἰκοδομεῖται
3525 746 3560 816 ἡ
3611 745 3855 816 Χριστοῦ

2271 840 2586 912 Ἐκκλησία,
2637 837 2706 911 ἧς
2761 838 2924 892 πύλαι
2970 839 3098 910 ᾅδου
3143 839 3204 890 οὐ
3246 837 3673 909 κατισχύσουσι,
3725 837 3854 909 μίαν

2258 933 2554 1004 ἐπιστολὴν
2599 931 3044 1004 ὁμολογουμένην
3093 930 3506 985 καταλέλοιπεν.
3560 931 3742 983 Ἔστω
3796 930 3855 983 δὲ

2259 1025 2354 1080 καὶ
2385 1024 2676 1095 δευτέραν·
2716 1024 3118 1095 ἀμφιῦάλλεται
3150 1024 3281 1098 γάρ.
3335 1023 3401 1076 Τί
3443 1021 3528 1076 δεῐ
3579 1021 3711 1093 περὶ
3755 1021 3852 1075 τοῦ

2257 1120 2625 1182 ἁναπεσόντος
2648 1118 2831 1187 λέγειν
2861 1117 2953 1170 ἐπὶ
2984 1117 3046 1169 τὸ
3078 1115 3274 1187 στῆθος
3291 1114 3386 1168 τοῦ
3431 1112 3628 1186 Ἰησοῦ,
3673 1115 3853 1168 Ἰωάν-

2257 1228 2372 1274 νου,
2407 1210 2466 1274 ὃς
2499 1207 2839 1278 Εὐαγγέλιον
2888 1208 2948 1261 ἓν
2981 1206 3374 1262 καταλέλοιπεν
3394 1248 3410 1271 ,
3443 1205 3725 1276 ὁμολογῶν
3763 1204 3854 1258 δύ-

2257 1300 2453 1354 νασθαι
2500 1299 2742 1353 τοσαῦτα
2773 1299 3022 1372 ποιήσειν
3055 1297 3091 1351 ἃ
3135 1296 3256 1350 οὐδὲ
3287 1299 3318 1349 6
3351 1296 3558 1366 κόσμος
3601 1293 3852 1366 χωρῆσαι

2258 1393 2515 1458 ὲδύνατο;
2555 1391 2803 1464 Ἔγραψε
2836 1391 2892 1444 δὲ
2926 1391 3021 1444 καὶ
3065 1390 3167 1462 τὴν
3245 1386 3625 1456 Λποκᾶλυψιν,
3663 1385 3853 1439 κελευ-

2260 1485 2408 1549 σθεὶς
2443 1485 2722 1556 σιωπῆσαι
2756 1485 2850 1538 καὶ
2887 1484 2959 1556 μὴ
2993 1482 3203 1554 γράψαι
3247 1480 3348 1544 τὰς
3375 1479 3486 1534 τῶν
3519 1477 3660 1532 ἑπτὰ
3696 1477 3852 1550 βρον-

2255 1577 2364 1630 τῶν
2400 1578 2602 1646 φωνάς.
2639 1575 3018 1630 Καταλέλοιπε
3041 1576 3098 1629 δὲ
3125 1575 3220 1629 καὶ
3247 1572 3538 1644 ἐπιστολὴν
3569 1573 3710 1626 πάνυ
3742 1572 3852 1624 ὀλί-

2259 1685 2372 1737 γων
2402 1670 2619 1740 στίχων.
2649 1671 2830 1722 Ἔστω
2859 1669 2917 1722 δὲ
2946 1669 3042 1724 καὶ
3065 1667 3325 1740 δευτέραν
3355 1666 3451 1720 καὶ
3481 1665 3705 1736 τρίτην·
3730 1665 3852 1718 ἐπεὶ

2255 1763 2315 1816 ού
2354 1763 2556 1825 πάντες
2590 1764 2723 1832 φασὶ
2770 1763 3032 1834 γνησίους
3079 1759 3217 1816 εἶναι
3268 1759 3505 1823 ταύτας·
3562 1757 3704 1829 πλὴν
3750 1757 3852 1811 οὐκ

2255 1855 2363 1910 εἰσὶ
2400 1856 2598 1925 στίχων
2631 1855 2940 1926 ἀμφότεραι
2987 1854 3202 1908 ἑκατόν.
3250 1872 3268 1905 ι
3311 1854 3434 1906 Ἔτι
3467 1851 3609 1921 πρὸς
3639 1849 3852 1914 τούτοις

2254 1948 2386 2023 περὶ
2427 1949 2525 2019 τῆς
2559 1947 2698 2020 πρὸς
2751 1945 3035 2018 Ἐϐραίους
3067 1945 3357 2017 ἐπιπολῆς
3386 1947 3443 1998 έν
3473 1948 3595 2009 ταῖς
3628 1945 3710 2008 εἰς
3752 1943 3852 1996 αὑ-

2252 2043 2354 2114 τὴν
2401 2039 2670 2110 Ὀμιλίαις
2713 2038 2888 2093 ταῦτα
2931 2037 3326 2108 διαλαμϐάνει·
3372 2056 3391 2090 ‹
3434 2039 3558 2090 Ὀτι
3612 2035 3641 2088 6
3672 2052 3847 2108 χαρα-

2255 2131 2394 2203 κτὴρ
2427 2131 2527 2202 τῆς
2559 2129 2761 2197 λέξεως
2795 2129 2894 2200 τῆς
2929 2129 3066 2201 πρὸς
3109 2129 3394 2200 Ἐϐραίους
3429 2127 3850 2200 ἐπιγεγραμμέ-

2255 2241 2352 2294 νης
2387 2221 2702 2292 ἐπιστολῆς,
2739 2221 2840 2274 ούκ
2872 2221 2987 2292 ἔχει
3020 2219 3082 2274 τὸ
3138 2223 3195 2274 ὲν
3247 2221 3394 2292 λόγῳ
3442 2221 3710 2275 ἰδιωτικὸν
3751 2220 3846 2275 τοῦ

2267 2312 2612 2375 Ἀποστόλου,
2653 2311 3090 2383 ὁμολογήσαντος
3123 2313 3311 2366 ἑαυτὸν
3345 2311 3557 2386 ἰδιώτην
3600 2310 3738 2367 εἶναι
3770 2312 3850 2385 τῷ

2253 2405 2417 2476 λόγῳ,
2453 2407 2702 2460 τουτέστι
2743 2410 2809 2478 τῇ
2855 2408 3093 2479 φράσει·
3143 2408 3278 2462 ἀλλά
3316 2410 3463 2461 ἐστιν
3503 2410 3537 2480 ἡ
3590 2406 3850 2478 ἐπιστολὴ

2259 2496 2502 2550 συνθέσει
2535 2497 2636 2567 τῆς
2681 2495 2878 2561 λέξεως
2923 2498 3379 2570 Ἑλληνικωτέρα,
3416 2501 3524 2562 πᾶς
3555 2502 3584 2554 6
3616 2501 3846 2554 ἐπιστά-

2258 2607 2418 2660 μενος
2463 2590 2669 2661 κρίνειν
2726 2590 2979 2660 φράσεων
3036 2590 3338 2662 διαφορὰς,
3372 2592 3709 2664 ὁμολογήσαι
3754 2592 3844 2647 ἄν.

2255 2680 2422 2734 Πάλιν
2449 2699 2507 2735 τε
2533 2676 2598 2735 αὖ
2631 2682 2713 2734 ὅτι
2738 2680 2808 2734 τὰ
2841 2683 3086 2754 νοήματα
3115 2684 3214 2754 τῆς
3247 2684 3538 2756 ἐπιστολῆς
3568 2684 3852 2756 θαυμάσιά

2254 2775 2392 2838 ἐστι,
2429 2774 2523 2827 καὶ
2555 2774 2616 2826 ού
2650 2773 2878 2847 δεύτερα
2911 2774 3020 2827 τῶν
3053 2775 3428 2830 ἀποπολικῶν
3471 2777 3847 2850 ὁμολογουμέ-

2253 2883 2360 2920 νων
2393 2866 2759 2938 γραμμάτων,
2796 2867 2892 2920 καὶ
2926 2864 3086 2920 τοῦτο
3131 2867 3197 2921 ἂν
3231 2870 3506 2941 συμφήσει
3539 2864 3678 2924 εἶναι
3713 2871 3847 2943 ἀληέ

2254 2958 2365 3023 θὲς,
2399 2959 2506 3021 πᾶς
2537 2960 2566 3010 6
2596 2957 2882 3030 προσέχων
2911 2962 2975 3030 τῇ
3002 2957 3308 3028 ἀναγνώσει
3335 2961 3402 3032 τῇ
3431 2963 3786 3035 ἀποστολικῇ.
3822 2982 3843 3015 ι

2254 3058 2476 3122 Τούτοις
2505 3057 2622 3130 μεθ’
2661 3057 2825 3129 ἕτερα
2853 3057 3102 3129 ἐπιφέρει
3129 3057 3304 3126 λέγων
3329 3075 3342 3088 ·
3379 3077 3399 3108 r
3454 3058 3596 3128 Ἐγὼ
3628 3058 3686 3112 δὲ
3719 3060 3850 3113 ἀπο·

2259 3149 2583 3220 φαινόμενος
2618 3150 2820 3218 εἴποιμ’
2850 3148 2916 3202 ἂν
2950 3149 3032 3202 ὅτι
3064 3147 3133 3204 τὰ
3167 3151 3266 3221 μὲν
3291 3151 3538 3222 νοήματα
3560 3151 3653 3205 τοῦ
3689 3153 3849 3206 Ἀποε

2260 3241 2446 3296 στόλου
2479 3242 2648 3306 ἐστὶν,
2679 3244 2712 3314 ἡ
2742 3243 2797 3296 δὲ
2831 3242 3031 3314 φράσις
3053 3243 3145 3296 καὶ
3172 3244 3206 3315 ἡ
3239 3242 3488 3308 σύνθεσις
3515 3245 3846 3316 ἀπομνημο-

2260 3333 2550 3397 νεύσαντός
2577 3351 2724 3397 τινος
2755 3333 2825 3387 τὰ
2851 3334 3206 3399 ἁποστολικὰ,
3238 3336 3334 3390 καὶ
3363 3336 3604 3408 ὡσπερεὶ
3639 3337 3849 3408 σχολιο-

2259 3427 2648 3498 γραφήσαντος
2683 3425 2791 3498 (61)
2821 3425 2892 3480 τὰ
2935 3427 3200 3500 εἰρημένα
3233 3427 3339 3481 ὑπὸ
3373 3428 3468 3482 τοῦ
3502 3429 3844 3485 διδασκάλου.

2255 3519 2322 3572 Εἴ
2352 3536 2434 3583 τις
2465 3514 2558 3573 οὖν
2607 3518 2904 3592 Ἐκκλησία
2935 3519 3048 3591 ἔχει
3082 3521 3286 3593 ταύτην
3319 3521 3419 3594 τὴν
3454 3524 3743 3597 ἐπιστολὴν
3771 3525 3848 3589 ὼς

2255 3609 2492 3675 Παύλου,
2540 3610 2678 3683 αῦτη
2713 3612 3072 3683 εύδοκιμείτω
3105 3614 3202 3667 καὶ
3235 3615 3328 3666 ἐπὶ
3361 3615 3538 3688 τούτῳ
3583 3617 3720 3687 (62).
3770 3619 3847 3670 Οὐ

2253 3706 2364 3777 γὰρ
2399 3707 2522 3778 εἰκῆ
2553 3707 2603 3760 οί
2637 3707 2853 3777 ἀρχαῖοι
2882 3707 3076 3780 ἄνδρες
3107 3707 3182 3771 ὡς
3215 3708 3430 3762 Παύλου
3460 3710 3631 3781 αὐτὴν
3661 3727 3847 3783 παρα-

2254 3795 2539 3849 δεδώκασι.
2585 3796 2683 3858 Τίς
2715 3796 2773 3848 δὲ
2815 3797 2845 3849 6
2887 3797 3108 3868 γράψας
3137 3798 3236 3868 τὴν
3288 3799 3599 3871 ἐπιστολὴν,
3633 3800 3695 3853 τὺ
3748 3803 3850 3871 μὲν

2255 3885 2456 3958 ἀληθὲς
2486 3878 2620 3950 Θεὸς
2651 3883 2810 3942 οἶδεν.
2855 3885 2920 3940 Ἦ
2947 3888 3004 3941 δὲ
3038 3889 3118 3954 εἰς
3148 3889 3296 3960 ἡμᾶς
3325 3889 3583 3960 φθάσασα
3614 3892 3850 3962 ἱστορία,

2256 4087 2452 4142 Plotini
2481 4088 2718 4154 auditor,
2751 4089 2974 4158 scripsit
3021 4089 3352 4143 scholiorum
3392 4089 3565 4146 libros
3598 4101 3845 4158 centum,

2260 4161 2313 4213 in
2347 4160 2560 4233 quibus
2607 4174 2670 4212 ea
2716 4160 3134 4233 quaral‘lotiuo
3177 4161 3229 4233 in
3270 4161 3526 4233 familiari
3569 4162 3847 4233 colloquio

2259 4229 2507 4284 Strictius
2527 4238 2714 4300 ierant
2748 4230 3381 4300 tradita,iipse‘nberius
3420 4229 3752 4300 exponebat,
3787 4247 3847 4290 ut

2257 4307 2492 4370 testatur
2525 4299 2858 4370 Porphyrius
2890 4299 2942 4370 in
2983 4299 3100 4350 Vita
3127 4298 3347 4370 Plotini.
3382 4298 3559 4366 Quare
3589 4303 3654 4356 de
3682 4304 3845 4359 Ame-

2260 4369 2333 4446 lio
2361 4369 2466 4422 dici
2491 4378 2691 4446 potest,
2711 4367 2845 4446 eum
2877 4367 3366 4446 ἀπομνημονεῦσαι
3400 4372 3849 4446 καὶ-σχολιογρα-

2299 4439 2427 4511 ῆσαι
2468 4438 2864 4511 τὰᾼΠλωτίνου.
2909 4438 3119 4493 Eodem
3155 4456 3315 4494 sensu
3343 4438 3618 4511 Longinus
3665 4438 3841 4501 inviib.

2254 4458 2427 4562 271564
2468 4458 2538 4490 τα
2568 4458 2864 4492 ιιΛωτινου.
2909 4458 3110 4493 1311116111
3155 4458 3315 4494 5611811
3343 4458 3618 4511 Longinus
3665 4459 3717 4496 ιη
3747 4458 3841 4501 Illi.

2257 4579 2265 4583 Α
2305 4526 2332 4561 e
2353 4509 2460 4583 [ine
2487 4509 2736 4583 adversus
2772 4507 3066 4583 Plotinum,
3099 4512 3394 4583 _de_Annio
3417 4523 3481 4583 et
3513 4512 3692 4583 Medio
3723 4515 3844 4583 phi-

2255 4578 2746 4655 losopliis_loqr_r_ens
2772 4579 2841 4655 ita
2867 4580 2999 4655 d_ici_t
3037 4596 3050 4632 :
3087 4581 3148 4655 0f.
3183 4580 3441 4655 δὲνμικρὰ
3477 4582 3673 4655 κομιδῆ
3703 4578 3846 4655 πρᾶο

2252 4665 2448 4723 γλματα-
2463 4651 2562 4720 τῆς
2583 4646 2692 4723 τῶν
2716 4647 2954 4723 παλαιῶν
2975 4650 3214 4723 ἱστορίας
3235 4646 3842 4723 ἀπομνημονεύσαντες,

2252 4721 2333 4793 εἰς
2374 4719 2740 4793 τοῦςχαύτορς
2778 4719 2975 4793 τύπου-ς
3007 4719 3233 4785 ἐκείνοις
3260 4719 3622 4793 ἐπεχείρησαν
3667 4741 3846 4778 συντι-

2253 4789 2402 4843 Θέναι
2438 4787 2637 4858 βιϐλία.
2674 4789 2727 4842 Id
2752 4803 2856 4862 est,
2895 4791 2990 4862 alti
3021 4809 3138 4844 vero
3172 4787 3635 4862 exigua—‘qu'w'dam
3669 4811 3846 4849 excer-

2251 4870 2344 4926 pta
2401 4875 2466 4912 ea:
2523 4871 2748 4913 veterum
2806 4859 2954 4914 libris
3004 4859 3498 4924 commemorantes,
3551 4866 3616 4917 de
3657 4865 3843 4917 iisdem

2252 4930 2442 4991 quibus
2471 4928 2552 4981 illi
2578 4932 2904 4997 argumentis
2949 4947 3012 4984 ac
3047 4932 3176 4984 locis
3208 4933 3436 4986 scribere
3470 4935 3838 4988 instituerunt.

2257 4999 2390 5053 Vide
2417 5015 2541 5068 (μιιο
2564 5013 2736 5070 supra
2771 5004 3026 5070 atmotavi
3060 5006 3125 5054 ad
3157 5002 3431 5070 caput”,
3465 5003 3558 5056 lib.
3601 5019 3674 5058 ιν.

2324 5067 2859 5139 (6ἓ)Εὺδοκιμείτω
2895 5069 2994 5124 ἐπὶ
3025 5067 3238 5138 τούτῳζ
3286 5071 3526 5126 Pessime
3569 5073 3684 5128 hinc
3723 5072 3844 5128 Ori-

2253 5142 2407 5208 geuis
2429 5140 2591 5194 verba
2617 5151 2894 5192 Verteruut
2914 5141 3192 5196 Musculus
3213 5151 3268 5195 et
3284 5142 3840 5210 Cbristopborsonus.

2253 5211 2408 5280 Quod
2466 5211 2595 5280 ideo
2634 5210 2960 5263 monendum
3012 5213 3166 5276 duxi,
3224 5228 3330 5267 non
3382 5227 3489 5280 quo
3523 5215 3589 5266 de
3626 5214 3840 5268 illorum

2256 5279 2414 5332 laude
2470 5277 2762 5347 quidquam
2805 5281 3110 5346 detraham,
3163 5287 3259 5337 sed
3300 5292 3358 5335 ut
3389 5277 3696 5347 ostendam,
3737 5299 3840 5336 non

2253 5349 2372 5402 sine
2435 5364 2597 5403 causa
2662 5364 2855 5402 novam
2916 5351 3133 5407 Eusein
3199 5354 3505 5406 versionem
3579 5369 3608 5406 a
3682 5356 3842 5408 nobis

2256 5431 2564 5493 susceptam
2591 5415 2796 5493 _l'ui_sse.
2831 5418 2940 5493 Nec
2971 5432 3150 5476 tamen
3177 5423 3612 5493 omnes‘illorum
3656 5423 3844 5493 lapsus

2254 5499 2443 5543 notare
2477 5489 2720 5554 institui;
2759 5492 2850 5543 sed
2892 5491 3065 5546 sicubi
3113 5493 3269 5546 locus
3309 5489 3545 5546 diﬂlcilis
3579 5505 3633 5548 et
3667 5489 3842 5548 at'nbi-

2253 5575 2390 5684 gtms
2419 5568 2689 5624 occurret,
2745 5568 2855 5612 tum
2891 5562 3104 5616 illorum
3147 5563 3456 5616 versionem
3495 5579 3602 5618 non
3636 5565 3844 5636 pigebit

2255 5646 2306 5682 at
2364 5644 2541 5684 ucere.

2255 5644 2541 5685 adducere.
