4222 6398
577 399 682 473 δεῖ

1321 412 1591 468 EL'SEBII
1619 411 2104 469 CASARIENSIS
2141 411 2293 468 OPP.
2333 410 2510 467 PARS
2546 411 2585 466 I.
2626 443 2693 454 —
2733 410 3120 470 HISTORICA.

3721 416 3824 471 588

574 535 962 598 auscultantes,
985 533 1084 588 soli
1115 532 1620 603 interpretationem
1645 549 1814 590 sacrae
1831 533 2146 603 Scripturze,
2179 542 2224 598 Α

2179 542 2224 598 Α
2258 533 2546 604 ανέχοντες
2599 533 2750 605 αὖτῷ
2771 574 2784 598 ,
2833 528 2919 588 οἶα
2954 535 3260 605 διδασκάλῳ
3295 535 3440 606 μόνῳ
3480 535 3549 589 τὰ
3579 534 3676 605 τῆς
3711 536 3823 590 τῶν

575 643 640 683 ac
675 627 936 696 reliquum
968 641 1128 682 omne
1169 627 1558 683 ecclesiaSticze
1599 627 1864 683 doctrinae
1907 627 2143 682 olIIcium

575 718 956 789 permiserunt.

1097 808 1614 880 'CApurgxxan

890 901 963 957 De
995 903 1356 971 persecutione
1379 901 1472 955 sub
1505 901 1820 959 Maximino.

642 997 857 1052 Interea
903 1011 1048 1052 caeso
1094 994 1406 1049 Alexandro
1444 995 1800 1064 imperatore,
1838 999 1928 1067 qni
1962 1002 2143 1055 trede-

570 1088 674 1143 cim
704 1089 860 1142 annis
893 1095 1234 1157 regnaverat,
1269 1087 1319 1140 in
1345 1085 1462 1153 ejus
1493 1084 1672 1140 locum
1700 1090 2141 1146 succeditMaxi-

570 1181 768 1234 minus.
795 1177 918 1247 Qui,
943 1179 1090 1251 gravi
1109 1182 1230 1236 odio
1247 1197 1543 1237 succensus
1572 1182 1834 1238 adversus
1868 1181 2135 1239 familiam

567 1273 860 1327 Alexandri
905 1272 958 1326 in
999 1288 1105 1342 qua
1138 1273 1388 1344 plerique
1429 1283 1587 1331 erant
1642 1274 1962 1343 Christiani,
2009 1295 2136 1349 per-

566 1366 844 1420 secutione
867 1365 1106 1419 excitata
1137 1367 1285 1422 solos
1326 1367 1692 1426 Ecclesiarum
1717 1373 2010 1433 antistites.
2053 1383 2138 1426 ut-

565 1465 689 1524 po:e
737 1455 1060 1526 evangelica:
1108 1457 1511 1525 prmdicationis
1573 1472 1842 1523 auctores.
1900 1464 2134 1519 interfici

558 1547 744 1615 jussit.
773 1546 890 1614 Quo
933 1555 1175 1618 tempore
1213 1550 1476 1620 Origenes
1521 1551 1718 1606 librum
1756 1553 1831 1606 De
1874 1557 2135 1624 martyrio

561 1637 886 1706 composuit,
937 1651 1096 1704 quem
1143 1637 1434 1692 Ambrosio
1490 1648 1545 1692 et
1597 1638 1909 1696 Protoeteto
1955 1641 2135 1698 Caesa-

561 1728 761 1784 riensis
828 1727 1085 1784 Ecclesia:
1140 1730 1458 1801 presbytero
1513 1730 1806 1796 dedicavit,
1867 1748 1934 1787 eo
1986 1734 2132 1802 quod

561 1819 860 1889 uterquein
889 1835 950 1874 ea
981 1821 1357 1888 persecutione
1391 1835 1499 1876 non
1530 1822 1806 1877 mediocre
1836 1823 2130 1879 discrimen

2250 624 2409 680 θείων
2442 625 2672 698 Γραφῶν
2714 626 3009 700 ἑρμηνείας
3042 627 3136 680 καὶ
3180 626 3248 680 τὰ
3288 625 3448 682 λοιπὰ
3487 627 3582 681 τοῦ
3616 627 3816 699 ἐκκλη-

2254 718 2531 773 σιαστικοῦ
2564 718 2723 786 λόγου
2757 718 2865 790 (66)
2895 721 3152 790 πράττειν
3187 719 3541 792 συνεχώρουν.

2740 811 3137 863 ΚΕΦΑΛΔΙΟΝ
3192 811 3327 864 κη’.

2241 900 2380 968 Περὶ
2397 901 2498 954 τοῦ
2515 903 2666 954 κατά
2680 901 3011 970 Μαξιμῖνον
3031 901 3283 970 διωγμοῦ
3303 902 3439 971 (Nic.
3461 902 3533 956 Η.
3553 902 3616 955 Ε.
3634 919 3684 965 v,
3699 901 3815 973 20).

2311 992 2413 1044 Τόν
2457 1009 2520 1060 γε
2556 993 2661 1064 μὴν
2718 992 3005 1063 Ῥωμαίων
3044 992 3418 1064 αὐτοκράτορα
3473 993 3816 1066 Ἀλέξανδρον

2242 1080 2416 1152 τρισὶν
2459 1081 2637 1134 ἐτεσιν
2675 1082 2767 1134 ἐπὶ
2796 1081 2929 1134 δέκα
2965 1082 3065 1154 τὴν
3097 1085 3268 1154 ἀρχὴν
3304 1083 3649 1148 διανύσαντα,
3689 1087 3813 1138 Μα-

2242 1169 2446 1242 ξιμίνος
2473 1174 2688 1244 Καῖσαρ
2707 1173 3024 1243 διαδέχεται’
3054 1173 3112 1238 ὃς
3137 1174 3199 1246 δὴ
3225 1174 3364 1228 κατὰ
3391 1175 3545 1229 κότον
3559 1175 3650 1228 τὸν
3677 1175 3810 1248 πρὸς

2238 1262 2328 1316 τὸν
2362 1263 2709 1337 Ἀλεξάνδρου
2729 1263 2877 1318 οἷκον
2898 1267 2961 1318 ἐκ
2983 1265 3237 1319 πλειόνων
3255 1266 3457 1320 πιστῶν
3477 1267 3804 1332 συνεστῶτα,

2237 1353 2477 1424 διωγμὸν
2509 1354 2748 1424 ἐγείρας,
2767 1356 2891 1418 τοὺς
2921 1355 3028 1407 τῶν
3057 1355 3391 1425 Ἐκκλησιῶν
3414 1356 3679 1427 ἄρχοντας
3714 1357 3810 1427 μό-

2237 1461 2379 1508 νους,
2408 1444 2483 1507 ὡς
2516 1444 2720 1508 αἰτίους
2743 1445 2843 1514 τῆς
2873 1443 3012 1498 κατὰ
3034 1445 3093 1498 τὸ
3112 1446 3439 1514 Εὑαγγέλιον
3465 1447 3810 1512 διδασκαλίας

2235 1535 2573 1606 ἀναιρεῖσθαι
2629 1537 2973 1608 προστάττει.
3035 1537 3166 1590 Τότε
3221 1537 3314 1590 καὶ
3380 1538 3657 1610 Ὧριγένης
3716 1540 3809 1594 τὸν

2235 1630 2373 1697 Περὶ
2395 1631 2724 1699 μαρτιιοίου
2779 1633 3076 1699 συντάττει,
3122 1633 3428 1704 Ἀμϐροσίῳ
3455 1634 3550 1687 καὶ
3593 1635 3807 1708 Πρωτο-

2235 1721 2418 1791 κτήτῳ
2472 1721 2826 1794 πρεσϐυτέρῳ
2875 1723 2975 1794 τῆς
3027 1722 3084 1776 ἐν
3137 1724 3442 1795 Καισαρείᾳ
3492 1725 3802 1796 παροικίας,

2233 1810 2451 1875 ἀναθεὶς
2483 1812 2545 1867 τὸ
2577 1812 2916 1886 σύγγραμμα
2935 1833 2948 1846 ο
2980 1816 3062 1869 ὅτι
3084 1815 3146 1887 δὴ
3170 1817 3337 1887 ἄμφω
3366 1818 3684 1888 περίστασις
3707 1819 3804 1890 οὐχ

560 1912 822 1967 subierat.
857 1909 1014 1968 Unde
1042 1919 1096 1964 et
1125 1913 1419 1968 maximam
1448 1911 1672 1982 gloriam
1708 1914 1778 1968 ob
1826 1913 2128 1971 conl‘essio-
2161 1911 2201 1965 Β

2161 1911 2201 1965 Β
2230 1903 2264 1973 ἡ
2288 1900 2523 1972 τυχοῦσα
2554 1903 2613 1957 ἐν
2641 1903 2718 1974 τῷ
2757 1903 2980 1975 διωγμῷ
3012 1905 3342 1977 κατειλήφει.
3387 1905 3474 1961 Ἐν
3507 1903 3539 1982 ᾖ
3571 1910 3661 1962 καὶ
3691 1911 3802 1964 δια-

559 2018 678 2057 nem
711 2003 944 2059 nominis
981 2001 1183 2058 Christi
1224 2003 1384 2058 ambo
1443 2001 1692 2058 retulisse
1748 2005 2122 2074 perhibentur,

555 2109 676 2146 cum
718 2091 1042 2146 Maximinus
1070 2108 1174 2146 non
1205 2091 1322 2161 plus
1345 2107 1506 2162 quam
1538 2093 1704 2164 229
1746 2095 1963 2149 triennii
1997 2111 2124 2164 spa-

548 2185 683 2237 tium
714 2182 1086 2253 perdurasset.
1118 2181 1285 2250 Hujus
1341 2198 1506 2252 porro
1553 2185 1953 2252 persecutionis
1987 2195 2123 2241 tem-

552 2291 650 2343 pus
681 2275 884 2328 indicat
914 2271 1177 2344 Origenes
1225 2283 1335 2328 tum
1381 2276 1432 2328 in
1481 2275 1661 2344 primo
1689 2285 1744 2330 et
1771 2278 2030 2335 vicesimo
2059 2278 2124 2334 li-

550 2371 652 2424 bro
691 2369 1096 2438 Expositionum
1143 2371 1200 2425 in
1232 2369 1456 2432 Joannis
1505 2371 1874 2443 Evangelium,
1910 2382 2022 2427 tum
2067 2373 2119 2426 in

549 2463 780 2518 diversis
804 2463 1071 2533 epistolis.

1100 2553 1331 2613 CAPUT
1381 2552 1578 2611 XXIX.

550 2645 624 2700 De
649 2644 910 2712 Fabiano,
932 2647 1163 2718 qualiter
1191 2647 1546 2702 Romanorum
1565 2651 1837 2718 episcopus
1864 2649 2118 2705 divinitus

1111 2719 1416 2788 designatus
1453 2728 1550 2773 est.

615 2807 835 2862 Interim
889 2810 1008 2862 'cnm
1037 2807 1422 2864 Gordianusin
1460 2808 1738 2863 Maximini
1779 2808 1951 2865 locum
1988 2824 2116 2866 suc-

543 2898 823 2964 cessisset,
854 2907 1070 2953 mortuo
1099 2897 1366 2955 Pontiano
1403 2900 1496 2968 qui
1524 2915 1617 2954 sex
1647 2901 1803 2956 annis
1829 2901 2107 2973 episcopa-

545 3001 658 3044 tum
693 2999 964 3054 tenuerat,
993 2989 1249 3046 Ecclesize
1281 2990 1540 3046 Romana:
1579 2992 2106 3050 administrationem

541 3081 783 3152 suscepit
808 3081 1062 3138 Anteros.
1099 3081 1199 3138 Hic
1244 3083 1386 3138 intra
1431 3084 1593 3138 unius
1634 3083 1838 3140 mensis
1880 3085 2114 3154 spatium

540 3173 846 3226 sacerdotio
870 3171 1206 3242 perfunctus,
1243 3171 1546 3228 Fabianum
1573 3187 1954 3230 successorem
1983 3174 2115 3229 reli-

2227 1994 2432 2066 πρὲψαι
2463 1995 2680 2066 κατέχει
2707 1995 2864 2065 λόγος
2897 1998 2956 2050 ἐν
2993 1997 3250 2068 ὁμολογίᾳ
3295 1999 3421 2062 τοὺς
3466 1999 3686 2072 ἄνδρας,
3737 2003 3798 2055 οὐ

2225 2087 2470 2152 πλείονος
2509 2088 2542 2160 ἢ
2588 2089 2835 2160 τριετοῦς
2879 2089 3072 2162 χρόνου
3103 2089 3213 2160 (67)
3246 2089 3323 2160 τῷ
3366 2092 3656 2164 Μαξιμίνῳ
3687 2093 3802 2148 δια-

2224 2181 2537 2252 γενομένου.
2581 2181 2956 2252 Σεσημείωται
2984 2181 3039 2234 δέ
3069 2181 3280 2234 τουτονὶ
3309 2181 3404 2236 τοῦ
3439 2183 3676 2254 διωγμοῦ
3709 2184 3800 2238 τὸν

2223 2275 2413 2346 καιρὸν
2434 2275 2491 2329 ἐν
2513 2293 2572 2329 τε
2595 2275 2673 2348 τῷ
2700 2276 2937 2348 δευτέρῳ
2960 2277 3053 2330 καὶ
3077 2277 3304 2348 εἰκοστῷ
3329 2277 3436 2330 τῶν
3458 2281 3544 2345 εἰς
3564 2278 3631 2332 τὸ
3649 2280 3800 2333 κατὰ

2235 2366 2515 2434 Ἰωάννην
2554 2367 2944 2438 ἐξηΜτικῶν,
2971 2366 3066 2422 καὶ
3097 2368 3155 2422 ἐν
3185 2367 3460 2440 διαφόροις
3487 2369 3797 2434 ἐπιστολαῖς

2220 2461 2249 2512 ό
2294 2459 2593 2531 Ὦριγένης.

2726 2551 3121 2606 ΚΕΦᾹΛΔΙΟΝ
3162 2548 3291 2606 ΚΘ’.

2219 2641 2358 2709 Περὶ
2393 2637 2712 2700 Φαὸιανοῦ,
2739 2640 2820 2705 ὡς
2855 2639 3157 2709 Ῥωμαίων
3189 2638 3521 2709 ἐπίοκρπος
3545 2637 3617 2709 ἐκ
3645 2636 3792 2690 Θεοῦ

2350 2709 2700 2778 παραδόξως
2728 2706 3044 2779 ἀνεδείχθη
3070 2708 3213 2779 (Nic.
3249 2707 3322 2762 Η.
3357 2706 3422 2764 Ε.
3456 2725 3508 2772 v,
3535 2708 3654 2778 26).

2287 2801 2575 2874 Γορδιανοῦ
2605 2802 2662 2855 δὲ
2703 2802 2812 2872 (68)
2846 2801 2986 2872 μετὰ
3023 2799 3327 2871 Μαξιμῖνον
3351 2799 3450 2871 τὴν
3503 2799 3791 2870 Ῥωμαίων

2215 2892 2512 2966 ἠγεμονίαν
2554 2892 2956 2963 διαδεξαμένου,
2993 2891 3094 2962 τῆς
3137 2890 3276 2945 κατὰ
3317 2890 3533 2961 Ῥώμην
3571 2889 3793 2962 Ἐκκλη-

2217 2989 2338 3052 σίας
2375 2987 2666 3042 Ποντιανὺν
2708 2985 2884 3040 ἐτεσιν
2915 2984 2974 3054 ἒξ
3015 2983 3504 3051 ἐωσκοπεύσαντα,
3548 2983 3788 3056 διαδέχε-

2213 3097 2304 3135 ται
2348 3081 2633 3151 Ἀντέρως,
2659 3081 2754 3133 καὶ
2783 3077 2970 3133 τοῦτον
2998 3078 3262 3142 Φαδιανὸς
3287 3079 3377 3132 ἐπὶ
3409 3079 3550 3149 μῆνα
3577 3080 3644 3149 τῇ
3679 3078 3790 3131 λει-

2214 3173 2446 3246 τουργίᾳ
2483 3171 2956 3244 διακονησάμενον.
3011 3169 3106 3232 Ἐξ
3149 3161 3321 3242 ἀγροῦ
3363 3187 3495 3240 φασι
3541 3169 3630 3223 τὸν
3675 3171 3785 3222 Φα-

538 3261 676 3330 quit.
703 3260 859 3315 Hunc
888 3261 1187 3315 Fabianum
1233 3270 1356 3331 post
1395 3263 1682 3318 Anterotis
1722 3274 1952 3319 mortem
2004 3281 2112 3321 una
2140 3247 2182 3307 (ἶ

2140 3247 2182 3307 (ἶ
2213 3262 2398 3317 διανδν
2423 3261 2560 3334 μετὰ
2583 3262 2682 3334 τὴν
2715 3260 3039 3332 Ἀντέρωτος
3058 3259 3309 3331 τελευτὴν
3333 3260 3426 3330 ἅμ’
3449 3258 3654 3330 ἐτέροις
3677 3259 3784 3330 (69)

536 3368 658 3406 cum
687 3351 1192 3408 aliis'familiaribus
1228 3353 1342 3408 suis
1373 3353 1600 3408 Romam
1625 3369 1694 3409 ex
1722 3369 1856 3424 agro
1885 3357 2113 3414 venisse

536 3443 746 3506 dicunt,
773 3451 934 3512 atque
966 3441 1076 3497 illic
1107 3443 1412 3514 degentem,
1441 3443 1745 3513 opitulante
1779 3446 1873 3502 Dei
1906 3450 2106 3518 gratia,

534 3543 736 3600 praeter
795 3533 1039 3588 omnium
1105 3537 1575 3603 exspectationem
1632 3537 1700 3592 ad
1753 3539 2109 3608 pomilicatus

533 3632 734 3678 sortem
772 3624 1109 3694 pervenisse.
1158 3625 1292 3680 Nam
1337 3642 1460 3681 cum
1497 3626 1696 3684 fratres
1745 3644 1941 3687 omnes
1975 3649 2105 3688 suc-

533 3716 766 3770 cessoris
794 3717 1080 3772 ordinandi
1109 3732 1272 3774 causa
1307 3718 1358 3772 in
1388 3719 1622 3775 ecclesia
1653 3730 1835 3777 essent
1871 3738 2102 3793 congre-

531 3809 668 3876 gati,
699 3823 762 3862 ac
793 3808 1035 3879 plerique
1085 3809 1196 3878 jam
1247 3811 1490 3867 illustres
1533 3811 1739 3882 aliquot
1785 3822 1842 3868 et
1892 3815 2103 3872 nobiles

532 3899 678 3953 viros
702 3899 975 3968 eligendos
1005 3913 1125 3956 esse
1151 3900 1510 3969 coujicerent,
1563 3903 1630 3955 de
1677 3901 1928 3958 Fabiano
1977 3903 2102 3972 qui-

529 3990 651 4043 dem
683 3991 774 4060 qui
811 3999 922 4044 tum
964 4007 1206 4061 praesens
1252 3994 1466 4058 aderat,
1523 4007 1683 4047 nemo
1727 4007 1795 4046 ne
1829 3994 2100 4062 tantisper

527 4079 744 4148 quidem
771 4079 1062 4148 cogitabat.
1086 4082 1403 4137 Columbam
1449 4091 1627 4136 tamen
1654 4069 1882 4151 repente
1913 4098 1944 4138 e
1973 4083 2104 4138 sub-

527 4169 640 4226 limi
672 4171 944 4241 delapsam
997 4173 1162 4243 capiti
1193 4173 1337 4228 illius
1368 4173 1639 4227 insedisse
1680 4183 1928 4237 narrant,
1954 4189 2080 4243 quae

528 4261 763 4329 Spiritus
810 4263 985 4317 sancti
1035 4263 1126 4332 qui
1179 4262 1310 4318 olim
1363 4264 1466 4317 sub
1507 4261 1775 4317 colum-bac
1814 4265 2000 4332 specie
2047 4265 2098 4319 in

528 4355 866 4412 Servatorem
917 4352 1286 4416 descenderat,
1346 4353 1641 4422 imaginem
1691 4355 1897 4410 referre
1944 4356 2095 4409 vide-

526 4440 704 4498 batur.
738 4441 854 4510 Que
889 4443 1206 4513 spectaculo
1265 4454 1550 4513 permotus
1582 4445 1810 4514 pepulus
1837 4461 1868 4500 α
1903 4447 2090 4501 divino

525 4530 732 4602 Spiritu
766 4535 1046 4602 incitatus,
1079 4549 1290 4589 summa
1325 4550 1448 4590 cum
1481 4535 1767 4592 alacritate
1799 4552 1908 4592 uno
1958 4553 2091 4592 con-

522 4639 682 4678 sensu
715 4625 876 4681 simul
902 4626 1080 4682 omnis
1107 4623 1418 4682 exclamare
1467 4627 1636 4697 coepit
1680 4627 1905 4698 dignum
1947 4643 2091 4694 esse,

2215 3351 2556 3417 συνελθόντα,
2596 3350 2979 3422 ἐπιχωριάζειν
3022 3352 3089 3421 τῇ
3145 3348 3352 3422 Ῥώμῃ,
3388 3348 3516 3402 ἔνθα
3548 3349 3786 3420 παραδο-

2211 3444 2406 3511 ξότατα
2436 3443 2573 3516 πρὸς
2602 3443 2699 3514 τῆς
2728 3442 2880 3506 θείας
2904 3441 2997 3495 καὶ
3025 3439 3280 3514 οὐρανίου
3319 3441 3539 3510 χάριτος
3569 3440 3661 3492 ἐπὶ⁵
3690 3438 3786 3492 τὸν

2209 3536 2409 3608 κλῆρον
2448 3536 2900 3609 παρεληλυθέναι.
2937 3536 3057 3588 Τῶν
3101 3534 3210 3607 γὰρ
3242 3533 3486 3604 ἀδελφῶν
3529 3535 3784 3588 ἁπάντων

2206 3629 2538 3699 χειροτονίας
2559 3628 2744 3682 ἕνεκεν
2765 3627 2867 3698 τῆς
2887 3627 2981 3681 τοῦ
3013 3625 3299 3698 μέλλοντος
3326 3623 3658 3692 διαδέξεσθαι
3682 3624 3781 3696 τὴν
3823 3692 3829 3697 _

2209 3721 2535 3792 ἐπισκοπὴν,
2592 3721 2686 3774 ἐπὶ
2735 3721 2833 3791 τῆς
2883 3719 3178 3790 ἐκκλησίας
3234 3719 3778 3790 συγκεκροτημένων,

2208 3813 2474 3866 πλείστων
2499 3830 2557 3865 τε
2587 3812 2864 3881 ἐπιφανῶν
2896 3812 2990 3865 καὶ
3019 3810 3242 3876 ἐνδόξων
3274 3809 3481 3881 ἀνδρῶν
3512 3813 3626 3872 τοῖς
3655 3810 3782 3861 πολ-

2207 3901 2318 3963 λοῖς
2343 3903 2400 3954 ἐν
2427 3901 2650 3972 ὑπονοίᾳ
2695 3901 2805 3973 (70)
2836 3899 3210 3971 ὑπαρχόντων,
3236 3901 3264 3951 ό
3293 3898 3558 3960 Φαϐιανὸς
3590 3895 3779 3966 παρὼν

2207 3991 2419 4054 οὐδενὸς
2449 3990 2548 4062 μὲν
2581 3989 2883 4062 ἀνθρώπιον
2911 3991 2988 4052 είς
3012 3989 3248 4043 διάνοιαν
3279 3987 3364 4058 ᾔει
3389 4004 3403 4017 ⁸
3435 3987 3584 4056 ὅμως
3609 3985 3653 4037 δ’
3684 3980 3778 4037 οὖν

2205 4082 2400 4155 ἀθρόον
2431 4084 2497 4135 ἐκ
2537 4081 2809 4152 μετεώρου
2838 4079 3164 4152 περιστερὰν
3197 4079 3550 4132 καταπτᾶσαν
3585 4077 3780 4128 ἐπικαο

2207 4168 2464 4239 θεσθῆναι
2505 4173 2569 4241 τῇ
2612 4169 2774 4223 αὐτοῦ
2830 4169 3037 4239 κεφαλῇ
3091 4167 3506 4238 μνημονεύουσι,
3553 4164 3777 4237 μίμημα

2204 4261 2616 4334 ἐνδεικνυμένην
2647 4261 2748 4332 τῆς
2781 4263 2872 4314 ἐπὶ
2903 4262 2994 4314 τὸν
3021 4260 3251 4331 Σωτῆρα
3281 4259 3374 4312 τοῦ
3420 4259 3576 4327 ἁγίου
3606 4257 3776 4311 Πνεύ-

2208 4371 2376 4424 ματος
2401 4354 2458 4406 ἐν
2485 4354 2616 4407 εῐδει
2641 4355 2967 4425 περιστερᾶς
2991 4352 3238 4406 καθόδου.
3276 4353 3388 4420 Ἐφ’
3414 4344 3458 4419 ᾧ
3482 4351 3571 4403 τὸν
3600 4349 3775 4402 πάντα

2200 4445 2328 4498 λαὸν
2378 4447 2564 4518 ῶσπερ
2613 4447 2702 4517 ὑφ’
2765 4447 2882 4510 ἐνὸς
2930 4445 3237 4516 πνεύματος
3286 4445 3430 4499 θείου
3483 4445 3772 4516 κινηθέντα

2199 4539 2383 4610 ὁμόσε,
2426 4539 2702 4612 προθυμίᾳ
2733 4541 2883 4614 πάσῃ
2917 4540 3010 4592 καὶ
3042 4540 3138 4610 μιᾷ
3167 4537 3336 4609 ψυχῇ,
3364 4537 3510 4602 ἄξιον
3551 4536 3772 4607 ἐπιϐοῆα

2201 4649 2291 4686 σαι
2321 4632 2456 4704 (71),
2490 4634 2584 4688 καὶ
2609 4633 2928 4704 ἁμελλήτως
2959 4634 3051 4687 ἐπὶ
3077 4633 3166 4686 τὸν
3207 4631 3392 4703 θρόνον
3417 4631 3515 4702 τῆς
3548 4631 3769 4684 ἐπισκο-

589 4808 701 4889 (66)
719 4807 1276 4889 ’Ἐξεκλῃσιασζικοῦ
1298 4810 1503 4878 λόγου.
1540 4810 1598 4889 Id
1624 4821 1706 4865 est
1732 4808 1966 4889 olIicium
1996 4812 2093 4866 do-
2121 4813 2170 4873 1)
2233 4883 2243 4889 _

2121 4813 2170 4873 1)
2233 4883 2243 4889 ἢ
2269 4810 2380 4889 (68)
2412 4809 2744 4889 rogaui-013
2771 4809 2876 4889 se;
2892 4811 2972 4889 A_b
2999 4809 3297 4889 hisnverbis
3322 4817 3482 4880 caput
3505 4809 3576 4864 29
3631 4809 3766 4865 inci-

517 4876 691 4934 cendi
719 4877 770 4930 in
801 4876 1072 4949 Ecclesia,
1107 4879 1306 4949 dequo
1336 4876 1496 4949 supra
1531 4882 1809 4935 adnotavi.

589 4949 701 5020 (67)
736 4948 1132 5021 012_:z.isloaf0¢
1160 4948 1198 5017 ἢ
1229 4948 1494 5018 epessz
1521 4951 1764 5021 χρόνου.
1791 4950 1960 5016 Hujus
1987 4951 2089 5006 loci

514 5014 1310 5091 sensum_Christ9phor56nus
1365 5014 1591 5076 min—infe
1639 5014 1941 5086 intellexit,
1995 5023 2090 5091 qui

513 5087 862 5160 Ambrosium
891 5097 944 5141 et
967 5087 1334 5160 Protectetum
1364 5092 1463 5145 sub
1487 5091 1648 5144 ﬁnem
1674 5091 1886 5160 imperii
1915 5087 2087 5160 Maxi-

515 5159 646 5213 mini
683 5157 753 5211 ob
780 5171 975 5210 nomen
1009 5155 1209 5212 Christi
1240 5170 1463 5214 vexatos
1505 5160 1674 5216 fuisse
1718 5155 1952 5215 censuit.
1979 5159 2090 5214 Ve-

515 5243 635 5282 rum
679 5227 732 5280 id
775 5241 881 5280 non
929 5226 1060 5281 dicit
1109 5228 1394 5292 Eusebius,
1446 5231 1541 5285 sed
1591 5231 1693 5286 hoc
1727 5241 1935 5284 tantum
1983 5231 2088 5286 sibi

512 5296 650 5368 vult,
689 5304 803 5368 toto
834 5294 1109 5368 Maximini
1142 5297 1352 5368 imperii
1387 5309 1627 5368 tempore
1653 5302 2086 5368 persecutionem

512 5367 816 5429 duravisse.
843 5367 937 5421 sed
969 5367 1086 5421 dies
1115 5367 1256 5422 illius
1278 5367 1551 5425 breviatbs
1585 5367 1774 5434 fuisse,
1805 5380 1864 5423 ut
1889 5371 1956 5426 de
1978 5372 2089 5423 An-

513 5437 765 5508 tichristo
794 5436 1079 5508 Scriptura
1132 5437 1395 5506 loquitur.
1446 5439 1618 5495 Porro
1658 5440 1963 5508 persecutio
1995 5441 2085 5494 illa

511 5509 612 5563 sub
647 5506 941 5562 Maximino
967 5507 1100 5575 imp.
1129 5517 1250 5575 post
1271 5510 1577 5577 diuturnam
1606 5506 1862 5566 Ecclesia:
1893 5525 2079 5577 pacem

511 5587 732 5646 repente
779 5577 974 5633 oborta
1022 5586 1104 5631 est
1148 5577 1217 5630 ob
1271 5576 1579 5648 frequentes
1627 5589 1682 5634 et
1731 5576 2089 5648 gravissimos

512 5659 673 5719 terra:
704 5656 917 5719 motus,
948 5661 1085 5716 quos
1133 5661 1286 5719 more
1337 5663 1438 5702 suo
1486 5650 1716 5719 gentiles
1755 5649 2087 5705 Christianis

508 5718 886 5786 imputabant,
938 5716 1208 5786 utgtestisﬁ
1254 5727 1338 5770 est
1383 5716 1730 5774 Firmilianus
1775 5721 1828 5772 in
1859 5720 2085 5784 epistola

501 5784 976 5912 agiCyprianum.
1021 5784 1159 5845 Vide
1189 5785 1484 5846 Barouium
1521 5791 1587 5846 ad
1635 5805 1836 5846 annum
1878 5790 2083 5848 Christi

2195 4879 2369 4954 pit'jn:
2394 4881 2566 4954 codd."
2588 4881 2726 4954 hlaz.
2755 4891 2808 4935 et
2840 4879 2970 4954 Ij‘uk.
3005 4890 3057 4954 et
3092 4879 3222 4954 Reg.

2265 4950 2378 5021 (69)
2412 4951 2543 5021 ᾊμ⁹
2574 4949 2816 5021 ἑτέροις.
2852 4949 3123 5021 Legoﬁp.’
3172 4951 3410 5021 ἑταίροις
3428 4991 3452 5021 ,ν
3471 4961 3531 5021 nt
3568 4949 3764 5018 legisse

2193 5019 2408 5076 videtur
2440 5019 2690 5073 Rnlinns.
2727 5020 2844 5074 Mox
2887 5020 2974 5072 ubi
3011 5019 3202 5088 legitur
3225 5059 3239 5081 ,
3275 5019 3594 5072 συνελθόντα
3642 5021 3763 5073 ἐπι-

2191 5090 2501 5162 χωριάξειν,
2524 5092 2601 5162 ita
2628 5100 2799 5156 potest
2832 5090 2997 5162 accipi
3029 5090 3181 5158 quasi
3209 5093 3474 5157 scripturn
3499 5090 3567 5142 sit
3601 5089 3763 5142 ἕνεκα

2189 5159 2285 5215 τοῦ
2314 5159 2716 5230 ἐπιχωριάζειν.
2748 5161 2924 5228 Atque
2970 5161 3041 5230 ita
3084 5174 3275 5230 sensus
3313 5175 3419 5214 non
3461 5162 3566 5213 erit
3597 5162 3763 5214 abso-

2192 5231 2339 5285 lutus
2367 5228 2468 5284 ιιιεὶ
2495 5228 2625 5296 post
2652 5245 2839 5284 vocem
2871 5228 3322 5299 παρεληλυθέναι.

2261 5300 2373 5369 (70)
2424 5302 2528 5353 Ἐν
2580 5301 2854 5367 ὑπονοίᾳ.
2919 5300 3190 5354 Musculus
3254 5312 3486 5366 eumque
3541 5309 3766 5369 secutus

2191 5367 2720 5440 Christopborsonus
2745 5410 2759 5434 ,
2813 5372 2955 5424 hunc
2999 5371 3174 5440 locum
3213 5369 3285 5422 ita
3329 5367 3766 5440 verterttntert

2191 5441 2346 5492 multi
2394 5438 2457 5493 de
2503 5440 2858 5507 compluribus
2905 5438 3200 5494 illustribus
3242 5450 3289 5494 et
3325 5439 3586 5491 nobilibus
3637 5439 3764 5490 viris

2192 5511 2443 5580 eligendis
2475 5511 2642 5580 cogita
2652 5521 2780 5563 rent.

2267 5578 2379 5649 (71)
2406 5579 2612 5643 Ἀξιον
2645 5578 2982 5649 ἐπιϐοῆσαι.
3023 5578 3147 5633 Fuit
3177 5579 3321 5632 enim
3352 5580 3471 5635 hzec
3500 5579 3761 5634 solemnis

2194 5651 2518 5704 acclamatio
2551 5653 2602 5704 in
2631 5651 2988 5705 electionibus
3017 5651 3420 5716 episcoporum,
3465 5650 3620 5717 cujus
3682 5650 3762 5704 rei

2193 5722 2424 5788 plurima
2455 5722 2651 5789 passim
2679 5729 2981 5774 occurrunt
3005 5719 3276 5786 exempla,
3307 5728 3364 5772 ut
3391 5723 3532 5786 apud
3576 5717 3761 5774 Philo-

2191 5791 2452 5859 storginm
2486 5791 2539 5844 in
2575 5790 2716 5845 libro
2755 5807 2832 5853 Ix.
2864 5806 2984 5858 cap.
3019 5790 3104 5843 ll).
3136 5789 3200 5860 Et
3242 5789 3294 5841 in
3329 5790 3471 5842 Actis
3502 5790 3757 5860 designa-

2193 5862 2354 5918 tionis
2376 5861 2556 5916 Eradii
2585 5876 2705 5930 quae
2730 5862 2870 5918 inter
2889 5861 3146 5931 epistolas
3167 5859 3456 5930 Augustini
3483 5859 3756 5931 leguntur,
