4222 6466
458 422 563 479 589
1455 422 1805 480 HISTORle
1844 423 2408 482 ECCLESIASTICJE
2449 424 2580 481 LIB.
2631 425 2721 480 Vl.
3625 429 3726 486 590

457 539 567 608 πῆς
599 534 861 601 λαϐόντας
893 536 1057 592 αὑτὸν
1081 537 1369 590 ἐπιθεῖναι.
1404 538 1539 590 Τότε
1570 538 1634 609 δὴ
1661 539 1754 591 καὶ
1798 537 1892 591 τοῦ
1926 546 2045 593 κατ’

2153 538 2444 609 statimque
2475 539 2927 608 comprehensum
2971 537 3298 595 sacerdotali
3325 537 3600 593 cathedrae
3627 542 3725 593 im-

468 629 799 700 Ἀντιόχειαν
856 630 1158 683 ἐπισκόπου
1219 629 1438 684 Ζεϐίνου
1483 630 1572 682 τὸν
1623 629 1736 700 βίον
1790 631 2045 702 μεταλλά-

2151 631 2351 700 posuit.
2389 629 2498 685 Per
2523 631 2666 685 idem
2697 639 2908 702 tempus
2952 639 3166 686 mortuo
3206 629 3411 685 Zebino
3440 629 3730 687 Antioche-

454 719 666 787 ξαντος,
701 721 951 786 Βαδύλας
984 721 1083 792 τὴν
1116 723 1291 793 ἀρχὴν
1325 721 1661 792 διαδέχεται,
1693 721 1750 774 ἕν
1781 740 1840 776 τε
1900 724 2045 777 Ἀλε-

2151 738 2340 777 norum
2370 723 2648 792 episcopo,
2691 725 3020 791 subrogatus
3058 733 3139 779 est
3187 723 3444 794 Babylas.
3479 724 3726 779 Alexan-

455 810 708 883 ξανδρείᾳ
751 811 890 882 μετά
914 813 1224 884 Δημήτριον
1255 811 1367 884 (7‘2)
1395 811 1527 884 [ἐπὶ
1556 812 1702 882 τρισὶ⁸
1728 814 1823 867 καὶ
1851 829 2045 868 τεσσα-

2150 813 2283 867 dria:
2313 828 2444 868 vero
2475 828 2598 867 cum
2629 825 2753 883 post
2801 824 3034 869 mortem
3087 814 3368 880 Demetrii,
3414 816 3505 884 qui
3557 830 3732 870 annos

458 903 694 975 ράκοντα
733 903 878 958 ἔτεσι
918 907 1018 977 τὴν
1061 903 1366 976 ἐπισκοπὴν
1410 905 1772 960 ὲκτελέσαντα
1791 905 1834 979 ],
1886 907 2045 979 Ἥρα-

2144 916 2264 960 tres
2292 916 2346 961 et
2380 907 2746 979 quadraginta
2799 909 3108 962 sacerdotio
3162 907 3486 976 perfunctus
3529 909 3726 971 fuerat,

455 996 590 1058 κλᾶς
615 995 714 1066 τὴν
742 995 1082 1067 λειτουργίαν
1109 996 1445 1066 παρείληφεν
1466 1013 1478 1025 '
1509 997 1610 1066 τῆς
1635 997 1692 1050 δὲ
1720 997 1829 1050 τῶν
1859 996 2045 1051 αὐτόθι

2150 997 2408 1052 ﬂeraclas
2458 997 2826 1051 ministerium
2885 998 3219 1067 suscepisset
3252 997 3532 1062 Ecclesiae,
3568 1003 3727 1052 scho-

456 1088 812 1158 κατηχήσεως
841 1087 940 1158 τὴν
985 1086 1266 1158 διατριϐὴν
1298 1087 1600 1158 διαδέχεται
1636 1087 1931 1152 Διονύσιος,
1967 1083 2045 1148 εἷς

2148 1090 2252 1143 lam
2288 1090 2357 1144 ad
2391 1090 2543 1146 cives
2589 1092 2642 1144 in
2684 1090 2790 1145 fide
2836 1090 3201 1145 instituendos
3232 1090 3471 1145 obtinuit
3522 1090 3727 1161 Diony-

460 1179 552 1231 καὶ
587 1174 740 1243 οὗτος
769 1179 878 1232 τῶν
920 1179 1226 1251 Ὠριγένους
1257 1180 1548 1250 γενόμενος
1583 1180 1872 1251 φοιτητῶν.

2147 1183 2283 1248 sius,
2331 1184 2423 1254 qui
2478 1193 2533 1239 et
2593 1185 2712 1254 ipse
2773 1197 2914 1237 unus
2951 1197 2983 1237 e
3023 1183 3310 1252 discipulis
3370 1182 3552 1240 fuerat
3605 1181 3731 1238 Ori-

2147 1277 2317 1346 genis.

986 1355 1384 1410 ΚΕΦΑΛᾹῙΟΝ
1435 1355 1516 1412 Λ’.

631 1441 803 1497 Ὅσοι
831 1445 1174 1517 γεγόγᾳσιφς-
1199 1445 1535 1517 Ὠριγένους
1565 1449 1841 1517 φοιτηταί

949 1515 1092 1585 (Nic.
1127 1514 1198 1569 Η.
1238 1516 1300 1568 Ε.
1327 1514 1386 1579 ν,
1418 1517 1532 1586 20).

526 1605 616 1677 Τῷ
658 1605 716 1659 δὲ
762 1605 1024 1678 Ὠριγένει
1071 1607 1164 1661 ἐπὶ
1197 1609 1295 1678 τῆς
1336 1609 1680 1681 Καισαρείας
1725 1609 1796 1663 τά
1838 1611 2042 1683 συνήθη

2229 1617 2451 1672 Interim
2517 1619 2642 1672 dum
2667 1616 2929 1688 Origenes
2978 1615 3120 1686 apud
3160 1614 3463 1670 Caesaream
3500 1631 3730 1670 consue-

455 1698 770 1769 πράττοντι,
803 1699 987 1753 πολλοὶ
1025 1699 1336 1772 προσῄεσαν
1379 1702 1440 1754 οὐ
1483 1702 1645 1772 μόνον
1684 1701 1792 1755 τῶν
1844 1704 2045 1773 ἐπιχω-

2151 1718 2204 1760 ιο
2233 1708 2459 1762 docendi
2516 1721 2745 1762 munere
2779 1706 3118 1778 fungeretur,
3144 1723 3248 1762 non
3281 1708 3458 1764 solum
3487 1710 3730 1780 regionis

458 1791 608 1862 ρίων,
640 1791 775 1844 ἀλλά
818 1791 1041 1863 καὶτῆς
1082 1791 1388 1864 ἀλλοδαπῆς
1425 1793 1608 1864 μυρίοι
1649 1795 1902 1865 φοιτηταὶ
1945 1793 2045 1858 τὰς

2149 1795 2295 1851 illius
2347 1796 2555 1864 incolae,
2600 1797 2695 1852 sed
2741 1797 2904 1852 etiam
2947 1795 3167 1864 plurimi
3221 1813 3290 1853 ex
3347 1800 3732 1854 remotissimis

456 1883 726 1954 πατρίδας
753 1882 1109 1946 ἀπολιπόντες
1129 1900 1142 1912 ·
1176 1876 1251 1937 ὧν
1282 1884 1589 1955 ἐπισήμους
1624 1885 1860 1954 μάλιστα
1883 1884 2045 1954 ἔγνω-

2147 1890 2312 1960 230
2363 1891 2662 1960 provinciis
2711 1891 2959 1961 discipuli
3015 1892 3205 1946 relicta
3260 1891 3438 1961 patria
3483 1893 3551 1945 ad
3603 1907 3728 1947 eum

2713 1364 2944 1422 CAPUT
2987 1364 3155 1420 XXX.

2481 1459 2588 1528 Qui
2624 1459 2824 1528 fuerint
2854 1458 3098 1530 Origenis
3137 1456 3407 1526 discipuli.

457 1991 577 2044 μεν,
611 1973 906 2046 Θεόδωρον,
949 1971 1108 2047 ὃς·ἦν
1142 1975 1306 2038 αὐτὸς
1336 1968 1492 2039 οὗτος
1522 1976 1552 2028 ὁ
1580 1975 1700 2029 καθ’
1733 1978 1884 2048 ἡμᾶς
1923 1979 2044 2030 ὲπι-

455 2067 672 2120 σκόπων
706 2067 988 2140 διαϐόητος
1028 2068 1352 2141 Γρηγόριος,
1383 2068 1474 2122 τόν
1513 2085 1574 2122 τε
1613 2069 1783 2122 αὐτοῦ
1817 2068 2048 2139 ἀδελφὸν

471 2158 869 2231 Ἀθηνόδωρον)
909 2159 1001 2224 οὒς
1030 2161 1172 2231 ἀμφὶ
1209 2160 1280 2214 τά
1319 2159 1586 2232 Ἑλλήνων
1614 2161 1710 2215 καὶ
1762 2161 2048 2232 Ῥωμαίων

457 2249 759 2320 μαθήματα
820 2249 931 2321 (7'5)
1002 2250 1190 2315 δεινῶς
1257 2251 1663 2322 ἐπτοημένους,
1726 2251 2047 2322 φιλοσοφίας

454 2344 639 2406 αὐτοῖς
668 2341 841 2408 ἐνθεὶς
865 2341 1065 2414 ἔρωτα,
1089 2347 1188 2416 τῆς
1210 2345 1485 2416 προτέρας
1513 2343 1750 2416 σπουδῆς
1775 2343 1872 2414 τὴν
1889 2344 2041 2398 Θείαν

451 2437 686 2511 ἄσκησιν
728 2433 1291 2501 ἀντικαταλλάξασθαι
1332 2434 1731 2507 προύτρέψατο.
1774 2435 1943 2487 Πέντε
1985 2434 2042 2488 δὲ

450 2533 594 2597 ὅλοις
627 2533 804 2586 ἐτεσιν
850 2531 1002 2602 αὐτῷ
1046 2528 1454 2599 συγγενόμενοι,
1503 2526 1772 2599 τοσαύτην
1798 2527 2045 2598 ἀπηνέγ-

452 2644 618 2680 καντο
662 2626 790 2698 περὶ
840 2624 910 2679 τὰ
945 2624 1064 2678 θεῖα
1113 2621 1414 2693 βελτίωσιν,
1450 2619 1527 2682 ὡς
1561 2619 1640 2674 ἔτι
1672 2621 1830 2683 νέους
1875 2619 2045 2690 ἄμφω

452 2718 759 2790 ἐπισκοπῆς
795 2716 902 2771 τῶν
922 2714 1066 2771 κατά
1094 2713 1295 2768 Πόντον
1321 2711 1658 2784 Ἐκκλησιῶν
1691 2711 2006 2783 ἀξιωθῆναι.

2152 1983 2575 2037 concurrebant.
2619 1981 2863 2047 Quorum
2899 1981 3202 2051 praecipuos
3253 1981 3426 2038 fuisse
3473 1984 3731 2053 cognovi-

2151 2088 2272 2128 mus
2299 2074 2673 2138 Theodorum,
2701 2074 2793 2143 qui
2835 2083 2890 2129 et
2926 2074 3224 2144 Gregorius
3259 2074 3436 2129 dictus
3468 2085 3572 2140 est,
3621 2076 3732 2146 epi-

2149 2178 2439 2234 scoporum
2495 2174 2681 2220 nostra
2721 2176 2884 2221 aetate
2927 2166 3358 2232 celeberrimus;
3411 2177 3466 2222 et
3502 2168 3729 2231 fratrem

2151 2256 2272 2325 ejus
2297 2257 2730 2312 Athenodorum.
2783 2255 2932 2323 Quos
2961 2256 3229 2327 Origenes
3271 2256 3478 2312 Graecis
3527 2255 3730 2335 Roma-

2149 2347 2343 2415 nisque
2368 2345 2672 2412 disciplinis
2701 2345 2928 2400 nimium
2969 2346 3182 2402 deditos
3224 2362 3347 2401 cum
3385 2346 3634 2413 vidisset,
3667 2349 3722 2402 in

2145 2449 2335 2488 eorum
2367 2435 2580 2490 animos
2615 2433 2892 2490 instillans
2919 2435 3275 2506 phil050phia2
3329 2451 3596 2504 amorem,
3624 2437 3725 2492 ab-

2141 2525 2304 2593 jcctis
2337 2526 2616 2596 prioribus
2649 2527 2846 2584 studiis
2875 2528 2943 2584 ad
2976 2542 3156 2582 rerum
3205 2527 3511 2582 divinarum
3547 2531 3723 2584 medi--

2152 2620 2414 2676 tationem
2445 2621 2710 2674 traduxit.
2735 2619 2908 2692 igitur
2946 2635 3070 2675 cum
3105 2619 3482 2690 quinquennio
3515 2620 3730 2691 integro

2153 2712 2208 2766 in
2238 2710 2358 2779 ejus
2380 2713 2651 2767 auditorio
2685 2714 2886 2768 versati
2923 2712 3178 2779 fuissent,
3223 2722 3510 2784 tantopere
3554 2714 3606 2769 in
3647 2716 3732 2769 di-

450 2815 596 2869 vinis
642 2815 880 2884 eloquiis
926 2812 1304 2884 profecerunt,
1373 2818 1430 2864 ut
1498 2810 1660 2865 ambo
1698 2811 1880 2864 adhuc
1947 2807 2236 2865 admodum
2294 2809 2544 2880 juvenes,
2598 2809 2966 2866 Ecclesiarum
3041 2809 3094 2864 in
3153 2807 3327 2864 Ponto
3371 2809 3609 2880 episcopi
3647 2807 3732 2864 fu-

452 2911 596 2965 erint
624 2910 927 2966 constituti.

957 3003 1353 3057 ΚΕΦΑᾹΑῘΟΝ
1400 3001 1526 3057 AA'.

701 3094 839 3163 Περὶ
867 3094 1214 3164 Ἀφρικανοῦ
1245 3092 1382 3165 (Nic.
1415 3092 1488 3147 Η.
1509 3091 1574 3147 Ε.
1607 3109 1660 3157 v,
1682 3092 1797 3163 21).

431 3209 446 3219 υ
534 3187 624 3240 Ἐν
650 3187 824 3259 τούτῳ
849 3189 941 3241 κα)⁵
966 3187 1314 3261 Ἀφρικανὸς,
1349 3187 1378 3239 ὁ
1409 3186 1518 3240 τῶν
1541 3184 2041 3256 ἐπιγεγραμμένων

453 3275 680 3332 Κεστῶν
735 3281 1086 3352 συγγραφεὺς
1149 3280 1262 3350 (74)
1330 3279 1677 3350 ὲγνωρίζετο.
1753 3276 2042 3349 Ἐπιστολὴ

451 3367 642 3423 τούτου
697 3370 961 3442 Ὠριγένει
995 3372 1268 3442 γραφεῖσα
1310 3371 1557 3442 φέρεται,
1603 3367 1934 3440 ἀποροῦντος
1967 3366 2044 3430 ὡς

451 3461 519 3516 ἂν
551 3460 708 3514 νόθου
751 3461 847 3515 καὶ
877 3461 1266 3534 πεπλασμένης
1302 3461 1470 3532 οΰσης
1496 3461 1597 3532 τῆς
1635 3463 1694 3515 ὲν
1735 3459 1816 3531 τῷ
1843 3458 2043 3530 Δανιὴλ

450 3551 595 3604 κατὰ
624 3551 911 3606 Σωσάνναν
945 3552 1213 3622 ἱστορίαςο
1261 3552 1400 3625 πρὸς
1433 3553 1498 3622 ἢν
1559 3552 1842 3624 Ὤριγένης
1891 3552 2042 3605 ἀντι-

451 3643 653 3714 γράφει
693 3642 1060 3714 πληρέστατα.
1107 3641 1215 3697 Τοῦ
1251 3643 1296 3696 δ’
1343 3641 1510 3698 αὑτοῦ
1571 3642 1899 3714 Ἀφρικανοῦ
1947 3643 2042 3696 καὶ

451 3733 584 3787 ἄλλα
598 3734 688 3786 τὸν
711 3733 942 3806 ἀριθμὸν
960 3734 1121 3788 πέντε
1137 3734 1602 3805 Χρονογραφιῶν
1615 3730 1777 3806 ἦλθεν
1794 3735 1874 3798 εἰς
1896 3736 2044 3806 ἡμᾶς

451 3824 537 3876 ἐπ’
570 3824 797 3898 ἀκριϐὲς
832 3826 1184 3897 πεπονημένα
1209 3827 1603 3898 σπουδάσματα
1627 3844 1640 3857 ·
1680 3828 1738 3879 ἐν
1765 3821 1848 3889 οἷς
1873 3843 2038 3896 φησιν

449 3914 640 3968 ἑαυτὸν
685 3915 913 3987 πορείαν
951 3916 1262 3971 στείλασθαι
1309 3918 1403 3971 ἐπὶ
1445 3917 1545 3990 τὴν
1602 3915 2032 3988 Ἀλεξάνδρειαν,

451 4174 662 4250 eaedem
702 4173 1123 4250 acclamationes
1165 4179 1457 4250 leguntur:
1513 4179 1713 4250 Dignus
1759 4188 1808 4234 et
1846 4179 2026 4248 justus

447 4253 560 4321 est,
606 4246 806 4298 dictum
847 4257 921 4321 est
964 4248 1145 4321 vicies.
1179 4246 1328 4309 Bene,
1357 4246 1608 4318 meritus,
1652 4252 1776 4304 bene
1811 4246 2026 4321 dignus,

452 4315 652 4367 dictum
676 4323 753 4368 est
785 4318 1084 4384 quinquies.

520 4384 842 4457 (7‘2)__Met&
882 4387 1238 4457 Δημήτριον.
1295 4388 1426 4444 Post
1485 4388 1600 4443 haec
1641 4391 1807 4445 verba
1870 4390 2029 4445 codd.

450 4452 620 4518 Med.,
644 4455 780 4512 Maz.
812 4464 865 4509 et
905 4452 1045 4513 Fuk.
1074 4452 1188 4513 haec
1216 4461 1452 4513 addunt:
1487 4460 1579 4513 ἐπὶ
1606 4460 1752 4518 τρισὶ
1786 4459 1880 4513 καὶ
1911 4478 2033 4514 τεσ-

803 4525 1077 4615 ξτεσιῃτὴν
1119 4529 1422 4615 ἐπισκοπὴν
1473 4525 1867 4615 ἐκτελέσαντα,
1916 4546 2035 4600 quae
2065 4557 2111 4615 υ

450 4597 777 4671 nec_li_egi_us
793 4597 975 4671 codex
1009 4597 1108 4671 nec
1144 4597 1391 4671 Rufinus
1408 4610 1734 4671 agnoscunt.

520 4665 631 4735 (73)
673 4665 975 4740 ᾘλδζήῂωαν
1008 4668 1108 4740 θεαὶ
1141 4665 1794 4740 Ῥωμαίων-’μαθήματα
1831 4671 2033 4726 Roma-

450 4748 645 4810 norum
662 4735 992 4810 disciplinas
1021 4735 1285 4810 Eusebius
1307 4735 1540 4808 appellat
1563 4735 1651 4808 ju's
1679 4742 1862 4802 civile.
1888 4741 2030 4810 quod

447 4801 744 4881 Gregorius
770 4801 860 4881 ’ἰὴ
893 4807 1033 4881 _urbe
1085 4809 1278 4881 Beryto
1315 4801 1581 4875 discebat;
1631 4821 1757 4866 tunc
1791 4801 1918 4866 cum.
1963 4814 2031 4865 ab

449 4875 701 4951 Origene
717 4874 783 4928 ad
813 4874 1002 4951 altiora
1033 4874 1208 4951 studia
1231 4889 1324 4951 _est
1359 4882 1658 4943 excitatus,
1705 4890 1763 4936 ut
1794 4884 2030 4951 ipsemet

450 4945 639 5019 scribit
688 4945 1030 5019 moratione
1089 4949 1161 5002 ad
1216 4947 1518 5019 Origenem.
1590 4953 1732 5005 Idem
1797 4945 2032 5005 testatur

450 5012 716 5134 l[Oarliiggenes
752 5015 807 5069 in
836 5016 1062 5085 epistola
1107 5020 1174 5073 ad
1207 5012 1564 5090 Gregorium,
1593 5036 1716 5091 cap.
1747 5022 1816 5076 15
1845 5021 2030 5076 Philo-

447 5101 616 5136 came.

519 5153 744 5233 (74)“‘0
783 5155 1448 5233 τῶν-ἐπιγεγραμμένων
1476 5161 1721 5217 Κεστῶν
1764 5177 2027 5233 συγγρα-

446 5226 616 5297 φεύς.
646 5225 770 5279 Haec
814 5227 979 5281 verba
1023 5225 1262 5282 delenda
1279 5245 1398 5286 esse
1434 5234 1710 5288 existimo.
1759 5225 2023 5297 Primum,

445 5296 575 5371 quia
610 5311 707 5351 nec
734 5298 794 5371 in
817 5299 1067 5371 versione
1093 5297 1305 5371 Rufini,
1337 5316 1436 5355 nec
1465 5305 1606 5370 apud
1636 5296 2023 5371 Hieronymum

449 5365 741 5439 habentur.
767 5368 974 5439 Deinde
997 5385 1118 5439 cum
1145 5369 1212 5423 de
1233 5365 1514 5439 scriptore
1532 5365 1906 5427 ecclesiastico
1935 5374 2024 5426 hic

448 5446 659 5503 agatur,
696 5437 983 5492 ridiculum
1022 5437 1162 5492 foret
1191 5447 1316 5493 ante
1344 5437 1524 5494 omnia
1565 5444 1893 5496 mentionem
1938 5441 2022 5496 fa-

447 5519 574 5560 cere
603 5506 992 5576 librorum,qni
1023 5507 1156 5563 nihil
1187 5518 1385 5577 praeter
1420 5511 1717 5566 medicinas
1739 5528 1804 5566 ex
1833 5511 2020 5567 herbis

445 5577 842 5649 et_ntetallicis,
877 5593 942 5633 ac
977 5581 1202 5648 magicis
1237 5579 1426 5648 figuris
1486 5592 1651 5649 atque
1695 5584 2023 5636 incantatio-

447 5645 604 5718 nibus
662 5650 1032 5703 continebant.
1067 5645 1209 5703 Nam
1258 5645 1520 5718 ejusmodi
1563 5645 1728 5705 erant
1775 5652 2022 5706 Κεστῶν

446 5715 613 5793 libri,
667 5727 741 5793 u_t_
788 5721 942 5793 testis
989 5728 1076 5775 est
1128 5729 1183 5793 et
1237 5715 1434 5793 Suidas
1485 5732 1543 5775 et
1581 5721 1849 5793 Georgius
1886 5723 2021 5793 Syn-

445 5784 612 5860 celius
639 5802 668 5841 a
699 5789 924 5844 Veneris
957 5800 1104 5844 cesto
1145 5790 1218 5846 ita
1260 5790 1426 5853 dicti,
1457 5806 1522 5846 eo
1553 5792 1696 5860 quod
1729 5784 2016 5846 "amatoria

445 5859 712 5929 praecipue
754 5861 1266 5931 complecterentur.
1318 5859 1601 5919 Postremo
1651 5861 1934 5918 Africanus
1970 5863 2016 5919 is

2705 2995 2937 3052 CAPUT
2967 2996 3161 3052 XXXI.

2433 3091 2511 3144 De
2543 3089 2799 3158 Africano
2835 3077 3129 3158 temporum
3157 3091 3438 3157 scriptore.

2217 3182 2421 3239 Claruit
2461 3183 2651 3236 iisdem
2699 3181 3038 3249 temporibus
3086 3179 3401 3246 Africanus,
3431 3181 3520 3249 qui
3558 3181 3732 3236 libros

2157 3275 2402 3332 Κεστῶν
2445 3273 2600 3327 titulo
2633 3271 2930 3340 inscriptos
2975 3271 3302 3339 composuit.
3347 3269 3519 3340 Hujus
3551 3281 3732 3327 exstat

2143 3367 2368 3436 epistola
2407 3363 2474 3417 ad
2513 3362 2802 3429 Origenem
2831 3361 3059 3429 scripta.
3093 3361 3148 3414 in
3178 3376 3286 3430 qua
3321 3361 3603 3417 historiam
3631 3363 3729 3418 Su-

2142 3472 2330 3514 sannze
2376 3469 2494 3523 anc
2546 3453 2595 3507 in
2627 3450 2874 3506 Danielis
2925 3451 3068 3504 libro
3121 3448 3338 3519 legitur,
3389 3453 3628 3521 spuriam
3673 3464 3731 3508 et

2140 3546 2579 3604 commentitiam
2620 3558 2744 3600 esse
2778 3544 3114 3612 suspicatur.
3180 3543 3262 3597 Ad
3317 3557 3480 3611 quam
3521 3545 3728 3612 episto-

2139 3641 2244 3695 lam
2277 3638 2539 3709 Origenes
2568 3635 2948 3707 c0piosissime
2975 3635 3278 3704 respondit.
3308 3633 3561 3702 Ejusdem
3579 3635 3728 3690 Afri-

2137 3733 2260 3788 cani
2292 3731 2531 3800 quinque
2563 3728 2638 3782 De
2675 3725 3102 3798 chronographia
3153 3725 3276 3780 libri
3311 3726 3729 3782 accuratissime

2135 3823 2424 3894 compositi
2461 3821 2528 3876 ad
2566 3836 2666 3874 nos
2699 3819 2863 3874 etiam
2909 3826 3308 3888 pervenerunt,
3351 3816 3406 3871 in
3437 3819 3637 3886 quibus
3667 3832 3726 3874 se

2133 3913 2527 3971 Alexandriam
2564 3910 2868 3981 profectum
2902 3924 3022 3965 esse
3054 3916 3304 3975 testatur,
3329 3909 3400 3964 ob
3423 3910 3721 3964 maximam

2136 4179 2228 4248 qui
2261 4171 2898 4248 Kwrodc_composttit._
2932 4169 3071 4248 alius
3099 4171 3324 4248 omnino
3346 4182 3490 4248 esse
3511 4167 3726 4248 videtur

2136 4238 2205 4304 ab
2238 4238 2976 4311 Africano—Chronographo,
3010 4243 3075 4294 de
3101 4255 3210 4309 quo
3235 4239 3321 4294 hic
3346 4238 3588 4311 loquitur
3606 4239 3722 4311 Eu-

2139 4320 2345 4374 sebius.
2378 4316 2514 4372 Nam
2547 4313 2637 4368 ille
2692 4309 2911 4382 quidem
2944 4311 3220 4382 Ceslgrunt
3267 4310 3501 4382 scriptor
3533 4309 3726 4360 oriun-

2139 4391 2240 4444 dus
2272 4388 2374 4442 fuit
2397 4402 2462 4442 ex
2499 4384 2689 4454 Libya,
2711 4377 2778 4437 "ut
2796 4391 3046 4454 testatur:
3065 4379 3282 4454 Snidas,
3309 4377 3601 4454 ριΣέκτος
3623 4392 3720 4454 να)-

2139 4460 2367 4514 cabatur
2401 4464 2536 4511 teste
2565 4447 2754 4509 eodem
2788 4451 2976 4506 Suida.
3013 4449 3256 4518 Scaliger
3288 4457 3466 4518 tamen
3506 4447 3558 4500 in
3591 4447 3716 4500 ani-

2141 4528 2608 4582 madversionibus
2639 4523 2958 4578 Eusebianis
2987 4517 3212 4574 Sextum
3244 4517 3558 4571 Africanum
3592 4533 3717 4570 eunt

2143 4600 2393 4668 appellat.
2430 4595 2534 4650 Sed
2565 4597 2701 4668 forte
2730 4593 2869 4662 apud
2891 4591 3126 4668 _S_u_idam
3154 4587 3384 4668 Ιςέρ-τρς
3417 4587 3716 4640 emendan-

2141 4657 2268 4722 dum
2301 4677 2384 4723 est
2411 4682 2509 4735 pro
2533 4657 2778 4728 Zéxtoc,
2797 4671 2853 4714 ut
2878 4658 3278 4735 Africanus-ille
3308 4657 3492 4711 Cestns
3519 4671 3719 4735 cogno-

2141 4739 2379 4792 minatus
2405 4727 2496 4802 sit,
2528 4727 2756 4802 perinde
2794 4747 2858 4784 ac
2881 4731 3146 4802 rClomeus
3177 4727 3715 4802 Stroniatetts.‘Aft°i-

2141 4753 2379 4792 minatus
2405 4753 2496 4802 Sil,
2543 4753 2756 4788 tcrmue
2794 4753 2858 4784 ac
2891 4753 3146 4785 blttlllells
3177 4753 3538 4782 atruulatcus.
3566 4753 3715 4780 surt-

2139 4825 2310 4864 canus
2351 4823 2480 4861 vero
2521 4753 2979 4872 (Ebronograpbus
3007 4799 3270 4872 oriundus
3301 4799 3402 4872 fu_it
3445 4796 3719 4872 e_x_Pal:e-

2139 4881 2318 4942 stina,
2364 4877 2565 4946 oppido
2610 4867 3072 4946 Ernniaunte_._ut
3137 4870 3295 4924 docet
3344 4868 3627 4946 Eusebius”
3658 4867 3714 4920 in

2139 4936 2555 5016 Chronicol'qni
2605 4953 2661 4999 et
2697 4941 2896 5016 Juligtn
2931 4940 3248 5016 Africanum
3284 4954 3410 5016 eum
3454 4936 3714 5016 appellat.

2117 5014 2406 5073 ‘Przeterea
2433 5008 2777 5071 Christianus
2809 5011 2928 5072 fuit,
2958 5026 3081 5065 cum
3111 5009 3251 5064 alter
3274 5008 3548 5063 Gestorum
3584 5009 3718 5062 scri-

2139 5100 2262 5158 ptor
2285 5087 2504 5159 gentilis
2535 5085 2717 5159 fu_erit,
2751 5091 2812 5159 u_t
2838 5096 2902 5136 ex
2937 5089 3258 5159 argumento
3296 5078 3416 5159 _ej_u_s
3449 5078 3712 5158 libroruin

2138 5149 2543 5226 satis'apparet.
2567 5155 2696 5210 Fuit
2723 5153 2885 5207 etiam
2914 5149 3054 5206 alter
3079 5149 3712 5226 Julius‘Africanus,qui

2137 5218 2439 5282 librum-De
2470 5227 2652 5280 bellico
2685 5235 2947 5292 apparatu
2979 5221 3322 5287 conscripsit.
3358 5218 3459 5292 Qui
3489 5219 3711 5292 quidem

2137 5299 2275 5352 liber
2308 5299 2360 5352 iu
2395 5288 2765 5365 manuscripto
2794 5295 2982 5367 codice
3013 5292 3376 5367 bibliothcc:e_
3390 5288 3572 5367 [legite
3603 5290 3712 5367 Ke-

2137 5370 2274 5423 στοί
2303 5367 2640 5430 inscribitur,
2675 5359 2855 5429 'atque
2898 5365 2969 5417 ita
3023 5363 3221 5417 citatur
3266 5377 3295 5413 a
3342 5359 3610 5430 Politiano
3655 5359 3710 5410 in

2137 5429 2703 5508 Miscellaneisasane
2745 5433 3018 5508 Grieciiin
3060 5431 3402 5508 prajligendis
3445 5429 3706 5508 librarium

2136 5511 2306 5563 titulis
2353 5507 2624 5561 ambitiosi
2660 5507 2896 5560 fuerunt.
2931 5503 3203 5575 Κεστούς
3239 5503 3420 5566 itaque
3452 5503 3708 5575 videntur

2134 5594 2358 5634 vocasse
2388 5579 2573 5638 libros,
2597 5576 2689 5646 qui
2714 5575 2996 5641 multiplici
3022 5573 3291 5646 variarum
3318 5573 3708 5646 rerntnﬂcogni-

2133 5653 2280 5704 tione
2320 5647 2503 5702 referti
2545 5636 2746 5707 essent,
2782 5636 2954 5698 instar
3003 5645 3125 5715 cesti
3149 5682 3162 5701 ,
3195 5639 3284 5715 qui
3319 5640 3457 5705 apud
3487 5636 3708 5715 Gnaeos

2130 5723 2356 5774 balteum
2391 5718 2715 5786 variegatam
2745 5716 3032 5786 signilicat.
3059 5711 3342 5768 Abeadcm
3380 5722 3540 5762 causa
3577 5709 3707 5761 dicti

2127 5801 2253 5849 sunt
2275 5783 2570 5847 Clementis
2599 5783 2980 5856 Στρωματεῑς.
