4222 6386
517 383 615 437 591

1256 379 1519 436 EUSEBII
1560 376 2033 432 CAESARIENSIS
2071 375 2220 432 OPP.
2263 377 2442 432 PARS
2481 379 2522 433 Ι.
2563 411 2632 419 -
2672 375 3060 433 1118ΤΟΒΙΟΑ.

3666 369 3771 424 592

514 501 756 554 omnium
792 499 988 554 famam
1019 507 1182 568 alque
1216 499 1675 553 existimationem
1726 497 1791 552 de
1844 497 2089 562 Heracla,

2195 498 2285 551 διὰ
2321 499 2518 568 πολλὴν
2550 498 2644 552 τοῦ
2684 499 2930 570 Ἠρακλᾶ
2963 499 3183 567 φήμην·
3211 493 3270 547 ὃν
3297 493 3388 546 ἐπὶ
3416 491 3595 559 λόγοις
3619 488 3772 559 φιλο·-

517 607 677 658 quem
705 591 758 643 in
791 589 1130 658 philosophia
1168 588 1399 656 aliisque
1429 587 1744 642 Grtccorum
1793 587 2092 657 disciplinis

516 680 896 743 excellentem,
931 679 997 734 ad
1027 678 1398 748 episcopatum
1427 676 1810 731 Alexandrina:
1833 677 2091 732 Ecclesia:

516 780 829 839 provectum
858 768 1026 824 fuisse
1067 783 1230 836 supra
1264 767 1570 821 docuimus.
1630 765 1815 820 Altera
1871 782 2091 837 quoque

515 855 757 928 ejusdem
813 859 1056 913 Africani
1099 867 1278 912 exstat
1326 857 1555 926 epistola
1585 857 1649 911 ad
1680 857 1996 925 Aristidem,
2025 859 2092 913 de

516 951 853 1006 dissensione
893 965 1013 1020 qua:
1067 951 1282 1004 videtur
1335 964 1459 1004 esse
1499 949 1642 1002 inter
1687 947 1998 1003 Matthmum
2038 957 2094 1004 et

516 1041 714 1097 Lucam
746 1044 797 1096 in
831 1043 998 1111 stirpe
1042 1041 1245 1096 Christi
1280 1041 1586 1095 referenda.
1625 1038 1680 1092 In
1717 1055 1821 1109 qua
1861 1055 2092 1110 evange-

517 1135 765 1188 listarum
833 1148 1165 1188 consensum
1231 1132 1575 1202 apertissime
1628 1133 1966 1187 demonstrat
2022 1147 2089 1187 ex

517 1226 832 1280 narratione
859 1225 1093 1294 quadam
1143 1240 1307 1295 quam
1343 1240 1371 1278 a
1421 1223 1718 1291 majoribus
1765 1235 2083 1294 acceperat:

515 1336 677 1389 quam
703 1330 757 1374 et
789 1319 1018 1386 nosjam
1043 1328 1200 1372 antea
1233 1317 1285 1370 in
1319 1317 1495 1387 primo
1524 1318 1685 1388 hujus
1713 1317 1896 1386 Operis
1927 1317 2086 1384 libro,

517 1427 615 1467 suo
653 1411 772 1466 loco
803 1409 1153 1465 inseruimus.

1067 1563 1298 1620 CAPUT
1328 1563 1546 1619 XXXII.

524 1675 662 1744 Quot
691 1685 737 1730 et
769 1691 897 1746 quos
945 1673 1196 1742 Origenes
1227 1673 1484 1755 (Imaona:
1517 1673 1578 1754 in
1607 1671 1896 1728 Palwstina
1929 1673 2088 1728 Com-

1031 1755 1316 1798 mentartos
1343 1755 1571 1812 scnpsu.

2195 591 2378 660 σόφοις
2407 593 2500 645 καὶ
2528 594 2640 653 τοῖς
2671 592 2850 655 ἄλλοις
2898 590 3163 661 Ἑλλήνων
3196 585 3508 658 μαθήμασιν
3538 579 3598 635 εὖ
3628 580 3774 652 μάλα

2190 683 2578 754 διαπρέψαντα,
2615 683 2716 753 τὴν
2754 681 3058 751 ἐπισκοπὴν
3085 679 3184 750 τῆς
3222 675 3408 731 αὑτόοι
3447 671 3772 743 Ἐκκλησίας

2191 774 2594 845 ἐγχειρισθῆναι
2621 772 2990 844 ἐδηλώσαμεν.
3019 772 3128 824 Καὶ
3169 769 3336 840 ἑτέρα
3369 766 3428 819 δὲ
3469 763 3562 818 τοῦ
3605 758 3771 815 αὑτοῦ

2205 865 2530 938 Ἀφρικανοῦ
2558 865 2782 937 φέρεται
2809 863 3064 935 ἐπιστολὴ
3091 861 3227 934 πρὸς
3261 856 3618 932 Ἀριστείδην,
3643 853 3773 924 περὶ

2190 958 2288 1029 τῆς
2326 957 2687 1029 νομιζομένης
2732 956 3026 1026 διαφωνίας
3073 955 3180 1008 τῶν
3217 952 3368 1022 παρά
3410 948 3676 1017 Ματθαίῳ
3713 962 3772 998 τε

2191 1050 2284 1102 καὶ
2311 1050 2494 1120 Λουκᾷ
2515 1047 2608 1100 τοῦ
2637 1047 2874 1119 Χριστοῦ
2903 1043 3280 1114 γενεαλογιῶν·
3306 1044 3363 1094 ἐν
3459 1037 3773 1107 σαφέστατα

2189 1142 2290 1212 τὴν
2343 1139 2661 1211 συμφωνίαν
2711 1139 2819 1191 τῶν
2867 1134 3266 1205 εὑαγγελιστῶν
3317 1130 3667 1203 παρίστησιν,
3711 1123 3772 1190 ἐξ

2193 1233 2433 1302 ἱστορίας
2473 1233 2552 1294 είς
2591 1230 2753 1283 αὐτὸν
2796 1227 3184 1295 κατελθουσης,
3216 1225 3282 1295 ῆν
3328 1219 3470 1275 κατά
3493 1216 3680 1287 καιρὸν
3713 1217 3772 1267 ὲν

2192 1325 2270 1395 τῷ
2311 1323 2512 1395 πρώτῳ
2560 1323 2662 1392 τῆς
2711 1323 2849 1394 μετά
2895 1323 3084 1391 χεῖρας
3126 1315 3434 1376 ὑποθέσεως
3484 1305 3772 1383 προλαϐὼν

2195 1414 2478 1486 ἐξεθέμην.

2697 1568 3092 1624 ΚΕΦΑΛΑῙΟΝ
3125 1565 3250 1620 AB’.

2198 1683 2338 1737 Τίνα
2382 1682 2682 1753 Ὠριγένης
2725 1681 2799 1753 λέν
2845 1680 3171 1753 Καισαρςζᾳ
3193 1676 3328 1753 -τῆς
3362 1673 3773 1753 ῇᾳλαιστίνης

2551 1751 2893 1821 ἐξηγήσατο
2916 1751 3056 1822 (Nic.
3083 1748 3156 1804 Η.
3185 1748 3249 1802 Ε.
3283 1763 3333 1812 v,
3361 1749 3479 1820 l9).

582 1898 690 1957 Per
721 1902 835 1956 haec
880 1909 1126 1971 tempora
1165 1898 1428 1968 Origenes
1478 1899 1534 1953 in
1585 1897 1782 1953 Isaiam
1836 1898 1998 1953 simul
2033 1908 2088 1954 et

2258 1909 2369 1963 Καὶ
2415 1906 2676 1980 Ὠριγένει
2735 1905 2792 1959 δὲ
2821 1903 2961 1958 καιά
2995 1902 3182 1956 τοῦτον
3225 1901 3317 1954 τὸν
3356 1899 3546 1972 χρόνον
3581 1897 3650 1952 τὰ
3693 1883 3784 1960 είς

515 1992 852 2050 Ezechielem
910 1990 1330 2047 Commentarios
1379 1992 1704 2060 composuit.
1751 1991 1830 2044 Ex
1886 1991 2082 2060 quibus

514 2084 570 2138 in
599 2084 813 2139 tertiam
843 2082 1060 2152 quidem
1093 2091 1306 2150 partem
1327 2079 1504 2147 Isaias,
1537 2095 1707 2151 usque
1734 2085 1799 2135 ad
1834 2080 2093 2135 visionem

515 2176 662 2230 illam
688 2175 1100 2245 quadrupedum
1135 2175 1192 2228 in
1221 2173 1538 2239 solitudine,
1585 2173 1807 2242 triginta
1859 2172 1929 2226 ad
1990 2186 2094 2228 nos

513 2268 784 2321 volumina
819 2274 1192 2336 pervenerunt
1222 2279 1238 2319 :
1275 2265 1328 2318 in
1359 2265 1705 2320 Etechielem
1750 2277 1882 2319 vero
1928 2263 2093 2333 quin-

513 2373 618 2424 que
668 2366 723 2414 et
774 2356 988 2428 viginti,
1048 2364 1250 2424 pra:ter
1294 2370 1414 2425 qua:
1467 2356 1627 2426 231
1675 2355 1730 2409 in
1776 2355 2090 2409 universum

513 2450 660 2504 hunc
687 2447 1010 2517 prophetam
1041 2447 1175 2501 nihil
1209 2447 1452 2517 scripsit.
1481 2448 1692 2502 Interea
1745 2461 1868 2501 cum
1917 2447 2091 2500 Athe-

519 2537 604 2594 nis
635 2549 964 2604 moraretur,
1013 2539 1441 2594 commentarios
1478 2538 1696 2609 quidem
1744 2539 1800 2592 in
1835 2537 2091 2592 Ezechie-

514 2632 616 2687 lem
638 2630 870 2686 absolvit
895 2649 909 2685 :
941 2630 1220 2685 inchoavit
1249 2638 1430 2684 autem
1456 2631 1850 2701 expositionem
1873 2631 1928 2684 in
1952 2629 2093 2684 Can-

516 2727 680 2778 ticum
710 2723 1060 2786 canticorum,
1091 2737 1256 2792 quam
1290 2723 1356 2777 ad
1385 2723 1634 2792 quintum
1681 2738 1852 2793 usque
1888 2723 2090 2779 librum

459 2822 469 2838 '
516 2816 718 2871 ibidem
753 2829 922 2885 agens
948 2814 1224 2884 produxit.
1252 2815 1460 2870 Deinde
1485 2813 1784 2870 Caesaream
1811 2829 2088 2882 reversus,

514 2922 654 2978 opus
679 2905 808 2962 illud
840 2907 1023 2962 decem
1055 2906 1276 2961 omnino
1320 2907 1481 2962 libris
1519 2909 1972 2977 comprehensum
2018 2907 2086 2962 ad

515 2997 722 3053 exitum
749 2997 1017 3067 perduxit.
1049 2997 1248 3052 Verum
1283 2998 1413 3068 quid
1443 2999 1636 3057 attinet
1681 3000 1786 3054 hoc
1819 2999 1944 3054 loco
1973 3013 2092 3054 om-

515 3091 664 3146 nium
699 3090 857 3161 hujus
899 3089 1003 3144 viri
1043 3089 1308 3144 librorum
1341 3100 1664 3146 accuratum
1729 3091 1965 3147 indicem
2012 3101 2092 3146 te-

513 3180 685 3236 sere?
722 3196 846 3234 cum
874 3180 926 3233 id
963 3179 1242 3249 proprium
1277 3193 1417 3249 opus
1448 3179 1762 3244 desideret,
1789 3179 2020 3250 jamque
2060 3193 2091 3233 a

2193 1999 2286 2054 τὸν
2334 1992 2579 2062 Ἡσαΐαν,
2616 1999 2674 2052 ὲν
2719 1996 2900 2068 ταύτῷ
2937 1995 2994 2048 δὲ
3027 1995 3121 2048 καὶ
3153 1991 3223 2046 τά
3255 1993 3333 2055 είς
3374 1991 3466 2044 τὸν
3519 1986 3774 2058 Ἱεζεκιὴλ

2195 2091 2548 2145 συνετάττετο
2569 2107 2583 2120 ’
2608 2083 2684 2143 ὧν
2704 2090 2783 2152 είς
2806 2088 2905 2159 μὲν
2925 2087 2988 2140 τὸ
3009 2085 3191 2156 τρίτον
3220 2083 3384 2155 μέρος
3413 2080 3507 2135 τοῦ
3550 2074 3774 2134 Ἡσαΐου

2197 2183 2358 2254 μέχρι
2378 2183 2476 2252 τῆς
2498 2180 2743 2252 ὁράσεως
2765 2180 2873 2231 τῶν
2895 2175 3239 2246 τετραπόδων
3253 2173 3362 2226 τῶν
3386 2174 3443 2227 ὲν
3462 2173 3528 2243 τῇ
3559 2172 3772 2242 ἐρήμῳ,

2191 2274 2486 2346 τριάκοντα
2533 2275 2612 2336 είς
2668 2271 2816 2342 ἡμᾶς
2861 2266 3152 2340 περιῆλθον
3205 2265 3384 2336 τόμοι.
3434 2265 3529 2327 Είς
3573 2261 3631 2315 δὲ
3680 2261 3774 2315 τὸν

2208 2365 2466 2436 Ἰεζεκιὴλ
2500 2364 2660 2417 πέντε
2699 2363 2794 2417 καὶ
2826 2362 3055 2422 εἴκοσιν,
3087 2357 3181 2422 οὒς
3228 2358 3324 2410 καὶ
3357 2355 3550 2428 μόνους
3576 2355 3655 2418 εἰς
3681 2353 3773 2406 τὸν

2195 2458 2372 2511 πάντα
2413 2457 2711 2526 πεποίηται
2750 2454 3056 2524 προφήτην.
3100 2450 3393 2520 Γενόμενος
3425 2447 3481 2502 δὲ
3522 2445 3774 2517 τηνικάδε

2194 2548 2252 2600 ὲν
2289 2546 2561 2617 Ἀθήναις,
2602 2543 2848 2616 περαίνει
2874 2542 2970 2613 μὲν
3010 2541 3078 2595 τὰ
3109 2543 3195 2606 είς
3211 2537 3319 2592 τὸν
3346 2535 3634 2604 Ἰεζεκιὴλ,
3663 2533 3775 2587 τῶν

2193 2640 2250 2695 δὲ
2267 2642 2353 2705 είς
2375 2639 2439 2692 τὸ
2471 2640 2672 2708 ’ᾼσμα
2702 2636 2820 2690 τῶν
2854 2633 3140 2704 ᾀσμάτων
3171 2633 3424 2704 ἄρχεται,
3451 2628 3542 2682 xui.
3563 2625 3776 2700 πρόεισί

2192 2749 2256 2802 γε
2281 2729 2468 2785 αὐτόοι
2514 2729 2675 2800 μέχρι
2719 2728 2970 2799 πέμπτου
3017 2725 3466 2796 συγγράμματος.
3515 2719 3774 2772 Ἐπανελ-

2195 2822 2303 2876 θὼν
2336 2822 2393 2873 δὲ
2436 2821 2529 2875 ἐπὶ
2580 2819 2678 2890 τὴν
2725 2818 3084 2890 Καισάρειαν,
3130 2817 3222 2868 καὶ
3267 2813 3440 2866 ταῦτα
3483 2812 3563 2874 είς
3601 2809 3776 2881 πέρας

2192 2914 2325 2968 δέκα
2367 2913 2495 2967 ὄντα
2520 2911 2610 2966 τὸν
2642 2911 2875 2983 ἀριθμὸν
2908 2911 3050 2979 ἄγει.
3093 2908 3159 2960 Τί
3193 2905 3273 2958 δεῖ
3302 2903 3410 2956 τῶν
3442 2903 3616 2970 λόγων
3647 2901 3778 2954 τάν-

2193 3005 2318 3076 δρὸς
2348 3005 2440 3058 ἐπὶ
2473 3004 2567 3057 τοῦ
2603 3003 2872 3074 παρόντος
2912 3002 3002 3056 τὸν
3037 2999 3238 3071 ἀκριϐῆ
3272 2995 3570 3064 κατάλογον
3606 2994 3778 3046 ποιεῖ-

2195 3099 2340 3164 σθαι,
2380 3099 2517 3162 ἰδίας
2560 3097 2811 3168 δεόμενον
2855 3096 3081 3167 σχολῆς;
3132 3096 3228 3147 Ὃν
3267 3093 3359 3146 καὶ
3386 3087 3775 3161 ἀνεγράψαμεν

2194 3187 2286 3242 ἐπὶ
2306 3186 2417 3257 τῆς
2432 3187 2537 3241 τοῦ
2563 3186 2878 3256 Παμφίλου
2900 3187 3046 3250 βίου
3067 3184 3180 3247 (75)
3205 3181 3298 3235 τοῦ
3316 3181 3596 3252 καθ’ήμᾶς
3625 3176 3776 3250 ίεροῦ

517 3279 678 3334 nobis
715 3278 1014 3372 praestitum
1043 3278 1114 3331 sit
1141 3277 1194 3330 in
1221 3276 1366 3332 libro
1383 3291 1546 3347 quem
1575 3274 1652 3331 De
1685 3275 1971 3344 Pamphili,
1995 3274 2088 3345 qui

2197 3280 2472 3352 μάρτυρος
2509 3277 2624 3348 (76)
2656 3276 3024 3346 ἀναγραφῆς,
3059 3278 3116 3329 ὲν
3250 3274 3347 3346 τὴν
3389 3273 3514 3344 περὶ
3541 3271 3611 3326 τά
3655 3271 3774 3368 θεῖα

515 3381 700 3428 nostra
753 3379 912 3427 aetate
957 3358 1247 3441 presbyter
1302 3369 1447 3423 idem
1479 3384 1544 3423 ac
1572 3379 1782 3439 martyr
1828 3367 1951 3432 fuit,
1988 3370 2091 3420 vita

2198 3370 2431 3442 σπουδὴν
2458 3369 2551 3423 τοῦ
2579 3368 2865 3439 Παμφίλου
2895 3367 3068 3436 ὁπόση
3092 3383 3177 3429 τις
3199 3365 3433 3433 γεγόνει,
3469 3358 3776 3432 παριστῶν-

515 3464 962 3534 conscripsimus.
996 3462 1096 3517 Ubi
1121 3478 1246 3516 cum
1274 3463 1507 3532 probare
1535 3461 1801 3517 vellemus
1823 3473 2086 3531 quantum

515 3553 785 3624 Pamphili
819 3554 1060 3610 studimn
1096 3569 1224 3623 erga
1261 3554 1478 3609 divinas
1518 3554 1728 3610 litteras
1758 3553 1973 3619 fuisset,
2007 3555 2092 3607 in-

514 3645 663 3701 dices
694 3645 955 3699 librorum
1003 3654 1117 3698 tum
1151 3643 1426 3715 Origenis,
1463 3654 1578 3700 tum
1619 3645 1849 3700 aliorum
1899 3644 2089 3700 Eccle-

517 3736 612 3790 sia:
655 3735 989 3804 scriptorum
1037 3750 1177 3804 quos
1225 3737 1313 3791 ille
1367 3737 1728 3808 undecunque
1773 3737 2089 3807 collegerat,

515 3827 884 3880 exhibuimus.
921 3826 998 3880 Ex
1029 3827 1227 3894 quibus
1251 3829 1565 3898 quicunque
1600 3829 1860 3893 voluerit,
1896 3829 2094 3884 certis-

515 3918 652 3972 sime
679 3918 879 3985 poterit
905 3932 1236 3987 cognoscere
1266 3933 1514 3988 qutenam
1543 3936 1607 3974 ex
1635 3921 1890 3991 Origenis
1916 3921 2093 3990 operi-

517 4013 624 4064 hns
651 4010 718 4062 ad
750 4024 847 4062 nos
882 4023 1052 4078 usque
1091 4011 1466 4077 pervenerint.
1519 4011 1677 4068 Nunc
1722 4027 1851 4066 vero
1881 4013 1948 4067 ad
1979 4013 2094 4066 his-

519 4101 672 4156 toriae
701 4100 900 4155 seriem
927 4102 1233 4156 redeamus.

585 4365 864 4439 (75)_"0r_
881 4367 980 4421 καὶ
1009 4364 1437 4439 ἀνεγράψαμειί
1467 4365 1566 4420 ἐπὶ
1596 4366 1705 4436 τῆς
1740 4367 1845 4422 τοῦ
1875 4369 2101 4439 Παμφί-

515 4434 631 4491 λου
650 4434 866 4508 βίου.Τ
874 4453 958 4492 res
981 4434 1148 4491 libros
1173 4434 1248 4490 oe
1274 4434 1377 4490 vita
1399 4434 1664 4505 Pamphili
1696 4442 1943 4508 martyris
1961 4434 2100 4495 scri-

517 4509 627 4576 psit
655 4507 945 4571 Eusebius,
971 4517 1026 4562 et
1055 4508 1272 4576 quidem
1301 4508 1756 4576 elegantissimos,
1782 4507 2094 4565 nt’testatur

517 4577 884 4647 Hieronymus
916 4579 969 4632 in
1003 4575 1340 4646 Apologetico
1365 4591 1380 4629 ι
1401 4575 1668 4630 adversus
1696 4576 1968 4645 Ruﬁnum,
2003 4579 2092 4633 nbi

513 4649 692 4718 etiam
713 4651 1076 4718 l'ragmentum
1106 4661 1170 4700 ex
1202 4649 1362 4700 tertio
1395 4647 1513 4718 ejus
1540 4649 1724 4716 operis
1755 4648 1895 4702 libro
1919 4649 2091 4704 addu-

513 4717 609 4786 cit.
655 4716 980 4786 Eoruindem
1031 4717 1290 4771 librorum
1352 4716 1600 4770 meminit
1639 4719 1691 4772 in
1742 4718 1968 4786 epistola
2025 4719 2094 4772 ad

516 4785 850 4843 Marcellam.
882 4785 1052 4840 Porro
1085 4787 1152 4856 fin
1181 4787 1340 4841 tertio
1369 4787 1510 4840 libro
1551 4787 1628 4840 De
1672 4785 1789 4840 vita,
1826 4787 2094 4856 Pamphili

516 4857 787 4924 ntartyris,
813 4856 1040 4909 indicem
1068 4855 1316 4922 Origenis
1349 4857 1608 4911 librorum
1634 4858 1893 4912 retulerat
1919 4855 2087 4913 Ense-

516 4923 1035 4999 lti_tts.’Hieronymus
1051 4927 1102 4999 in
1119 4927 1459 4999 Apologetico
1479 4944 1516 4980 ιι
1533 4927 1783 4980 adversus
1807 4927 2053 4999 Rufinum
2074 4942 2094 4980 :

523 4993 785 5066 Numera,
823 4997 1034 5066 inquit,
1067 4993 1317 5048 librorum
1351 4997 1464 5064 ejus
1495 4999 1716 5066 indices,
1745 5000 1835 5066 qui
1863 4993 1916 5052 in
1940 5000 2092 5051 tertio

515 5063 772 5138 volumine
812 5064 1057 5127 Eusebii,
1110 5066 1166 5138 in
1205 5081 1308 5133 quo
1358 5063 1536 5120 scribit
1583 5063 1766 5120 Vitam
1803 5067 2092 5138 Pamphili,

516 5136 884 5187 continentur:
907 5145 953 5207 et
981 5151 1084 5188 non
1111 5135 1229 5188 dico
1255 5151 1346 5188 sex
1381 5139 1576 5201 millia,
1601 5139 1691 5189 sed
1723 5135 2091 5207 tertiam—par-

517 5212 620 5256 tem
658 5219 760 5254 non
787 5205 1030 5272 reperies.

589 5272 702 5343 (76)
742 5271 927 5345 Ἰεροᾉῦ
955 5271 1278 5345 μάρτυρος.
1306 5271 1510 5339 Recte,
1545 5290 1666 5330 meo
1695 5277 1911 5345 quidem
1949 5276 2095 5343 judi-

515 5343 621 5418 cio,
658 5345 816 5396 codd.
851 5343 1134 5418 hledicacus
1162 5356 1219 5418 et
1235 5344 1370 5398 Fuk.
1394 5347 1636 5400 scribunt
1663 5343 1765 5400 una
1791 5363 1924 5418 voce
1951 5349 2095 5418 ἱερο-

520 5413 818 5486 μάρτυρος.
842 5415 931 5467 δίο
965 5424 1144 5467 autem
1181 5413 1351 5468 Graeci
1379 5427 1568 5470 vocant
1599 5432 1691 5470 eos
1721 5417 1811 5485 qui
1846 5413 2095 5472 sacerdo-

520 5485 780 5554 tes'simul
811 5495 866 5536 et
889 5497 1154 5554 martyres
1180 5485 1414 5554 luerunt,
1441 5496 1498 5537 ut
1519 5498 1666 5554 patet
1685 5504 1748 5541 ex
1775 5486 2093 5542 Griecorum

519 5551 856 5622 Meriologiis.
885 5551 1175 5625 Cutn'ergn
1209 5551 1534 5622 Pamphilus
1552 5559 1834 5625 presbyter
1865 5558 2004 5610 idem
2038 5566 2093 5610 et

518 5635 726 5695 martyr
774 5624 970 5687 fuerit,
1005 5626 1198 5676 merito
1245 5625 1575 5695 ίερομάρτυς
1623 5624 1947 5695 appellatur.
1999 5626 2092 5681 Sic

515 5693 750 5763 etia_m_in
770 5695 1013 5760 sequenti
1037 5696 1217 5760 capite
1242 5693 1501 5763 scriptum
1528 5693 1730 5750 habent
1765 5696 1924 5750 codd.
1947 5695 2086 5750 Med.
2137 5711 2146 5722 ·

514 5772 569 5816 et
598 5760 734 5816 Fuk.
767 5763 941 5818 (ilicei
975 5775 1203 5834 quatuor
1229 5760 1428 5820 habent
1460 5773 1762 5834 martyrum
1787 5781 2008 5836 genera,
2035 5779 2091 5821 ut

2193 3479 2306 3527 τες,
2338 3462 2438 3533 τῆς
2489 3460 2850 3532 συναχθείσης
2881 3457 3028 3529 αὑτῷ
3058 3457 3168 3511 τῶν
3209 3474 3269 3509 τε
3325 3453 3633 3526 Ὡριγένους
3683 3451 3776 3504 καὶ

2195 3555 2304 3610 τῶν
2331 3556 2504 3610 ἄλλων
2527 3551 2996 3626 ὲκκλησιαστικῶν
3031 3549 3391 3622 συγγραφέων
3428 3546 3775 3618 βιϐλιοθήκης

2197 3649 2324 3712 τοὺς
2367 3649 2602 3711 πίνακας
2639 3646 2977 3718 παρεθέμην.
3031 3643 3122 3708 Ἐξ
3160 3637 3234 3696 ὧν
3270 3643 3376 3712 ὅτῳ
3417 3640 3566 3709 φίλον
3607 3637 3775 3708 πάρε-

2201 3757 2318 3794 στιν
2345 3739 2701 3793 ὲντελέστατα
2732 3738 2845 3808 (77)
2881 3737 2990 3790 τῶν
3042 3733 3349 3807 Ὠριγένους
3390 3731 3566 3784 πόνων
3598 3728 3666 3781 τά
3694 3729 3774 3789 είς

2197 3832 2344 3903 ἡμᾶς
2374 3830 2597 3885 ὲλθὸντα
2622 3829 2937 3898 διαγνῶναι.
2965 3825 3103 3881 Νυνὶ
3130 3825 3186 3881 δὲ
3216 3822 3508 3895 πορευτέον
3545 3819 3640 3873 ἐπὶ
3673 3818 3774 3890 τὴν

2198 3923 2298 3993 τῆς
2331 3921 2574 3993 ἱστορίας
2601 3919 2942 3974 ἀκολουθίαν.

2136 4375 2179 4430 1)
2209 4384 2273 4438 ex
2292 4382 2478 4422 eorum
2504 4369 2816 4438 Menologiis
2838 4367 3128 4438 colligitur.
3150 4365 3421 4433 Quosdam
3440 4363 3583 4420 enim
3607 4379 3776 4438 μεγα-

2207 4437 2556 4510 λομάρτυρας
2583 4436 2797 4510 vocant,
2829 4441 2878 4493 id
2907 4436 3011 4503 esi,
3043 4453 3258 4510 magnos
3285 4445 3560 4510 martyres,
3594 4436 3772 4510 qualis

2204 4507 2287 4580 est
2321 4507 2640 4580 Demetrius,
2666 4509 2930 4580 Georgius
2958 4525 3021 4563 ac
3046 4507 3380 4580 Theodorus.
3406 4507 3554 4580 Alios
3577 4509 3770 4580 vocant

2195 4579 2622 4651 όσιομάρτυρας,
2653 4573 2840 4651 κίοι-ΒΓ
2858 4581 3026 4649 gratia
3073 4577 3426 4651 Niconem___et
3470 4575 3624 4651 alios.
3661 4573 3772 4651 Alii

2195 4644 2463 4704 Vocantur
2501 4644 2900 4721 ’ἱερομάρτυρες
2922 4689 2937 4712 ,
2971 4661 3238 4721 martyres
3267 4645 3472 4700 scilicet
3516 4645 3604 4713 ιιιιὶ
3648 4644 3768 4721 cpio

2197 4721 2396 4786 scopali
2430 4714 2582 4788 apice
2605 4714 2845 4772 decoraii
2871 4728 3016 4772 sunt.
3050 4714 3320 4788 interdum
3341 4714 3770 4788 tamenipgesby-

2199 4781 2342 4842 teros
2389 4781 2478 4843 sic'
2511 4789 2806 4857 appellant.
2851 4788 3010 4842 Certe
3052 4783 3106 4836 in
3143 4781 3554 4857 Typicosancti
3589 4781 3768 4857 S_aba-,

2196 4859 2287 4912 die
2313 4858 2383 4936 ἐξ
2415 4853 2898 4936 θίιιιςιῖἰιόιιυιτὶιυιί
2922 4853 3768 4936 [ωηιξη-τοῦ-ἀγίουιίερομάρτυ-

2199 4945 2288 4998 ρος
2312 4928 2592 4982 Βασιλείου
2628 4925 3019 4999 πρεσϐυτέρου.
3041 4924 3250 4999 Reliqui
3276 4924 3768 4999 simpliciter-mar-

2197 4991 2336 5066 iyres
2373 5001 2627 5052 dicuntur
2657 4991 2686 5050 a
2717 4991 2945 5051 Grzccis.
2979 4996 3072 5048 Est
3095 4991 3429 5066 etiam_apud
3456 5007 3551 5047 eos
3579 4991 3769 5066 lit_t_i_lns

2197 5059 2685 5139 πρωτομάρτυρος,
2708 5068 2800 5139 qui
2827 5067 3130 5139 communis
3145 5074 3234 5139 est
3250 5059 3532 5139 Stephano
3548 5076 3612 5115 ac
3631 5059 3768 5139 ’ψιθ-

2197 5131 2313 5193 οιὶε.
2344 5131 2478 5192 Nam
2499 5131 2889 5191 ut'interviros
2911 5135 3115 5204 primus
3142 5133 3471 5201 Stephanus,
3493 5135 3569 5185 sic
3595 5131 3770 5204 prima

2197 5208 2344 5262 inter
2398 5209 2629 5262 feminas
2657 5205 2857 5260 Thecla
2901 5199 3163 5273 martyrio
3210 5199 3476 5273 coronata
3510 5210 3613 5273 est.
3650 5199 3756 5254 (la-.-

2199 5286 2372 5332 terum
2411 5294 2613 5348 quanto
2662 5281 2770 5331 sint
2806 5268 3164 5348 elegantiores
3193 5273 3412 5348 Latinis
3439 5270 3614 5348 Graeci
3640 5309 3654 5330 ,
3686 5268 3770 5348 vel

2195 5361 2258 5400 ex
2293 5351 2395 5403 hoc
2429 5342 2658 5417 apparet
2683 5387 2697 5411 ,
2737 5348 2879 5414 quod
2932 5345 3073 5414 apud
3107 5343 3329 5417 Graecos
3369 5342 3563 5417 singuli
3594 5342 3770 5417 sancti

2196 5432 2291 5472 sua
2329 5412 2528 5472 habent
2561 5412 2822 5484 epitheta,
2870 5412 3066 5485 quibus
3098 5413 3253 5483 quasi
3296 5412 3468 5465 titulis
3505 5413 3771 5466 ornantur

2195 5500 2260 5541 ac
2291 5488 2712 5557 distinguuntur.
3108 5555 3120 5557 _
3148 5554 3157 5557 _
3208 5553 3236 5557 __
3497 5551 3507 5557 .
3665 5501 3670 5504 ’

2265 5557 2377 5628 (77)
2402 5551 2865 5628 κ’[ἷντελέστατα.
2905 5553 3328 5628 ίΑιΙτειιιῑιιῐίιει·
3365 5551 3629 5628 ΔΡοςίιιιιῐι
3689 5555 3775 5600 est

2197 5623 2742 5700 more'Grmcorum,
2775 5627 2919 5700 quod
2961 5638 3161 5700 tamen
3210 5641 3308 5678 nec
3358 5623 3630 5678 Musculus
3675 5633 3773 5673 nec

2195 5697 2725 5770 Christophorsonus
2760 5696 3284 5752 animadverterunt.
