4222 6398
542 246 650 302 603

1288 245 1556 305 EUSEBII
1596 246 2073 304 CJIZSARIENSIS
2111 247 2261 303 OPP.
2303 246 2483 302 PARS
2519 246 2562 302 ι..
2602 279 2672 293 -
2707 246 3097 304 ΙΗΞΤΟΒΙΕΑ.

3700 247 3804 309 6M

543 368 830 428 grassante
878 360 1144 417 adversus
1171 375 1257 415 me
1308 364 1711 432 persecutione.
1751 362 1964 435 Vixque
2006 372 2126 431 post

2227 379 2341 416 νειν
2357 362 2455 434 (Ι).
2478 362 2590 416 Kai.
2624 362 2775 433 μόλις
2801 362 2939 434 μετά
2963 363 3071 435 τὴν
3090 364 3357 436 τετάρτην
3377 364 3595 437 ἡμέραν
3614 366 3801 421 κελεύ-

545 456 692 509 dient
739 464 1020 524 quartum,
1053 469 1175 509 cum
1223 453 1364 509 Deus
1415 456 1546 510 mihi
1578 465 1638 510 ut
1668 457 1775 510 alio
1830 457 2120 528 migrarem

545 548 916 616 praecepisset,
931 562 996 600 ac
1023 555 1218 615 praeter
1236 546 1547 615 opinionem
1572 548 1815 601 omnium
1836 548 1976 602 viam
1995 564 2123 617 ape-

546 640 770 705 ruisset,
793 653 895 710 ego
919 648 975 694 et
1006 637 1217 702 famuli,
1253 638 1517 706 multique
1549 655 1615 693 ex
1666 639 1924 694 fratribus
1963 640 2123 695 simul

545 732 748 799 egressi
788 746 997 785 sumus.
1033 731 1211 801 Atque
1260 730 1315 786 id
1364 730 1559 785 divina:
1590 731 1944 799 providentiae
1987 747 2125 801 Opus

546 824 735 887 fuisse,
768 839 950 886 rerum
992 832 1226 878 eventus
1270 832 1461 893 postea
1491 823 1809 879 declaravit.
1842 824 2121 892 Siquidem

547 916 822 971 nonnullis
853 915 1089 971 fortasse
1121 917 1546 987 haudquaquam
1592 917 1813 973 inutiles
1845 918 2064 972 fuimus.
2099 937 2118 970 ι

547 1009 752 1063 Deinde
791 1009 980 1077 paucis
1014 1009 1375 1078 interpositis,
1409 1025 1620 1083 eaquae
1653 1011 1751 1079 ipsi
1786 1021 1906 1080 post
1943 1010 2121 1080 fugam

482 1152 489 1157 .
544 1101 891 1170 contigerunt
910 1100 1191 1170 subjungit
1213 1101 1299 1157 his
1315 1102 1496 1157 verbis
1515 1119 1537 1156 τ
1558 1119 1577 1153 ι
1607 1103 1715 1174 Ego
1736 1103 1954 1171 quidem
1977 1102 2123 1157 circa

544 1192 677 1247 solis
705 1208 960 1247 occasum
993 1208 1111 1257 una.
1133 1208 1256 1247 cum
1301 1195 1596 1250 comitibus
1632 1197 1767 1249 meis
1802 1212 1835 1249 a
1861 1196 2123 1250 militibus

544 1284 998 1353 comprehensus,
1044 1282 1356 1353 Taposirim
1405 1284 1701 1352 perductus
1740 1298 1882 1338 sum.
1936 1283 2128 1338 Timo-

547 1375 710 1431 thens
752 1391 908 1441 vero,
935 1375 1053 1431 Deo
1094 1377 1167 1429 ita
1210 1376 1558 1445 disponente.
1584 1386 1697 1431 tum
1741 1378 1960 1447 quidem
2014 1392 2122 1431 non

546 1466 747 1527 adfuit.
781 1483 884 1521 nec
914 1468 1345 1536 comprehensus
1372 1476 1476 1522 est.
1513 1467 1618 1522 Sed
1650 1482 1773 1523 cum
1800 1479 1992 1537 postea
2025 1469 2122 1523 ad-

544 1561 806 1624 venisset,
844 1559 1065 1613 domum
1114 1573 1341 1614 vacuam
1384 1559 1605 1629 reperit,
1641 1568 1697 1615 et
1740 1559 2003 1616 satellites
2032 1560 2123 1630 qui

544 1664 665 1703 eam
688 1650 1085 1713 custodiebant,
1109 1666 1208 1706 nos
1227 1664 1354 1705 vero
1380 1651 1433 1705 in
1458 1652 1774 1707 servitutem
1803 1652 2116 1709 abductos.»

546 1739 615 1792 lit
640 1740 923 1810 aliquanto
947 1750 1067 1811 post
1098 1759 1112 1796 :
1145 1760 1163 1793 ι
1194 1741 1455 1808 Quisnam
1493 1756 1642 1812 vero,
1678 1744 1890 1812 inquit,
1923 1744 2125 1799 divina:
2153 1723 2196 1777 Β

547 1831 691 1886 illius
717 1833 1086 1902 dispositionis
1116 1835 1251 1887 ordo
1281 1849 1345 1888 ac
1381 1833 1572 1888 modus
1597 1833 1742 1889 fuit?
1770 1833 1955 1889 Dicam
1980 1835 2124 1889 enim

544 1937 667 1991 quae
690 1936 814 1976 vera
850 1932 997 1977 sunt.
1023 1921 1341 1993 Aufugienti
1386 1932 1443 1978 et
1480 1923 1802 1993 perturbato
1836 1922 2128 1980 Timotheo

547 2014 781 2084 agrestis
808 2013 972 2086 236
991 2014 1211 2085 quidam
1231 2029 1559 2078 occurrens,
1579 2030 1802 2070 causam
1824 2014 2130 2071 festinatio-

544 2106 631 2160 nis
653 2116 1025 2176 percontatur.
1060 2106 1154 2161 llle
1183 2121 1295 2162 rem
1322 2116 1379 2161 ut
1407 2117 1528 2162 erat
1554 2108 1825 2177 exposuit.
1849 2108 2126 2170 Rusticus,

546 2211 605 2249 re
634 2195 818 2249 audita
872 2195 1159 2268 (pergebat
1211 2208 1342 2252 tunc
1383 2195 1529 2251 forte
1557 2197 1625 2251 ad
1664 2196 1909 2266 nuptiale
1942 2200 2130 2253 convi-

543 2286 713 2343 vium.
760 2287 961 2343 Solent
1007 2290 1155 2343 enim
1200 2288 1255 2343 in
1310 2288 1614 2355 huiusmodi
1668 2289 1933 2345 conviviis
1960 2299 2128 2344 totam

545 2387 762 2433 noctem
791 2378 1165 2449 pervigilare),
1207 2380 1485 2450 ingressus
1516 2395 1631 2434 rem
1659 2379 2130 2436 discumbentibus

545 2480 755 2525 narrat.
785 2470 887 2538 Qui
919 2471 1209 2527 confestim
1235 2472 1391 2542 quasi
1425 2473 1582 2543 signo
1617 2474 1767 2541 dato,
1796 2489 1988 2529 enines
2020 2488 2129 2528 uno

543 2562 749 2633 impetu
771 2572 1237 2619 consurrexerunt
1263 2582 1277 2617 :
1311 2572 1367 2617 et
1395 2565 1615 2619 concito
1639 2579 1807 2620 eursu
1838 2567 1895 2619 in
1925 2580 2025 2620 nos
2051 2566 2127 2619 ir-

545 2665 789 2721 ruentes,
815 2654 1114 2712 clamorem
1143 2654 1460 2711 ediderunt.
1491 2655 1767 2711 Continuo
1798 2655 2127 2711 satellitibus

544 2746 637 2815 qui
669 2761 767 2802 nos
801 2747 1181 2803 custodiebant
1215 2749 1269 2803 in
1297 2748 1481 2818 fugam
1508 2747 1703 2816 versis,
1734 2750 2127 2819 supervenien-

547 2847 654 2902 tes,
687 2852 808 2902 nos,
834 2844 893 2891 ut
920 2851 1157 2898 eramus.
1189 2839 1349 2893 nudis
1389 2838 1443 2892 in
1475 2838 1719 2907 grabatis
1753 2838 2001 2907 jacentes
2034 2840 2130 2895 de-

545 2928 973 2998 prehenderunt.
1001 2929 1080 2983 Ae
1103 2929 1279 2999 primo
1301 2930 1517 3000 quidem
1549 2939 1793 2999 aspectu,
1850 2931 2015 2986 Deum
2043 2939 2128 2985 te-

545 3029 686 3077 stor.
713 3020 953 3075 latrones
979 3035 1099 3075 esse
1126 3021 1445 3077 existimans
1473 3023 1564 3092 qui
1611 3024 1877 3095 spoliandi
1895 3041 1960 3080 ac
1989 3026 2126 3081 diri-

546 3113 725 3180 piendi
761 3128 927 3169 causa
960 3115 1266 3183 venissent,
1298 3133 1528 3173 manens
1549 3118 1603 3172 in
1633 3118 1834 3175 lectulo
1864 3135 1985 3175 meo
2021 3137 2125 3175 nu-

544 3207 668 3271 «ius,
691 3205 809 3260 sola
834 3215 1056 3277 opertus
1087 3208 1235 3263 linea
1257 3210 1456 3275 tunica,
1486 3211 1749 3280 reliquam
1774 3221 1977 3267 vestem
2006 3227 2127 3282 qua:

538 3297 694 3366 juxta
731 3313 818 3353 me
846 3299 1023 3369 posita
1048 3310 1170 3355 erat
1197 3302 1278 3356 eis
1311 3301 1552 3370 porrexi.
1586 3302 1660 3355 At
1690 3302 1764 3356 illi
1798 3317 2127 3372 consurgere

544 3402 632 3441 me
653 3396 709 3441 et
729 3403 891 3456 quam
916 3389 1202 3445 celerrime
1231 3390 1503 3460 proﬁcisci
1525 3392 1826 3462 jusserunt.
1856 3393 2007 3449 Tune
2031 3395 2125 3453 de-

547 3482 693 3533 mum
734 3479 1040 3552 intelligens
1085 3483 1244 3553 cujus
1275 3482 1352 3538 rei
1381 3485 1553 3553 gratia
1599 3486 1898 3551 venissent,
1925 3487 2123 3541 vocife-

545 3572 655 3626 rari
686 3573 847 3643 coepi,
873 3590 1071 3645 rogans
1103 3584 1271 3645 atque
1299 3576 1584 3631 obtestans
1623 3585 1679 3630 ut
1713 3577 1951 3645 abirent,
2000 3592 2125 3632 nos-

544 3677 652 3727 que
677 3662 792 3718 illic
816 3664 1175 3720 dimitterent.
1222 3664 1377 3734 Quod
1402 3665 1447 3720 si
1479 3666 1546 3722 de
1575 3667 1735 3722 nobis
1766 3668 1909 3724 bene
1926 3670 2125 3724 mereri

546 3754 766 3818 vellent,
791 3756 1018 3810 orabam
1050 3765 1108 3811 ut
1128 3770 1222 3813 eos
1252 3757 1343 3826 qui
1377 3773 1463 3813 me
1492 3739 1836 3816 abducebant
1866 3759 2127 3813 satellites

548 3847 934 3915 praevenirent,
966 3848 1177 3921 ipsique
1203 3860 1365 3920 caput
1397 3850 1529 3905 mihi
1556 3850 1858 3907 demerent.
1882 3848 2010 3905 Haec
2040 3865 2127 3905 me

548 3936 959 4005 vociferantem,
990 3948 1050 3993 ut
1106 3950 1306 3995 norunt
1342 3942 1379 3996 ii
1430 3945 1524 4012 qui
1576 3943 1708 3998 mihi
1752 3951 2031 3997 consortes
2070 3952 2126 3997 et

548 4029 841 4100 participes
868 4045 1237 4086 aerumnarum
1268 4034 1509 4088 omnium
1537 4034 1709 4098 fuere,
1740 4018 1966 4088 invitum
2000 4050 2122 4089 sur-

546 4136 676 4191 gere
701 4132 1019 4192 coegerunt.
1049 4125 1128 4177 Ac
1159 4139 1244 4177 me
1279 4123 1499 4192 quidem
1528 4102 1673 4195 ipse‘
1687 4125 1835 4179 humi
1865 4126 2120 4194 supinum

545 4214 739 4285 abjeci.
779 4212 859 4269 Illi
913 4229 1042 4270 vero
1078 4214 1307 4282 pedibus
1355 4216 1721 4288 manibusque
1764 4216 2123 4286 comprehen-

617 4410 1098 4481 (1)7Alwxdﬂ767'07
1138 4410 1365 4480 μένειν.
1398 4411 1453 4466 In
1493 4411 1650 4467 codd.
1680 4411 1843 4479 Mam,
1890 4411 2028 4469 Med.
2061 4424 2119 4469 et
2153 4404 2200 4460 Β

714 4479 919 4550 legitur
940 4479 1267 4553 διωκόμενον
1298 4482 1463 4554 ἔχειν,
1503 4492 1556 4537 et
1578 4483 1740 4552 patilo
1764 4493 1889 4538 ante
1923 4486 1985 4539 οὑ
2012 4484 2122 4558 γὰρ

548 4567 617 4603 επ
649 4565 889 4603 στευσεν.

547 4565 889 4605 επιστευσεν.

617 4619 693 4692 (2)
723 4621 832 4675 Καὶ
855 4624 919 4694 οἱΔ
937 4620 1166 4694 παῖδες.
1188 4619 1463 4677 Musculus
1482 4630 1543 4694 et
1588 4621 2124 4694 Christophorsonus

547 4701 834 4762 verterunt
860 4692 1207 4762 iiberi,rquod
1241 4708 1345 4746 non
1379 4692 1567 4762 probo.

618 4761 697 4832 (5)
733 4759 1049 4832 Ἀξιήντετό
1085 4759 1200 4828 τις
1244 4759 1684 4831 τὼν’χωριτῶν.
1727 4764 1783 4820 1η
1814 4765 1974 4822 codd.
2012 4765 2126 4832 Me-

546 4828 927 4908 tlic'agolhlaz.)
952 4832 1117 4908 Meda"
1146 4831 1276 4908 Fuit.
1305 4846 1360 4888 et
1395 4828 1567 4908 sum.
1602 4836 1862 4908 scribitur
1880 4828 2122 4908 ἀπήντα.

547 4900 691 4975 apud
716 4898 1005 4975 Georgium
1034 4901 1375 4975 _Syncellum
1412 4903 1709 4973 ἀπηντᾶτο,
1761 4906 1907 4975 quod
1951 4898 2125 4974 magis

550 4968 904 5049 plaCQLFDIlI
939 4968 1209 5049 ἀπήντετο
1246 4973 1409 5049 pinnis
1443 4968 1711 5049 poeticum
1769 4968 1872 5049 est).
1936 4968 2121 5049 Χωρί-

548 5056 649 5115 τας
682 5038 972 5115 indigenas
1028 5038 1191 5095 vertit
1240 5038 1801 5115 Christophorsonus;
1851 5038 2122 5115 interpres

550 5109 808 5179 Syncelh,
834 5109 1070 5173 incolas;
1096 5121 1286 5165 neuter
1318 5109 1500 5166 bene':
1561 5124 1689 5168 sunt
1742 5109 1886 5169 enim
1932 5109 2120 5171 rustici

547 5178 816 5258 homines.
864 5180 956 5234 Sic
1002 5180 1053 5232 iu
1095 5182 1341 5258 conciliis
1383 5182 1620 5258 Graecis,
1658 5186 1707 5238 oi
1759 5185 2121 5258 1&v_xwptbv

549 5247 931 5321 πρεσϐύτεροι.
968 5253 1252 5321 presbyteri
1290 5268 1547 5321 pagorum
1570 5247 1842 5309 dicuntur.
1879 5247 1984 5312 pé‘o
2012 5247 2122 5309 τῶν

548 5318 797 5390 χωριτῶν
829 5318 1247 5390 ιιοειτὶΑεοῶοεε
1276 5318 1435 5384 Μυκη
1476 5322 1613 5377 Med.
1664 5341 1728 5380 ac
1791 5325 1929 5382 Fuk.
1987 5330 2125 5382 scri-

546 5387 698 5463 ptum
729 5387 1361 5463 habetitttiiv_xwptx&iv.
1410 5392 1523 5463 Sic,
1550 5392 1902 5449 Alexandrini
1961 5411 2124 5451 voca-

544 5460 965 5533 bant_rusticos,
990 5470 1047 5514 ut
1069 5460 1267 5533 legitur
1294 5465 1347 5515 in
1382 5461 1566 5517 libello
1606 5464 1752 5533 Soph
1766 5467 1903 5520 ronii
1932 5468 2121 5521 adver-

542 5544 633 5580 sus
668 5527 981 5605 Dioscorum
1020 5527 1147 5605 ηπ(
1182 5532 1401 5605 oblatus
1430 5544 1543 5605 εει-
1573 5527 1785 5605 synodo
1827 5536 2123 5590 Chalcedo-

546 5599 721 5676 nensi,
776 5599 917 5676 pach
963 5601 1241 5671 φάλαγγος
1290 5599 1883 5676 ).ῃστρικῆς”χωρικῶν
1930 5624 1989 5661 τε
2031 5608 2123 5663 καὶ

544 5665 746 5738 ἐτέρων
779 5665 957 5725 τινῶν.

2227 454 2420 519 σαντός
2473 472 2563 525 μοι
2617 456 2945 526 μεταστῆναι
2991 454 3088 509 τοῦ
3137 455 3297 519 Θεοῦ,
3342 457 3436 510 καὶ
3488 457 3803 530 παραδόξως

2223 548 2659 618 όδοποιήσαντος,
2703 546 2815 616 ἐγώ
2847 564 2905 599 τε
2944 548 3040 601 καὶ
3070 549 3121 600 οἱ
3170 549 3357 613 παῖδες
3381 549 3455 621 (2)
3487 551 3582 603 καὶ
3623 550 3802 607 πολλοὶ

2222 640 2333 691 τῶν
2370 637 2616 707 ἀδελφῶν
2663 637 2780 707 ἃμα
2827 637 3244 710 συνεξήλθομενι
3297 641 3407 693 Καὶ
3447 641 3530 693 ὅτι
3569 640 3671 712 τῆς
3708 641 3800 696 τοῦ

2224 729 2359 783 Θεοῦ
2400 729 2658 801 προνοίας
2700 728 2859 802 ἔργον
2895 731 3069 783 ὲκείνο
3094 729 3305 800 γέγονε,
3346 730 3415 784 τὰ
3441 731 3568 803 ἑξῆς
3607 732 3804 803 ἐδήλω-

2224 838 2348 875 σεν·
2386 822 2445 874 ὲν
2490 819 2572 885 οἷς
2620 822 2761 892 τάχα
2805 822 2916 875 τισὶ
2948 823 3252 893 γεγόναμεν
3297 825 3577 896 χρήσιμοι.
3605 844 3625 878 s
3671 819 3807 881 Εἶτά

2222 931 2344 968 τινα
2381 914 2583 986 μεταξὺ
2629 914 2819 980 εἰπὼν,
2866 915 2937 967 τὰ
2967 915 3105 986 μετά
3136 916 3249 987 τὴν
3274 917 3452 988 φυγὴν
3488 916 3638 988 αύτῷ
3670 935 3809 988 συμ-

2224 1006 2497 1077 6ε6ηκότα
2538 1005 2706 1078 δηλοῖ,
2755 1005 2930 1060 ταῦτα
2979 1007 3286 1079 ἐπιφέρων·
3329 1028 3350 1061 r
3381 1008 3523 1079 Ἐγὼ
3555 1010 3655 1082 μὲν
3697 1012 3807 1084 γὰρ

2225 1098 2353 1170 περὶ
2382 1098 2533 1169 ἡλίου
2562 1098 2773 1170 δυσμὰς
2801 1099 2916 1170 ἅμα
2957 1102 3071 1163 τοῖς
3101 1100 3198 1153 σὺν
3228 1102 3352 1172 ἐμοὶ
3381 1102 3672 1173 γενόμενος
3701 1104 3809 1158 ὑπὸ

2223 1196 2335 1255 τοῖς
2363 1190 2741 1265 στρατιώταις,
2771 1193 2849 1255 είς
2869 1191 3167 1264 Ταπότιριν
3189 1192 3361 1264 ἧχθην
3379 1210 3393 1223 ο
3412 1196 3441 1247 ὁ
3464 1193 3520 1246 δὲ
3546 1193 3809 1265 Τιμόθεος

2224 1283 2368 1337 κατὰ
2398 1284 2497 1357 τὴν
2528 1282 2622 1337 τοῦ
2653 1282 2790 1335 Θεοῦ
2832 1283 3089 1353 πρόνοιαν
3119 1283 3275 1354 ἔτυχε
3309 1285 3382 1356 μὴ
3431 1284 3642 1358 παρὼν,
3673 1286 3808 1358 μηδὲ

2224 1375 2611 1447 καταληφθείς.
2648 1373 2847 1427 Ἐλθὼν
2873 1375 2930 1428 δὲ
2959 1374 3207 1446 ὓστερον,
3229 1368 3357 1447 εὗρε
3381 1376 3474 1430 τὸν
3500 1373 3647 1431 οἷκον
3681 1378 3810 1451 ἔρη-

2229 1486 2349 1540 μον,
2377 1469 2469 1522 καὶ
2495 1465 2872 1539 φρουροῦντας
2889 1466 3049 1520 αὑτὸν
3076 1466 3374 1537 ὑπηρέτας,
3399 1469 3546 1539 ἡμᾶς
3566 1469 3624 1523 δὲ
3653 1468 3810 1540 ἐξην-

2224 1560 2702 1633 δραποδισμένους.
2731 1579 2750 1611 ›
2786 1559 2895 1612 Καὶ
2944 1559 3061 1630 μεθ’
3088 1559 3254 1632 ἕτερά
3282 1576 3445 1631 φησιο
3488 1580 3507 1612 ι
3532 1562 3642 1615 Καὶ
3667 1561 3751 1625 τίς
3780 1563 3810 1615 δ

2225 1656 2324 1725 τῆς
2369 1653 2679 1724 θαυμασίας
2724 1650 3035 1722 οἰκονομίας
3079 1651 3244 1711 αύτοῦ
3287 1651 3522 1723 τρόπος;
3573 1654 3654 1707 Τὰ
3700 1654 3815 1726 γὰρ

2225 1746 2402 1817 ἀληθῆ
2442 1745 2786 1817 λεχθήσεται.
2842 1744 3141 1816 Ἀπήντετό
3179 1761 3265 1809 τις
3310 1745 3418 1799 τῶν
3457 1746 3706 1819 χωριτῶν
3732 1746 3807 1818 (3)

2226 1838 2590 1908 ὑποφεύγοντι
2620 1837 2698 1908 τῷ
2735 1836 2985 1908 Τιμοθέῳ
3018 1836 3112 1891 καὶ
3143 1838 3552 1909 τεταραγμένῳ,
3588 1840 3680 1892 καὶ
3710 1841 3810 1910 τὴν

2226 1933 2403 1986 αἰτίαν
2435 1933 2536 2004 τῆς
2572 1931 2833 1996 ἐπείξεως
2872 1929 3121 1983 ἐπύθετο.
3169 1931 3227 1984 Ὀ
3251 1932 3308 1985 δὲ
3340 1931 3571 2003 τάληθὲς
3604 1931 3807 1999 basim?

2225 2026 2479 2088 κάκεῖνος
2520 2024 2757 2087 ἀκούσας
2783 2023 2968 2094 (ἀπῄει
3006 2022 3065 2075 δὲ
3113 2023 3526 2094 εὐωχησόμενος
3562 2025 3806 2096 γάμους·

2223 2117 2663 2189 διαπαννυχίζειν
2690 2117 2799 2189 γὰρ
2826 2117 3011 2180 αὐτοῖς
3034 2118 3092 2169 ὲν
3120 2118 3241 2180 ταῖς
3266 2116 3543 2182 τοιαύταις
3573 2117 3811 2183 συνόδοις

2226 2207 2366 2275 ἔθος)
2392 2248 2406 2272 ,
2453 2205 2711 2261 εἰσελθὼν
2759 2205 3062 2277 ἀπήγγειλε
3105 2207 3218 2268 τοῖς
3262 2205 3711 2275 κατακειμένοις·
3759 2205 3816 2258 σῖ

2224 2302 2369 2373 ὁρμῇ
2404 2301 2501 2373 μιᾷ
2528 2299 2781 2371 καθάπερ
2814 2298 2922 2353 ἀπὸ
2947 2297 3288 2368 συνθήματος
3316 2296 3391 2367 (4)
3421 2296 3622 2360 πάντες
3651 2296 3811 2363 ἐξαν-

2226 2390 2482 2461 έστησαν,
2532 2391 2629 2443 καὶ
2652 2388 2840 2461 δρόμῳ
2872 2387 3160 2459 φερόμενοι
3185 2386 3413 2457 τάχιστα
3441 2382 3597 2458 ἧκον,
3627 2387 3813 2439 ἐπεισ-

2226 2478 2484 2538 πεσόντες
2511 2495 2570 2531 τε
2604 2479 2757 2549 ἡμῖν,
2792 2475 3097 2546 ἠλάλαξαν·
3131 2475 3224 2530 καὶ
3254 2476 3432 2546 φυγῆς
3471 2474 3673 2538 εύθέως
3700 2474 3813 2529 τῶν

2228 2569 2611 2640 φρουρούντων
2636 2569 2783 2638 ἡμᾶς
2803 2567 3150 2641 στρατιωτῶν
3169 2567 3487 2637 γενομένης,
3505 2566 3814 2636 ἐπέστησαν

2228 2662 2360 2731 ἡμῖν
2405 2659 2481 2723 ὡς
2527 2660 2745 2731 εἴχομεν
2780 2660 2876 2713 uti
2913 2659 3023 2713 τῶν
3057 2658 3349 2731 ἀστρώτων
3397 2657 3708 2729 σκιμπόδιον
3733 2656 3810 2728 (5)

2228 2751 2635 2822 κατακείμενοι.
2691 2749 2863 2819 Κάγὼ
2917 2752 3035 2822 μὲν,
3074 2746 3214 2804 οἶδεν
3249 2752 3277 2804 ὁ
3316 2749 3468 2814 Θεὸς,
3498 2749 3574 2812 ὡς
3610 2747 3814 2821 λῃστὰς

2228 2838 2368 2897 εἶναι
2397 2841 2661 2913 πρότερον
2693 2840 2994 2912 ἡγούμενος
3042 2840 3135 2893 ἐπὶ
3177 2840 3402 2911 σύλησιν
3434 2840 3528 2892 καὶ
3555 2838 3816 2911 ἁρπαγὴν

2228 2934 2611 3004 ἀφικομένους,
2648 2934 2824 3003 μένων
2850 2933 2945 2986 ἐπὶ
2971 2933 3073 3002 τῆς
3104 2932 3283 3001 εὐνῆς,
3316 2926 3383 3003 ἧς
3418 2932 3563 3001 ἤμην
3585 2929 3817 3000 γυμνὸς,

2229 3027 2287 3078 ὲν
2320 3026 2398 3097 τῷ
2425 3024 2553 3096 λινῷ
2608 3024 2898 3097 ὲσθήματι,
2940 3024 3038 3095 τὴν
3088 3023 3145 3077 δὲ
3173 3021 3365 3093 λοιπὴν
3395 3021 3598 3092 ἐσθῆτα
3629 3037 3809 3092 παραι-

2228 3118 2488 3189 κειμένην
2516 3117 2699 3181 αὑτοῖς
2726 3116 2952 3189 ὤρεγον.
2984 3117 3046 3169 Οἱ
3089 3115 3147 3169 δὲ
3182 3112 3561 3183 ἐξανίστασθαι
3602 3129 3664 3166 τε
3690 3110 3813 3165 ἐκέ-

2227 3209 2379 3261 λευον
2404 3208 2499 3261 καὶ
2526 3208 2625 3279 τὴν
2656 3208 2919 3278 ταχίστην
2966 3206 3186 3273 ἐξιέναι.
3215 3205 3326 3259 Kal.
3352 3204 3473 3258 τότε
3514 3202 3693 3267 συνεὶς
3722 3201 3810 3281 ἐφ’

2225 3294 2270 3368 ᾧ
2302 3300 2576 3371 παρῆσαν,
2603 3299 2908 3371 ἀνέκραγον
2933 3298 3186 3367 δεόμενος
3219 3295 3399 3350 αὑτῶν
3427 3297 3523 3349 καὶ⁵
3554 3293 3811 3349 ἱκετεύων

2227 3392 2444 3445 ἀπιέναι
2489 3391 2584 3444 καὶ
2621 3392 2768 3461 ἡμᾶς
2812 3391 2929 3461 ὲᾷνο
2980 3391 3029 3442 εἰ
3067 3388 3125 3442 δὲ
3162 3388 3438 3459 βούλονταί
3480 3405 3535 3441 τι
3574 3385 3810 3459 χρηστὸν

2227 3484 2589 3557 ἐργάσασθαι,
2643 3484 2769 3547 τοὺς
2815 3482 3128 3552 ἀπάγοντας
3177 3499 3246 3553 με
3294 3480 3520 3551 φθάσαι,
3565 3480 3662 3534 καὶ
3709 3479 3811 3549 τὴν

2227 3577 2470 3648 κεφαλὴν
2519 3577 2716 3640 αὐτοὺς
2770 3575 2868 3647 τὴν
2916 3574 3056 3645 ὲμὴν
3109 3575 3405 3645 ἀποτεμεῖν
3448 3573 3653 3643 ἠξίουν.
3697 3573 3811 3626 Ka‘t

2225 3667 2448 3722 τοιαῦτα
2481 3666 2728 3738 βοιῖιντος,
2762 3667 2839 3730 ὡς
2868 3665 3045 3720 ἴσασιν
3072 3666 3123 3719 οἱ
3150 3665 3392 3720 κοινωνοί
3424 3681 3525 3735 μου
3552 3664 3648 3719 καὶ
3684 3663 3811 3733 μέτ-

2226 3778 2339 3831 οχοι
2364 3761 2581 3814 πάντων
2609 3761 2913 3831 γενόμενοι,
2971 3759 3268 3813 ἀνίστασαν
3305 3758 3440 3831 πρὸς
3473 3756 3608 3827 βίαν.
3637 3753 3809 3823 Κάγὼ

2231 3853 2328 3921 μὲν
2362 3851 2586 3925 παρῆκα
2611 3852 2846 3923 ἐμαυτὸν
2879 3850 3068 3905 ὕπτιον
3100 3852 3181 3913 εἰς
3212 3847 3472 3916 τοῦδαφος
3490 3863 3503 3876 ο
3534 3848 3583 3899 oi
3608 3845 3666 3899 δὲ
3693 3845 3797 3898 δια-

2230 3942 2485 4007 λαϐόντες
2535 3944 2736 4015 χειρῶν
2781 3945 2882 3996 καὶ
2940 3941 3117 3995 ποδῶν
3139 3981 3155 4005 ,
3209 3941 3463 4011 σύροντες
3518 3937 3804 4007 ἐξήγαγον.

2242 4034 2670 4107 Ἐπηκολούθουν
2704 4035 2760 4089 δέ
2806 4051 2893 4106 μοι
2932 4035 2982 4087 οί
3024 4033 3230 4087 τούτων
3273 4032 3490 4084 πάντων
3527 4028 3809 4097 γενόμενοι

2232 4126 2527 4198 μάρτυρες,
2558 4127 2739 4190 Γάϊος,
2767 4124 3029 4189 Φαῦστος,
3074 4125 3302 4197 Πέτρος,
3334 4122 3574 4186 Παῦλος
3620 4123 3671 4175 οἳ
3714 4122 3808 4175 καὶ

2195 4276 2201 4283 ,
2228 4218 2589 4282 ὑπολαϐόντες
2607 4218 2683 4292 (6)
2709 4235 2798 4291 με,
2827 4218 3065 4289 φοράδην
3093 4216 3361 4288 ἐξήγαγον
3388 4215 3481 4268 τοῦ
3510 4214 3806 4286 πολιχνίου,

2299 4415 2376 4489 (ι)
2409 4417 2553 4473 Ἀπὸ
2575 4416 2983 4487 συνθήματος.
3009 4418 3104 4476 Sic
3136 4421 3189 4474 in
3239 4419 3396 4474 codd.
3429 4418 3635 4474 Med.et
3663 4417 3801 4473 Μαι.

2225 4489 2503 4554 scribitur,
2545 4497 2728 4550 recte;
2764 4503 2863 4542 nec
2907 4490 3070 4544 aliter
3110 4490 3266 4546 codd.
3317 4489 3457 4544 Fuit.
3513 4500 3569 4545 et
3631 4489 3803 4546 Savil.

2225 4558 2428 4629 Testus
2459 4557 2648 4629 vulg.,_
2664 4557 2770 4629 ὑπὸ
2798 4558 3126 4629 συνθήματι.

2297 4627 2376 4700 (5)
2419 4628 2550 4681 Ἐπὶ
2577 4627 3045 4700 τῶνᾴστρώτων
3089 4630 3459 4700 σκιμπόδιον.
3494 4628 3803 4700 Scimpodia

2223 4697 2563 4769 vocabantur
2586 4697 2817 4769 humiles
2851 4699 2997 4764 lecti,
3027 4697 3214 4769 quales
3250 4702 3520 4769 hodieque
3566 4701 3616 4754 in
3646 4697 3805 4753 'aulis

2224 4768 2491 4822 habemus
2517 4767 2740 4821 sedendi
2769 4767 3249 4828 dttntaxatrausa.
3275 4767 3540 4824 Libanius
3568 4770 3620 4822 in
3677 4784 3804 4822 nra-

2223 4838 2382 4910 tinne
2398 4836 2473 4889 De
2487 4837 2594 4910 uita
2616 4852 2736 4910 sua,
2761 4852 2882 4910 pag.
2913 4839 2983 4892 47
3021 4859 3034 4893 ;
3061 4840 3211 4910 Οίκοι
3231 4857 3292 4892 τε
3321 4840 3413 4891 ἐπὶ
3447 4838 3803 4910 τῆςῌκλίνης,

2223 4906 2317 4980 ἐπὶ
2340 4906 2398 4980 δὲ
2431 4905 2527 4959 τοῦ
2564 4905 2863 4980 σκίμποδος
2911 4910 2972 4962 ὲν
3006 4909 3084 4980 τῷ
3129 4905 3513 4980 διδασκαλείῳ.
3555 4907 3621 4980 Et
3662 4905 3806 4963 The-

2229 4979 2443 5048 iuistius
2470 4976 2718 5031 oratione
2748 4977 2804 5042 9,
2845 4993 2913 5032 ex
2968 4976 3164 5048 quibus
3214 4990 3438 5048 apparet
3457 4976 3479 5041 ⁷,
3537 4979 3804 5048 ejusmodi

2227 5046 2433 5119 lectos
2475 5061 2741 5115 aegrorum
2793 5062 2955 5101 causa
2986 5046 3131 5104 'fere
3198 5046 3549 5119 comparatos
3610 5047 3801 5119 fuisse.

2238 5114 2557 5187 Ἀπρὼτων
2603 5129 2733 5170 vero
2781 5121 2980 5172 nudum
3020 5120 3179 5184 verti,
3217 5114 3439 5174 secutus
3495 5117 3802 5172 Martialem

2223 5188 2317 5255 qui
2349 5185 2766 5262 ii_I_Apophorelis
2796 5189 2868 5241 ita
2902 5190 2967 5244 de
2995 5189 3265 5245 Iodicibus
3290 5191 3530 5262 loquitur
3558 5205 3572 5238 :

2369 5256 2532 5329 Nudo
2557 5262 2820 5329 stramina
2843 5274 2906 5311 ne
2933 5272 3047 5313 toro
3075 5269 3333 5329 paterent,

2364 5326 2579 5379 Junctre
2610 5340 2704 5377 nos
2726 5327 2821 5379 tibi
2844 5326 3084 5382 venimus
3116 5345 3345 5383 sorores.

2297 5396 2374 5468 (6)
2408 5394 2475 5468 0ᾼῖ
2496 5393 2593 5448 καὶ
2640 5396 3069 5464 ὑπολαϐόντες.
3112 5399 3238 5453 Haec
3303 5398 3470 5454 verba
3521 5396 3806 5453 referenda

2226 5466 2632 5520 esse'existimo
2696 5469 2761 5520 ad
2800 5469 2989 5523 Caium
3029 5479 3085 5523 et
3131 5468 3391 5522 Faustum
3446 5477 3505 5523 et
3564 5469 3807 5535 reliquos

2227 5537 2597 5606 presbyteros,
2654 5538 2746 5604 qui
2809 5536 3123 5609 Dionysium
3176 5553 3240 5609 ex
3295 5539 3492 5609 oppido
3553 5537 3805 5607 Taposiri

2226 5612 2603 5676 eaput-larunt.
2639 5621 2746 5658 non
2791 5608 2968 5662 autem
2993 5609 3059 5661 ad
3099 5608 3337 5662 rusticos
3369 5608 3490 5663 illos
3531 5617 3587 5662 et
3621 5618 3805 5662 temu-

2226 5674 2403 5734 lentos
2426 5674 2711 5746 convivas,
2746 5688 2806 5736 ut
2835 5678 3022 5736 retulit
3048 5676 3605 5746 Cbristophorsouus.
3630 5676 3807 5749 Φοράς
