4222 6472
451 312 556 370 6ὓ5

1433 315 1785 371 HISTORIE
1823 315 2383 373 ECCLESIASTICIE
2422 315 2551 375 LIB.
2591 315 2679 372 Vl.

3606 308 3712 365 606

451 431 547 488 καὶ
583 429 690 503 ὄνῳ
735 430 929 502 γυμνῷ
977 430 1392 495 ἐπιϐιϐάσαντες
1442 433 1747 504 ἀπήγαγον.
1777 453 1795 486 ι
1852 434 2032 488 Ταῦτα

2140 436 2330 490 dentes
2357 451 2440 490 me
2468 437 2688 491 trahere
2718 438 2878 502 atque
2904 431 3140 486 educere
3161 438 3465 500 cmpernnt.
3499 428 3705 498 Seque-

450 524 578 594 περὶ
602 523 796 577 ἑαυτοῦ
830 525 859 577 ὁ
887 521 1158 598 Διονύσιος
1183 523 1536 595 διεξέρχεται.

2135 527 2332 580 bantur
2358 541 2441 580 me
2470 526 2634 581 Caius
2670 535 2724 579 et
2755 524 3014 587 Faustus,
3039 522 3228 577 Petrus
3260 539 3323 576 ac
3362 521 3584 587 Paulus,
3612 519 3706 590 qui

452 620 646 672 borum
692 618 934 672 omnium
968 626 1135 673 testes
1166 617 1337 673 fuere.
1392 616 1492 684 Qui
1538 634 1627 673 me
1674 619 2054 687 suscipientes,
2111 634 2178 675 ex
2236 620 2488 690 oppidulo
2517 628 2897 691 expertarum,
2923 634 2986 672 ac
3010 618 3201 672 deinde
3224 618 3367 671 nudo
3395 615 3708 681 impositum

449 712 603 767 asino
630 712 990 767 abduxerunt.
1024 732 1042 764 ι
1077 711 1145 766 Et
1191 713 1309 767 hmc
1334 713 1553 781 quidem
1590 712 1658 769 de
1700 713 1885 782 seipso
1912 713 2200 784 Dionysius
2232 722 2439 771 narrat.

966 803 1358 858 ΚΕΦΑΛΑΙΟΝ
1395 803 1530 857 MA'.

449 894 591 964 Περὶ
648 894 769 949 τῶν
818 895 910 948 ἐπ’
986 894 1177 963 αὐτῆς
1230 894 1677 1019 Ἀλεξανδξείας
1727 912 2028 965 μαρτυρη-

768 965 1010 1019 σάντων
1037 965 1178 1019 (Nic.
1217 964 1292 1019 H.
1320 965 1387 1018 Ε.
1416 982 1469 1019 v.
1537 965 1710 1019 9-5”.

768 965 1010 1020 σάντων
1037 965 1178 1033 (Nic.
1217 964 1292 1019 Η.
1320 965 1387 1018 Ε.
1416 982 1469 1021 v.
1499 964 1710 1046 29-31).

534 1057 590 1109 '0
616 1055 662 1109 δ’
690 1056 852 1120 αὐτὸς
882 1058 944 1110 ἐν
964 1056 1220 1128 ἐπιστολῇ
1251 1059 1316 1128 τῇ
1346 1057 1483 1129 πρὸς
1509 1058 1708 1111 Φάϐιον
1738 1057 2031 1111 ἐπίσκοπον

464 1148 777 1219 Ἀντιοχέων
796 1191 810 1215 ,
860 1149 970 1203 τῶν
1022 1148 1162 1202 κατὰ
1217 1149 1404 1203 Δέκιον
1459 1150 1924 1222 μαρτυρησάντων
1972 1153 2029 1203 ἐν

467 1239 840 1312 Ἀλεξανδρείᾳ
859 1242 986 1303 τοὺς
1006 1239 1225 1309 ἀγῶνας
1249 1240 1438 1295 τοῦτον
1472 1244 1675 1314 ἱστορεῖ
1696 1243 1787 1297 τὸν
1813 1243 2030 1315 τρόπον·

458 1333 610 1385 «Οὐκ
661 1331 772 1384 ἀπὸ
813 1332 906 1384 τοῦ
951 1331 1231 1402 βασιλικοῦ
1274 1334 1694 1405 προστάγματος
1730 1337 1758 1388 ό
1799 1334 2036 1405 διωγμὸς

454 1423 584 1493 παρ’
632 1424 763 1493 ἡμῖν
815 1422 1017 1494 ἤρξατο
1047 1423 1145 1496 (7),
1189 1424 1326 1478 ἀλλὰ
1364 1425 1473 1497 γὰρ
1511 1426 1584 1496 (8)
1629 1426 1749 1480 ὅλον
1793 1426 2036 1480 ἐνιαυτὸν

453 1512 747 1586 προῦλαϐε,
783 1516 877 1568 καὶ
909 1514 1121 1585 φθάσας
1148 1518 1178 1570 ὁ
1210 1516 1397 1571 κακῶν
1422 1520 1488 1589 τῇ
1521 1517 1673 1571 πόλει
1704 1518 1876 1591 ταύτῃ
1903 1519 2038 1589 μάν-

451 1623 537 1670 τις
564 1607 656 1660 καὶ
692 1607 925 1679 ποιητὴς
969 1606 1068 1679 (9),
1113 1609 1262 1673 ὅστις
1301 1611 1507 1673 ἐκεῖνος
1550 1605 1639 1682 ἦν,
1682 1610 1902 1682 ἐκίνησε
1938 1611 2031 1664 καὶ

451 1699 793 1772 παρώρμησε
820 1700 942 1753 καθ’
969 1699 1128 1771 ἡμῶν
1152 1701 1221 1753 τὰ
1247 1700 1425 1773 πλήθη
1452 1701 1562 1755 τῶν
1591 1701 1780 1765 ἐθνῶν,
1824 1704 1905 1766 εἰς
1931 1702 2030 1774 τὴν

451 1793 743 1866 ἐπιχώριον
769 1794 965 1857 αὐτοὺς
994 1793 1417 1864 δεισιδαιμονίαν
1458 1794 1847 1867 ἀναρριπίσας.
1881 1795 1942 1847 Οἱ
1973 1793 2032 1846 δὲ

451 1883 820 1956 ἐρεθισθέντες
851 1884 941 1936 ὑπ’
967 1882 1152 1946 αὐτοῦ,
1196 1882 1291 1936 καὶ
1323 1882 1503 1953 πάσης
1534 1882 1779 1949 ἐξουσίας
1802 1884 1881 1945 είς
1910 1882 2034 1934 ἀνο-

454 1975 732 2047 σιουργίαν
758 1973 1066 2044 λαϐόμενοι,
1092 1972 1260 2044 μόνην
1286 1972 1569 2026 εὐσέϐειαν
1593 1972 1713 2045 [τὴν
1737 1972 2031 2045 θρησκείαν

449 2063 560 2119 τῶν
594 2065 862 2136 δαιμόνων
886 2063 1036 2137 (10)]
1066 2063 1273 2134 ταύτην
1306 2064 1594 2127 ὑπέλαϐον,
1627 2065 1687 2118 τὸ
1730 2064 1851 2118 καθ’
1867 2062 2031 2138 ⁴ἡμῶν

450 2157 635 2227 φονᾷν.
678 2155 904 2227 Πρῶτον
940 2154 1040 2224 μὲν
1076 2150 1169 2207 οὖν
1207 2154 1521 2224 πρεσϐύτην
1553 2156 1775 2226 Μετρᾶν
1807 2154 2032 2224 ὀνόματι

454 2246 916 2318 συναρπάσαντες,
938 2247 1031 2300 καὶ
1051 2244 1407 2309 κελεύσαντες
1431 2245 1565 2300 ἄθεα
1584 2246 1765 2314 λέγειν
1790 2247 2029 2317 ῥήματα,

455 2337 528 2408 μὴ
554 2337 894 2409 πειθόμενον,
931 2338 1110 2405 ξύλοις
1145 2355 1206 2391 τε
1231 2337 1487 2400 παίοντες
1511 2338 1573 2390 τὺ
1604 2337 1784 2408 σῶμα,
1817 2338 1910 2391 καὶ
1935 2354 2034 2389 κα-

450 2429 644 2500 λάμοις
667 2430 812 2495 ὀξέσι
839 2431 902 2483 τὸ
928 2430 1221 2502 πρόσωπον
1256 2431 1353 2484 καὶ⁹
1396 2431 1524 2492 τοὺς
1555 2428 1866 2499 ὀφθαλμοὺς
1906 2445 2031 2481 κεν-

449 2523 686 2588 τοῦντες,
721 2522 1019 2592 ἀγαγόντες
1058 2524 1139 2586 είς
1183 2521 1248 2575 τὸ
1290 2521 1634 2594 προάστειον,
1686 2519 2033 2574 κατελιθοϐό-

448 2616 639 2687 λησαν.
672 2617 906 2670 Ἔπειτα
931 2615 1127 2686 πιστὴν
1151 2617 1387 2685 γυναῖκα
1425 2615 1658 2668 Κοΐνταν
1693 2614 2032 2686 καλουμένην

449 2707 542 2759 ἐπὶ
582 2706 647 2761 τὸ
687 2706 953 2761 εἰδωλεῖον
995 2704 1392 2774 ἀπαγαγόντες,
1434 2703 1741 2775 ἠνάγκαζον
1788 2721 2032 2776 προσκυ-

440 2801 592 2854 ινεῖνο
629 2798 1115 2872 ἅποστρεφομένην
1155 2797 1213 2851 δὲ
1265 2799 1361 2852 καλ¹
1399 2797 1819 2869 βδελυττομένην
1870 2797 2032 2867 ἐκδή-

450 2906 641 2953 σαντες⁸
664 2888 774 2943 τῶν
810 2888 1008 2954 ποδῶν,
1045 2886 1134 2942 διὰ
1165 2886 1348 2958 πάσης
1390 2887 1491 2959 τῆς
1518 2886 1726 2950 πόλεως
1768 2887 1909 2942 κατὰ
1937 2887 2032 2942 τοῦ

451 2981 678 3054 τραχέος
727 2980 1088 3052 λιθοστρώτου
1141 2980 1420 3053 σύροντες,
1474 2980 2032 3053 προσαρῤασσομένην

2711 805 2941 862 CAPUT
2980 805 3116 861 XLI.

2249 898 2324 952 De
2350 899 2416 952 iis
2443 899 2532 967 qui
2564 898 2905 953 Alexandriae
2933 898 3255 967 martyrium
3278 896 3568 950 subierunt.

2195 1057 2251 1111 ln
2284 1055 2516 1126 epistola
2540 1069 2670 1109 vero
2690 1055 2758 1109 ad
2790 1054 3014 1109 Fabium
3037 1055 3347 1123 episcopum
3372 1053 3694 1114 Antiochiae,

2132 1163 2318 1204 eorum
2353 1149 2443 1216 qui
2477 1148 2779 1216 imperante
2808 1146 2972 1202 Decio
3000 1146 3325 1216 martyrium
3359 1145 3710 1200 Alexandriae

2132 1239 2441 1305 subierunt,
2493 1240 2798 1293 certamina
2842 1237 3008 1293 refert
3053 1238 3158 1292 hoc
3207 1235 3402 1291 modo:
3434 1255 3452 1289 ι
3498 1235 3712 1306 Nequa-

2133 1347 2293 1402 quam
2325 1347 2390 1386 ex
2425 1330 2773 1398 imperatoris
2804 1330 2989 1385 edicto
3036 1330 3344 1398 persecutio
3379 1336 3554 1398 empta
3604 1336 3707 1388 est,

2133 1424 2332 1493 quippe
2360 1438 2482 1493 quae
2529 1423 2740 1491 integro
2769 1436 2914 1477 anno
2959 1428 3355 1475 anteverterat.
3384 1417 3594 1472 Etenim
3626 1419 3712 1472 in-

2137 1517 2345 1573 faustus
2388 1515 2607 1586 quidam
2658 1524 2807 1570 vates
2863 1528 2929 1569 ac
2965 1522 3146 1583 poeta,
3174 1511 3429 1582 quisquis
3464 1510 3554 1566 ille
3586 1510 3709 1574 fuit,

2138 1617 2508 1664 commoverat
2539 1606 2649 1676 jam
2688 1617 2849 1661 antea
2888 1615 3051 1675 atque
3100 1604 3423 1659 incitaverat
3451 1603 3714 1656 adversus

2137 1716 2239 1757 nos
2270 1700 2551 1771 gentilium
2582 1698 2791 1764 turbas,
2826 1697 2892 1752 ad
2929 1698 3172 1751 innatam
3197 1694 3341 1765 genti
3368 1693 3720 1762 superstitio--

2137 1807 2258 1847 nem
2283 1792 2495 1846 animos
2519 1776 2709 1846 eurum
2735 1789 3051 1846 incendens.
3072 1789 3153 1843 Ab
3177 1789 3279 1842 hoc
3310 1787 3473 1855 igitur
3498 1784 3716 1839 homine

2135 1886 2418 1947 stimulati,
2437 1895 2767 1952 omnemque
2796 1883 2863 1936 ad
2896 1880 3165 1951 patranda
3190 1878 3400 1934 scelera
3432 1877 3711 1932 licentiam

2136 1978 2299 2041 nacti,
2325 1976 2486 2047 237
2517 1977 2658 2030 hanc
2681 1974 2851 2030 solam
2885 1973 3150 2043 pietatem
3175 1970 3489 2039 cultumque
3509 1968 3715 2022 damno-

2135 2086 2263 2125 num
2318 2083 2539 2124 suorum
2588 2067 2992 2129 existimabant,
3054 2063 3103 2118 si
3151 2062 3395 2118 caedibus
3453 2062 3715 2115 adversus

2134 2172 2355 2216 nostros
2381 2159 2658 2215 saavirent.
2694 2157 2936 2212 Primum
2967 2157 3151 2224 itaque
3179 2168 3369 2209 senem
3399 2152 3713 2222 quemdam,

2135 2254 2360 2309 Metram
2413 2251 2658 2317 nomine,
2704 2260 3014 2319 correptum
3064 2247 3229 2317 impia
3279 2245 3451 2301 verba
3474 2240 3718 2314 proferre

2128 2346 2343 2415 jubent.
2372 2343 2525 2410 Quod
2560 2356 2682 2397 cum
2732 2340 2822 2396 ille
2855 2341 3147 2405 abnueret,
3175 2336 3411 2392 fustibus
3438 2335 3714 2390 hominem

2138 2438 2505 2502 verberantes,
2531 2443 2586 2490 et
2609 2433 2784 2489 acutis
2809 2431 3172 2487 arundinibus
3203 2428 3414 2483 vultum
3440 2426 3559 2497 ejus
3583 2440 3716 2480 ocu-

2136 2529 2320 2600 losque
2340 2536 2662 2600 pungentes,
2690 2525 2985 2581 deductum
3013 2524 3064 2578 in
3089 2521 3409 2577 snburbium
3434 2517 3706 2588 lapidibus

2135 2622 2457 2676 obruerunt.
2501 2619 2632 2674 Post
2672 2619 2788 2673 haec
2821 2616 3033 2672 ﬁdelem
3068 2612 3360 2684 quamdam
3408 2611 3714 2675 mulierem,

2135 2714 2387 2782 Quintam
2447 2713 2691 2776 nomine,
2751 2709 2819 2764 ad
2847 2708 2997 2779 ,idoli
3050 2705 3309 2777 templum
3370 2703 3719 2774 perductam,

2134 2809 2369 2863 adorare
2393 2805 2526 2860 illud
2554 2811 2875 2875 coegerunt.
2905 2799 3058 2868 Quod
3088 2815 3211 2855 cum
3247 2798 3335 2854 illa
3369 2805 3718 2853 aversarctnr

2135 2912 2298 2973 atque
2337 2909 2738 2963 exsecraretur,
2796 2896 3116 2954 constrictis
3171 2894 3403 2965 pedibus
3448 2909 3568 2949 eam
3620 2908 3718 2965 per

2137 2995 2304 3049 totius
2358 2992 2597 3049 civitatis
2649 2990 2803 3045 vicos
2832 3003 3031 3059 aspero
3075 2988 3232 3042 silice
3274 2996 3580 3042 constratos
3628 3003 3719 3042 ra-

452 3077 562 3138 τοῖς
597 3074 866 3145 μυλιαίοις
894 3073 1063 3138 λίθοις
1094 3073 1212 3146 ἅμα
1248 3073 1347 3127 καὶ
1376 3071 1788 3145 μαστιγοῦντες,
1820 3073 1915 3126 ἐπὶ
1939 3073 2032 3127 τὸν

2134 3088 2368 3158 pientes,
2415 3084 2566 3141 saxis
2625 3082 2821 3138 illisam
2871 3081 3205 3142 molaribus,
3256 3077 3444 3149 ﬂagris
3493 3079 3717 3147 insuper

452 3167 611 3219 αὐτὸν
644 3166 942 3236 ἀγαγόντες
975 3167 1305 3221 κατέλευσαν
1329 3166 1517 3219 τόπον.
1543 3161 1660 3219 Εἶθ’
1690 3165 2029 3237 ὁμοθυμαδὸν

451 3258 689 3322 ἅπαντες
718 3258 982 3330 ὥρμησαν
1015 3259 1109 3312 ἐπὶ
1140 3258 1238 3323 τὰς
1258 3257 1366 3312 τῶν
1400 3258 1667 3312 θεοσεϐῶν
1704 3257 1901 3321 οἰκίας,
1935 3259 2030 3313 καὶ

452 3351 544 3417 οὓς
594 3348 888 3423 ἐγνώριζον
933 3351 1153 3405 ἔκαστοι
1192 3342 1569 3420 γειτνιῶντας,
1616 3350 2031 3416 ἐπισπεύδοντες

452 3439 606 3514 ἦγον,
640 3442 848 3496 ἐσύλων
878 3460 938 3495 τε
972 3442 1068 3496 καὶ
1110 3440 1436 3514 διήρπαζον,
1474 3442 1544 3496 τὰ
1589 3443 1687 3513 μὲν
1731 3441 2030 3514 τιμιώτερα

424 3533 561 3588 ’τῶν
589 3532 886 3604 κειμηλίων
930 3532 1327 3604 νοσφιζόμενοι,
1360 3532 1430 3587 τὰ
1460 3533 1518 3586 δὲ
1556 3533 1909 3607 εὐτελέστερα
1938 3535 2030 3588 καὶ

452 3625 553 3678 ὅσα
585 3625 649 3677 ἐκ
682 3623 853 3688 ξύλων
899 3623 1213 3695 ἐπεποίητο,
1257 3623 1706 3695 διαρῤιπτοῧντες
1737 3626 1832 3678 καὶ
1863 3643 2031 3681 κατα-

453 3718 700 3781 καίοντες
732 3719 790 3770 ἐν
815 3718 937 3781 ταῖς
963 3716 1120 3780 ὁδοῖς,
1157 3714 1462 3779 ἑαλωκυίας
1495 3717 1599 3771 ὑπὸ
1630 3717 1906 3790 πολεμίων
1934 3722 2031 3774 πό-

452 3810 588 3873 λεως
621 3812 880 3881 παρεῖχον
908 3808 1055 3866 θέαν.
1097 3806 1398 3872 Ἐξέκλινον
1435 3806 1491 3860 δὲ
1519 3810 1614 3861 καὶ
1648 3809 2031 3884 ὑπανεχώρουν

452 3902 501 3954 οἱ
528 3899 765 3970 ἀδελφοὶ,
787 3900 881 3953 καὶ
903 3899 999 3971 τὴν
1029 3899 1282 3971 ἁρπαγὴν
1308 3899 1416 3952 τῶν
1441 3896 1813 3975 ὑπαρχόντων,
1831 3904 2030 3974 ὁμοίως

418 3991 683 4054 ’ἐκείνοις
728 3986 811 4054 οἷς
849 3991 942 4045 καὶ
986 3991 1199 4057 Παῦλος
1245 3994 1619 4069 ἐμαρτύρησε,
1668 3997 1805 4067 μετὰ
1855 3999 2031 4069 χαρᾶς

452 4083 861 4156 προσεδέξαντο.
906 4084 1015 4138 Καὶ
1051 4085 1152 4138 οὐκ
1191 4080 1290 4138 οἷδ’
1320 4085 1376 4139 ετ
1411 4104 1516 4153 τις,
1553 4088 1694 4160 πλὴν
1738 4091 1786 4142 εἰ
1820 4091 1892 4161 μή
1927 4108 2028 4145 που

450 4172 647 4242 τις·εἷς
682 4176 958 4248 ἐμπεσὼν,
997 4177 1155 4251 μέχρι
1196 4196 1260 4247 γε
1288 4178 1478 4233 τούτου
1512 4181 1603 4234 τὸν
1631 4181 1834 4255 Κύριον
1862 4187 2031 4258 ἠρνή-

455 4284 603 4323 σατο.
648 4267 809 4322 Ἀλλὰ
840 4269 934 4322 καὶ
960 4267 1060 4340 τὴν
1100 4269 1556 4342 θαυμασιωτάτην
1612 4272 1734 4326 τότε
1764 4274 2031 4346 παρθένον

455 4355 749 4429 πρεσϐύτιν
794 4357 1153 4411 Ἀπολλωνίαν
1183 4357 1547 4422 διαλαϐόντες,
1577 4359 1704 4423 τοὺς
1741 4359 1840 4429 μὲν
1887 4361 2031 4416 ὀδόν-

2139 3181 2507 3240 verherantes,
2537 3176 2604 3231 ad
2641 3175 2962 3231 snburbium
2990 3173 3178 3227 itidem
3209 3172 3507 3236 abducunt,
3533 3171 3718 3240 ibique

2138 3270 2412 3340 lapidibus
2444 3267 2804 3322 interficiunt.
2826 3265 3030 3322 Omnes
3061 3263 3259 3319 deinde
3287 3277 3397 3318 uno
3422 3262 3628 3331 impetu
3661 3262 3714 3316 in

2138 3362 2326 3417 domos
2375 3360 2809 3416 Christianorum
2853 3357 3070 3412 irruere
3119 3366 3404 3422 ceperunt
3430 3367 3446 3408 :
3477 3362 3531 3408 et
3573 3368 3716 3422 quos

2139 3454 2368 3524 quisque
2399 3452 2502 3507 sibi
2539 3450 2747 3505 vicinos
2772 3455 3024 3510 noverat,
3050 3461 3142 3501 eos
3174 3442 3321 3500 illico
3360 3453 3716 3514 properantes

2135 3546 2389 3616 agebant,
2419 3543 2731 3614 spoliabant
2760 3554 2826 3595 ac
2858 3537 3204 3608 diripiebant,
3245 3551 3309 3592 ea
3339 3534 3553 3604 quidem
3594 3549 3716 3604 qua:

2138 3636 2377 3692 maxime
2401 3634 2640 3705 pretiosa
2661 3643 2843 3688 essent
2865 3631 2917 3687 in
2954 3631 3131 3686 sinum
3154 3643 3312 3685 suum
3335 3636 3715 3695 congerentes,

2137 3729 2329 3782 viliora
2359 3736 2536 3781 autem
2572 3734 2627 3780 et
2668 3723 2844 3793 lignea
2872 3734 3101 3791 qumque
3127 3717 3496 3785 disjiciehant,
3525 3732 3594 3773 ac
3619 3732 3716 3787 pcr

2137 3819 2254 3873 vias
2290 3816 2752 3879 concremahant,
2796 3823 2965 3882 capta:
3015 3813 3085 3867 ab
3129 3809 3376 3866 hostibus
3407 3810 3558 3865 urbis
3593 3825 3718 3880 spe-

2139 3910 2275 3963 ciem
2303 3916 2469 3976 atque
2500 3906 2793 3975 imaginem
2826 3905 3172 3959 exhibentes.
3206 3901 3432 3957 Fratres
3464 3916 3592 3957 vero
3624 3903 3717 3956 de-

2115 3999 2433 4057 clinabant,
2457 4006 2516 4053 et
2548 3996 2925 4053 snbducebant
2966 4009 3026 4051 se
3049 3994 3189 4063 ,fuga
3210 4034 3227 4057 ,
3256 4008 3321 4049 ac
3352 3994 3713 4063 direptionem

2139 4092 2409 4146 bonorum
2438 4104 2662 4146 suorum
2706 4088 2930 4160 perinde
2963 4101 3028 4142 ac
3061 4087 3139 4141 illi
3173 4087 3241 4144 de
3274 4087 3476 4158 quibus
3509 4085 3713 4141 Paulus

2142 4182 2461 4237 testiﬁcatus
2487 4190 2593 4246 est,
2616 4195 2739 4234 cum
2775 4180 2971 4248 gaudio
2998 4188 3348 4251 exceperunt.
3381 4177 3494 4233 Ncc
3522 4192 3710 4233 eorum

2138 4274 2451 4346 quisquam,
2484 4273 2628 4342 quod
2657 4273 2912 4343 equidem
2934 4273 3127 4337 sciam,
3159 4273 3266 4326 nisi
3309 4271 3540 4325 fortasse
3573 4284 3716 4324 unus

2138 4365 2336 4435 aliquis
2359 4365 2413 4421 in
2443 4364 2655 4420 illorum
2690 4378 2880 4418 manus
2904 4363 3170 4427 incidens,
3204 4363 3467 4417 hactenus
3489 4358 3711 4430 quidem

451 4463 551 4512 τας
598 4448 866 4515 ἅπαντας,
917 4449 1208 4513 κόπτοντες
1254 4448 1353 4513 τὰς
1400 4450 1677 4519 σιαγόνας,
1728 4450 2029 4523 ἐξήλασαν·

2136 4458 2309 4514 Deum
2354 4458 2594 4531 negavit.
2624 4455 2731 4512 Sed
2761 4465 2816 4512 et
2858 4456 3232 4510 admirandam
3265 4454 3411 4507 illam
3443 4462 3715 4522 provectae

453 4636 552 4708 δην
584 4651 737 4708 vero,
771 4636 825 4689 id
855 4643 940 4690 est
989 4637 1046 4691 in
1077 4635 1232 4708 sella.
1281 4635 1455 4708 Porro
1504 4637 1634 4707 quid
1693 4638 1894 4693 factum
1949 4641 2021 4696 sit

455 4706 741 4777 Dionysio,
768 4717 1058 4774 postquam
1089 4707 1276 4761 rustici
1338 4707 1436 4773 illi,
1493 4709 1686 4777 fugatis
1737 4710 2019 4776 militibus,

457 4792 581 4848 eum
609 4777 867 4848 Taposiri
891 4777 1156 4848 excedere
1183 4777 1584 4848 compulerunt,
1637 4779 1753 4846 ipse
1801 4781 2020 4848 quidem

457 4847 546 4901 hic
577 4861 684 4899 non
724 4846 876 4899 dicit.
913 4845 1017 4915 Sed
1050 4848 1100 4900 in
1127 4847 1357 4915 epistola
1390 4850 1456 4902 ad
1502 4845 1794 4903 Domitium
1818 4845 1884 4904 et
1936 4851 2022 4905 Di-

454 4917 847 4991 dytnum,_quae
876 4913 1109 4991 refertur
1135 4913 1187 4970 in
1222 4917 1362 4991 libro
1408 4934 1505 4991 vti,
1541 4934 1663 4989 cap.
1698 4919 1783 4982 H,
1833 4921 1911 4991 ait
1966 4937 2025 4976 se

454 4985 559 5058 una
587 4985 710 5058 cum"
743 4985 873 5058 Gaio
907 4994 963 5040 et
1002 4985 1163 5058 Petro
1187 4987 1352 5058 ‘solis,
1387 4985 1691 5055 seiunctum
1725 5004 1754 5042 a
1805 4990 2027 5058 reliquis

455 5055 749 5129 fratribus,
779 5056 841 5129 _in
897 5057 1132 5129 quodam
1187 5055 1374 5129 Libyae
1427 5060 1549 5113 loco
1601 5059 1821 5113 deserto
1867 5055 2030 5129 atque

457 5128 612 5180 arido
640 5124 955 5181 conclusum
1017 5124 1203 5181 fuisse.
1246 5124 1554 5183 Permansit
1597 5139 1778 5182 autem
1817 5130 1868 5183 in
1924 5124 2029 5187 lioc

457 5196 653 5269 exsilio
690 5196 978 5269 Dionysius
1002 5199 1257 5269 usquead
1291 5197 1496 5253 obitum
1533 5199 1678 5254 Decii
1708 5199 1841 5269 imp.
1876 5210 1928 5256 et
1961 5218 2027 5256 ex

456 5281 524 5319 eo
553 5267 673 5322 loco
725 5266 941 5322 litteras
997 5266 1220 5337 scripsit
1272 5269 1340 5323 ad
1403 5269 1701 5324 Domitium
1746 5266 1815 5325 ac
1867 5273 2033 5344 Didy-

458 5352 627 5390 mum.

498 5405 604 5488 _(7)
626 5407 883 5488 έιωγμρς
907 5407 1063 5488 ’παρ’
1280 5406 1524 5488 ἦρξα-το.
1674 5410 2029 5488 cohd'ieeshle-

459 5475 592 5537 dic},
625 5475 786 5550 llam,
821 5475 1065 5550 Futh
1091 5475 1255 5550 Savil.
1307 5475 1363 5533 ἐι
1405 5478 1673 5550 Georgius
1723 5481 2029 5550 Syncellns,

459 5549 731 5614 quomodo
760 5549 923 5601 etiam
958 5547 1096 5619 legit
1124 5548 1372 5619 Rufinus,
1402 5560 1462 5603 ut
1506 5547 1578 5605 ei
1602 5547 1853 5605 versione
1887 5553 2029 5608 illius

460 5627 717 5695 apparet:
749 5619 918 5695 sedet
955 5618 1008 5673 in
1028 5617 1191 5695 codd.
1220 5618 1649 5695 Medicaaodilaa.
1670 5631 1725 5675 et
1741 5620 1881 5695 Fab.
1895 5623 2032 5695 1:ch

459 5685 729 5741 Φαϐιανόν
756 5687 965 5757 legitur,
989 5704 1086 5744 nec
1114 5690 1273 5743 aliter
1303 5688 1527 5745 Ruﬁnus
1558 5691 1699 5745 hunc
1729 5685 2028 5751 Antiochiae

462 5758 774 5828 episcopum
799 5758 1054 5831 appellat.
1085 5758 1229 5817 Editi
1257 5775 1366 5817 om.
1398 5761 1530 5831 παρ’
1554 5760 1704 5832 ἡμῖν.

2199 4643 2298 4716 (8)_
2328 4639 2507 4716 ᾏλλὰ
2723 4637 2995 4716 Particnla
3043 4637 3305 4716 γάρ-1000
3350 4649 3450 4716 suo
3481 4636 3712 4716 dempta

2124 4703 2230 4778 est‘,
2257 4703 2513 4768 'inferius
2553 4703 2865 4767 collocanda
2903 4709 3007 4763 hoc
3056 4703 3224 4764 modo
3259 4707 3391 4761 ικαὶ
3431 4705 3546 4777 γὰρ
3575 4703 3712 4773 φθά-

2130 4802 2249 4848 σας.

2202 4845 2278 4921 (9)
2305 4851 2533 4918 Μάντις
2558 4848 2659 4906 καὶ
2681 4849 2953 4920 ποιητής.
3003 4848 3223 4921 Paetum
3247 4847 3385 4902 verti
3411 4885 3427 4912 ,
3466 4845 3706 4921 primum

2130 4916 2254 4996 quia
2296 4932 2470 4992 poetae
2493 4916 2617 4996 eum
2638 4916 2854 4996 vatibus
2876 4916 2972 4975 seu
2999 4920 3196 4996 divinis
3228 4934 3478 4996 magnam
3507 4916 3709 4996 habent

2131 4987 2470 5051 societatem.
2505 4992 2674 5048 Vates
2702 4992 2849 5044 enim
2884 4992 3104 5046 oracula
3154 5004 3251 5043 sua
3297 4989 3548 5043 versibus
3578 4987 3709 5041 ede-

2135 5068 2289 5121 bant.
2326 5062 2529 5117 Deinde
2562 5062 2688 5131 quia
2737 5061 2976 5132 Egyptii
3009 5062 3217 5132 poetica
3259 5057 3708 5132 imprimis_dele-

2136 5137 2461 5197 ctahantur,
2504 5126 2648 5199 quod
2699 5126 3127 5186 etian'i'not'avit
3179 5126 3475 5198 Eunapius.
3536 5126 3709 5182 Porro

2137 5205 2269 5259 nulli
2303 5204 2473 5272 magis
2504 5200 2695 5256 infensi
2730 5210 2886 5257 erant
2907 5202 3253 5265 Christianis,
3290 5214 3450 5272 quam
3471 5206 3625 5272 vates
3655 5206 3711 5250 et

2138 5273 2354 5338 harioli,
2387 5267 2442 5327 ἐι
2477 5272 2739 5342 ejusmodi
2773 5273 3053 5327 hominum
3082 5286 3272 5341 genus.
3302 5270 3395 5338 qui
3421 5267 3487 5320 ad
3518 5280 3705 5336 perse—

2140 5345 2384 5413 quendos
2409 5342 2745 5397 Christianos
2786 5342 3039 5410 populum
3082 5343 3455 5405 concitabant,
3484 5350 3707 5406 compo-

2136 5416 2257 5471 sitis
2284 5414 2337 5466 in
2368 5428 2485 5466 eam
2524 5428 2635 5465 rem
2666 5415 2922 5468 oraculis.

2210 5485 2322 5553 (10)
2374 5481 2493 5550 Τὴν
2548 5483 2876 5550 θρησκείαν
2924 5478 3045 5536 τῶν
3093 5481 3413 5551 δαιμόνων.
3467 5476 3701 5530 Delenda

2138 5556 2271 5610 mihi
2306 5555 2558 5606 videntur
2591 5555 2703 5607 ha'c
2736 5554 2925 5616 verba,
2951 5553 3147 5621 quippe
3171 5566 3291 5622 quae
3328 5561 3547 5622 sensum
3584 5555 3701 5622 tur-

2133 5628 2287 5688 bant,
2311 5633 2365 5677 et
2402 5624 2468 5676 ab
2506 5624 2687 5689 inepto
2710 5615 2999 5678 scholia’ste
3026 5615 3260 5690 ascripta
3284 5625 3411 5675 sunt
3432 5616 3499 5671 ad
3528 5615 3701 5685 cXpli-

2131 5698 2398 5753 cationem
2424 5693 2568 5749 vocis
2598 5694 2969 5762 praecedentis.
