4222 6450
381 438 487 495 609

1368 435 1714 490 "ISTORLE
1757 433 2312 490 ECCLESIASTlCIE
2353 435 2487 491 LIB.
2533 435 2624 492 Vl.

3549 436 3652 492 610

381 573 470 610 ναι
499 553 595 608 καὶ
630 552 764 624 πρὸς
795 552 858 605 τὸ
902 550 1056 606 θῦναι
1077 568 1089 581 ·
1122 553 1170 604 οἱ
1198 549 1254 603 δέ
1284 568 1428 615 τινες
1461 552 1803 622 ἑτοιμότερον
1852 554 1959 614 τοῖς

2067 551 2277 606 criticia
2304 557 2674 608 accedebant:
2705 548 2945 604 nonnulli
2982 548 3198 618 quidem
3233 547 3413 616 pallidi
3443 564 3507 604 ac
3531 561 3646 604 tre-

381 646 586 717 βωμοῖς
628 643 1009 716 προσέτρεχον,
1068 644 1467 714 ἰσχυριζόμενοι
1498 643 1607 716 (16)
1645 647 1712 715 τῇ
1761 643 1961 714 θρασύ-

379 754 501 808 τητι
543 736 604 790 τὸ
656 737 790 807 μηδέ
831 735 1095 806 πρότερον
1139 735 1454 806 Χριστιανοὶ
1487 735 1787 804 γεγονέναι.
1825 736 1961 807 Περὶ

377 822 452 884 ὧν
485 832 517 902 ή
550 829 642 883 τοῦ
684 828 889 900 Κυρίου
918 827 1220 900 πρόρρησις
1249 827 1611 899 ἀληθεστάτη,
1647 828 1728 880 ὅτι
1763 827 1958 880 δυσκό-

377 921 486 986 λως
516 920 868 990 σωθήσονται.
901 919 1021 973 Τῶν
1049 919 1105 972 δέ
1146 919 1352 972 λοιπῶν
1384 920 1433 972 oi
1469 920 1566 990 μὲν
1596 919 1811 972 εἵποντο
1841 919 1962 972 τού-

379 1031 491 1076 τοις
524 1013 826 1084 ἑκατέροις,
861 1013 910 1065 οί
957 1012 1012 1064 δὲ
1045 1012 1294 1081 ἔφευγον,
1339 1014 1386 1066 οἰ
1420 1012 1477 1064 δὲ
1506 1013 1805 1084 ἡλίσκοντο.
1849 1012 1961 1066 Καὶ

377 1103 581 1156 τούτων
615 1105 663 1155 οἱ
697 1102 795 1174 μὲν
828 1101 958 1173 ἄχρι
990 1102 1205 1172 δεσμῶν
1250 1102 1346 1155 καὶ
1379 1101 1626 1173 φυλακῆς
1674 1103 1960 1175 χωρήσαν-

376 1213 498 1260 τες·
534 1195 626 1248 καί
653 1211 797 1258 τινες
836 1195 931 1248 καὶ
965 1195 1215 1260 πλείονας
1261 1194 1476 1266 ἡμέρας
1522 1194 1956 1266 καθειρχθέντες,

380 1284 498 1342 εἶτα
523 1288 617 1342 κοιλ⁹
645 1287 773 1359 πρὶν
803 1288 884 1350 εἰς
911 1287 1258 1359 δικαστήριον
1289 1287 1572 1352 εἰσελθεῖν,
1591 1286 1957 1358 ἐξωμόσαντο,

377 1383 427 1436 ol
456 1382 514 1434 δὲ
546 1381 639 1434 καὶ
670 1379 923 1451 βασάνοις
945 1380 1037 1433 ἐπὶ
1063 1380 1229 1433 ποσὸν
1262 1380 1786 1452 ὲγκαρτερήσαντες,
1823 1381 1960 1452 πρὸς

378 1474 440 1526 τὸ
464 1473 591 1544 ἑξῆς
618 1474 868 1528 ἀπεῖπον.
902 1473 966 1524 Οί
997 1471 1054 1525 δὲ
1093 1472 1312 1544 στερροὶ
1353 1473 1448 1526 καὶ
1488 1473 1747 1542 μακάριοι
1777 1472 1960 1526 στύλοι

377 1564 469 1619 τοῦ
497 1565 726 1637 Κυρίου,
748 1563 1182 1637 κραταιωθέντες
1216 1567 1308 1618 ὑπ’
1335 1565 1522 1628 αὑτοῦ,
1559 1568 1652 1620 καὶ
1684 1568 1783 1639 τῆς
1813 1570 1963 1639 ίσχυ-

381 1660 479 1730 ρᾶς
512 1659 568 1711 ἐν
596 1659 807 1722 ἑαυτοῖς
842 1658 1078 1723 πίστεως
1119 1659 1272 1723 ἀξίαν
1317 1660 1412 1714 καὶ
1443 1662 1701 1730 ἀνάλογον
1733 1661 1961 1733 δύναμιν

377 1753 472 1806 καὶ
503 1751 796 1824 καρτερίαν
827 1751 1104 1818 λαϐόντες,
1137 1752 1440 1824 θαυμαστοὶ
1484 1755 1770 1824 γεγόνασιν
1794 1752 1959 1811 αὐτοῦ

377 1844 475 1916 τῆς
536 1843 810 1914 βασιλείας
859 1845 1155 1916 μάρτυρες.
1206 1839 1306 1900 Ὧν
1363 1846 1581 1918 πρῶτος
1650 1847 1957 1914 Ἰουλιανὸς,

377 1936 664 2010 ἄνθρωπος
693 1937 984 2011 ποδαγρὸς,
1012 1937 1088 2008 μὴ
1119 1939 1328 2010 στῆναι,
1367 1938 1441 2010 μὴ
1475 1939 1695 2010 βαδίσαι
1726 1940 1961 2012 δυνάμε-

375 2046 485 2096 νος,
522 2031 619 2084 σὺν
650 2031 856 2103 ἑτέροις
889 2031 982 2084 δύο
1006 2033 1118 2095 τοῖς
1145 2031 1404 2104 φέρουσιν
1438 2031 1621 2097 αὐτὸν,
1654 2035 1958 2107 προσήχθη.

376 2119 477 2180 Ὧν
509 2129 538 2182 ὁ
572 2127 674 2197 μὲν
709 2127 916 2200 ἕτερος,
947 2128 1110 2192 εὐθὺς
1137 2128 1415 2200 ἠρνήσατο
1437 2145 1450 2158 ·
1477 2131 1506 2183 ὁ
1533 2129 1578 2183 δ’
1612 2129 1800 2201 ἕτερος
1817 2131 1962 2200 Κρο-

376 2219 504 2273 νίων
559 2219 802 2291 ὀνόματι,
837 2220 1068 2292 ἐπίκλην
1095 2219 1152 2273 δὲ
1174 2219 1398 2286 Εὔνους,
1434 2221 1529 2276 καὶ
1563 2221 1730 2285 αὐτὸς
1763 2223 1791 2274 ό
1821 2238 1960 2292 πρε-

379 2310 582 2383 σϐύτης
638 2311 944 2377 Ἰουλιανὸς,
993 2309 1428 2382 ὁμολογήσαντες
1479 2312 1568 2366 τὸν
1595 2311 1821 2385 Κύριον,
1871 2312 1961 2368 διὰ

376 2401 558 2472 πάσης
585 2397 692 2470 ,τῆς
731 2398 937 2462 πόλεως
986 2398 1250 2470 μεγίστης
1279 2399 1467 2472 οὔσης,
1497 2399 1573 2466 ὡς
1609 2402 1742 2466 tm,
1775 2404 1960 2474 καμή..

374 2491 487 2556 λοις
519 2489 875 2562 ἐποχούμενοι
906 2491 1001 2543 καὶ
1030 2489 1294 2563 μετέωροι
1332 2491 1774 2564 μαστιγούμενοι,
1807 2494 1962 2560 τέλος

376 2583 625 2654 ἀσϐέστῳ
665 2583 800 2654 πυρὶ
833 2582 967 2654 (17),
999 2583 1432 2654 περικεχυμένου
1464 2583 1559 2639 τοῦ
1601 2586 1775 2658 δήμου
1824 2605 1962 2641 παν-

375 2675 486 2742 τὸς,
513 2675 881 2745 κατεκάησαν.
914 2672 1259 2747 Στρατιώτης
1289 2694 1350 2731 τε
1378 2677 1562 2741 αὐτοῖς
1590 2677 1960 2750 ἀπαγομένοις

375 2765 677 2838 παραστὰς,
702 2766 796 2819 καὶ
819 2767 932 2829 τοῖς
957 2765 1337 2839 ἐφυδρίζουσιν
1363 2768 1728 2834 ἐναντιωθεὶς,
1764 2769 1960 2842 ἐκϐοη-

376 2858 584 2912 σάντων
613 2859 854 2925 ἐκείνων,
885 2862 1216 2934 προσαχθεὶς
1250 2863 1279 2916 ό
1312 2860 1694 2934 ἀνδρειότατος
1718 2863 1960 2934 ὁπλομά-

375 2967 466 3020 χος
515 2947 608 3003 τοῦ
659 2948 793 3003 Θεοῦ
843 2951 1045 3023 Βησᾶς,
1095 2951 1198 3006 κᾶν
1239 2951 1317 3024 τῷ
1349 2952 1570 3023 μεγάλῳ
1614 2951 1839 3024 πολέμῳ
1881 2951 1960 3024 τῷ

374 3038 504 3110 περὶ
536 3039 636 3110 τῆς
662 3038 943 3104 εὐσεϐείας
967 3040 1316 3112 ἀριστεύσας,
1342 3037 1635 3112 ἀπετμήθη
1667 3038 1765 3110 τὴν
1791 3056 1962 3109 κεφα-

373 3128 471 3202 λήν
488 3147 502 3160 ·
539 3130 633 3185 καί
659 3149 742 3196 τις
775 3131 960 3205 ἕτερος
983 3133 1044 3187 τὸ
1075 3133 1172 3204 μὲν
1196 3133 1351 3202 γένος
1366 3130 1555 3196 Λίϐυς,
1587 3131 1687 3202 τὴν
1712 3129 1769 3183 δέ
1791 3146 1962 3202 προσ-

2067 641 2346 707 mebundi,
2392 642 2546 711 quasi
2587 656 2691 695 non
2737 639 3122 705 sacrilicaturi,
3167 639 3262 692 sed
3315 639 3414 707 ipsi
3466 641 3648 707 potius

2065 733 2408 787 victimarum
2439 734 2561 788 loco
2590 731 2747 787 idolis
2777 731 3091 785 immolandi
3125 741 3327 784 essent.
3355 731 3504 785 Adeo
3531 743 3588 785 ut
3619 747 3650 787 a

2064 825 2461 879 circumstante
2491 824 2834 878 multitudine
2873 824 3259 879 deriderentur
3287 841 3301 878 ε
3333 825 3529 894 quippe
3559 826 3650 894 qui

2065 917 2242 986 palam
2276 918 2530 972 omnibus
2552 917 2926 981 ostenderent,
2953 932 3010 971 se
3038 927 3146 972 tttm
3175 919 3241 972 ad
3275 919 3645 985 moriendum,

2069 1019 2177 1062 tum
2202 1009 2267 1062 ad
2303 1009 2720 1064 sacriﬁcandum
2762 1011 2961 1078 pusillo
2989 1012 3173 1064 animo
3204 1025 3344 1065 esse.
3378 1011 3481 1065 Alii
3521 1027 3652 1067 vero

2067 1100 2366 1169 promptius
2390 1100 2457 1154 ad
2489 1115 2613 1155 aras
2640 1100 3297 1162 accurrebant,audacter
3321 1101 3655 1161 aﬂirmantes

2065 1205 2342 1259 nunquam
2379 1205 2437 1244 se
2491 1199 2655 1244 antea
2708 1189 3048 1243 Christianos
3092 1188 3280 1242 fuisse.
3326 1189 3401 1242 De
3455 1189 3654 1258 quibus

2063 1282 2349 1336 verissime
2373 1281 2622 1351 przedixit
2651 1280 2780 1334 olim
2808 1279 3094 1340 Dominus,
3115 1278 3377 1346 ejusmodi
3401 1279 3652 1334 homines

2064 1387 2207 1443 aegre
2257 1373 2486 1427 salutem
2523 1383 2939 1427 consecuturos.
2989 1372 3181 1426 Caeteri
3228 1381 3406 1424 autem
3455 1373 3651 1440 partim

2065 1465 2360 1520 alterutros
2394 1479 2582 1519 eorum
2616 1479 2754 1532 quos
2782 1464 3020 1519 diximus
3043 1463 3430 1533 sequebantur,
3453 1464 3648 1533 partim

2065 1573 2125 1613 se
2152 1559 2206 1612 in
2237 1558 2420 1628 fugam
2450 1557 2668 1620 dabant,
2693 1559 2892 1626 partim
2913 1559 3546 1628 comprehendebantur.
3572 1559 3651 1614 ΕΣ

2065 1651 2262 1720 quibus
2299 1650 2537 1704 nonnulli
2562 1665 2685 1705 cum
2711 1666 2885 1721 usque
2916 1654 2982 1706 ad
3012 1651 3224 1705 vincula
3259 1662 3312 1706 et
3341 1653 3650 1707 custodiam

2065 1744 2333 1814 progressi
2395 1751 2604 1808 essent,
2638 1743 2860 1812 quidam
2893 1744 3056 1797 etiam
3109 1744 3387 1814 plusculos
3421 1745 3538 1798 dies
3595 1743 3649 1798 in

2064 1850 2289 1891 carcere
2334 1835 2746 1905 perstitissent,
2784 1835 2937 1906 prius
2984 1845 3163 1889 tamen
3200 1850 3364 1903 quam
3414 1835 3470 1889 in
3501 1835 3650 1903 judi-

2063 1929 2204 1984 cium
2230 1928 2646 1994 inducerenlur,
2682 1927 2842 1982 (idem
2876 1927 3187 1995 eiurarunt.
3237 1926 3491 1982 Nonnulli
3521 1943 3649 1984 vero

2063 2035 2184 2075 cum
2228 2020 2545 2089 aliquandiu
2576 2029 2847 2075 tormenta
2880 2019 3094 2075 fortiter
3127 2021 3539 2085 sustinuissent,
3577 2022 3647 2076 ad

2064 2113 2270 2182 reliqua
2293 2128 2416 2182 qua:
2439 2113 2857 2168 intentabantur
2882 2114 3146 2182 supplicia
3168 2115 3382 2168 animos
3412 2115 3648 2182 despon-

2063 2205 2282 2259 derunt.
2311 2205 2513 2260 Verum
2541 2206 2683 2259 beati
2717 2205 2790 2258 illi
2817 2221 2878 2259 ac
2904 2207 3129 2260 stabiles
3155 2205 3423 2261 columna:
3460 2206 3650 2260 Domi-

2062 2298 2138 2363 ni,
2163 2298 2231 2353 ab
2255 2298 2371 2368 ipso
2394 2298 2730 2362 conﬁrmati,
2761 2309 2815 2352 et
2843 2298 2964 2353 fidei
2993 2314 3105 2354 suae
3130 2300 3311 2353 robori
3342 2313 3649 2369 congruen-

2064 2399 2147 2446 tes
2194 2399 2250 2445 et
2280 2403 2347 2445 ex
2383 2404 2540 2460 aequo
2582 2391 2998 2458 respondentem
3035 2390 3144 2444 vim
3195 2401 3358 2460 atque
3396 2402 3648 2444 constan-

2065 2481 2192 2535 tiam
2249 2481 2417 2546 nacti,
2473 2481 2828 2536 admirabiles
2873 2482 3021 2551 regni
3061 2481 3203 2536 illius
3256 2491 3420 2536 testes
3467 2481 3647 2538 eﬂ'ecti

2062 2585 2209 2629 sunt.
2235 2573 2482 2641 Quorum
2512 2573 2787 2642 Julianus,
2813 2577 2898 2629 vir
2925 2576 3182 2646 podagrae
3206 2576 3486 2632 doloribus
3511 2591 3647 2631 con-

2063 2665 2309 2731 etrictus,
2355 2666 2449 2737 qui
2495 2682 2595 2722 nec
2627 2678 2775 2742 stare
2825 2676 3038 2737 poterat
3059 2683 3186 2725 .nec
3231 2667 3506 2732 incedere,
3538 2683 3649 2722 una

2061 2773 2185 2814 cum
2210 2760 2420 2815 duobus
2441 2759 2564 2814 aliis
2594 2761 2688 2829 qui
2715 2761 2894 2830 ipsum
2919 2761 3234 2831 portabant,
3253 2761 3518 2815 adductus
3540 2770 3646 2816 est.

2061 2849 2263 2906 Horum
2297 2851 2436 2906 alter
2465 2852 2649 2907 statim
2680 2853 2921 2922 negavit.
2951 2852 3105 2908 Alter
3139 2853 3359 2906 nomine
3383 2852 3648 2919 tlronion,

2061 2945 2152 3015 qui
2175 2945 2358 3000 Eunus
2377 2946 2886 3016 cognominabatur,
2913 2961 3139 3000 necnon
3163 2955 3218 3000 et
3235 2961 3402 3002 senex
3429 2948 3543 3016 ipse
3558 2944 3654 3000 Ju-

2063 3035 2263 3104 lianus,
2284 3049 2406 3091 cum
2430 3035 2706 3092 Christum
2730 3037 2962 3092 confessi
2986 3045 3192 3104 essent,
3213 3053 3311 3107 per
3332 3038 3646 3094 universam

2061 3127 2228 3200 239
2264 3128 2472 3190 urbem,
2501 3141 2625 3197 qua;
2657 3126 2900 3197 quidem,
2933 3134 2993 3180 ut
3019 3127 3210 3192 nostis,
3241 3130 3479 3182 maxima
3533 3139 3644 3196 est,

373 3220 602 3292 ηγορίαν
636 3219 753 3293 ἅμα
779 3223 872 3275 καὶ
907 3223 1006 3295 τὴν
1037 3223 1286 3292 εὐλογίαν
1330 3219 1538 3292 ἀληθὴς
1582 3219 1786 3291 Μάκαρ
1818 3219 1952 3292 (18),

2061 3219 2286 3275 camelis
2309 3219 2628 3287 insidentes,
2667 3219 2853 3289 ﬂagris
2891 3217 3154 3273 sublimes
3185 3218 3486 3284 verberati,
3521 3228 3646 3272 tan-

374 3314 690 3386 προτροπῆς
715 3312 861 3384 αὐτῷ
892 3313 1091 3385 πολλῆς
1136 3314 1242 3368 ὑπὸ
1272 3313 1365 3367 τοῦ
1401 3310 1659 3378 δικαστοῦ
1687 3311 1827 3383 πρὸς
1856 3312 1958 3384 ἀρ-

372 3421 525 3475 νησιν
552 3404 870 3476 γενομένης,
899 3406 996 3475 οὐχ
1027 3405 1312 3475 ὑπαχθεὶς,
1344 3404 1450 3470 ζῶν
1487 3403 1953 3474 καταπέφλεκται.

386 3493 687 3564 Ἑπίμαχός
728 3510 790 3546 τε
844 3495 960 3564 μετ’
1005 3495 1202 3558 αὐτοὺς
1245 3494 1340 3547 καὶ
1395 3492 1762 3564 Ἀλέξανδρος,
1817 3491 1956 3563 μετὰ

373 3582 540 3636 πολὺν
565 3581 674 3651 (19)
719 3581 778 3637 ὃν
812 3582 1034 3654 ἔμειναν
1065 3583 1342 3654 δεσμῶται
1374 3582 1588 3654 χρόνον,
1620 3583 1818 3654 μυρίας
1845 3581 1954 3635 διε-

372 3672 657 3741 νεγκόντες
705 3673 1038 3744 ἀλγηδόνας,
1095 3673 1390 3746 ξυστῆρας,
1450 3674 1756 3745 μάστιγας,
1819 3675 1955 3746 πυρὶ

371 3764 622 3835 ἀσϐέστῳ
665 3765 759 3818 καὶ
787 3761 931 3820 οὗτοι
980 3765 1322 3838 διεχύθησαν.
1356 3766 1467 3820 Καὶ
1509 3767 1605 3820 σὺν
1640 3767 1827 3832 αὐτοῖς
1857 3784 1956 3837 γυ-

371 3857 558 3920 ναῖκες
607 3857 904 3930 τέσσαρες·
972 3858 1350 3929 Ἀμμωνάριόν
1399 3876 1461 3912 τε
1498 3860 1630 3928 ἁγία
1662 3859 1953 3932 παρθένος,

372 3948 514 4002 πάνυ
558 3947 877 4017 φιλονείκως
921 3949 1090 4021 αὐτὴν
1144 3950 1488 4003 ἐπιπλεῖστον
1537 3949 1631 4004 τοῦ
1693 3951 1952 4005 δικαστοῦ

372 4039 782 4110 βασανίσαντος,
822 4040 916 4095 ἆτε
964 4043 1500 4114 προαποφηναμένην
1547 4043 1623 4107 ὡς
1677 4043 1842 4115 μηδὲν
1878 4035 1954 4096 ὧν

369 4134 574 4196 ἐκεῖνος
603 4133 835 4198 κελεύοι,
862 4131 1169 4202 φθέγξαιτο,
1205 4133 1554 4205 ἀληθεύσασα
1587 4135 1684 4206 τὴν
1719 4136 1956 4205 ἐπαγγε-

369 4225 510 4290 λίαν,
569 4224 830 4296 ἀπήχθη·
879 4226 937 4280 αἱ
984 4225 1042 4279 δὲ
1086 4224 1291 4291 λοιπαὶ,
1337 4227 1370 4298 ή
1428 4227 1952 4300 σεμνοπρεπεστάτη

369 4315 666 4389 πρεσϐύτις
694 4318 1029 4391 Μερκουρία,
1055 4320 1203 4392 καὶὴ
1228 4319 1498 4383 πολύπαις
1531 4319 1649 4391 μὲν,
1681 4321 1779 4391 οὐχ
1812 4321 1954 4393 ὑπὲρ

367 4406 459 4459 τὸν
498 4406 701 4478 Κύριον
731 4408 789 4462 δὲ
833 4411 1167 4482 ἀγαπήσασα
1212 4411 1414 4481 ἑαυτῆς
1453 4410 1524 4464 τὰ
1556 4410 1722 4464 τέκνα
1763 4413 1951 4467 Διονυ-

370 4497 462 4551 σία
485 4499 621 4570 (20),
645 4501 740 4554 καὶ
782 4501 1160 4575 Ἀμμωνάριον
1189 4504 1373 4575 ἑτέρα,
1399 4503 1842 4569 καταιδεσθέντος
1869 4506 1951 4568 είς

2059 3310 2181 3366 dem
2218 3309 2605 3365 ardentissimo
2659 3309 2807 3380 igne,
2850 3309 3184 3363 circumfusa
3240 3311 3406 3364 totius
3459 3311 3643 3379 pepuli

2059 3401 2443 3470 multitudine,
2489 3402 2798 3471 consumpti
2842 3408 2990 3455 sunt.
3035 3400 3188 3455 Miles
3225 3416 3357 3455 vero
3387 3401 3478 3470 qui
3512 3402 3646 3469 ipsis

2058 3491 2184 3547 dum
2210 3494 2278 3549 ad
2338 3492 2659 3563 supplicium
2698 3493 3031 3548 ducerentur
3079 3493 3314 3554 astabat,
3370 3503 3641 3547 etcentu-

2058 3585 2275 3640 meliam
2309 3577 2608 3641 inferentes
2655 3584 2994 3655 propulerat,
3026 3584 3190 3638 Besas
3229 3585 3469 3658 nomine,
3513 3599 3642 3640 con-

2057 3677 2328 3734 clamante
2358 3677 2622 3733 adversus
2653 3693 2774 3732 eum
2800 3676 2996 3746 populo
3028 3677 3081 3730 in
3115 3677 3204 3745 jus
3234 3678 3499 3733 adductus
3534 3689 3640 3734 est.

2062 3771 2164 3828 Ubi
2215 3770 2548 3827 fortissimus
2579 3772 2672 3827 Dei
2723 3781 3008 3842 pugnator,
3043 3786 3166 3825 cum
3225 3771 3277 3825 in
3314 3787 3512 3842 magno
3549 3771 3646 3825 illo

2059 3878 2158 3934 pro
2183 3863 2385 3932 pietate
2417 3865 2723 3920 certamine
2785 3873 3009 3918 strenue
3057 3877 3117 3917 se
3150 3863 3427 3932 gessisset,
3459 3865 3641 3918 securi

2058 3967 2347 4022 percussus
2393 3962 2496 4011 est.
2547 3954 2702 4008 Alius
2755 3953 2881 4008 item
2947 3953 3210 4008 oriundus
3258 3968 3322 4008 ex
3359 3952 3550 4027 Libya,
3587 3963 3646 4009 et.

2057 4043 2322 4098 vocabulo
2347 4052 2402 4098 et
2427 4044 2608 4098 divina
2637 4044 3021 4099 benedictione
3066 4058 3193 4098 vere
3222 4043 3429 4107 Macar,
3465 4060 3586 4098 eum
3609 4061 3642 4098 a

2050 4134 2233 4203 judice
2260 4136 2516 4191 omnibus
2569 4135 2746 4191 modis
2771 4135 3095 4191 sollicitatus
3127 4144 3186 4190 ut
3239 4136 3514 4191 Christum
3547 4153 3644 4194 ne-

2057 4238 2230 4300 garet,
2263 4228 2406 4283 ﬂecti
2436 4243 2710 4296 nunquam
2751 4229 3040 4297 potuisset,
3089 4227 3244 4282 vivus
3276 4229 3639 4284 comburitur.

2058 4321 2186 4375 Post
2215 4322 2312 4374 hos
2336 4320 2663 4391 Epimacltus
2689 4319 3091 4386 etAlexander,
3121 4337 3244 4376 cum
3279 4331 3398 4390 post
3425 4321 3642 4376 diutur-

2057 4428 2188 4466 num
2248 4411 2484 4467 carceris
2543 4412 2827 4474 horrorem
2879 4415 2930 4466 in
2979 4429 3089 4481 quo
3120 4412 3282 4467 vincti
3318 4427 3638 4480 permanse-

2057 4513 2203 4568 rant,
2257 4501 2466 4558 ferreos
2516 4517 2747 4573 ungues,
2779 4501 2944 4572 ﬂagra
2989 4518 3053 4557 ac
3089 4503 3234 4557 mille
3267 4503 3512 4558 dolorum
3541 4520 3639 4576 ge-

368 4591 628 4665 ἀνήνυτον
661 4593 740 4646 ἔτι
769 4593 1077 4665 βασανίζειν
1106 4596 1200 4650 καὶ
1233 4596 1339 4650 ὑπὸ
1364 4596 1638 4665 γυναικῶν
1661 4597 1949 4667 ἡττᾶσθαι,

2060 4609 2190 4648 nera
2242 4593 2613 4666 pertulissent,
2649 4593 2786 4648 viva:
2822 4595 2988 4650 calcis
3048 4595 3301 4649 incendio
3338 4597 3501 4650 etiam
3538 4598 3640 4664 ipsi

366 4683 460 4737 τοῦ
487 4685 774 4757 ήγεμόνος,
810 4687 1012 4760 σιδήρῳ
1039 4687 1276 4770 τεθνᾶσι,
1307 4688 1503 4761 μηκέτι
1542 4687 1789 4758 βασάνων
1824 4690 1945 4742 πεῖ-

437 4883 549 4956 (16)
586 4885 1056 4956 Ἰσχυριζόμενοι.
1090 4885 1329 4942 Positum
1360 4897 1442 4944 est
1479 4905 1577 4961 pro
1605 4889 1946 4964 διισχυριζό-

368 4972 542 5027 μενοι,

402 5098 413 5108 ⁸
439 5026 552 5107 (l7)
594 5024 888 5108 ’Agé’éq‘rcp
901 5030 1076 5108 :1:pr
1094 5033 1298 5108 _Pot_est
1326 5032 1490 5108 etiam
1516 5033 1654 5108 verti
1680 5033 1812 5108 pium
1836 5034 1948 5108 cnl-

363 5100 726 5170 cisincendio.
772 5100 861 5170 δίο
901 5101 1041 5154 infra
1075 5103 1142 5157 de
1191 5105 1489 5170 Epimacho
1532 5114 1583 5158 et
1632 5103 1944 5159 Alexandro

364 5167 520 5245 digit,
544 5167 676 5245 acup}.
699 5167 952 5245 ἀσϐέστῳ
967 5167 1312 5245 διεχύθησαν.
1342 5174 1444 5227 Pro
1469 5189 1578 5245 qu_o
1604 5172 1946 5245 Nicephorius

366 5235 530 5290 habet
551 5235 773 5307 τιτάνῳ.
807 5240 864 5293 In
898 5235 1104 5296 ιῐιεηιὲό
1134 5235 1198 5297 ad
1231 5247 1371 5298 diem
1407 5235 1498 5297 ὅθ’
1519 5235 1795 5307 Octobris,
1848 5246 1940 5299 ubi

363 5308 659 5382 {nentio‘iit
713 5310 903 5382 horum
951 5323 1252 5382 martyrum
1283 5314 1505 5374 Juliani.
1553 5313 1842 5369 Cronionis
1887 5324 1942 5368 et

365 5374 610 5497 algaearii,
644 5375 841 5446 legitur
868 5374 1136 5436 ἀσϐέστου
1171 5382 1384 5448 ζέοντος
1421 5383 1540 5436 κατ’
1567 5383 1747 5437 αὐτῶν
1775 5386 1940 5455 ἐκχυ-

429 5463 570 5497 ντοε.

429 5463 570 5510 ντος.

2057 4686 2427 4758 colliquefacti
2478 4689 2783 4757 perierunt.
2812 4687 3072 4742 Eumdem
3108 4703 3230 4742 cum
3270 4688 3403 4759 ipsis
3431 4689 3640 4745 exitum

2058 4897 2236 4952 locum
2262 4897 2334 4951 ita
2364 4897 2532 4951 vertit
2565 4914 2580 4948 :
2608 4896 2760 4950 Alius
2789 4895 3006 4964 quidam
3037 4895 3117 4948 rir
3135 4896 3365 4949 nominis
3388 4898 3474 4950 sui
3512 4895 3640 4952 Ila-

2053 4970 2253 5028 carius,
2295 4979 2446 5036 gente
2478 4966 2724 5034 Libycus.
2780 4967 2872 5020 Sic
2907 4965 3052 5019 enim
3097 4966 3276 5036 Latini
3320 4967 3638 5036 loquuntur,

2053 5048 2110 5090 ut
2141 5038 2446 5093 Trebellius
2480 5038 2654 5092 Pollio
2701 5037 2755 5090 in
2799 5036 3050 5101 Aureolo,
3089 5047 3144 5091 et
3191 5035 3540 5108 Lampridius
3583 5039 3638 5092 in
3680 5045 3684 5049 ’

2052 5105 2360 5159 Commodo.

2097 5124 2360 5161 οηιηιοαο.

2125 5177 2237 5244 (l9)
2268 5176 2431 5232 Μετὰ
2468 5178 2689 5231 πολύν.
2719 5175 2810 5231 Sic
2839 5177 2890 5231 in
2924 5177 3084 5233 codd.
3125 5175 3383 5232 Medicam
3403 5192 3467 5233 ac
3495 5177 3636 5232 Mal.

2047 5246 2185 5302 Fnk.
2218 5259 2272 5300 et
2309 5249 2478 5302 Savil.
2526 5258 2582 5300 et
2627 5249 2767 5316 apud
2798 5247 3091 5317 Georgium
3139 5249 3451 5318 Syncellmn
3503 5249 3640 5316 legi-

2052 5327 2173 5383 tur;
2222 5333 2345 5386 quze
2389 5318 2554 5372 lectio
2624 5321 2795 5382 magis
2843 5319 3015 5386 placet
3058 5335 3220 5388 quam
3261 5318 3460 5383 vulgati
3516 5319 3638 5388 μετ’

2046 5388 2130 5451 οὗ,
2183 5397 2238 5440 et
2290 5388 2467 5441 Ruﬁni
2526 5392 2855 5441 auctoritate
2908 5390 3284 5442 confirmatur.
3342 5389 3395 5441 In
3447 5391 3638 5442 codice

2048 5457 2220 5527 Regio
2242 5457 2439 5528 legitur
2463 5457 2628 5512 etiam
2659 5457 2718 5512 ὃν
2746 5459 3052 5527 ἐνέμειναν,
3079 5468 3186 5514 etc.
3216 5462 3350 5525 Quae
3395 5459 3555 5528 lectio
3587 5458 3634 5510 si

417 5515 547 5595 .(l8)
574 5519 688 5600 ’Καὶ
724 5517 840 5600 τὴν
875 5524 1162 5600 εὐλογίαν)
1207 5524 1709 5600 ἀληθὴς-Μάκαρ.
1735 5524 1940 5600 Alludit

2060 5515 2323 5600 veraest:
2362 5529 2588 5583 omnino
2631 5515 3091 5600 abesse-oportet
3129 5515 3438 5599 negativam
3484 5527 3632 5580 illam

367 5586 655 5667 Dionysius
685 5594 750 5643 ad
786 5586 950 5668 verba
985 5586 1070 5647 illa
1098 5586 1745 5668 Christi'inuEvangelio,
1781 5595 1936 5648 Beati
2043 5586 2387 5668 particulam.

364 5658 506 5722 estis,
536 5674 652 5710 cum
683 5666 941 5734 persecuti
966 5682 1054 5718 vos
1083 5665 1280 5733 fuerint
1323 5658 1743 5730 hominem—etc;
1783 5668 1928 5734 quod

366 5736 542 5798 tamen
572 5743 676 5782 non
706 5731 836 5785 vidit
860 5731 1403 5798 Christophorsonus.
1436 5735 1536 5798 Qui
1574 5735 1738 5788 etiam
1769 5734 1780 5788 i

367 5796 868 5878 hallucinatus_est,
895 5806 1039 5871 quod
1071 5796 1366 5878 Macarimn
1394 5796 1536 5878 lnl'nc
1569 5803 1926 5878 facit_Afrm_n

365 5875 462 5931 PI'O
484 5865 697 5936 Libyco.
727 5865 1014 5942 Eleganter
1040 5886 1218 5930 autem
1255 5875 1478 5932 Rulinus
1508 5875 1650 5932 hunc
1685 5874 1926 5946 Dionysii

2116 5667 2230 5740 (20)
2258 5667 2564 5740 Διονυσία.
2590 5667 2723 5740 Post
2752 5669 2868 5723 haec
2898 5671 3064 5725 verba
3103 5668 3286 5724 addidi
3316 5683 3390 5740 ex
3427 5666 3632 5740 Rutino

1436 5735 1536 5802 Qui
1574 5735 1820 5810 etiant‘ip
1862 5751 1928 5791 eo

2060 5735 2531 5810 ιαῖἈμμωνάριον
2563 5738 2746 5810 ἐτέρα.
2775 5741 3020 5805 Quatuor
3045 5742 3189 5798 enim
3220 5737 3476 5794 mulieres
3507 5737 3634 5794 illa!

2038 5807 2400 5881 iuisseﬁsnpra
2419 5807 2568 5866 dixit
2601 5807 2908 5881 Dionysius.
