4222 6392
608 406 704 462 6H

1348 401 1617 458 EUSEBII
1656 399 2140 457 CESARIENSIS
2180 399 2335 456 OPP.
2373 400 2553 457 PARS
2590 401 2628 457 I.
2665 433 2734 444 —
2771 400 3162 459 HISTORICA.

3763 408 3874 465 (ΗΞ.

603 519 816 575 sortitae
839 525 967 573 sunt
1000 526 1230 587 quatuor
1277 517 1554 572 mulieres.
1617 519 2028 573 Ammonarium
2059 520 2151 584 qui

2288 536 2388 589 ραν
2416 518 2697 573 λαϐοῦσαι.
2748 520 2860 583 Τάς
2908 520 3018 593 γὰρ
3062 522 3204 593 ὑπὲρ
3250 523 3459 586 πασῶν,
3516 526 3547 578 ὁ
3589 521 3873 599 πρόμαχος

603 612 724 665 dem
772 609 925 679 virgo
980 610 1351 673 sanctissima,
1409 625 1532 663 ettm
1580 626 1607 662 a
1663 610 1848 677 judice
1877 610 2186 665 diutissime

605 711 747 756 torta
774 700 987 765 fuisset,
1016 700 1223 770 ingenti
1258 715 1380 755 cum
1404 701 1705 769 pertinacia
1733 710 2020 770 propterea
2041 700 2183 770 quod

602 794 779 862 palam
807 793 1159 864 praedixerat,
1188 792 1322 847 nihil
1345 807 1537 847 eorum
1597 807 1719 863 qua:
1749 793 1916 862 jttdex
1940 792 2183 859 jttsscrat

601 887 936 957 prolaturam
978 899 1039 941 se
1076 899 1221 947 esse,
1279 884 1725 953 pollicitationem
1774 900 1924 939 suam
1952 899 2182 939 exsecu-

602 978 732 1033 tioni
781 977 1069 1041 mandans,
1134 975 1201 1029 ad
1238 976 1568 1043 supplicium
1616 976 1846 1030 abducta
1880 986 1984 1029 est.
2019 975 2181 1029 Resi-

600 1075 721 1129 duze
751 1086 903 1137 vero,
959 1070 1227 1126 Mercuria
1278 1070 1485 1125 scilicet
1545 1084 1682 1123 anus
1721 1068 1989 1139 imprimis
2013 1084 2179 1124 vene-

598 1167 789 1231 randa,
833 1175 888 1218 et
921 1163 1200 1236 Dionysia,
1238 1163 1597 1233 plurimorum
1630 1162 1848 1231 quidem
1882 1161 2177 1217 liberorum

598 1269 794 1325 mater,
827 1257 920 1312 sed
946 1271 1065 1327 quae
1088 1256 1313 1326 pignora
1343 1269 1439 1308 sua
1475 1255 1669 1307 minori
1698 1268 1860 1323 quam
1887 1254 2177 1308 Dominum

598 1348 868 1405 charitate
905 1346 1187 1414 complexa
1239 1352 1326 1399 est
1358 1363 1373 1398 :
1411 1354 1465 1398 et
1507 1343 1611 1398 alia
1665 1357 1856 1397 rursus
1885 1342 2179 1399 Ammona-

598 1445 736 1495 rium
766 1456 927 1496 :cum
956 1436 1273 1508 praefectum
1313 1435 1426 1505 jam
1454 1437 1680 1505 pulcret
1702 1451 1797 1491 cas
1833 1435 2063 1490 ulterius
2088 1437 2174 1490 in-

595 1547 811 1588 cassum
867 1539 1149 1599 torquere,
1200 1538 1257 1583 et
1313 1542 1341 1580 a
1399 1525 1616 1581 feminis
1666 1527 1934 1595 superari,
1993 1527 2176 1598 gladio

594 1639 749 1678 casa:
784 1632 929 1685 sunt,
977 1620 1140 1674 nullis
1166 1620 1316 1687 prius
1366 1618 1652 1673 tormentis
1681 1618 1934 1674 subditm.
1960 1618 2172 1673 Etenim

591 1728 779 1768 earum
810 1712 1062 1783 princeps
1086 1719 1141 1766 et
1202 1710 1560 1779 antesigttana
1603 1709 2038 1776 Ammouarium,
2075 1725 2175 1779 pro

591 1803 845 1856 omnibus
875 1810 1141 1856 tormenta
1181 1799 1502 1870 pertulerat.
1549 1798 1728 1854 Heron
1762 1801 1927 1855 etiam
1957 1812 2012 1855 et
2044 1803 2174 1855 Διει-

2300 611 2352 661 Ἀ
2365 610 2679 681 μμωνάριον
2719 610 3029 665 ἀνεδέδεκτο
3084 612 3371 683 βασάνους.
3424 615 3612 687 Ἥρων
3668 616 3724 670 δὲ
3777 617 3876 673 καὶ

2298 701 2462 773 Ἀτὴρ
2485 701 2597 773 (21)
2639 704 2731 757 καὶ
2777 703 3047 776 Ἰσίδωρος
3077 704 3392 774 Αἰγύπτιοι,
3427 707 3521 761 καὶ
3547 709 3645 761 σὺν
3686 710 3874 775 αὐτοῖς

2285 793 2571 867 παιδάριον
2612 796 2688 859 ὡς
2730 797 3256 868 πεντεκαιδεκαέτης
3290 801 3320 853 ὁ
3353 801 3664 876 Διόσκορος,
3702 823 3874 878 παρε-

2282 885 2513 956 δόθησαν
2533 903 2547 916 ·
2584 887 2680 940 καὶ
2705 886 2923 959 πρῶτον
2950 888 3011 941 τὸ
3043 890 3328 961 μειράκιον
3351 891 3531 961 λόγοις
3567 911 3628 948 τε
3655 897 3872 969 ἀπατᾷν

2282 979 2358 1042 ὠς
2407 979 2824 1050 εὐπαράγωγον,
2870 981 2966 1033 καί
3014 980 3265 1050 βασάνοις
3310 988 3750 1055 καταναγκάζειν
3791 990 3871 1057 ὡς

2281 1070 2557 1124 εὐένδοτον
2583 1070 2947 1142 πειρωμένου,
2976 1071 3099 1126 οὕτε
3122 1074 3351 1147 ἐπείσθη
3372 1075 3496 1130 οὔτε
3519 1074 3660 1143 εἶξεν
3679 1081 3869 1135 ὀΔιόσ-

2281 1179 2461 1233 κορος.
2500 1163 2639 1226 Τοὺς
2664 1162 2720 1215 δὲ
2737 1162 2959 1229 λοιποὺς
2980 1166 3296 1238 ἀγριώτατα
3317 1168 3649 1240 καταξήνας,
3666 1173 3869 1245 ἐγκαρ-

2278 1258 2637 1328 τερήσαντας,
2683 1258 2817 1330 πυρὶ
2864 1259 2958 1313 καὶ
3006 1260 3229 1325 τούτους
3262 1263 3635 1334 παραδέδωκε,
3679 1266 3772 1320 τὸν
3807 1268 3866 1322 δὲ

2277 1351 2570 1421 Διόσκορον
2609 1350 3127 1424 ἐλλαμπρυνάμενόν
3162 1372 3221 1408 τε
3259 1355 3517 1428 δημοσίᾳ,
3551 1358 3646 1412 καὶ
3690 1360 3866 1429 σοφώ-

2278 1457 2414 1492 τατα
2444 1440 2580 1511 πρὸς
2613 1438 2713 1503 τάς
2741 1440 2879 1505 ἰδίας
2922 1441 3143 1507 πεύσεις
3182 1445 3621 1518 ἀποκρινάμενον
3653 1447 3866 1521 θαυμά-

2277 1548 2412 1595 σας.
2444 1532 2715 1603 παρῆκεν,
2746 1533 3037 1605 ὑπέρθεσιν
3067 1537 3245 1607 φήσας
3281 1540 3362 1601 εἰς
3393 1539 3677 1609 μετάνοιαν
3716 1542 3865 1614 αὐτῷ

2275 1622 2361 1677 διὰ
2384 1624 2484 1695 τὴν
2510 1624 2728 1696 ἡλικίαν
2767 1627 3108 1698 ὲπιμετρείν.
3147 1629 3258 1683 Καὶ
3280 1628 3376 1683 νῦν
3404 1632 3434 1684 ὁ
3459 1630 3866 1703 θεοπρεπέστα-

2273 1733 2366 1780 τος
2408 1718 2505 1769 σὺν
2548 1718 2681 1787 ἡμῖν
2725 1718 2841 1771 ἐστι
2888 1719 3211 1791 Διόσκορος,
3251 1721 3330 1784 είς
3384 1722 3723 1795 μακρότερον
3769 1724 3865 1780 τὸν

2274 1809 2461 1878 ἀγῶνα
2490 1811 2585 1864 καὶ
2609 1810 2992 1883 διαρκέστερον
3021 1812 3210 1882 μείνας
3236 1812 3329 1867 τὸν
3358 1809 3540 1869 ἆθλον.
3575 1816 3863 1886 Νεμεσίων

590 1904 645 1947 et
675 1892 932 1955 Isidorus,
972 1890 1239 1962 Egyptii,
1296 1904 1530 1959 cumque
1566 1890 1670 1945 illis
1700 1888 1992 1946 Dioscorus
2015 1906 2164 1960 puer.

2278 1870 2336 1961 δέ
2370 1924 2455 1970 τις
2491 1870 2742 1971 κάκεῖνος
2781 1870 3097 1976 Αἰγῦπτιος,
3147 1870 3561 1982 ἐσυκοφαντήθη
3614 1870 3736 1982 μέν,
3783 1870 3862 1977 ὧς

591 2001 761 2042 annos
783 1984 999 2040 circiter
1019 1983 1333 2055 quindecim
1389 1992 1569 2050 natus,
1611 1983 1779 2051 judici
1819 1983 1983 2039 oblati
2023 1994 2168 2042 sunt.

590 2078 655 2131 Et
679 2093 799 2131 cum
826 2069 991 2146 jude'x
1019 2077 1254 2146 primum
1283 2084 1413 2131 ante
1459 2076 1593 2130 alios
1611 2075 2001 2132 adolescean
2025 2073 2174 2129 Dios-

589 2182 801 2233 corum,
839 2163 1035 2236 partim
1092 2164 1440 2221 sermonibus
1468 2172 1529 2219 ut
1570 2164 1862 2220 ﬂexibilem
1893 2165 2166 2236 decipere,

587 2261 787 2329 partim
827 2256 1121 2314 tormentis
1182 2266 1244 2312 ut
1295 2257 1514 2312 mollem
1569 2271 1633 2313 ac
1669 2267 1918 2313 tenerum
1971 2273 2168 2330 cogere

585 2349 930 2413 tentavisset,
961 2347 1051 2403 ille
1102 2362 1203 2402 nec
1235 2348 1685 2417 persuasionibus
1715 2349 1881 2405 cessit
1926 2363 2025 2404 nec
2060 2360 2171 2403 tor-

585 2441 805 2497 mentis.
859 2440 1071 2509 Reliqui
1103 2440 1484 2495 crudelissime
1535 2442 1831 2504 verberati,
1874 2456 1999 2497 cum
2034 2455 2164 2495 cru-

581 2534 757 2588 ciatus
797 2532 1013 2588 fortiter
1056 2533 1465 2596 sustinuissent,
1531 2532 1641 2603 igni
1697 2532 1861 2586 etiam
1912 2530 2012 2600 ipsi
2040 2540 2167 2585 sunt

582 2626 793 2681 traditi.
859 2625 1176 2679 Dioscorum
1224 2638 1355 2678 vero
1387 2625 1477 2693 qui
1509 2624 1563 2677 in
1600 2625 1841 2679 omnium
1867 2633 2162 2695 conspectu

580 2717 936 2782 inclaruerat,
971 2725 1024 2771 et
1047 2716 1139 2786 qui
1172 2715 1240 2771 ad
1264 2717 1447 2771 omnia
1499 2716 1839 2787 interrogata
1869 2714 2165 2785 sapientis-

579 2814 718 2870 sime
771 2811 1149 2880 responderat,
1190 2810 1497 2865 admiratus
1540 2808 1705 2878 judex
1763 2808 1993 2875 dimisit,
2038 2822 2163 2878 spa-

580 2911 714 2961 tium
741 2920 802 2962 se
827 2904 901 2959 illi
929 2904 993 2959 ad
1023 2901 1398 2974 ptenitentiam
1452 2900 1754 2957 concedere
1781 2898 2057 2955 afﬁrmans
2091 2901 2161 2955 ob

576 3001 754 3054 aetatis
813 2996 1212 3053 inﬁrmitatem.
1249 2992 1317 3048 Et
1367 3006 1513 3047 nunc
1567 2991 1851 3048 nobiscum
1888 2999 2161 3059 versatur

582 3090 799 3146 divinus
847 3088 1162 3153 Dioscorus,
1204 3086 1259 3141 in
1318 3084 1494 3153 majus
1536 3099 1599 3139 ac
1628 3083 1937 3140 diuturnius
1994 3081 2160 3155 250

573 3195 853 3239 certamen
913 3190 1248 3237 reservatus.
1302 3176 1409 3233 Sed
1452 3187 1508 3233 et
1555 3177 1850 3234 Nemesion
1908 3177 2153 3247 quidam,

570 3277 737 3331 etiam
768 3277 885 3347 ipse
926 3272 1236 3346 Egyptius,
1282 3275 1520 3346 primum
1553 3271 1769 3345 quidem
1822 3269 1959 3326 falso
1993 3284 2158 3325 accu-

570 3374 724 3422 satus
758 3365 941 3421 fuerat
971 3374 1247 3436 tamquam
1304 3365 1488 3421 socius
1542 3372 1598 3419 et
1627 3361 2038 3419 contubernalis
2078 3360 2157 3414 la-

572 3469 813 3519 tronum.
864 3457 1064 3512 Postea
1101 3472 1232 3514 vero
1259 3473 1383 3513 cum
1411 3457 1554 3527 apud
1605 3455 1981 3511 centurionem
2014 3453 2157 3508 hanc

570 3550 897 3607 calumniam
922 3566 950 3606 a
979 3566 1040 3608 se
1072 3551 1267 3621 utique
1286 3548 1681 3605 alienissimam
1714 3546 2034 3618 depulisset,
2060 3546 2156 3600 de-

572 3644 713 3699 latus
741 3645 888 3712 quod
923 3643 1274 3698 Christianus
1298 3648 1467 3706 esset,
1503 3638 1571 3695 ad
1594 3639 1910 3711 praafectum
1938 3639 2157 3693 vinctus

568 3733 878 3788 adducitur.
937 3732 1009 3787 At
1060 3731 1151 3787 ille
1203 3732 1583 3802 iniquissimus
1639 3728 2148 3798 judex,postquam

567 3840 693 3883 eum
716 3824 880 3894 duplo
904 3823 1248 3896 gravioribus
1273 3839 1439 3893 quam
1494 3823 1738 3893 reliquos
1767 3821 2009 3876 latrones
2034 3828 2149 3874 tor-

570 3918 771 3975 mentis
802 3933 868 3973 ac
897 3916 1226 3974 verberibus
1252 3917 1546 3984 affecisset,
1585 3917 1729 3971 inter
1768 3912 2008 3968 latrones
2032 3910 2152 3980 jus-

566 4010 645 4066 sit
697 4010 938 4067 incendi.
998 4009 1065 4065 Et
1125 4010 1205 4066 sic
1267 4009 1355 4064 vir
1400 4008 1746 4065 beatissimus
1796 4003 2150 4060 similitudine

2276 1993 2341 2065 δὴ
2389 1992 2636 2059 σύνοικος
2680 1994 2914 2068 λῃστῶν,
2942 1996 3350 2067 ἀποδυσάμενος
3377 1998 3434 2052 δὲ
3462 1999 3664 2072 ταύτην
3707 2001 3861 2073 παρὰ

2275 2082 2356 2154 τῷ
2388 2083 2767 2156 ἐκατοντάρχῳ
2793 2084 2893 2157 τὴν
2926 2083 3364 2159 ἀλλοτριωτάτην
3393 2088 3514 2142 κατ’
3541 2089 3706 2143 αὑτοῦ
3744 2090 3860 2145 δια-

2277 2174 2463 2246 ϐολὴν,
2512 2176 2922 2248 καταμηνυθεὶς
2953 2178 3030 2243 ὡς
3060 2178 3404 2251 Χριστιανὸς,
3438 2176 3542 2253 ἧκε
3574 2181 3858 2254 δεσμώτης

2275 2268 2371 2321 ἐπῖ
2395 2267 2485 2323 τὸν
2518 2268 2840 2341 ἡγούμενον.
2878 2270 2937 2324 Ὁ
2974 2270 3035 2324 δὲ
3080 2270 3414 2336 ἀδικώτατος
3441 2272 3660 2338 διπλαῖς
3690 2274 3855 2329 αὑτὸν

2272 2358 2305 2431 ἦ
2336 2361 2461 2423 τοὺς
2487 2360 2691 2434 λῃστὰς
2715 2363 2836 2425 ταῖς
2866 2378 2927 2414 τε
2959 2360 3212 2432 βασάνοις
3242 2362 3336 2417 καὶ
3365 2365 3485 2428 ταῖς
3521 2362 3741 2435 μάστιξι
3765 2363 3859 2420 λυ-

2276 2451 2607 2523 μηνάμενος,
2628 2450 2830 2523 μεταεὺ
2848 2452 2958 2506 τῶν
2980 2451 3193 2524 λῃστῶν
3221 2455 3540 2527 κατέφλεξε,
3554 2458 3856 2529 τιμηθέντα

2270 2543 2363 2597 τὸν
2386 2542 2651 2617 μακάριον
2681 2543 2760 2615 τῷ
2783 2543 2878 2597 τοῦ
2908 2544 3147 2617 Χριστοῦ
3176 2546 3599 2618 παραδείγματι.
3637 2549 3854 2621 Ἀθρόον

2269 2634 2325 2689 δέ
2342 2653 2396 2689 τι
2418 2634 2704 2707 σύνταγμα
2724 2635 2859 2707 (21⁸)
2879 2638 3288 2708 στρατιωτικὸν,
3305 2639 3539 2711 Ἄμμων
3556 2641 3649 2694 καὶ
3664 2642 3853 2711 Ζήνων

2270 2727 2363 2780 καὶ
2392 2726 2726 2798 Πτολεμαῖος
2785 2727 2880 2781 καὶ
2922 2727 3187 2799 Ίγγένης,
3222 2729 3317 2781 καὶ
3358 2730 3460 2783 σὺν
3486 2730 3672 2794 αὐτοῖς
3714 2747 3853 2803 πρε-

2270 2812 2473 2885 σϐύτης
2501 2813 2778 2883 Θεόφιλος,
2826 2815 3173 2886 εἰστήκεισαν
3215 2817 3323 2887 πρὸ
3348 2817 3443 2872 τοῦ
3465 2818 3847 2891 δικαστηρίου·

2268 2904 2588 2974 κρινομένου
2615 2905 2679 2977 δή
2713 2921 2857 2970 τινος
2882 2906 2958 2970 ὡς
2986 2907 3311 2978 Χριστιανοῦ
3338 2909 3432 2964 καὶ
3462 2909 3600 2981 πρὸς
3622 2910 3851 2981 ἄρνησιν

2265 2993 2365 3066 ἥδη
2399 2994 2672 3065 ρέποντος,
2703 2996 2953 3067 ὲπρίοντο
2981 2991 3124 3051 οὗτοι
3160 3000 3589 3070 παρεστηκότες,
3613 3001 3709 3056 καὶ
3732 3002 3849 3067 τοῖς

2263 3101 2325 3137 τε
2356 3083 2670 3157 προσώποις
2721 3086 2983 3153 ἐνένευον,
3036 3090 3131 3142 καὶ
3170 3089 3271 3153 τὰς
3319 3094 3508 3162 χεῖρας
3554 3092 3845 3158 ἀνέτεινον,

2265 3176 2361 3230 καὶ
2393 3178 2918 3249 συνεσχηματίζοντο
2945 3181 3061 3244 τοῖς
3091 3180 3359 3252 σώμασιν.
3404 3183 3769 3257 Ἐπιστροφῆς
3787 3185 3845 3240 δὲ

2262 3268 2478 3322 πάντων
2524 3269 2661 3339 πρὸς
2700 3270 2898 3334 αὐτοὺς
2947 3273 3268 3344 γενομένης,
3303 3274 3437 3346 πρίν
3470 3292 3621 3339 τινας
3664 3276 3844 3329 αὐτῶν

2261 3359 2454 3424 ἄλλους
2479 3359 2758 3425 λαϐέσθαι,
2794 3362 3096 3431 φθάσαντες
3129 3365 3222 3419 ἐπὶ
3248 3365 3309 3419 τὸ
3356 3365 3554 3439 βάθρον
3582 3366 3693 3440 (22)
3723 3368 3846 3422 ἀνέ-

2259 3451 2486 3524 δραμον,
2511 3449 2648 3508 εἶναι
2670 3455 2987 3525 Χριστιανοὶ
3009 3456 3276 3525 λέγοντες,
3306 3458 3383 3523 ὡς
3408 3461 3498 3514 τόν
3517 3478 3574 3514 τε
3596 3461 3843 3534 ἡγεμόνα

2259 3544 2354 3598 καὶ
2380 3546 2508 3609 τοὺς
2537 3544 2826 3618 συνέδρους
2851 3548 3125 3618 ὲμφόὸους
3155 3549 3429 3618 γενέσθαι,
3463 3554 3558 3607 καὶ
3581 3554 3712 3617 τοὺς
3742 3553 3843 3625 μὶν

2257 3635 2612 3707 κρινομένους
2638 3636 3124 3710 εὐθαρσεστάτους,
3155 3641 3240 3711 ἐφ’
3272 3637 3355 3706 οἷς
3384 3644 3684 3709 πείσονται,
3718 3645 3837 3715 φαί-

2255 3724 2462 3787 νεσθαι,
2495 3727 2622 3790 τοὺς
2649 3727 2709 3780 δὲ
2734 3727 3051 3795 δικάζοντας
3074 3730 3401 3803 άποδειλιᾷν.
3431 3735 3541 3787 Καὶ
3562 3729 3707 3789 οὗτοι
3742 3733 3843 3804 μὲν

2256 3820 2322 3872 ὲκ
2347 3819 2714 3891 δικαστηρίων
2754 3821 3169 3892 ἐνεπόμπευσαν
3195 3823 3290 3878 καὶ
3321 3824 3725 3894 ἠγαλλιάσαντο
3766 3828 3835 3896 τῇ

2259 3911 2554 3982 μαρτυρίᾳ,
2607 3910 3031 3984 θριαμϐεύοντος
3062 3913 3175 3988 (25)
3220 3916 3419 3979 αὐτοὺς
3467 3915 3693 3982 ἐνδόξως
3741 3914 3837 3973 τοῦ

2255 4001 2410 4055 Θεοῦ.
2435 4021 2454 4055 ι

563 4102 770 4159 Christi
807 4103 1111 4159 honoratus
1168 4112 1279 4159 est.
1328 4101 1500 4158 Porro
1536 4102 1824 4156 universus
1864 4095 2028 4152 simul
2078 4095 2312 4151 militum
2375 4095 2687 4166 manipulus
2744 4096 2977 4153 Ammon
3047 4097 3255 4154 scilicet
3310 4098 3477 4164 Zeno,
3514 4095 3838 4155 Ptolemaeus

561 4209 620 4255 et
682 4198 975 4270 lngenuus,
1024 4213 1263 4269 cumque
1315 4198 1423 4254 illis
1459 4212 1627 4254 senex
1685 4192 2041 4265 Theophilus,
2082 4202 2209 4249 ante
2248 4194 2563 4263 praetorium
2610 4194 2852 4249 stabant.
2902 4194 3117 4250 Etcum
3169 4195 3389 4266 quidam
3432 4200 3503 4251 ob
3567 4196 3836 4252 Christia-

564 4305 689 4345 nam
725 4291 1044 4363 religionem
1084 4291 1139 4346 itt
1167 4290 1433 4360 judicium
1479 4290 1753 4355 inductus,
1782 4285 2117 4358 jamjamque
2155 4298 2457 4357 negaturus
2527 4286 2812 4345 Christum
2880 4288 3182 4354 videretur,
3238 4288 3314 4344 illi
3349 4300 3596 4346 astantes
3655 4288 3837 4345 denti-

564 4384 668 4439 bus
736 4384 997 4451 stridere,
1060 4384 1210 4440 vultu
1240 4385 1496 4450 innuere,
1563 4398 1759 4439 manus
1806 4383 2125 4446 extendere,
2158 4395 2224 4435 ac
2263 4380 2429 4435 totius
2476 4379 2639 4436 simul
2692 4381 2942 4452 corporis
3002 4392 3182 4437 motus
3209 4392 3505 4452 gestusque
3532 4381 3698 4439 edere
3718 4398 3835 4439 cat-

560 4487 783 4549 perunt.
834 4478 1082 4549 Cumque
1132 4477 1376 4533 omnium
1434 4478 1488 4532 in
1520 4491 1579 4532 se
1634 4475 1827 4531 oculos
1875 4475 2296 4539 convertissent,
2359 4474 2677 4546 priusquam
2737 4474 2809 4529 ah
2867 4474 3049 4544 aliquo
3079 4476 3700 4547 compreheuderentur,
3729 4476 3833 4546 ipsi

559 4570 626 4625 ad
653 4571 972 4627 subsellium
996 4579 1366 4636 accurrentes,
1405 4567 1748 4624 Christianos
1805 4583 1867 4625 se
1897 4581 2019 4625 esse
2047 4567 2281 4637 professi
2338 4575 2485 4623 sunt.
2518 4565 2638 4632 Quo
2659 4565 2805 4623 facto
2858 4566 3149 4637 praefectus
3203 4575 3260 4623 et
3289 4583 3597 4625 assessorcs
3648 4569 3742 4640 qui
3766 4571 3833 4627 in

632 4749 746 4823 (21)
784 4749 907 4823 Καὶλ
931 4749 1129 4823 Ἀτήρ.
1147 4749 1301 4823 Apud
1324 4748 1949 4823 GeorgitttnASynccllum
1980 4757 2035 4805 et
2057 4746 2145 4823 Ni-
2174 4751 2225 4808 Di
2247 4757 2430 4803 vetere
2456 4746 2839 4823 Martyrologig
2865 4747 3130 4823 ﬂamma,
3166 4749 3367 4823 natalis
3396 4749 3589 4806 horum
3621 4759 3832 4823 marty-

556 4818 852 4890 cepltorum
896 4818 1362 4890 legitui-‘Ao'nip.
1410 4822 1464 4876 ln
1515 4818 1737 4884 Rufino,
1772 4821 2021 4875 Arsinus.
2076 4819 2133 4874 In
2249 4819 2623 4890 rumpottjtttr
2650 4818 2841 4890 dieAl5
2864 4819 3136 4890 Kalendas
3159 4818 3473 4874 Ianuarias.

558 4886 742 4945 vetere
799 4886 1182 4961 Martgrologio
1235 4886 1494 4955 Romano,
1539 4891 1681 4959 quod
1735 4899 2132 4961 magnaiparte
2244 4960 2249 4961 ί
2312 4888 2424 4959 (22)
2471 4887 2596 4961 Ἐπί
2624 4886 2691 4941 τὸ
2714 4887 2968 4959 βάθρον.
2986 4889 3313 4945 Sttbsellt'um
3336 4890 3561 4961 intelligi
3592 4891 3830 4957 videtur,

555 4961 903 5032 desumptum
932 4958 1018 5015 est
1039 4958 1354 5027 ex‘Ruftno,
1380 4958 1636 5016 Arseuius
1675 4958 1878 5016 dicitur
1902 4958 2123 5017 l9'Kal.
2239 4960 2293 5015 in
2319 4975 2429 5032 quo
2457 4960 2681 5032 sedebat
2729 4958 2855 5015 reus
2883 4975 3009 5014 euut
3049 4976 3082 5032 _a
3137 4962 3321 5032 judice
3368 4958 3827 5032 interrogaretur,

555 5028 867 5084 Januarias.
2248 5030 2412 5086 hodie
2446 5029 2694 5084 sellulam
2722 5044 3007 5085 vocamus.
3046 5030 3103 5083 ln
3141 5028 3284 5085 Actis
3309 5028 3606 5098 passionis'
3627 5030 3828 5085 Philete

628 5100 772 5172 (21⁸)
820 5101 1140 5172 Σύνταγμα
1162 5102 1613 5172 στρατιωτικόνΣ
1656 5098 1856 5172 Turma
1908 5098 2135 5154 militum

2266 5101 2504 5172 ttartyris
2532 5100 2724 5172 ambon
2753 5100 2954 5172 dicitur
2983 5116 3077 5156 seu
3111 5102 3396 5172 pulpitum.
3449 5100 3541 5155 Sic
3568 5102 3712 5155 enim
3744 5101 3828 5153 itt-

554 5168 721 5242 !et‘tit
743 5169 992 5233 Rufinus,
1022 5168 1181 5241 quem
1212 5168 1433 5227 secutus
1456 5182 1542 5228 est
1577 5170 2132 5242 Christophorsonus.
2240 5168 2448 5242 cipiunt
2469 5170 2603 5242 Arta
2630 5170 2721 5224 illa
2752 5186 2765 5222 :
2798 5170 3057 5239 Imposito
3081 5168 3204 5242 ergo
3242 5168 3432 5226 Pltt'lea
3458 5188 3618 5242 super
3641 5173 3819 5225 ambo

552 5240 670 5311 Ego
698 5240 1152 5311 manipulum’seu
1191 5242 1595 5297 contubernium
1642 5241 1827 5297 malim
1865 5242 2131 5311 interpre-
2239 5256 2377 5304 nem,
2404 5240 2695 5294 Culcianus
2723 5258 2918 5306 praeses
2941 5243 3101 5296 dixit.

556 5309 683 5365 tari.
710 5309 940 5379 Quid—am
984 5312 1251 5381 suSpicari
1302 5323 1545 5383 possent,
1590 5312 1694 5367 hos
1729 5309 2130 5383 militesfttisse

2307 5310 2421 5383 (25)
2449 5311 2913 5379 Θριαμϐεὐοντος
2936 5312 3179 5380 αὐτούς,
3206 5310 3435 5366 Rufinus
3462 5310 3626 5383 vertit
3662 5327 3675 5364 :
3713 5310 3825 5366 Deo

549 5385 894 5450 apparitores
938 5398 1031 5437 seu
1070 5380 1329 5438 olliciales
1384 5381 1624 5452 praefecti
1671 5380 2010 5453 Augustalis,
2061 5397 2127 5435 eo
2230 5380 2695 5453 ἱιοίινὶυηιριιαηιε
2715 5399 2810 5449 per
2830 5391 3043 5453 sanctos
3069 5384 3473 5452 suos.Apparet
3503 5382 3667 5453 igitur
3694 5397 3819 5437 eum

2228 5451 2431 5524 legisse
2476 5450 2589 5524 θρι.
2639 5452 2707 5506 δι’
2738 5452 2957 5517 αὐτούς,
3006 5464 3116 5508 etc.
3161 5450 3640 5524 Rttllnttmsecuti
3691 5461 3820 5506 sunt

2229 5522 2606 5577 Muscultts‘et
2650 5524 3209 5591 (lltristophorsonus.
3249 5523 3552 5591 Videndum
3611 5530 3816 5584 tamen,

2228 5607 2298 5646 ne
2329 5590 3069 5665 DionysiusOptapGetiov-ro;
3090 5594 3290 5658 αὐτοὺς
3318 5590 3414 5647 τοῦ
3441 5591 3577 5647 Θεοῦ
3594 5594 3816 5657 dixerit,

2230 5678 2329 5733 pro
2377 5662 3093 5736 θριαμβεύείινξποιοῦντος,
3148 5667 3292 5736 quod
3350 5666 3578 5736 omnino
3626 5678 3818 5720 verum

2234 5680 2329 5733 pro
2377 5680 2730 5736 υριαμοευειν
2791 5681 3093 5729 ποιουντος,
3189 5680 3292 5719 uou
3350 5680 3578 5719 oummo

2234 5743 2387 5803 puto.
2427 5736 2519 5790 Sic
2543 5734 2849 5806 βασιλεύειν
2879 5744 3111 5807 usurpat
3143 5680 3441 5806 aregorius
3467 5731 3602 5789 Nat.

548 5454 693 5521 quod
716 5454 936 5508 stetisse
964 5454 1218 5509 dicuntur
1245 5462 1370 5507 ante
1403 5453 1739 5521 praetorium.
1786 5452 1900 5520 Ego
1939 5459 2119 5507 tamen

547 5524 731 5644 potius
762 5523 1083 5579 crediderim
1107 5524 1439 5594 legionarios
1472 5523 1673 5577 milites
1708 5521 1901 5584 fuisse,
1942 5535 2010 5577 ex
2053 5536 2119 5575 ea

569 5594 759 5644 enione
784 5607 905 5644 uuae
945 5595 1013 5644 ad
1054 5595 1354 5644 custodiam
1386 5593 1537 5644 urbis
1576 5593 1960 5644 Alexandrinae.
2006 5600 2119 5644 erat

569 5594 759 5661 egione
784 5607 905 5662 quae
945 5595 1013 5647 ad
1054 5593 1354 5649 custodiam
1386 5593 1537 5647 urbis
1576 5593 2124 5662 Alexandrinaeierat

549 5661 826 5733 deputata,
864 5671 921 5718 et
946 5679 1066 5731 quae
1096 5663 1353 5733 praefecto
1376 5664 1659 5732 Augustali
1687 5662 1931 5733 parebat.
1970 5661 2122 5717 Prat-

551 5730 906 5804 fec’tttsenim
937 5730 1251 5804 Augustalis
1301 5747 1406 5786 non
1437 5730 1610 5788 solum
1656 5730 1834 5787 civilia
1881 5734 2121 5804 negotia,

549 5804 645 5856 sed
669 5803 835 5858 etiam
872 5818 986 5859 rem
1033 5803 1323 5859 militarem
1371 5817 1435 5859 eo
1486 5812 1735 5874 tempore
1766 5805 2015 5869 curabat.
2066 5803 2124 5860 ltt
