4222 6388
405 402 511 458 615

1426 389 1776 447 ΗΙΒΤυΒΙΑΞ
1816 391 2372 448 ECCLESIASTICE
2415 393 2540 450 LIB.
2585 394 2674 450 VI.

3561 411 3666 466 6H

403 515 630 573 consilio
679 514 925 579 aderant,
978 521 1124 566 metu
1165 511 1439 579 perterriti
1497 519 1646 566 sunt.
1680 511 1759 565 Ac
1799 511 1876 564 rei
1907 511 2124 579 quidem
2165 511 2265 579 ipsi
2315 513 2381 564 ad
2435 529 2496 568 ea
2527 530 2645 583 qua:
2696 518 3033 584 perpessurri
3091 529 3247 574 erant
3272 525 3663 593 promptissimi

407 623 461 668 et
491 609 934 666 confidentissimi
986 607 1372 669 cernebantur,
1423 603 1633 672 jndiees
1669 614 1847 658 autem
1916 604 2016 673 ipsi
2056 607 2572 663 contremiseebant.
2633 607 2728 663 Isti
2785 611 2949 680 igitur
3001 627 3065 667 ex
3127 617 3382 684 pnetorio
3443 630 3664 676 ovantes

413 709 814 774 processerunt,
859 698 1193 755 exsultantes
1247 697 1317 752 ob
1375 697 1497 750 lidei
1552 697 1977 760 confessionem,
2016 709 2139 748 eum
2163 696 2306 750 Deus
2328 712 2425 766 per
2452 698 2596 768 ipsos
2643 699 2875 768 gloriose
2909 703 3285 773 triumpharet.
3323 727 3340 760 ι

900 789 1295 844 ΚΕΦΑΛΑῘΟΝ
1351 789 1485 842 ΜΒ’.

403 885 537 954 Περὶ
556 877 642 938 ὧν
662 882 866 936 ἄλλων
885 879 1240 944 όΔιονύσιος
1255 876 1633 950 ίστορεῒ(Νἰο.
1654 877 1976 946 11.Ε.ν,51).

477 996 496 1028 ι
545 975 728 1028 Ἀλλοι
773 973 830 1026 δὲ
862 972 1099 1024 πλεῖστοι
1133 969 1274 1024 κατὰ
1307 970 1490 1033 πόλεις
1529 971 1622 1024 καὶ
1655 972 1846 1042 κώμας
1877 957 2009 1024 ὑπό

399 1069 510 1123 τῶν
557 1065 726 1120 ἐθνῶν
775 1062 1202 1133 διεσπάσθησανο
1245 1055 1321 1115 ὧν
1351 1062 1483 1129 [ἐνὸς
1543 1062 1982 1133 παραδείγματος

399 1158 586 1213 ἕνεκεν
619 1155 1113 1228 ἐπιμνησθήσομαι.
1167 1153 1443 1224 Ἰσχυρίων
1493 1153 1824 1224 ἐπετρόπευε
1875 1170 1980 1206 τινι

399 1249 510 1304 τῶν
538 1249 814 1321 ἀρχόντων
847 1247 940 1300 ἐπὶ
977 1243 1169 1316 μισθῷ.
1208 1243 1408 1296 Τοῦτον
1447 1245 1475 1296 ὁ
1507 1243 1822 1314 μισθοδότης
1853 1243 1976 1296 ἐκέ-

401 1339 526 1393 λευε
556 1338 736 1400 θῦσαι,
769 1336 842 1408 μὴ
873 1334 1192 1404 πειθόμενον
1221 1331 1460 1404 ὕϐριζεν,
1491 1332 1794 1403 ἐμμένοντα
1817 1349 1982 1401 προε-

403 1430 748 1499 πηλάκιζενο
784 1425 1172 1496 ὑφισταμένου,
1222 1423 1520 1495 βακτηρίαν
1574 1424 1837 1494 μεγίστην
1885 1423 1980 1478 λα-

403 1521 531 1578 ϐὼν,
568 1519 655 1572 διὰ
681 1517 790 1570 τῶν
835 1517 1067 1587 ἐντέρων
1131 1516 1226 1569 καὶ
1257 1515 1366 1568 τῶν
1403 1514 1724 1584 σπλάγχνων
1755 1513 1975 1578 δώως’

399 1611 703 1664 ἀπέκτεινε.
737 1608 802 1662 Τί
832 1608 913 1662 δεῖ
942 1607 1120 1676 λέγειν
1149 1606 1209 1659 τὸ
1242 1605 1442 1676 πλῆθος
1473 1605 1582 1658 τῶν
1621 1607 1678 1657 ἐν
1718 1605 1978 1676 ἐρημίαις

358 1703 491 1764 ,καὶ
543 1701 692 1772 ὄρεσι
737 1698 1140 1769 πλανηθέντων,
1199 1696 1302 1750 ὑπὸ
1346 1694 1503 1766 λιμοῦ
1545 1695 1639 1748 καὶ
1688 1693 1847 1765 δίψης
1884 1693 1978 1746 καὶ

396 1792 620 1865 κρύους,
664 1791 760 1844 καὶ
791 1790 962 1844 νόσων
1007 1791 1098 1843 καὶ
1122 1787 1335 1862 λῃστῶν
1367 1789 1461 1841 καὶ
1491 1786 1694 1858 θηρίων
1720 1786 1975 1858 διεφθαρ-

400 1885 607 1955 μένων;
632 1875 708 1938 ὧν
737 1883 784 1935 οἱ
813 1881 1256 1953 ὑπεργενόμενοι,
1279 1880 1375 1948 τῆς
1406 1875 1792 1933 ἐκείνωνέἰσὶν
1825 1877 1978 1932 ἐκλο-

393 1975 498 2045 γῆς
526 1974 621 2026 καὶ
651 1973 807 2044 νίκης
833 1973 1136 2043 μάρτυρες.
1176 1972 1272 2023 Ἓν
1322 1967 1379 2022 δὲ
1419 1970 1514 2023 καὶ
1545 1970 1746 2024 τούτων
1778 1971 1857 2033 εἰς
1881 1969 1976 2041 δή-

393 2065 556 2118 λωσιν
595 2064 752 2136 ἔργον
785 2063 1193 2135 παραθήσομαι.
1225 2061 1523 2133 Χαιρήμων
1548 2058 1616 2133 ἦν
1646 2061 1975 2132 ὑπέργηρως

2011 813 2061 866 Α

2671 790 2898 847 CAPUT
2925 792 3082 849 XLII.

2282 872 2294 889 ’
2357 879 2436 934 De
2469 880 2588 936 aliis
2619 900 2650 935 a
2677 883 2930 954 Dionysio
2947 894 3393 947 commemoratis.

2157 985 2179 1020 ι
2224 967 2329 1023 Sed
2353 979 2406 1023 et
2431 970 2520 1024 alii
2553 972 2860 1041 complures
2889 991 2985 1044 per
3015 981 3206 1047 oppida
3235 991 3286 1036 et
3305 983 3452 1038 vicos
3472 1001 3498 1037 a
3531 1002 3662 1054 gen-

2084 1059 2267 1115 tilibus
2289 1062 2544 1130 discerpti
2570 1073 2697 1117 sunt
2727 1081 2740 1117 :
2769 1068 3050 1135 exquibus
3083 1087 3244 1126 unum
3277 1079 3506 1146 exempli
3539 1096 3662 1147 gra-

2085 1151 2157 1204 tia
2186 1155 2644 1208 commemorabo.
2707 1154 2988 1227 Isebyrion
3047 1165 3296 1219 mercede
3357 1170 3660 1226 conductus

2082 1251 2410 1308 procurator
2456 1253 2574 1298 erat
2628 1245 2909 1314 cujusdam
2958 1253 3336 1322 magistratum
3394 1263 3658 1326 gerentis.

2082 1327 2183 1382 llic
2219 1330 2287 1383 ab
2312 1344 2376 1384 eo
2403 1332 2556 1400 cujus
2588 1347 2698 1386 rem
2743 1340 3097 1406 procurabat,
3135 1341 3323 1410 jussus
3369 1348 3526 1403 idolis
3557 1354 3660 1404 im-

2082 1419 2306 1484 molare,
2332 1435 2452 1474 eum
2490 1423 2710 1478 minime
2737 1428 3164 1497 obtemperaret,
3198 1435 3429 1500 priurum
3459 1437 3656 1507 injuria

2080 1509 2307 1565 adfectus
2342 1522 2444 1566 est.
2470 1512 2667 1569 Postea
2699 1532 2820 1570 cum
2854 1519 2904 1571 in
2936 1521 3123 1574 eadem
3152 1523 3410 1578 sententia
3438 1541 3654 1596 persta-

2081 1613 2184 1665 ret,
2211 1605 2377 1660 variis
2427 1606 2496 1659 ab
2519 1609 2710 1662 eodem
2745 1619 2975 1664 vexatus
3027 1623 3109 1666 est
3132 1619 3499 1673 contumeliis.
3529 1623 3658 1689 Quas

2079 1694 2258 1748 omnis
2313 1711 2437 1749 cum
2485 1698 2754 1767 patienter
2823 1704 3152 1768 sustineret,
3216 1707 3303 1762 ille
3352 1715 3654 1781 pra‘grandi

2079 1788 2211 1840 sude
2241 1799 2490 1858 correpta
2530 1791 2851 1846 transfixum
2891 1811 2985 1862 per
3013 1797 3186 1852 media
3238 1799 3449 1854 viscera
3484 1804 3656 1858 homi-

2078 1900 2203 1940 nem
2251 1887 2542 1944 interfecit.
2604 1888 2722 1944 Jatn
2749 1893 2876 1962 quid
2905 1909 3040 1964 opus
3077 1905 3163 1950 cst
3223 1913 3655 1957 commemorare

2079 1975 2479 2033 multitudinem
2503 1994 2716 2047 eorum,
2740 1984 2830 2052 qui
2889 1984 2943 2037 in
2977 1989 3255 2045 montibus
3285 2006 3348 2045 ac
3395 2008 3496 2062 per
3520 1995 3654 2048 soli-

2080 2069 2323 2124 tudinem
2350 2073 2693 2138 oberrantes,
2720 2073 2862 2130 fame
2895 2087 2950 2130 et
2975 2079 3086 2143 siti,
3114 2079 3314 2151 frigore
3338 2097 3402 2138 ac
3427 2087 3651 2154 morbis,

392 2156 493 2225 τῆς
530 2155 724 2208 Νείλου
758 2153 1096 2224 καλουμένης
1127 2153 1422 2215 ἐπίσκοπος
1444 2151 1670 2214 πόλεως.
1698 2146 1865 2214 Οὐτος
1894 2152 1978 2214 είς

2037 2168 2049 2218 t
2080 2169 2133 2214 et
2177 2159 2446 2218 latronum
2489 2173 2584 2218 aut
2624 2165 2924 2221 bestiarum
2953 2170 3173 2226 incursu
3188 2146 3442 2244 oppressi
3477 2146 3652 2232 inter;

391 2247 454 2300 τὸ
491 2247 739 2318 Ἀράϐιον
769 2246 897 2317 ὄρος
920 2245 1031 2316 (24)
1065 2243 1182 2314 ἇμα
1201 2245 1267 2314 τῇ
1305 2243 1516 2314 συμϐίῳ
1538 2241 1730 2295 ἑαυτοῦ
1761 2240 1967 2311 φυγὼν,

391 2339 492 2392 οὑκ
517 2336 931 2408 ἐπανελήλυθεν.
951 2335 1085 2389 Οὐδὲ
1109 2334 1451 2405 ἠδυνήθησαν
1480 2333 1605 2386 ἰδεῖν
1625 2333 1826 2399 οὐκέτι,
1852 2333 1972 2386 καί-

391 2447 472 2482 τοι
504 2429 672 2482 πολλὰ
691 2428 1169 2500 διερευνησάμενοι
1215 2428 1264 2479 οἱ
1305 2425 1543 2495 ἀδελφοὶ,
1587 2425 1712 2480 οὐτε
1750 2425 1967 2488 αὐτοὺς,

391 2520 514 2574 οὔτε
551 2519 620 2573 τὰ
670 2519 897 2590 σώματα
937 2513 1094 2590 εὗρον
1133 2517 1264 2588 (25).
1293 2517 1482 2570 Πολλοὶ
1513 2517 1570 2570 δὲ
1605 2518 1653 2570 οἱ
1689 2518 1807 2570 κατ’
1841 2517 1972 2570 αὐτὸ

390 2611 451 2664 τὸ
490 2609 777 2681 Ἀραϐικὸν
806 2609 929 2679 ὅρος
951 2607 1522 2680 ἐξανδραποδισθέντες
1545 2606 1650 2659 ὑπὸ
1681 2605 1970 2678 βαρϐάρων

393 2700 724 2773 Σαρακηνῶν
762 2700 893 2771 (26),
924 2703 972 2753 οἱ
1011 2699 1109 2770 μὲν
1148 2698 1301 2769 μόλις
1329 2699 1421 2750 ἐπὶ
1449 2697 1664 2760 πολλοῖς
1694 2699 1971 2769 χρήμασιν

391 2791 783 2864 ἐλυτρώθηντο,
838 2793 888 2844 οἱ
925 2791 982 2843 δὲ
1023 2789 1183 2862 μέχρι
1233 2787 1328 2843 νῦν
1371 2787 1599 2842 οὐδέπω.
1647 2787 1756 2840 Καὶ
1797 2785 1970 2839 ταῦτα

389 2884 663 2956 διεξῆλθον
696 2883 756 2937 οὐ
791 2884 985 2954 μάτην,
1014 2881 1229 2952 ἀδελφέ,
1272 2880 1387 2935 ἀλλ’
1429 2881 1515 2934 ἵνα
1546 2880 1710 2952 εἰδῇς,
1747 2881 1844 2934 ὅσα
1875 2881 1970 2933 καὶ

389 2975 552 3045 ⁴ἡλίκα
573 2973 722 3028 δεινὰ
749 2975 880 3045 παρ’
909 2973 1039 3043 ἡμῖν
1075 2971 1270 3042 συνέϐη
1292 2988 1305 3001 ·
1341 2967 1416 3026 ὧν
1449 2973 1498 3025 οἱ
1538 2971 1736 3043 μᾶλλον
1775 2989 1967 3026 πεπει-

391 3063 640 3136 ραμένοι,
683 3063 902 3116 πλείονα
931 3062 996 3116 ἂν
1019 3062 1230 3116 εἰδεῖεν.
1263 3080 1282 3114 ›
1316 3058 1448 3114 Εἶτα
1479 3061 1687 3126 τούτοις
1719 3063 1968 3136 ἐπιφέρει

394 3156 534 3226 μετὰ
564 3155 772 3228 βραχέα
798 3155 970 3224 λέγων
991 3171 1004 3185 ο
1039 3173 1058 3206 ‹
1089 3154 1251 3208 Αὐτοὶ
1266 3153 1444 3208 τοίνυν
1463 3155 1511 3207 οί
1535 3153 1667 3208 θεῖοι
1693 3155 1969 3228 μάρτυρες

390 3249 519 3322 παρ’
541 3251 693 3319 ἡμῖν,
726 3249 775 3300 oi
805 3247 902 3302 νῦν
931 3246 1025 3300 τοὺ
1053 3245 1289 3320 Χριστοῦ
1323 3246 1584 3319 πάρεδροι
1625 3249 1718 3301 καὶ
1745 3252 1844 3320 τῆς
1871 3249 1968 3319 βα-

392 3343 596 3405 σιλείας
623 3340 788 3397 αὐτοῦ
821 3341 1084 3405 κοινωνοὶ,
1114 3341 1210 3392 καὶ
1247 3339 1461 3411 μέτοχοι
1484 3341 1587 3410 τῆς
1619 3341 1848 3412 κρίσεως
1867 3343 1966 3396 αὐ-

389 3432 484 3486 τοῦ
523 3433 618 3485 καὶ
651 3429 1060 3494 συνδικάζοντες
1091 3429 1260 3500 αὐτῷ,
1303 3430 1410 3482 τῶν
1452 3432 1967 3502 παραπεπτωκότων

2077 2251 2229 2306 iere?
2260 2253 2334 2308 Ex
2376 2256 2580 2324 quibus
2635 2260 2690 2314 bi
2729 2263 2821 2334 qui
2873 2264 3258 2334 superfuerunt
3329 2268 3652 2334 incolumes,

2081 2350 2246 2397 testes
2268 2345 2428 2417 24.1
2476 2357 2604 2402 sunt
2625 2349 2910 2407 electionis
2949 2354 3164 2409 illorum
3198 2366 3362 2425 atque
3387 2359 3651 2416 victoriae.

2082 2431 2308 2487 Unicum
2340 2437 2603 2492 duntaxat
2633 2439 2851 2498 facinus
2902 2446 2969 2498 ad
3002 2448 3380 2504 declarandam
3402 2453 3478 2506 rei
3512 2456 3654 2508 veti-

2080 2535 2241 2581 tatem
2287 2528 2374 2582 bic
2403 2530 2678 2598 adjiciam.
2729 2537 3048 2592 Chaeremon
3101 2545 3466 2612 eratquidam
3491 2561 3655 2615 gran-

2079 2616 2280 2682 dzevus,
2313 2617 2420 2673 Nili
2447 2622 2597 2676 urbis
2621 2624 2926 2696 episcopus.
2961 2626 3060 2682 llic
3122 2644 3232 2684 una
3265 2647 3387 2685 cum
3423 2634 3656 2704 conjuge

2079 2706 2134 2760 in
2195 2709 2488 2764 Arabicum
2533 2726 2772 2769 montem
2829 2716 2952 2787 fuga
3010 2717 3244 2784 delatus,
3271 2737 3374 2774 non
3419 2720 3654 2778 ulterius

2077 2812 2328 2854 reversus
2351 2809 2453 2856 est.
2524 2803 2592 2858 Et
2633 2805 2834 2862 fratres
2865 2810 3115 2879 quamvis
3175 2823 3429 2868 accurate
3466 2815 3652 2870 omnia

2077 2894 2428 2960 perserutati,
2482 2909 2583 2950 nec
2607 2895 2754 2966 ipsos
2803 2899 3057 2969 posutac,
3102 2901 3460 2968 uec-ipsorum
3490 2903 3655 2956 cada-

2075 2995 2207 3036 vera
2250 2983 2496 3053 reperire
2547 2995 2857 3055 potuerunt.
2914 2987 3088 3044 Porro
3131 2992 3284 3045 multi
3335 2992 3388 3044 in
3418 2993 3652 3049 Arabico

2075 3070 2167 3125 illo
2195 3083 2374 3128 monte
2402 3089 2431 3127 a
2465 3075 2716 3130 barbaris
2753 3075 3044 3134 Saracenis
3102 3081 3271 3150 Capti,
3314 3089 3368 3134 et
3396 3082 3448 3136 in
3474 3085 3650 3138 servi-

2078 3170 2245 3216 tutem
2273 3163 2478 3218 redacti
2541 3173 2688 3220 sunt.
2737 3165 2818 3220 Ex
2858 3167 3054 3235 quibus
3111 3172 3198 3220 alii
3232 3169 3408 3224 soluto
3444 3171 3652 3239 ingenti

2075 3252 2252 3320 pretio
2281 3254 2370 3308 vix
2396 3254 2612 3309 tandem
2643 3256 2932 3326 redempti,
2979 3257 3072 3312 alii
3113 3259 3350 3313 nondum
3381 3261 3645 3317 hactenus

2077 3343 2268 3399 redimi
2326 3354 2638 3414 potuerunt.
2687 3345 2862 3417 Atque
2907 3348 3021 3402 haec
3046 3363 3151 3402 non
3207 3349 3436 3418 frustra,
3480 3351 3650 3407 frater

2075 3433 2416 3504 charissime,
2472 3451 2500 3490 a
2532 3451 2617 3492 me
2658 3448 3082 3492 commemorata
3112 3448 3255 3503 sunt,
3280 3441 3373 3494 sed
3405 3451 3464 3494 ut
3504 3444 3648 3498 scias

393 3521 635 3592 ἀδελφῶν
653 3538 804 3584 τινας
837 3519 1170 3583 ὑπευθύνους
1188 3523 1301 3583 τοῖς
1325 3520 1431 3573 τῶν
1461 3521 1662 3576 θυσιῶν
1695 3523 1971 3594 ἐγκλήμα-

2037 3526 2041 3578 ἱ
2073 3543 2192 3597 qua:
2217 3539 2271 3582 et
2299 3545 2460 3600 quam
2503 3531 2690 3601 gravia
2721 3531 2877 3586 nobis
2929 3531 3074 3586 mala
3137 3533 3486 3603 contigerint.
3516 3535 3646 3601 Quae

394 3632 446 3667 σι
470 3613 814 3686 γενομένους,
840 3611 1252 3684 προσελάϐοντο.
1280 3612 1388 3665 Καὶ
1407 3611 1505 3683 τὴν
1525 3614 1856 3684 ἐπιστροφὴν
1871 3617 1966 3668 καὶ

396 3707 680 3776 μετάνοιαν
709 3704 885 3760 αὐτῶν
922 3704 1136 3768 ἰδόντες,
1166 3703 1360 3775 δεκτήν
1386 3721 1446 3756 τε
1475 3703 1724 3773 γενέσθαι
1744 3705 1967 3778 δυναμέ-

391 3817 488 3871 νην
549 3798 628 3868 τῷ
685 3797 758 3868 μὴ
813 3795 1117 3867 βουλομένῳ
1179 3795 1407 3849 καθόλου
1461 3795 1551 3850 τὸν
1600 3795 1830 3851 θάνατον
1869 3797 1962 3851 τοῦ

390 3890 716 3964 ἁμαρτωλοὺ
745 3890 821 3954 ὠς
850 3889 950 3959 τὴν
983 3888 1288 3959 μετάνοιαν,
1317 3887 1731 3956 δοκιμάσαντες,
1761 3891 1964 3944 εἰσεδέ-

391 3988 548 4052 ξαντο
576 3986 670 4039 καὶ
694 3985 996 4055 συνήγαγον
1027 3984 1121 4036 καὶ
1155 3982 1484 4054 συνέστησαν
1505 3981 1636 4052 (27),
1673 3983 1767 4036 καὶ
1798 4001 1964 4056 προσ-

390 4077 562 4149 ευχῶν
593 4078 778 4140 αὐτοῖς
797 4076 889 4128 καὶ
911 4073 1204 4129 ἑστιάσεων
1233 4073 1596 4144 ἐκοινώνησαν
1620 4073 1752 4145 (28).
1784 4073 1847 4126 Τί
1871 4070 1964 4128 οὖν

461 4263 702 4333 (24)Εὶς
747 4264 814 4334 τὸ
855 4261 1116 4334 Ἀράϐιον
1153 4260 1311 4330 ὄρος.
1349 4258 1504 4334 Mc_ns
1529 4263 1643 4334 ‘est'
1669 4261 1742 4315 ita
1777 4261 1960 4318 dictus

388 4329 823 4401 ruj‘ttsimeminit
868 4329 1194 4401 Πθτοσοὶυεο
1230 4345 1387 4401 ψιθιη
1427 4329 1748 4386 Ρίοιθπκθυδ
1779 4343 1834 4386 εί
1867 4334 1957 4388 alii

390 4400 646 4458 Troicum
673 4411 891 4457 vocant.
925 4400 1062 4454 Male
1088 4416 1218 4469 ergo
1251 4400 1780 4468 ChristOphorsonus
1808 4419 1955 4456 mon-

388 4484 490 4527 tem
520 4473 732 4526 Arabia:
765 4473 951 4526 vertit.
995 4470 1162 4524 Paulo
1197 4481 1317 4538 post
1345 4469 1604 4525 Arabicus
1637 4471 1858 4538 dicitur,
1886 4475 1955 4528 ob

385 4543 727 4596 vicinitatem
750 4542 987 4596 Arabum
1019 4541 1090 4593 ita
1125 4543 1457 4593 nominatus.

457 4613 571 4706 (25)
605 4612 752 4706 gms
775 4610 848 4664 τὰ
884 4611 1127 4680 σώματα
1150 4606 1348 4706 εὖρον.
1381 4611 1577 4706 Ultima
1604 4625 1704 4664 vox
1730 4611 1878 4706 deest
1902 4611 1955 4665 in
1989 4650 2034 4706 Β

386 4679 573 4737 codice
620 4681 811 4750 Regio,
846 4695 1177 4750 prorsusque
1205 4682 1378 4733 otiosa
1419 4689 1506 4734 est
1555 4695 1618 4734 ac
1661 4679 1952 4748 superﬂua.

387 4750 674 4823 Syncellus
704 4767 922 4820 quoque
953 4764 1071 4823 eam
1109 4765 1294 4804 vocem
1336 4766 1444 4806 non
1487 4750 1676 4816 habet,
1708 4751 1802 4805 sed
1839 4753 1955 4820 ejus

386 4819 506 4876 loco
529 4819 735 4885 αὐτῶν,
758 4819 866 4874 non
905 4820 1070 4873 male.

457 4891 568 4962 (‘26)
591 4889 975 4962 Σαρακῃγῶν.
1005 4889 1104 4962 Hic
1127 4888 1286 4962 locus
1307 4887 1391 4942 vel
1413 4887 1482 4942 ob
1507 4887 1558 4942 id
1576 4903 1744 4962 unum
1757 4899 1956 4943 nutan-

386 4957 486 5015 dus
519 4957 624 5025 est,
660 4957 805 5029 quod
860 4961 1062 5012 mentio
1119 4960 1178 5012 lit
1220 4960 1641 5013 Saracenorum.
1701 4957 1835 5012 Nam
1885 4974 1953 5014 ex

386 5031 747 5100 scriptoribus
799 5044 1029 5100 quorum
1077 5043 1242 5098 opera
1295 5030 1379 5100 ad,
1422 5043 1520 5100 nos
1565 5039 1952 5100 pervenerunt,

387 5099 586 5164 nullus,
609 5109 670 5153 ut
691 5109 840 5168 puto,
859 5099 1116 5168 Dionysio
1146 5099 1512 5168 Alexandrino
1536 5099 1820 5168 antiquior
1855 5101 1955 5153 Sa-

389 5187 613 5225 racenos
645 5167 966 5224 numinavit.
1001 5167 1186 5222 Amm.
1229 5169 1448 5236 quidem
1500 5167 1848 5222 Marcellinus
1899 5168 1951 5221 in

386 5240 526 5294 lihro
549 5255 639 5294 stv
662 5239 853 5293 scribit
883 5253 942 5294 se
967 5239 1292 5293 mentionem
1328 5237 1525 5291 fecisse
1557 5237 1952 5292 Saracenorum

387 5311 440 5364 in
469 5311 684 5363 Actibus
729 5310 989 5377 principis
1028 5308 1216 5363 Marci.
1268 5307 1591 5376 Spartianus
1625 5321 1841 5376 quoque
1898 5307 1951 5360 in

388 5380 560 5450 Nigro
595 5381 996 5450 Saracenorum
1031 5379 1358 5450 mentionem
1392 5377 1559 5450 facit,
1580 5387 1634 5450 et
1662 5378 1815 5431 abiis
1838 5377 1949 5429 lio-

386 5446 576 5504 ma'nos
621 5449 820 5503 milites
854 5449 1028 5503 victos
1058 5464 1181 5504 esse
1213 5449 1375 5512 dicit;
1415 5447 1560 5515 quod
1599 5446 1654 5501 in
1703 5456 1949 5516 tempora

385 5519 492 5571 divi
520 5519 682 5572 Marci
707 5518 944 5574 conferri
971 5528 1164 5586 potest.

457 5588 938 5660 (2⁷)Συνήγαγρζν
960 5585 1060 5644 καὶ
1084 5587 1496 5660 συνέστησαν.
1523 5585 1725 5660 Eadem
1756 5585 1951 5660 Diony-

387 5654 641 5713 sii'verba
662 5654 846 5728 refcrt‘
870 5657 1207 5728 Nicepltorus
1240 5654 1360 5726 cap.
1388 5659 1444 5723 4,
1469 5672 1590 5725 qua:
1625 5654 1842 5728 Langus
1873 5654 1945 5728 ita

387 5731 552 5798 vertit
590 5745 602 5780 :
644 5727 937 5798 Ezplorata
988 5725 1245 5796 patientia
1277 5725 1431 5795 atque
1479 5727 1842 5798 comprobata,
1894 5725 1948 5776 in

390 5797 679 5852 Ecclesium
705 5794 794 5852 eos
821 5794 1164 5860 admiserunt,
1187 5809 1234 5852 et
1266 5794 1499 5850 adhunc
1539 5794 1752 5847 modum
1805 5809 1946 5845 rece-

389 5879 490 5927 vus
515 5869 686 5926 locum
733 5884 886 5924 suum
935 5869 1209 5925 dederunt.
1251 5868 1450 5925 Eodem
1487 5866 1648 5922 modo
1674 5863 1945 5939 Christo-

2037 3620 2318 3688 .profecto
2367 3622 2560 3678 melius
2619 3623 2926 3693 intelligunt
2969 3625 3027 3690 ii,
3089 3624 3184 3694 qui
3237 3624 3407 3694 magis
3432 3627 3645 3694 experti

2069 3721 2216 3768 sunt.
2260 3731 2278 3765 ι
2307 3714 2373 3768 Ει
2397 3715 2582 3783 paucis
2611 3715 2942 3785 interpositis
2972 3716 3086 3770 inec
3124 3714 3402 3785 subjungit
3433 3735 3446 3770 :
3479 3735 3497 3767 ι
3527 3716 3642 3771 (Σιε-

2070 3812 2266 3869 terum,
2299 3806 2492 3875 inquit,
2525 3806 2580 3860 lti
2611 3806 2777 3860 divini
2823 3815 3115 3877 martyres,
3147 3807 3240 3876 qui
3277 3822 3420 3860 nunc
3455 3821 3635 3862 asses-

2073 3909 2226 3952 sores
2251 3907 2375 3952 sunt
2410 3899 2612 3953 Christi
2639 3907 2694 3952 et
2747 3899 2899 3966 regni
2959 3898 3103 3953 illius
3128 3909 3434 3961 consortes,
3461 3914 3524 3953 ac
3556 3898 3645 3967 ju-

2072 3987 2199 4042 dieii
2255 3991 2550 4060 participes
2584 4008 2688 4046 una
2725 4007 2847 4047 cum
2887 3991 3006 4062 ipso
3047 3991 3362 4062 iudicaturi,
3397 3992 3521 4045 dum
3551 3994 3639 4046 bic

2073 4082 2215 4149 apud
2267 4097 2367 4138 nos
2413 4093 2617 4150 essent,
2648 4084 2915 4154 quosdam
2969 4099 3000 4139 e
3054 4082 3316 4138 fratribus
3349 4084 3551 4151 lapsos,
3587 4093 3643 4138 et

2066 4264 2373 4334 pborsonus
2404 4264 2790 4332 interpretatus
2812 4275 2915 4330 est,
2949 4265 3204 4332 recipiunt
3234 4265 3288 4317 in
3318 4263 3632 4330 Ecclesium,

2066 4342 2347 4388 conventus
2369 4351 2488 4388 cum
2525 4335 2633 4388 illis
2659 4337 2943 4400 celebrant,
2974 4336 3154 4386 ineunt
3177 4335 3496 4401 societatem,
3522 4346 3632 4391 etc.

2065 4403 2171 4458 Sed
2207 4405 2346 4458 bane
2404 4406 2903 4473 interpretationem
2950 4404 3204 4472 equidem
3253 4405 3484 4471 probare
3528 4421 3634 4460 non

2063 4489 2302 4542 possum.
2334 4473 2614 4543 Quomodo
2648 4476 2794 4528 enim
2818 4485 3082 4543 martyres
3107 4473 3202 4543 qui
3231 4473 3284 4525 in
3314 4487 3536 4527 carcere
3565 4485 3637 4528 te-

2065 4540 2337 4597 nebantur
2378 4542 2611 4605 astricti,
2656 4545 2838 4612 lapsos
2889 4540 3294 4612 iniEcclesiam
3350 4543 3638 4612 admittere

2063 4613 2348 4679 poterant?
2377 4613 2526 4666 Adde
2561 4610 2836 4680 quodnon
2881 4613 2932 4665 id
2958 4610 3100 4678 juris
3122 4611 3463 4680 competebat
3491 4629 3636 4665 tnar-

2066 4685 2299 4751 tyrtbus,
2331 4685 2424 4737 sed
2458 4682 2558 4736 soli
2581 4679 2842 4751 episcopo
2873 4683 3026 4748 cujus
3056 4679 3425 4751 olliciuuierat
3464 4689 3636 4749 ptent-

2063 4749 2244 4807 tentes
2300 4749 2669 4806 reconciliare.
2731 4751 3059 4820 Martyribus
3104 4749 3629 4820 vero‘intercedere

2061 4829 2270 4874 tantum
2301 4837 2401 4889 pro
2433 4823 2625 4891 lapsis,
2669 4831 2723 4875 et
2757 4818 3226 4891 εφιιιίηοιιιιεηὶιὶίιε
3256 4818 3466 4873 litteras
3495 4825 3634 4877 scri-

2059 4891 2191 4944 bere
2247 4892 2464 4945 licebat.
2493 4890 2742 4958 ’Apparet
2798 4890 2964 4958 igitur
3017 4890 3089 4941 ita
3139 4892 3458 4943 vertendum
3512 4907 3634 4949 esse

2059 4961 2202 5015 hunc
2226 4961 2402 5034 locum
2432 4972 2490 5034 ut
2536 4964 2814 5034 vertimus.
2841 4961 3184 5034 Quanquam
3231 4974 3328 5034 vox
3382 4961 3633 5034 συνέστη-

2060 5047 2160 5082 σαν
2189 5031 2350 5084 alitcr
2387 5032 2550 5084 etiam
2592 5031 2851 5099 explicari
2905 5038 3104 5099 potest.
3157 5032 3372 5098 passive
3421 5031 3633 5087 scilicet

2057 5114 2155 5168 pro
2182 5100 2344 5153 simul
2379 5098 2680 5154 consistere.
2715 5100 2807 5154 Sic
2835 5098 3126 5168 Dionysius
3161 5099 3302 5167 apud
3339 5099 3630 5156 Eusebium

2057 5167 2112 5222 in
2147 5169 2240 5223 lib.
2267 5185 2364 5233 vn,
2396 5184 2515 5235 cap.
2551 5170 2605 5229 9,
2652 5170 2805 5240 μόλις
2846 5167 3336 5240 παρακαλούμενος
3362 5173 3629 5224 συνεστά-

2055 5255 2141 5291 ναι
2167 5242 2282 5302 ταῖς
2309 5243 2636 5310 προσευχαῖς
2667 5239 2960 5310 ἀνέχεται.Δ
2982 5240 3044 5292 Et
3084 5239 3352 5310 Eusebius
3399 5240 3451 5310 in
3492 5240 3629 5310 libro

2053 5323 2130 5370 vt,
2167 5325 2294 5381 cap.
2333 5307 2390 5381 5,
2437 5307 2800 5381 ᾀσοτίςοιιό,
2852 5307 2976 5381 οὐδὲ
3029 5307 3250 5361 πώποτε
3301 5309 3625 5381 προὺτράπη

2053 5379 2191 5431 κατὰ
2217 5378 2314 5448 τὴν
2343 5378 2507 5450 εὐχὴν
2535 5378 2684 5449 αὐτῷ
2714 5379 3033 5450 συστῆναιη
3067 5443 3072 5450 _

2123 5450 2236 5518 (28)
2271 5446 2803 5518 Καϊὰροσεύχῶν
2858 5446 3128 5514 αὐτοῖς...
3191 5446 3622 5513 ἐκοινώνησαν.

2055 5518 2257 5586 Duplex
2290 5529 2406 5573 erat
2429 5524 2738 5572 communio
2767 5520 2818 5572 in
2855 5519 3093 5572 Ecclesia
3140 5535 3154 5570 :
3205 5519 3310 5571 alia
3338 5521 3623 5582 orationis,

2053 5588 2156 5640 alia
2184 5599 2669 5643 sacramentorum.
2701 5589 2765 5642 Et
2789 5591 3099 5642 orationum
3121 5587 3337 5655 quidem
3357 5601 3614 5640 .counnu-

2051 5658 2144 5710 nio
2183 5658 2575 5726 penitentibus
2613 5669 2734 5726 post
2758 5668 2967 5713 certum
2996 5657 3511 5726 temporisspatium
3537 5658 3617 5710 in-

2052 5723 2397 5795 dulgebatur.
2432 5723 2755 5782 Comm—unio
2785 5743 2918 5782 vero
2941 5723 3190 5794 corporis
3209 5723 3450 5795 Christi,
3484 5741 3620 5780 non-

2050 5794 2544 5852 nisirecouciliatis
2576 5808 2694 5865 post
2727 5797 2912 5866 longas
2935 5794 3271 5867 pteuitentia;
3297 5809 3477 5867 moras
3502 5805 3621 5850 tart-

2053 5867 2174 5921 dem
2225 5863 2654 5937 impertiebatur.
2715 5863 2874 5923 Vides
2929 5863 3158 5924 canones
3207 5863 3295 5931 Η,
3343 5863 3412 5918 12
3457 5875 3507 5922 st
3551 5867 3618 5924 I3
