4222 6398
425 349 526 405 617

1444 338 1792 397 HISTORIA]
1829 335 2390 396 ECCLESIASTICAS
2428 337 2556 394 LIB.
2597 332 2683 391 Vl.

3565 326 3666 386 618

418 465 595 520 δοκεῖν
651 439 730 532 τῷ
771 461 882 514 δεῖν
916 458 1205 532 τυγχάνειν
1245 459 1563 530 ἐπικουρίας
1595 459 1722 522 τοὺς
1753 470 1983 530 πεπειρα

2048 463 2082 519 Α
2113 455 2353 525 «ξρὶειοιαι⁵
2401 452 2658 527 Cypriani
2713 460 2767 507 et
2792 448 3023 505 aliorum
3077 445 3378 501 antistitum
3413 445 3502 516 qui
3542 461 3664 500 cmn

421 555 653 626 σμένους
669 551 1012 623 ἐνεφαίνετοο
1036 552 1130 606 καὶ
1155 550 1232 622 τῷ
1259 553 1455 622 χρῆναι
1482 540 1720 618 εὐλόγως
1741 552 1842 620 τῆς
1875 547 2000 602 καθ-

418 644 947 717 ολικῆςἘκκλησίας
970 643 1305 715 ἐκκήρυκτον
1329 639 1654 713 ποιήσασθαι
1685 640 1776 693 τὸν
1798 641 1899 710 τῆς
1912 641 1997 692 αἱ-

422 736 625 808 ρέσεως
659 735 921 807 ἀρχηγὸν,
966 734 1173 798 πάντας
1207 751 1269 787 τε
1300 730 1498 804 ὁμοίως
1530 733 1656 795 τοὺς
1687 741 1997 798 συναπαγο-

422 828 617 900 μένους
640 827 811 898 αὐτῷ.
838 825 1074 890 Ταύταις
1089 825 1223 898 άλλη
1240 843 1323 890 τις
1339 823 1596 895 ἐπιστολὴ
1622 822 1731 895 (51)
1760 825 1998 894 συνῆπτο

417 919 511 973 τοῦ
540 917 863 990 Κορνηλίου,
909 917 1039 988 περὶ
1070 917 1178 970 τῶν
1219 916 1359 971 κατὰ
1385 914 1484 987 τὴν
1523 914 1739 968 σύνοδον
1767 915 1998 985 ἀρεσάν-

415 1025 546 1073 των,
573 1008 667 1062 καὶ⁸
693 1007 853 1062 πάλιν
881 1004 1064 1077 ἑτέρα,
1091 1006 1220 1078 περὶ
1248 1005 1354 1060 τῶν
1383 1004 1525 1060 κατὰ
1548 1003 1820 1058 Νοουάτον
1856 1018 1997 1075 πρα-

417 1100 653 1173 χθέντων
670 1115 685 1130 ο
707 1100 799 1169 ἀφ’
816 1095 884 1171 ἧς
900 1101 994 1152 καὶ
1019 1100 1159 1171 μέρη
1178 1096 1512 1171 παραθέσθαι
1528 1095 1676 1149 οὐδὲν
1690 1094 1756 1149 ἂν
1771 1094 1992 1157 κωλύοι,

415 1191 564 1253 ὅπως
595 1189 785 1243 εἰδεῖεν
807 1189 877 1242 τὰ
909 1189 1029 1243 κατ’
1059 1188 1221 1242 αὑτὸν
1252 1190 1302 1242 οἱ
1334 1187 1462 1258 τῇδε
1487 1184 1902 1257 ἐντυγχάνοντες
1924 1185 1991 1254 τῇ

415 1284 622 1354 γραφῇ.
653 1278 758 1335 Τὸν
771 1281 835 1352 δὴ
854 1276 945 1335 οὖν
958 1279 1153 1334 Φάϐιον
1175 1279 1539 1334 ἀναδιδάσκων
1553 1279 1732 1341 ὁποῖός
1744 1294 1829 1340 τις
1848 1279 1877 1330 6
1889 1277 1994 1330 No-

414 1373 607 1436 ουάτος
644 1372 883 1442 ἐγεγόνει
913 1371 1004 1425 τὸν
1034 1372 1253 1443 τρόπον,
1287 1369 1426 1425 αὐτὰ
1453 1369 1518 1440 δὴ
1543 1367 1713 1423 ταῦτα
1735 1367 1935 1440 γράφει
1964 1369 1994 1420 6

416 1460 714 1532 Κορνήλιος
727 1477 741 1491 ο
766 1478 785 1512 ι
813 1460 929 1513 Ἵνα
949 1459 1006 1512 δέ
1016 1458 1158 1530 γνῷς
1172 1460 1252 1512 ὅτι
1272 1458 1544 1530 πρόπαλαι
1559 1456 1880 1529 ὀρεγόμενος
1892 1458 1992 1526 τῆς

414 1551 716 1622 ἐπισκοπῆς
729 1551 757 1603 6
771 1550 1070 1621 θαυμάσιος
1081 1544 1353 1613 οὗτοςριαί
1368 1547 1624 1621 κρύπτων
1639 1548 1697 1601 ἐν
1708 1546 1883 1618 ἐαυτῷ
1892 1545 1991 1618 τὴν

415 1643 664 1713 προπετῆ
694 1643 899 1714 ταύτην
925 1641 1092 1697 αὐτοῦ
1127 1641 1422 1713 ἐπιθυμίαν
1452 1641 1761 1703 ἐλάνθανεν,
1792 1641 1988 1693 ἐπικα-

412 1727 658 1804 λύμματι
689 1733 789 1805 τῆς
822 1732 990 1788 αὐτοῦ
1017 1732 1271 1797 ἀπονοίας
1309 1731 1389 1803 τῷ
1413 1731 1693 1804 καταρχὰς
1720 1731 1816 1786 σὺν
1840 1728 1989 1800 αὑτῷ

2103 547 2220 615 ipso
2248 546 2302 600 in
2356 545 2540 599 Africa
2586 538 2896 613 congregati
2922 545 3072 593 sunt.
3123 535 3205 591 Ex
3233 536 3431 607 quibus
3454 534 3662 605 colligi-

2102 645 2209 702 tur,
2236 637 2365 705 ipsis
2390 637 2551 689 etiam
2577 635 2843 704 placuisse
2886 643 2944 686 ιιι
2986 631 3370 687 subveniretur
3395 629 3465 684 iis
3489 629 3581 697 qui
3606 629 3670 681 in

2102 726 2451 779 tentationem
2482 725 2786 779 incideram
2812 764 2827 789 ,
2881 734 3046 792 utque
3081 730 3273 778 auctor
3299 718 3519 775 nefaria:
3543 720 3661 789 opi-

2099 816 2277 871 nionis
2315 816 2474 870 simul
2517 831 2639 870 cum
2701 816 2766 870 iis
2790 816 2879 884 qui
2906 816 2971 869 ad
3010 822 3196 886 partes
3226 813 3397 882 ipsius
3419 811 3661 867 descive-

2099 916 2241 971 rant,
2277 906 2345 961 ab
2373 906 2626 961 Ecclesia}
2686 905 2973 960 catholicae
3023 904 3314 959 consortio.
3338 904 3534 957 merito
3565 900 3660 954 ah-

2096 997 2388 1053 dicaretur.
2427 995 2522 1051 His
2546 995 2796 1064 adjuncta
2826 1005 2947 1050 erat
2981 994 3089 1049 alia
3139 993 3378 1062 ejusdem
3416 990 3655 1047 Cornelii

2096 1087 2344 1156 epistola,
2373 1086 2439 1141 de
2463 1087 2546 1141 his
2573 1102 2691 1155 quae
2720 1086 2774 1141 in
2804 1086 3011 1158 synodo
3052 1085 3268 1140 decreta
3309 1084 3524 1140 fuerant
3553 1099 3570 1139 :
3603 1093 3658 1138 et

2097 1194 2283 1233 rursus
2309 1177 2413 1232 alia
2440 1178 2504 1233 de
2528 1177 2857 1233 facinoribus
2904 1177 3132 1240 Novati;
3170 1190 3238 1232 ex
3260 1190 3365 1247 qua
3408 1174 3541 1230 nihil
3561 1175 3656 1229 ob-

2095 1269 2511 1338 statquominus
2556 1269 2644 1325 hic
2688 1269 2870 1340 aliqua
2939 1269 3263 1333 inseramus,
3296 1275 3359 1323 ut
3412 1266 3655 1321 historia:

2094 1370 2293 1415 nostrae
2319 1361 2554 1415 lectores
2588 1375 2652 1414 ea
2687 1376 2808 1431 quae
2839 1360 2907 1415 ad
2942 1357 3208 1414 Novatum
3233 1358 3508 1429 pertinent
3529 1369 3657 1427 per-

2092 1453 2276 1522 spicue
2298 1465 2646 1525 cognoscant.
2670 1453 2839 1525 lgitur
2889 1452 3161 1508 cornelius
3209 1451 3431 1507 Fabium
3455 1449 3655 1506 docens

2091 1540 2388 1609 cujusmodi
2422 1544 2639 1612 ingenio
2683 1559 2748 1597 ac
2800 1544 3043 1599 moribus
3067 1542 3260 1598 fuisset
3288 1541 3546 1607 Novatus,
3579 1539 3651 1593 ita

2091 1631 2281 1686 scribit
2313 1648 2326 1684 :
2379 1651 2397 1684 ι
2433 1633 2609 1700 Atque
2639 1640 2697 1685 ut
2725 1631 2868 1687 scias
2914 1630 3151 1701 qualiter
3176 1627 3528 1684 admirandus
3561 1626 3651 1681 ille

2092 1722 2176 1776 vir
2196 1722 2514 1791 episcopalis
2538 1722 2642 1777 loci
2677 1721 2973 1793 cupiditate
3018 1712 3342 1793 jampridem
3374 1719 3649 1780 incensus,

410 1825 538 1888 τοὺς
571 1822 909 1895 όμολογητὰς
953 1823 1240 1894 ἐσχηκέναι
1265 1822 1564 1894 χρώμενος,
1592 1825 1765 1878 εἰπεῖν
1801 1821 1983 1893 βούλο-

2048 1820 2142 1870 let
2162 1813 2489 1884 praecipitem
2554 1814 2698 1869 illam
2748 1814 3099 1870 ambitionem
3150 1829 3302 1870 suam
3327 1821 3534 1882 tegens,
3561 1812 3650 1866 diu

416 1930 534 1986 μαι.
579 1914 830 1985 Μάξιμος
861 1913 1228 1987 πρεσϐύτερος
1255 1913 1368 1987 (5‘2)
1410 1915 1522 1969 τῶν
1550 1917 1682 1988 παρ’
1714 1916 1866 1987 ἡμῖν,
1893 1912 1986 1968 καὶ

406 2001 707 2074 Οὐρϐανδς,
752 2002 834 2067 δὶς
863 2002 961 2075 τὴν
989 2001 1049 2070 ἐξ
1068 2000 1357 2075 ὁμολογίας
1395 2004 1552 2071 δόξαν
1592 2003 1820 2077 ἀρίστην
1852 2023 1987 2079 καρ-

411 2093 746 2164 πωσάμενοι,
774 2091 1020 2156 Σιδώνιός
1042 2109 1103 2146 τε
1127 2093 1220 2147 καὶ
1241 2093 1549 2166 Κελερῖνος,
1572 2095 1712 2167 άνὴρ
1733 2096 1791 2161 ὃς
1808 2095 1986 2159 πάσας

411 2183 675 2254 βασάνους
708 2183 795 2238 διὰ
824 2183 916 2239 τὸν
935 2184 1029 2238 τοῦ
1048 2183 1194 2240 ⁴Θεοῦ
1234 2184 1383 2239 ἔλεον
1426 2186 1875 2260 καρτερικώτατα
1904 2188 1984 2242 δι-

404 2274 788 2345 ενέγκας(55),
829 2275 923 2328 καὶ
969 2276 1033 2348 τῇ
1085 2274 1243 2349 ῥώμῃ
1287 2277 1388 2349 τῆς
1417 2277 1581 2332 αὐτοῦ
1623 2278 1877 2345 πίστεως,
1924 2280 1985 2334 τὸ

410 2366 633 2434 ἀσθενὲς
658 2363 757 2442 τῆς
784 2368 986 2442 σαρκὸς
1017 2368 1352 2442 ἐπιρρώσας,
1390 2369 1529 2424 κατὰ
1554 2370 1752 2442 κράτος
1775 2373 1986 2442 νενίκη-

408 2477 474 2515 κε
500 2461 592 2515 τὸν
615 2461 986 2534 ἀντικείμενον
1004 2478 1019 2492 ·
1054 2456 1198 2517 οὗτοι
1228 2460 1292 2533 δὴ
1313 2457 1406 2516 οὖν
1428 2463 1478 2516 οἱ
1502 2462 1694 2534 ἄνδρες
1720 2466 1986 2536 κατανοή-

409 2565 601 2615 σαντες
627 2551 809 2617 αὑτὸν,
838 2552 932 2606 καὶ
955 2551 1449 2623 καταφωράσαντες
1476 2551 1575 2624 τὴν
1612 2554 1670 2606 ἐν
1694 2552 1838 2624 αὐτῷ
1856 2572 1984 2609 πανε-

400 2637 640 2708 ουργίαν.
682 2656 744 2694 τε
798 2638 894 2693 καὶ
924 2640 1305 2712 παλιμϐολίαν,
1355 2643 1455 2706 τάς
1475 2660 1537 2696 τε
1574 2642 1858 2714 ἐπιορκίας
1888 2646 1983 2698 καὶ

403 2725 774 2795 ψευδολογίας,
821 2728 917 2782 καὶ
958 2728 1058 2801 τὴν
1088 2731 1478 2803 ἀκοινωνησίαν
1503 2732 1668 2787 αὑτοῦ
1700 2733 1795 2786 καὶ
1825 2732 1983 2787 λυκο-

406 2816 609 2886 φιλίαν,
667 2819 970 2891 ἐπανῆλθον
1011 2822 1093 2886 είς
1137 2821 1234 2894 τὴν
1289 2823 1449 2893 ἁγίαν
1502 2822 1847 2896 Ἐκκλησίαν,
1887 2824 1983 2877 καὶ

403 2906 621 2961 ἅπαντα
664 2908 829 2963 αὑτοῦ
878 2909 947 2965 τὰ
989 2909 1335 2983 τεχνάσματα
1381 2913 1476 2968 καὶ
1514 2913 1899 2986 πονηρεύματα
1944 2913 1981 2969 ἃ

402 3000 470 3054 ἐκ
519 3002 718 3058 πολλοῦ
767 3004 906 3075 ἔχων
964 3008 1024 3061 ἐν
1072 3007 1249 3079 ἑαυτῷ
1286 3006 1658 3070 ὑπεστέλλετο,
1699 3008 1980 3079 παρόντων

2085 1918 2275 1961 omnes
2325 1904 2579 1972 latuerit;
2613 1906 2739 1961 dum
2800 1905 3141 1962 confessores
3198 1919 3336 1975 quos
3362 1905 3550 1961 statim
3582 1903 3650 1958 ab

2086 1997 2239 2053 initio
2272 1998 2373 2053 sibi
2416 1999 2741 2065 sociaverat,
2792 2000 3155 2056 velamentum
3200 1997 3435 2053 vesaniae
3457 1997 3651 2052 obten-

2086 2089 2187 2154 dit,
2231 2090 2486 2160 deinceps
2543 2090 2639 2144 tibi
2688 2091 3007 2145 edisseram.
3063 2088 3333 2143 Maximus
3387 2085 3651 2143 Ecciesire

2085 2188 2284 2233 nostra:
2338 2179 2642 2250 presbyter,
2709 2188 2766 2234 et
2813 2178 3067 2235 Urbanus
3129 2196 3143 2233 :
3186 2179 3348 2233 ambo
3401 2191 3471 2232 ex
3523 2176 3649 2231 lldel

2083 2268 2426 2326 confessione
2471 2272 2743 2341 egregiam
2766 2269 2879 2339 jam
2918 2270 3156 2326 secundo
3184 2269 3393 2324 laudem
3425 2267 3644 2337 adepti;

2085 2357 2344 2413 Sidonius
2425 2359 2589 2414 etiam
2655 2368 2710 2414 et
2768 2359 3081 2427 Celerinus,
3144 2359 3227 2414 vir
3277 2357 3368 2428 qui
3444 2369 3645 2437 cuncta

2086 2457 2472 2505 tormentorum
2504 2465 2702 2519 genera
2742 2466 2838 2521 per
2885 2450 2983 2506 Dei
3024 2444 3644 2520 misericordiam'243

2083 2541 2379 2597 fortissime
2434 2543 2729 2611 sustinuit,
2783 2552 2838 2598 et
2894 2543 2985 2613 qui
3024 2542 3148 2598 fidei
3201 2557 3314 2598 suae
3340 2550 3647 2597 constantia

2081 2632 2452 2689 inﬁrmitatem
2502 2634 2752 2702 corporis
2803 2635 2885 2690 sui
2928 2634 3224 2703 roborans,
3276 2635 3646 2691 adversarium

2092 2725 2310 2828 penitus
2357 2724 2643 2837 debellavit
2685 2726 2784 2837 :hi
2826 2742 3016 2830 omnes
3070 2742 3191 2837 ψη)
3225 2727 3375 2830 illum
3430 2727 3642 2782 tandem

2078 2817 2482 2887 cognovissent,
2521 2826 2576 2872 et
2622 2817 2859 2873 fraudem
2885 2818 3004 2888 ejus
3047 2817 3141 2874 ac“
3158 2819 3478 2886 versutiam,
3523 2834 3648 2887 per-

2074 2908 2220 2976 juria
2241 2925 2457 2979 quoque
2503 2917 2664 2978 atque
2709 2909 3030 2976 mendacia,
3080 2919 3136 2964 et
3165 2909 3546 2966 abhorrentem
3576 2911 3646 2965 ab

2078 3002 2226 3057 omni
2254 3002 2517 3056 societate
2552 2999 2847 3067 feritatem,
2883 3012 2944 3058 et
2968 3002 3209 3073 lupinam
3246 3003 3536 3074 quamdam
3590 3003 3645 3057 in

404 3092 606 3147 ἱκανῶν
646 3093 803 3149 τοῦτο
829 3096 928 3167 μὲν
970 3098 1303 3164 ἐπισκόπων,
1330 3097 1488 3152 τοῦτο
1508 3097 1566 3150 δὲ
1595 3097 1979 3171 πρεσϐυτέρων

2082 3105 2149 3147 eo
2179 3091 2478 3145 amicitiam
2509 3090 2993 3159 deprehendissent
3019 3131 3035 3157 ,
3064 3091 3132 3145 ad
3175 3102 3419 3148 sanctam
3454 3092 3646 3148 Eccle-s

402 3186 498 3238 καὶ
525 3185 728 3240 λαῖκῶν
755 3187 965 3261 ἀνδρῶν
991 3190 1344 3262 παμπόλλων,
1371 3189 1690 3262 ἐξήγγειλαν
1714 3191 1979 3262 ἀποδυρό-

2077 3184 2215 3238 siam
2251 3181 2455 3237 reversi
2487 3188 2613 3236 sunt
2642 3198 2657 3233 :
2689 3192 3023 3252 cunctasque
3045 3180 3188 3238 illius
3217 3185 3544 3255 prmstigias,
3574 3198 3642 3240 ac

404 3293 556 3351 μενοι
607 3279 702 3333 καὶ
752 3279 1264 3350 μεταγινώσκοντες,
1319 3282 1405 3350 ἐφ’
1436 3277 1517 3345 οἷς
1545 3281 1855 3346 πεισθέντες
1895 3285 1976 3355 τῷ

400 3368 601 3440 δολερῷ
627 3370 719 3423 καὶ
741 3370 999 3443 κακοήθει
1038 3370 1230 3444 θηρίῳ,
1275 3370 1410 3444 πρὸς
1436 3372 1615 3441 ὀλίγον
1654 3375 1845 3446 χρόνον
1873 3373 1976 3448 τῆς

400 3459 728 3529 Ἐκκλησίας
770 3459 1192 3532 ἀπελείφθησαν.
1226 3480 1246 3512 ι
1287 3457 1422 3515 Εῐτα
1453 3461 1590 3532 μετὰ
1624 3461 1829 3534 βραχέα
1868 3483 1973 3536 φη-

402 3548 517 3601 σίν·
556 3568 575 3600 ι
626 3550 931 3622 Ἀμήχανον
962 3552 1114 3623 ὅσην,
1140 3551 1332 3621 ἀδελφέ
1354 3551 1621 3623 ἀγαπητὲ,
1655 3554 1860 3626 τροπὴν
1879 3552 1974 3610 καὶ

404 3638 705 3711 μεταϐολὴν
754 3642 812 3695 ἐν
864 3641 1057 3715 βραχεῖ
1101 3642 1279 3713 καιρῷ
1306 3642 1646 3714 ἐθεασάμεθα
1690 3645 1777 3698 ἐπ’
1807 3647 1972 3702 αὐτοῦ

399 3730 792 3801 γεγενημένην.
835 3729 893 3783 Ὁ
915 3731 1022 3802 γάρ
1052 3746 1129 3783 τοι
1156 3730 1555 3801 λαμπρότατος,
1587 3731 1681 3785 καὶ
1710 3731 1775 3785 δι’
1796 3733 1974 3805 ὅρκων

399 3820 649 3893 φοϐερῶν
684 3839 845 3877 τινων
881 3821 1239 3893 πιστούμενος
1261 3823 1323 3877 τὸ
1355 3823 1475 3895 μηδ’
1500 3824 1638 3889 ὅλως
1669 3826 1974 3897 ἐπισκοπῆς

397 3908 711 3981 ὀρέγεσθαι,
744 3912 1005 3984 αίφνίδιον
1032 3911 1326 3976 ἐπίσκοπος
1356 3912 1548 3985 ὥσπερ
1591 3916 1657 3967 ἐκ
1695 3915 1970 3986 μαγγάνου

397 4001 541 4066 τινὸς
574 3987 687 4075 (δῖ)
735 4006 817 4067 εἰς
846 4000 908 4063 τὺ
941 4000 1105 4075 μέσον
1149 4002 1360 4075 ριφθεὶς
1402 4003 1773 4073 ἀναφαίνεται.
1804 3996 1973 4068 Οὗτος

469 4153 582 4228 (3i)
619 4157 810 4225 "Aur;
847 4154 1275 4228 ttgémqtolri.
1317 4155 1468 4212 lianc
1507 4155 1975 4228 Corneliigepisto-

400 4223 530 4297 lam,
562 4223 685 4282 cum
717 4223 897 4297 pri—ore
923 4226 1010 4281 illa
1031 4225 1183 4294 cujus
1209 4223 1372 4295 supra
1391 4227 1616 4297 mentio
1639 4228 1708 4281 ab
1733 4223 1967 4283 Eusebio

398 4293 536 4350 facta
561 4305 664 4362 est,
689 4293 1019 4351 confundere
1053 4293 1535 4359 vi’deturVRufinus,
1563 4297 1654 4365 qui
1679 4297 1813 4352 duas
1842 4312 1965 4351 tan-

400 4373 513 4437 tum
539 4365 774 4437 cornelii
817 4367 1077 4437 epistolas
1105 4366 1372 4437 agnoscit.
1407 4366 1480 4421 At
1510 4366 1875 4437 Hieronymus
1906 4367 1961 4421 in

2081 3276 2404 3345 nequitiam,
2439 3289 2602 3345 quam
2624 3273 2736 3343 jam
2785 3274 2997 3344 pridem
3040 3275 3183 3330 intra
3229 3291 3288 3332 se
3321 3276 3600 3333 occultans
3626 3309 3644 3342 ,

2081 3379 2204 3421 sese
2234 3365 2451 3419 interim
2480 3366 2876 3430 submittebat,
2907 3366 3264 3435 praesentibus
3285 3366 3494 3437 aliquot
3519 3368 3642 3435 epi-

2078 3455 2258 3526 scopis
2295 3470 2359 3510 ac
2388 3456 2722 3526 presbyteris
2755 3465 2810 3511 et
2845 3456 3000 3512 laicis
3032 3456 3397 3526 compluribus
3421 3456 3643 3527 evulgas

2079 3555 2207 3602 runt
2245 3565 2260 3601 ι
2303 3546 2721 3616 ingemiscentes
2764 3562 2829 3603 ac
2860 3547 3104 3604 dolentes
3128 3586 3145 3612 ,
3171 3548 3313 3619 quod
3344 3563 3373 3602 a
3418 3545 3645 3603 fraudu-

2079 3636 2223 3692 lenta
2252 3638 2340 3692 illa
2370 3638 2714 3709 malignaque
2742 3637 2914 3695 bestia
2944 3639 3174 3706 inducti,
3209 3639 3486 3709 aliquanto
3508 3651 3645 3695 tent-

2078 3732 2229 3802 poris
2255 3733 2431 3801 spatio
2479 3733 2549 3788 ab
2587 3732 2828 3789 Ecclesia
2876 3734 3251 3789 recessissent.
3304 3753 3323 3789 ι
3362 3734 3431 3789 Ει
3478 3737 3643 3806 paulo

2077 3834 2204 3892 post
2231 3824 2421 3879 addit:
2462 3843 2481 3876 ι
2524 3823 2826 3881 Mirabilem
2869 3826 3182 3896 quamdam,
3212 3826 3382 3883 frater
3420 3828 3642 3885 charis-

2076 3914 2253 3979 sime,
2304 3918 2713 3971 conversionem
2763 3917 2816 3971 in
2864 3932 2930 3973 eo
2977 3919 3441 3990 mutationemque
3484 3922 3642 3976 brevi

2079 4006 2339 4076 temporis
2367 4006 2596 4061 articulo
2644 4006 2842 4062 factam
2882 4010 3283 4078 conspeximus.
3315 4010 3451 4066 Nam
3485 4027 3642 4081 egre-

2084 4158 2241 4223 ravit,
2272 4159 2421 4214 addit
2445 4159 2786 4229 conjunctam
2827 4163 2877 4218 ei
2914 4159 3086 4219 fuisse
3113 4163 3272 4218 aliam
3298 4164 3494 4220 Latino
3523 4181 3640 4221 ser-

2072 4243 2234 4283 mone
2267 4231 2544 4305 _s_criptam
2578 4232 2879 4305 epistolam
2921 4232 3202 4305 Cypriani.
3237 4237 3389 4301 Quod
3417 4237 3634 4304 quidem

2070 4313 2179 4352 non
2213 4299 2456 4374 adderet,
2488 4302 2590 4356 nisi
2621 4299 2858 4374 Cornelii
2898 4299 3124 4374 epistola
3150 4299 3402 4374 superius
3430 4299 3639 4361 inemo-

2070 4378 2194 4440 rata
2205 4369 2432 4440 diverso
2457 4386 2708 4426 sermone
2737 4369 2946 4440 scripta
2966 4374 3172 4428 fuisset.

397 4432 655 4527 9MP?
696 4432 1041 4527 “'LP‘?’.‘?"3
1078 4435 1476 4527 adesades
1516 4432 1759 4527 q."_“_‘.“.9"‘.
1774 4452 1965 4527 Pecs

2072 4432 2972 4527 -..1i?)_Mé§'4wc“lassatam-
3003 4443 3074 4527 ος
3097 4443 3464 4527 δοριπακίιηο
3510 4459 3634 4527 pre-

397 4515 500 4558 rat.
540 4503 735 4560 Verum
774 4507 1032 4561 Eusebius
1078 4505 1182 4559 hoc
1215 4507 1333 4560 loco
1368 4517 1479 4560 tres
1528 4503 1791 4562 duntaxat
1834 4508 1967 4561 (lor-

396 4575 526 4628 nclii
558 4586 799 4630 recenset
825 4575 1085 4644 epistolas
1118 4593 1131 4628 :
1167 4577 1394 4643 primam
1424 4576 1490 4630 ad
1526 4574 1752 4629 Fabium
1781 4576 1965 4630 Antio—

393 4645 990 4715 cltensemepiscopum
1033 4644 1098 4698 de
1129 4644 1372 4701 Romana
1403 4646 1627 4715 synodo,
1661 4646 1836 4714 deque
1862 4646 1965 4700 lla-

392 4711 480 4783 liae
512 4724 568 4769 et
599 4711 797 4770 Africae
815 4711 1189 4783 episcoporum
1216 4711 1521 4780 consensu;
1551 4711 1843 4770 secundam
1897 4717 1963 4771 de

394 4781 645 4855 decretis
671 4781 864 4855 synodi
889 4800 918 4855 ξε
950 4781 1163 4855 tertiam
1198 4786 1263 4839 de
1296 4784 1634 4855 facinoribus
1676 4783 1961 4840 Novatiani

393 4851 461 4903 ad
486 4851 738 4924 eumdem
769 4852 998 4924 Fabium
1028 4853 1381 4909 Antiocheam
1414 4854 1564 4909 urbis
1595 4855 1904 4924 episcOpmn
1942 4870 1958 4908 :

392 4934 458 4993 ex
502 4936 608 4993 qua
649 4923 1140 4993 lugtlentissimum
1195 4924 1562 4978 testimonium
1611 4923 1697 4993 hic
1755 4923 1964 4993 profert

395 4989 683 5046 Eusebius.
716 4990 782 5043 Et
821 4994 993 5059 prima
1030 4993 1247 5060 quidem
1299 5008 1362 5048 ac
1419 4995 1597 5057 tertia,
1630 4989 1820 5050 Graec
1845 5010 1962 5048 ser-

395 5074 559 5116 mone
586 5078 615 5115 a
650 5061 903 5116 Cornelio
933 5063 1154 5130 scriptae
1194 5062 1444 5118 videntur
1492 5079 1507 5116 :
1562 5064 1727 5132 idque
1775 5063 1960 5119 multis

396 5132 737 5199 argumentis
774 5132 993 5198 probari
1024 5141 1224 5200 potest.
1253 5132 1386 5186 Cum
1419 5134 1562 5186 enim
1597 5133 1862 5188 Eusebius
1893 5150 1956 5188 ex

398 5200 555 5272 tertia
585 5200 810 5272 epistola
832 5201 1061 5270 plurima
1089 5202 1664 5272 adducattestimonia,
1692 5219 1958 5272 nusquam

396 5269 601 5325 dicitea
627 5287 693 5326 ex
723 5269 917 5324 Latino
942 5286 1190 5326 sermone
1222 5272 1275 5324 in
1305 5270 1551 5326 Graecum
1585 5271 1750 5326 fuisse
1779 5269 1958 5326 trans-

399 5336 532 5411 lata,
556 5343 712 5411 quod
749 5351 929 5394 tamen
959 5348 1217 5411 perpetuo
1252 5356 1474 5397 monere
1502 5342 1803 5406 consuevit,
1829 5359 1960 5411 quo-

400 5409 503 5462 ties
545 5409 723 5464 Latini
769 5409 1070 5478 scriptoris
1093 5412 1462 5480 testimonium
1501 5412 1680 5465 citat:
1719 5409 1953 5480 exeritpli

397 5480 730 5544 gratia,cum
758 5480 904 5535 locos
937 5483 1143 5550 profert
1166 5494 1231 5534 ex
1259 5478 1576 5534 Tertulliani
1602 5478 1952 5548 Apologen'co,

397 5556 494 5620 aut
521 5564 643 5620 cum
682 5551 941 5618 epistolas
986 5552 1287 5620 principum
1331 5550 1715 5604 Romanorum.
1749 5552 1957 5605 Deinde

397 5614 661 5689 liusehius
685 5614 798 5688 ipse
823 5621 877 5674 in
911 5614 1014 5674 hoc
1042 5614 1225 5689 capite
1262 5622 1396 5675 satis
1419 5620 1612 5685 innuit,
1639 5620 1867 5689 primam
1901 5621 1957 5673 il-

399 5684 503 5760 lam
532 5684 766 5743 Cornelii
790 5689 855 5742 ad
896 5684 1128 5760 Fabium
1156 5690 1442 5760 epistolam
1487 5684 1747 5760 scriptam
1790 5688 1956 5745 fuisse

398 5751 588 5812 Graeco
610 5772 882 5813 sermone.
927 5751 1218 5829 Postquam
1248 5763 1391 5817 enim
1423 5760 1488 5816 de
1519 5751 1615 5817 illa
1635 5773 1956 5816 commemo-

637 5846 906 5908 Parnoc.
947 5849 1059 5909 Gtt.
1110 5845 1253 5913 XX.

2068 4507 2321 4582 sbytero,
2351 4507 2570 4565 Urbano
2595 4507 2649 4564 et
2686 4507 3366 4582 Sidonioiconfessoribus,
3396 4507 3637 4582 qualiter

2064 4577 2255 4632 relicto
2280 4577 2580 4634 Novatiano
2623 4582 2691 4635 ad
2748 4581 3043 4637 Ecclesiam
3075 4577 3395 4639 catholicam
3418 4577 3630 4641 reversi

2063 4646 2194 4726 sint,
2230 4648 2349 4726 vide
2377 4651 2661 4726 epistolam
2692 4649 2930 4706 Cornelii
2962 4654 3242 4726 papteuad
3272 4654 3627 4726 Cyprianum.

2063 4715 2380 4794 Fuit_eti_am
2412 4715 2601 4794 eodem
2637 4729 2878 4789 tempore
2924 4715 3063 4794 alter
3105 4715 3370 4794 Maxinn'ts
3401 4725 3630 4794 presby-

2065 4795 2147 4864 ter
2171 4786 2903 4864 Ecclesiteliomattaquem
2926 4790 3259 4848 Novatianus
3293 4786 3525 4864 legatum
3567 4786 3626 4850 in

2048 4854 2306 4928 Africam
2341 4857 2488 4928 misit
2515 4859 2581 4928 ad
2614 4854 2944 4928 Cyprianum
2982 4878 3085 4916 una
3118 4878 3241 4918 cum
3290 4854 3530 4920 Machato
3573 4876 3631 4921 et

2060 4924 2221 4997 aliis;
2257 4928 2352 4982 sed
2379 4924 2804 4997 Cyprianué‘eos
2829 4945 2858 4982 a
2884 4934 3270 4987 communione
3308 4950 3406 4988 sua
3442 4949 3626 4990 remo-

2060 4994 2174 5073 νὴ.Δ
2196 4996 2389 5073 [’ostea
2415 4994 2747 5073 schismatici
2780 4999 3071 5073 Maximum
3123 5005 3266 5073 hunc
3311 5005 3626 5073 episcopqu

2059 5063 2330 5187 ἓιοΙβΙέ-Ιίρο
2363 5066 2565 5131 fecere,
2594 5079 2652 5121 ut
2678 5070 2836 5123 docet
2864 5071 3172 5141 Cyprianus
3201 5072 3253 5127 in
3285 5063 3514 5145 epistola
3557 5080 3626 5129 ad

2170 5151 2199 5185 n
2261 5151 2388 5187 nun.

2103 5148 2388 5189 ornellum.

2131 5204 2243 5274 (33)
2258 5205 2731 5278 Καρτερικῴτατα
2745 5207 3077 5278 διενέγκας.
3094 5209 3166 5265 ita
3194 5212 3247 5266 in
3262 5213 3448 5268 codice
3464 5212 3514 5266 Μ
3518 5214 3628 5267 edi-

2059 5289 2173 5353 caeo
2190 5290 2286 5353 pro
2313 5278 2527 5353 vulgato
2556 5276 2830 5353 διανύσας,
2862 5276 3153 5353 scribitur;
3177 5286 3316 5351 apud
3332 5283 3621 5353 Georgium

2061 5343 2737 5416 δνιιυθιιυμιιιξδιενεγκιῖω.
2773 5343 2878 5403 sed
2934 5343 3239 5407 Mazariuus
3286 5354 3455 5407 codex
3475 5343 3624 5406 'asti-

2059 5414 2276 5481 pulatnr
2301 5413 2553 5470 Medicam
2578 5413 2594 5482 ξ
2642 5419 2771 5472 item
2803 5418 3131 5474 Fuketianus
3160 5431 3214 5474 et
3240 5422 3569 5475 Savilianus.

2130 5484 2243 5554 (54)
2261 5485 2489 5561 ίᾯσπερ
2502 5485 2572 5540 ἐκ
2584 5487 2896 5561 μαγγάνου
2916 5491 3095 5561 τινός.
3121 5490 3230 5546 Hoc
3264 5492 3386 5546 loco
3400 5492 3465 5543 ἐκ
3480 5507 3624 5561 μαγ-

2057 5553 2222 5630 γάνου
2259 5555 2399 5630 idem
2423 5566 2510 5610 est
2538 5553 2690 5625 quod
2706 5553 2813 5612 ἀπὸ
2834 5553 3105 5630 μηχανῆς,
3128 5576 3246 5630 quae
3263 5553 3621 5629 proverbialis

2056 5625 2257 5700 loeu_ti_o
2298 5623 2568 5693 frequens
2602 5623 3162 5700 estuapud'ﬁraaws:
3214 5623 3346 5683 Nam
3399 5630 3619 5700 μάγγα-

2054 5694 2315 5765 νονᾉὶᾱθιιι
2345 5705 2429 5749 est
2457 5710 2521 5765 ac
2552 5694 2819 5751 machina.
2868 5697 3023 5765 Quod
3076 5701 3244 5754 miror
3273 5715 3373 5755 nec
3399 5694 3445 5752 ἐι
3492 5694 3620 5753 hau-

2055 5763 2226 5830 sculo,
2263 5778 2363 5819 nec
2386 5779 2416 5819 a
2446 5763 2937 5836 Christophorsono
2971 5768 3406 5825 animadversum
3428 5769 3619 5829 fuisse.

3239 5860 3320 5922 20
