4222 6430
480 426 584 477 8Ἴο

1109 512 1336 568 CAPUT
1379 513 1417 566 I.

852 607 925 660 De
956 605 1285 673 improbitate
1312 603 1459 659 Decii
1479 613 1528 658 et
1557 602 1723 659 Galli.

551 764 716 819 Decio
735 760 891 815 simul
916 775 1035 813 cum
1061 758 1251 813 liberis
1275 756 1586 822 interfecto,
1609 774 1732 812 cum
1756 760 2055 814 secundum

480 855 692 926 imperii
742 869 942 908 annum
977 852 1204 906 necdum
1257 850 1550 920 explesset,
1607 848 1795 908 Gallus
1847 852 1900 906 in
1940 853 2056 921 ejus

482 947 659 1000 locum
702 945 964 1000 succedit.
1012 942 1129 1009 Quo
1176 952 1419 1012 tempore
1454 942 1718 1013 Origenes
1770 951 2056 1011 septuage-

483 1040 620 1092 simo
646 1037 823 1092 aetatis
861 1051 1002 1090 anno
1030 1050 1096 1089 ex
1154 1034 1257 1088 hac
1302 1036 1410 1087 vita
1464 1034 1739 1104 migravit.
1788 1033 2053 1089 (ἔπιθι-ειη]

485 1128 771 1200 Dionysius
827 1128 880 1181 in
941 1126 1169 1197 epistola
1202 1124 1268 1179 ad
1299 1124 1770 1179 Hermammonem
1802 1125 1870 1180 de
1899 1124 2056 1179 Gallo

482 1221 815 1288 imperatore
846 1219 919 1272 ita
954 1219 1147 1274 scribit
1176 1234 1190 1270 :
1220 1236 1240 1269 ι
1280 1216 1388 1271 Sed
1434 1231 1603 1284 neque
1629 1216 1817 1272 Gallus
1844 1216 2053 1286 culpam

485 1311 629 1367 Decii
669 1309 961 1375 intellexit,
1022 1323 1125 1364 nec
1151 1310 1427 1379 prospexit
1482 1310 1611 1378 quid
1648 1312 1863 1365 tandem
1905 1311 2052 1365 illum

483 1401 969 1471 pessumdedisset.
1014 1400 1154 1467 Quin
1205 1401 1386 1471 potius
1436 1402 1502 1454 ad
1544 1403 1793 1456 eumdem
1823 1402 2052 1471 lapidem

483 1502 613 1548 ante
642 1492 832 1548 oculos
858 1508 989 1547 suos
1012 1494 1244 1561 positum
1286 1492 1527 1562 impegit.
1572 1491 1672 1558 Qui
1703 1509 1826 1547 cum
1880 1493 2051 1561 impe—

488 1584 625 1639 rinm
657 1585 826 1655 ipsius
862 1599 1121 1653 prospero
1157 1586 1208 1637 in
1261 1593 1403 1639 statu
1443 1594 1611 1651 esset,
1653 1596 1960 1655 cunctaque
1985 1601 2052 1641 ex

485 1674 652 1727 animi
680 1672 945 1727 sententia
975 1672 1346 1738 succederent,
1380 1674 1528 1728 viros
1566 1683 1784 1729 sanctos
1825 1677 1916 1744 qui
1955 1690 2053 1745 pro

486 1779 621 1834 pace
655 1773 711 1818 et
740 1763 1112 1818 incolumitate
1141 1763 1310 1833 ipsius
1344 1778 1533 1832 preces
1563 1764 1629 1818 ad
1668 1765 1831 1818 Deum
1856 1765 2054 1835 allega-

1194 417 1466 472 l‘TLTSEBil
1503 411 1984 469 CESARIENSIS
2018 408 2171 466 OPP.
2211 406 2391 462 PARS
2428 406 2469 461 l.
2510 436 2577 446 ——
2617 398 3004 457 liiSTOlilCA.

3634 387 3739 445 640

2701 494 3095 552 ΚΕΦΑΛΑΙΟΝ
3131 494 3206 543 A’.

2235 591 2374 660 Περὶ
2406 590 2517 660 τῆς
2553 590 2760 660 Δεκίου
2795 588 2890 660 καί
2921 581 3594 660 ιξᾲλλςιξικακοτροπεάς

2676 652 3224 723 (an.u.n;v,sn.

2233 754 2421 806 Δέκιον
2474 749 2583 805 οὐδ’
2631 750 2749 803 δλον
2793 746 3234 816 ὲπικρατήσαντα
3265 742 3410 796 δυοῖν
3455 741 3595 793 ὲτοῖν
3624 738 3739 809 (7i)

2161 843 2373 912 χρόνον,
2399 838 2595 893 αὐτίκα
2616 855 2675 890 τε
2700 838 2814 908 ἅμα
2832 838 2943 899 τοῖς
2976 833 3132 887 παισὶ
3156 831 3266 903 (79.)
3294 828 3736 896 κατασφαγέντα,

2162 931 2361 994 Γάλλος
2405 929 2725 999 διαδέχεται.
2766 925 3045 998 Ὠριγένης
3075 925 3133 976 ιν
3174 921 3346 992 τούτῳ
3390 920 3509 984 ἑνὸς
3551 918 3736 972 δέοντα

2159 1025 2259 1094 τῆς
2291 1020 2435 1093 ζωῆς
2461 1020 2825 1090 ἐϐδομήκοντα
2847 1016 2956 1085 (7'5)
2987 1013 3310 1085 ἀποπλήσας
3342 1010 3459 1082 ἐτη,
3489 1009 3733 1079 τελευτᾷ.

2160 1113 2392 1185 Γράφων
2430 1112 2496 1180 γέ
2519 1127 2601 1163 τοι
2646 1111 2676 1162 ὁ
2707 1106 2978 1168 Διονύσιος
3034 1103 3397 1175 Ἐρμάμμωνι
3455 1099 3586 1171 περὶ
3640 1100 3729 1152 to?

2161 1203 2363 1258 Γάλλου
2403 1202 2576 1257 ταῦτα
2620 1201 2849 1270 φάσκει·
2886 1218 2904 1249 ι
2949 1196 3083 1250 Ἀλλ’
3127 1195 3248 1249 οὐδὲ
3282 1194 3480 1258 Γάλλος
3508 1194 3651 1262 ἔγνω
3675 1194 3733 1248 τί.

2159 1295 2351 1347 Δεκίου
2371 1292 2561 1355 κακὸν,
2584 1291 2706 1344 οὐδὲ
2729 1290 3106 1361 προεσκόπησε
3127 1286 3180 1340 τί
3202 1285 3318 1339 ποτ’
3343 1287 3547 1338 ἐκεῖνον
3568 1283 3732 1353 ἔσφηο

2159 1387 2271 1451 λεν,
2305 1385 2441 1440 ἀλλὰ
2483 1384 2620 1454 πρὸς
2646 1382 2736 1436 τὸν
2783 1381 2943 1435 αὑτὸν
2971 1379 3079 1450 πρὸ
3102 1378 3211 1432 τῶν
3247 1375 3544 1447 ὀφθαλμῶν
3569 1375 3730 1430 αὐτοῦ

2158 1477 2448 1548 γενόμενον
2479 1475 2700 1529 ἔπταισε
2724 1472 2890 1527 λίϐον.
2927 1474 3022 1535 ’ος
3044 1466 3102 1524 εὖ
3130 1468 3435 1541 φερομένης
3467 1465 3616 1537 αὐτῷ
3635 1466 3735 1536 τῆς

2163 1568 2465 1639 βασιλείας,
2497 1567 2592 1620 καὶ
2629 1565 2769 1619 κατὰ
2803 1563 2928 1617 νοῦν
2956 1559 3421 1634 (75⁸)χωρούντων
3448 1559 3557 1613 τῶν
3595 1575 3734 1630 πρα·

2157 1659 2403 1731 γμάτων,
2435 1659 2561 1721 τοὺς
2600 1658 2776 1728 ἱεροὺς
2816 1655 3016 1727 ἄνδρας
3063 1654 3190 1716 τοὺς
3222 1652 3352 1724 περὶ
3378 1652 3480 1723 τῆς
3514 1652 3734 1723 εἰρήνης

2160 1750 2328 1806 αὐτοῦ
2360 1750 2453 1802 καὶ
2482 1748 2586 1818 τῆς
2631 1747 2842 1815 ὑγιείας
2873 1743 3276 1817 πρεσϐεύοντας
3305 1742 3415 1813 (74)
3466 1742 3604 1813 πρὸς
3643 1741 3735 1795 τὸν

486 1833 638 1918 bant,
673 1854 969 1909 insectatus
996 1864 1100 1908 est.
1154 1854 1288 1909 Cum
1323 1853 1429 1908 illis
1477 1869 1609 1923 ergo
1641 1856 1916 1909 orationes
1957 1833 2054 1924 pro
2089 1867 2130 1921 Β

2089 1867 2130 1921 Β
2158 1845 2291 1899 θεὸν
2316 1884 2330 1907 ,
2366 1844 2581 1914 ἧλασεν.
2628 1840 2837 1895 Οὐκοῦν
2880 1839 2975 1893 σὺν
3005 1838 3233 1900 ἐκείνοις
3280 1834 3463 1900 ἐδίωξε
3497 1835 3603 1924 καὶ
3637 1833 3735 1897 τὰς

488 1946 607 2010 ipso
629 1943 746 2000 ﬁeri
769 1946 959 2001 solitas
984 1945 1149 2001 simul
1178 1944 1404 2015 fugavit.
1447 1963 1467 1997 ι
1505 1945 1631 2001 Haec
1660 1946 1731 2001 de
1753 1946 1907 2002 Gallo
1935 1948 2056 2003 Dio-

489 2036 694 2103 tersius.

1100 2105 1424 2189 earUTtL

592 2195 822 2260 Quinam
857 2206 982 2249 tunc
1010 2197 1203 2266 fuerint
1242 2198 1493 2255 Romana!
1519 2200 1664 2255 urbis
1695 2202 1944 2271 episcopi.

556 2347 765 2403 Interea
840 2349 1025 2403 Romae
1076 2365 1198 2404 cmn
1257 2349 1544 2404 Cornelius
1607 2352 1777 2405 tribus
1837 2351 2057 2407 circiter

485 2439 646 2494 annis
678 2439 1046 2509 episcopatum
1075 2440 1357 2503 tenuisset,
1421 2439 1621 2496 Lucius
1652 2442 1703 2495 in
1731 2440 1847 2507 ejus
1876 2443 2056 2498 locum

487 2532 854 2585 substituitur.
914 2530 1015 2596 Qui
1053 2530 1213 2602 251
1250 2531 1336 2584 vix
1384 2540 1510 2585 octo
1562 2533 1825 2585 mensium
1884 2534 2059 2602 spatio

486 2623 802 2689 perfunctus
833 2638 898 2678 eo
927 2638 1171 2688 munere,
1206 2623 1443 2678 moriens
1480 2624 1785 2694 episcopale
1820 2625 2055 2681 oilicium

488 2713 764 2783 Stephano
818 2713 1127 2782 dereliquit.
1172 2715 1254 2769 Ad
1311 2713 1456 2770 hunc
1489 2714 1820 2785 Stephanum
1851 2715 2052 2789 Diony-

489 2805 603 2859 sius
654 2805 884 2873 primam
931 2820 1119 2860 earum
1170 2819 1292 2875 quae
1318 2806 1385 2860 de
1424 2806 1692 2876 baptismo
1732 2808 2052 2878 conscripta:

487 2904 616 2949 sunt
662 2896 940 2965 epistolam
993 2898 1257 2960 exaravit,
1307 2912 1430 2951 cum
1478 2913 1574 2968 per
1606 2899 1657 2953 id
1704 2910 1913 2969 tempus
1945 2915 2050 2953 non

489 2986 775 3042 mediocris
804 2989 1171 3043 controversia
1202 2999 1390 3043 exorta
1419 2999 1582 3054 esset,
1621 2999 1801 3044 utrum
1837 3006 1933 3046 eos
1961 2991 2052 3061 qui

487 3094 552 3133 cx
578 3078 815 3148 qualibet
868 3079 1061 3135 hzeresi
1093 3090 1505 3143 convertuntur,
1535 3082 1804 3149 baptismo
1834 3083 2055 3153 purgari

2163 1938 2303 2010 ὑπὲρ
2358 1933 2552 1990 ἑαυτοῦ
2605 1931 2929 2005 προσευχάς.
2983 1948 3002 1983 ι
3059 1927 3243 1983 Ταῦτα
3302 1927 3400 1998 μὲν
3463 1922 3556 1979 οὖν
3606 1926 3736 1995 περὶ

2159 2028 2335 2083 τοῦδε.

2697 2093 3090 2148 ΚΕΦΑΛΔῙΟΝ
3130 2091 3203 2144 B'.

2234 2190 2397 2256 Τίνες
2424 2186 2653 2243 οἱκατὰ
2684 2184 2901 2256 τούσδε
2942 2183 3238 2256 ’ξωμαιειιν
3273 2182 3594 2237 ἐπίσκοποι

2688 2256 2827 2323 (Nic.
2857 2254 2924 2307 Η.
2955 2253 3021 2307 Ε.
3050 2268 3124 2316 vt,
3148 2252 3225 2324 7).

2229 2349 2386 2402 Κατὰ
2431 2347 2489 2401 δὲ
2537 2347 2634 2419 τὴν
2688 2345 2974 2416 Ῥωμαίων
3020 2343 3172 2396 πόλιν
3214 2341 3511 2414 Κορνηλίου
3559 2340 3735 2396 ἔτεσιν

2159 2441 2303 2512 ἀμφὶ
2340 2441 2409 2494 τὰ
2447 2440 2575 2512 τρία
2614 2439 2712 2511 τὴν
2755 2436 3057 2507 ἐπισκοπὴν
3096 2435 3477 2499 διανύσαντος,
3506 2434 3735 2509 ᾼοὺκιος

2158 2532 2393 2603 κατέστη
2419 2532 2697 2603 διάδοχος,
2748 2532 2881 2601 μησὶ
2911 2530 2957 2582 δ’
2990 2528 3097 2583 οὐδ’
3138 2528 3280 2592 ὅλοις
3314 2521 3470 2593 οὗτος
3496 2527 3640 2582 ὀκτὼ
3666 2532 3731 2600 τῇ

2157 2624 2467 2696 λειτουργίᾳ
2496 2623 2969 2693 διακονησάμενος,
2996 2619 3252 2690 Στεφάνῳ
3273 2620 3541 2674 τελευτῶν
3572 2638 3735 2692 μετα-

2159 2715 2343 2770 δίδωσι
2366 2715 2457 2770 τὸν
2486 2714 2709 2787 κλῆρον.
2741 2712 2925 2783 Τούτῳ
2955 2711 3019 2784 δὴ
3048 2712 3301 2783 Στεφάνῳ
3327 2714 3425 2785 τὴν
3457 2712 3678 2786 πρώτην
3703 2718 3735 2769 ὁ

2157 2810 2428 2874 Διονύσιος
2466 2809 2574 2864 τῶν
2615 2807 2745 2880 περὶ
2787 2808 3161 2879 βαπτίσματος
3197 2807 3498 2861 ἐπιστολῶν
3546 2808 3733 2863 διατυ-

2159 2901 2380 2966 ποῦται,
2416 2901 2727 2972 ζητήματος
2754 2901 2816 2954 οὐ
2847 2899 3078 2970 σμικροῦ
3107 2900 3362 2971 τηνικάδε
3385 2900 3733 2972 ἀνακινηθέν-

2156 3010 2268 3058 τος,
2300 2997 2347 3047 εί
2368 2993 2477 3047 δέοι
2508 2994 2635 3057 τοὺς
2680 2990 2739 3057 ἐξ
2767 2992 2933 3046 οἴασὸ
2958 2988 3050 3046 οὗν
3082 2992 3349 3064 αἱρέσεως
3381 2993 3732 3065 ἐπιστρέφον-

2158 3101 2288 3149 τας,
2319 3084 2408 3138 διὰ
2437 3082 2662 3156 λουτροῦ
2696 3082 2977 3154 καθαίρειν
3000 3099 3015 3114 ο
3036 3082 3263 3137 παλαιοῦ
3295 3084 3359 3151 γέ
3385 3101 3466 3137 τοι
3495 3083 3606 3156 (75)
3642 3101 3733 3139 κε-

559 3200 670 3274 (71)
693 3202 828 3256 Οὐδ’
852 3200 1000 3256 ὅλον
1028 3200 1198 3256 δυοῖν
1226 3201 1406 3255 ἐτοῖν.
1432 3200 1699 3274 Ensebins
1728 3203 1781 3274 in
1801 3201 2061 3258 Chronico
2088 3210 2131 3269 ο
2164 3204 2226 3261 0t

2088 3210 2131 3269 C
2164 3204 2417 3274 Origcnis
2450 3214 2678 3259 mortem
2720 3202 3181 3274 assignetcodem
3223 3217 3365 3256 anno
3398 3218 3505 3272 quo
3533 3201 3729 3258 Decius

489 3271 687 3325 annum
719 3289 883 3325 unum
920 3274 1129 3340 imperii
1165 3287 1229 3325 ac
1257 3287 1468 3325 menscs
1497 3280 1607 3324 tres
1640 3271 1803 3327 Decio
1845 3275 2057 3329 tribuit.

490 3341 595 3396 Sed
617 3341 871 3397 Aurelius
913 3343 1099 3395 Victor
1132 3342 1318 3395 Decios
1352 3342 1577 3408 periisse
1599 3343 1724 3395 dicit
1751 3355 1942 3397 exacto
1976 3359 2061 3396 rc-

489 3412 579 3472 cni
626 3412 866 3466 biennio.
893 3410 949 3465 In
991 3412 1227 3466 Victoris
1252 3421 1429 3464 autem
1469 3412 1729 3476 epitome,
1764 3412 2060 3480 imperasse

494 3482 691 3550 dicitur
741 3480 935 3536 Decius
981 3482 1258 3535 mensibus
1304 3481 1543 3550 triginta.
1579 3480 1853 3550 imperare
1895 3485 2060 3550 cmpit

490 3548 783 3608 :Emiliano
811 3559 865 3604 et
899 3550 1149 3619 Aquilino
1193 3565 1359 3616 coss.,
1379 3548 1537 3605 “anno
1564 3549 1766 3605 Christi
1797 3550 1921 3609 2l9.
1949 3548 2059 3605 An-

492 3639 563 3676 no
594 3621 787 3675 deinde
815 3620 921 3676 250
953 3621 1140 3675 οοιιειιι
1182 3621 1373 3673 iterum
1415 3620 1514 3673 fuit
1564 3636 1665 3673 tina
1698 3637 1819 3673 cum
1863 3622 2056 3676 Grato.

494 3694 696 3745 Secuto
739 3690 933 3743 deinde
979 3704 1142 3755 anno,
1176 3691 1266 3757 qui
1314 3688 1569 3744 consules
1611 3691 1797 3743 habuit
1842 3691 2057 3745 Decium

490 3763 631 3827 Aug.
658 3776 716 3815 ιιι
740 3770 794 3813 et
819 3760 1096 3813 Etruscum
1123 3759 1411 3824 Cmsarem,
1430 3760 1712 3829 imperimn
1746 3771 2061 3815 constanter

492 3832 737 3889 retinnit,
772 3839 828 3882 ut
871 3830 1146 3898 colligitur
1185 3844 1248 3881 ex
1284 3830 1755 3882 senatusconsulto
1798 3831 1941 3898 quod
1974 3847 2060 3885 re-

497 3903 600 3953 fert
639 3897 811 3953 Pollio
840 3900 891 3952 in
926 3895 1205 3951 Valeriano
1236 3899 1289 3951 in
1317 3899 1430 3951 hac.
1461 3898 1625 3952 verba
1662 3917 1674 3951 :
1705 3895 1920 3953 Duobus
1952 3896 2087 3954 De-'

492 3972 590 4023 cii:
605 3985 767 4034 eam,
791 3983 842 4023 vt
870 3966 1093 4021 Kalend.
1125 3966 1378 4021 Novemb.
1406 3968 1512 4033 die,
1542 3985 1658 4019 cum
1685 3971 1747 4023 ob
1770 3970 2056 4033 imperato-

494 4043 604 4095 rias
634 4039 833 4092 litteras
861 4048 1070 4092 senatus
1093 4036 1146 4089 in
1178 4037 1288 4089 (ede
1308 4038 1611 4089 Castrorum
1638 4038 1936 4102 haberetur,
1960 4041 2061 4093 ire-

493 4122 680 4178 turque
709 4125 801 4176 per
828 4105 1485 4178 sententgias‘singulorum,
1532 4108 1621 4178 cui
1641 4109 1846 4161 deberet
1872 4124 2059 4160 censu—

493 4197 553 4249 ra
591 4174 806 4249 deferri,
855 4193 977 4243 nam
1017 4176 1073 4228 id
1103 4174 1249 4249 Decii
1296 4187 1576 4249 posuerant
1607 4176 1660 4229 in
1703 4187 2059 4249 sanaturum-

492 4243 715 4318 plissiini
741 4256 1017 4316 potestate,
1048 4254 1154 4298 etc.
1189 4243 1343 4298 Anno
1374 4246 1567 4318 deinde
1596 4248 1864 4318 sequenti,
1894 4246 2059 4318 idest

491 4315 645 4373 Gallo
664 4329 716 4374 et
744 4318 1038 4373 Volusiano
1066 4329 1234 4378 coss.,
1282 4315 1496 4369 occisus
1527 4324 1629 4368 est.
1654 4317 1811 4370 Certe
1836 4326 1927 4369 aut
1954 4316 2058 4372 hoc

493 4406 656 4455 anno,
699 4398 792 4443 aut
829 4390 936 4443 [itte
982 4386 1282 4453 superioris
1328 4386 1451 4455 anni
1501 4399 1674 4455 caesos
1707 4400 1828 4438 esse
1870 4386 2059 4441 Decios

491 4454 725 4527 oportet.
751 4457 856 4512 Sed
891 4458 1225 4527 verinsputo
1252 4454 1532 4527 consulatu
1566 4454 2052 4527 GallietVolusia-

492 4525 571 4585 ni.
613 4530 746 4585 Cum
776 4526 1082 4618 enichatsi
1116 4526 1223 4578 sint
1262 4526 1406 4618 D.eclii
1440 4526 1493 4577 in
1536 4526 1738 4618 ιιι-ωηο,
1779 4525 2054 4618 hatlidq'na-
2093 4564 2136 4618 Β

492 4615 655 4666 quam
691 4598 980 4654 verisimile
1032 4605 1117 4650 est
1143 4610 1251 4666 _eos
1300 4594 1527 4666 hiberno
1564 4604 1805 4662 tempore
1861 4596 2057 4649 bellum

494 4664 548 4722 in
586 4666 815 4724 Thracia
852 4664 1312 4738 gessisse.7Porro
1357 4665 1622 4738 Eusebius
1644 4680 1843 4717 annum
1890 4681 2053 4718 unum

491 4748 547 4793 et
576 4753 787 4793 menses
823 4734 933 4791 tres
964 4737 1151 4790 tribuit
1179 4736 1358 4800 Decio,
1384 4750 1449 4788 eo
1472 4734 1613 4803 quod
1638 4750 1808 4789 annos
1853 4746 2056 4802 septem

493 4809 730 4877 assignat
786 4806 1057 4877 Philippo,
1106 4821 1239 4877 cum
1280 4816 1457 4859 tamen
1507 4820 1597 4858 sex
1623 4815 1836 4877 tantum
1888 4821 2056 4877 annos

492 4873 779 4948 Philippus
809 4873 1327 4948 imperaverit.Qno
1368 4878 1572 4948 occiso,
1597 4873 1814 4948 Decius
1845 4890 1911 4948 se;
1940 4874 2054 4948 Aug

493 4944 708 5012 gustum
742 4947 899 5000 simul
930 4955 979 4999 et
1012 4947 1287 5000 consulem
1309 4945 1654 5009 renuntiavit,
1690 4961 1831 5000 anno
1852 4944 2053 4999 Christi

492 5015 621 5079 249,
657 5025 715 5069 ιιι
750 5015 861 5086 jam
890 5015 1019 5068 dixi.
1057 5018 1215 5068 Certe
1248 5015 1347 5086 hoc
1374 5031 1518 5069 anno
1544 5015 1760 5086 Decium
1788 5016 2055 5086 imperare

491 5082 987 5154 cepisseapparet
1032 5098 1097 5137 ex
1145 5085 1380 5138 nnnnnis
1420 5084 1693 5154 veteribus
1739 5101 1877 5151 quos
1922 5082 2054 5137 Gol—

496 5151 635 5211 uitis
670 5164 725 5209 et
760 5151 901 5210 Occo
928 5155 1182 5218 retulere,
1228 5156 1277 5206 in
1312 5155 1509 5225 quibus
1547 5151 1745 5208 Decius
1770 5158 1894 5209 trib.
1938 5162 2055 5223 pot.

494 5242 553 5281 ιιι
582 5226 766 5282 causul
789 5225 1004 5277 tertium
1035 5224 1269 5291 ponitur.

565 5296 691 5369 (72);
710 5295 873 5369 ΔἍμα
899 5293 1023 5360 τοῖς
1051 5294 1243 5369 παισί.
1270 5294 1462 5369 Decius
1481 5294 1774 5369 imperator
1806 5294 2047 5369 dnnsha-

495 5367 613 5421 littit
658 5365 831 5430 'ﬁlios,
865 5380 1094 5433 quorum
1130 5365 1302 5432 major
1357 5366 1534 5418 dicttts
1552 5374 1636 5417 est
1668 5365 1899 5430 Quintus
1948 5366 2053 5420 lle-

495 5438 717 5491 rennius
745 5432 1004 5490 EtruScns
1038 5432 1265 5488 Messms
1293 5435 1510 5497 Decius,
1532 5435 1708 5487 minor
1740 5450 1864 5489 vero
1892 5433 2056 5490 Caius

499 5506 696 5561 Valens
722 5502 1055 5561 Hostilianus
1081 5503 1309 5558 Messius
1331 5506 1571 5571 quintus,
1613 5505 1774 5556 anibo
1820 5506 2053 5572 primum

495 5576 764 5639 Cmares,
799 5588 979 5645 postea
1028 5575 1255 5645 Augusti
1285 5590 1312 5626 a
1352 5584 1503 5643 patre
1538 5573 1687 5639 facti,
1715 5584 1773 5627 ut
1805 5590 1870 5627 ex
1904 5591 2057 5628 num-

498 5647 604 5698 tuis
630 5656 686 5699 et
722 5644 1170 5714 inscriptimtibus
1195 5644 1477 5714 discimus.

508 5768 516 5787 ἱ
572 5712 1153 5787 (ἹὸγΕόδοιὶήκοντα.
1189 5713 1560 5787 liaroniusgad
1605 5730 1807 5768 annum
1854 5712 2054 5787 Christi

498 5786 603 5839 236
656 5785 903 5853 Origo-nis
950 5800 1177 5841 mortem
1214 5786 1426 5839 confert
1474 5785 1527 5838 in
1579 5800 1779 5838 annum
1841 5786 2055 5838 tertium

501 5855 637 5911 belli
672 5867 722 5907 et
755 5858 881 5910 \qu
916 5858 1049 5925 iani,
1081 5873 1201 5913 ctttn
1230 5868 1406 5911 tamen
1442 5854 1703 5910 Eusebius
1732 5854 1782 5908 in
1813 5856 1914 5909 huc
1938 5855 2055 5909 loco

2170 3270 2508 3336 estoccisns,
2540 3284 2593 3328 et
2615 3289 2720 3342 quo
2744 3270 2931 3328 Gallus
2971 3273 3255 3342 imperium
3290 3270 3593 3342 occupavit.
3620 3274 3722 3328 Eu-

2167 3345 2349 3398 sebius
2381 3346 2431 3397 in
2460 3344 2551 3397 lib.
2586 3340 2661 3404 vi,
2690 3358 2808 3409 cap.
2835 3342 2923 3406 56,
2953 3356 3094 3393 anno
3117 3358 3172 3394 ιιι
3204 3340 3429 3407 Philippi
3463 3343 3590 3405 imp.
3616 3342 3734 3397 Ori-

2167 3430 2354 3484 genem
2392 3413 2748 3482 sexagenario
2778 3412 3036 3479 majorem
3077 3412 3484 3484 inisse__scril_i_it.
3518 3411 3618 3479 Qui
3656 3412 3733 3467 lo-

2167 3481 2260 3538 iens
2283 3485 2500 3539 Baronii
2520 3481 2837 3535 Sententiam
2867 3483 3076 3534 videtur
3095 3481 3356 3535 stabilire.
3390 3481 3520 3535 Nam
3555 3499 3583 3535 a
3619 3493 3730 3537 ter-

2170 3555 2245 3605 tio
2274 3552 2505 3622 Philippi
2546 3553 2675 3618 imp.
2715 3568 2858 3606 anno
2898 3550 3186 3622 usquead
3240 3552 3456 3622 tertium
3504 3551 3733 3622 Galliget

2168 3619 2468 3684 Volusian’i,
2501 3623 2626 3675 anni
2666 3631 2794 3675 sunt
2834 3619 3047 3675 novein.
3074 3619 3224 3674 Adde
3254 3620 3396 3689 quod
3425 3621 3611 3675 scribit
3634 3620 3733 3675 Eu-

2168 3693 2350 3747 sebius
2405 3693 2557 3746 initio
2611 3692 2770 3759 hujus
2812 3690 2958 3755 libri,
3004 3689 3289 3757 Origenem
3337 3691 3548 3744 decimo
3587 3708 3733 3747 anno

2168 3763 2296 3831 imp.
2346 3762 2530 3817 Severi
2552 3802 2564 3822 ,
2597 3777 2704 3831 quo
2738 3777 2879 3814 anno
2910 3770 3065 3831 pater
3097 3760 3264 3828 ipsius
3299 3761 3561 3831 martyrio
3605 3777 3730 3829 per-

2166 3830 2380 3887 functus
2396 3842 2501 3894 cst,
2522 3830 2690 3885 annos
2723 3843 2905 3884 natum
2939 3830 3100 3883 fuisse
3129 3830 3536 3899 septemdecim.
3569 3831 3729 3899 Atqui

2166 3901 2211 3953 si
2244 3916 2272 3952 a
2306 3903 2514 3957 decimo
2545 3900 2729 3955 Severi
2768 3917 2911 3955 anno
2941 3902 3005 3951 ad
3034 3900 3265 3965 primum
3308 3898 3444 3954 Galli
3479 3898 3731 3954 numera-

2167 3971 2332 4035 veris,
2365 3971 2491 4023 anni
2538 3972 2675 4023 llunt
2716 3985 2855 4024 unus
2898 3979 2953 4023 ct
2998 3969 3409 4039 quinquaginta,
3452 3971 3651 4038 quibus
3684 3971 3728 4025 si

2166 4041 2549 4108 septemdecim
2590 4040 3077 4109 attnosradjttngas,
3108 4040 3233 4091 anni
3281 4041 3552 4094 exsistunt
3604 4051 3731 4096 octo

2163 4120 2219 4161 et
2260 4109 2562 4177 sexaginta.
2596 4108 2825 4177 Proinde
2858 4108 3090 4163 necesse
3118 4120 3220 4173 est,
3261 4117 3319 4162 ut
3364 4111 3601 4164 secundo
3639 4119 3733 4166 aut

2166 4181 2323 4247 tertio
2338 4176 2476 4234 Galli
2508 4189 2563 4231 et
2589 4176 2867 4233 Volnsiani
2897 4193 3039 4231 anno
3062 4186 3305 4231 mortuus
3344 4181 3411 4232 sit
3446 4178 3729 4247 Origenes.

2168 4246 2364 4317 Verum
2396 4247 2662 4305 Eusebius
2692 4248 2950 4312 ltocloco,
2977 4256 3033 4300 ut
3055 4249 3187 4317 dixi,
3223 4250 3508 4317 perspicue
3535 4251 3728 4304 asserit

2163 4316 2449 4388 Origenem
2496 4318 2643 4372 circa
2691 4317 2844 4388 initia
2896 4316 3234 4388 principatus
3271 4317 3409 4372 Galli
3458 4330 3729 4374 mortuum

2162 4386 2306 4451 esse,
2337 4388 2387 4441 id
2410 4396 2512 4452 est,
2553 4401 2695 4440 anno
2716 4386 2916 4441 Christi
2950 4387 3076 4447 252,
3113 4387 3270 4455 idque
3294 4388 3617 4445 continuare
3655 4393 3731 4444 vi-

2163 4458 2321 4510 detur
2363 4455 2729 4526 Hieronymus
2781 4457 2835 4509 in
2867 4457 3026 4524 epist.
3059 4455 3149 4513 65.
3198 4457 3263 4510 ad
3297 4456 3728 4524 Pammachium,

2165 4528 2255 4580 ubi
2294 4526 2369 4579 ait
2402 4545 2416 4581 :
2454 4524 2671 4579 Centum
2691 4535 2740 4579 et
2771 4526 3154 4595 quinquaginta
3177 4542 3333 4594 prape
3373 4529 3643 4582 annisant
3667 4546 3732 4584 ea:

2165 4613 2267 4666 quo
2317 4595 2567 4666 Origenes
2607 4609 2842 4650 mortuus
2871 4605 2945 4649 est
2979 4595 3122 4664 Tyri.
3152 4596 3215 4649 Et
3254 4596 3411 4664 paulo
3438 4608 3563 4666 post
3592 4601 3669 4655 ait
3713 4620 3726 4656 :

2166 4664 2277 4720 Cur
2308 4664 2847 4737 postquadringentos
2870 4682 3035 4737 annos
3069 4672 3252 4719 docere
3271 4684 3363 4719 nos
3390 4664 3571 4720 niteris
3592 4673 3730 4737 quod

2165 4746 2288 4789 ante
2322 4736 2653 4798 nescivimus,
2687 4745 2791 4789 etc.
2825 4736 2880 4788 Si
2915 4751 3043 4803 ergo
3075 4738 3140 4788 de
3180 4736 3611 4804 quadringentis
3635 4742 3729 4793 de-

2165 4822 2280 4860 mas
2320 4816 2535 4859 centum
2580 4806 2936 4873 quadraginta
2962 4815 3104 4867 octo,
3145 4818 3380 4859 remanet
3409 4823 3583 4861 annus
3625 4810 3729 4864 252

2164 4890 2193 4927 τι
2224 4875 2387 4929 natali
2412 4875 2633 4929 Christi.
2663 4874 2816 4940 Quod
2852 4875 2895 4929 si
2929 4885 3151 4928 mortem
3173 4874 3418 4943 Origcnis
3447 4878 3496 4929 in
3529 4896 3727 4931 antntm

2165 4945 2396 5010 primum
2434 4944 2573 4998 Galli
2618 4945 2744 5014 imp.
2782 4944 3149 5007 conferamus,
3184 4958 3236 4997 ιιι
3279 4949 3363 4999 hit:
3407 4949 3594 5002 suadet
3624 4949 3728 5003 Eu-

2163 5015 2367 5078 sebius,
2410 5029 2531 5067 cum
2562 5030 2683 5067 eum
2736 5028 3004 5068 mortuum
3040 5030 3160 5068 esse
3206 5017 3348 5069 dicat
3379 5033 3521 5070 anno
3548 5020 3729 5071 aetatis

2165 5096 2372 5139 nonoet
2398 5085 2757 5152 sexagesimo,
2777 5097 2933 5138 natus
2958 5086 3027 5138 sit
3050 5096 3263 5154 oportet
3288 5086 3566 5140 Commodi
3598 5089 3726 5154 imp.

2163 5169 2304 5207 anno
2336 5169 2407 5218 tv,
2443 5169 2546 5207 nou
2588 5165 2765 5209 autem
2786 5171 2859 5222 ix,
2883 5165 2940 5208 ut
2979 5167 3060 5209 cst
3105 5158 3155 5209 in
3200 5153 3461 5209 Chronico
3509 5153 3736 5211 Alexan-

2162 5223 2339 5277 drino.
3456 5228 3467 5239 ‘

2215 5292 2349 5363 (75‘)
2366 5287 2847 5363 νυ18.κατίιροῦν
2860 5294 3227 5362 χωρούντων.
3250 5295 3320 5348 Ita
3340 5312 3403 5348 ex
3423 5295 3606 5350 codice
3629 5294 3731 5347 [ie-

2164 5363 2253 5430 gio
2271 5365 2440 5417 edidit
2466 5365 2599 5417 ltob.
2626 5364 2951 5433 Stephanus.
2981 5367 3044 5419 lit
3071 5368 3197 5418 ferri
3216 5377 3386 5434 potest
3416 5367 3525 5418 luet:
3546 5366 3728 5430 let-tio,

2165 5442 2224 5502 ut
2244 5434 2312 5486 sit
2331 5437 2639 5500 metaphora
2663 5437 2729 5485 ab
2753 5437 2815 5487 iis
2831 5450 2949 5502 qua:
2966 5436 3201 5488 secundo
3217 5451 3372 5488 amne
3391 5434 3726 5489 deferuntur.

2164 5499 2219 5555 lu
2248 5499 2667 5571 reliquistamen
2698 5499 3097 5570 exemplaribus
3119 5504 3279 5565 Μία..
3311 5506 3475 5566 Med.,
3513 5503 3648 5559 Fnk.
3675 5515 3730 5559 et

2165 5573 2353 5626 Savilii
2384 5575 2576 5640 legitur
2603 5571 2744 5625 κατὰ
2774 5572 2921 5637 νοῦν,
2955 5590 3074 5641 quae
3110 5578 3378 5641 scriptura
3407 5574 3581 5644 magis
3619 5577 3729 5645 pla-

2164 5653 2270 5705 cet,
2307 5658 2533 5711 t-umqne
2567 5646 2789 5696 ltulinus
2822 5647 2985 5697 etiam
3022 5657 3239 5697 secutus
3267 5656 3373 5699 est.

2235 5712 2343 5783 (74)
2373 5712 2509 5779 Περὶ
2561 5712 2671 5780 τῆς
2701 5712 3006 5780 είρήνης...
3050 5716 3509 5782 πρεσϐεύοντας.
3547 5713 3725 5770 Malim

2164 5783 2401 5855 scriberi-
2433 5783 2574 5852 ὑπὲρ
2605 5783 2702 5855 τῆς
2730 5784 2971 5855 εἰρήνης.

2235 5853 2345 5924 (ῖὸ)
2383 5852 2740 5923 Πηλαιοῦήγέ
2777 5852 2877 5908 rei.
2914 5857 2992 5907 Ab
3028 5854 3110 5909 his
3154 5854 3330 5911 verbis
3365 5854 3723 5911 inchoandum
