4222 6402
527 363 622 417 641

1547 360 1890 415 ΙΙΙΞΤΟΒΙίΕ
1932 355 2662 416 ECCLE’SHSTICJE'L’B.
2718 363 2826 414 ιἰι.

3675 371 3780 418 ΜῚ

526 473 858 547 κραηκὸτος
890 473 1044 539 ἔθους
1074 474 1166 526 ἐπὶ
1186 473 1293 527 τῶν
1326 474 1581 529 τοιούτων
1610 475 1746 548 μόνῃ
1779 476 2012 548 χρῆσθαι
2037 480 2078 546 τῇ

2137 489 2176 537 Α
2205 485 2495 544 oporteret.
2531 477 2740 544 Quippe
2785 476 3010 547 antiqua
3056 474 3392 529 consuetudo
3443 474 3779 538 lnraluerat,

525 567 610 622 διὰ
639 567 836 640 χειρῶν
867 566 1160 630 ἐπιθέσεως
1186 567 1340 638 εὐχῇ.

1064 738 1456 790 ΚΕΦΑΛΑΙΟΝ
1495 737 1563 789 Γ’.

525 827 723 894 Ὅπως
772 830 1104 896 Κυπριανὸς
1142 827 1260 897 ἅμα
1305 826 1434 897 τοῖς
1472 826 1598 897 κατ’
1628 825 1810 879 αὐτὸν
1852 825 2097 880 ἐπισκό-

594 911 728 962 ποις
771 895 910 964 τοὺς
957 900 1025 961 ἐξ
1064 895 1364 964 αἰρέτικῆς
1411 895 1650 961 πλάνης
1705 897 2096 966 ἐπιστρέφον-

592 985 700 1032 τας
751 968 983 1035 λουτρῷ
1037 968 1164 1021 δεῖν
1218 967 1522 1034 καθαίρειν
1577 967 1806 1034 πρῶτος
1849 967 2098 1036 ἐδογμὰ-

590 1053 763 1090 τισεν
790 1037 927 1107 (Nic.
957 1037 1026 1090 Η.
1057 1038 1118 1090 Ε.
1142 1053 1214 1098 vr,
1248 1038 1323 1105 7).

592 1128 814 1198 Πρῶτος
846 1129 953 1181 τῶν
992 1129 1112 1180 τότε
1144 1127 1460 1200 Κυπριανὸς
1493 1127 1604 1197 (76)
1648 1129 1746 1199 τῆς
1778 1129 1919 1181 κατὰ
1948 1130 2099 1200 Καρ-

521 1221 718 1290 χηδόνα
761 1221 1046 1292 παροικίας
1085 1221 1285 1292 ποιμὴν
1305 1263 1319 1286 ,
1349 1222 1456 1274 οὐδ’
1491 1222 1664 1284 ἄλλως
1692 1221 1724 1292 ἢ
1755 1222 1840 1274 διὰ
1872 1223 2094 1292 λουτροῦ

523 1313 785 1385 πρότερον
815 1315 914 1384 τῆς
946 1313 1151 1384 πλάνης
1190 1314 1743 1386 ἀποκαθήραμένους,
1781 1316 2096 1386 προσίεσθαι

522 1403 628 1456 δεῖν
653 1407 850 1474 ήγεῖτο.
889 1404 1024 1457 Ἀλλ’
1054 1406 1082 1458 ὅ
1110 1422 1173 1473 γε
1205 1406 1471 1475 Στέφανος
1508 1405 1579 1476 μὴ
1609 1405 1717 1460 δεῖν
1746 1405 1855 1477 (77)
1883 1423 1934 1458 τι
1965 1405 2095 1458 νεώ-

523 1513 674 1566 τερον
709 1497 857 1566 παρὰ
885 1498 982 1568 τὴν
1011 1500 1359 1569 κρατήσασαν
1389 1499 1625 1569 ἀρχῆθεν
1660 1498 1954 1568 παράδοσιν
1987 1501 2096 1552 ἐπι-

521 1589 858 1656 καινοτομεῖν
887 1588 1148 1658 οἰόμενος,
1185 1589 1276 1640 ἐπὶ
1304 1589 1475 1658 τούτῳ
1502 1589 1870 1659 διηγανάκτει.

1049 1680 1442 1732 ΚΕΦΑΛΑΙΟΝ
1481 1683 1552 1732 Δ’.

529 1769 788 1838 Ὀπόσας
833 1772 962 1840 περὶ
999 1774 1212 1825 τούτου
1244 1773 1557 1839 Διονύσιος
1598 1772 1932 1836 συνέταξεν
1963 1774 2090 1825 ἑπι-

903 1844 1128 1908 στολάς
1157 1843 1294 1910 (Nic.
1334 1843 1406 1896 ll.
1445 1845 1508 1896 Ε.
1538 1845 1706 1911 νι,7).

587 1935 819 1992 Πλεῖστα
845 1935 906 2004 δὴ
933 1930 1027 1987 οὖν
1069 1935 1217 2006 αὐτῷ
1249 1937 1377 2006 περὶ
1416 1933 1605 1989 τούτου
1635 1936 1722 1989 διὰ
1751 1935 2092 2006 γραμμάτων

515 2029 543 2080 ὁ
587 2027 858 2088 Διονύσιος
899 2025 1164 2096 ὁμιλήσας
1188 2067 1202 2090 ,
1247 2026 1510 2078 τελευτῶν
1555 2027 1704 2096 δηλοῖ
1744 2025 1818 2090 ὡς
1859 2025 1968 2098 ἄρα
1996 2026 2089 2079 τοῦ

513 2120 754 2189 διωγμοῦ
787 2120 1179 2192 λελωφηκότος,
1215 2121 1270 2172 αἱ
1301 2119 1604 2188 πανταχόσε
1648 2119 1960 2188 Ἑκκλησίαι
1993 2120 2090 2190 τὴν

514 2212 654 2264 κατὰ
710 2211 981 2265 Νοουάτον
1024 2213 1458 2282 ἀποστραφεῑσαι
1501 2212 1912 2282 νεωτεροποιίαν
1945 2211 2080 2282 (78),

514 2304 734 2375 εἰρήνην
763 2303 897 2374 πρὸς
918 2304 1114 2368 ἑαυτὰς
1169 2303 1548 2374 ἀνειλήφεσαν.
1581 2303 1786 2374 Γράφει
1813 2303 1868 2356 δὲ
1889 2295 2015 2358 ὧδε.

1038 2485 1433 2539 ΚΕΦΑΛΑῙΟΝ
1471 2484 1546 2539 E'.

571 2645 574 2648 ί
712 2577 850 2644 Περὶ
886 2576 994 2644 τῆς
1019 2577 1170 2646 μετὰ
1201 2576 1309 2629 τὸν
1339 2575 1596 2645 διωγμὸν
1622 2575 1884 2646 εἰρήνης.

589 2685 607 2718 ι
634 2667 771 2720 Ἴσθι
808 2668 864 2721 δὲ
896 2669 989 2723 νῦν
1011 2708 1024 2731 ,
1061 2668 1256 2738 eam:
1291 2669 1420 2738 (79),
1455 2671 1537 2721 ὅτι
1565 2669 1796 2739 ἤνωνται
1830 2667 1999 2720 πᾶσαι
2030 2667 2087 2720 αἶ

512 2757 772 2829 πρότερον
793 2760 1162 2830 διεσχισμὲναι
1187 2761 1327 2814 κατά
1343 2777 1404 2813 τε
1423 2759 1521 2830 τὴν
1547 2758 1833 2830 Ἀνατολὴν
1860 2757 2086 2828 Ἐκκλη-

513 2849 644 2915 σίαι,
660 2852 753 2902 καὶ
770 2851 846 2903 ἔτι
864 2851 1188 2923 προσωτέρω
1203 2851 1332 2923 (80).
1355 2853 1463 2905 Καὶ
1489 2853 1688 2915 πάντες
1707 2853 1843 2906 εἰσὶν
1857 2851 2090 2924 ὁμόφρο-

509 3039 592 3083 est
619 3045 740 3097 cap.
768 3031 822 3094 5,
849 3032 993 3100 quod
1015 3045 1112 3085 nec
1140 3030 1412 3086 Masculus
1435 3048 1532 3086 nec
1552 3032 2079 3100 Christophorsonus

2211 574 2265 621 ut
2295 567 2350 620 in
2384 569 2646 638 ejusmodi
2681 568 2990 622 hominibus
3023 566 3138 622 sola
3191 578 3445 620 manuum
3500 566 3780 636 impositio

2209 675 2330 714 cum
2365 663 2766 730 precationibus
2793 661 3164 718 adhiberetur.

2815 751 3044 807 CAPUT
3088 750 3174 804 Ill.

2213 843 2491 908 Quomodo
2525 845 2843 913 Cyprianus,
2875 861 2991 897 cum
3019 843 3218 912 aliquot
3249 843 3354 896 sibi
3380 839 3652 908 adjuuctis
3676 837 3780 897 epi-

2275 919 2462 981 scopis.
2513 933 2600 968 eos
2636 918 2724 983 qui
2752 918 2814 966 ab
2837 915 3085 968 hazretico
3125 929 3305 966 errore
3351 918 3776 965 converterentur

2277 983 2680 1052 rebaptizandos
2707 987 2907 1053 primus
2937 986 3165 1037 censuit.

2275 1136 2490 1190 Primus
2542 1137 2780 1188 omnium
2827 1135 3149 1206 Cyprianus,
3207 1135 3300 1205 qui
3351 1144 3478 1189 tunc
3508 1133 3773 1203 temporis

2205 1230 2690 1298 Carthagincnsem
2740 1229 2962 1298 regebat
3011 1227 3336 1292 Ecclesiam,
3386 1242 3491 1280 non
3537 1226 3638 1280 nisi
3679 1240 3774 1294 per

2204 1322 2532 1390 baptismum
2569 1321 2637 1373 ab
2667 1334 2857 1373 errore
2890 1319 3039 1387 prius
3085 1317 3437 1380 emnudatos,
3471 1316 3771 1370 admitten-

2204 1413 2301 1465 dos
2329 1425 2452 1464 esse
2483 1410 2712 1463 censuit.
2748 1409 2942 1462 Verum
2985 1408 3295 1478 Stephanus
3339 1407 3474 1461 nihil
3510 1407 3772 1460 adversus

2203 1504 2548 1556 traditionem
2597 1517 2716 1569 quae
2749 1501 2864 1570 jam
2908 1501 3036 1554 inde
3087 1504 3155 1553 ab
3205 1499 3409 1552 ultimis
3439 1499 3773 1568 temporibus

2202 1592 2536 1658 obtinuerat,
2569 1592 2932 1647 innovaiidum
2961 1600 3135 1651 ratus.
3185 1590 3505 1660 gravissime
3536 1589 3589 1642 id
3627 1591 3769 1641 tulit.

2813 1682 3039 1737 CAPUT
3075 1683 3162 1738 IV.

2309 1774 2448 1841 Quot
2475 1775 2722 1843 epistolas
2756 1775 3039 1845 Dionysius
3063 1792 3123 1830 ea
3149 1776 3214 1831 de
3242 1792 3296 1830 re
3323 1775 3661 1843 conscripsit.

2266 1934 2347 1987 Ad
2388 1933 2530 1987 hunc
2561 1933 2748 2003 igitur,
2778 1942 2838 1987 ut
2863 1932 2997 2000 dixi,
3034 1933 3202 1987 multa
3229 1934 3295 1988 de
3322 1934 3424 1988 hoc
3446 1942 3771 2003 argumento

2200 2025 2490 2096 Dionysius
2545 2040 2641 2092 per
2685 2025 2901 2080 litteras
2936 2027 3180 2095 scripsit.
3235 2025 3293 2079 In
3329 2025 3525 2096 quibus
3561 2025 3616 2080 id
3647 2037 3771 2078 tan-

2195 2117 2316 2170 dem
2349 2117 2424 2170 illi
2465 2117 2690 2183 indicat,
2740 2132 2935 2174 omnes
2993 2120 3193 2187 ubique
3232 2120 3506 2175 Ecclesiae
3561 2121 3768 2176 mollito

2187 2209 2300 2278 jam
2334 2210 2734 2279 persecutimiis
2779 2210 2987 2275 furore,
3022 2210 3212 2264 Novati
3250 2211 3618 2266 turbulentam
3668 2229 3768 2265 no-

2192 2301 2416 2354 vitalem
2446 2301 2808 2367 detestantes,
2837 2303 2980 2355 inter
3011 2316 3068 2356 se
3091 2315 3275 2370 pacem
3305 2301 3508 2357 iniisse.
3545 2301 3634 2356 Sic
3669 2319 3767 2356 an-

2193 2399 2300 2445 tem
2332 2392 2546 2447 scribit.

2823 2483 3050 2542 CAPUT
3085 2483 3150 2540 V.

2371 2575 2446 2629 De
2471 2592 2596 2645 pace
2625 2575 2982 2632 Ecclesiarum
3009 2587 3123 2648 post
3151 2579 3580 2646 persecutionem.

2267 2684 2287 2718 ι
2318 2666 2472 2722 Scias
2521 2677 2725 2733 autem,
2774 2667 2968 2735 frater,
3022 2679 3245 2724 cunctas
3276 2685 3372 2738 per
3400 2669 3675 2723 Orientem
3712 2674 3766 2720 rt

2193 2758 2423 2813 ulterius
2445 2761 2651 2828 positas
2683 2760 2974 2826 Ecclesias,
3009 2776 3128 2830 quae
3156 2763 3305 2831 prius
3335 2771 3464 2816 ante
3497 2761 3760 2821 discissae,

2193 2867 2336 2906 nunc
2372 2853 2584 2908 tandem
2615 2853 2682 2908 ad
2709 2853 2976 2908 unitatem
3006 2868 3257 2909 reversus
3283 2869 3406 2909 esse
3437 2872 3450 2908 :
3479 2863 3534 2908 et
3572 2870 3764 2909 omnes

2188 3031 2328 3102 nysii
2377 3029 2827 3102 adiSlephannm
2867 3046 3096 3102 papam
3129 3029 3396 3085 Baronins
3444 3030 3509 3082 ad
3558 3045 3758 3084 annum

509 3099 910 3174 apimadvertit.
949 3100 1082 3153 Nam
1119 3105 1257 3168 quod
1287 3105 1536 3170 sequitur
1567 3099 1783 3174 πρῶτος
1806 3103 1916 3155 τῶν
1954 3103 2080 3156 τότε
2120 3147 2159 3174 ρ
2194 3099 2394 3156 Christi
2443 3099 2549 3174 259
2595 3101 2822 3174 colligit,
2856 3100 3163 3174 Orientales
3213 3103 3500 3174 episcopos
3541 3109 3757 3174 tandem

507 3169 842 3242 Κυπριανός,
875 3186 981 3225 uno
1009 3169 1528 3242 spirituconiinuari
1553 3169 1732 3234 debet,
1766 3182 1949 3240 utpote
1967 3176 2096 3226 alie-

509 3255 625 3291 rnni
662 3244 960 3293 membrum
1011 3242 1241 3306 periodi.
1273 3241 1434 3294 Certe
1469 3254 1593 3296 ante
1639 3245 1750 3296 lucc
1782 3243 1941 3295 verba
1973 3260 2081 3296 πα-

506 3307 658 3362 λαιοῦ
675 3310 738 3377 γέ
756 3327 856 3372 τοι,
875 3322 1004 3372 etc.,
1029 3325 1215 3362 omnes
1238 3311 1407 3364 nostri
1424 3312 1638 3365 codices
1659 3312 2079 3374 distinctionem,

511 3381 611 3434 hoc
641 3391 745 3442 est,
775 3379 986 3432 τελείαν
1015 3381 1247 3448 στιγμήν
1283 3382 1478 3433 habent
1509 3384 1824 3448 appositam.
1859 3381 1974 3446 Quo
1997 3383 2082 3434 iii-

508 3449 721 3501 dicatnr
753 3465 945 3502 novam
979 3452 1262 3515 periodum
1291 3451 1359 3502 ab
1395 3451 1478 3502 his
1512 3451 1693 3503 verbis
1721 3451 1987 3504 inchoari.
2022 3453 2076 3504 lu

509 3518 700 3587 iisdem
730 3519 1229 3587 taiiien_coilieiliiis
1252 3529 1412 3582 caput
1438 3520 1472 3572 5
1503 3520 1692 3587 incipit
1727 3520 1796 3574 ab
1828 3520 1934 3574 illis
1954 3535 2078 3573 ver-

505 3586 610 3657 bis,
637 3587 849 3657 πρῶτος
879 3585 985 3638 τῶν
1014 3587 1136 3657 τότε
1165 3587 1496 3657 Κυπριανός,
1522 3585 1626 3642 etc.

576 3655 693 3737 (76)
721 3656 953 3736 Πρῶτος
984 3655 1101 3710 τῶν
1137 3658 1269 3737 fore
1297 3655 1659 3737 Korrpiardc.
1703 3657 1820 3737 Noti
1853 3658 2078 3737 “primus

506 3723 678 3797 liujus
706 3730 989 3780 sententia:
1023 3739 1215 3780 auctor
1233 3729 1331 3779 fuit
1351 3723 1677 3797 Cyprianus,
1714 3729 1806 3781 sed
1834 3723 1922 3783 diu
1951 3741 2078 3783 ante

506 3795 655 3867 illum
687 3801 782 3864 Agi
801 3799 1014 3862 ippinns
1037 3795 1476 3867 CairtlizigiiieiiSis
1495 3800 1749 3851 Ecclesiae
1767 3801 2074 3867 episc0pus,

502 3865 744 3920 collectis
784 3868 980 3918 Africa:
1022 3876 1074 3919 el.
1121 3865 1388 3919 Numidia:
1440 3871 1731 3934 episcopis,
1792 3865 2074 3922 lia'rcticos

505 3936 918 4008 rebaptizandos
951 3938 1446 4008 ess'e_decre\'erat,
1479 3947 1536 3990 ut
1573 3939 1732 3991 docet
1765 3937 2070 4008 Cyprianus

502 4005 555 4055 in
591 4007 818 4071 epistola
857 4007 916 4058 7i
946 4017 1000 4056 et
1040 4005 1130 4058 75.
1173 4007 1504 4072 Augustinus
1554 4009 1604 4059 in
1655 4010 1746 4062 lib.
1779 4005 1837 4061 ιιί
1870 4007 2067 4062 Contra

503 4073 825 4132 Donatistas,
863 4085 916 4128 et
958 4073 1272 4146 YincentiUs
1292 4073 1612 4133 Lirinensis.
1639 4076 1756 4141 Quo
1786 4081 1956 4146 magis
1979 4095 2072 4130 ex-

498 4150 772 4198 cusandus
801 4146 901 4197 fuit
946 4142 1273 4212 Cyprianus,
1313 4147 1402 4212 qui
1448 4151 1695 4215 synodali
1747 4142 2070 4200 auctoritate

501 4215 769 4268 lirinatam
803 4217 1162 4267 autecessoris
1193 4215 1273 4266 sui
1311 4219 1634 4269 sententiain
1666 4216 1954 4270 defendere
1980 4235 2071 4269 ι-υ-

499 4293 659 4337 natus
687 4295 789 4339 est.
817 4285 920 4337 Sed
943 4296 994 4337 et
1030 4283 1082 4336 in
1118 4285 1455 4351 Cappadocia
1485 4302 1687 4338 morem
1733 4287 1879 4338 illum
1909 4291 2067 4340 reha-

497 4352 733 4424 ptizandi
757 4353 1060 4418 haereticos,
1089 4351 1200 4420 jam
1242 4355 1366 4406 inde
1407 4358 1474 4409 ab
1501 4356 1900 4424 antiquissimis
1929 4368 2066 4409 tem-

497 4423 719 4488 poribus
740 4434 794 4477 et
814 4426 881 4476 ab
907 4424 1092 4476 ultima
1133 4439 1300 4490 usque
1326 4425 1601 4478 hominum
1635 4423 1896 4478 memoria
1923 4443 2064 4479 seni-

2120 3147 2164 3202 0
2195 3147 2394 3224 ἔέἷόὲἇ
2433 3147 3759 3237 (ῖὲιῖοεῖιῖ’ἒὲὶῖιᾶἱιῶἱιῖἐιέρῐιέὶὶῖῖἱίιζἶιεὲῖἑῖίέἷέ

2185 3258 2290 3294 non
2314 3240 2712 3306 rebaptizandis
2749 3241 3182 3307 amplexosesse.
3221 3238 3510 3292 Baroninm
3539 3253 3758 3295 secutus

2183 3321 2267 3364 est
2299 3309 2572 3363 Filesacus
2615 3310 2668 3361 in
2705 3311 2849 3364 nolis
2875 3313 2940 3363 ad
2975 3309 3240 3362 Vincentii
3264 3309 3754 3363 Commonitorium.

2183 3379 2294 3434 Sed
2321 3385 2409 3447 qui
2459 3379 2698 3449 Dionysii
2742 3380 3025 3448 epistolam
3076 3389 3280 3449 attente
3329 3379 3548 3449 legerit,
3593 3377 3756 3449 longe

2181 3450 2338 3500 aliter
2389 3464 2497 3502 rem
2544 3447 2611 3503 se
2645 3447 2845 3503 habere
2896 3449 3176 3513 intelliget.
3231 3447 3365 3500 Nam
3411 3447 3637 3514 epistola
3668 3449 3754 3501 illa

2182 3519 2420 3587 Dionysii
2475 3521 2579 3572 duo
2634 3521 2808 3586 capita
2842 3517 3196 3573 continebat:
3235 3517 3465 3586 primum
3505 3533 3572 3569 an
3601 3519 3756 3568 τρι)..-

2182 3588 2417 3654 ptizandi
2465 3598 2650 3642 essent
2699 3589 2959 3651 haeretici,
3008 3588 3308 3641 secundum
3349 3587 3414 3639 de
3459 3589 3750 3645 concordia

2181 3657 2542 3710 Ecclesiartim
2571 3657 2832 3720 Orientis,
2864 3672 2982 3726 quite
3012 3656 3295 3710 Novatiaiii
3322 3657 3568 3709 lia'rcsim
3595 3658 3752 3726 dam-

2181 3739 2464 3796 naverant,
2495 3739 2545 3779 et
2566 3727 2741 3796 lapsos
2763 3725 3099 3796 recipiendos
3120 3743 3241 3780 esse
3259 3736 3584 3779 statuerant.
3613 3725 3752 3782 Huic

2178 3795 2638 3864 igitnrsententiac
2658 3795 3058 3852 Demctrianum
3085 3798 3400 3863 episcopum
3427 3797 3750 3860 Antiochiae,

2177 3879 2296 3934 qua:
2326 3876 2489 3933 caput
2519 3875 2635 3919 erat
2679 3867 2940 3929 Orientis,
2986 3876 3040 3920 et
3075 3867 3313 3935 reliquos
3353 3865 3748 3933 subscripsisse

2181 3936 2402 3990 nn'siiat
2443 3936 2731 4006 Dionysius
2772 3953 2786 3989 :
2835 3939 2976 4004 quod
3038 3937 3262 4006 quidem
3308 3935 3581 4006 Stephano
3623 3951 3751 4004 gra-

2177 4009 2441 4058 tissimum
2467 4005 2594 4058 fore
2617 4009 2841 4071 sciebat,
2869 4023 2995 4060 cum
3028 4005 3225 4060 Fabius
3271 4006 3524 4057 decessor
3560 4005 3750 4060 Deinc-

2176 4078 2333 4126 triani
2387 4077 2438 4128 in
2481 4075 2765 4130 Novatiani
2822 4078 3143 4130 sententiam
3171 4076 3394 4144 pronior
3430 4075 3647 4144 l'uisset,
3691 4087 3748 4129 et

2171 4157 2498 4214 (-oiigi'egato
2541 4162 2604 4199 ex
2665 4147 2874 4211 Cilicia,
2928 4143 3293 4214 Cappadocia,
3345 4143 3633 4214 Palaestina
3691 4155 3748 4199 et

2168 4212 2402 4282 [Egypto
2431 4216 2808 4284 episcoporum
2841 4212 3090 4277 concilio,
3140 4230 3260 4268 eam
3306 4212 3550 4284 stabilire
3576 4228 3745 4266 cona-

2172 4281 2500 4357 tns’l'nisset,
2546 4281 2820 4342 utscribit
2849 4285 3138 4357 Dionysius
3178 4285 3320 4351 apud
3365 4281 3652 4336 Eusebium
3689 4300 3741 4335 in

2170 4356 2275 4405 line
2304 4356 2396 4407 lib.
2441 4371 2512 4407 γι.

2238 4425 2348 4493 (80)
2379 4415 2494 4477 Καί
2512 4425 2600 4479 ἔτι
2626 4423 2997 4493 προσωτέρω.
3016 4421 3140 4477 Haec
3155 4419 3448 4493 \'erba_no_n
3477 4419 3743 4474 habentur

498 4507 592 4559 per
615 4502 926 4560 usurpatum
959 4493 1150 4554 fuisse;
1168 4503 1394 4546 testatur
1417 4493 2061 4553 Firmilianns.C;esareae
2095 4499 2137 4554 ι)
2168 4491 2219 4545 ἰιι
2251 4491 2414 4547 τοίω.
2458 4494 2595 4550 Fuk.
2627 4491 2681 4549 et
2719 4491 3012 4549 Saviliano.
3043 4493 3149 4548 Sed
3179 4506 3278 4544 nec
3293 4491 3741 4557 Cliristopliorso-

495 4564 867 4634 Cappadocum
908 4565 1219 4634 episcopus,
1265 4563 1572 4634 iniepistola
1611 4568 1676 4617 ad
1707 4563 2058 4634 Cyprianum.

494 4631 664 4686 l'urro
687 4647 750 4684 ex
781 4634 1062 4684 codicibus
1089 4633 1249 4693 ΜΔΖ..
1287 4631 1447 4697 Med,
1475 4632 1608 4685 Fuk.
1631 4646 1684 4688 et
1713 4631 1878 4686 Silvii.
1906 4637 2063 4688 resti-

496 4702 694 4775 iiiinius
717 4701 931 4775 πρῶτος
957 4700 1066 4752 τῶν
1080 4702 1370 4775 ⁸ιςότεμιιιιιι
1393 4716 1550 4756 antea
1583 4720 1650 4757 ex
1681 4705 1865 4758 codice
1893 4703 2062 4775 [legio

493 4771 774 4843 li-geretui‘
788 4772 1003 4843 πρῶτος
1031 4771 1154 4843 τότε
1160 4813 1172 4826 .

473 4843 482 4862 σ
560 4840 673 4911 (77)
697 4840 859 4897 Ἀλλ’
893 4841 927 4894 ὅ
951 4857 1016 4912 γε
1045 4842 1350 4910 Στέφανος
1374 4841 1461 4912 μὴ
1493 4843 1639 4897 δεῖν.
1675 4843 1911 4912 Epistola
1942 4845 2060 4898 Ste-

489 4912 654 4983 phani
683 4929 842 4983 papae
860 4914 924 4983 ad
957 4913 1239 4983 episcopos
1264 4919 1458 4966 Alrica:
1483 4918 1715 4968 rel'crtur
1735 4933 1764 4966 ει
1790 4917 2059 4983 Cypriane

489 4986 544 5034 in
575 4982 800 5050 epistola
834 4981 904 5034 74
933 4996 987 5036 et
1009 4981 1096 5053 75,
1141 4983 1330 5036 iisdem
1368 4983 1483 5037 fere
1510 4987 1692 5038 verbis
1729 4981 1923 5053 qunbus
1954 4988 2060 5037 uti-

491 5061 575 5122 tur
605 5054 693 5104 hic
721 5053 983 5122 Eusebius
1009 5069 1024 5122 :7
1057 5051 1117 5104 Si
1142 5053 1258 5115 quis
1285 5069 1316 5104 a
1342 5069 1652 5122 quacunque
1693 5051 1883 5107 lia'resi
1917 5072 2060 5108 reue-

490 5121 553 5172 rit
581 5122 649 5173 ad
691 5139 830 5193 nos,_
853 5121 983 5174 nihil
1012 5121 1305 5193 innovatur,
1352 5121 1456 5176 nisi
1490 5121 1630 5193 quod
1665 5126 1921 5178 traditum
1957 5137 2053 5189 est,

490 5201 542 5242 ut
567 5207 754 5263 manus
772 5191 851 5243 illi
876 5194 1174 5263 imponatur
1195 5191 1252 5243 in
1269 5191 1646 5257 ptent'tenttarn,
1685 5209 1800 5246 Cum
1825 5195 1923 5263 ipsi
1947 5197 2057 5247 Iuc-

487 5261 631 5312 reti'ci
653 5263 860 5329 proprie
886 5261 1194 5314 alterutrum
1214 5264 1282 5313 ad
1305 5278 1370 5332 se
1374 5265 1628 5318 venientes
1646 5281 1750 5317 non
1770 5261 2054 5332 baptizeut,

485 5333 573 5382 sed
625 5332 1002 5404 communicent
1058 5342 1282 5384 tantum.
1329 5330 1679 5388 Firuiilianus
1736 5330 1951 5404 quoque
2002 5341 2053 5388 in

485 5403 713 5474 epistola
740 5403 804 5454 ad
829 5400 1186 5474 Cyprianum,
1221 5405 1467 5469 quaedam
1512 5404 1653 5458 illius
1693 5400 1934 5474 epistola:
1959 5426 2052 5458 ca-

485 5480 594 5540 p'la
619 5472 786 5525 refert
814 5473 974 5525 simul
1007 5486 1072 5524 ac
1102 5472 1322 5524 rel'utat.

579 5541 667 5611 78)
695 5540 1176 5611 Νεωτεροποιίαν.
1207 5541 1411 5594 Alludit
1436 5541 1502 5595 ad
1527 5557 1722 5597 nomen
1744 5543 1932 5599 Novati
1959 5560 2052 5598 seu

484 5607 788 5666 Novatiani.
829 5607 920 5665 Sic
962 5612 1226 5665 hiereseon
1256 5618 1508 5666 novitates
1551 5615 1688 5667 dixit
1739 5614 2054 5669 Vincentius

485 5680 784 5735 Lirinensis
814 5683 866 5734 iii
902 5679 1342 5734 Commonitorio.

550 5750 662 5822 (79)
709 5752 853 5804 'lotlt
881 5749 949 5803 δὲ
982 5751 1116 5818 νῦν,
1147 5751 1390 5820 ἀδελφέ.
1424 5752 1496 5807 Ex
1543 5756 1644 5810 hac
1675 5757 1903 5824 epistola
1930 5757 2051 5812 Dio-

2170 4578 2270 4616 nus
2302 4565 2352 4616 in
2382 4563 2535 4620 libris
2560 4567 2672 4620 suis
2694 4582 2755 4619 ea
2790 4566 3012 4632 reperit,
3037 4575 3095 4615 ut
3126 4576 3189 4614 ex
3215 4561 3611 4632 versione_cjus
3640 4577 3738 4628 ap-

2169 4645 2356 4697 paret:
2389 4634 2639 4703 leguntnr
2669 4628 3015 4702 tamen—apud
3046 4632 3450 4703 Syncelluinac
3467 4628 3738 4703 Nicepho-

2170 4718 2312 4766 rom,
2365 4714 2418 4756 et
2447 4701 2524 4758 'in
2561 4707 2786 4769 nostris,
2826 4701 3016 4771 Regio,
3063 4701 3202 4755 Μαι.
3234 4717 3299 4753 ac
3337 4701 3612 4756 Medicam.
3676 4702 3738 4752 lit

2166 4771 2383 4839 Langus
2431 4777 2648 4840 quidem
2699 4791 2763 4829 ac
2787 4774 3060 4827 Masculus
3103 4773 3172 4824 ita
3228 4779 3510 4824 verterunt
3544 4786 3558 4823 :
3592 4771 3737 4823 Scito

2167 4857 2326 4906 nunc,
2363 4841 2551 4908 frater,
2602 4844 2895 4898 Orientales
2926 4854 3080 4909 atque
3117 4842 3274 4893 etiam
3319 4841 3595 4893 ulteriores
3630 4840 3736 4894 Ec-

2165 4913 2370 4971 clesias.
2390 4921 2496 4969 etc.
2522 4919 2709 4975 llecte.
2729 4931 2847 4967 meo
2867 4908 3082 4981 quidem
3096 4909 3322 4981 judicio.
3345 4908 3434 4963 Sic
3450 4909 3736 4981 Eusebius,

2165 4981 2218 5031 in
2243 4981 2333 5035 lib:
2371 5001 2426 5038 ιιι
2465 4985 2540 5040 De
2560 4987 2664 5036 vita
2691 4978 3043 5046 Constantini,
3075 4997 3197 5047 cap.
3231 4981 3283 5044 7,
3313 4978 3512 5049 Ἀχαιοί
3553 4997 3612 5033 τε
3644 4984 3732 5036 καὶ

2173 5049 2739 5122 Ἰἰπε-ιρῶται,τούτων
2773 5055 2821 5108 0‘
2852 5055 2901 5105 oi
2955 5053 3035 5104 ἔτι
3078 5065 3432 5122 προσωτατω.
3464 5051 3540 5103 lta
3567 5055 3734 5122 fellllll

2164 5121 2420 5176 scribitur
2451 5129 2600 5179 locus
2623 5127 2715 5178 ille
2746 5125 2799 5178 in
2848 5125 3036 5178 codice
3084 5121 3214 5187 Reg.
3240 5133 3294 5173 et
3324 5125 3375 5173 in
3411 5121 3650 5184 schedis,
3683 5135 3736 5174 et

2163 5193 2302 5258 apud
2337 5198 2642 5250 Socratem.
2687 5193 2789 5248 Per
2832 5194 3118 5249 ulteriores
3152 5191 3450 5254 Ecclesias,
3487 5189 3734 5255 intelligo

2161 5259 2434 5317 Ecclesias
2488 5262 2780 5319 Osdroenae
2812 5278 2865 5320 et
2897 5263 3318 5330 Mesopotamiae.
3370 5261 3561 5314 Oriens
3589 5277 3732 5313 enim

2161 5335 2378 5398 proprie
2406 5335 2684 5389 dicebatur
2706 5335 2888 5404 Syria,
2911 5333 3065 5398 cujus
3089 5342 3253 5402 caput
3270 5341 3389 5383 erat
3418 5332 3731 5404 Antiochia.

2165 5404 2513 5471 licgebatqne
2553 5406 2695 5458 hanc
2721 5403 3059 5470 provinciam
3095 5411 3221 5454 tunc
3253 5403 3508 5466 temporis
3535 5415 3734 5465 praeses

2160 5472 2417 5544 (li-tentis,
2453 5487 2510 5527 ut
2541 5476 2700 5544 docet
2727 5473 2988 5544 Vopiscus
3019 5474 3072 5526 in
3105 5472 3414 5544 Aureliano,
3449 5483 3615 5544 agens
3667 5480 3732 5544 de

2159 5543 2278 5617 eius
2314 5546 2624 5617 adoptione.
2652 5539 2890 5600 Possunt
2920 5543 3233 5617 tamenhaw
3261 5542 3422 5617 verba
3443 5539 3734 5617 eti_ain__ati-

2161 5621 2244 5678 ter
2269 5607 2519 5683 intelligi,
2548 5627 2606 5668 ut
2636 5620 2799 5668 verba
2827 5618 2936 5668 sint
2966 5612 3311 5683 Eusebii,_ex
3333 5607 3563 5683 epistola
3602 5608 3730 5683 Dio-

2159 5675 2297 5755 nysii
2349 5675 2580 5755 carptim
2627 5686 2874 5755 quiedam
2923 5689 3102 5752 capita
3141 5675 3442 5755 referentis.
3472 5675 3728 5754 Certeiu

2158 5749 2314 5808 codd.
2347 5749 2484 5810 Mai.
2526 5773 2589 5812 ac
2630 5749 2748 5810 Eled
2797 5756 2909 5810 hinc
2953 5749 3115 5806 verba
3157 5749 3369 5804 duobus
3410 5761 3627 5818 punctis
3652 5750 3736 5802 in-
