4222 6406
574 308 683 363 63⁸1

1286 301 1551 360 EUSEBH
1588 298 2058 358 (LESARIENSIS
2093 299 2244 356 OPP.
2285 298 2462 354 PARS
2495 299 2538 354 ἰ.
2575 326 2642 342 ---
2678 297 3068 356 HISTORICA.

3731 303 3836 361 διδ

574 421 723 491 quod
756 434 930 490 nuper
955 416 1095 488 apud
1127 416 1515 473 Ptolemaidem
1558 417 1748 472 urbem
1791 415 2150 485 Pentapoleos
2181 417 2224 489 Α

2181 417 2224 489 Α
2251 395 2576 486 Πτολεμαΐδι
2620 415 2717 487 τῆς
2753 414 3140 478 Πενταπόλεως
3177 415 3445 485 δόγματος
3466 455 3480 480 ,
3527 415 3680 478 ὄντος
3713 417 3839 470 ἀσε-

579 521 912 568 commotum
971 518 1076 572 est,
1131 509 1292 578 pleno
1340 508 1632 578 impietatis
1683 523 1748 562 ac
1800 508 2153 575 blasphemia:

580 605 841 658 adversus
869 601 1301 670 omnipotentem
1327 599 1498 654 Deum
1528 597 1748 653 Patrem
1801 597 2018 653 Domini
2057 614 2151 650 no-

577 692 826 750 striJesu
864 692 1113 748 Christi:
1145 691 1305 759 pleno
1356 692 1516 746 etiam
1571 689 1970 745 incredulitatis
2021 704 2150 759 erga

581 787 920 856 unigenitum
949 783 1065 852 ejus
1091 782 1759 851 Filium,Primogeuitum
1792 781 1969 836 omnis
1994 796 2153 836 crea-

577 894 736 941 tnrze,
773 875 1010 932 Verbum
1066 877 1210 946 quod
1267 877 1409 930 inter
1447 875 1694 929 homines
1739 881 2013 927 versatum
2045 880 2149 935 est,

578 968 738 1037 pleno
764 970 997 1037 denique
1017 966 1259 1034 stuporis
1283 964 1546 1018 adversus
1572 962 1834 1032 Spiritum
1857 971 2109 1016 sanctum
2135 979 2148 1015 :

579 1073 701 1112 cum
732 1059 797 1112 ab
828 1068 1058 1126 utraque
1089 1063 1244 1125 parte
1278 1063 1334 1108 et
1369 1053 1562 1106 littera:
1593 1053 1661 1106 ad
1711 1067 1797 1106 me
1843 1052 2021 1105 allata:
2061 1068 2151 1104 es-

577 1160 718 1215 sent,
751 1159 804 1205 et
827 1148 990 1219 253
1013 1147 1215 1203 fratres
1245 1160 1464 1209 mecum
1512 1145 1799 1199 disserluri
1847 1144 2147 1207 venissem,

579 1238 844 1308 epistolas
900 1237 1190 1307 quasdam,
1243 1242 1506 1304 quantum
1555 1233 1665 1287 Deo
1706 1233 1934 1303 juvante
1977 1235 2149 1302 potui,

581 1329 894 1382 tractatoris
926 1343 1076 1380 more
1121 1325 1294 1381 fusius
1329 1324 1544 1393 scripsi.
1581 1322 1822 1389 Quarum
1869 1326 2148 1394 exempla-

584 1421 661 1472 ria
695 1420 758 1471 ad
791 1430 841 1471 te
869 1417 1010 1471 misi.
1057 1438 1074 1468 ι

1174 1528 1404 1584 CAPUT
1451 1527 1556 1582 VII.

582 1623 655 1678 De
699 1621 1015 1676 exsecranda
1056 1622 1424 1674 hmreticorum
1482 1635 1688 1686 errare,
1738 1631 1785 1674 et
1838 1622 1901 1674 de
1950 1624 2150 1676 risione

647 1693 901 1761 Dionysio
947 1693 1198 1744 divinitus
1234 1693 1415 1754 missa,
1459 1707 1520 1742 ac
1563 1693 1626 1743 de
1664 1692 2024 1746 ecclesiastica
2068 1709 2150 1745 re-

647 1763 772 1832 gula
810 1763 975 1814 eidem
1005 1763 1227 1814 tradita.

650 1918 705 1971 In
740 1916 898 1971 tertia
930 1926 1108 1968 autem
1155 1913 1381 1983 epistola
1415 1914 1483 1968 ad
1513 1914 1914 1980 Philemonem,
1960 1917 2152 1972 Eccle-

575 2010 672 2067 sia:
721 2008 977 2062 Romana:
1031 2009 1409 2076 presbyterum
1474 2005 1552 2060 De
1609 2007 1866 2076 baptismo
1921 2011 2148 2080 scripta,

579 2101 716 2153 idem
755 2097 1040 2168 Dionysius
1074 2099 1190 2153 hch
1226 2095 1395 2151 refert
1424 2112 1439 2148 :
1482 2112 1501 2145 ι
1529 2095 1640 2165 Ego
1675 2112 1826 2161 vero,
1856 2098 2055 2168 inquit,
2097 2099 2150 2152 in

577 2190 731 2245 libris
774 2199 827 2244 et
859 2190 1243 2243 traditionibus
1305 2188 1696 2242 haereticorum
1751 2193 2152 2259 cognoscendis

572 2297 794 2350 operam
823 2281 977 2350 posui
1005 2297 1020 2346 ;
1059 2280 1411 2335 exsecrandis
1437 2281 1656 2349 quidem
1691 2281 1904 2335 illorum
1933 2291 2152 2337 semen-

579 2374 664 2427 tiis
708 2373 948 2426 animum
999 2387 1178 2425 meum
1234 2374 1502 2440 tantisper
1558 2373 1961 2442 coinquinans;
2007 2377 2151 2433 hanc

580 2473 760 2518 tamen
789 2479 856 2517 ex
887 2464 956 2518 iis
986 2464 1278 2518 utilitatem
1315 2464 1648 2533 percipiens,
1695 2477 1755 2522 ut
1785 2469 1906 2523 illos
1957 2470 2154 2525 tacitus

581 2558 720 2626 apud
752 2573 838 2613 me
871 2556 1187 2624 refutarem,
1241 2558 1521 2629 multoque
1565 2561 1738 2631 magis
1773 2577 1938 2631 quam
1989 2573 2152 2619 antea

577 2649 899 2703 detestarer.
929 2647 1147 2702 Etcum
1199 2649 1365 2704 frater
1409 2652 1630 2720 quidam
1678 2667 1744 2706 ex
1799 2653 2149 2724 presbyterov

580 2755 696 2794 rum
726 2740 940 2804 ordine,
983 2739 1298 2809 prohiberet
1326 2757 1434 2805 me,
1462 2745 1666 2798 veritus
1695 2759 1762 2798 ne
1794 2743 1938 2799 forte
1960 2749 2155 2815 nequi-

579 2831 667 2884 tiae
695 2830 908 2885 illorum
956 2846 1112 2885 emno
1153 2832 1543 2888 commiscerer
1583 2852 1596 2889 :
1651 2835 1850 2905 quippe
1905 2837 2150 2892 animum

580 2937 758 2977 meum
788 2923 1221 2977 contaminatum
1274 2923 1340 2978 iri
1391 2925 1591 2991 aiebat,
1625 2935 1678 2980 et
1710 2927 1930 2997 quidem
1970 2931 2148 2985 veris-

581 3015 739 3080 sime,
772 3025 831 3070 ut
863 3015 1095 3084 ipsemet
1128 3017 1454 3082 sentiebam,
1487 3017 1701 3074 visione
1741 3020 1960 3074 caelitus
1987 3021 2151 3076 missa

579 3108 930 3163 conﬁrmatus
958 3123 1101 3165 sum.
1137 3107 1204 3162 Et
1230 3124 1333 3164 vox
1359 3110 1426 3164 ad
1458 3125 1618 3166 aures
1648 3127 1797 3166 meas
1830 3112 2038 3182 perlata
2069 3113 2152 3167 di-

579 3208 722 3254 serte
756 3199 888 3254 mihi
920 3202 1178 3271 praecepit
1208 3202 1309 3257 hoc
1339 3203 1494 3257 modo
1523 3225 1533 3259 :
1586 3202 1736 3273 Lege
1777 3205 1960 3258 omnia
2002 3220 2154 3275 qure-

578 3306 794 3360 cunque
827 3294 878 3345 in
904 3307 1096 3346 manus
1124 3293 1395 3347 venerint.
1423 3291 1652 3349 Idoneus
1686 3309 1919 3362 namque
1959 3309 2020 3348 es
2057 3297 2152 3363 qui

578 3382 793 3449 singula
836 3383 1113 3450 disquiras
1158 3390 1214 3437 et
1261 3383 1546 3436 examines
1595 3403 1609 3438 :
1655 3383 1867 3452 hacque
1915 3384 2152 3452 primum

579 3473 860 3529 occasione
885 3473 949 3528 ad
976 3472 1176 3529 Christi
1214 3471 1373 3528 [idem
1403 3473 1668 3542 impulsus
1713 3489 1795 3530 es.
1823 3474 2150 3546 .Amplexus

578 3579 700 3620 sum
731 3564 990 3618 visionem
1039 3563 1206 3630 illam,
1263 3573 1452 3633 utpote
1495 3579 1614 3633 quae
1661 3565 1979 3636 apostolicae
2025 3570 2150 3622 voci

577 3658 918 3713 consentiret
947 3657 1360 3713 robustissimos
1393 3670 1641 3726 quosque
1663 3658 1735 3712 ita
1760 3659 2111 3729 compellanti
2135 3677 2150 3714 :

583 3765 607 3802 ι
636 3750 818 3803 Estote
851 3749 1011 3818 periti
1051 3751 1422 3804 nummularii.
1453 3767 1472 3800 ι
1499 3749 1680 3804 Pauca
1715 3751 1910 3808 deinde
1936 3751 2003 3807 de
2033 3752 2156 3806 uni-

580 3842 753 3896 versis
788 3843 1084 3898 hazresibus
1119 3843 1501 3908 interlocutus,
1536 3845 1651 3898 haec
1680 3845 1862 3899 subdit
1891 3861 1906 3899 :
1943 3863 1964 3897 ι
2001 3843 2155 3900 lianc

579 3947 678 4000 ego
703 3931 943 4000 regulam
991 3941 1049 3985 et
1094 3931 1326 3987 formam
1358 3949 1388 3988 a
1419 3935 1742 3990 beatissimo
1775 3949 1915 4004 papa
1961 3946 2152 3989 nostro

581 4022 807 4077 Hcracla
840 4022 1046 4090 accepi.
1079 4023 1184 4078 Eos
1211 4024 1356 4078 enim
1401 4025 1492 4095 qui
1543 4027 1611 4082 ab
1648 4027 1921 4081 limreticis
1964 4028 2152 4082 venie-

649 4141 760 4213 (90)
795 4140 918 4209 Πρὸ
943 4141 1318 4212 γραμμάτων.
1355 4143 1412 4198 In
1447 4146 1634 4200 codice
1683 4145 1856 4214 Regio
1903 4154 1960 4199 et
2014 4146 2154 4213 apud

579 4213 940 4287 lSicephorum
965 4229 1069 4266 uno
1097 4216 1259 4287 veijio
1287 4215 1477 4287 legitur
1499 4213 1970 4287 προγραμμάτων.
1996 4218 2153 4282 Apud

579 4283 868 4356 Georgium
921 4293 1101 4356 autcm
1163 4281 1474 4356 Syncellnm
1520 4281 1784 4356 scribitur
1829 4285 1937 4338 τῶν
1971 4281 2154 4356 γραμ-

579 4354 789 4436 μάτων,
828 4353 992 4436 _quod
1035 4353 1217 4422 magis
1256 4356 1445 4420 probo,
1495 4371 1730 4436 eamque
1775 4353 2153 4410 lectioneinin

579 4433 1032 4490 interpretatione
1060 4440 1176 4475 mea
1201 4439 1319 4476 sum
1357 4434 1595 4478 secutus.

648 4492 760 4564 (9|)
804 4491 1157 4546 Ἐπέστειλὰ
1186 4509 1338 4546 τινα.
1368 4493 1678 4564 Intelligere
1713 4495 1927 4548 videtur
1951 4495 2157 4562 episto-

580 4563 682 4617 lam
746 4565 812 4615 ad
862 4565 1182 4633 Aiumonem
1237 4563 1650 4619 Berenicensem
1705 4567 2052 4633 episcopum,
2105 4577 2160 4620 et

579 4635 738 4686 aliam
782 4633 850 4686 ad
882 4631 1307 4704 Telesphorum,
1364 4634 1526 4688 aliam
1579 4636 1706 4688 item
1737 4631 1804 4687 ad
1847 4631 2160 4704 Euphrano-

579 4719 694 4758 rem
728 4712 920 4773 contra
952 4701 1248 4757 Sabellium
1284 4706 1536 4771 scriptas,
1581 4707 1645 4758 de
1674 4706 1871 4773 quibus
1910 4701 2155 4772 loquitur

581 4773 844 4826 Ensebius
895 4771 946 4824 in
994 4774 1173 4840 capite
1216 4773 1288 4826 26
1341 4775 1501 4840 hujus
1544 4771 1704 4828 libri.‘
1735 4771 2069 4828 Athanasius
2104 4777 2154 4828 in

585 4842 896 4920 Defensione
927 4857 1088 4909 quam
1119 4843 1336 4914 scripsit
1363 4860 1459 4912 pro
1483 4845 1742 4917 Dionysio
1766 4847 2160 4920 Alexandrino-7

583 4925 701 4985 rutn
733 4916 1014 4985 cpiscOpo,
1044 4927 1206 4966 unam
1255 4916 1890 4985 tantum,commemorat
1920 4916 2156 4985 Dionysii

583 4981 868 5052 epistolam
899 4984 964 5034 ad
991 4983 1333 5036 Auunonium
1365 4993 1422 5037 et
1465 4984 1875 5052 Euphranorem
1918 4981 2160 5038 conscri-

583 5063 751 5118 ptam.
781 5051 834 5103 ln
870 5065 981 5120 qua
1009 5067 1129 5104 cum
1161 5055 1406 5120 quaedam
1436 5056 1502 5107 de
1527 5051 1746 5108 Christo
1778 5057 1957 5107 minus
2011 5066 2159 5107 recte

583 5121 786 5193 dixisse
833 5119 1110 5193 videretur
1145 5119 1454 5193 Dionysius.
1503 5137 1795 5178 accusatus
1847 5134 1932 5177 est
1971 5143 1998 5176 a
2033 5127 2158 5193 qni-

583 5191 809 5265 busdam
833 5189 1105 5265 episcopis
1137 5189 1354 5263 Egypli
1384 5209 1569 5249 coram
1610 5195 1870 5265 Dionysio
1896 5189 2158 5247 ﬂuuiana:

585 5260 733 5314 urbis
761 5260 1031 5328 episcopo.

649 5328 763 5401 (92)
797 5329 906 5383 Καὶ
932 5329 1342 5402 δεδιττομένου
1368 5335 1808 5402 συμφύρεσθαι.
1848 5333 1981 5387 Cum
2020 5337 2161 5399 jam-

581 5400 781 5476 dudum
824 5400 1176 5476 conjecisse":
1228 5400 1524 5476 legendum
1562 5421 1682 5458 esse
1739 5403 2154 5474 συμφύρεσθαι,

583 5469 683 5540 'pro
719 5469 1123 5542 συμφέρεσθαι,
1148 5469 1384 5542 tandenr
1409 5473 1775 5541 conjecturam
1809 5469 1984 5526 uicani
2031 5491 2160 5527 eon-

584 5545 820 5614 Iirmavn
855 5541 1022 5614 editio
1089 5541 1306 5610 Georgii
1363 5541 1621 5614 Syncelli,
1667 5545 1809 5614 apud
1871 5557 2032 5612 quem
2086 5546 2156 5597 ita

582 5611 784 5665 diserte
813 5613 1072 5678 Scriptum
1111 5614 1361 5666 habetur.

653 5678 766 5751 (93)
804 5680 1206 5754 Ἀποστοέικῇ
1230 5681 1468 5754 φωνῇ...
1494 5683 1569 5751 τῇ
1597 5685 1884 5754 λεγούσῃ,
1903 5683 2159 5736 Γίνεσθε

584 5747 814 5818 δόκιμοι
860 5747 1244 5821 τραπεζῖταιᾘ
1279 5747 1402 5809 llaec
1449 5747 1614 5810 verba
1667 5747 1771 5809 non
1815 5747 2061 5824 lcgantur
2105 5756 2157 5808 in

2259 505 2388 573 ϐοῦς
2419 511 2514 562 καὶ
2546 509 2896 580 βλασφημίαν
2934 509 3133 581 πολλὴν
3165 508 3380 580 ἔχοντος
3413 510 3544 580 περὶ
3574 509 3668 563 τοῦ
3699 527 3840 564 παν-

2258 601 2586 673 τοκράτορος
2608 601 2742 655 Θεοῦ
2767 603 2861 655 καὶ
2884 602 3095 674 Πατρὸς
3121 601 3215 654 τοῦ
3239 601 3442 674 Κυρίου
3468 600 3625 672 ἡμῶν
3661 601 3837 673 Ἰησοῦ

2259 691 2518 762 Χριστοῦ,
2555 693 2812 746 ἀπιστίαν
2839 711 2899 746 τε
2933 692 3130 764 πολλὴν
3159 692 3370 762 ἔχοντος
3401 692 3527 764 περὶ
3552 691 3645 745 τοῦ
3677 709 3836 763 μονο-

2252 782 2450 853 ’γενοῦς
2477 783 2672 847 Παιδὸς
2697 783 2973 849 αὐτοῦ,τοῦ
2998 785 3348 858 Πρωτοτόκου
3377 785 3558 856 πάσης
3585 787 3835 852 κτίσεως,

2260 875 2352 928 τοῦ
2398 874 2917 947 ὲνανθρωπήσαντος
2960 877 3166 944 Λόγου,
3224 877 3581 948 ἀναισθησίαν
3629 877 3689 930 δὲ
3742 878 3837 933 τοῦ

2259 966 2417 1034 ἁγίου
2456 966 2794 1037 Πνεύματος,
2843 967 3104 1021 ἐλθόντων
3158 968 3499 1040 ἑκατέρωθεν
3548 971 3684 1040 πρὸς
3738 971 3841 1042 ἐμὲ

2259 1057 2354 1110 καὶ
2383 1057 2490 1128 πρὸ
2518 1059 2859 1131 γραμμάτων
2877 1058 2985 1128 (90)
3017 1059 3236 1114 καὶτῶν
3267 1060 3656 1131 διαλεξομένων
3684 1061 3839 1115 ἀδελ-

2261 1147 2396 1216 φῶν,
2430 1148 2718 1201 ἐπέστειλά
2749 1165 2871 1202 τινα
2905 1149 3017 1218 (91)
3049 1153 3121 1212 ὼς
3153 1148 3435 1221 ἐδυνήθην,
3466 1151 3840 1223 παρασχόντος

2257 1239 2352 1294 τοῦ
2399 1240 2570 1304 Θεοῦ,
2620 1240 3142 1312 διδασκαλικώτερον
3187 1242 3599 1314 ὑφηγούμενος·
3651 1239 3726 1300 ὧν
3773 1245 3844 1299 τά

2259 1332 2567 1403 ἀντίγραφα
2593 1331 2813 1402 ἔπεμψά
2840 1348 2944 1385 σοι.
2972 1349 2989 1383 ι

2793 1516 3190 1568 ΚΕΦΛΛΑΙΟΝ
3225 1517 3296 1567 Ζ’.

2258 1605 2395 1672 Περὶ
2428 1601 2537 1670 τῆς
2566 1604 2713 1657 κατὰ
2740 1602 2858 1656 τῶν
2888 1602 3192 1671 αἰρετικῶν
3214 1601 3552 1672 παμμιάρου
3578 1604 3839 1673 πλάνης,

2329 1676 2425 1727 καὶ
2457 1673 2563 1740 τῆς
2593 1673 2963 1742 θεοπέμπτου
3007 1673 3271 1740 ὁράσεως
3303 1675 3641 1736 Διονυσίου,
3672 1672 3742 1730 οὗ
3770 1672 3842 1731 τε

2328 1746 2701 1883 ῗαρείέηφεν
2732 1744 3246 1812 ἑκκλησιαστικοῦ
3279 1745 3538 1810 κανόνος
3577 1745 3728 1814 (Nic.
3762 1746 3836 1802 Η.

2360 1852 2396 1872 ..
2426 1830 2498 1879 vi,
2587 1854 2602 1868 .

2327 1906 2438 1959 Καὶ
2459 1907 2606 1977 iamsi;
2635 1907 2792 1978 τρίτῃ
2816 1905 2872 1958 δὲ
2897 1905 3004 1958 τῶν
3029 1908 3169 1974 Περὶ
3187 1908 3630 1976 βαπτίσματος,
3657 1910 3722 1979 ἢν
3746 1911 3842 1962 Φι-

2257 1996 2449 2069 λήμονι
2472 1985 2550 2070 τῷ
2576 1997 2718 2052 κατὰ
2756 1997 2973 2069 Ῥώμην
3008 2001 3362 2072 πρεσϐυτέρῳ
3388 2001 3417 2052 ὁ
3445 1995 3606 2066 αὐτὸς
3637 2003 3842 2073 γράφει

2258 2091 2531 2154 Διονύσιος
2555 2131 2569 2155 ,
2603 2091 2776 2144 ταῦτα
2823 2091 3184 2163 παρατίθεται
3209 2111 3222 2122 ν
3263 2113 3281 2144 ι
3315 2093 3456 2162 Ἐγὼ
3500 2094 3556 2147 δὲ
3588 2096 3683 2148 καὶ
3730 2100 3842 2159 τοῖς

2260 2183 2603 2253 συντάγμασι
2648 2184 2742 2236 καὶ
2769 2188 2888 2245 ταῖς
2932 2183 3262 2252 παραδόσεσι
3295 2185 3403 2239 τῶν
3435 2186 3729 2258 αἱρετικῶν
3754 2189 3842 2239 ὲν-

2258 2273 2469 2343 έτυχον,
2499 2273 2734 2345 χραίνων
2771 2273 2868 2344 μέν
2899 2291 2999 2344 μου
3035 2275 3168 2345 πρὸς
3189 2273 3365 2344 ὀλίγον
3389 2276 3486 2347 τὴν
3514 2278 3692 2349 ψυχὴν
3722 2281 3842 2342 ταῖς

2258 2363 2603 2437 παμμιάροις
2646 2365 2823 2418 αὐτῶν
2871 2364 3254 2437 ὲνθυμήσεσιν,
3303 2366 3489 2438 ὄνησιν
3539 2368 3584 2420 δ’
3609 2365 3701 2422 οὖν
3745 2369 3842 2421 ἀπ’

2258 2457 2437 2510 αὐτῶν
2465 2457 2667 2528 ταύτην
2704 2458 3016 2529 λαμϐάνων,
3051 2457 3110 2511 τὺ
3143 2457 3446 2529 ἐξελέγχειν
3478 2461 3676 2524 αὐτοὺς
3710 2461 3842 2534 παρ’

2258 2549 2501 2620 ἐμαυτῷ,
2542 2551 2636 2603 καὶ
2661 2551 2794 2603 πολὺ
2835 2549 3000 2603 πλέον
3031 2549 3431 2620 βδελύττεσθαι.
3469 2552 3579 2605 Καὶ
3605 2552 3668 2623 δή
3693 2569 3842 2618 τινος

2258 2641 2488 2711 ἀδελφοῦ
2528 2642 2633 2695 τῶν
2678 2641 3064 2714 πρεσϐυτέρων
3112 2660 3178 2714 με
3223 2643 3577 2720 ἀπείργοντος
3625 2643 3720 2697 καὶ
3751 2643 3839 2696 δε-

2258 2733 2567 2802 διττομένου
2601 2734 2974 2804 συμφέρεσθαι
2997 2735 3108 2806 (92)
3137 2734 3215 2806 τῷ
3241 2735 3341 2806 τῆς
3368 2735 3632 2806 πονηρίας
3660 2735 3843 2790 αὐτῶν

2261 2823 2506 2897 βορϐόρῳ
2525 2841 2541 2857 ·
2575 2825 2926 2896 λυμανεῖσθαι
2956 2823 3192 2900 γὰρ”τὴν
3233 2826 3411 2898 ψυχὴν
3442 2827 3541 2898 τὴν
3574 2827 3836 2898 ὲμαυτοῦ,

2258 2917 2352 2970 καὶ
2378 2917 2549 2989 ἀληθῆ
2579 2934 2641 2986 γε
2676 2919 2945 2988 λέγοντος,
2975 2917 3051 2984 ὡς
3081 2920 3326 2992 ⁴ᾐσθόμην
3349 2936 3362 2950 ⁸
3401 2920 3581 2990 ὅραμα
3609 2919 3842 2991 θεόπεμ-

2259 3023 2390 3061 πτον
2443 3004 2767 3079 προσελθὸν,
2812 3011 3093 3082 ἐπέρῥωσέ
3135 3029 3222 3081 με.
3257 3011 3366 3065 Καὶ
3395 3011 3550 3080 λόγος
3595 3013 3732 3082 πρὸς
3771 3011 3838 3082 μὲ

2258 3101 2570 3171 γενόμενος,
2617 3099 2917 3172 προσέταξε
2965 3103 3258 3174 διαρρήδην
3297 3102 3500 3172 λέγων·
3545 3103 3717 3156 Πᾶσιν
3750 3105 3839 3155 ὲν»

2254 3192 2490 3262 τύγχανε
2542 3189 2624 3256 οἷς
2671 3193 2737 3246 ἂν
2780 3195 2859 3258 εἰς
2903 3193 3088 3264 χεῖρας
3133 3193 3351 3258 λάϐοις·
3400 3191 3692 3246 διευθύνειν
3733 3193 3841 3265 γὰρ

2253 3286 2462 3340 ἕκαστα
2510 3286 2604 3339 καὶ
2657 3285 2970 3356 δοκιμάζειν
3020 3283 3202 3348 ἱκανὸς
3250 3283 3332 3349 εἷ,
3376 3284 3469 3338 καί
3522 3296 3606 3336 σοι
3649 3283 3841 3352 γέγονε

2254 3379 2414 3433 τοῦτο
2451 3377 2685 3451 ὲξαρχῆς
2715 3378 2810 3432 καὶ
2841 3379 2940 3448 τῆς
2971 3377 3204 3440 πίστεως
3235 3378 3426 3431 αἴτιον.
3469 3378 3842 3448 Ἀπεδεξάμην

2255 3469 2318 3524 τὸ
2360 3472 2579 3542 ὅραμα,
2625 3470 2700 3535 ὼς
2750 3470 3076 3541 ἀποστολικῇ
3130 3473 3278 3540 φωνῇ
3318 3470 3608 3540 συντρέχον
3643 3473 3711 3542 τῇ
3757 3469 3844 3522 λε-

2255 3564 2428 3637 γούσῃ
2444 3563 2579 3634 πρὸς
2597 3563 2721 3626 τοὺς
2741 3562 3159 3633 δυνατωτέρους,
3189 3582 3205 3614 ι
3228 3563 3446 3615 Γίνεσθε
3474 3561 3686 3633 δόκιμοι
3709 3579 3738 3616 τ
3747 3579 3846 3632 ραι

2261 3657 2476 3720 πεζῖται
2528 3654 2656 3726 (93).
2681 3674 2700 3706 ι
2757 3651 2890 3708 Εἷτά
2940 3671 3062 3708 τινα
3106 3655 3236 3726 περὶ
3280 3653 3470 3707 πασῶν
3514 3653 3685 3707 εἰπὼν
3731 3653 3844 3706 τῶν

2261 3747 2553 3820 αἱρέσεων,
2604 3745 2854 3817 ἐπιφέρει
2901 3745 3107 3815 λέγων·
3156 3764 3175 3797 ‹
3207 3746 3407 3799 Τοῦτον
3447 3744 3559 3814 ἐγὼ
3607 3743 3698 3800 τὸν
3744 3762 3845 3799 κα-

2259 3841 2386 3895 νόνα
2417 3842 2509 3895 καὶ
2537 3840 2626 3892 τὸν
2651 3839 2820 3893 τύπον
2854 3838 3005 3911 παρά
3045 3838 3139 3893 τοῦ
3176 3839 3444 3911 μακαρίου
3487 3839 3646 3893 πάπα
3684 3839 3845 3910 ἡμῶν

2271 3935 2515 4006 Ἡρακλᾶ
2546 3933 2872 4006 παρέλαϐον.
2916 3935 3056 3996 Τοὺς
3096 3932 3206 4003 γὰρ
3241 3933 3566 4004 προσιόντας
3593 3931 3703 3986 ἀπὸ
3733 3932 3844 3984 τῶν

2256 4026 2558 4100 αἱρέσεων,
2599 4025 2778 4078 καίτοι
2820 4021 2920 4095 τῆς
2965 4024 3290 4095 Ἐκκλησίας
3326 4023 3666 4087 ἀποστάντας
3708 4023 3841 4094 (94),

2263 4145 2545 4214 Aposmlo.
2598 4143 2656 4198 ln
2691 4145 2861 4212 prima
2915 4144 3134 4214 quidem
3167 4143 3414 4214 Epistola
3442 4144 3506 4196 ad
3550 4141 3844 4196 Thessalo.

2264 4211 2532 4277 ni'ceitses,
2585 4211 2708 4282 Cap.
2766 4214 2822 4278 5,
2887 4211 3000 4268 haec
3037 4213 3334 4280 leguntur:
3378 4211 3567 4265 Omnia
3607 4215 3841 4277 probate,

2260 4287 2400 4354 quod
2425 4286 2614 4338 bonum
2649 4293 2725 4337 est
2752 4295 2936 4336 tenete.
2975 4283 3104 4354 Qui!)
3154 4283 3398 4354 profecto
3431 4283 3677 4354 eamdem
3731 4285 3840 4354 vim

2266 4350 2463 4409 habent
2506 4371 2570 4408 ac
2619 4355 2800 4424 priora
2833 4355 2935 4424 illa
2960 4370 2989 4424 ι
3025 4350 3207 4424 Estote
3248 4353 3377 4424 boni
3409 4353 3697 4418 trapezitae.
3735 4351 3844 4405 θεά

2189 4439 2233 4493 ι)
2264 4424 2547 4493 Origenes,
2583 4421 2728 4476 tonio
2763 4440 2790 4475 χ
2824 4422 2891 4476 In
2951 4423 3290 4491 Evnngelium
3345 4421 3689 4493 Joqnnis,ret
3721 4431 3846 4491 post

2266 4491 2412 4548 illum
2465 4495 2830 4563 Hieronymus
2883 4495 2938 4546 in
2992 4493 3221 4557 epistola
3270 4495 3337 4546 ad
3399 4491 3715 4544 Minervium
3787 4501 3846 4544 et.

2259 4566 2668 4625 Alexandrum,
2729 4565 2930 4617 diserte
2972 4563 3240 4616 allirmant
3293 4563 3394 4615 hoc
3465 4563 3776 4613 mandatum
3827 4577 3843 4614 :

2263 4634 2445 4688 Estote
2472 4635 2590 4686 boni
2614 4637 2905 4698 trapeztiw,
2933 4648 2960 4685 a
2993 4633 3212 4687 Chrisno
3242 4633 3495 4686 traditum
3524 4646 3665 4698 esse,
3687 4632 3846 4698 eique

2260 4704 2573 4758 consentire
2601 4697 2903 4756 doctrinam
2937 4702 3087 4756 Pauli
3128 4703 3177 4754 in
3222 4701 3460 4768 lipistola
3497 4702 3563 4752 ad
3610 4697 3847 4754 Thessa-

2262 4776 2587 4829 lonicenses.
2625 4772 2806 4838 Quare
2830 4773 3103 4826 assentior
3140 4772 3457 4826 doctissimo
3496 4771 3614 4822 viro
3640 4770 3845 4824 Jacobo

2265 4844 2509 4906 Usserio,
2540 4836 2774 4911 qui—hoc
2800 4843 3001 4896 Christi
3045 4845 3266 4894 verbum
3329 4857 3395 4894 ex
3431 4839 3732 4911 Evangelio
3755 4855 3846 4892 se-

2262 4915 2498 4966 cundum
2543 4909 2804 4967 Hebraeos
2843 4915 3184 4980 desumptnm
3219 4926 3337 4965 esse
3375 4910 3587 4980 censuit
3623 4911 3674 4962 in
3712 4909 3848 4962 Pro-

2262 4983 2566 5054 legomenis
2593 4987 2657 5035 ad
2693 4982 2886 5054 lgnatii
2913 4978 3339 5054 epistolas,_cap.
3376 4978 3430 5032 8.
3458 4979 3710 5054 citantur
3733 4981 3847 5054 inec

2261 5047 2428 5108 verba
2461 5053 2626 5105 etiam
2665 5068 2692 5104 a
2721 5047 2926 5118 Cyrillo
2947 5047 3461 5120 'Ilierosolymitano
3491 5048 3544 5100 in
3573 5047 3847 5120 Qatcclieri

2261 5133 2435 5184 sexta,
2497 5125 2597 5176 sub
2645 5117 2806 5177 linem
2841 5139 2854 5172 :
2887 5122 3040 5175 Γίνου
3104 5117 3324 5190 δόκιμος
3382 5117 3740 5190 τραπεζίτης,
3787 5120 3850 5190 τὸ

2260 5193 2422 5247 καλὸν
2475 5191 2741 5262 κατέχων,
2778 5191 2886 5244 ἀπὸ
2921 5191 3119 5255 παντὸς
3172 5188 3344 5251 εἴδους
3373 5188 3848 5262 πονηρούέὰπεχό-

2263 5281 2442 5334 μενος.
2479 5257 2650 5316 Porro
2711 5264 3074 5334 incodicibus
3131 5257 3542 5334 nostrislllazL,
3598 5257 3846 5334 Μθόρςτι

2259 5329 2398 5387 Fnk.
2438 5348 2539 5386 vox
2593 5331 2922 5404 τραπεζῖται
2982 5342 3202 5404 acutum
3259 5331 3399 5404 gerit
3454 5329 3846 5404 accentum‘in

2261 5405 2581 5472 penultima.
2632 5399 2725 5456 Sic
2764 5405 2928 5472 paulo
2956 5413 3082 5456 ante
3122 5403 3174 5454 in
3226 5402 3405 5468 capite
3441 5400 3633 5465 quinto
3685 5399 3848 5467 hujus

2261 5475 2406 5535 libri,
2441 5489 2625 5526 vocem
2659 5472 2832 5543 ῥῦπον
2859 5481 3021 5527 acuto
3052 5480 3276 5526 accentu
3335 5479 3578 5523 notatam
3624 5474 3847 5523 exhibet

2260 5545 2430 5598 codex
2467 5543 2602 5596 Maz.
2636 5541 2690 5595 et
2718 5541 2851 5596 Fuk.

2333 5614 2444 5684 (94)
2489 5613 2692 5666 Καίτοι
2723 5612 2832 5679 τῆς
2887 5609 3247 5684 Ἐκκλησίας
3274 5607 3844 5684 ’ἀποστάνταςξμῡιιο

2260 5678 2640 5753 ετιέιιιἰ;οιιυι·α
2671 5678 2857 5736 eorum
2882 5683 2972 5752 qui
3003 5687 3069 5735 ab
3102 5681 3372 5734 haereticis
3417 5680 3486 5733 ad
3513 5678 3842 5753 catholicam

2261 5749 2562 5810 Ecclesiam
2589 5749 3035 5809 veniebantJAlii
3076 5761 3232 5806 erant
3261 5759 3538 5822 apostatar.
3591 5749 3685 5814 qui
3719 5765 3844 5804 cum
