4222 6394
539 367 635 419 (⁷51

1290 367 1563 424 EUSEBII
1602 368 2082 428 C/ESARIENSIS
2121 371 2271 429 UPP.
2309 375 2488 433 PARS
2530 379 2572 434 I.
2615 412 2684 421 —
2724 380 3120 439 IIISTORICA.

3701 389 3811 447 652

533 484 777 554 poribus,
816 485 866 538 in
906 484 1167 542 Ecclcsiis
1197 487 1655 556 populosissitnis,
1692 497 1747 541 et
1787 489 1838 543 in
1868 490 2100 544 conciliis

2214 492 2326 557 λοῖς
2372 495 2532 549 τοῦτο
2576 497 2787 565 ἔδοξεν·
2834 495 2909 556 ὧν
2951 503 3051 565 τὰς
3098 503 3291 572 βουλὰς
3327 506 3675 577 ἀνατρέπων,
3726 508 3811 572 είς

534 577 764 633 fratrum
814 580 954 648 apud
1000 580 1238 635 Iconium
1290 589 1347 633 et
1397 578 1677 650 Synnada,
1709 589 1764 634 et
1791 582 1937 650 apud
1976 581 2112 635 alios

532 671 803 739 plurimos
851 672 993 725 idem
1030 672 1303 727 sancitum
1356 671 1547 727 fuisse.
1601 670 1844 738 Quorum
1888 685 2112 729 senten-

534 764 639 820 tias
670 776 725 819 et
750 773 952 820 statuta
984 764 1332 829 subvertere,
1364 778 1574 838 eosque
1601 766 1669 818 ad
1695 763 1878 835 iurgia
1907 777 1963 819 et
1985 780 2115 821 con-

529 858 800 921 tentiones
839 857 1081 912 excitam
1126 857 1380 927 eqnidem
1440 856 1635 910 nolim.
1694 856 1977 925 Scriptum
2032 870 2115 912 est

525 948 671 999 enim
719 964 734 1001 :
783 964 803 996 ι
838 946 955 1001 Νοιι
1008 946 1375 1001 commutabis
1424 946 1689 999 terminos
1745 947 1976 1015 proximi
2033 949 2110 1002 tui

524 1055 664 1108 quos
714 1050 973 1109 parentes
1017 1041 1091 1094 tui
1142 1041 1551 1095 constituerunt
1575 1037 1641 1089 ”.
1676 1055 1696 1090 ι
1729 1036 1935 1105 Quarta
1985 1039 2103 1107 ejus

520 1132 588 1185 de
614 1133 872 1199 baptismo
902 1131 1130 1201 epistola
1162 1133 1230 1186 ad
1258 1130 1580 1201 Dionysium
1612 1129 1818 1199 scripta
1838 1140 1943 1196 est,
1975 1141 2105 1188 tunc

520 1224 738 1296 quidem
794 1223 1055 1279 Romana:
1106 1224 1260 1279 urbis
1292 1223 1695 1293 presbyterum,
1727 1225 1822 1278 sed
1866 1224 1957 1293 qui
2003 1225 2106 1279 ali-

520 1326 726 1383 quanto
762 1323 884 1385 post
913 1325 1158 1386 tempore
1185 1314 1431 1383 ejusdem
1481 1314 1636 1370 urbis
1681 1315 1972 1386 episc0pus
2022 1326 2105 1372 est

523 1408 876 1461 constitutus.
901 1405 988 1459 Ex
1030 1421 1134 1477 qua
1162 1405 1304 1461 hunc
1354 1407 1527 1475 ipsum
1561 1404 1871 1459 Romanum
1901 1404 2104 1477 Diony-

519 1498 688 1561 sium,
725 1497 1160 1552 eruditissimum
1197 1497 1470 1567 planeque
1504 1495 1887 1551 admirandum
1927 1496 2104 1551 virum

2214 582 2331 655 ἔριν
2364 588 2457 639 καὶ
2491 588 2822 656 φιλονεικίαν
2852 593 3049 655 αὐτοὺς
3089 595 3348 664 ἐμϐαλεῖν
3381 598 3478 665 οὐχ
3520 597 3801 666 ὑπομένω.

2226 694 2245 726 ι
2269 677 2343 730 Οὐ
2376 677 2485 749 γὰρ
2519 685 2918 751 μετακινήσεις,
2943 685 3126 753 φησὶν,
3161 685 3284 757 ὅρια
3302 686 3397 739 τοῦ
3432 687 3656 758 πλησίον
3686 707 3806 755 σου,

2214 766 2251 821 ἀ
2294 768 2479 823 ἔθεντο
2518 774 2568 824 οἱ
2616 774 2850 844 πατέρες
2899 792 3015 828 σου.
3040 795 3059 828 ι
3117 778 3180 829 Ἡ
3224 779 3459 850 τετάρτη
3482 780 3662 833 αὐτοῦ’
3694 781 3804 836 τῶν

2219 859 2347 930 περὶ
2380 859 2755 932 βαπτίσματος
2784 865 3105 932 ἐπιστολῶν,
3135 867 3270 937 πρὸς
3300 868 3390 921 τὸν
3415 870 3553 922 κατά
3586 868 3803 940 Ῥώμην

2216 951 2431 1022 ἐγράφη
2450 954 2746 1017 Διονύσιον,
2769 954 2889 1007 τότε
2916 956 3015 1025 μὲν
3038 957 3327 1027 πρεσϐείου
3347 958 3647 1029 ἠξιωμένον
3665 959 3799 1030 (97),

2215 1043 2314 1095 ούκ
2340 1045 2419 1107 είς
2447 1045 2655 1116 μακρὸν
2675 1046 2731 1098 δὲ
2754 1046 2846 1099 καὶ
2869 1047 2967 1117 τὴν
2994 1047 3297 1118 ἐπισκοπὴν
3320 1049 3428 1101 τῶν
3452 1051 3629 1103 ἐκεῖσε
3661 1067 3804 1122 παρ-

2213 1133 2502 1202 ειληφότα·
2545 1136 2604 1202 ἐξ
2645 1133 2713 1209 ἦς
2740 1138 2945 1206 γνῶναι
2992 1138 3254 1208 πάρεστιν
3276 1179 3291 1204 ,
3326 1141 3473 1203 ὅπως
3505 1142 3600 1194 καὶ
3642 1141 3805 1195 αὐτὸς

2209 1218 2364 1287 οὗτος
2398 1224 2576 1294 λόγιός
2620 1245 2678 1281 τε
2721 1230 2817 1282 καὶ
2854 1230 3153 1301 Θαυμάσιος
3195 1232 3331 1304 πρὸς
3367 1232 3460 1285 τοῦ
3501 1232 3620 1286 κατ’
3656 1233 3804 1285 Ἀλε-

2215 1313 2499 1386 ξάνδρειαν
2522 1320 2798 1374 Διονυσίου
2832 1324 3274 1395 μεμαρτύρηται.
3316 1325 3520 1395 Γράφει
3554 1325 3610 1379 δ)-
3652 1326 3801 1398 αὐτῷ

2217 1408 2335 1478 μεθ’
2364 1410 2553 1482 ἕτερα,
2590 1414 2698 1466 τῶν
2737 1416 2880 1469 κατὰ
2922 1418 3014 1469 τὸν
3040 1417 3311 1471 Νοουάτον
3351 1418 3705 1489 μνημονεύων
3735 1427 3794 1479 ἐν

2214 1518 2444 1568 τουτοις.

518 1590 712 1655 fuisse,
770 1590 1079 1645 testimonio
1134 1590 1385 1660 'Dionysii
1437 1588 1795 1644 Alexandrini
1845 1588 1977 1646 licet
2017 1605 2372 1662 cognoscere.
2400 1598 2571 1655 Porro
2600 1600 2652 1654 in
2687 1603 2790 1656 hac
2815 1604 2882 1657 ad
2914 1603 3062 1658 illum
3097 1603 3329 1676 epistola
3363 1606 3431 1661 de
3470 1604 3683 1662 Novato
3722 1608 3798 1665 ita

519 1682 732 1737 scribit.

1106 1776 1338 1833 CAPUT
1374 1776 1510 1834 VIII.

1017 1868 1094 1923 De
1122 1869 1310 1924 hwrest'
1339 1868 1557 1926 Novati.

597 2029 762 2089 «Nam
785 2025 1165 2096 Novatianum,
1227 2030 1425 2100 inquit,
1487 2032 1687 2088 merito
1738 2049 2094 2103 aversamnr,

516 2122 715 2191 quippe
752 2121 846 2191 qui
883 2120 1183 2176 Ecclesiam
1217 2124 1463 2192 discidit,
1503 2135 1559 2180 et
1596 2126 1864 2195 quosdam
1894 2142 1960 2183 ex
1984 2127 2095 2181 fra-

515 2214 690 2268 tribus
724 2220 791 2266 ad
832 2213 1170 2284 impietatem
1215 2213 1727 2285 blasphemiamqne
1756 2216 2094 2288 lpertraxit;

515 2303 605 2373 qui
635 2303 900 2360 nefariam
930 2306 997 2360 de
1029 2304 1140 2361 Deo
1176 2307 1484 2361 doctrinam
1512 2307 1743 2373 invexit,
1769 2318 1825 2365 et
1863 2310 2104 2365 clemen-

513 2394 783 2451 tissimnm
809 2396 1099 2453 Dominum
1130 2406 1376 2452 nostrum
1405 2397 1591 2454 Jesum
1623 2399 1907 2457 Christum
1941 2404 2097 2471 quasi

514 2490 919 2561 implacabilem
948 2492 1324 2548 calumniatur
1360 2509 1376 2546 :
1430 2490 1522 2560 qui
1569 2499 1834 2567 praeterea
1878 2508 2098 2549 sacrum

512 2583 792 2637 lavacrum
821 2584 1077 2641 obliterat
1111 2600 1123 2635 :
1165 2584 1438 2653 fidemque
1464 2591 1520 2637 et
1548 2580 1951 2640 confessionem
1977 2600 2098 2655 quae

582 2699 628 2733 ³³
662 2697 817 2752 Deut.
852 2713 968 2752 nx.

511 2795 616 2849 hoc
646 2800 1028 2861 argumentum
1064 2792 1328 2846 adversus
1356 2791 1520 2847 Afros
1547 2792 1779 2847 fortasse
1803 2795 1986 2848 valere
2020 2793 2104 2845 di-

513 2868 608 2929 cit,
633 2874 689 2917 ct
720 2862 995 2933 quomodo
1017 2862 1131 2915 Afri
1165 2863 1216 2915 id
1243 2862 1480 2916 refutare
1512 2862 1980 2933 possint,ribidem
2006 2863 2102 2918 do-

512 2945 616 2993 cel.
643 2934 845 2988 Contra
866 2932 1172 2987 Orientales
1187 2947 1317 2987 vero
1346 2932 1546 2987 nullam
1575 2934 1684 2986 vim
1735 2932 1863 2985 illud
1889 2934 2091 2988 habere

512 3008 870 3072 demonstrat,
908 3004 1048 3071 apud
1092 3017 1230 3069 quos
1280 3018 1497 3072 semper
1529 3002 1853 3071 rebaptizati
1890 3003 2088 3055 fuerint

510 3074 778 3138 haeretici,
799 3071 911 3145 jam
938 3073 1064 3126 inde
1091 3073 1160 3125 ab
1180 3071 1451 3145 lconiens_i
1464 3073 1679 3145 synodo
1702 3088 1821 3145 quae
1836 3072 1908 3126 ob
1937 3072 2089 3145 Mon-

2720 1787 3114 1842 ΚΕΦΑΛΑΙΟΝ
3151 1791 3231 1843 H'.

2390 1877 2528 1945 Περὶ
2564 1876 2673 1945 τῆς
2703 1879 2849 1951 κατὰ
2878 1879 3181 1951 ἰδξοοιέὰτον
3211 1881 3584 1951 ἐτεροὼξίας

2715 1948 2853 2020 (Nic.
2890 1948 2959 2002 ιι.
2994 1949 3060 2003 E.
3089 1952 3261 2016 n.9,.

2285 2059 2303 2091 ι
2326 2040 2649 2111 Ναυατιανῷ
2672 2040 2780 2111 (98)
2811 2041 2909 2111 μὲν
2954 2042 3064 2114 γὰρ
3089 2044 3325 2113 εὐλόγως
3347 2047 3789 2120 ἀπεχθανόμεθα,

2209 2134 2523 2203 διακόψαντι
2558 2135 2658 2205 τὴν
2701 2134 3057 2204 Ἐκκλησίαν,
3088 2137 3183 2190 καί
3218 2153 3371 2203 τινας
3409 2140 3520 2195 τῶν
3547 2142 3793 2211 ἀδελφῶν

2199 2225 2279 2288 είς
2299 2223 2557 2288 ἀσεϐείας
2580 2224 2676 2277 καὶ
2703 2224 3055 2295 βλασφημίας
3085 2225 3390 2290 ἑλκύσαντι,
3422 2228 3515 2281 καὶ
3541 2230 3670 2302 περὶ
3696 2231 3791 2285 τοῦ

2197 2314 2334 2369 θεοῦ
2366 2315 2715 2370 διδασκαλίαν
2748 2316 3119 2387 ἀνοσιωτάτην
3149 2318 3662 2392 ὲπεισκυκλήσαντι,
3698 2325 3792 2377 καὶ
3858 2331 3865 2337 “

2198 2408 2291 2462 τὸν
2338 2408 2705 2479 χρηστότατον
2747 2406 2954 2479 Κύριον
3002 2407 3159 2479 ἡμῶν
3201 2409 3408 2480 Ἰησοῦν
3440 2412 3675 2483 Χριστὸν
3714 2414 3792 2478 ὡς

2206 2498 2406 2570 ἀνηλεῆ
2441 2495 2888 2565 συκοφαντοῦντι,
2920 2496 3012 2549 ἐπὶ
3060 2499 3196 2549 πᾶσι
3245 2494 3301 2549 δὲ
3338 2496 3548 2561 τούτοις
3577 2499 3637 2552 τὸ
3670 2499 3788 2553 λου-

2202 2586 2333 2654 τρὸν
2364 2585 2644 2641 ἀθετοῦντι
2678 2586 2740 2639 τὸ
2767 2585 2921 2655 ἀγιον
2952 2584 3092 2657 (99),
3126 2586 3221 2640 καὶ
3261 2587 3361 2659 τήν
3392 2605 3452 2641 τε
3485 2587 3591 2659 πρὸ
3622 2588 3788 2655 αὑτοῦ

2279 2789 2400 2873 (97)-
2422 2788 3162 2873 Πρεεὸείοιίῇξιωμέγονη
3187 2789 3245 2873 In
3301 2800 3539 2873 quatuor
3583 2792 3786 2873 nostris

2279 2807 2393 2858 ιω)
2422 2807 2749 2858 ιιρεσσειου
2776 2807 3135 2913 ηςιωέιενον.
3189 2807 3245 2844 In
3301 2807 3539 2873 quatuor
3583 2807 3785 2848 nosms

2208 2863 2489 2916 cotlit'ilttts
2534 2859 2694 2923 Maz.,
2734 2861 2897 2924 hled.,
2954 2858 3062 2913 'uk.
3113 2871 3168 2914 et
3200 2860 3479 2915 Savrliano
3526 2863 3785 2919 set'iltitur

2198 2930 2617 3003 πρεσϐυτερίου.
2684 2929 2790 2984 Sed
2851 2931 3109 3003 quoniam
3152 2931 3423 3003 Eusebius
3487 2931 3782 3003 πρεσϐεῖον

2199 3000 2515 3073 frequenter
2565 3014 2831 3073 usurpare
2877 3000 3037 3073 solet_
3053 3000 3174 3073 ἀντὶ
3218 3000 3738 3073 toirtpsworeplou
3764 3047 3781 3069 ,

2198 3068 2470 3139 vulgatam
2498 3071 2784 3125 lcetionem
2816 3085 2978 3138 quam
3004 3068 3208 3140 Regius
3240 3068 3411 3126 cedes
3442 3068 3647 3136 tuetur,
3673 3068 3783 3127 nui;

512 3146 744 3199 tanistas
793 3141 971 3214 fuerat
1019 3153 1373 3214 congregata.
1412 3140 1722 3214 Fir'tniliani
1772 3144 1937 3198 verba
1971 3144 2087 3214 haec
2117 3153 2162 3213 ο
2197 3152 2317 3214 tare
2366 3140 2534 3195 nolui.
2565 3140 2766 3214 ,_Pau_lo
2805 3148 2937 3214 post
2972 3140 3078 3214 ubi
3111 3140 3305 3209 legitur
3337 3142 3641 3214 ἐπισκοπὴν
3669 3144 3779 3200 τῶν

509 3225 635 3268 sunt
664 3238 675 3269 :
718 3231 738 3265 ι
786 3212 941 3279 Quod
968 3212 1188 3282 quidem
1217 3214 1479 3268 adversus
1506 3213 1842 3281 Stephanum
1874 3227 1971 3266 vos
2002 3213 2089 3265 di-

508 3300 634 3339 cere
680 3284 803 3354 Afri
834 3284 1083 3348 potestis.
1143 3284 1362 3354 cognita
1423 3285 1655 3338 veritate
1707 3296 1952 3354 errorem
1986 3298 2087 3354 vos

508 3353 937 3409 consuetudinis
964 3352 1273 3422 reliquisse.
1313 3353 1582 3408 Caeterum
1633 3368 1733 3407 nos
1778 3352 1995 3406 veritati
2030 3362 2088 3407 et

509 3423 979 3494 consuetudinem
990 3423 1293 3494 iungimus,
1327 3433 1383 3477 et
1407 3423 1790 3478 consuetudini
1815 3423 2088 3494 Romano-

509 3511 630 3549 rum
665 3492 1115 3548 consuetudinem
1170 3494 1265 3547 sed
1308 3493 1557 3548 veritatis
1587 3493 1917 3563 opponimus
1943 3533 1958 3558 ,
2016 3492 2087 3548 ab

511 3568 667 3619 initio
701 3567 804 3619 hoc
828 3572 1096 3632 tenentes.
1134 3564 1277 3632 quod
1319 3579 1348 3617 a
1385 3564 1608 3619 Christo
1632 3575 1686 3618 et
1713 3563 1783 3616 ab
1821 3563 2086 3630 Apostolo

509 3638 767 3689 traditum
796 3642 900 3687 est.
926 3631 1043 3687 Nec
1079 3631 1448 3696 meminimus,
1497 3634 1602 3688 hoc
1633 3633 1774 3702 apud
1823 3648 1923 3687 nos
1984 3634 2087 3688 ali-

507 3708 726 3773 quando
753 3703 989 3773 cmpisse
1011 3741 1027 3765 ,
1061 3717 1432 3773 cumsemper
1455 3704 1579 3758 istic
1612 3706 1958 3758 observatum
1988 3703 2081 3766 sit,

508 3772 567 3829 ut
602 3772 816 3829 nonnisi
845 3788 1006 3826 unam
1042 3773 1135 3827 Dei
1190 3772 1488 3828 Ecclesiam
1535 3787 1841 3836 nossemus,
1873 3783 1930 3826 et
1959 3787 2084 3828 sano

509 3857 655 3898 ctum
685 3843 950 3911 baptisma
1002 3842 1221 3897 nonnisi
1250 3851 1454 3898 sanctae
1504 3842 1770 3899 Ecclesiae
1800 3852 2085 3911 computa-

506 3929 711 3971 remns.
749 3912 918 3966 Plane
945 3913 1203 3981 quoniam
1233 3914 1457 3982 quidam
1488 3913 1559 3968 de
1586 3928 1774 3969 eorum
1808 3912 2082 3981 baptismo

506 3986 849 4049 dubitabant,
878 3983 966 4053 qui
992 3984 1093 4037 etsi
1122 3996 1290 4053 novo_s
1318 3984 1612 4053 prophetas
1645 3983 1932 4053 recipiunt,
1961 3997 2084 4037 eos-

459 4111 483 4121 ,
505 4058 629 4108 dem
664 4066 841 4108 tamen
892 4051 1105 4107 Patrem
1140 4062 1194 4106 et
1241 4050 1439 4107 Filium
1489 4067 1650 4108 nosse
1685 4050 1966 4107 nobiscum
1998 4053 2082 4105 vi-

505 4130 735 4188 dentur;
794 4123 1009 4193 plurimi
1034 4121 1200 4176 simul
1229 4123 1621 4178 convenientes
1652 4124 1705 4177 in
1749 4123 1932 4176 Iconio
1962 4121 2084 4175 dili-

502 4195 824 4266 gentissime
848 4194 1226 4266 tractavimus,
1248 4202 1305 4246 et
1324 4193 1767 4266 confirmavimus
1799 4194 2084 4266 repudian-

504 4263 629 4319 dum
671 4279 796 4319 esse
844 4276 1010 4316 omne
1068 4264 1289 4317 omnino
1322 4264 1587 4332 baptisma
1625 4263 1769 4332 quod
1818 4264 1891 4316 sit
1923 4272 2081 4316 extra

504 4336 804 4391 Ecclesium
840 4335 1222 4388 constitutum.
1250 4351 1269 4384 ι
1307 4331 1459 4387 Dicet
1483 4333 1683 4400 aliquis
1698 4331 2078 4385 Firmilianuin

501 4409 794 4476 utrobique
823 4404 902 4476 de,
929 4404 1439 4476 seipso_loqui,_ac
1478 4404 1705 4476 proinde
1743 4402 1902 4476 illum
1956 4401 2082 4476 Ico-

502 4478 679 4531 niensi
704 4471 943 4546 'synodo
970 4471 1306 4546 interfuisse.
1348 4473 1481 4529 Esto
1510 4491 1558 4546 :_
1590 4472 1903 4546 interfuerit
1958 4471 2080 4546 Ico—

500 4549 677 4601 niensi
714 4540 922 4617 synodo
960 4544 1333 4606 Firmiltanus,
1375 4542 1693 4614 quandoita
1726 4543 1930 4665 placet.
1967 4540 2075 4597 Ne-

500 4634 606 4665 ιιιιιε
635 4619 779 4665 enim
813 4616 864 4665 id
900 4628 1102 4665 necare
1130 4614 1299 4665 velim
1323 4615 1677 4665 pertinacius.
1753 4613 1862 4665 llud
1893 4623 2073 4665 tamen

500 4634 606 4685 que
635 4613 779 4672 enim
813 4616 864 4668 id
900 4628 1102 4683 negare
1130 4614 1299 4685 velim
1323 4613 1677 4685 pertinacius.
1726 4613 1862 4667 Illud
1893 4623 2073 4666 tamen

500 4684 817 4740 constanter
838 4684 1072 4748 allirmo,
1095 4684 1184 4738 diu
1208 4693 1334 4738 ante
1356 4684 1620 4753 Stephani
1647 4698 1797 4752 papa:
1832 4695 2073 4753 tempora

503 4760 837 4810 Iconiensem
871 4758 1011 4809 hanc
1041 4754 1307 4823 synodum
1339 4752 1509 4823 fuisse
1548 4753 1898 4808 celebratam.
1937 4752 2071 4804 Nam

500 4838 555 4880 et
606 4826 957 4881 Firmilianus
1010 4822 1259 4880 scribens
1306 4825 1373 4878 ad
1435 4822 1477 4878 C
1518 4825 1767 4893 prianum
1810 4823 2075 4879 adversus

503 4898 866 4948 Slcnltantlm.
894 4895 986 4948 ani
1030 4905 1159 4948 tunc
1188 4904 1424 4948 nrteerat
1473 4838 1730 4948 Ecclesia!
1766 4891 2029 4946 Romana:
2054 4931 2070 4948 .

503 4898 866 4965 Stephanum,
894 4895 986 4963 qui
1022 4905 1159 4965 tunc
1188 4904 1424 4965 praeerat
1473 4891 1730 4965 Ecclesia}
1766 4891 2029 4965 Romana:
2054 4931 2070 4955 ,

500 4970 704 5021 diserte
732 4962 966 5018 afﬁrmat
1016 4962 1351 5020 Iconie'nscm
1403 4966 1665 5035 synodum
1710 4962 1823 5035 jam
1861 4964 2071 5035 pridem

499 5038 786 5089 collectam
846 5034 1059 5087 fuisse:
1125 5046 1181 5089 et
1229 5033 1519 5103 Dionysius
1577 5033 2068 5103 Alexamlrinnsln

498 5107 726 5176 epistola
752 5105 820 5158 ad
866 5103 1258 5176 Philemonem,
1285 5102 1591 5176 Romanae
1613 5105 1763 5157 urbis
1790 5102 2073 5176 presbyte-

499 5171 643 5241 rum,
665 5190 827 5244 quam
855 5174 1079 5242 scripsit
1101 5176 1201 5229 sub
1223 5175 1377 5228 initia
1410 5174 1758 5243 pontificatus
1790 5171 2072 5244 Xysti'pa-

497 5265 600 5318 pre.
635 5240 866 5318 testatur
908 5240 1175 5318 synodum
1226 5245 1373 5318 illam
1410 5240 1762 5318 icelebratam
1816 5240 1938 5318 esse
1966 5240 2071 5311 πρὸ

498 5310 695 5374 πολλοῦ
739 5315 878 5369 κατὰ
920 5310 1046 5377 τοὺς
1088 5313 1400 5387 πῴμήμῶν-
1428 5314 1792 5387 ἐπισκόπουςτ-
1816 5310 1929 5367 Sub
1977 5310 2072 5366 ex-

487 5392 669 5444 'trema
705 5390 869 5459 igitur
893 5384 1143 5459 tempora
1161 5384 1453 5459 Alexandri
1478 5385 1667 5439 Severi
1693 5384 1930 5459 collecta
1949 5396 2070 5459 esse

494 5451 862 5513 videtur'hazc
892 5451 1154 5527 synodus.
1181 5454 1305 5527 Quo
1323 5455 1542 5522 quidem
1572 5466 1835 5527 tempore,
1871 5451 2070 5506 Firmi-

498 5531 675 5583 lianus
706 5529 771 5582 ad
807 5525 1159 5582 Cmsariensis
1186 5525 1447 5578 Ecclesiae
1481 5526 1846 5579 sacerdotium
1879 5535 2069 5575 recens

497 5609 774 5666 promotus
812 5598 1009 5661 fuerat,
1040 5606 1098 5649 ut
1124 5597 1284 5666 docet
1305 5594 1645 5666 Eusebiusin
1671 5595 1762 5647 lib.
1788 5608 1862 5649 Vl.
1889 5594 2067 5666 Quare

498 5664 602 5721 non
640 5685 856 5736 possunt
889 5668 1143 5722 assentiri
1204 5664 1441 5741 Duronio
1472 5681 1535 5718 ac
1578 5664 1767 5741 ΒὶιιίφρΔ
1814 5666 1909 5741 (Illi
1948 5664 2071 5741 199‘

498 5732 740 5791 nienéern
759 5742 1020 5806 synodum
1039 5738 1388 5791 contulerunt
1413 5738 1464 5787 in
1489 5751 1686 5787 annum
1709 5734 1912 5789 Christi
1936 5732 2061 5799 253,

490 5813 586 5877 qui
620 5825 790 5864 annua
822 5820 900 5863 est
934 5810 1204 5865 secundus
1258 5808 1517 5877 Stephani
1543 5820 1711 5877 paper.

2195 3212 2382 3282 ἐκεῖσε
2412 3209 3008 3282 παρειληφόταευόθι
3046 3210 3249 3281 Regius
3301 3213 3564 3282 scriptum
3599 3209 3782 3271 habet

2193 3282 2300 3334 τῶν
2329 3280 2681 3351 αύτόΘιπαρ.
2740 3350 2745 3351 γ
2842 3350 2853 3351 7
3138 3280 3147 3281 ί
3244 3324 3251 3335 .

2265 3351 2376 3421 (98)
2408 3350 2783 3416 Novariam}.
2839 3350 2917 3405 Ita
2964 3351 3163 3421 legitur
3198 3352 3367 3406 etiam
3410 3352 3463 3406 in
3514 3352 3778 3410 Chronico

2199 3419 2423 3492 Georgii
2452 3421 2685 3492 Syncelli
2739 3431 2793 3475 et
2842 3421 2981 3490 apud
3018 3419 3379 3492 Nicephorum
3408 3426 3462 3475 in
3509 3423 3647 3478 libro
3679 3441 3728 3479 νι
3760 3467 3777 3491 ,

2199 3440 2348 3477 ueor
2391 3440 2423 3475 ιι
2452 3440 2685 3492 ayncetn
2739 3440 2793 3475 et
2842 3440 2981 3490 apud
3018 3440 3379 3488 mcepnornm
3409 3440 3462 3475 ιιι
3509 3440 3647 3478 ttDro
3679 3441 3728 3479 νι
3760 3467 3770 3491 ,

2190 3506 2314 3560 cap.
2342 3440 2419 3558 3;
2451 3493 2544 3546 sed
2567 3492 2618 3543 in
2649 3492 3021 3545 vetustissimo
3064 3492 3251 3547 codice
3290 3491 3592 3558 Mazarino,
3625 3492 3770 3553 Med.

2190 3576 2256 3616 ac
2276 3561 2425 3633 Fuk._
2447 3560 2709 3616 scribitur
2758 3560 3130 3633 Νοουατιανῷ,
3184 3563 3409 3633 rectius
3437 3563 3554 3616 sine
3584 3566 3774 3619 dubio.

2187 3632 2269 3686 Ac
2303 3631 2548 3702 profecto
2583 3634 2783 3687 mirum
2817 3643 2922 3696 est,
2976 3634 3028 3687 in
3080 3631 3186 3688 hoc
3236 3649 3343 3686 uno
3374 3631 3594 3688 Eusebii
3655 3634 3775 3690 loco

2188 3716 2373 3758 verum
2410 3702 2556 3758 illius
2584 3703 2824 3757 haeretici
2863 3717 3059 3758 nomen
3093 3717 3214 3758 esse
3251 3714 3551 3757 servatum.
3581 3703 3765 3771 Quare

2188 3774 2430 3841 graviter
2454 3773 2663 3827 fallitur
2690 3772 3662 3844 ChristOpltorsonus,_gui,volgatum
3692 3790 3775 3829 er-

2189 3839 2379 3912 rorem
2427 3852 2668 3904 secutus.
2692 3839 2959 3897 Novatum
2989 3843 3075 3897 hic
3111 3858 3208 3912 pro
3239 3839 3543 3897 Naratim'io
3567 3844 3772 3899 substi-

2187 3912 2312 3967 tuit.
2351 3911 2621 3967 Caeterum
2647 3928 2769 3965 cum
2808 3913 2912 3967 hoc
2942 3911 3123 3982 elogio
3153 3911 3437 3965 Novatiani
3467 3915 3655 3968 confer
3688 3915 3770 3967 al-

2189 3989 2361 4054 terinn
2391 3982 2536 4051 quod
2566 3982 2761 4052 legitur
2784 3983 2838 4035 in
2874 3983 3105 4054 epistola
3136 3982 3205 4035 57
3234 3982 3490 4054 Cypriani
3522 4000 3537 4037 :
3569 3982 3767 4037 Deser-

2185 4060 2270 4104 tor
2292 4051 2568 4119 Ecclcsia',
2606 4051 2987 4105 misericordia:
3036 4051 3572 4121 Itostis,,interfeclor
3604 4057 3770 4121 pomi-

2184 4122 2383 4243 lentia',
2417 4124 2602 4177 doctor
2632 4123 2915 4190 superbiat,
2945 4123 3177 4176 veritatis
3210 4135 3513 4192 corruptor,
3532 4124 3770 4192 perditor

2185 4194 2484 4243 ctarttatis.

2185 4194 2484 4245 charitutis.

2255 4261 2368 4332 (99)
2405 4261 2472 4316 Τὸ
2501 4261 2762 4331 λουτρὸν
2802 4262 3112 4317 ἀθετοῦντι
3139 4260 3206 4315 τὸ
3258 4262 3449 4332 ἅγιον.
3484 4259 3544 4316 In
3604 4261 3768 4331 huius

2182 4333 2336 4385 verbi
2375 4334 2826 4399 interpretatione
2866 4334 3065 4403 mirum
3110 4344 3194 4389 est
3251 4344 3588 4403 quantopere
3648 4336 3767 4391 dis-

2183 4402 2422 4456 sentiant
2457 4402 2836 4473 interpretes.
2877 4401 3010 4473 Νειιιι
3045 4401 3514 4473 Lausus—quidem
3549 4406 3757 4471 vertit,

2183 4487 2392 4525 sacrum
2414 4471 2585 4525 abolet
2616 4473 2910 4527 lavacrum.
2940 4471 3217 4528 Masculus
3265 4487 3395 4528 vero
3430 4472 3762 4541 interpreta-

2185 4552 2295 4605 tur,
2327 4558 2539 4596 sacrum
2559 4541 2827 4596 lavacrum
2856 4544 3175 4610 reprobavit.
3220 4544 3286 4596 At
3315 4543 3764 4611 Christopltorso-

2178 4627 2282 4685 nus
2305 4613 2384 4685 ita
2415 4613 2606 4685 vertit,
2637 4627 2851 4666 sacrum
2880 4613 3217 4685 baptismatis
3246 4614 3513 4685 lavacrum
3536 4615 3761 4685 abroga-

2176 4683 2271 4735 vit.
2302 4682 2547 4750 Denique
2591 4686 2864 4750 interpres
2902 4683 3153 4754 Georgii,
3187 4683 3421 4754 Syncelli
3459 4685 3642 4747 vertit,
3668 4682 3759 4738 ia-

2177 4769 2326 4806 crum
2352 4755 2567 4819 insuper
2599 4754 2869 4805 lavacrum
2895 4752 3091 4823 irritat.
3118 4753 3183 4806 Et
3207 4752 3323 4808 limo
3346 4754 3563 4823 quidem
3594 4755 3759 4823 inter-

2176 4835 2388 4890 pretum
2423 4823 2689 4876 dissensio
2711 4837 2774 4875 ex
2805 4837 2871 4876 eo
2903 4820 3078 4887 ﬂuxit,
3111 4825 3253 4891 quod
3288 4820 3512 4878 verbum
3544 4822 3758 4879 ἀθετεῖν

2178 4892 2538 4961 multiplicem
2571 4892 2732 4945 habet
2763 4893 3241 4961 signiﬁcationem.
3289 4893 3562 4947 Interdum
3607 4895 3754 4948 enim

2175 4964 2453 5031 significat
2476 4963 2753 5028 reprobare
2782 4976 2846 5015 ac
2874 4977 3140 5028 respuere,
3166 4973 3227 5017 nt
3249 4977 3373 5017 cum
3406 4965 3535 5017 dicit
3559 4963 3756 5031 Orige-

2175 5048 2271 5086 nes
2302 5034 2369 5086 de
2412 5030 2789 5105 Helcesaitis._
2807 5031 2989 5105 ἀθετεῖ
3014 5049 3135 5085 τινα
3162 5033 3270 5087 ἀπὸ
3302 5030 3753 5105 πάσηςγραφῆς,

2174 5118 2297 5172 qua:
2326 5106 2493 5156 verba
2528 5100 2719 5155 retulit
2763 5101 3029 5158 Eusebius
3066 5106 3117 5157 in
3151 5105 3241 5156 lib.
3276 5120 3349 5166 vu,
3384 5100 3504 5171 cap.
3539 5100 3644 5157 38.7
3669 5100 3755 5157 ln-

2178 5177 2389 5244 terdutn
2423 5172 2560 5244 idem
2596 5172 2742 5244 valet
2775 5187 2848 5244 ac
2876 5174 3068 5241 probro
3117 5174 3350 5241 afﬁcere.
3404 5173 3703 5244 Ilesycltius
3731 5191 3747 5228 :

2186 5242 2412 5307 Ἀθετεῖ,
2446 5241 2723 5311 ἀτιμάζει.
2760 5241 2939 5310 Atque
2967 5243 3039 5297 ita
3070 5246 3301 5296 sumitur
3334 5246 3472 5312 apud
3502 5241 3752 5298 (iletnen-

2174 5323 2286 5387 tem
2317 5315 2747 5387 Alexandrinum
2806 5316 2857 5365 in
2891 5313 2981 5387 lib.
3019 5314 3751 5387 ιγνδιμνριιιηιειςἸξοιγαροῦν

2171 5385 2200 5434 ὁ
2226 5383 2453 5446 ἀθετῶν,
2481 5383 2580 5434 οὐκ
2596 5380 2879 5454 ἄνθρωπον
2896 5380 3097 5446 ἀθετεῖ,
3119 5383 3254 5436 ἀλλά
3276 5383 3366 5436 τὸν
3391 5382 3544 5445 Θεόν,
3559 5380 3749 5450 idest,

2174 5470 2276 5508 non
2299 5455 2586 5516 hominem,
2619 5458 2710 5523 sed
2752 5458 2917 5505 Deum
2943 5459 3136 5522 spernit
3169 5470 3233 5506 ac
3261 5470 3357 5523 pro
3390 5455 3552 5507 nihilo
3576 5457 3745 5508 ducit.

2175 5524 2316 5577 Sunt
2344 5533 2397 5575 et
2426 5523 2544 5576 alia:
2580 5522 2736 5588 Imjns
2769 5524 2916 5575 Verbi
2956 5522 3378 5592 significationes
3409 5542 3440 5577 a
3474 5541 3748 5592 gramma-

2175 5596 2295 5648 ticis
2325 5594 2645 5647 obsertat'x.
2705 5592 2809 5645 Sed
2846 5609 2985 5646 nunc
3034 5595 3321 5645 vidrndnnt
3363 5606 3444 5648 est
3495 5611 3746 5663 quaenam

2174 5667 2301 5717 huic
2334 5665 2451 5714 loco
2492 5665 2662 5728 magis
2696 5668 3002 5716 conveniat.
3052 5663 3341 5716 Eninnero
3390 5668 3513 5732 quis
3549 5665 3748 5718 tnelzns

2171 5738 2330 5787 verba
2359 5737 2593 5800 lltnnystt
2639 5735 2982 5798 interpretari
3023 5747 3194 5799 posstt
3254 5751 3415 5801 qttatn
3460 5735 3574 5800 ipse
3624 5734 3749 5785 Dte-

2168 5806 2391 5877 nysms'.’
2417 5805 2512 5857 “it:
2552 5805 2712 5872 igitur
2747 5819 2798 5857 ιιι
2828 5804 2966 5857 ιιὶιιυ
2998 5806 3236 5859 secundo
3272 5806 3341 5858 De
3379 5802 3718 5874 promissioni
