4222 6430
443 415 549 472 655
1424 415 1774 473 HISTORle
1815 414 2370 472 ECCLESIASTICIE
2412 416 2541 471 LIB.
2585 417 2700 472 VII.
3582 424 3684 479 654

442 526 621 580 πίστιν
646 525 741 580 καὶ
769 525 1056 597 ὁμολογίαν
1078 525 1433 600 ἀνατρέποντι
1462 530 1538 597 (1)
1558 568 1574 583 .
1606 529 1667 580 τό
1695 545 1753 580 τε
1783 528 2007 599 Πνεῦμα

2120 529 2444 597 baptismum
2478 531 2790 597 praecedunt
2820 505 3053 597 evertit;
3080 531 3409 604 ctSpiritum
3432 550 3685 597 sanctum

441 618 502 672 τὸ
533 619 686 686 ἅγιον
731 620 806 688 (2)
850 621 908 685 ἐξ
937 620 1115 674 αὐτῶν
1134 660 1148 683 ,
1183 621 1233 672 εξ
1264 621 1357 674 καί
1387 638 1472 684 τις
1505 614 1575 691 ἦν
1598 622 1754 685 ἐλπὶς
1787 621 1878 674 τοῦ
1910 639 2018 674 πα-

2121 622 2340 689 penitns
2369 623 2438 676 ab
2475 621 2582 676 illis
2628 622 2802 693 fugat,
2847 626 3064 679 tametsi
3117 642 3242 696 spes
3285 629 3469 699 aliqua
3512 634 3686 687 subsit

445 710 695 779 ραμεῖναι
735 708 768 778 ἢ
812 710 908 763 καὶ
948 710 1261 765 ἐπανελθεῖν
1301 711 1440 781 πρὸς
1477 710 1694 775 αὐτοὺς,
1738 710 2016 774 παντελῶς

2118 712 2203 765 vel
2237 716 2380 780 quod
2437 714 2489 766 in
2522 714 2628 769 illis
2658 715 2836 771 adhuc
2879 727 3118 780 maneat,
3175 719 3258 774 vel
3299 723 3445 790 quod
3480 725 3546 779 ad
3591 739 3690 782 eos

442 798 817 871 φυγαδεύοντι.
842 819 861 853 ι

2118 817 2439 858 reversurus
2480 804 2573 858 sit.

965 893 1364 948 ΚΕΦΑΛᾹῙΟΝ
1396 891 1475 947 Θ’.

2728 897 2956 954 CAPUT
2987 900 3076 955 IX.

526 983 667 1054 Περὶ
700 984 810 1039 τοῦ
838 985 956 1039 τῶν
981 983 1287 1053 αιρπικῶν
1312 983 1492 1039 ἀθέου
1520 982 1940 1053 βαπτίσματος

932 1055 1072 1122 (Nic.
1100 1054 1174 1108 H.
1205 1053 1273 1107 E.
1314 1069 1388 1118 v1,
1417 1053 1495 1122 9).

2417 982 2496 1039 De
2530 984 2693 1054 impio
2720 987 3083 1043 ltwreticorum
3112 990 3390 1060 baptismo.

511 1148 622 1202 Kal.
652 1149 684 1219 ἡ
720 1146 942 1217 πέμπτη
974 1146 1031 1199 δὲ
1063 1144 1210 1216 αὐτῷ
1250 1145 1385 1217 πρὸς
1432 1147 1521 1199 τὸν
1564 1145 1845 1217 Ῥωμαίων
1889 1142 2013 1198 ἑπι-

2189 1132 2381 1193 Exstat
2430 1147 2485 1193 et
2528 1139 2720 1209 quinta
2775 1138 3017 1208 ejusdem
3064 1138 3290 1212 epistola
3340 1145 3408 1200 ad
3451 1140 3685 1217 Xyslum

444 1255 644 1292 σκοπον
686 1232 887 1291 Ξύστον
929 1234 1258 1306 ἐγέγραπτο.
1300 1238 1388 1290 Ἐν
1512 1236 1681 1290 πολλὰ
1729 1235 1867 1291 κατὰ
1909 1227 2016 1288 τῶν

2118 1225 2377 1280 Romana:
2407 1227 2559 1281 urbis
2583 1228 2893 1298 episcopum
2923 1230 3149 1298 scripta.
3184 1229 3238 1286 In
3267 1248 3372 1302 qua
3396 1247 3686 1305 postquam

442 1325 730 1396 αἱρετικῶν
753 1323 940 1389 εἰπὼν,
971 1321 1207 1377 τοιοῦτον
1231 1342 1282 1377 τι
1307 1326 1526 1394 γεγονὸς
1548 1327 1667 1381 κατ’
1689 1326 1848 1380 αὑτὸν
1872 1318 2017 1379 ἐκτί-

2119 1316 2377 1370 adversus
2400 1312 2687 1371 haereticos
2713 1316 2879 1369 multa
2900 1316 3185 1381 disseruit,
3205 1320 3513 1389 hujusmodi
3537 1326 3689 1394 quid-

443 1417 612 1479 θεται,
638 1414 828 1486 λέγων·
863 1436 881 1467 t
905 1415 1015 1469 Καὶ
1045 1418 1153 1486 γὰρ
1178 1416 1368 1481 ὅντως,
1405 1418 1617 1487 ὰδελφὲ,
1652 1419 1743 1473 καὶ
1776 1418 2014 1489 συμϐου-

2119 1409 2242 1460 dam
2262 1422 2357 1461 sua
2381 1404 2860 1476 mtate'contigisse
2880 1419 3088 1464 narrat.
3114 1429 3132 1461 t
3163 1410 3295 1466 Nam
3320 1414 3589 1482 profecto,
3606 1416 3690 1469 in—

441 1508 541 1579 λῆς
585 1509 771 1579 δέομαι
803 1508 914 1581 (5),
961 1508 1056 1562 καὶ
1099 1507 1322 1579 γνώμην
1367 1508 1503 1562 αἰτῶ
1542 1510 1694 1581 παρὰ
1726 1510 1854 1574 σοῦ,
1900 1528 2014 1564 τοι-

2115 1498 2259 1567 qttit,
2284 1512 2419 1566 opus
2456 1497 2648 1563 habeo,
2667 1497 2857 1565 frater,
2890 1500 3119 1555 consilio
3137 1511 3248 1567 tuo,
3275 1514 3329 1557 et
3349 1507 3681 1560 sententiam
3702 1574 3715 1590 .

440 1600 596 1653 ούτου
627 1594 772 1663 τινός
809 1618 896 1670 μοι
928 1598 1315 1671 προσελθόντος
1350 1601 1691 1672 πράγματος,
1720 1598 1906 1666 δεδιὼς
1941 1601 2015 1674 μὴ

2120 1602 2264 1644 tuam
2296 1599 2513 1659 expeto,
2571 1606 2638 1644 ne
2666 1588 2807 1645 forte
2842 1592 2961 1660 ipse
3004 1592 3327 1660 halluciner,
3365 1592 3458 1648 tali
3494 1597 3559 1650 ad
3602 1614 3691 1651 me

441 1692 548 1763 ἄρα
588 1692 927 1762 σφάλλωμαι.
961 1692 1081 1745 Τῶν
1109 1690 1217 1762 γὰρ
1252 1693 1631 1762 συναγομένων
1660 1688 1903 1763 ἀδελφῶν
1938 1693 2013 1764 (4)

2118 1682 2334 1753 negotio
2353 1680 2553 1735 delato.
2571 1682 2800 1749 Quidam
2825 1697 2889 1737 ex
2911 1679 3171 1740 I‘ratribns
3194 1685 3282 1754 qui
3303 1685 3369 1740 ad
3404 1681 3688 1742 ecclesiam

441 1783 631 1847 πιστὸς
663 1782 1016 1854 νομιζόμενος
1044 1784 1267 1855 ἀρχαῖος
1293 1783 1388 1836 καὶ
1420 1784 1522 1854 πρὸ
1544 1785 1641 1854 τῆς
1668 1785 1807 1855 ἐμῆς
1840 1801 2016 1856 χειρο-

2117 1774 2472 1837 conveniunt,
2519 1769 2843 1842 jampridem
2885 1787 2987 1843 pro
3031 1772 3179 1830 ﬁdeli
3222 1772 3465 1841 habitus,
3504 1787 3560 1833 et
3596 1776 3688 1847 qui

439 1876 641 1938 τονίας,
675 1871 826 1945 οἶμαι
859 1874 915 1928 δὲ
947 1876 1043 1928 καὶ
1077 1875 1183 1946 πρὸ
1212 1877 1311 1947 τῆς
1341 1875 1435 1928 τοῦ
1469 1877 1737 1948 μακαρίου
1773 1877 2018 1949 Ἡρακλᾶ

2119 1873 2245 1919 ante
2295 1879 2470 1918 meam
2510 1858 2934 1928 ordinationem,
2975 1866 3135 1930 ac,ni
3170 1865 3486 1931 fallor,ante
3521 1864 3692 1937 ipsius

440 1954 823 2027 καταστᾶσεως
854 1963 950 2034 τῆς
997 1966 1313 2034 συναγωγῆς
1360 1958 1675 2035 μετασχὼν,
1720 1968 1832 2029 τοῖς
1879 1966 2014 2019 ὑπό-

439 2064 592 2120 γυιον
629 2046 1041 2125 βαπτιζομένοις
1091 2055 1452 2127 παρατυχὼν,
1508 2057 1602 2110 καὶ
1647 2057 1754 2111 τῶν
1805 2058 2013 2128 ὲπερω·

437 2138 647 2216 τήσεων
698 2147 791 2199 καὶ
835 2146 1175 2217 ἀποκρίσεων
1219 2140 1547 2212 ἐπακούσας,
1597 2147 1869 2220 προσῆλθε
1921 2167 2011 2219 μοι

439 2226 640 2291 κλαίων
685 2238 779 2291 καὶ
826 2237 1182 2309 καταθρηνῶν
1233 2232 1453 2302 ἑαυτὸν,
1504 2240 1598 2291 καὶ
1643 2239 1860 2292 πίπτων
1906 2240 2011 2311 πρὸ

437 2325 547 2380 τῶν
577 2325 750 2379 ποδῶν
798 2343 896 2397 μου
916 2365 931 2388 ,
968 2321 1453 2397 ἐξομολογούμενος
1501 2322 1600 2398 μὲν
1648 2330 1742 2385 καὶ
1784 2327 2010 2401 ἐξομνύ-

439 2429 603 2487 μενος
632 2417 694 2471 τὸ
727 2417 1008 2488 βάπτισμα
1039 2418 1068 2472 ὃ
1099 2418 1249 2491 παρὰ
1267 2415 1379 2483 τοῖς
1393 2422 1687 2492 αἰρετικοῖς
1718 2420 2008 2476 ὲϐεϐάπτι-

440 2624 556 2689 lms,
580 2623 812 2695 verbum
845 2623 1056 2676 ἀθετεῖν
1078 2631 1306 2689 usurpat
1341 2639 1439 2691 pro
1473 2628 1747 2694 reprobare
1790 2640 1853 2680 ac
1883 2627 2013 2695 reji-

440 2710 588 2757 cere,
614 2693 711 2761 _de
759 2691 986 2746 Joannis
1034 2695 1354 2761 Apocalypsi
1414 2695 1484 2748 ita
1523 2691 1810 2751 scribens:
1853 2691 2013 2759 Τινὲς

441 2762 543 2834 μὲν
581 2757 685 2834 οὖν
720 2762 840 2834 τῶν-
869 2762 975 2834 πρὸ
987 2757 1162 2834 -ὴμῶν
1189 2757 1461 2834 ἠθέτησαν
1498 2766 1594 2819 καὶ
1644 2757 2014 2820 ἀνεσκεύασαν

438 2830 619 2920 sive
643 2830 956 2920 τδςβιβλέφὴ
985 2830 1060 2920 ἓῖ
1085 2830 1385 2920 autem
1412 2852 1425 2888 =
1473 2835 1613 2920 Ἐγὲιι
1636 2836 1707 2919 ﬁs
1741 2836 2002 2920 ἀεέετεῆεξαξ

441 2904 541 2973 μὲν
567 2900 668 2975 οὐκ
698 2900 764 2975 av
784 2901 1123 2975 _‘rolpijo'atttt
1148 2903 1210 2975 τὸ
1238 2903 1461 2975 βιβλίον,
1493 2900 1701 2960 πολλῶν
1753 2900 2003 2960 αὐτὸ’διὰ

441 2920 541 2973 μεν
567 2920 668 2956 ουκ
698 2920 764 2955 αν
792 2920 1123 3025 τολμησαιμι
1150 2920 1210 2956 το
1238 2920 1461 2975 ριολιον,
1493 2920 1701 2960 πολλῶν
1753 2920 1882 2960 aueo
1916 2920 1999 2960 σια

439 2973 675 3043 σπουδῆς
704 2972 933 3043 ἐχόντων
967 2973 1059 3026 ἅδε
1096 2972 1230 3042 φῶν.
1283 2974 1532 3028 Citanlttr
1566 2976 1678 3031 lucc.
1714 2977 1830 3030 loca
1873 2977 1999 3030 Dio-

439 3042 580 3114 nysii
614 3042 1057 3115 iiifra’jnhcapite
1085 3043 1157 3097 ‘25
1186 3043 1344 3110 hujus
1367 3046 1509 3098 libri.
1537 3044 1870 3101 Novatianus
1903 3047 2002 3115 igi-

439 3111 533 3164 tiir
558 3113 649 3179 qui
677 3111 1075 3167 Catholicorum
1104 3115 1431 3181 baptismum
1465 3116 1762 3168 damnabat
1812 3131 1878 3170 ac
1914 3111 2001 3169 re-

436 3183 719 3255 probabat,
754 3194 902 3255 recte
937 3181 1148 3255 ἀθετεῖν
1177 3183 1238 3235 τὸ
1265 3183 1418 3252 ἅγιον
1452 3183 1736 3255 βάπτισμα
1775 3187 1995 3240 dicitur.

2120 1970 2336 2025 quoque
2364 1952 2605 2010 Heraclea
2626 1956 3024 2024 episcopatum,
3055 1965 3230 2012 cretus
3256 1956 3497 2012 ﬁdelium
3526 1961 3692 2029 parti-

2118 2061 2248 2116 ceps
2288 2044 2466 2101 fuerat
2500 2065 2514 2099 :
2549 2058 2672 2101 cum
2703 2043 3044 2101 interfuisset
3073 2047 3345 2116 baptismo
3382 2062 3570 2103 corum
3596 2050 3688 2119 qui

2119 2150 2292 2206 nuper
2304 2134 3283 2207 baptizabantur,etinterrogationcs
3319 2149 3691 2210 responsaque

2120 2229 2333 2283 illorum
2358 2228 2654 2284 audiisset:
2676 2228 2743 2282 ad
2769 2242 2853 2282 me
2870 2228 3104 2283 accessit
3124 2224 3256 2284 ﬁens
3275 2226 3514 2286 etvicetn
3533 2248 3687 2287 suam

2116 2319 2278 2393 255
2305 2321 2690 2392 ingemiscens.
2720 2316 3062 2389 Pedibusque
3087 2318 3222 2377 meis
3246 2318 3532 2379 advolutus
3556 2337 3688 2378 con-

2117 2415 2254 2470 ﬁteri
2286 2423 2451 2485 atque
2496 2413 2744 2484 dcjerare
2784 2414 2968 2485 cmpit,
3004 2416 3332 2483 baptismum
3383 2427 3490 2485 quo
3546 2416 3685 2485 apud

2120 2623 2319 2677 Verum
2355 2623 2627 2694 interpres
2658 2621 2875 2691 Georgii
2912 2620 3145 2694 Syncelli
3202 2622 3343 2694 hunc
3373 2620 3551 2678 locum
3610 2624 3685 2680 ita

2120 2694 2284 2747 vertit
2307 2711 2320 2746 :
2342 2693 2529 2747 Fidem
2559 2710 2622 2746 ac
2643 2692 3017 2763 professionem
3051 2693 3249 2761 aliquot
3273 2692 3388 2762 jam
3417 2703 3557 2746 retro
3585 2710 3689 2748 ste-

2123 2763 2258 2836 culis
2285 2765 2614 2836 superiorem
2646 2764 2849 2836 evertit,
2887 2765 3040 2833 quasi
3085 2764 3350 2832 scriptum
3381 2770 3528 2819 esset
3575 2764 3687 2836 πρὸ

2119 2832 2313 2887 ἑαυτοῦ
2337 2873 2353 2897 ,
2381 2834 2524 2903 quod
2565 2848 2670 2887 non
2701 2833 2890 2900 probo.

2186 2904 2262 2972 (2)
2294 2905 2364 2958 Τό
2389 2902 2453 2956 τε
2481 2903 2723 2973 Πνεῦμα
2748 2903 2814 2957 τὸ
2846 2902 3034 2973 ἄτιον.
3064 2903 3164 2958 Hic
3195 2903 3345 2959 locus
3379 2918 3483 2959 nou
3538 2914 3686 2961 caret

2108 2973 2446 3028 difﬁcultate.
2479 2972 2661 3027 Primo
2688 2974 2832 3027 enim
2868 2972 3157 3029 obscurum
3195 2974 3437 3041 estquid
3464 2973 3568 3029 sibi
3593 2990 3684 3028 ve-

2111 3044 2171 3097 lit
2209 3044 2517 3113 I)ionysius,
2545 3057 2670 3096 cum
2703 3043 2781 3096 ait
2806 3041 3162 3097 Novatiau-um
3199 3044 3414 3110 fugasse
3435 3059 3463 3097 a
3491 3042 3683 3098 fratri-

2107 3114 2210 3167 bus
2243 3113 2510 3182 Spiritum
2543 3120 2812 3178 sanctum,
2846 3113 2949 3169 nisi
2983 3114 3126 3167 forte
3154 3129 3249 3182 per
3266 3113 3525 3179 Spiritum
3551 3128 3682 3167 sau-

2106 3193 2251 3236 ctum
2292 3181 2542 3250 intelligit
2575 3181 2804 3246 gratiam
2857 3198 2977 3252 quae
3029 3181 3260 3237 dabatur
3292 3183 3684 3252 penitentibus

437 3252 647 3323 Quippe
675 3251 1003 3323 Novatianus
1028 3253 1210 3306 ﬁdeles
1234 3251 1323 3321 qui
1354 3257 1405 3307 itt
1448 3251 1688 3308 Ecclesia
1724 3257 1995 3310 catholica
2027 3267 2069 3323 ο
2106 3267 2202 3320 per
2226 3266 2418 3305 manus
2451 3251 2886 3323 impositionem,
2910 3262 3039 3323 tunc
3064 3267 3186 3306 cum
3224 3251 3443 3323 peracta
3504 3253 3683 3323 pretii-

440 3320 691 3390 baptismi
737 3332 1084 3374 sacramenta
1128 3320 1504 3390 susceperant,
1550 3326 1781 3388 negabat
1808 3340 1993 3379 revera

438 3391 742 3458 baptizatos
772 3404 911 3453 esse,
942 3399 1126 3459 utpote
1155 3392 1242 3459 qui
1273 3407 1302 3444 a
1340 3392 1497 3447 malis
1535 3395 1910 3449 sacerdOtibus
1941 3402 1996 3448 et

435 3460 1141 3529 lapsorum‘communione
1184 3462 1476 3516 ‘maculatis
1530 3463 1685 3517 tincti
1743 3464 1993 3519 inissent.

436 3527 1156 3601 Ai‘ebatenimNovatianus
1213 3532 1540 3601 baptismum
1586 3533 1842 3601 prodesse
1889 3548 1994 3587 non

436 3612 619 3665 posse,
658 3598 761 3651 nisi
796 3614 824 3653 a
850 3598 1034 3667 probis
1066 3598 1376 3667 sanctisque
1415 3598 1788 3657 sacerdotibus
1817 3604 1997 3657 trade-

436 3668 827 3742 retur.‘ltaque
849 3683 955 3722 non
981 3682 1170 3742 omnes
1194 3670 1285 3738 qui
1311 3671 1632 3742 baptismum
1652 3682 1993 3742 acceperant,

436 3739 774 3812 gbristianos
802 3752 922 3812 esse
946 3740 1225 3812 censebat,
1270 3741 1362 3812 sed
1393 3739 1910 3812 eosduutaxat’qui
1964 3758 1994 3796 a

435 3807 778 3871 Christianis,
808 3810 859 3861 id
890 3817 975 3862 est
1008 3809 1161 3863 bona:
1204 3819 1258 3863 et
1303 3810 1626 3866 Christiana:
1650 3812 1773 3865 vitae
1809 3807 1996 3867 sacer-

434 3877 674 3941 dotibus,
700 3888 880 3948 essent
910 3879 1213 3948 consignati
1245 3898 1259 3934 :
1315 3890 1375 3933 ut
1418 3881 1574 3934 docet
1627 3893 1782 3937 vetus
1807 3893 1997 3936 auctor

436 3947 799 4020 Quaestionum
840 3945 1037 4020 Veteris
1066 3945 1130 4020 et!
1155 3948 1294 4020 Novi
1341 3948 1676 4020 Testameati,
1712 3967 1830 4020 cap.
1868 3950 1991 4005 102.

433 4015 503 4068 In
538 4028 739 4070 tantum
757 4017 1007 4072 irascitur
1039 4018 1211 4083 nobis,
1237 4029 1294 4072 ut
1325 4032 1373 4073 et
1421 4015 1750 4074 Christianos
1778 4015 1871 4075 hos
1905 4038 1996 4076 ne-

432 4097 538 4154 get,
570 4102 687 4139 cum
728 4087 865 4159 sciat
902 4104 997 4141 nos
1018 4103 1083 4140 ea
1100 4088 1205 4155 ﬁde
1226 4089 1480 4153 initiatos,
1503 4086 1566 4142 de
1587 4106 1691 4159 qua
1716 4092 1825 4158 ipse
1852 4105 1993 4158 prata-

432 4159 612 4220 sumit,
649 4166 753 4211 etc.
783 4156 928 4211 Idem
961 4166 1145 4224 postea
1181 4169 1468 4214 senserunt
1517 4160 1569 4211 in
1597 4156 1782 4215 Africa
1821 4156 1995 4214 Dona-

436 4226 599 4288 tistm,
618 4227 709 4295 qui
747 4240 983 4296 paganos
1005 4229 1270 4282 vocabant
1291 4243 1387 4282 eos
1410 4229 1501 4296 qui
1547 4229 1600 4282 in
1631 4229 1873 4284 Ecclesia
1903 4245 1996 4282 ca-

435 4296 634 4366 t_ltolica
710 4298 1031 4366 baptismum
1097 4300 1482 4366 suscepissent.
1550 4299 1733 4364 Quare
1799 4301 1996 4355 merito

433 4363 766 4435 Epiphanius
782 4363 878 4421 eos
902 4364 1215 4425 Novatiauis
1245 4363 1517 4423 accenset.
1552 4363 1873 4425 Ambrosius
1896 4384 1993 4422 seu

433 4437 556 4508 quis
582 4438 721 4488 alius
741 4435 796 4488 in
828 4436 1116 4508 epistolam
1144 4438 1257 4508 liad
1286 4437 1625 4501 Corinthios,
1648 4454 1771 4508 cap.
1804 4454 1822 4491 t
1850 4454 1863 4493 ε
1898 4438 1990 4493 Sic

432 4507 574 4579 enim
594 4513 764 4569 erant,
790 4506 1086 4579 sicutaanc
1130 4507 1415 4561 Novatiani
1444 4515 1517 4579 ret
1561 4506 1872 4574 Donationi,
1902 4509 1994 4579 qui

435 4576 747 4648 lraptismum
771 4577 870 4628 sibi
898 4576 1199 4648 vindicant;
1221 4595 1260 4648 a7
1286 4578 1479 4632 nostris
1500 4580 1795 4644 baptizatos
1823 4576 1996 4648 repro-

435 4645 633 4709 bantes,
671 4654 743 4716 _et
795 4646 1051 4716 baptizati
1084 4648 1165 4716 Aab
1212 4647 1292 4701 his
1320 4649 1617 4716 gloriantur
1654 4651 1709 4700 in
1763 4645 1997 4716 personis

432 4729 635 4785 eorum.
667 4713 735 4768 Et
763 4724 889 4768 ante
915 4714 1014 4769 hos
1061 4713 1363 4785 Cyprianus
1393 4718 1444 4770 in
1477 4718 1705 4784 epistola
1738 4713 1805 4770 ad
1830 4716 1997 4772 Juba-

434 4782 615 4837 ianum
664 4785 732 4839 de
781 4782 1181 4852 rebaptizandis
1208 4786 1475 4841 litereticis
1502 4782 1525 4840 τ’
1555 4785 1670 4840 Nec
1700 4804 1794 4840 nos
1829 4795 1997 4842 movet

429 4856 569 4920 quod
622 4855 812 4907 litteris
857 4855 960 4907 tuis
989 4855 1290 4922 complexus
1326 4873 1416 4919 es,
1454 4854 1874 4910 Novatiancnses
1914 4873 1996 4910 re-

431 4925 696 4991 baptizarc
719 4940 805 4977 eos
825 4938 955 4992 quos
982 4940 1013 4975 a
1040 4925 1187 4978 nobis
1213 4925 1519 4980 sollicitant.
1544 4926 1675 4981 Vide
1698 4926 1995 4981 Barouium

431 4995 498 5045 ad
535 5009 732 5045 annum
771 4992 971 5063 Christi
991 4992 1119 5059 254,
1152 5009 1269 5063 cap.
1306 4995 1430 5050 106.
1759 5056 1769 5060 ν

503 5063 579 5133 (1)
613 5062 729 5129 Τήν
748 5078 812 5135 τε
833 5062 947 5130 πρὸ
974 5064 1160 5118 αὐτοῦ
1182 5067 1390 5119 πίστιν
1403 5065 1812 5135 ἁνατρέποντι.
1844 5064 1917 5121 Ca
1926 5075 1997 5121 te-

431 5135 680 5205 cbumeni
714 5133 1036 5205 priusquam
1068 5149 1281 5205 sacrum
1326 5133 1599 5190 lavacrum
1630 5138 1993 5205 susciperent,

433 5202 905 5273 εςηιὺοιυιιιψιοα
942 5202 1070 5269 ipsis
1126 5204 1384 5259 traditum
1428 5208 1627 5273 fuerat,
1672 5202 1995 5261 memoriter

435 5271 664 5344 recitare
683 5271 1044 5344 jubebantur;
1079 5273 1505 5344 intermgatique
1537 5293 1564 5330 a
1593 5271 1897 5339 sacerdote,
1924 5276 1992 5329 ad

430 5341 639 5409 singula
666 5342 841 5411 capita
870 5341 1506 5413 respondebant:Credo.
1535 5346 1794 5402 Ultimum
1829 5355 1994 5413 caput
2022 5386 2025 5387 ν

434 5414 872 5480 interrogauonis
896 5421 1013 5465 erat
1041 5412 1145 5467 hoc
1174 5431 1188 5467 :
1227 5412 1409 5469 Credis
1457 5417 1514 5470 in
1540 5418 1703 5470 vitam
1735 5412 1992 5469 (sternam

431 5490 477 5532 et
514 5497 870 5553 remissionem
901 5492 1235 5550 peccatorum
1265 5500 1358 5553 per
1383 5497 1620 5539 sanctam
1648 5485 1943 5538 Ecclesium
1968 5485 1994 5537 ξ)

434 5561 492 5623 ut
523 5551 681 5623 docet
714 5552 1019 5623 Cyprianus
1045 5554 1097 5605 in
1131 5551 1291 5623 epist.
1339 5555 1407 5609 70
1433 5569 1488 5610 et
1512 5555 1603 5610 .76.
1630 5555 1766 5610 Cum
1822 5555 1992 5623 igitur

432 5618 1179 5693 Novatianusremissionth
1211 5635 1553 5693 peccatorum
1587 5618 1872 5688 adimeret:
1911 5624 1989 5678 si-

435 5690 540 5763 mul
564 5691 730 5763 etiam
757 5691 912 5742 Iidem
940 5706 1100 5756 quam
1135 5690 1260 5749 ante
1301 5709 1514 5749 sacrum
1545 5697 1807 5763 baptisma
1838 5700 1991 5747 cate—

432 5760 686 5835 cliutneni
720 5759 916 5835 habere
948 5765 1443 5835 sc_prol_itebantur,
1471 5759 1738 5819 abolebat.
1767 5764 1879 5834 Πρὸ
1900 5763 1992 5815 αὑ-

429 5828 523 5906 τοῦ
551 5828 709 5897 igitur
734 5830 917 5898 supple
942 5830 1216 5906 cobﬁytou
1249 5835 1494 5906 λουτροῦ.
1530 5838 1704 5902 Atque
1743 5828 1989 5886 ita'ltuuc

430 5896 607 5952 locum
633 5896 958 5967 acccpci'unt
1008 5896 1282 5962 Muscultts
1334 5896 1390 5962 ct
1435 5896 1983 5971 Citrislotiliorsonus.

2105 3319 2269 3375 tentia
2303 3323 2369 3375 ad
2399 3319 2831 3376 communionem
2905 3319 3342 3375 admittebantur.
3381 3320 3485 3376 Sed
3510 3320 3683 3388 major

2104 3390 2396 3459 difﬁcultas
2420 3399 2513 3444 est
2532 3391 2583 3459 in
2620 3390 2688 3444 iis
2720 3404 2843 3459 quae
2888 3392 3131 3457 proxime
3159 3399 3480 3459 sequuntur.
3510 3391 3559 3443 et
3585 3391 3682 3445 καί

2101 3477 2192 3542 τις
2214 3457 2463 3542 ἦνξλτεὶς
2488 3457 2581 3542 τοῦ
2622 3457 2955 3542 παραμεῖναι
2987 3460 3021 3542 ἢ
3050 3457 3365 3542 ἐπανελθεῖν
3393 3460 3529 3542 προς
3579 3462 3680 3514 αὑ-

2101 3530 2251 3595 τούςζ
2277 3531 2383 3602 _De_
2401 3530 2568 3602 lapsis
2589 3530 2732 3584 enim
2755 3531 2843 3585 hic
2873 3530 3019 3599 loqui
3050 3531 3361 3602 Dionysium
3388 3530 3522 3584 satis
3548 3545 3649 3602 con
3668 3558 3684 3572 ο

2104 3610 2235 3656 stat.
2276 3599 2334 3653 In
2371 3598 2535 3670 lapsis
2568 3614 2696 3670 vero
2719 3598 2989 3669 quomodo
3022 3598 3202 3668 potest
3241 3614 3525 3670 remanere
3554 3600 3677 3670 Spi-

2103 3670 2241 3725 ritus
2266 3668 2538 3726 sanctus?
2573 3668 2791 3724 Reverti
2823 3670 3040 3739 quidem
3072 3670 3140 3725 ad
3183 3671 3362 3738 lapsos
3391 3668 3551 3725 facile
3582 3668 3679 3739 po-

2105 3748 2232 3799 test.
2266 3742 2560 3795 dummodo
2617 3739 2740 3792 illos
2795 3740 3017 3794 admissi
3084 3739 3305 3795 sceleris
3339 3741 3676 3808 pmnituerit.

2110 3808 2309 3864 Verum
2346 3811 2399 3863 in
2434 3811 2595 3875 lapsis
2633 3824 2918 3865 remanere
2947 3810 3097 3864 nullo
3133 3811 3291 3864 modo
3323 3812 3681 3880 potesttAni-

2105 3895 2190 3932 ma
2219 3881 2359 3932 enim
2385 3891 2500 3945 quae
2521 3881 2833 3944 peccaverit,
2884 3883 2997 3948 ipsa
3026 3881 3305 3943 morietur,
3324 3877 3391 3933 ἰιι
3421 3880 3500 3934 ait
3528 3877 3679 3935 Scri-

2104 3958 2282 4020 ptura.
2340 3952 2421 4020 Au
2482 3950 2726 4020 dicemus
2779 3950 2831 4003 in
2896 3951 3221 4020 quibusdam
3278 3950 3443 4019 lapsis
3502 3951 3680 4005 adhuc

2105 4018 2358 4073 habitare
2392 4018 2655 4088 Spiritum
2683 4018 2953 4083 sanctum,
2988 4020 3054 4073 iis
3083 4020 3294 4073 scilicet
3318 4021 3406 4088 qui
3440 4034 3539 4089 per
3569 4021 3679 4089 rim-

2103 4089 2447 4156 prudentiam
2475 4103 2541 4143 ac
2590 4103 2686 4157 per
2721 4090 3090 4143 inﬁrmitatem
3133 4089 3263 4157 lapsi
3306 4088 3453 4153 sunt,
3492 4088 3681 4155 cujus-

2103 4159 2249 4228 tuadi
2288 4158 2503 4214 fuerunt
2558 4158 2634 4211 illi
2687 4161 2776 4227 qui
2837 4170 2964 4213 tunc
3045 4159 3305 4228 temporis
3349 4159 3685 4213 dicebantur

2104 4227 2422 4283 libellatici?
2451 4228 2587 4295 Quid
2618 4232 2764 4282 enim
2795 4229 2838 4283 si
2869 4229 2989 4295 quis
3017 4227 3202 4282 mente
3219 4237 3411 4296 captus
3432 4229 3679 4297 autmir-
3750 4278 3777 4297 ,.

2106 4296 2267 4351 rhata
2308 4299 2529 4367 pctione
2562 4299 2792 4367 sopitus,
2821 4300 2924 4353 diis
2976 4296 3475 4353 sacriﬁcaverit'tls
3527 4306 3681 4351 certe

2106 4367 2341 4433 Spiritus
2375 4369 2550 4422 sancti
2582 4370 2815 4437 gratiam
2843 4384 2950 4423 non
2984 4367 3187 4431 amisit,
3220 4367 3310 4434 qui
3337 4368 3676 4437 imprudens,

2104 4447 2159 4491 et
2188 4438 2317 4506 quid
2349 4447 2535 4508 ageret
2592 4436 3016 4508 itesciens,_ttou
3060 4447 3275 4505 sponte.
3317 4441 3410 4490 sed
3443 4450 3541 4504 per
3566 4436 3673 4508 vim

2102 4505 2323 4567 coactus
2349 4505 2594 4575 deliquit.
2628 4507 2781 4575 Quod
2810 4509 2855 4561 si
2878 4506 2993 4561 haec
3024 4508 3401 4572 interpretatio
3424 4520 3530 4575 non
3563 4505 3677 4573 pla-

2104 4586 2210 4643 cet,
2244 4578 2468 4631 omnino
2481 4574 2783 4632 dicendum
2804 4579 2934 4639 erit,
2972 4576 3286 4644 Dionysium
3309 4575 3397 4629 hic
3418 4574 3486 4629 de
3511 4575 3677 4638 lapsis

2107 4661 2211 4699 non
2252 4647 2419 4715 loqui,
2483 4646 2578 4701 sed
2630 4648 2700 4701 de
2729 4645 2997 4709 ﬁdelibus,
3031 4660 3263 4712 quorum
3294 4645 3386 4697 alii
3442 4646 3674 4714 gratiam

2102 4716 2347 4785 Spiritus
2375 4717 2549 4770 sancti
2572 4729 2732 4785 quam
2756 4717 2809 4769 in
2838 4715 3476 4785 baptismo-acceperunt.
3499 4715 3679 4768 adhuc

2102 4787 2361 4848 retinent,
2390 4787 2481 4839 alii
2541 4784 2673 4839 vero
2704 4799 2822 4840 eam
2879 4785 3199 4837 amiserunt.
3244 4784 3396 4837 Etab
3437 4785 3679 4852 bisqui-

2101 4857 2221 4909 dem
2270 4856 2605 4910 Novatianus
2638 4854 2861 4924 fugabat
2912 4854 3171 4922 Spiritum
3216 4863 3520 4924 sanctum,
3549 4868 3676 4907 cum

2100 4926 2475 4992 pmnitentiam
2508 4932 2564 4979 et
2592 4923 2778 4992 pacem
2815 4923 2882 4977 iis
2917 4924 3231 4992 denegaret,
3279 4923 3477 4991 quibus
3506 4923 3677 4991 Spiri-

2101 4991 2187 5049 tus
2215 4996 2389 5050 sancti
2420 4991 2603 5064 gratia’
2625 5004 2910 5064 reparatur
2928 5010 2944 5061 ;
2962 4991 3190 5064 _ab’illis
3214 5006 3344 5047 vero
3369 4996 3463 5061 qui
3499 4993 3677 5048 adhuc

2099 5065 2334 5131 gratiam
2375 5062 2635 5129 retinent,
2677 5062 2902 5132 fugabat
2955 5062 3219 5131 Spiritum
3264 5073 3514 5117 sanctum
3545 5064 3673 5117 dum

2096 5135 2178 5187 eis
2209 5148 2360 5203 spem
2388 5148 2607 5189 omnem
2634 5133 2906 5187 adimebat
2931 5132 3103 5186 venite
3123 5132 3169 5187 si
3193 5132 3334 5203 forte
3361 5144 3671 5200 peccarent,

2097 5213 2153 5256 et
2189 5202 2469 5259 sinistram
2524 5205 2593 5259 de
2642 5203 3100 5272 Spirituisancto
3146 5202 3456 5271 opinionem
3483 5217 3670 5256 eorum

2097 5272 2295 5329 animis
2329 5273 2658 5337 insinuabat,
2683 5271 2838 5342 quasi
2872 5271 2919 5328 is
2952 5271 3178 5327 immitis
3205 5287 3272 5327 ac
3314 5272 3556 5328 crudelis
3581 5286 3669 5325 es-

2097 5351 2203 5402 set,
2228 5353 2285 5397 et
2312 5344 2703 5397 misericordiae
2724 5343 2904 5396 omnis
2927 5355 3145 5410 expers.

2165 5413 2245 5483 (ὃ)
2268 5410 2627 5483 Συμόουςῑῆς
2668 5410 2898 5482 δέομαι.
2946 5409 3194 5483 Quatuor
3235 5409 3411 5469 nostri
3456 5409 3672 5483 codices

2096 5481 2257 5549 Mam,
2293 5481 2455 5547 Med.,
2485 5481 2625 5536 Fuk.
2650 5494 2705 5537 et
2729 5481 2899 5536 savil.
2935 5482 3262 5549 particulam
3323 5483 3529 5537 addunt
3567 5481 3671 5534 hoc

2093 5554 2276 5624 modo,
2305 5553 2401 5606 καὶ
2428 5551 2740 5624 συμϐουλῆς
2767 5551 2980 5624 δέομαι.

2165 5621 2244 5695 (4)
2266 5617 2283 5695 λ
2317 5617 2749 5694 Συναὼμένὼν
2768 5617 3071 5695 ἀδελφῶν.
3122 5620 3278 5691 Apud
3306 5617 3669 5695 Nicephorum

2093 5689 2245 5768 locus
2274 5689 2507 5768 hicAuna
2538 5689 2668 5768 truce
2692 5689 3132 5768 auctior—legitur
3165 5689 3266 5768 hoc
3295 5689 3673 5768 modotu-uva»

2091 5763 2336 5833 γομένων
2363 5761 2604 5832 ἀδελφῶν
2635 5780 2742 5827 τις,
2763 5774 2893 5828 etc.,
2912 5759 3053 5833 qubd
3079 5762 3196 5817 sine
3221 5759 3382 5817 dubio
3411 5759 3674 5827 tttajorcm

2093 5836 2252 5889 atl'ert
2279 5836 2744 5903 perspicuitatem.
