4222 6388
403 282 508 339 657

1390 276 1745 334 HISTORIIE
1790 268 2343 331 ECCLESIASTICE
2378 266 2506 322 LIB.
2549 263 2660 321 VII.

3534 254 3661 311 638.

403 412 487 459 τις
524 395 618 449 καὶ
652 393 784 463 ἄλλη
816 391 911 445 τοῦ
946 391 1108 445 αὐτοῦ
1144 392 1273 463 περὶ
1307 390 1676 461 βαπτίσματος
1700 386 1973 457 ἐπιστολὴ,
2006 404 2050 459 Α

2006 404 2050 459 Α
2076 382 2320 456 ejusdem
2347 378 2572 448 epistola
2599 378 2665 430 de
2710 372 2969 444 baptismo
2995 412 3008 436 ,
3063 371 3230 442 ipsius
3282 378 3336 424 et
3386 367 3645 424 Ecclesia

406 484 468 552 ἐξ
516 484 680 540 αὐτοῦ
726 484 820 536 καὶ
861 477 929 553 ἧς
968 486 1155 553 ἡγεῖτο
1188 481 1517 552 παροικίας,
1562 476 1750 549 Ξύστῳ
1783 478 1877 531 καὶ
1907 479 1973 548 τῇ

406 575 549 634 κατά
581 574 796 645 Ῥώμην
828 573 1123 645 Ἐκκλησία
1157 571 1657 645 προσπεφωνημένη
1684 586 1696 599 ·
1728 571 1786 622 ὲν
1889 567 1977 620 διὰ

411 666 625 740 μακρᾶς
652 663 996 730 ἀποδείξεως,
1033 664 1125 717 τὸν
1151 664 1279 734 περὶ
1302 662 1395 717 τοῦ
1425 659 1781 730 ὑποκειμένου
1810 658 1977 729 ζητή-

412 776 577 832 ματος
606 756 925 827 παρατείνει
950 755 1124 825 λόγον.
1151 756 1261 809 Καὶ
1284 754 1417 824 ἄλλη
1445 754 1504 807 τέ
1530 771 1616 817 τις
1641 752 1804 807 αὐτοῦ
1839 751 1977 821 μετά

407 851 607 914 ταύτας
663 850 889 921 φέρεται
936 848 1071 919 πρὸς
1115 847 1205 901 τὸν
1249 845 1391 902 κατά
1428 844 1642 917 Ῥώμην
1685 843 1975 908 Διονύσιον,

408 946 442 1016 ἡ
474 943 600 1015 περὶ
627 940 949 995 Λουκιανοῦ.
984 940 1095 993 Καὶ
1127 940 1255 1010 περὶ
1290 938 1388 1010 μὲν
1418 940 1622 991 τούτων
1653 935 1907 991 τοσαῦτα.

955 1031 1348 1084 ΚΕΦΑΛΑΙΟΝ
1380 1029 1434 1083 l'.

445 1122 585 1190 Περὶ
619 1120 1019 1190 Οὐαλεριανοῦ
1051 1121 1147 1190 καὶ
1181 1120 1287 1174 τοῦ
1321 1120 1444 1173 κατ’
1476 1118 1663 1175 αὐτὸν
1692 1117 1944 1188 διωγμοῦ

900 1189 1037 1260 (Nic.
1071 1189 1137 1247 Η,
1177 1189 1240 1243 Ε.
1261 1204 1347 1255 vt,
1381 1191 1490 1257 l0).

483 1283 550 1336 Οἵ
595 1299 659 1352 γε
695 1281 799 1354 μὴν
836 1282 980 1352 ἀμφὶ
1022 1282 1112 1335 τὸν
1152 1281 1351 1334 Γάλλον
1396 1281 1505 1334 οὐδ’
1534 1280 1672 1343 ὅλοις
1717 1278 1861 1332 ἔτεσι
1888 1277 1981 1332 δύο

414 1375 512 1445 τὴν
554 1375 728 1446 ἀρχὴν
774 1375 1252 1445 ὲπικατασχόντες,
1302 1371 1544 1427 ἐκποδὼν
1596 1371 1976 1444 μεθίστανται·

417 1464 775 1535 Οὐαλεριανὸς
816 1462 875 1515 δὲ
908 1464 1023 1534 ἆμα
1055 1461 1335 1532 Γαλλιηνῷ
1365 1461 1517 1515 παιδὶ
1548 1459 1850 1530 διαδέχεται
1881 1460 1980 1531 τὴν

415 1557 727 1627 ἠγεμονίαν.
775 1551 938 1619 Αὖθις
977 1555 1039 1625 δὴ
1070 1549 1164 1607 οῦν
1205 1556 1233 1607 ὁ
1268 1553 1536 1616 Διονύσιος
1582 1546 1669 1606 οἷα
1713 1551 1806 1605 καὶ
1853 1553 1982 1622 περὶ

417 1647 603 1701 τούτου
628 1646 898 1712 διέξεισιν,
920 1647 983 1700 ὲκ
1010 1646 1108 1716 τῆς
1128 1645 1263 1717 πρὸς
1298 1645 1676 1717 Ἐρμάμμωνα
1700 1643 1982 1715 ἐπιπολῆς

2076 489 2235 547 quam
2262 472 2484 541 regebat
2515 467 2752 530 nomine,
2785 467 2851 520 ad
2876 464 3104 535 Xystum
3135 473 3190 519 et
3219 462 3510 517 Ecclesiam
3545 478 3638 516 ur-

2074 566 2160 620 bis
2187 564 2373 619 Roma:
2429 561 2659 622 directa,
2711 556 2765 611 in
2802 571 2906 625 qua
2940 555 3007 609 de
3043 554 3315 625 proposita
3347 553 3650 620 quaestione

2074 655 2339 726 prolixam
2368 653 2655 708 admodum
2704 647 3119 716 disputationem
3154 643 3405 708 instituit.
3436 641 3641 695 Praeter

2076 751 2174 805 bas
2207 749 2314 802 alia
2368 757 2547 803 exstat
2605 744 2847 814 ejusdem
2898 738 3125 810 epiStola
3177 738 3242 791 de
3292 737 3543 797 Luciano.
3574 736 3640 787 ad

2079 839 2397 910 Dionysium
2424 837 2729 893 Romanum
2761 834 2981 903 scripta.
3010 831 3115 888 Sed
3142 830 3210 886 de
3249 830 3332 884 his
3362 830 3642 883 hactenus.

2695 1007 2923 1065 CAPUT
2962 1009 3029 1062 Χ.

2153 1106 2227 1160 De
2257 1104 2563 1169 Valeriano,
2596 1112 2642 1156 et
2678 1102 2741 1156 de
2771 1102 3127 1169 persecutione
3154 1098 3217 1151 ab
3242 1114 3301 1151 eo
3324 1097 3571 1151 excitata.

2148 1280 2301 1338 Gallo
2331 1279 2545 1334 interim
2593 1293 2624 1333 e
2660 1276 2836 1332 medio
2884 1274 3119 1340 sublato,
3152 1289 3274 1329 cum
3306 1273 3395 1328 vix
3444 1272 3644 1328 biennii

2080 1372 2257 1442 spatio
2279 1369 2568 1439 imperium
2598 1369 2882 1432 tenuisset,
2914 1364 3234 1420 Valerianus
3260 1379 3381 1419 cum
3403 1362 3651 1419 Gallieno

2080 1463 2191 1517 ﬁlio
2213 1462 2267 1515 in
2292 1460 2410 1531 ejus
2436 1459 2610 1513 locum
2636 1458 2897 1514 succedit.
2935 1457 3011 1512 De
3036 1456 3141 1512 hoc
3172 1468 3302 1510 vero
3322 1467 3442 1523 qum
3472 1453 3651 1506 tradat

2084 1552 2391 1625 Dionysius,
2429 1561 2483 1606 et
2512 1550 2738 1620 epistola
2766 1547 2887 1618 ejus
2915 1549 2980 1604 ad
3029 1546 3500 1603 Hermammonem
3522 1543 3651 1597 licet

2082 1659 2441 1716 cognoscere,
2473 1643 2527 1697 in
2555 1657 2659 1713 qua
2692 1642 2768 1697 ita
2794 1641 3016 1697 scribit:
3054 1657 3073 1692 ι
3107 1638 3303 1696 Joanni
3332 1649 3548 1707 quoque
3575 1637 3651 1688 si-

421 1737 611 1808 μαθεῖν
639 1738 806 1802 ἐστὶν,
839 1739 896 1790 ὲν
987 1735 1176 1790 τοῦτον
1206 1737 1410 1809 ἱστορεῖ
1437 1735 1530 1788 τὸν
1554 1736 1782 1808 τρόπον·
1821 1754 1840 1787 ι
1875 1734 1984 1788 Καὶ
2014 1754 2057 1809 Β
2086 1755 2088 1791 1

1982 1775 1984 1785 ι
2014 1754 2057 1809 Β
2086 1737 2285 1792 militer
2314 1737 2611 1791 revelatum
2645 1742 2750 1790 est.
2775 1734 2866 1788 Ait
2897 1733 3041 1789 enim
3072 1748 3088 1788 :
3128 1731 3196 1788 Et
3228 1731 3412 1787 datum
3442 1737 3527 1784 est
3572 1725 3649 1780 illi

418 1828 495 1899 τῷ
551 1828 770 1902 Ἰωάννῃ
812 1828 869 1881 δὲ
909 1827 1108 1899 ὁμοίως
1157 1825 1616 1881 ἀποκαλύπτεται.
1664 1827 1776 1881 Καὶ
1825 1825 1982 1897 ἐδόθη

416 1917 526 1988 γὰρ
555 1917 724 1987 αὐτῷ,
759 1917 912 1986 φησι,
952 1917 1125 1987 στόμα
1150 1915 1343 1969 λαλοῦν
1373 1916 1582 1986 μεγάλα
1608 1916 1702 1969 καὶ
1732 1916 1981 1987 βλασφη-

420 2006 585 2078 μίανο
622 2007 717 2060 καὶ
757 2005 908 2075 ἐδόθη
956 2005 1106 2076 αὐτῷ
1132 2004 1346 2070 ἐξουσία
1385 2006 1480 2059 καὶ⁹
1520 2006 1686 2076 μῆνες
1716 2006 1984 2079 τεσσαρὰ-

418 2113 581 2151 κοντα
605 2095 696 2149 δύο
724 2095 854 2167 (ιο).
898 2095 1203 2167 ’Δμφότερα
1239 2095 1296 2149 δὲ
1336 2094 1480 2150 ἔστιν
1505 2098 1596 2150 ἐπὶ
1624 2096 1984 2169 Οὐαλεριανοῦ

418 2187 727 2258 θαυμάσειιι⁸
771 2187 864 2241 καὶ
904 2188 1108 2242 τούτων
1148 2189 1381 2260 μάλιστα
1426 2189 1494 2242 τὰ
1538 2189 1642 2260 πρὸ
1676 2189 1860 2251 αὐτοῦ,
1909 2188 1986 2253 ὡς

417 2279 592 2343 οὕτως
614 2279 738 2350 ἔσχε
779 2278 913 2348 (ll),
954 2282 1212 2344 συννοεῖν,
1239 2281 1344 2344 ἕως
1371 2281 1528 2351 ήπιος
1562 2280 1671 2351 (12)
1717 2281 1807 2334 καὶ
1834 2281 1985 2352 φιλό-

420 2385 571 2440 φρων
605 2365 673 2439 ἦν
713 2368 850 2439 πρὸς
889 2370 1015 2432 τοὺς
1046 2368 1365 2441 ἀνθρώπους
1389 2370 1483 2422 τοῦ
1521 2369 1676 2423 Θεοῦ.
1718 2371 1852 2425 Οὐδὲ
1880 2373 1987 2444 γὰρ

419 2460 578 2523 ἄλλος
606 2477 690 2523 τις
709 2457 851 2513 οὕτω
877 2458 985 2512 τῶν
1014 2458 1118 2531 πρὸ
1143 2458 1306 2513 αὐτοῦ
1341 2458 1603 2529 βασιλέων
1625 2460 1866 2531 εὐμενῶς
1893 2462 1987 2515 καὶ

418 2550 607 2631 δεξιῷς
637 2553 777 2623 πρὸς
802 2552 998 2616 αὐτοὺς
1033 2552 1266 2624 διετέθη,
1296 2552 1405 2605 οὐδ’
1438 2554 1486 2605 oi
1538 2551 1817 2622 λεχθέντες
1858 2555 1988 2607 ἀνα-

421 2642 614 2712 φανδδν
644 2642 957 2713 Χριστιανοὶ
982 2643 1262 2712 γεγονέναι
1294 2642 1424 2713 (15),
1450 2643 1526 2706 ὡς
1557 2644 1762 2705 ἐκεῖνος
1793 2644 1987 2697 οἰκειό-

420 2750 558 2787 τατα
589 2735 645 2787 ὲν
673 2735 814 2806 ἀρχῇ
849 2734 943 2788 καὶ
975 2734 1410 2806 προσφιλέστατα
1439 2734 1670 2806 φανερὸς
1696 2730 1765 2806 ἦν
1791 2735 1988 2799 αὐτοὺς

420 2823 834 2895 ἀποδεχόμενος.
870 2824 978 2877 Καὶ
1008 2825 1116 2887 πᾶς
1145 2825 1174 2877 ὁ
1211 2820 1355 2889 οἶκος
1380 2824 1544 2879 αὐτοῦ
1584 2824 1850 2879 θεοσεϐῶν
1887 2843 1986 2880 πε-

421 2916 696 2988 πλήρωτο,
728 2917 821 2971 καὶ
846 2911 916 2986 ἦν
963 2916 1255 2986 Ἐκκλησία
1291 2915 1445 2969 Θεοῦ.
1490 2916 1988 2979 Ἀποσκευάσασθαι

420 3004 478 3057 δὲ
507 3004 833 3076 παρέπεισεν
862 3003 1023 3057 αὐτὸν
1052 3002 1080 3054 ό
1106 3003 1419 3067 διδάσκαλος
1458 3002 1551 3056 καὶ
1575 3001 1685 3056 τῶν
1712 3002 1805 3055 ἀπ’
1826 3002 1991 3071 Αἰγύ-

2085 1842 2149 1883 os
2171 1827 2397 1894 loquens
2424 1841 2615 1896 magna
2639 1834 2694 1880 et
2729 1824 2891 1895 impia
2921 1842 2935 1878 :
2963 1833 3017 1879 et
3050 1824 3171 1879 data
3196 1832 3278 1878 est
3309 1820 3387 1876 illi
3415 1829 3653 1891 potestas

2087 1928 2142 1976 et
2165 1934 2378 1976 menses
2397 1919 2752 1991 quadraginta
2773 1919 2876 1975 duo
2889 1918 2953 1973 ‘°.
2981 1915 3144 1988 256
3164 1914 3460 1983 Utrumque
3491 1928 3655 1983 porro

2088 2011 2143 2066 in
2178 2012 2464 2067 Valeriano
2507 2011 2788 2082 impletum
2833 2011 3019 2065 mirari
3074 2006 3221 2074 lieet,
3256 2007 3493 2074 illudque
3527 2015 3653 2058 ante

2089 2104 2270 2158 omnia
2317 2104 2682 2169 considerare,
2735 2100 3041 2172 cujusmodi
3078 2100 3124 2155 is
3157 2107 3281 2153 ante
3312 2096 3650 2169 persecutio-

2090 2210 2213 2250 nem
2242 2194 2447 2250 fuerit:
2498 2194 2734 2265 qualiter
2793 2202 3110 2248 mansuetus
3149 2190 3365 2261 quidem
3406 2204 3470 2242 ac
3500 2188 3654 2241 beui»

2091 2298 2229 2354 gnus
2257 2294 2378 2338 erat
2418 2298 2544 2354 erga
2593 2282 2827 2338 famulos
2863 2282 2979 2337 Dei.
3008 2280 3195 2350 Neque
3224 2280 3369 2335 enim
3399 2277 3538 2332 ullus
3561 2291 3657 2330 su-

2093 2375 2366 2444 periorum
2394 2375 2719 2445 principum,
2753 2387 2822 2430 ne
2855 2374 2931 2428 illi
2973 2373 3194 2442 quidem
3225 2371 3326 2441 ipsi
3352 2371 3441 2439 qui
3470 2368 3651 2438 palam

2091 2464 2386 2521 Christiani
2422 2465 2592 2521 fuisse
2624 2465 2897 2527 dicuntur,
2933 2470 3078 2517 tanta
3113 2460 3448 2516 humanitate
3476 2473 3538 2512 ac
3561 2460 3655 2512 bc-

2091 2555 2392 2610 nevolentia
2427 2564 2640 2612 nostros
2665 2555 2980 2625 complexus
3012 2562 3115 2616 est,
3146 2561 3400 2622 quantam
3429 2550 3519 2604 ille
3546 2564 3655 2618 prae

2091 2659 2150 2701 se
2180 2645 2388 2701 ferebat
2421 2646 2574 2702 initio
2599 2646 2940 2716 principatus
2986 2643 3090 2698 sui.
3130 2642 3378 2710 Totaque
3405 2641 3524 2709 ejus
3570 2638 3655 2693 {a-

2092 2736 2236 2790 milia
2263 2738 2365 2807 piis
2394 2737 2699 2793 hominibus
2716 2735 3045 2802 abundabat,
3071 2749 3133 2789 ac
3156 2732 3249 2788 Dei
3274 2731 3511 2788 Ecclesia
3537 2745 3661 2785 esse
3734 2786 3741 2793 ,

2093 2828 2398 2883 videbatur.
2427 2828 2628 2884 Verum
2668 2828 2928 2899 magister
2962 2824 3019 2882 et
3050 2824 3513 2896 archisynagogus
3545 2838 3657 2875 ma-

2093 2932 2284 2989 gorum
2320 2916 2563 2988 Egypti,
2618 2917 2667 2973 ei
2696 2917 2912 2972 tandem
2944 2912 3214 2985 persuasit
3244 2922 3303 2967 ut
3331 2914 3399 2968 ab
3434 2914 3535 2967 hoc
3569 2912 3654 2965 in-

2094 3010 2283 3065 stituto
2309 3010 2656 3074 descisceret,
2681 3008 2877 3079 jubens
2910 3014 2970 3061 ut
3000 3013 3178 3060 castos
3203 3003 3419 3074 quidem
3446 3011 3501 3056 et
3535 3016 3661 3055 san-

422 3111 556 3148 πτου
576 3094 762 3164 μάγων
780 3094 889 3165 (14)
907 3096 1349 3168 ἀρχισυνάγωγος
1377 3092 1511 3164 (l5),
1552 3093 1678 3156 τοὺς
1708 3093 1803 3164 μὲν
1825 3094 1992 3149 καθα-
2020 3092 2065 3153 C

2020 3092 2065 3153 C
2098 3115 2216 3158 ctos
2249 3102 2397 3158 viros
2427 3109 2846 3173 persequeretur
2900 3108 3064 3168 atque
3105 3095 3404 3161 occideret,
3464 3094 3664 3163 quippe

489 3187 538 3221 “
563 3178 732 3258 Apoc.
762 3202 886 3246 xm.
1240 3220 1241 3223 η

494 3279 606 3352 (l0)
637 3279 840 3353 Μῆνες
869 3278 1327 3353 τεσσαράκοχτα
1372 3279 1502 3353 δύο.
1545 3278 1699 3353 llunc
1740 3279 1980 3353 Dionysii

422 3348 600 3404 loc‘nni
650 3350 852 3417 optime
907 3348 1153 3417 exposuit
1198 3348 1460 3403 Baronius
1493 3349 1558 3401 ad
1588 3364 1785 3402 annum
1826 3348 1984 3407 Citrio

426 3421 493 3478 sti
524 3420 651 3484 257,
684 3434 802 3487 cap.
829 3419 884 3483 ’7,
914 3419 989 3487 de
994 3420 1183 3487 spatio
1208 3418 1415 3487 scilicet
1446 3417 1705 3487 temporis
1743 3433 1850 3486 quo
1878 3422 1984 3475 du-

426 3490 564 3542 ravit
619 3485 922 3554 persecutio
971 3485 1266 3543 Valeriani.
1306 3486 1439 3541 Cum
1493 3485 1637 3540 enim
1668 3485 1985 3545 Valerianus

428 3567 632 3626 septem
662 3557 774 3610 fere
797 3557 951 3610 annis
991 3558 1333 3625 regnaverit,
1366 3564 1424 3609 ut
1466 3556 1607 3609 inter
1640 3569 1826 3626 omnes
1848 3573 1986 3612 con-

427 3636 573 3689 stat,
620 3627 801 3692 priore
841 3626 1057 3695 quidem
1098 3627 1434 3695 principatus
1461 3626 1696 3680 triennio
1717 3625 1987 3682 Christia-

427 3710 526 3747 nos
550 3696 777 3761 benigne
805 3696 1113 3764 cowplexus
1143 3704 1227 3749 est
1259 3713 1272 3750 :
1309 3695 1609 3764 posteriore
1652 3709 1780 3749 vero
1820 3698 1990 3752 trien-

429 3765 517 3818 nio
557 3763 987 3832 peisecutione’tn
1012 3765 1195 3819 intulit
1240 3763 1510 3819 Ec'clesiaz.
1553 3763 1722 3816 Porro
1769 3764 1984 3821 initium

425 3831 760 3902 principatus
788 3831 1060 3889 Valeriani
1096 3834 1261 3902 cmpit
1294 3848 1438 3887 anno
1468 3832 1667 3887 Christi
1693 3833 1833 3901 255,
1886 3839 1990 3891 sub

430 3904 618 3967 tinem,
649 3904 939 3958 Volusiano
962 3904 1000 3958 ll
1023 3912 1076 3958 et
1104 3903 1336 3957 Maximo
1368 3917 1511 3957 coss.
1534 3903 1734 3957 Docent
1752 3905 1804 3959 id
1822 3906 1997 3960 mani-

427 3971 564 4026 feste
594 3974 796 4026 nummi
825 3982 1034 4028 veteres
1075 3974 1142 4026 ab
1172 3973 1384 4029 Occoue
1426 3982 1481 4025 et
1534 3971 1744 4027 Goltzio
1781 3974 1997 4039 prolati,

426 4042 482 4095 in
512 4041 706 4111 quibus
737 4041 1365 4112 Valerianusimperalor
1391 4040 1687 4112 tribunitia:
1714 4044 1997 4111 potestatis

429 4126 512 4171 tu.
544 4112 733 4166 consul
756 4127 834 4174 Ill,
871 4111 1199 4167 inscribitur.
1231 4112 1357 4166 Item
1397 4111 1523 4166 trib.
1551 4119 1662 4179 pot.
1689 4127 1743 4173 v,
1776 4126 1889 4167 cos.
1923 4129 1998 4170 IV.

426 4180 837 4251 ldequuoque
881 4182 1153 4251 colligitur
1190 4196 1253 4234 ex
1309 4180 1547 4251 nummis
1592 4181 1718 4248 imp.
1746 4181 1998 4251 Gallieni.

502 4250 613 4322 (ii)
642 4249 1031 4322 Καὶλτούτωνε
1056 4250 1420 4322 μάλισταίτὰ
1438 4249 1552 4322 πρὸ
1579 4250 1769 4322 αὐτοῦ
1792 4252 1874 4318 ὡς
1899 4253 2002 4307 οὕ-

427 4318 543 4391 τως
567 4318 737 4389 ἔσχε.
767 4318 1126 4391 Scribendtim
1159 4335 1289 4391 puto
1314 4321 1390 4384 ὡς
1426 4321 1523 4391 οὐχ
1552 4318 1757 4383 οὕτως,
1805 4337 2000 4389 quam-

2089 3286 2156 3339 de
2184 3278 2734 3351 imperatoribusillis
2755 3279 3115 3351 hoc_ta‘ntum_
3138 3272 3323 3329 dicere
3348 3310 3363 3336 ,
3407 3270 3548 3340 quod
3576 3270 3660 3351 di:

2091 3356 2162 3408 cti
2193 3364 2247 3407 et
2260 3340 2564 3404 existimati
2592 3349 2790 3402 fuerint
2821 3346 3141 3409 Christiani,
3171 3358 3277 3398 non
3306 3351 3484 3396 autem
3514 3340 3661 3411 quod

2094 3423 2269 3491 reipsa
2305 3420 2606 3491 Christiani
2638 3417 2969 3491 exstiterint.

2161 3478 2283 3572 (14)
2318 3488 2439 3544 Τῶν
2456 3488 2556 3541 ἀπ’
2579 3488 2878 3573 Αῐηύπτοίυ
2916 3482 3122 3554 μάτων
3148 3478 3660 3605 ὰξχισυνάγωγος.

2161 3575 2354 3605 mnuum
2384 3562 2451 3605 ad
2488 3573 2617 3605 ann.
2655 3554 2989 3605 (λιιι-1911252
3018 3563 3075 3605 et
3102 3550 3173 3605 25
3236 3562 3313 3605 all.
3349 3552 3492 3604 hunc
3533 3565 3658 3604 esse

2090 3550 2354 3615 Baronius
2384 3562 2451 3611 ad
2488 3573 2617 3611 ann.
2655 3550 2855 3611 Christi
2880 3550 2989 3609 252
3012 3550 3075 3608 'et
3102 3550 3313 3606 essen
3349 3552 3492 3604 hunc
3533 3565 3658 3604 esse

2095 3644 2306 3698 magum
2339 3630 2485 3682 illum
2513 3627 2605 3696 qui
2633 3629 2791 3696 paulo
2817 3636 2941 3698 ante
2970 3623 3252 3698 imperium
3291 3621 3441 3698 Decii
3472 3634 3643 3698 popu-

2092 3688 2215 3753 lnni'
2248 3688 2732 3752 Alexandrinorum
2781 3695 2847 3749 ad
2876 3688 3279 3762 persequendos
3317 3688 3660 3762 Christianos

2093 3770 2448 3831 iucitaverat,
2481 3768 2547 3821 de
2568 3780 2675 3834 quo
2711 3759 2948 3834 loquitur
2982 3759 3271 3834 Dionysius
3310 3761 3451 3834 apud
3480 3759 3654 3834 Euse-

2094 3839 2240 3894 bium
2269 3828 2527 3919 inli0b.’v1,
2704 3828 2802 3915 41..
2827 3834 2939 3902 Ego
2973 3846 3102 3912 vero
3122 3828 3278 3885 'ltunc
3314 3828 3471 3912 longe
3495 3828 3660 3909 alium

2095 3922 2215 3957 esse
2229 3915 2500 3957 existimo.
2518 3921 2606 3957 nui
2671 3906 2970 3957 alertanum
2989 3898 3660 3957 uno.adversusChrtstta«

2095 3922 2215 3963 esse
2229 3906 2500 3971 existimo,
2512 3898 2606 3972 qui
2629 3898 2970 3960 Valerianum
2989 3898 3665 3972 imp.adversusCltristia-

2098 3992 2198 4031 nos
2228 3978 2521 4029 couunovit
2540 3971 2567 4028 7:
2602 3975 2930 4030 Macrianum
2956 3971 3186 4034 scilicet,
3215 3986 3338 4024 eum
3360 3971 3452 4038 qni
3474 3978 3661 4036 postea

2101 4048 2383 4115 imperium
2410 4044 2845 4115 occupavit,de
2876 4056 2983 4110 quo
3034 4040 3174 4095 inl’ra
3221 4041 3417 4115 dicturi
3451 4053 3660 4115 s_tt_tnu.~‘,

2109 4107 2269 4184 idque
2299 4107 2581 4168 manifeste
2601 4107 2941 4184 convincitur
2963 4126 3041 4184 ex
3068 4110 3417 4184 sequentibus
3465 4107 3664 4184 Dinny-

2107 4177 2411 4240 sii'verbis.
2464 4184 2656 4238 Suhdit
2707 4183 2849 4236 enim
2890 4179 3031 4235 καλὰ
3089 4178 3222 4248 γοῦν
3262 4179 3442 4240 αὐτοῖς
3478 4179 3508 4230 ό
3542 4177 3659 4228 Μα-

2108 4252 2350 4326 κριανός,
2399 4263 2556 4326 etc_.,_
2584 4252 2818 4326 innuens
2852 4251 3090 4326 scilicet,
3146 4264 3271 4303 eum
3307 4264 3464 4316 quem
3500 4260 3662 4311 supra

2109 4320 2428 4395 inagistrum
2466 4322 2735 4376 Valeriani
2760 4329 2818 4395 et
2850 4320 3351 4395 arcbisynagogunr
3383 4330 3660 4395 magorum

429 4389 516 4442 vis
548 4386 970 4461 reclamantibus
1005 4386 1180 4461 libris.
1226 4392 1333 4445 Sed
1359 4402 1413 4444 et
1446 4386 1781 4461 transposita
1815 4386 2002 4447 viden-
2030 4436 2075 4461 η
2107 4386 2511 4461 θρρέιιδνοωι,
2565 4407 2672 4446 non
2724 4390 2888 4461 alium
2932 4386 3051 4461 esse
3095 4386 3260 4461 quam
3304 4386 3662 4461 Macrianum.

428 4467 521 4530 tur
541 4473 660 4530 esse
692 4458 972 4530 vocabula.
1015 4459 1159 4530 Lego
1190 4436 1352 4530 igitur
1367 4461 1459 4512 ml.
1479 4436 1644 4512 aurarii
1667 4436 2001 4530 peius-£515;
2030 4436 2075 4492 D

1996 4436 2075 4514 ιι)
2105 4436 2534 4530 epimenia;
2565 4436 2900 4530 sanare:
2919 4436 3561 4530 aggessi-30.15%
3583 4436 3663 4517 εί.

429 4527 535 4601 πρὸ
549 4527 772 4601 τούτων,
793 4529 1001 4601 ὠς-οὐχ
1032 4527 1365 4601 οὕτωςὲσχε,
1402 4527 1678 4594 συννοεῖν,
1706 4529 1813 4594 ἓως
1840 4531 2001 4601 ἤπιος

429 4595 523 4670 κάι
554 4599 828 4670 φιλόφρων
862 4595 1088 4670 ᾖν,’ἑειο.
1126 4600 1200 4655 Ita
1234 4595 1426 4654 senatus
1457 4609 1541 4653 est
1594 4595 1992 4670 apertissit'nus.

500 4667 612 4738 (12)
655 4667 804 4735 Ἕως
849 4667 1048 4738 ἤπιος.
1102 4671 1196 4724 Sic
1240 4671 1294 4725 in
1331 4670 1550 4738 optimis
1596 4669 2001 4738 exemplaribus

429 4736 565 4811 gae,
600 4749 649 4792 et
677 4739 812 4811 Med.
849 4736 1107 4811 scriptum
1137 4749 1240 4811 est.
1282 4736 1526 4811 Ὡςίμὲνζ
1533 4738 1692 4811 ἤπιος
1719 4736 1785 4792 ei
1812 4739 2001 4811 codice

426 4805 597 4877 Regio
647 4808 815 4877 edidit
850 4805 987 4862 Rob.
1025 4809 1350 4877 Stephanus.
1384 4805 1440 4862 n.
1487 4805 1783 4862 Ftiketiauo
1813 4818 1869 4862 et
1900 4808 2002 4861 Sa-

425 4878 629 4931 viliano
683 4876 877 4945 legitur
902 4877 1007 4943 ἓως
1043 4876 1153 4949 γὰρ
1200 4879 1381 4950 ήπιος,
1415 4889 1546 4944 etc.,
1574 4892 1736 4945 quam
1768 4878 1999 4947 scriptu-

428 4962 543 5027 ram
572 4956 795 5067 secutusl
824 4957 907 5000 est
937 4950 1505 5017 Cbristopborsonus,
1554 4960 1613 5002 ut
1648 4962 1711 5001 es
1748 4950 1999 5002 versione

428 5029 545 5067 eius
571 5031 769 5067 annare
797 5053 813 5067 .

427 5029 545 5085 ejus
571 5029 813 5085 apparet.

501 5086 634 5166 (15),
650 5084 1228 5166 (1ὺδζρὶῃᾷεχθένφς
1276 5085 1627 5166 ἀναφανδόν
1659 5085 1998 5166 Χριστιανοζ

429 5153 1099 5226 τεάυονέναιηιηιὶιξρριιω
1144 5153 1526 5226 imperatorem
1569 5153 1857 5226 intelligit,
1906 5158 1995 5226 qui

469 5225 637 5280 rimus
662 5242 728 5281 ex
761 5225 1023 5296 Romanis
1060 5227 1482 5296 imperatoribus
1512 5225 1881 5282 Christianam
1913 5225 1996 5280 re-

427 5240 637 5348 primus
662 5242 728 5281 ex
761 5240 1023 5282 nomams
1060 5240 1482 5296 imperatoribus
1512 5240 1881 5282 Christianam
1913 5243 1996 5280 re-

450 5296 681 5365 igiouem
709 5293 985 5364 professus
1007 5307 1122 5360 est,
1158 5306 1216 5350 ut
1266 5296 1419 5350 multi
1469 5305 1712 5351 veterum
1755 5297 1998 5366 prodide-

430 5376 574 5419 runt.
605 5366 871 5437 Sericum
904 5363 1195 5437 Dionysius
1226 5365 1279 5419 in
1306 5365 1502 5437 plurali
1538 5379 1763 5437 numero
1802 5366 1995 5434 loqua-

430 5445 553 5500 tur,
605 5434 848 5504 Philippo
888 5434 1105 5505 adjun'gi
1156 5434 1335 5502 potest
1372 5435 1691 5505 Alexander
1737 5435 1993 5501 Severus,

429 5505 521 5574 qui
563 5505 851 5574 imaginem
896 5504 1103 5561 Christi
1147 5505 1340 5560 habuit
1369 5504 1423 5559 in
1455 5505 1654 5559 larario
1695 5520 1815 5567 suo.
1856 5512 1997 5559 teste

428 5573 878 5655 Lampridioiet
901 5582 1012 5631 toto
1041 5575 1384 5655 principatus
1431 5577 1788 5655 s_ui'_tem_p_ore
1829 5575 1998 5655 _Chri-

429 5642 638 5698 stianos
671 5642 806 5699 fovit
830 5651 886 5698 et
917 5642 1292 5709 conservavit,
1324 5655 1383 5699 ut
1413 5644 1481 5698 ab
1512 5642 1740 5699 Eusebio
1768 5643 1995 5698 relatum

428 5724 513 5769 est
543 5727 728 5784 supra.
773 5712 944 5772 Porro
994 5726 1175 5773 autem
1210 5715 1505 5772 notandum
1534 5724 1648 5784 est,
1684 5714 1994 5787 Dionysium

1484 6368 1607 6375 μή-μ-
1660 6366 1725 6375 nd
1735 6364 1927 6373 -..ηπ-.νῆ
1950 6363 1993 6367 -Ὗ

2101 4525 2269 4587 ταῦτα
2290 4531 2396 4587 ὐπὸ
2412 4525 2616 4585 ’τούτου
2640 4525 2953 4599 προαχθείς,
2973 4538 3078 4599 etc.
3099 4525 3236 4599 Quid
3264 4525 3439 4599 potest
3462 4525 3665 4599 clarius

2102 4602 2249 4656 dici?
2279 4601 2410 4655 Tota
2444 4602 2588 4653 enim
2621 4595 3078 4668 hujusforationis
3110 4596 3282 4668 series
3329 4595 3383 4668 id
3438 4595 3668 4668 apertis-

2101 4673 2237 4725 sime
2309 4663 2704 4731 demonstrat;
2734 4665 3074 4721 Macrianum
3149 4663 3311 4733 hujus
3372 4664 3666 4731 impietatis

2100 4749 2375 4795 auctorem
2429 4737 2599 4792 fuisse
2667 4735 2954 4791 Valeriano
2999 4748 3015 4788 :
3059 4736 3151 4802 qui
3206 4751 3328 4788 cum
3391 4733 3665 4786 Valeriani

2099 4814 2253 4880 quasi
2280 4809 2602 4880 padagogus
2629 4805 2969 4880 acmagister
2990 4808 3207 4880 quidem
3225 4813 3392 4880 esset,
3421 4803 3671 4880 pessimis

2100 4872 2342 4933 consiliis
2386 4872 2458 4932 ei'
2481 4872 2947 4939 subministratis,
3007 4872 3182 4942 primo
3219 4875 3436 4942 quidem
3489 4872 3668 4934 illum,

2100 4948 2296 5003 deinde
2317 4961 2446 5002 vero
2473 4947 2828 5014 semetipsum
2851 4942 3106 5014 perdidit.
3136 4942 3309 5014 Burro
3334 4942 3667 5014 Macrianum

2099 5018 2398 5093 adjutorem
2422 5031 2486 5071 ac
2511 5010 2829 5093 magistrum
2855 5010 3129 5093 Valeriani
3151 5010 3321 5093 fuisse
3352 5012 3673 5093 ingerenda

2100 5081 2371 5155 republica
2421 5081 2665 5155 testatur
2702 5085 2818 5155 ipse
2843 5083 3205 5155 Valerianus
3231 5085 3286 5155 in
3317 5081 3571 5155 oratione
3601 5081 3671 5135 ad

2098 5149 2367 5225 senatum,
2391 5170 2553 5225 quam
2584 5149 2748 5209 refert
2765 5152 2932 5208 Pollio
2952 5171 2968 5208 :
2991 5154 3055 5225 Ρ.
3074 5152 3160 5219 C.,
3187 5149 3673 5225 bellumHPenicum

2097 5242 2280 5295 gerens
2313 5223 2592 5279 Macriano
2621 5233 2793 5295 totam
2815 5223 3439 5295 rempublicamjradidi.

2169 5296 2281 5367 (15)
2321 5291 2844 5365 Ἀρχισυνάτωτος.
2869 5290 3149 5367 Habebam
3170 5290 3361 5367 Judaei
3391 5290 3674 5359 arcbisyu-

2098 5362 2317 5436 93630:,
2354 5362 2446 5434 qui
2472 5362 3176 5436 synagttgirs‘prtesidebant.
3195 5362 3673 5436 Arellisyuagogus

2096 5428 2410 5490 lauacrum
2490 5428 2834 5489 Alexandria:
2912 5443 3251 5488 memoratur
3304 5434 3358 5486 in
3396 5428 3668 5497 'epistola

2097 5506 2321 5560 Adriani
2368 5509 2499 5574 imp.
2528 5504 2595 5574 ad
2635 5504 2980 5574 Servianum,
3007 5518 3170 5571 quam
3199 5505 3368 5556 refert
3400 5497 3668 5574 Vopiscus

2097 5576 2150 5629 in
2187 5569 2497 5627 Saturnino.
2528 5571 2736 5627 Prteter
2778 5569 3239 5643 archisynagogos
3281 5579 3435 5643 erant
3492 5569 3662 5620 etiam

2096 5644 2234 5713 apud
2264 5642 2476 5698 Judaeos
2500 5643 2717 5712 quidam
2744 5655 2928 5711 patres
2953 5639 3345 5712 synagogarum
3372 5680 3388 5705 ,
3416 5639 3540 5691 item
3573 5654 3661 5689 sa-

2098 5716 2345 5771 cerdotes
2385 5724 2439 5771 et
2490 5713 2830 5788 presbyteri,
2880 5723 2934 5767 et
2970 5714 3178 5767 diaconi
3226 5724 3651 5781 synagogarum,
