4222 6388
430 295 535 352 6ϋὸ

1425 288 1774 346 HISTORle
1807 284 2375 343 ECCLESIASTICIE
2413 284 2545 341 LIB.
2590 282 2703 341 VII.

3591 279 3696 338 666

429 412 530 485 τὴν
572 412 848 484 βασιλείαν
872 411 1220 485 προσκυνεῖν,
1252 407 1606 462 ἐπιλαθέσθαι
1630 425 1690 461 τε
1718 404 1827 459 τῶν
1866 404 2017 475 παρὰ

2126 409 2330 462 hiscum
2365 405 2595 462 disserui
2627 406 2693 458 de
2752 400 3090 457 humanitate
3124 398 3427 466 principum
3483 408 3698 452 nostro.

433 508 614 579 φύσιν.
657 506 721 560 Τί
770 501 862 558 οῦν
920 519 1056 573 φατε
1104 502 1240 573 πρὸς
1290 500 1499 566 ταῦτα;
1543 500 1677 553 Οὐδὲ
1725 498 1835 570 γὰρ
1879 499 2014 568 ἁχα-

434 600 651 675 ρίστους
676 598 822 669 ὑμᾶς
845 594 1061 649 ἔσεσθαι
1092 595 1216 665 περὶ
1265 595 1363 664 τὴν
1399 590 1808 663 φιλανθρωπίαν
1835 590 2015 659 αὐτῶν

434 688 754 763 προσδοκῶ,
787 685 1084 757 ἐπειδήπερ
1125 685 1218 737 ἐπὶ¹
1255 682 1325 736 τὰ
1367 682 1561 753 βελτίω
1595 683 1739 752 ὑμᾶς
1780 678 2014 750 προτρέ-

434 799 646 836 πονται.
708 777 984 840 Διονύσιος
1032 775 1400 846 ἀπεκρίνατο⁸
1439 775 1515 827 Οὐ
1574 774 1773 835 πάντες
1808 771 2017 835 πάντας

435 869 801 945 προσκυνοῦσι
849 868 1026 932 θεοὺς,
1069 866 1184 920 ἀλλ’
1228 865 1450 918 ἕκαστοί
1497 881 1669 928 τινας,
1715 863 1810 927 οὒς
1862 862 2016 933 νομί-

435 966 636 1031 ζουσιν.
682 962 874 1032 Ἡμεῖς
916 958 1098 1011 τοίνυν
1123 958 1216 1011 τὸν
1257 957 1351 1009 ἕνα
1388 956 1521 1009 Θεὸν
1553 955 1645 1009 καὶ
1677 953 2018 1026 Δημιουργὸν

431 1055 544 1109 τῶν
591 1055 868 1116 ἁπάντων,
902 1050 996 1104 τὸν
1035 1049 1131 1102 καὶ
1166 1047 1264 1119 τὴν
1309 1048 1588 1118 βασιλείαν
1622 1047 2016 1118 ἐγχειρήσαντα

433 1149 546 1209 τοῖς
588 1143 1022 1213 θεοφιλεστάτοις
1072 1138 1422 1210 Οὐαλεριανῷ
1470 1139 1565 1192 καὶ
1607 1135 1886 1208 Γαλλιηνῷ
1924 1152 2018 1188 σε-

436 1239 675 1300 ϐαστοῖς,
707 1233 896 1287 τοῦτον
929 1234 1025 1286 καὶ
1057 1231 1287 1302 σέὸομεν
1320 1232 1414 1284 καὶ
1448 1228 1880 1302 προσκυνοῦμεν,
1925 1226 2019 1281 καὶ

435 1331 607 1399 τούτῳ
636 1326 900 1400 διηνεκῶς
921 1326 1060 1399 ὑπὲρ
1090 1327 1189 1396 τῆς
1216 1323 1495 1394 βασιλείας
1515 1323 1697 1377 αὐτῶν
1715 1323 1864 1385 ὅπως
1891 1320 2021 1375 ἀσάρ-

434 1422 620 1484 λευτος
639 1420 890 1492 διαμένῃ,
915 1413 1351 1487 προσευχόμεθα.
1370 1413 1687 1486 Αἰμιλιανὸς
1701 1413 1900 1466 διέπων
1921 1410 2019 1483 τὴν

434 1514 753 1587 ἠγεμονίαν,
798 1511 981 1573 αὐτοῖς
1015 1505 1166 1563 εἴπεο
1203 1508 1301 1573 Τίς
1344 1508 1454 1579 γὰρ
1506 1507 1652 1577 ὑμᾶς
1691 1503 1891 1558 κωλύει
1921 1502 2019 1557 καὶ

434 1610 622 1662 τοῦτον
661 1606 820 1677 εἴπερ
852 1605 970 1658 ἐστὶ
999 1602 1155 1668 Θεὸς,
1207 1601 1345 1673 μετά
1374 1601 1484 1654 τῶν
1516 1599 1657 1653 κατὰ
1689 1598 1850 1669 φύσιν
1883 1596 2022 1652 θεῶν

436 1701 759 1773 προσκυνεῖν
780 1715 794 1764 ;
821 1698 978 1761 θεοὺς
1000 1695 1110 1766 γὰρ
1135 1695 1314 1748 σέῧειν
1342 1692 1719 1762 ἐκελεύσθητε,
1748 1692 1845 1746 καὶ
1865 1690 2020 1753 θεοὺς

434 1795 530 1858 οὓς
562 1792 763 1855 πάντες
799 1790 965 1843 ἴσασι.
999 1787 1274 1850 Διονύσιος
1307 1786 1669 1857 ἀπεκρίνατοο
1712 1784 1902 1854 Ἡμεῖς
1929 1783 2020 1835 ού-

433 1887 559 1941 δένα
603 1886 790 1957 ἕτερον
837 1878 1264 1956 προσκυνοῦμεν.
1311 1878 1624 1951 Αἰμιλιανὸς
1670 1877 1870 1930 διέπων
1921 1876 2022 1947 τὴν

434 1978 752 2051 ἡγεμονίαν.
799 1978 982 2040 αὐτοῖς
1014 1970 1167 2028 εἶπεν
1186 1990 1199 2004 ·
1244 1972 1385 2045 Ὀρῶ
1419 1973 1566 2043 ὑμᾶς
1597 1968 1732 2042 ὁμοῦ
1763 1971 1859 2024 xai.
1894 1969 2024 2040 ἁχα-

437 2071 649 2145 ρίστους
679 2071 838 2133 ὄντας
876 2070 970 2122 καὶ
1014 2066 1375 2136 ἀναισθήτους
1420 2066 1518 2136 τῆς
1566 2064 1870 2136 πραότητος
1912 2061 2022 2115 τῶν

438 2161 715 2217 σεϐαστῶν
762 2161 871 2232 (53)
907 2158 1082 2231 ήμῶν.
1129 2158 1330 2228 Διόπερ
1364 2157 1465 2209 οὐκ
1510 2154 1701 2209 ἐσεσθε
1734 2157 1793 2209 ἐν
1822 2155 1889 2225 τῇ
1924 2153 2021 2206 πό-

390 2264 397 2271 ’
434 2253 514 2307 λει
546 2253 738 2325 ταύτῃ.
796 2251 957 2306 Ἀλλὰ
1000 2249 1448 2321 ἁποσταλήσεσθε
1491 2251 1573 2312 εἰς
1616 2247 1685 2302 τὰ
1736 2247 1875 2318 μέρη
1925 2247 2022 2316 τῆς

436 2345 662 2416 Λιϐύης,
697 2344 790 2398 καὶ
818 2345 876 2397 ἐν
907 2344 1057 2413 τόπῳ
1094 2341 1374 2413 λεγομένῳ
1404 2337 1609 2412 Κεφρὼ
1628 2356 1643 2370 ο
1686 2336 1877 2391 τοῦτον
1913 2336 2022 2408 γὰρ

434 2437 525 2492 τὸν
555 2437 721 2490 τόπον
752 2434 1084 2506 ἐξελεξάμην
1116 2437 1180 2488 ἐκ
1210 2434 1310 2504 τῆς
1355 2431 1659 2496 κελεύσεως
1701 2430 1811 2484 τῶν
1855 2429 2021 2482 σεϐα-

421 2529 577 2593 λστῶν
609 2527 788 2601 ἡμῶν.
824 2526 1089 2598 Οὐδαμῶς
1125 2526 1183 2579 δὲ
1213 2524 1429 2590 ἐξέσται
1458 2522 1583 2577 οὕτε
1614 2523 1744 2593 ὑμῖν
1774 2519 1896 2574 οὔτε
1925 2519 2021 2573 ἆλ-

434 2622 547 2685 λοις
576 2621 739 2685 τισὶν,
766 2619 800 2691 ἢ
835 2619 1085 2682 συνόδους
1118 2616 1409 2682 ποιεῖσθαι,
1445 2616 1480 2689 ἢ
1517 2618 1597 2679 είς
1619 2613 1690 2667 τὰ
1714 2610 2024 2683 καλούμενα

435 2715 765 2785 κοιμητήρια
796 2711 906 2784 (54)
936 2710 1181 2765 εἰσιέναι.
1219 2709 1281 2763 Ei
1313 2708 1371 2761 δέ
1401 2725 1486 2772 τις
1519 2706 1711 2778 φανείη
1757 2702 1832 2777 μὴ
1865 2704 2024 2773 γενό-

439 2821 601 2875 μενος
625 2806 705 2868 εἰς
727 2803 820 2857 τὸν
852 2803 1014 2856 τόπον
1042 2801 1234 2856 τοῦτον
1273 2800 1333 2855 ὃν
1361 2801 1645 2864 ἐκέλευσα,
1680 2803 1712 2872 ἢ
1760 2801 1818 2853 ἐν
1858 2815 2022 2853 συνα-

434 2899 590 2968 γωγῇ
628 2912 735 2950 τινι
779 2894 1052 2967 εὑρεθείη,
1090 2892 1270 2964 ἐαυτῷ
1299 2893 1391 2947 τὸν
1422 2893 1666 2948 κίνδυνον
1700 2892 2021 2964 ἐπαρτήσει.

442 2989 519 3042 06
552 2988 662 3060 γὰρ
691 2987 960 3057 ἐπιλείψει
1002 2990 1037 3059 ἡ
1074 2986 1271 3041 δέουσα
1301 2986 1677 3058 ἐπιστρέφεια.
1725 2986 2023 3054 ’Δπόστητε

2114 515 2256 565 rum,
2288 515 2391 569 qua
2421 499 2496 553 illi
2524 513 2653 567 erga
2684 510 2781 550 vos
2806 505 3054 548 utuntur.
3089 490 3254 546 Vobis
3285 492 3431 545 enim
3457 500 3698 559 potesta-

2118 601 2225 643 tem
2256 589 2503 643 fecerunt
2560 587 2753 642 salutis
2788 598 2982 640 vestrae
3041 583 3358 645 retinenda.
3402 584 3697 638 dummodo

2117 682 2182 736 ad
2210 681 2263 734 id
2296 682 2438 750 quod
2475 689 2684 734 natura:
2707 688 3133 732 consentaneum
3160 686 3244 730 est
3276 675 3428 740 ferri,
3456 675 3698 745 deosque

2116 773 2325 843 imperii
2356 773 2565 826 illorum
2602 771 2851 825 custodes
2884 771 3134 831 adorare,
3160 776 3214 822 et
3243 782 3431 820 eorum
3453 782 3573 835 qua:
3597 782 3697 820 na-

2118 873 2255 918 tura:
2285 862 2388 932 ipsi
2422 872 2725 932 repugnant
2750 861 2996 916 oblivisci
3033 859 3270 914 velletis.
3302 858 3440 924 Quid
3469 874 3598 929 ergo
3629 859 3695 912 ad

2118 958 2234 1012 haac
2264 954 2447 1011 dicitis
2469 955 2503 1023 ⁸1,
2541 954 2730 1023 Neque
2778 954 2923 1008 enim
2974 967 3072 1006 vos
3115 953 3328 1021 ingrato
3362 950 3546 1003 animo
3579 948 3697 1004 fore

2119 1065 2284 1121 Spero
2317 1052 2583 1104 adversus
2611 1063 2799 1103 eorum
2836 1046 3208 1107 clementiam,
3242 1043 3443 1113 quippe
3478 1056 3599 1096 cmn
3629 1041 3697 1095 ad

2120 1142 2343 1198 meliora
2376 1156 2471 1196 vos
2501 1141 2789 1195 traducere
2814 1146 3103 1194 conentur.
3149 1135 3440 1206 Dionysius
3477 1147 3701 1202 respon-

2119 1229 2198 1282 dit
2231 1247 2244 1283 :
2272 1226 2391 1282 Non
2442 1242 2633 1282 omnes
2661 1227 2729 1282 ab
2763 1224 3015 1281 omnibus
3052 1224 3307 1279 coluntur
3335 1223 3431 1289 dii,
3480 1225 3573 1276 sed
3605 1235 3701 1274 eos

2119 1318 2315 1388 singuli
2351 1318 2539 1373 colunt
2563 1332 2699 1387 quos
2734 1316 3078 1371 arbitrantur
3126 1314 3280 1368 deos.
3313 1311 3424 1367 Nos
3475 1310 3699 1380 quidem

2120 1428 2283 1465 unum
2318 1411 2486 1465 Deum
2533 1409 2778 1465 omnium
2814 1424 2995 1463 rerum
3048 1408 3301 1478 Opilicem
3329 1449 3346 1473 ,
3388 1411 3484 1477 qui
3539 1406 3698 1462 Vale-

2122 1505 2280 1559 riano
2307 1515 2363 1558 et
2385 1502 2638 1559 Gallieno
2676 1502 3069 1558 sacratissimis
3097 1501 3360 1573 Augustis
3414 1501 3701 1571 imperium

2122 1596 2366 1658 tradidit,
2390 1595 2617 1650 colimus
2638 1604 2693 1649 et
2714 1593 3025 1649 adoramus.
3045 1591 3181 1649 Huic
3204 1592 3490 1648 continuas
3512 1605 3704 1662 preces

2121 1688 2403 1743 oﬂ'erimus
2434 1702 2530 1757 pro
2560 1688 2790 1758 imperio
2822 1686 3062 1752 illorum,
3112 1695 3172 1741 ut
3196 1686 3395 1742 stabile
3422 1697 3480 1741 et
3507 1686 3701 1742 incon-

2122 1796 2340 1837 cussum
2371 1790 2706 1851 permaneat.
2731 1779 3063 1836 Emilianus
3090 1779 3376 1846 prtefectus
3401 1778 3596 1834 iterum
3621 1781 3705 1835 di-

2123 1874 2204 1930 xit
2232 1891 2248 1930 :
2281 1873 2416 1939 Quis
2444 1888 2574 1928 vero
2600 1888 2695 1928 vos
2722 1871 2998 1941 prohibet,
3032 1871 3329 1940 quominus
3366 1880 3424 1925 et
3461 1871 3622 1933 hunc,
3655 1871 3703 1926 si

2122 1967 2340 2035 quidem
2370 1965 2513 2021 Deus
2557 1974 2665 2031 est,
2695 1979 2822 2019 cum
2854 1963 2921 2018 iis
2951 1963 3043 2033 qui
3076 1972 3271 2017 natura
3311 1962 3384 2017 dii
3434 1972 3562 2018 sunt
3609 1963 3707 2016 ad-

2121 2059 2329 2115 oretis?
2355 2057 2497 2114 Deos
2532 2058 2679 2113 enim
2707 2057 2892 2112 colere
2923 2056 3058 2128 jussi
3108 2056 3264 2120 estis,
3315 2070 3520 2126 eosque
3568 2068 3707 2125 quos

2122 2154 2307 2208 cuncti
2339 2161 2540 2207 norunt
2577 2152 2728 2207 deos.
2753 2152 3045 2224 Dionysius
3072 2151 3396 2222 respondit:
3432 2150 3542 2206 Nos
3584 2149 3706 2205 nul-

2121 2245 2234 2300 lum
2263 2245 2429 2300 alium
2454 2248 2765 2300 adoramus.
2795 2243 3132 2300 Emilianus
3180 2243 3473 2314 praefectus
3518 2243 3657 2298 dixit
3683 2259 3700 2297 :

2127 2338 2296 2393 Video
2319 2353 2414 2393 vos
2438 2338 2681 2408 ingratos
2709 2352 2833 2393 esse
2865 2336 3025 2392 simul
3056 2352 3119 2391 ac
3142 2336 3408 2405 stnpidos,
3458 2336 3550 2405 qui
3591 2334 3704 2391 cle-

2123 2431 2391 2486 mentiam
2438 2431 2809 2502 Augustorum
2848 2429 3070 2485 minime
3116 2431 3386 2485 sentiatis.
3431 2427 3709 2496 Quamob-

2124 2536 2239 2576 rem
2270 2535 2378 2576 non
2407 2520 2700 2576 manebitis
2727 2522 2780 2575 in
2806 2521 2908 2576 hac
2936 2520 3106 2587 urbe,
3163 2521 3259 2576 sed
3309 2521 3600 2575 miltemini
3650 2521 3707 2576 in

2122 2621 2309 2682 partes
2341 2610 2526 2681 Libyae
2554 2612 2620 2666 ad
2654 2612 2830 2667 locum
2863 2612 2956 2681 qui
3004 2612 3208 2667 dicitur
3252 2611 3491 2682 Cepbro.
3548 2610 3710 2670 Hunc

2124 2705 2270 2759 enim
2327 2703 2505 2759 locum
2534 2704 2689 2773 jussu
2746 2704 3116 2774 Augustorum
3166 2714 3479 2759 nostrorum
3544 2703 3705 2776 elegi.

2124 2794 2445 2852 anlatenus
2483 2805 2664 2851 autem
2698 2795 2888 2853 licebit
2937 2796 3094 2851 vobis
3145 2811 3245 2851 nec
3292 2796 3710 2867 quibuscunqne

2125 2888 2272 2953 aliis,
2305 2898 2818 2959 conventus‘agere,
2846 2898 2941 2944 aut
2968 2903 3032 2944 ea
3057 2904 3178 2959 quae
3209 2899 3475 2943 vocantur
3502 2904 3711 2945 euante-

2129 2982 2266 3037 teria
2301 2981 2476 3038 adire.
2506 2979 2659 3048 Quod
2685 2981 2730 3036 si
2757 2982 2881 3051 quis
2904 2981 2972 3037 ad
3003 2997 3128 3037 eum
3158 2995 3323 3050 quem
3354 2979 3492 3050 iussi
3531 2980 3708 3034 locum

435 3076 528 3133 οὖν
547 3080 678 3132 ὅπου
697 3076 1074 3150 ἐκελεύσθητε.
1090 3107 1160 3119 -
1176 3078 1289 3131 Καὶ
1303 3075 1560 3132 νοσοῦντα
1588 3077 1646 3132 δέ
1675 3093 1741 3148 με
1757 3078 2022 3148 κατήπει-

2131 3072 2353 3128 minime
2377 3073 2656 3144 prolectus
2694 3074 3155 3144 deprehendetur,
3186 3080 3280 3127 aut.
3330 3075 3386 3127 in
3437 3080 3710 3127 conventu

437 3168 547 3235 ξεν,
585 3168 709 3223 οὐδὲ
753 3169 881 3240 μιᾶς
923 3168 1218 3239 ὑπέρθεσιν
1260 3168 1387 3232 δοὺς
1431 3168 1670 3240 ἡμέρας.
1719 3168 1886 3222 Ποίαν
1927 3164 2022 3222 οὖν

436 3262 516 3316 ἔτι
549 3262 660 3333 (55)
686 3261 782 3315 τοῦ
816 3262 1069 3330 συνάγειν
1096 3259 1128 3332 ἦ
1162 3260 1237 3332 μὴ
1269 3259 1520 3329 συνάγειν
1550 3257 1695 3330 εἶχον
1725 3259 1958 3330 σχολήν;
1999 3279 2018 3313 ι

436 3351 571 3409 Εἶτα
606 3353 724 3425 μεθ’
762 3353 927 3424 ἒξειεράι
972 3368 1155 3425 φησιν’
1208 3371 1228 3404 ⁸
1278 3351 1416 3405 Ἀλλ’
1451 3352 1571 3405 οὐδὲ
1618 3352 1720 3422 τῆς
1762 3353 2025 3423 αἰσθητῆς

437 3448 598 3516 ἡμεῖς
628 3445 763 3516 μετὰ
785 3443 880 3498 τοῦ
909 3444 1115 3516 Κυρίου
1147 3443 1469 3513 συναγωγῆς
1492 3444 1826 3516 ἀπέστημεν.
1867 3440 2027 3498 ’Λλλὰ

438 3539 565 3600 τοὺς
597 3537 694 3607 μὲν
721 3537 779 3588 ἐν
817 3538 884 3607 τῇ
913 3534 1064 3589 πόλει
1099 3534 1514 3606 σπουδαιότερον
1550 3535 1911 3607 συνεκρότουν
1949 3536 2027 3600 ὡς

442 3627 639 3687 συνὼν,
665 3625 821 3681 ἀπὼν
858 3627 957 3698 μὲν
988 3626 1064 3698 τῷ
1096 3625 1329 3697 σώματι,
1359 3626 1435 3691 ὡς
1468 3629 1641 3681 εἰπεῖν
1672 3626 1805 3699 (56),
1839 3626 2027 3696 παρὼν

439 3719 496 3773 δέ
524 3717 602 3790 τῷ
631 3718 921 3789 πνεύματι.
965 3719 1052 3770 Ἐν
1073 3717 1130 3771 δὲ
1152 3720 1219 3789 τῇ
1241 3719 1471 3789 Κεφροῖ,
1503 3717 1597 3771 καὶ
1627 3718 1795 3789 πολλὴ
1828 3735 2027 3771 συνεπ-

442 3809 710 3883 εδήμησεν
753 3812 885 3881 ἡμῖν
930 3809 1215 3881 ἐκκλησία,
1256 3810 1364 3863 τῶν
1407 3811 1505 3880 μὲν
1532 3809 1642 3864 ἀπὸ
1669 3811 1769 3882 τῆς
1819 3809 2028 3877 πόλεως

440 3902 683 3970 ἀδελφῶν
717 3902 1019 3973 ἑπομένων,
1053 3900 1161 3955 τῶν
1193 3902 1251 3956 δέ
1295 3901 1561 3956 συνὸνοων
1600 3904 1695 3956 ἀπ’
1725 3902 2022 3972 Αἰγύπτου.

441 3995 618 4050 Κάκεῖ
656 3992 827 4063 θύραν
856 3995 988 4064 ἡμῖν
1018 3996 1046 4048 6
1076 3993 1208 4058 Θεὸς
1239 3991 1442 4063 ἀνέῳξε
1472 3992 1567 4046 τοῦ
1600 3993 1780 4063 λόγου.
1816 3994 1927 4049 Καὶ
1966 3992 2028 4047 τὸ

446 4085 546 4156 μὲν
572 4084 788 4157 πρῶτον
815 4084 1171 4157 ἐδιώχθημεν,
1205 4085 1683 4157 ἐλιθοὸολήθημεν,
1716 4085 1944 4159 ὕστερον
1970 4085 2027 4140 δέ

440 4194 584 4242 τινες
614 4177 713 4231 οὐκ
740 4176 909 4245 ὀλίγοι
940 4175 1046 4230 τῶν
1086 4175 1255 4232 ἐθνῶν
1283 4177 1352 4231 τὰ
1387 4177 1580 4231 εἴδωλα
1610 4178 2025 4244 καταλιπόντες,

443 4268 785 4340 ἐπέστρεψαν
818 4269 912 4321 ἐπὶ
936 4268 1026 4321 τὸν
1060 4269 1210 4323 Θεόν.
1249 4270 1324 4322 Οὐ
1359 4271 1624 4342 πρότερον
1655 4269 1764 4341 γὰρ
1790 4270 2029 4343 παραδε-

445 4360 699 4431 ξαμένοις
726 4360 929 4423 αὐτοῖς,
965 4360 1086 4413 τότε
1122 4360 1338 4432 πρῶτον
1385 4361 1453 4415 δι’
1484 4360 1641 4433 ἡμῶν
1671 4364 1700 4416 6
1733 4362 1890 4431 λόγος
1931 4364 2029 4417 ἐπ·-

2126 3167 2312 3235 aliquo
2339 3166 2503 3221 fuerit
2530 3167 2806 3231 inventus,
2842 3165 2890 3221 is
2920 3165 3027 3221 sibi
3060 3167 3174 3234 ipse
3199 3167 3498 3235 periculum
3530 3180 3713 3219 arces-

2127 3266 2231 3311 set.
2259 3256 2374 3310 Non
2405 3256 2552 3312 enim
2582 3256 2759 3311 deerit
2793 3271 3033 3327 congrua
3057 3256 3486 3312 animadversio.
3509 3257 3712 3312 Absce-

2126 3349 2241 3404 dite
2274 3348 2443 3419 igitur
2465 3363 2572 3418 quo
2590 3348 2729 3417 jnssi
2769 3347 2925 3403 estis.
2958 3348 3356 3417 -—Statimque
3384 3363 3469 3402 me
3496 3350 3711 3405 tametsi

2126 3451 2483 3511 aegrotantem
2549 3441 2829 3511 proﬁcisci
2890 3439 3169 3512 compulit,
3206 3453 3275 3494 ne
3324 3439 3430 3494 diei
3482 3439 3710 3510 quidem

2129 3533 2291 3588 unius
2343 3532 2601 3588 dilatione
2655 3546 2938 3587 concessa.
2998 3530 3280 3599 Quomodo
3340 3529 3509 3601 igitur
3582 3543 3715 3584 con-

2129 3634 2323 3679 ventus
2373 3639 2534 3694 agere
2584 3635 2675 3679 aut
2723 3640 2829 3680 non
2873 3640 3038 3694 agere
3087 3640 3314 3680 vacuum
3378 3625 3512 3680 mihi
3555 3625 3715 3680 dein-

2128 3732 2258 3786 ceps
2308 3717 2459 3772 fuit?
2527 3736 2547 3770 ι
2612 3717 2810 3773 Paucis
2872 3719 3069 3773 deinde
3146 3717 3712 3789 interjectis,addit:

2129 3807 2295 3879 259
2326 3828 2344 3860 ι
2374 3808 2480 3863 Sed
2506 3824 2720 3877 nequea
2741 3810 3006 3879 corporali
3043 3820 3331 3876 conventu,
3364 3810 3592 3866 Domino
3622 3810 3716 3880 ju-

2129 3912 2313 3965 vante,
2345 3899 2641 3956 abfnimus.
2675 3899 2874 3955 Verum
2897 3916 2994 3956 eos
3026 3902 3196 3971 quiin
3229 3902 3364 3957 urbe
3394 3914 3573 3967 erant,
3614 3918 3715 3974 pe-

2130 3994 2287 4050 rinde
2313 4010 2378 4049 ac
2397 3994 2442 4049 si
2464 3994 2734 4057 adessem,
2761 3993 2966 4063 majore
2989 3994 3172 4048 studio
3189 3995 3514 4065 congregavi
3542 3996 3594 4049 in
3622 4010 3716 4050 ec-

2128 4085 2387 4153 clesiam;
2421 4085 2852 4153 absensquidem
2870 4098 3118 4153 corpore,
3141 4094 3199 4139 ut
3219 4085 3330 4155 jam
3362 4086 3500 4150 dixi,
3530 4085 3715 4141 animo

2129 4186 2309 4232 autem
2345 4190 2605 4247 prmsens.
2628 4176 2783 4244 Apud
2806 4175 3022 4244 Cephro
3050 4190 3182 4230 vero
3207 4176 3490 4230 nobiscum
3518 4191 3713 4246 magna

2131 4269 2372 4323 ﬁdelium
2404 4267 2582 4323 adfuit
2635 4267 2945 4333 multitudo,
2998 4268 3198 4338 partim
3266 4283 3455 4323 eorum
3513 4269 3605 4337 qui
3643 4270 3713 4323 ab

2130 4360 2268 4413 urbe
2310 4374 2408 4413 nos
2439 4357 2613 4413 secuti
2639 4358 2880 4421 fuerant,
2911 4356 3108 4426 partim
3138 4356 3366 4409 aliorum
3395 4354 3486 4424 qui
3517 4369 3585 4409 ex
3623 4370 3716 4407 re-

444 4453 679 4525 εσπόιρη.
710 4452 821 4506 Καὶ
859 4452 1046 4525 ὥσπερ
1076 4452 1264 4507 τούτου
1305 4452 1491 4525 ἕνεκεν
1523 4453 1829 4533 ἀπαγαγὼν
1875 4456 2022 4526 ἡμᾶς

2133 4451 2281 4521 liqua
2309 4449 2549 4526 Egypto
2571 4446 2934 4505 conﬂuebant.
2958 4447 3032 4503 lbi
3062 4462 3278 4518 quoque
3299 4448 3522 4515 januam
3556 4445 3714 4501 nobis

443 4546 579 4617 πρὸς
630 4545 827 4608 αὐτοὺς
874 4545 903 4596 6
958 4544 1113 4610 Θεὸς,
1168 4546 1293 4599 ἐπεὶ
1341 4544 1440 4618 τὴν
1494 4545 1771 4601 διακονίαν
1819 4545 2024 4623 ταύτην

443 4636 861 4709 ἐπληρώσαμεν,
895 4636 1054 4689 πάλιν
1082 4638 1418 4709 ἀπαγήοχεν.
1474 4638 1535 4693 '0
1571 4638 1681 4710 γὰρ
1710 4639 2025 4711 Αἰμιλιανὸς

515 4812 628 4884 ('53)
671 4814 1011 4880 Πραότητος
1050 4808 1171 4867 τῶν
1210 4815 1546 4872 σεϐαστῶν.
1574 4815 1743 4871 Codd.
1795 4817 1934 4873 Med.
1967 4827 2023 4874 ct

443 4881 813 4956 Mastaddnnt
842 4883 1018 4956 ἡμῶν,
1047 4885 1247 4956 quibus
1281 4888 1554 4956 consentit
1582 4890 1749 4941 codex
1777 4887 1914 4944 Fuit.

521 4950 1080 5024 (ὅθηΚοιμήὶ-ήριαξ
1133 4950 1310 5008 Latini
1366 4970 1520 5010 areas
1584 4962 1895 5021 vocabant,
1949 4957 2021 5011 ita

446 5022 811 5077 Tertullianus
870 5027 922 5076 iu
975 5025 1112 5077 libro
1155 5025 1225 5076 ad
1264 5024 1586 5092 Scapulam,
1637 5037 1690 5082 et
1737 5028 1788 5082 in
1840 5026 2023 5083 Gestis

446 5093 788 5168 purgationis
820 5092 1097 5168 Caeciliani
1123 5093 1503 5168 :_Nam_ciucs
1547 5096 1605 5149 in
1654 5114 1780 5151 area
1826 5108 2027 5168 marty-

448 5160 575 5233 rum"
612 5163 824 5233 [uerunt
859 5161 1072 5217 inclusi.
1123 5162 1192 5217 Et
1237 5165 1288 5217 in
1317 5160 1486 5219 Gestis
1531 5168 1868 5233 purgationis
1918 5160 2027 5223 Fe-

450 5232 571 5304 licis
611 5232 626 5289 ε
662 5232 835 5287 Tollat
877 5233 1069 5304 aliquis
1110 5233 1177 5288 de
1219 5235 1405 5289 vestris
1445 5237 1501 5290 iu
1534 5232 1739 5304 aream,
1777 5239 1863 5292 ubi
1898 5255 2026 5294 ora-

450 5302 615 5357 tiones
641 5304 838 5373 facilia.

522 5369 864 5446 (55)’Ποζαν
914 5369 1032 5429 οὖν
1069 5374 1178 5429 ἔτι.
1215 5373 1603 5446 ίΑιιοιιειιίιιιιιιι-
1649 5377 1858 5433 scilicet
1904 5378 2029 5434 Dio-

453 5444 641 5516 nysius
686 5461 717 5498 a
750 5444 1042 5508 Germano,
1084 5445 1226 5513 quod
1283 5456 1580 5500 conventus
1629 5446 1861 5502 fratrum
1917 5466 2024 5505 non

454 5513 735 5589 habuisset
781 5525 907 5568 ante
957 5527 1205 5589 exortam
1241 5518 1712 5589 persecutionem,
1746 5520 1850 5589 sed
1899 5518 2025 5589 fuga

452 5585 614 5639 S:t|ttli
666 5600 778 5638 sua:
835 5586 1223 5653 prosltexiSset.
1271 5586 1497 5651 Quoties
1545 5589 1688 5640 enim
1743 5585 2027 5655 ingruebat

455 5656 782 5722 persecutio,
828 5656 1074 5709 solebant
1120 5655 1273 5720 prius
1307 5657 1544 5725 episcopi
1593 5658 1844 5726 populum
1894 5674 2026 5713 con-

458 5740 702 5795 gregare,
748 5736 803 5780 ut
836 5741 957 5781 cum
992 5727 1059 5781 ad
1108 5728 1446 5782 retinendam
1486 5729 1686 5785 Christi
1726 5728 1884 5784 ﬁdem
1930 5745 2022 5786 cx-

2130 4543 2391 4612 patefecit
2415 4541 2558 4598 Deus
2588 4542 2656 4596 ad
2697 4540 3139 4609 pmdicationem
3173 4541 3320 4593 verbi
3367 4540 3474 4594 sui.
3509 4540 3576 4595 Et
3607 4540 3711 4594 ini-

2129 4638 2207 4694 tio
2235 4636 2457 4708 quidem
2485 4634 2922 4706 persecutionem
2950 4632 3098 4704 passi
3147 4645 3205 4688 et
3237 4632 3507 4702 lapidibus
3540 4633 3717 4702 impe-

2130 4818 2503 4872 hertarentur.
2574 4814 2780 4870 Deinde
2859 4812 3094 4867 infantes
3155 4820 3209 4868 et
3286 4815 3716 4869 catechumenos

2130 4888 2498 4955 baptizabant,
2533 4903 2600 4939 ne
2645 4886 2763 4938 sine
2809 4885 3079 4955 baptismo
3118 4898 3184 4937 ex
3227 4884 3329 4939 hac
3365 4884 3472 4938 vita
3509 4882 3714 4954 migra-

2132 4954 2294 5023 rent;
2335 4966 2388 5009 et
2437 4955 2840 5010 Eurharistiam
2891 4954 3139 5008 lidelibus
3189 4955 3544 5018 dividebant,
3591 4969 3718 5010 cum

2135 5030 2404 5081 incertum
2435 5036 2577 5080 esset
2629 5026 2862 5090 quandiu
2893 5025 3153 5077 duratura
3189 5035 3337 5080 esset
3379 5025 3710 5092 persecutio.

2135 5097 2304 5163 Quem
2357 5112 2562 5150 morem
2598 5094 2781 5149 docuit
2824 5109 2922 5149 nos
2971 5092 3173 5148 factum
3224 5095 3477 5150 Dorotbei
3534 5093 3717 5163 cujus-

2136 5171 2258 5221 dam
2314 5165 2816 5221 Thess:donicensis
2879 5164 3160 5233 episcopi,
3217 5167 3554 5236 temporibus
3601 5165 3707 5236 {u-

2135 5239 2286 5308 stini,
2322 5238 2463 5308 quod
2502 5237 2739 5308 refertur
2774 5236 2825 5308 in
2878 5235 3237 5308 suggestione,
3271 5234 3561 5308 Germaui,
3609 5234 3716 5291 Fe-

2135 5307 2255 5362 licis
2297 5304 2354 5361 et
2400 5306 2681 5373 Dioscori,
2724 5307 2891 5361 missa
2937 5304 3005 5360 ad
3051 5305 3399 5362 Hormisdam
3430 5304 3536 5359 PP.
3569 5321 3716 5360 anno

2134 5377 2334 5433 Christi
2372 5377 2499 5432 5|9.

2182 5379 2334 5432 hristi
2372 5379 2499 5432 5|9.

2207 5446 2319 5519 (56)
2364 5444 2731 5519 κἈπὼν-
2766 5443 2869 5519 τῷᾼ
2895 5444 3149 5519 σώμαζι,
3170 5447 3251 5514 ὡς
3282 5443 3492 5519 είίπεῖν.
3524 5443 3615 5519 Sic
3653 5445 3714 5519 in

2133 5513 2467 5572 coddalilaz.
2501 5528 2566 5588 et.
2588 5513 2734 5572 Med.
2766 5513 3045 5588 scribitur.
3086 5513 3241 5588 Vulg.
3271 5513 3445 5588 εἶπον.
3480 5517 3538 5588 lu
3572 5513 3710 5588 Enk.
3770 5560 3775 5565 .

2133 5601 2189 5642 et
2235 5590 2403 5642 Saril.
2435 5581 2696 5657 scriptum
2748 5588 2926 5640 inveni
2968 5586 3045 5650 ὡς
3098 5581 3251 5641 εἶπεν
3302 5588 3331 5639 6
3369 5586 3711 5651 Ἀπόστολος.

2135 5661 2295 5715 Certe
2325 5659 2513 5712 alludit
2542 5658 2838 5728 Dionysius
2867 5658 2935 5715 ad
2960 5658 3138 5714 locum
3169 5658 3410 5727 Apostoli
3439 5657 3492 5712 in
3530 5659 3714 5729 priore

2134 5732 2201 5785 ad
2236 5730 2485 5787 Corinth.
2522 5744 2642 5800 cap.
2676 5743 2725 5783 v.
