4222 6388
441 286 544 343 669

1432 286 1791 343 HISTORIA?
1828 286 2383 346 ECCLESIASTICAS
2425 292 2555 347 LIB.
2597 291 2707 346 VII.

3614 281 3716 338 670

443 409 677 462 ἐπαίνων
712 408 1051 480 ἡγεμονικῶν
1083 410 1177 463 καὶ
1210 408 1570 481 βουλευτικῶν
1603 409 1714 477 (42)
1747 426 2022 479 καταφρο-

2129 418 2299 466 turos.
2329 414 2434 467 Eos
2477 414 2677 482 quippe
2707 423 3032 465 accessuros
3058 409 3240 475 ibique
3267 413 3718 467 commoraturus,

442 502 644 570 νήσεις,
680 501 774 553 καὶ
805 501 911 553 τῶν
943 501 1200 554 ἐναντίων
1233 500 1492 564 ἀπειλῶν,
1519 502 1612 553 καὶ
1636 503 2021 573 καταϐοήσεων

442 594 538 645 καὶ
581 590 860 656 κινδύνων,
911 593 1006 646 καὶ
1047 592 1303 662 διωγμῶν
1351 594 1447 646 καὶ
1494 592 1704 664 πλάνης
1754 595 1847 647 καὶ
1899 611 2020 647 στε-

441 682 730 752 νοχωρίας,
760 684 854 737 καὶ
887 684 1136 754 ποικίλης
1181 683 1413 752 θλίψεως
1454 684 1760 755 ύπομονὴν;
1806 680 1907 738 Οἷα
1954 686 2023 740 τά

440 773 762 831 ἐπὶ-,Δεκίου
797 776 891 829 καὶ
933 775 1162 829 Σαϐίνου
1196 774 1306 844 (45)
1342 776 1625 847 συμϐάντα
1660 794 1770 847 μοι,
1800 772 1890 830 οἷα
1926 776 2022 847 μέ-

441 882 543 936 χρι
570 863 665 918 νῦν
698 865 1035 936 Αἰμιλιανοῦ.
1067 866 1177 918 Ποῦ
1209 866 1266 920 δὲ
1296 868 1574 940 Γερμανὸς
1608 867 1815 937 ἐφάνης
1858 867 1941 930 τίς
1965 867 2023 920 δὲ

444 956 573 1027 περὶ
616 955 783 1011 αὑτοῦ
829 957 1017 1025 λόγος;
1081 958 1240 1013 Ἀλλὰ
1304 959 1407 1030 τῆς
1458 959 1659 1030 πολλῆς
1710 958 2023 1031 ἀφροσύνης

440 1050 520 1111 εἰς
538 1048 606 1118 ἣν
638 1048 898 1117 ἐμπίπτω
916 1048 1006 1102 διὰ
1036 1049 1076 1101 Γ
1078 1049 1334 1121 ερμανὸν,
1377 1050 1626 1121 ὑφίεμαι·
1673 1049 1755 1103 διὸ
1793 1050 1887 1104 κού⁴
1923 1049 2021 1119 τὴν

442 1139 563 1192 καθ’
595 1138 823 1193 ἕκαστον
852 1139 960 1193 τῶν
982 1141 1287 1211 γενομένων
1327 1141 1599 1212 διήγησιν,
1637 1142 1874 1213 παρίημι
1910 1145 2022 1206 τοῖς

441 1231 636 1284 εἰδόσιν
679 1231 927 1300 ἀδελφοῖς
969 1231 1169 1300 λέγειν.
1220 1252 1238 1284 ι
1294 1234 1349 1286 '0
1403 1234 1447 1287 δ’
1500 1234 1662 1298 αὐτὸς
1709 1234 1803 1286 καὶ
1849 1236 1906 1286 ἐν
1953 1236 2019 1305 τῇ

441 1322 580 1393 πρὸς
605 1322 861 1393 Δομέτιον
899 1324 993 1376 καὶ
1035 1323 1264 1394 Δίδυμον
1311 1324 1566 1395 ἐπιστολῇ
1599 1325 1707 1377 τῶν
1745 1324 1889 1394 ἀμφὶ
1930 1323 2021 1376 τὸν

439 1411 678 1483 διωγμὸν
729 1409 886 1476 αὖθις
940 1414 1267 1484 μνημονεύει
1319 1415 1379 1467 ἐν
1427 1414 1666 1478 τούτοις
1710 1434 1727 1466 ι
1786 1416 1924 1477 Τοὺς
1965 1414 2022 1468 δὲ

440 1504 742 1575 ἡμετέρους
774 1504 1000 1568 πολλούς
1030 1522 1089 1559 τε
1121 1504 1280 1569 ὄντας
1312 1507 1406 1563 καὶ
1447 1505 1695 1574 ἀγνῶτας
1737 1506 1884 1576 ὑμῖν,
1926 1522 2023 1559 πε-

444 1597 629 1668 ρισσὸν
668 1597 926 1668 ὀνομαστὶ
972 1598 1322 1666 καταλέγειν*
1376 1597 1512 1669 πλὴν
1557 1598 1668 1651 ῐστε
1718 1599 1799 1652 ὅτι
1833 1598 2023 1671 ἄνδρες

442 1687 537 1739 καὶ
568 1689 845 1754 γυναῖκες,
897 1690 991 1742 καὶ
1020 1688 1129 1742 νέοι
1158 1690 1254 1742 καὶ
1298 1690 1571 1761 γέροντες,
1606 1692 1700 1745 καὶ
1732 1690 1897 1761 κόραι
1928 1691 2021 1744 καὶ

2125 514 2180 557 et
2214 514 2472 569 tanquam
2503 506 2555 558 in
2589 504 2923 558 suburbanis
2966 500 3373 562 remotioribus,
3419 498 3717 567 particula-

2127 608 2216 646 res
2254 593 2364 648 illic
2419 605 2720 648 conventus
2774 593 3009 646 futuros.
3067 591 3236 658 quue
3285 590 3359 643 ita
3405 588 3654 656 contigit.
3691 605 3710 639 ι

2128 684 2332 738 Deinde
2357 685 2518 753 paulo
2569 694 2689 752 post
2723 684 2789 737 de
2822 683 2908 736 his
2957 697 3078 752 qua:
3139 681 3245 736 sibi
3292 680 3609 734 acciderunt
3642 677 3715 730 ita

2124 776 2322 829 scribit
2358 794 2370 829 :
2413 795 2432 827 ι
2456 775 2578 829 οὸειι
2609 776 2845 830 fortasse
2874 774 3178 829 Germanus
3228 772 3413 827 multis
3439 771 3558 824 lidei
3588 784 3719 824 con-

2124 865 2455 921 fessionibus
2480 866 2793 937 gloriatur;
2832 865 3004 919 multa
3040 866 3340 934 praedicare
3388 871 3566 933 potest
3616 862 3715 916 ad-

2123 972 2316 1013 versus
2339 973 2398 1012 se
2427 968 2600 1028 gesta.
2649 958 2792 1025 Quot
2813 972 2941 1012 vero
2968 972 3292 1011 enumerare
3321 964 3499 1025 potest
3529 954 3715 1024 periu-

2124 1049 2190 1102 de
2222 1058 2385 1117 atque
2429 1064 2564 1117 ego,
2616 1050 2915 1103 sententias
2975 1049 3240 1119 iudicum,
3302 1046 3714 1117 publicationes,

2123 1140 2587 1208 proscriptiones,
2622 1141 2959 1209 direptiones
3009 1140 3277 1194 bonorum
3313 1156 3327 1192 :
3384 1137 3716 1207 abjectiones

2123 1230 2473 1299 dignitatum,
2504 1239 2846 1297 contemptus
2900 1231 3087 1300 gloria:
3146 1228 3458 1292 saecularis,
3494 1227 3708 1281 laudum

2124 1336 2152 1374 a
2201 1322 2471 1391 praefectis
2507 1337 2582 1378 ac.
2625 1322 3018 1378 decurionibus
3102 1321 3464 1390 prolectarum
3518 1320 3705 1386 despe-

2124 1423 2246 1468 ctus
2281 1413 2591 1469 :minarum
2638 1412 2872 1481 denique
2905 1426 3024 1479 qua:
3065 1424 3246 1464 coram
3287 1408 3707 1462 intentabantur.

2126 1502 2600 1569 vociferatiouum,
2627 1502 3029 1567 discriminum,
3062 1501 3530 1571 persecutionum,
3552 1499 3708 1569 fuga,

2124 1609 2490 1650 aerumnarum
2514 1604 2568 1649 et
2586 1593 2996 1664 cuiusquemodi
3034 1592 3307 1647 malorum
3331 1591 3708 1656 tolerantiam;

2129 1687 2431 1757 cuiusmodi
2469 1694 2598 1743 sunt
2625 1701 2688 1740 ea
2721 1701 2842 1752 quae
2864 1686 2966 1741 sub
3003 1684 3169 1739 Decio
3190 1693 3243 1738 et
3267 1683 3489 1749 Sabino,
3519 1690 3573 1738 et
3591 1698 3707 1752 quae

441 1778 814 1849 πρεσϐύτιδες,
854 1781 949 1834 καὶ
983 1780 1312 1851 στρατιῶται
1355 1782 1450 1835 καὶ
1505 1782 1733 1846 ἰδιῶται,
1790 1783 1885 1837 καὶ
1918 1785 2028 1837 πᾶν

2138 1780 2191 1834 in
2221 1780 2367 1835 hunc
2398 1795 2569 1849 usque
2614 1779 2756 1833 diem
2788 1777 2891 1833 sub
2942 1776 3240 1833 IEmiliano
3274 1778 3430 1832 nobis
3471 1776 3708 1846 contige-

441 1872 597 1941 γένος
640 1873 734 1926 καὶ
784 1875 932 1926 πάσα
976 1873 1182 1943 ἡλικία,
1233 1875 1282 1927 oi
1335 1874 1432 1945 μὲν
1476 1873 1565 1927 διὰ
1613 1874 1891 1945 μαστίγων
1934 1875 2027 1928 καὶ

444 1963 636 2035 πυρὸς,
686 1965 736 2017 oi
784 1964 843 2016 δὲ
891 1965 980 2018 διὰ
1033 1965 1251 2036 σιδήρου
1302 1967 1392 2019 τὸν
1441 1964 1628 2035 ἀγῶνα
1680 1968 2022 2038 νικήσαντες,

441 2057 569 2117 τοὺς
604 2054 897 2122 στεφάνους
942 2056 1312 2125 ἀπειλήφασι·
1355 2059 1471 2120 τοῖς
1521 2057 1579 2112 δὲ
1623 2058 1685 2110 οὐ
1733 2057 2025 2128 πάμπολυς

441 2144 721 2216 αὐτάρκης
750 2145 930 2215 ἀπέϐη
973 2145 1187 2216 χρόνος,
1218 2146 1301 2209 είς
1331 2144 1393 2199 τὸ
1424 2145 1659 2217 φανῆναι
1697 2146 1920 2210 δεκτοὺς
1950 2144 2026 2217 τῷ

441 2237 657 2308 Κυρίῳ·
701 2236 892 2308 ὥσπερ
934 2232 1025 2290 οὖν
1066 2235 1210 2289 ἔοικε
1267 2236 1402 2309 μηδὲ
1443 2239 1565 2309 ἐμοὶ
1624 2238 1654 2291 ὃ
1709 2238 1870 2311 μέχρι
1903 2238 2019 2293 νῦν.

442 2329 641 2400 Διόπερ
669 2330 750 2392 είς
769 2329 828 2381 ὃν
861 2324 997 2382 οἶδεν
1024 2327 1186 2387 αὐτὸς
1229 2329 1534 2399 ἐπιτήδειον
1581 2329 1772 2403 καιρὸν
1825 2331 2023 2404 ὑπερέ-

443 2420 565 2473 θετό
602 2437 688 2490 με,
718 2422 747 2473 ὁ
777 2419 966 2488 λέγων·
999 2436 1017 2468 ι
1043 2419 1234 2491 Καιρῷ
1266 2420 1440 2491 δεκτῷ
1466 2421 1749 2492 ἐπήκουσά
1780 2438 1897 2487 σου,
1929 2424 2024 2476 καὶ⁸

438 2509 497 2562 ἐν
540 2508 729 2580 ἡμέρᾳ
783 2508 1054 2580 σωτηρίας
1106 2510 1381 2583 ἐϐοήθησά
1429 2528 1530 2564 σοι.
1563 2530 1582 2562 ι
1620 2510 1700 2565 Τὰ
1732 2510 1842 2584 γάρ
1901 2512 2022 2566 καθ’

441 2603 589 2672 ἡμᾶς
636 2600 822 2672 ἐπειδὴ
874 2600 1206 2656 πυνθάνεσθε
1259 2605 1354 2657 καὶ
1413 2602 1664 2673 βούλεσθε
1715 2603 2023 2676 δηλωθῆναι

444 2695 568 2764 ὑμῖν
608 2695 756 2758 ὅπως
796 2694 1088 2766 διάγομεν,
1130 2695 1400 2765 ἠκούσατε
1449 2695 1549 2766 μὲν
1601 2697 1839 2761 πάντως,
1876 2697 2025 2761 ὅπως

441 2789 586 2858 ἡμᾶς
612 2786 895 2859 δεσμώτας
929 2788 1309 2860 ἀπαγομένους
1343 2788 1450 2843 ὑπὸ
1488 2788 1888 2861 ἑκατοντάρχου
1931 2790 2026 2843 καὶ

443 2880 763 2952 στρατηγῶν
799 2881 932 2952 (44),
968 2882 1184 2936 καὶτῶν
1209 2883 1306 2935 σὺν
1338 2882 1522 2945 αὐτοῖς
1557 2881 1907 2954 στρατιωτῶν
1929 2882 2026 2936 καὶ

441 2974 750 3047 ὑπηρετῶν,
787 2976 887 3047 ἐμέ
909 2994 966 3030 τε
997 2978 1090 3036 καὶ
1121 2976 1279 3032 Γάϊον
1312 2977 1411 3031 καὶ
1431 2975 1675 3030 Φαῦστον
1703 2976 1797 3030 καὶ
1820 2974 2028 3048 Πέτρον

446 3114 692 3188 ducitur.
722 3113 860 3188 Hinc
891 3116 942 3169 iu
973 3116 1138 3188 gestis
1185 3118 1524 3187 purgationis
1558 3116 1872 3188 Caeciliani,
1900 3133 2020 3188 qute

439 3194 562 3251 post
593 3167 935 3256 collationem
2047 3167 2088 3224 (ἶ

442 3256 806 3323 interrogatus
834 3255 1138 3326 agzenptilo
1158 3255 1468 3322 consulare,
1495 3257 1651 3326 cujus
1694 3256 2021 3326 conditionis

441 3332 612 3386 esset,
650 3325 970 3395 respondit:
1001 3324 1283 3395 Professor
1327 3343 1445 3380 sum
1483 3324 1784 3380 litterarum
1827 3325 2026 3381 Romu-

443 3394 901 3465 narum.i_Dein_de
944 3394 1309 3465 interregatus
1344 3395 1499 3463 cujus
1530 3396 1811 3465 dignitatis
1849 3404 2019 3460 esset,

443 3462 770 3523 respondit:
809 3460 976 3517 Patre
1004 3460 1285 3518 decurione
1317 3460 1892 3531 Constantiniensium,
1927 3482 2024 3519 avo

445 3531 631 3593 milite,
664 3532 758 3592 qui
798 3532 855 3585 in
905 3535 1161 3586 comitatu
1205 3534 1549 3587 militaverat.
1582 3535 1851 3589 Caeterum
1902 3536 2025 3590 Dio-

447 3601 634 3673 nysius
671 3601 1104 3673 Alexandrinus,
1154 3613 1442 3673 antequam
1499 3605 1564 3658 ad
1610 3603 1810 3658 Christi
1864 3605 2024 3659 iidem

449 3670 725 3736 transiret,
761 3670 1102 3739 professione
1150 3670 1339 3727 rhetor
1372 3673 1569 3737 fuerat,
1613 3684 1671 3728 ut
1712 3674 1871 3728 docet
1913 3673 2024 3728 Ma-

447 3740 643 3813 x_imus_
663 3740 714 3792 in
734 3741 974 3813 scholiis
996 3742 1088 3813 ad
1137 3741 1338 3813 librum
1362 3812 1365 3813 ν
1389 3743 1627 3813 Dionysii
1677 3744 2022 3813 AreOpagitze

445 3808 523 3883 De
551 3810 743 3883 cmlesti
764 3810 1096 3883 ⁸Ιιξιενςινιτζιὶιι,
1135 3812 1313 3880 capite
1338 3812 1372 3866 5
1401 3814 1491 3867 :‘0
1523 3808 1653 3883 γοῦν
1702 3808 1875 3883 μέγας
1899 3808 2023 3867 Διο-

444 3878 626 3943 νύσιος
677 3882 706 3932 ὁ
762 3879 1154 3953 Ἀλεξανδρέων
1206 3878 1546 3952 ἐπίσκοπος,
1595 3885 1623 3937 ὁ
1677 3878 1795 3938 ἄπο
1858 3884 2021 3957 ρητό-

481 3965 579 4012 ων,
603 3960 710 4005 etc.

447 3965 1102 4100 ρῗᾍέῖιίὲουλευτικῶν.
1136 4025 1416 4100 Augustus
1462 4022 1861 4100 Alexandrinos
1905 4027 2022 4083 sine

447 4088 571 4163 ullis
604 4091 989 4163 decurionibus
1026 4088 1601 4163 rempublicamsuam
1632 4097 2019 4152 administrare

438 4160 705 4234 iusserat.
748 4159 939 4234 Postea
991 4159 1432 4234 veroi'Severus'
1464 4165 1596 4234 imp.
1636 4166 2021 4221 Alexandrinis

445 4234 650 4282 curiam
695 4231 894 4284 habere
924 4233 1194 4299 permisit,
1231 4245 1290 4286 ut
1336 4231 1668 4288 scribit—Dio
1703 4235 1754 4289 in
1796 4236 1891 4291 lib.
1918 4252 1969 4291 LI
2004 4255 2017 4291 :

445 4300 572 4373 Τοῖς
613 4300 665 4373 δ’
690 4300 1140 4373 λξΑλεξανδρεῦσιν
1196 4303 1325 4358 ἄνευ
1389 4303 1687 4372 βουλευτῶν
1743 4306 2021 4360 πολιτεύε-

447 4369 910 4449 σθαι-ἐκέλευσεν,
957 4369 1330 4449 Ῥειιιιο-ιιρξι,
1381 4369 1693 4449 βουλεύουσι
1747 4376 1805 4429 δὲ
1850 4377 2020 4449 δὴἐν

446 4443 512 4511 τῇ
551 4440 1098 4524 Ἀλεξανδρείᾳ..’περὶι
1141 4440 1821 4524 Σεϐἡρουαὐτοκράτορος¹
1844 4440 2015 4524 άρξά-

2137 1881 2281 1927 runt.
2316 1872 2545 1929 Ubinam
2569 1864 2709 1927 vero
2740 1871 3053 1939 comparuit
3073 1870 3422 1926 Germanus?
3451 1869 3708 1937 Quaenam

2135 1965 2279 2019 ilius
2302 1965 2442 2019 facta
2464 1974 2549 2019 est
2576 1964 2778 2019 mentio
2800 1962 2824 2016 ?
2858 1961 3052 2016 Verum
3069 1963 3136 2017 ab
3155 1962 3515 2032 imprudentia
3543 1962 3629 2016 illa
3654 1962 3710 2016 in

2132 2070 2295 2123 quam
2322 2054 2578 2110 Germani
2607 2069 2772 2109 causa
2801 2052 3053 2120 delapsus
3079 2067 3217 2115 sum,
3245 2055 3459 2106 tandem
3483 2052 3708 2106 absislo.

2126 2146 2479 2218 Singularum
2536 2147 2700 2216 igitur
2768 2162 2948 2201 rerum
3010 2146 3376 2201 narrationem
3447 2144 3709 2200 fratribus

2123 2241 2214 2310 qui
2264 2239 2629 2308 plenissimam
2709 2248 2987 2308 gestorum
3015 2239 3258 2293 notitiam
3291 2239 3493 2292 habent
3542 2237 3709 2293 relin-

2124 2346 2251 2400 quo.
2302 2350 2320 2382 ι
2380 2331 2554 2385 Porro
2608 2331 2755 2385 idem
2813 2331 3103 2402 Dionysius
3160 2331 3213 2384 in
3262 2330 3489 2400 epistola
3543 2344 3706 2400 quam

2124 2424 2346 2493 scripsit
2378 2423 2444 2478 ad
2499 2425 2796 2479 Domitium
2848 2431 2903 2478 et
2950 2423 3255 2495 Didymum,
3334 2422 3588 2477 nonnulla
3639 2421 3708 2476 ad

2125 2517 2560 2587 persecutionem
2594 2518 2739 2572 illam
2768 2517 3070 2589 spectantia
3124 2531 3314 2570 rursus
3347 2517 3419 2569 ita
3465 2528 3707 2574 comme-

2124 2620 2336 2664 morat:
2379 2628 2398 2661 ‹
2431 2606 2658 2665 Nostros
2691 2625 2821 2664 vero
2871 2608 3200 2680 superﬂuum
3252 2617 3339 2663 est
3386 2607 3705 2669 nominatim

2126 2715 2435 2765 recensere,
2462 2714 2584 2755 cum
2626 2710 2682 2755 et
2723 2700 2942 2767 plurimi
2977 2702 3089 2756 sint
3123 2708 3179 2756 et
3203 2698 3356 2754 vobis
3386 2699 3575 2769 ignoti.
3647 2697 3706 2751 Id

2127 2801 2335 2846 tantum
2374 2792 2428 2845 in
2480 2791 2795 2846 universum
2847 2794 2992 2849 scire
3039 2806 3134 2847 vos
3164 2792 3440 2854 convenit,
3477 2791 3623 2843 viros
3652 2799 3709 2843 et

2127 2883 2408 2949 mulieres,
2433 2883 2661 2951 juvenes
2685 2900 2748 2940 ac
2771 2899 2953 2952 senes,
2997 2883 3207 2954 puellas
3231 2890 3288 2938 et
3314 2897 3471 2946 anus,
3505 2881 3709 2937 milites

2127 2992 2190 3032 ac
2248 2991 2507 3048 paganos,
2564 2992 2631 3032 ex
2680 2977 2828 3032 oumi
2883 2978 3117 3047 denique
3176 2976 3452 3030 hominum
3506 2988 3708 3045 genere

2122 3119 2447 3188 phorsonus,
2483 3135 2655 3190 eaque
2697 3120 2762 3174 de
2795 3136 2957 3175 causa
3007 3136 3106 3190 pro
3152 3117 3477 3190 στρατηγῶν
3519 3133 3702 3172 einen-

2125 3191 2274 3244 davit
2317 3189 2647 3261 στρατηγοῦ,
2687 3199 2742 3244 et
2787 3191 2970 3244 ducem
3012 3189 3404 3257 interpretatus
3432 3199 3560 3261 _est_._
3598 3189 3704 3242 Sed

2130 3274 2305 3327 neque
2340 3256 2440 3315 hoc
2470 3256 2639 3315 modo
2661 3261 3051 3315 absurditatem
3079 3261 3256 3313 vitare
3297 3259 3490 3322 potuit.
3519 3256 3703 3326 Neque

2129 3329 2410 3399 enimgdux
2459 3331 2574 3399 ipse
2607 3346 2729 3384 reus
2764 3331 2817 3383 in
2868 3330 3119 3384 exsilium
3160 3329 3428 3383 deducere
3469 3327 3698 3399 solebat.

2127 3397 2235 3452 Sed
2278 3396 2581 3465 huiusmodi
2615 3400 2847 3454 ollicium
2880 3400 3244 3454 mundabatur
3269 3396 3571 3452 centurioni
3605 3405 3701 3452 aut

2126 3468 2477 3539 speculatori.
2536 3469 2688 3524 Aliud
2754 3469 2916 3539 igitur
2972 3469 3243 3539 signiticet
3300 3482 3404 3520 vox
3461 3481 3704 3537 στρατη-

2125 3537 2260 3605 γῶν,
2307 3552 2499 3606 nempe
2553 3537 2869 3593 duumviros
2923 3554 3016 3593 seu
3070 3538 3420 3605 magistratus
3465 3540 3703 3590 Αιεκιιιια

2128 3609 2300 3666 drinaa
2327 3609 2583 3663 civitatis.
2619 3609 2792 3664 Graeci
2835 3610 2976 3663 enim
3024 3608 3095 3662 ita
3139 3609 3428 3667 vocabant,
3479 3619 3537 3659 ut
3583 3607 3701 3667 plu~

2127 3677 2280 3732 ribus
2308 3679 2573 3744 exetnplis
2605 3680 2825 3744 probavi
2878 3678 2943 3731 ad
2977 3679 3168 3733 librtnn
3198 3693 3324 3731 xxx:
3356 3677 3537 3728 Amm.
3567 3675 3701 3728 Mar-

2125 3747 2326 3801 eellini.
2377 3746 2547 3802 Porro
2578 3750 2629 3802 hi
2675 3750 3022 3818 magistratus
3055 3764 3176 3818 cum
3214 3749 3477 3818 haberent
3509 3746 3699 3818 iniudi-

2127 3831 2248 3871 cam
2284 3818 2693 3882 coercitionem,
2734 3816 2790 3871 ui
2821 3818 3116 3888 loquuntur
3144 3816 3545 3884 juriscousulti,
3578 3832 3699 3870 reos

2125 3888 2612 3956 comprehendere,
2656 3889 2864 3943 carceri
2917 3889 3224 3956 mancipare
3253 3897 3307 3941 et
3339 3890 3696 3955 interrogare,

2125 3965 2180 4010 et
2210 3967 2330 4011 acta
2361 3956 2631 4013 coniicere
2681 3959 2960 4022 solebant,
3006 3957 3248 4012 Romano
3292 3957 3503 4025 praesidi
3548 3956 3697 4024 judi-

2123 4027 2266 4079 cium
2298 4027 2364 4079 de
2400 4027 2467 4081 iis
2497 4040 2859 4092 reservantes,
2893 4036 2952 4081 ut
2986 4029 3197 4081 discere
3240 4039 3322 4080 est
3368 4041 3432 4079 ex
3476 4027 3694 4081 Actibus

2124 4095 2512 4162 apostolorum,
2537 4108 2588 4150 et
2619 4114 2685 4152 ex
2712 4098 2852 4150 Actis
2880 4097 3051 4151 Pionii
3083 4099 3334 4167 martyris
3358 4106 3413 4167 et
3440 4096 3691 4150 aliorum.

2124 4166 2302 4238 Quare
2351 4181 2457 4238 non
2509 4169 2705 4221 mirum
2758 4178 2841 4220 est
2880 4168 2925 4221 si
2966 4166 3311 4238 magistratus
3357 4166 3696 4238 Alexandria:

2125 4235 2229 4288 hoc
2271 4237 2323 4288 in
2365 4236 2483 4289 loco
2508 4252 2725 4303 operam
2759 4254 2910 4290 suam
2943 4235 3291 4293 conunudant
3336 4235 3531 4289 rectori
3580 4249 3701 4301 pro-

2124 4305 2333 4367 vincias,
2381 4307 2445 4376 ad
2500 4308 2871 4363 deducendum
2928 4307 3237 4376 Dionysium
3289 4307 3340 4358 in
3397 4304 3689 4376 essilium;

2121 4388 2284 4442 quem
2319 4375 2523 4446 scilicet
2559 4377 2657 4446 ipsi
2691 4373 3240 4445 comprehenderant,
3267 4376 3402 4446 et_in
3426 4373 3690 4446 judicium

2121 4459 2305 4498 coram
2340 4444 2613 4527 pra-fecti)
2662 4444 2889 4527 {Egypti
2925 4449 3281 4527 adduxerant:
3331 4444 3437 4497 Sed
3473 4452 3525 4495 et
3573 4457 3693 4523 quia!

447 4525 620 4585 μενοι.
659 4510 814 4585 ιιίθιιι
836 4510 1389 4585 εοιείωι’5ιιειι-ῑὶεἰίιιιε
1424 4517 1475 4567 in
1520 4510 1755 4569 Se'vero':
1788 4510 2019 4574 Alcinou-

2124 4510 2422 4582 sequuntnr
2477 4516 2661 4582 verba,
2693 4510 2788 4573 καῖ
2806 4510 2928 4569 ’τῶν
2980 4516 3075 4568 σὺν
3120 4516 3306 4575 αὐτοῖς
3349 4510 3693 4583 στρατιωτῶν

444 4580 613 4654 (trinis
659 4584 740 4643 ius
771 4580 1121 4654 buleutarum'
1150 4584 1325 4647 dedit,
1360 4586 1451 4653 qui
1492 4587 1604 4639 sine
1640 4588 1849 4654 publica
1894 4605 2014 4641 con-

443 4648 588 4713 silio,
629 4657 704 4726 ita
735 4661 789 4704 ut
831 4653 927 4705 sub
966 4653 1194 4726 regibus,
1224 4648 1660 4726 ponte-vivebant,
1704 4674 1809 4709 uno
1842 4656 2023 4726 judice

445 4721 726 4793 contenti,
761 4737 915 4793 quem
966 4721 1151 4793 (ζῶσαν
1199 4724 1445 4778 dedisset.
1490 4724 1651 4779 Certe
1707 4727 1758 4779 in
1793 4721 2019 4793 epistola

445 4789 728 4859 Athanasii
774 4789 850 4844 ad
910 4791 1228 4859 solitarios,
1278 4793 1484 4850 mentio
1537 4797 1598 4848 lit
1667 4789 2020 4852 decurionum

443 4857 805 4914 Alexandria}.

518 4926 632 4997 (45)
676 4929 754 4983 Τὰ
790 4929 889 4983 ἐπὶ
935 4930 1143 4986 Δεκίου
1183 4932 1286 4986 καὶ
1324 4934 1599 4989 Σαϐίνου.
1644 4934 1743 4988 llic
1790 4934 2023 4991 Sabinus

447 4998 736 5080 praefectus
764 4999 987 5080 @gypti
1021 5002 1197 5080 fuerat
1230 5005 1561 5080 tenipprihus
1594 5005 1740 5059 Decii
1788 5006 1918 5073 imp.
1946 5007 2023 5080 De

445 5084 552 5144 quo
583 5070 956 5144 Dionysius‘in
1001 5073 1230 5144 epistola
1258 5070 1608 5144 ad‘Fabium,
1639 5090 1803 5144 quam
1839 5070 2021 5130 retulit

445 5139 735 5215 glusebius
759 5140 812 5193 in
852 5155 982 5215 cap.
1011 5142 1072 5196 M
1111 5143 1204 5215 lib.
1234 5159 1310 5198 v1.
1336 5139 1672 5199 Emiliauus'
1710 5160 1842 5200 vero
1883 5160 2021 5215 prae-

444 5208 619 5284 fectus
647 5209 866 5282 Egypti
898 5208 965 5265 de
993 5228 1102 5281 quo
1137 5214 1224 5268 hic
1255 5230 1437 5269 sermo
1477 5224 1582 5281 est,
1629 5226 1809 5284 postea
1851 5208 2021 5284 impe—

445 5279 584 5354 riu‘m
623 5279 941 5350 occupavit,
978 5279 1035 5336 ut
1084 5284 1276 5339 scribit
1312 5285 1485 5339 Pollio
1535 5279 1588 5338 in
1629 5279 1702 5340 30
1726 5279 2020 5354 Tyramiis;

446 5349 535 5425 qui
571 5349 914 5425 tamep’eum
946 5356 1138 5409 ducem
1183 5354 1444 5424 appellat,
1495 5370 1601 5410 non
1652 5349 1834 5409 autem
1883 5349 2021 5425 pne-

447 5418 645 5493 fectum
677 5420 920 5493 Egypti.

518 5488 1179 5565 (44)_Kal'o'tpamrdir.
1225 5493 1364 5549 Male
1407 5494 1734 5563 interpretes
1764 5495 1865 5550 hoc
1901 5499 2019 5553 loco

445 5559 617 5633 duees’
650 5559 987 5633 interpretati
1024 5559 1191 5630 sunt;
1239 5566 1380 5633 quod
1414 5576 1499 5620 est
1545 5559 2015 5623 absurdissimum.

445 5630 552 5704 (iur
576 5631 720 5704 enim
761 5632 1004 5704 pluribus
1041 5650 1178 5704 opus
1211 5630 1329 5689 erat
1375 5635 1600 5690 ducibus
1641 5637 1708 5689 ad
1749 5638 2020 5689 deducen—

448 5701 571 5752 dum
610 5701 923 5771 Dionysium
956 5704 1008 5757 in
1039 5701 1309 5768 essilium,
1338 5721 1458 5760 cum
1508 5721 1646 5759 unus
1676 5715 1883 5759 tantum
1930 5706 2021 5758 ad-

447 5781 592 5826 esset
621 5772 905 5843 centurio}
947 5771 1090 5831 Vidit
1140 5776 1277 5833 hanc
1332 5776 1719 5833 absurditatcm
1770 5774 2018 5833 Christo-

2124 4584 2219 4655 καὶ
2284 4585 2601 4655 ὑπηρετῶν,
2651 4587 2976 4641 sententiam
3048 4597 3288 4637 nostram
3343 4584 3688 4655 conlirniant.

2124 4653 2257 4725 Nam
2294 4651 2621 4725 στρατιῶται
2672 4657 2981 4709 referuntur
3018 4655 3083 4707 ad
3113 4656 3514 4725 centurionem;
3551 4651 3693 4725 ύπη-

2128 4723 2279 4795 ρέται
2322 4723 2451 4779 vero
2494 4727 2558 4778 ad
2607 4726 2923 4780 duumviros
2963 4740 3057 4779 seu
3098 4724 3451 4795 magistratus
3495 4723 3693 4795 quibus

2124 4791 2405 4862 parebant.
2435 4795 2767 4848 Athanasius
2810 4809 3051 4862 quoque,
3094 4794 3146 4845 in
3176 4793 3399 4862 epistola
3450 4793 3517 4844 ad
3562 4791 3695 4844 soli-

2126 4866 2317 4935 tarios,
2359 4864 2662 4935 στρατηγόν
2702 4874 2860 4935 vocat
2893 4863 3231 4935 duumvirum
3281 4878 3374 4935 seu
3410 4862 3693 4935 magistra-

2126 4941 2234 4986 tum
2259 4932 2633 4988 Alexainlriiue
2659 4933 2912 4988 civitatis.
2940 4932 3190 5001 Loquens
3215 4934 3358 4987 enim
3384 4935 3448 4986 de
3472 4932 3692 4985 Ariauis

2122 5003 2211 5070 qui
2239 5004 2586 5073 presbyteros
2608 5019 2672 5058 ac
2697 5005 2953 5058 diaconos
2984 5000 3323 5056 Alexandriae
3352 5004 3402 5055 in
3434 5000 3691 5073 iudiciuin

2122 5069 2424 5141 peni-actos
2463 5074 2653 5128 exsilio
2687 5073 3063 5133 multaverant,
3086 5074 3157 5126 ita
3181 5073 3409 5126 scribit:
3439 5070 3551 5124 Καὶ
3574 5069 3692 5141 πῶς

2122 5139 2319 5205 αὐτοὺς
2355 5143 2447 5195 ἐπὶ
2495 5142 2588 5196 τοῦ
2633 5142 2821 5207 δουκὸς
2872 5144 2967 5196 καὶ
3009 5142 3119 5196 τῶν
3171 5141 3442 5196 δικαστῶν
3483 5139 3691 5209 ἐφυγά-

2119 5213 2345 5288 δευσαν,
2380 5215 2782 5288 καταφέροντες
2816 5219 2880 5288 ἐκ
2921 5215 3029 5269 τῶν
3061 5214 3240 5288 ,οἴκων
3282 5217 3406 5275 τοὺς
3453 5212 3690 5288 οίκεέους

2121 5284 2300 5358 αὐτῶν
2324 5284 2411 5358 διά
2435 5285 2543 5358 τῶν
2572 5284 2918 5358 στρατιωτῶν
2943 5288 3037 5339 καὶ⁴
3071 5286 3165 5339 τοῦ
3190 5285 3518 5358 στρατηγοῦ
3556 5285 3715 5358 Γορν

2120 5357 2302 5423 γονίου
2329 5357 2423 5408 καὶ
2449 5355 2683 5427 πληγαῖς
2708 5357 3160 5420 κατακόπτοντες.
3188 5357 3242 5410 Id
3277 5355 3382 5419 est,
3408 5355 3688 5421 Quomodo

2120 5428 2269 5480 ducis
2301 5442 2363 5479 ac
2389 5428 2635 5495 judicum
2674 5443 2832 5493 Opera
2865 5444 2953 5481 eos
2992 5429 3047 5481 in
3086 5429 3328 5481 exsilium
3364 5438 3688 5495 egere,__ue-_

2118 5491 2404 5549 cessarios'
2432 5497 2646 5549 illorum
2692 5491 2759 5550 ea:
2804 5498 3043 5550 domibus
3086 5491 3414 5550 extrahentes
3467 5491 3688 5545 militari

2120 5581 2281 5640 manu
2301 5610 2331 5640 ,Α
2359 5575 2408 5619 et
2467 5566 2773 5640 adjumepto
2837 5568 3090 5640 Gargonii
3142 5569 3497 5640 magistratus.
3531 5559 3687 5640 ‘Male

2120 5637 2262 5688 enim
2322 5632 2591 5702 interpres
2663 5632 2983 5705 Gargonium
3038 5632 3247 5689 (Ιηειιυι⁷
3279 5634 3457 5705 vertit.
3519 5632 3683 5705 Atqui

2121 5706 2226 5758 dux
2266 5707 2379 5774 ipse
2396 5708 2745 5759 Sebastianus
2774 5703 3122 5769 'vorabatur,
3172 5715 3307 5759 teste
3358 5703 3678 5756 Athanasio:

2122 5775 2425 5848 Gorgonius
2478 5791 2605 5833 vero
2674 5778 3018 5847 magistratus
3080 5785 3196 5832 erat
3265 5789 3358 5830 seu
3430 5775 3686 5829 duumvir
