4220 6394
502 270 600 328 ϐἹΙ

1216 274 1490 333 EUSEBII
1529 277 2001 334 CAISARIENSIS
2031 278 2180 337 OPP.
2227 280 2411 336 PARS
2451 280 2491 337 I.
2533 313 2603 322 —
2642 280 3040 338 ιιιδτοιιιιῖει.

3669 285 3773 340 673

502 403 669 460 atque
698 403 879 457 :etate,
912 395 1049 450 alios
1084 395 1375 466 ﬂagrorqu
1416 401 1762 467 verberibus,
1796 402 1933 455 alios
1958 402 2085 457 l'erri

2194 404 2288 457 καὶ
2320 404 2552 468 Παῦλον,
2586 403 2903 468 ἐπελθόντες
2931 403 3077 466 τινὲς
3126 401 3237 455 τῶν
3268 402 3583 474 Μαρεωτῶν
3637 404 3772 471 (45),

501 483 640 549 acie,
675 484 811 540 alios
854 484 1068 555 ignibus
1096 487 1147 542 itt
1177 490 1479 544 certamine
1533 494 1805 560 superatis
1855 508 2090 549 coronas

503 574 778 630 retulisse.
836 576 1124 633 Nonnullis
1179 595 1311 636 vero
1376 581 1756 651 longissimum
1822 585 2090 652 temporis

502 667 735 732 spatium
784 684 888 723 non
922 669 1056 723 satis
1084 669 1184 725 fuit
1210 671 1279 724 ad
1335 672 1437 725 hoc
1465 680 1523 723 ut
1561 673 1668 726 Deo
1726 672 2090 742 acceptabiles

500 758 836 826 viderentur,
873 761 1033 815 sicuti
1069 778 1170 817 ttec
1219 762 1352 816 mihi
1395 765 1447 816 in
1502 762 1646 817 hunc
1704 779 1875 833 usque
1915 764 2085 818 diem.

501 848 728 905 Scilicet
780 850 834 905 in
879 852 1026 907 aliud
1095 862 1460 924 opportunum
1516 865 1730 924 tempus
1791 856 1934 926 quod
1986 856 2088 926 ipsi

500 942 671 1010 probe
731 944 1009 1010 cognitum
1066 956 1185 1010 est,
1247 961 1335 1001 tuo
1391 947 1602 1001 distulit
1676 948 1939 1003 Dominus
1995 950 2087 1018 qui

500 1034 632 1089 dicit
677 1052 691 1089 :
731 1052 751 1087 t
803 1035 860 1090 ln
920 1047 1165 1107 tempore
1222 1049 1447 1110 accepto
1495 1040 1748 1095 examlivi
1799 1048 1872 1103 te.
1920 1050 1976 1096 et
2036 1042 2088 1096 in

499 1123 587 1179 die
657 1125 850 1182 salutis
901 1129 1205 1198 opitulatus
1262 1146 1383 1185 sum
1439 1131 1537 1187 tibi
1567 1130 1661 1186 ⁸⁸⁸.
1703 1149 1723 1183 ι
1792 1132 1869 1187 De
1927 1134 2091 1190 rebus

500 1224 683 1271 autem
753 1219 955 1274 nostris
1019 1220 1458 1289 quandoquidem
1556 1221 1948 1288 sciscitamini,
2023 1240 2089 1281 ac

500 1311 763 1363 certiores
812 1310 926 1365 lieri
966 1311 1132 1366 vultis
1176 1329 1288 1382 quo
1331 1314 1384 1367 in
1418 1322 1561 1367 statu
1615 1329 1838 1384 agamus
1875 1332 1889 1369 :
1933 1317 2090 1372 audi-

502 1401 657 1457 vistis
699 1403 917 1471 quidem
950 1406 1198 1470 omnino,
1222 1421 1328 1475 quo
1365 1414 1525 1474 pacto
1553 1422 1677 1461 cum
1704 1422 1806 1477 ego
1840 1416 1895 1461 et
1926 1408 2089 1464 Caius

500 1502 555 1548 et
584 1492 821 1549 Faustus
868 1509 993 1549 cum
1042 1495 1205 1553 Petro
1257 1509 1313 1552 ct
1349 1498 1518 1554 Paulo
1558 1499 1725 1553 vincti
1764 1503 2090 1554 duceremur

501 1599 531 1637 a
594 1586 922 1641 centurione
973 1596 1028 1641 et
1080 1591 1536 1659 magistratibus,
1600 1593 1976 1661 militibusque
2032 1600 2088 1646 et

2191 494 2428 558 ἄκοντας
2462 495 2557 548 καὶ
2591 493 2723 565 μηδὲ
2763 493 3079 563 ἑπομένους,
3111 490 3201 562 βίᾳ
3229 506 3289 543 τε
3317 490 3570 563 σύροντες
3600 493 3778 563 ἀφήρ-

2192 601 2393 638 πασαν.
2426 584 2566 654 Ἐγὼ
2596 585 2652 637 δὲ
2680 584 2775 638 νῦν
2796 585 2890 638 καὶ
2920 584 3080 647 Γάϊος
3099 583 3195 638 καὶ
3231 582 3456 656 Πέτρος,
3487 585 3637 655 μόνοι
3667 586 3777 641 τῶν

2190 677 2365 731 ἀλλων
2413 676 2656 746 ἀδελφῶν
2725 674 3257 748 ἀπορφανισθέντες,
3318 676 3378 728 ὲν
3430 678 3625 748 ἐρήμῳ
3678 677 3777 731 καὶ

2190 769 2462 841 αὐχμηρῷ
2483 769 2584 840 τῆς
2622 768 2828 840 Λιϐύης
2862 767 3014 839 τόπῳ
3047 766 3574 838 κατακεκλείσμεθα,
3607 768 3778 841 τριῶν

2191 864 2412 936 ἡμερῶν
2460 864 2579 918 ὁδὸν
2629 863 2725 917 τοῦ
2785 859 3144 934 Παραιτονίου
3197 859 3559 933 διεστηκότες.
3607 879 3627 912 t
3666 861 3780 915 Kal.

2191 953 2544 1016 ὑποκαταϐάς
2573 970 2739 1023 φησιν
2758 970 2770 982 ·
2805 970 2824 1002 ι
2879 951 2967 1005 Ἐν
2992 950 3051 1004 δὲ
3070 952 3137 1021 τῇ
3169 949 3322 1003 πόλει
3349 948 3777 1003 καταδεδύκασιν

2190 1045 2414 1117 ἀφανῶς
2442 1045 2895 1114 ὲπισκεπτόμενοι
2921 1046 3050 1108 τοὺς
3076 1042 3343 1113 ἀδελφούς
3359 1059 3372 1073 ·
3406 1040 3776 1114 πρεσϐύτεροι

2195 1139 2315 1210 μὲν,
2350 1136 2621 1208 Μάξιμος,
2666 1136 2978 1207 Διόσκορος,
3020 1135 3334 1206 Δημήτριος
3373 1134 3469 1187 καὶ
3509 1132 3774 1197 Λούκιος·

2190 1229 2238 1281 οἱ
2272 1227 2380 1298 γὰρ
2412 1228 2471 1280 ὲν
2509 1226 2588 1297 τῷ
2637 1225 2830 1294 κόσμῳ
2879 1222 3314 1294 προφανέστερα
3357 1221 3654 1283 Φαυστῖνος
3683 1218 3777 1273 καὶ

2203 1317 2455 1380 Ἀκύλας,
2510 1318 2567 1370 ὲν
2624 1314 2886 1385 Αἰγύπτῳ
2939 1312 3270 1367 πλανῶνται.
3328 1311 3578 1365 Διάκονοι
3622 1308 3680 1363 δὲ
3727 1310 3777 1364 οι

2193 1409 2333 1482 μετά
2383 1410 2511 1472 τοὺς
2564 1409 2621 1461 ὲν
2673 1409 2740 1478 τῇ
2792 1406 2935 1477 νόσῳ
2997 1402 3108 1475 (46)
3165 1403 3596 1474 τελευτήσαντας
3647 1400 3779 1454 ὐπο-

2190 1500 2528 1570 λειφθέντες,
2597 1496 2863 1560 Φαῦστος,
2927 1494 3209 1559 Εὐσέϐιος,
3271 1494 3601 1565 Χαιρήμων·
3669 1490 3777 1546 Εὑ-

2193 1593 2378 1656 σέϐιος
2407 1593 2466 1646 ὃν
2512 1589 2572 1657 ἐξ
2621 1590 2799 1661 ἀρχῆς
2839 1592 2868 1644 ὁ
2914 1589 3050 1652 Θεὸς
3110 1586 3484 1657 ὲνεδυνάμωσε
3513 1584 3611 1639 καὶ
3634 1600 3778 1656 παρ-

501 1676 935 1746 apparitoribus,
1009 1678 1102 1749 qui
1153 1695 1259 1733 una
1310 1696 1435 1736 eum
1475 1681 1607 1752 ipsis
1664 1693 1842 1748 erant,
1892 1698 2087 1753 super-

2189 1686 2451 1740 εσγεύασε
2507 1684 2606 1748 τὰς
2664 1683 2967 1754 ὑπηρεσίας
2996 1683 3107 1736 τῶν
3140 1682 3199 1734 ὲν
3231 1682 3352 1742 ταῖς
3379 1677 3650 1747 φυλακαῖς
3685 1691 3782 1745 γε·

502 1766 787 1823 veuientes
837 1770 1060 1840 quidam
1089 1786 1154 1826 ex
1224 1770 1512 1839 Mareotis,
1567 1775 1770 1831 invitos
1822 1791 1920 1831 nos
1984 1791 2085 1831 nec

2188 1779 2430 1851 νομένων
2481 1776 2829 1849 ὁμολογητῶν
2882 1772 3191 1843 ἐναγωνίως
3256 1767 3631 1841 ἀποπληροῦν,
3683 1766 3780 1821 καὶ

502 1857 662 1929 26],
694 1869 887 1930 sponte
915 1871 1208 1932 sequentes
1248 1880 1344 1934 per
1385 1867 1492 1919 vim
1537 1867 1931 1923 abstraxerint.
1970 1868 2083 1939 Ego

2188 1872 2289 1935 τάς
2319 1871 2430 1925 τῶν
2462 1870 2732 1941 σωμάτων
2782 1865 3110 1941 περιστολάς
3144 1864 3255 1936 (47)
3287 1863 3396 1916 τῶν
3424 1861 3648 1917 τελείων
3683 1861 3779 1915 καὶ

500 1951 726 2021 quidem
762 1967 905 2007 nunc
933 1963 989 2007 et
1018 1954 1213 2010 Petrus
1244 1966 1301 2010 et
1327 1955 1497 2012 Caius
1526 1958 1651 2021 soli,
1695 1959 1927 2029 reliquis
1970 1959 2083 2015 l'ra-

502 2042 678 2097 tribus
702 2044 905 2108 orbati,
948 2046 1002 2101 in
1044 2048 1264 2104 deserto
1299 2060 1358 2107 et
1407 2053 1660 2123 squalido
1709 2056 1949 2124 quodam
1988 2056 2083 2111 Li-

502 2134 623 2204 byae
651 2134 771 2189 loco
798 2136 1043 2193 conclusi
1071 2155 1283 2206 sumus,
1325 2144 1493 2199 tridui
1521 2145 1719 2201 itinere
1758 2147 2026 2203 distantes
2054 2162 2084 2203 a

500 2224 830 2283 Paraetonio.
856 2248 876 2281 ι
918 2228 986 2285 Ει
1030 2230 1312 2302 aliquanto
1359 2244 1527 2303 post:
1575 2254 1595 2289 ι
1631 2234 1689 2290 1η
1715 2237 1850 2292 urbe
1878 2246 2083 2306 autem,

498 2314 699 2385 inquit,
727 2319 1075 2375 occultarunt
1106 2337 1190 2389 se,
1227 2332 1287 2376 ut
1318 2322 1516 2381 fratres
1546 2326 1794 2381 clanculo
1825 2327 2083 2394 invisam,

502 2408 813 2481 presbyteri
872 2412 1141 2482 quidem:
1178 2413 1467 2477 Maximus,
1516 2416 1832 2482 Dioscorus,
1888 2417 2083 2473 Deme-v

498 2498 649 2563 trius
669 2508 723 2552 et
753 2500 976 2559 Lucius.
1021 2504 1318 2561 Faustinus
1345 2505 1493 2560 enim
1544 2515 1601 2563 et
1634 2507 1853 2577 Aquila,
1898 2518 2085 2577 utpote

500 2590 558 2643 iu
618 2591 830 2661 majore
877 2594 1155 2651 hominum
1221 2597 1341 2654 luce
1392 2600 1577 2669 positi,
1636 2614 1735 2670 per
1789 2598 2083 2671 Egyptunt

499 2693 791 2751 vagantur.
829 2684 1053 2742 Diacoui
1092 2704 1220 2744 vero
1257 2703 1382 2761 post
1429 2691 1550 2747 illos
1597 2692 1691 2761 qui
1738 2692 1928 2747 morbo
1952 2707 2085 2747 cou-

500 2775 702 2844 sumpti
734 2786 885 2840 sunt,
911 2781 1243 2847 superstites
1280 2798 1296 2838 :
1325 2782 1585 2850 Faustus,
1616 2784 1903 2848 Eusebius,
1927 2785 2083 2839 Chteo

500 2877 714 2922 remon.
750 2868 1046 2939 Eusebius,
1078 2872 1321 2944 inquam,
1363 2890 1524 2946 quem
1555 2876 1700 2934 Deus
1730 2892 1836 2931 .am
1863 2876 1987 2932 inde
2014 2877 2084 2932 ab

501 2957 661 3015 initio
705 2964 1006 3034 roboravit,
1071 2966 1397 3037 impulitque
1453 2979 1513 3025 ut
1565 2970 1972 3026 coulessoribus
2027 2970 2081 3024 in

501 3053 749 3109 custodia
772 3058 965 3124 positis
991 3060 1303 3116 ministeria
1331 3073 1555 3118 strenue
1571 3062 1891 3131 exhiberet;
1914 3074 2082 3133 utque

501 3159 1003 3207 consummatorum
1043 3168 1107 3208 ac
1136 3154 1416 3212 beatorum
1473 3165 1773 3227 martyrum
1819 3159 2085 3211 cadavera

570 3260 639 3295 ⁵⁸·
687 3263 790 3320 lsa.
828 3281 978 3321 xux.

500 3360 867 3437 Alexan'lrire,
892 3363 1046 3432 cujus
1072 3365 1123 3419 id
1165 3366 1440 3437 proprium
1473 3382 1669 3422 munus
1701 3375 1842 3431 erat,
1870 3377 1930 3421 ut
1958 3381 2080 3420 reos

500 3433 1022 3504 comprehenderet,
1077 3433 1362 3491 et—coram
1440 3438 1735 3503 maioribus
1804 3437 2077 3504 judicibns

504 3503 745 3577 sisteret.
784 3502 1047 3577 Testatur
1094 3507 1144 3560 id
1181 3507 1391 3562 libellus
1442 3502 1853 3575 pretestationis
1901 3508 2083 3577 populi

504 3572 888 3647 Alexandrini,
932 3592 1119 3647 quem‘
1145 3572 1476 3631 Athanasius
1528 3580 1770 3647 epistolze
1808 3572 1919 3647 sua:
1959 3572 2088 3631 sub-

497 3640 647 3720 jerjt.
685 3640 1019 3720 his_verbis:
1056 3643 1177 3720 Oi§e
1222 3646 1397 3702 ταῦτα
1435 3650 1530 3702 καὶ
1564 3640 1602 3702 ’ὁ
1643 3646 1949 3720 στρατηγὸς
1989 3648 2089 3720 τῆς

504 3711 725 3788 πέλεως.
764 3715 1069 3788 Γορτύνιος.
1108 3718 1172 3771 Et
1219 3720 1380 3785 paulo
1428 3728 1591 3788 post:
1637 3711 1948 3772 Ἀπέστειλε
1997 3711 2090 3771 τὸν

503 3782 603 3853 τῆς
628 3782 850 3848 τάξεως
873 3785 1085 3909 δίλμιον,
1115 3782 1332 3842 καὶτὸν
1377 3782 1702 3860 στρατηγὸν,
1745 3789 1915 3843 Θέλων
1952 3787 2092 3842 αὐτὰ

505 3848 658 3909 ἆραι,
689 3854 739 3906 id
767 3865 872 3909 est.
947 3855 1063 3909 Iisit
1097 3857 1471 3909 sneculatorem
1517 3862 1672 3909 ofﬁcii
1704 3861 1807 3909 sui.
1838 3871 1885 3909 et
1924 3862 2091 3909 muni-

505 3848 658 3923 ἇραι,
689 3854 739 3906 id
767 3865 872 3920 est,
919 3848 1471 3931 Misitspeculatoreiit
1517 3848 1807 3929 oﬁi'cii'sui,
1838 3871 1885 3914 et
1924 3862 2091 3931 magi-

504 3932 752 3987 stratum,
777 3935 832 3977 ut
867 3944 1015 3978 arma
1044 3928 1135 3980 illa
1168 3943 1233 3981 ea:
1265 3929 1481 3981 ecclesia
1516 3928 1736 3983 tolleret.

576 3992 688 4068 (45)
726 3994 1115 4063 Ἐπελθόντες
1143 3999 1304 4064 τινὲς
1328 3997 1448 4051 τῶν
1473 3998 1824 4068 Μαρεωτῶν.
1872 3998 1999 4055 Ilaec
2033 4000 2087 4054 in

506 4064 691 4140 prima
707 4135 717 4140 _
745 4072 1120 4140 persecutione
1153 4070 1270 4140 sub
1324 4069 1493 4140 Decio
1534 4064 1902 4140 contigerunt,
1956 4082 2089 4126 tunc

505 4149 629 4208 cum
663 4135 950 4207 Dionysius
975 4136 1164 4192 Sabini
1199 4137 1434 4207 prefecti
1480 4135 1746 4193 sententia
1775 4140 2083 4208 'l‘apnsirim

506 4205 774 4278 deductus
800 4205 903 4278 est,
931 4217 989 4260 nt
1030 4205 1221 4262 scribit
1254 4209 1369 4276 ipse
1425 4209 1708 4278 Dionysius
1745 4210 1798 4263 in
1858 4205 2089 4278 cpistola

507 4275 769 4345 adversus
805 4277 1162 4338 Germanum,
1190 4275 1310 4345 quae
1338 4275 1576 4332 habetur'
1595 4281 1646 4333 in
1684 4279 1777 4333 lib.
1803 4275 1965 4339 νίζε.
1997 4281 2084 4333 40.

506 4341 666 4398 Certe
698 4348 787 4414 qui
834 4348 1116 4416 epistolam
1146 4341 1295 4402 illam
1336 4348 1581 4418 Dionysii
1633 4349 1894 4405 adversus
1950 4349 2088 4405 Ger-

508 4429 881 4488 tnanumcum
918 4420 1018 4471 hac
1072 4434 1196 4488 qua:
1253 4419 1320 4473 ad
1377 4419 1669 4473 Domitium
1730 4421 1932 4488 scripta
1982 4430 2084 4486 est,

508 4486 819 4558 contulerit,
862 4504 966 4541 non
994 4487 1264 4543 dubitabit
1304 4488 1433 4558 quin
1470 4489 1537 4541 de
1567 4505 1668 4542 una
1700 4486 2001 4554 eademque
2029 4507 2086 4545 re

509 4557 1416 4630 utrobiqueloquaturDionysius.
1466 4558 1646 4625 Quare
1674 4559 1881 4613 l‘allitur
1914 4561 2092 4615 Euse-

509 4620 651 4686 bius,
682 4620 773 4701 qui
802 4629 855 4681 in
884 4620 985 4701 hac
1040 4620 1277 4701 Dionysii
1304 4632 1368 4701 ad
1400 4620 1691 4701 Domitium
1749 4632 1999 4699 epistola,
2030 4646 2094 4684 ea

511 4698 737 4769 narrari
784 4698 991 4765 putavit
1032 4698 1273 4768 quan'ad
1327 4699 1599 4753 Valeriani
1661 4698 2094 4769 persecutionem

511 4766 876 4840 pertinebant,
910 4766 1143 4840 quodex
1174 4772 1289 4840 ipso
1323 4771 1584 4840 Dionysio
1616 4766 1776 4825 facile
1822 4782 1907 4825 est
1939 4770 2096 4825 refel-

511 4832 645 4913 lere.
675 4832 885 4890 Etenim
917 4832 969 4913 in
996 4832 1381 4913 persecutione
1415 4832 1515 4913 sub
1547 4838 1860 4907 Valeriano,
1896 4841 2096 4913 Diony-

510 4904 625 4956 sius
657 4921 763 4959 non
815 4919 899 4961 est
931 4904 1199 4962 deductus
1247 4911 1301 4963 itt
1358 4910 1611 4964 exsiliunt
1666 4927 1791 4966 cum
1846 4904 2092 4966 custodia

512 4972 733 5050 militari
758 4994 772 5040 ;
801 4992 899 5031 nec
924 4980 1371 5050 supervenientes
1402 4980 1659 5035 Marcotm
1686 5022 1701 5046 ,
1745 4981 1944 5050 fugatis
1994 4982 2094 5034 tui-

513 5042 699 5116 litibus
731 5061 854 5100 eum
895 5042 1126 5116 per—vim
1168 5049 1504 5104 abstractum
1543 5052 1596 5105 iu
1648 5042 1956 5106 libertatem
2002 5068 2091 5104 re-

512 5113 834 5179 stituerunt;
869 5113 971 5171 nec
999 5117 1187 5173 Caium
1221 5131 1277 5174 et
1327 5120 1609 5181 Faustum.
1656 5131 1712 5176 et
1760 5120 1977 5175 Petrum
2030 5135 2096 5175 ac

512 5182 741 5262 Ennium
781 5189 1131 5262 presbyteros
1157 5204 1338 5262 secum
1374 5201 1501 5245 tunc
1531 5189 1825 5262 Dionysius
1879 5191 2089 5246 habuit.

512 5251 645 5331 Quae
671 5251 851 5331 onniqia
887 5251 1349 5331 in'persecutione
1380 5262 1469 5313 illa
1493 5276 1613 5329 quae
1646 5251 1806 5331 p'aulo
1832 5272 1960 5316 ante
1987 5262 2091 5315 De-

512 5325 583 5403 cii
613 5327 899 5394 imperium
926 5339 1102 5403 empta
1152 5340 1263 5403 est,
1318 5325 1583 5403 Dipnysiq
1645 5325 2008 5403 i'outigerunt,
2035 5341 2095 5386 ut

515 5395 630 5469 ipse
673 5407 901 5469 testatur
928 5399 979 5452 in
1004 5395 1233 5469 epistola
1265 5395 1515 5456 adversus
1544 5395 1888 5467 Germanum,
1927 5395 2089 5469 quam

515 5464 683 5535 [eli-rt
702 5468 970 5523 Eusebius
998 5464 1052 5523 in
1082 5470 1174 5525 lib.
1222 5485 1298 5524 vt.
1333 5473 1404 5524 At
1458 5473 1510 5525 in
1559 5464 1958 5535 persecutione
1992 5476 2095 5526 sub

518 5531 851 5610 ‘_V_ale_riauo.
921 5539 1238 5610 Dionysium
1293 5541 1534 5596 comitati
1558 5531 1719 5596 "sunt
1778 5544 1830 5596 in
1899 5543 2094 5598 exsilio

519 5604 783 5679 Maximus
811 5604 1097 5679 presbyter
1121 5619 1177 5664 et
1200 5610 1412 5664 diaconi
1438 5611 1691 5670 Faustus.
1724 5612 1988 5668 Eusebius
2038 5622 2095 5667 et

519 5676 856 5751 Chaeremon,
884 5689 940 5733 et
964 5676 1184 5751 quidam
1237 5679 1468 5751 clericus
1530 5681 1848 5740 ltotnanus.
1904 5697 2095 5751 quem-

522 5746 806 5802 admodum
840 5746 1030 5805 scribit
1061 5749 1203 5807 idem
1240 5750 1527 5825 Dionysius
1555 5754 1609 5809 in
1649 5752 1879 5825 epistola
1902 5746 2091 5810 adver-

2193 1964 2479 2036 μακαρίων
2535 1962 2830 2035 μαρτύρων
2881 1961 2982 2014 οὐκ
3019 1957 3321 2021 ἀκινδύνως
3364 1953 3626 2009 ἐκτελεῖν.
3667 1952 3779 2006 Καὶ

2188 2058 2298 2130 γάρ
2338 2058 2498 2129 μέχρι
2543 2055 2639 2109 νῦν
2677 2056 2778 2108 οὐκ
2822 2054 3040 2124 ἀνίησιν
3083 2052 3113 2104 ὁ
3152 2048 3472 2121 ἡγούμενος,
3517 2045 3646 2109 τοὺς
3680 2046 3783 2116 μὲν

2190 2151 2449 2224 ἀναιρῶν,
2493 2150 2570 2212 ὼς
2615 2151 2896 2219 προεῖπον,
2945 2145 3113 2218 ὠμῶς
3153 2143 3263 2197 τῶν
3314 2138 3774 2214 προσαγομένων·

2188 2245 2314 2308 τοὺς
2345 2243 2401 2296 δὲ
2435 2241 2686 2312 βασάνοις
2718 2237 3081 2303 καταξαίνων,
3120 2237 3247 2299 τοὺς
3282 2232 3340 2287 δὲ
3373 2230 3642 2303 φυλακαῖς
3682 2228 3781 2283 καὶ

2187 2335 2414 2408 δεσμοῖς
2454 2335 2727 2405 ὲκτήκων,
2786 2330 3145 2405 προστάσσων
3204 2343 3265 2380 τε
3327 2323 3527 2397 μηδένα
3568 2320 3779 2384 τούτοις

2189 2431 2493 2503 προσιέναι,
2527 2431 2621 2485 καὶ
2650 2426 2956 2501 ἀνερευνῶν
2991 2424 3065 2495 μή
3104 2439 3190 2486 τις
3225 2418 3441 2491 φανείη.
3478 2415 3589 2470 Καὶ
3628 2415 3779 2486 ὅμως

2187 2526 2217 2579 ὁ
2247 2523 2382 2588 Θεὸς
2420 2526 2486 2595 τῇ
2522 2522 2803 2596 προθυμίᾳ
2836 2521 2930 2576 καὶ
2979 2515 3207 2588 λιπαρίᾳ
3252 2512 3361 2568 τῶν
3404 2506 3648 2579 ἀδελφῶν
3698 2506 3779 2559 δι-

2188 2613 2459 2670 αναπαύει
2492 2615 2619 2678 τοὺς
2652 2610 3073 2683 πεπιεσμένους.
3114 2626 3132 2658 ι
3178 2605 3290 2659 Καὶ
3320 2599 3556 2656 τοσαῦτα
3605 2599 3703 2669 μὲν
3747 2597 3779 2650 δ

2189 2706 2481 2769 Διονύσιος,
2514 2707 2609 2760 xui.
2634 2707 2692 2759 ὲν
2718 2704 2893 2777 ταύτῃ
2923 2700 3162 2754 τέθειται
3201 2699 3270 2769 τῇ
3317 2694 3526 2767 γραφῇ.
3579 2687 3779 2743 ’ἰστέον

2187 2796 2245 2851 δὲ
2287 2797 2364 2861 ὼς
2394 2799 2422 2850 ὁ
2466 2796 2563 2868 μὲν
2606 2794 2866 2858 Εὐσέϐιος
2909 2793 2969 2846 δν
2993 2792 3241 2845 διάκονον
3287 2783 3608 2858 προσεῖπεν,
3646 2795 3776 2850 σμι-

2187 2886 2320 2960 κρὸν
2362 2884 2586 2957 ὕστερον
2629 2885 2926 2946 ἐπίσκοπος
2982 2878 3310 2950 Ἐκκλησίας
3352 2874 3458 2945 τῆς
3502 2869 3646 2925 κατά
3678 2870 3781 2922 Συ-

2190 2980 2312 3052 ρίαν
2326 2978 2438 3050 (48)
2454 2978 2773 3042 Λαοδικείας
2796 2977 3144 3038 καθίσταται,
3163 2975 3191 3027 ὁ
3211 2972 3268 3027 δὲ
3285 2967 3542 3035 Μάξιμος
3569 2965 3629 3019 ὃν
3653 2963 3778 3018 τότε

2190 3071 2560 3144 πρεσϐύτερον
2593 3072 2806 3142 εἴρηκε,
2849 3070 2965 3140 μετ’
2994 3067 3157 3121 αὐτὸν
3197 3062 3497 3125 Διονύσιον,
3535 3057 3635 3128 τὴν
3676 3055 3779 3107 λει-

2186 3161 2444 3235 τουργίαν
2480 3161 2589 3216 τῶν
2628 3161 2747 3215 κατ’
2807 3157 3211 3230 Ἀλεξάνδρειαν
3248 3151 3492 3224 ἀδελφῶν
3531 3146 3773 3216 διαδέχε-

2200 3381 2290 3439 sus
2318 3362 2665 3439 Germanum,
2701 3377 2862 3431 quam
2902 3358 3067 3425 refert
3101 3359 3375 3416 Eusebius
3431 3363 3486 3419 in
3536 3380 3656 3439 cap.
3709 3372 3778 3428 ιο

2191 3435 2354 3490 huius
2386 3433 2531 3489 libri.

2262 3450 2531 3575 iiii)”;
2546 3500 2619 3571 τῇ
2654 3503 2835 3575 νόσῳ.
2869 3500 3096 3575 Ruﬁnus
3129 3498 3259 3575 legit
3295 3501 3463 3575 νήσῳ.
3510 3505 3601 3562 Sic
3627 3512 3773 3566 enim

2196 3571 2392 3629 vertit:
2432 3572 2537 3650 Sed
2562 3571 3369 3650 etesdiaconis‘quosdatnjn
3415 3571 3607 3650 infula
3658 3592 3776 3650 pou

2194 3644 2740 3720 pmnas_con_f_e_ss_ionis
2769 3659 2882 3720 esse
2921 3641 3217 3720 (ieiunans.
3249 3642 3449 3720 Verum
3480 3641 3775 3720 Dionysius

2194 3709 2337 3769 luent
2377 3709 2650 3784 intelligit,
2677 3729 2797 3783 qua:
2842 3709 3376 3784 Gallt'etVojttsiani
3434 3709 3777 3784 tempoi-ibus

2193 3796 2440 3854 grassata
2464 3781 2863 3854 est'periotum
2896 3783 3086 3836 orbem
3159 3781 3346 3854 llum”
3390 3794 3446 3839 ιιι
3504 3781 3772 3848 Eusebius

2194 3853 2248 3910 in
2276 3855 2538 3909 Chronico
2576 3853 2792 3923 aliique
2841 3863 3127 3907 testantur.
3169 3853 3305 3907 Vide
3346 3855 3624 3911 Aurelium
3682 3862 3775 3915 Vi-

2193 3938 2428 3984 olorem.
2468 3926 2718 3991 Ejusdem
2771 3923 2958 3996 morbi
2992 3923 3235 3996 meminit
3290 3924 3578 3996 Dionysius
3632 3930 3772 3986 infra

2193 4012 2313 4069 cap.
2336 3996 2426 4061 Ξῖ,
2460 3998 2547 4050 ubi
2595 3998 2759 4069 etiam
2791 3997 2857 4049 de
2909 3993 3156 4048 diaconis
3182 3992 3580 4067 loquitur'quos
3601 4012 3773 4069 pestts

2198 4067 2284 4121 illa
2310 4066 2665 4133 euttsutttpsit.

2269 4137 2380 4208 (t7)
2419 4133 2971 4204 Hspio'ro.tdg.llanc
3025 4147 3208 4208 vocem
3241 4134 3772 4208 Christophorsonus

2197 4205 2368 4278 longo
2408 4213 2697 4278 verborum
2768 4206 3129 4278 circuituyita
3190 4215 3275 4259 est
3337 4205 3768 4278 in!erpretatus:

2195 4277 2277 4350 Aa
2309 4278 2471 4350 lintea
2493 4317 2505 4335 .
2547 4277 2734 4344 quibus
2755 4291 2985 4350 Διεονροιίι
3026 4276 3294 4328 beatorum
3319 4276 3631 4350 Δπιανιριηιηι
3660 4281 3771 4344 iam

2196 4347 2301 4401 vita
2327 4347 2694 4406 defunctorum
2749 4346 3155 4407 involverentur,
3200 4346 3549 4413 conﬁcienda.
3595 4349 3773 4405 llabe-

2197 4421 2288 4470 hat
2318 4418 2523 4471 scilicet
2541 4431 2650 4486 prae
2678 4415 3401 4486 oculisCltristophorsmtus
3430 4434 3637 4474 morem
3668 4422 3770 4476 aevi

2121 4475 2164 4530 Ῑ)
2195 4489 2392 4549 nostri,
2417 4503 2522 4555 quo
2542 4475 2795 4539 'ntortttos
2826 4485 2991 4539 linteo
3012 4475 3230 4554 operire
3264 4495 3430 4556 atque
3480 4489 3552 4542 ita
3608 4475 3775 4546 humo

2198 4560 2433 4612 Condere
2463 4557 2720 4610 so!emus.
2750 4557 2907 4623 Apud
2936 4557 3189 4624 antiquos
3209 4569 3359 4620 vero,
3397 4557 3464 4613 de
3498 4559 3774 4615 Christia-

2196 4629 2281 4680 nis
2308 4630 2471 4682 etiatn
2499 4628 2711 4694 loquor,
2761 4627 2903 4681 alius
2961 4640 3076 4679 tuos
3121 4635 3259 4680 erat».
3319 4626 3575 4686 Vestibus
3622 4632 3772 4687 enim

2197 4699 2460 4753 cadavera
2492 4697 2841 4761 amiciebant,
2877 4706 2933 4749 et
2987 4695 3206 4767 quidem
3249 4699 3687 4767 pretiosissimis,
3713 4712 3774 4756 ut

2195 4769 2357 4822 docet
2390 4767 2832 4840 Eusebiusinlra
2871 4780 3005 4840 _cap.
3034 4764 3103 4840 l6
3153 4767 3221 4819 tle
3250 4764 3496 4840 Asturio.
3537 4770 3610 4840 rSi
3649 4764 3774 4840 quis

2199 4847 2377 4890 tamen
2405 4837 2884 4905 Christophorsoni
2934 4837 3244 4890 versionem
3279 4838 3411 4892 velit
3454 4837 3770 4904 defendere,

2197 4908 2361 4962 habet
2385 4924 2504 4977 quo
2527 4908 2668 4977 illaut
2696 4917 2932 4970 tueatur,
2980 4907 3350 4962 testimonium
3380 4909 3688 4966 Athanasii.
3723 4912 3774 4965 Is

2194 4981 2336 5032 enim
2375 4974 2427 5050 in
2470 4976 2585 5030 Vita
2610 4974 2673 5029 Β.
2707 4978 2926 5050 Antonii
2951 4977 3022 5031 ita
3053 4977 3288 5050 scribit:
3325 4976 3510 5033 Solent
3526 4979 3773 5050 ﬁgyptii

2192 5051 2278 5116 pie
2303 5048 2671 5121 defunctorum
2702 5058 2860 5115 atque
2909 5047 3167 5121 imprimis
3213 5058 3523 5121 sanctorum
3564 5047 3772 5121 many-

2195 5135 2311 5170 runt
2344 5134 2564 5185 corpora
2605 5118 2854 5185 funerare
2890 5119 3101 5185 quidem
3153 5129 3201 5171 et
3250 5118 3427 5173 linteis
3486 5118 3770 5184 involvere,

2196 5204 2299 5242 mm
2328 5201 2501 5241 ament
2534 5189 2787 5241 mandare
2817 5197 2995 5251 terraz,
3028 5189 3119 5242 sed
3151 5187 3401 5257 imposita
3427 5190 3655 5257 lectulis,
3683 5195 3773 5246 iu-

2195 5268 2279 5311 tra
2311 5264 2540 5325 privatos
2564 5259 2787 5325 parietes
2815 5260 3060 5312 retinere.

2266 5330 2379 5397 (48)
2412 5328 2778 5394 Ἐπίσκοπος
2810 5327 2921 5396 τῆς
2954 5327 3107 5382 κατὰ
3130 5328 3374 5396 Συρίαν.
3395 5328 3567 5386 Codd.
3600 5330 3770 5395 ΗΘΛ..

2197 5398 2333 5472 ξἰιΙί.
2369 5409 2423 5453 et
2454 5397 2590 5472 Mal.
2614 5400 3042 5472 vocettt_addttttt
3066 5401 3408 5472 hoc_tnodo_:
3444 5401 3520 5454 Οὐ
3573 5401 3773 5472 μικρὸν

2196 5468 2423 5549 ὕστερον
2448 5468 3107 5553 ξιπίσκοπος-ᾚκκλησῑας
3133 5469 3232 5553 τῆς
3260 5469 3419 5552 κατά,
3451 5468 3585 5536 etc.,
3612 5468 3773 5553 longe

2196 5540 2417 5611 rectius.
2443 5541 2579 5595 Nam
2618 5540 2883 5595 Eusebius
2933 5540 3047 5611 diu_
3075 5540 3264 5606 postea
3320 5542 3639 5611 episcopus_
3668 5540 3772 5597 fuit

2197 5610 2497 5738 taedioque;
2527 5611 2793 5670 successit
2844 5612 2989 5668 enim
3018 5609 3253 5681 Socrati,
3290 5609 3369 5668 ut
3399 5609 3564 5669 docet
3602 5609 3785 5669 Ense--

2235 5697 2317 5738 ius
2345 5698 2397 5738 lll
2427 5696 2506 5738 ra.

2235 5697 2317 5739 ius
2345 5696 2506 5739 lllll'a.
