4220 6392
498 416 606 474 67B

1201 400 1469 459 EUSEBII
1509 397 1989 455 CESARIENSIS
2027 396 2184 453 OPP.
2225 396 2410 452 PARS
2448 396 2491 451 Ι,
2535 426 2605 437 —-
2645 395 3039 452 HlSTOlilCA.

3650 397 3758 453 676

500 544 714 586 cessum
735 534 839 582 est.
878 522 1109 579 Proinde
1136 518 1386 574 Aurelius
1430 516 1699 586 Cyrenius
1748 525 2071 582 procurator

2187 514 2430 583 ἐνοχλεῖν.
2466 514 2576 567 Καὶ
2610 513 2769 567 τοῦτο
2799 516 2936 583 ὅπερ
2967 513 3110 568 κατά
3146 512 3207 566 τὸ
3248 510 3366 578 ἐξὸν
3406 511 3630 568 δύναται
3667 514 3759 586 ὑφ’

501 632 729 679 summae
771 618 874 682 rei,
922 616 1033 670 dati
1076 628 1107 667 a
1152 612 1312 667 nobis
1343 609 1592 677 rescripti
1623 607 1852 661 formam
1881 621 2069 675 seque-

505 722 612 767 tur.
640 728 659 762 D
709 707 839 763 Hatc
864 721 932 761 ex
962 703 1156 759 Latino
1196 702 1251 756 in
1294 699 1547 754 Graecum
1607 712 1914 752 sermonem
1965 712 2074 766 quo

503 802 707 856 clarius
735 797 1193 866 intelligereutur,
1226 790 1510 854 translata,
1542 790 1693 858 operi
1725 789 2078 842 uostroinse-

506 887 736 940 ruimus.
770 882 868 938 Est
900 892 955 937 et
977 882 1082 936 alia
1110 880 1354 949 ejusdem
1382 878 1732 945 imperatoris
1759 876 2078 931 constitutio

503 980 572 1032 ad
594 979 730 1032 alios
755 976 1045 1046 episcopos
1070 974 1219 1040 data,
1250 987 1357 1041 qua
1389 974 1455 1027 iis
1499 970 1753 1041 permisit
1791 979 1851 1023 ut
1876 982 2079 1023 caeme-

505 1071 761 1125 teriorum
793 1083 1015 1123 suorum
1043 1066 1161 1120 loca
1185 1073 1601 1133 recuperarent.

2177 605 2332 675 ὑμῶν
2384 605 2846 677 ἀναπληροῦσθαι,
2910 607 3013 675 ἤδη
3065 605 3172 677 πρὸ
3234 602 3428 659 πολλοῦ
3477 605 3569 657 ὑπ’
3623 605 3759 677 ἐμοῦ

2180 694 2616 766 συγκεχώρηται.
2653 696 2763 749 Καὶ
2805 695 2894 748 διά
2929 696 3086 748 τοῦτο
3117 695 3384 767 Αὐρήλιος
3431 696 3706 767 Κυρήνιος
3731 698 3761 749 ὁ

2179 786 2275 839 τοῦ
2300 788 2559 857 μεγίστου
2604 789 2929 857 πράγματος
2959 785 3341 858 προστατεύων
3372 786 3505 857 (51),
3545 786 3637 841 τὸν
3661 788 3760 842 τύ-

2181 895 2282 931 πον
2318 879 2408 932 τὸν
2450 879 2542 932 ὑπ’
2572 878 2706 950 ἐμοῦ
2746 879 2968 932 δοθέντα
3016 876 3349 947 διαφυλάξει.
3387 898 3406 930 ι
3445 879 3633 934 Ταῦτα
3670 881 3763 934 ὲπὶ

2182 969 2243 1022 τὸ
2304 970 2634 1042 σαφέστερον
2707 972 2772 1023 ὲκ
2830 970 2932 1040 τῆς
2998 970 3283 1040 Ῥωμαίων
3359 971 3762 1043 ἑρμηνευθέντα

2181 1059 2427 1131 γλώττης
2453 1061 2740 1129 ἐγκείσθω.
2776 1062 2886 1114 Καὶ
2911 1060 3045 1132 ἄλλη
3082 1061 3139 1115 δὲ
3179 1060 3274 1115 τοῦ
3308 1063 3473 1116 αὐτοῦ
3520 1063 3763 1129 διάταξις

502 1165 748 1236 φέρεται,
784 1162 854 1233 ἢν
895 1160 1032 1232 πρὸς
1061 1158 1280 1230 ἐτέρους
1332 1158 1665 1219 ἐπισκόπους
1711 1155 2024 1226 πεποίηται,
2058 1159 2131 1210 τὰ
2170 1155 2278 1209 τῶν
2311 1155 2655 1228 καλουμένων
2703 1157 3075 1228 κοιμητηρίων
3104 1155 3511 1228 ἀπολαμϐάνειν
3542 1157 3760 1229 ὲπιτρὲι

503 1274 619 1312 πων
646 1256 838 1328 χωρία.

1085 1341 1314 1397 CAPUT
1347 1341 1487 1397 XIV.

576 1436 807 1503 Quinam
853 1434 1038 1488 iisdem
1081 1432 1399 1502 temporibus
1428 1434 1722 1501 ﬂoruerunt
1756 1432 2011 1502 episcopi.

575 1591 778 1646 Eadem
842 1596 1167 1657 tempestate
1232 1586 1490 1641 Romanae
1542 1589 1762 1657 quidem
1816 1587 2078 1644 Ecclesiae

502 1684 681 1738 adhuc
744 1691 975 1750 praeerat
1022 1680 1271 1749 Xystus;
1322 1679 1724 1735 Antiochenam
1768 1696 1896 1734 vero
1953 1690 2079 1749 post

501 1786 732 1830 mortem
777 1772 928 1828 Fabii
973 1773 1132 1844 263
1179 1771 1556 1826 Demetrianus
1608 1772 1866 1840 regebat;
1933 1772 2073 1840 apud

499 1867 801 1923 Cmsaream
824 1864 1179 1933 Cappadocia:
1206 1863 1597 1942 Firmilianus;
1642 1865 1694 1917 iu
1738 1864 1912 1919 Ponto
1938 1863 2075 1920 Gre-

509 1958 695 2029 gorius
730 1955 1002 2024 fraterque
1029 1955 1145 2025 ejus
1185 1954 1594 2021 Athenodorus,
1638 1956 1802 2010 ambo
1825 1954 2078 2023 Origenis

500 2046 772 2118 discipuli,
817 2046 1094 2101 Ecclesias
1149 2046 1549 2114 gubernabant.
1588 2046 1748 2116 Apud
1773 2046 2075 2101 Caesaream

500 2149 680 2195 autem
722 2138 1027 2193 Palaestinae
1070 2147 1288 2193 mortuo
1336 2134 1656 2193 Theoctism
1706 2138 2076 2192 sacerdotium

501 2232 738 2302 suscepit
768 2230 1026 2284 Domuus.
1064 2229 1184 2297 Quo
1224 2245 1332 2285 non
1372 2232 1542 2284 multo
1586 2238 1711 2301 post
1748 2247 1813 2285 ex
1842 2232 1943 2286 hac
1966 2231 2077 2285 vita

468 2310 733 2387 sublato,
767 2321 1118 2377 Theotecnus
1151 2321 1244 2389 Qui
1269 2321 1336 2375 ad
1380 2334 1628 2377 nostram
1656 2338 1827 2391 usque
1862 2333 2077 2377 actatem

502 2414 792 2486 superfuit,
817 2415 870 2469 in
906 2413 1025 2482 ejus
1047 2414 1232 2470 locum
1265 2417 1591 2486 subrogatus
1610 2425 1711 2469 cst.
1749 2415 1845 2469 llic
1867 2429 2082 2484 quoque

500 2506 749 2577 Origenis
772 2505 990 2560 auditor
1029 2502 1197 2560 fuisse
1237 2502 1455 2560 dicitur.
1519 2504 1912 2575 Hierosolymis
1953 2520 2083 2558 vero

502 2605 627 2668 post
658 2593 972 2649 Mazabanis
994 2592 1225 2659 obitum,
1247 2593 1614 2664 episcopalem
1637 2596 1818 2648 sedem
1844 2594 2085 2647 obtinuit

505 2688 855 2761 Hymenmus,
885 2685 976 2755 qui
1001 2696 1189 2742 nostra
1215 2686 1380 2741 etiam
1410 2695 1569 2742 aetate
1585 2685 1836 2757 plurimis
1868 2686 2083 2740 laudum

507 2781 682 2837 titulis
705 2779 980 2836 inclaruit.

1096 2867 1326 2927 CAPUT
1365 2867 1482 2925 XV.

594 2961 867 3029 Quomodo
901 2957 1145 3017 Marinus
1178 2962 1332 3035 Aapud
1386 2960 1684 3017 Ca'sorenm
1736 2964 1993 3035 martyrio

1069 3032 1381 3101 perfunctus
1425 3044 1521 3086 est.

574 3124 782 3180 Interea
800 3138 933 3195 pace
958 3126 1173 3180 cunctis
1191 3122 1392 3196 ubique
1412 3122 1676 3180 Ecclesiis
1695 3125 1926 3189 reddita,
1945 3125 2083 3195 apud

2704 1328 3107 1385 ΚΕΦΑΛΑΙΟΝ
3137 1332 3233 1385 IA'.

2332 1427 2395 1478 01
2424 1423 2551 1477 κατ’
2581 1422 2777 1475 ἐκεῖνο
2812 1422 3272 1491 συνηκμακότες
3298 1420 3621 1479 ἐπίσκοποι

2674 1492 2815 1563 (Nic.
2846 1492 2917 1545 Η.
2944 1493 3009 1547 Ε.
3041 1508 3116 1559 ιιι,
3143 1492 3285 1562 ⁸54).

2270 1586 2358 1638 Ἔν
2394 1582 2568 1654 τούτῳ
2607 1582 2665 1636 δὲ
2697 1582 2798 1652 τῆς
2840 1581 2938 1652 μὲν
2981 1580 3267 1651 Ῥωμαίων
3305 1581 3627 1653 Ἐκκλησίας
3651 1582 3765 1636 sic-

2185 1678 2270 1731 έτι
2316 1676 2437 1729 τόντε
2484 1674 2779 1745 καθηγεῖτο
2826 1672 3031 1735 Ξύστος
3070 1671 3205 1742 (52),
3256 1671 3355 1743 τῆς
3400 1671 3457 1725 δὲ
3498 1672 3585 1726 ἐπ’
3645 1673 3766 1727 Ἂν..

2181 1768 2415 1837 τιοχείας
2447 1766 2583 1836 μετά
2620 1765 2837 1828 Φάϐιον,
2888 1762 3292 1834 Δημητριανός·
3330 1763 3682 1834 Φιρμιλιανδς
3708 1765 3768 1818 δὲ

2182 1856 2519 1927 Καισαρείας
2583 1854 2683 1924 τῆς
2736 1850 3145 1907 Καππαδοκῶν.
3222 1852 3333 1905 Καὶ
3401 1853 3494 1906 ἐπὶ
3555 1852 3765 1917 τούτοις

2181 1947 2290 2001 τῶν
2319 1945 2461 2000 κατά
2492 1946 2691 1999 Πόντον
2731 1940 3041 2015 ἐκκλησιῶν
3071 1943 3375 2016 Γρηγόριος
3397 1944 3493 1998 καὶ
3513 1945 3542 1998 ό
3573 1944 3765 1997 τούτου

2184 2038 2411 2107 ἀδελφὸς
2457 2036 2840 2107 Ἀθηνόδωρος,
2902 2035 3209 2108 Ὠριγένους
3254 2034 3542 2109 γνώριμοι.
3575 2036 3689 2106 Τῆς
3719 2036 3764 2089 δ’

2184 2130 2276 2185 ἐπὶ
2327 2129 2684 2200 Παλαιστίνης
2728 2127 3064 2201 Καισαρείας
3119 2124 3445 2180 Θεοκτίστου
3498 2127 3765 2199 μεταλλά-

2186 2220 2392 2285 ξαντος,
2421 2218 2723 2289 διαδέχεται
2753 2218 2855 2289 τὴν
2885 2217 3188 2289 ἐπισκοπὴν
3226 2217 3448 2289 Δόμνος.
3484 2217 3686 2289 Βραχεῖ
3709 2217 3767 2270 δὲ

2186 2311 2360 2382 χρόνῳ
2385 2308 2573 2362 τούτου
2610 2306 3013 2378 διαγενομένου,
3052 2305 3343 2370 Θεότεκνος
3383 2309 3413 2360 ὁ
3443 2306 3565 2360 καθ’
3596 2307 3764 2378 ἡμᾶς,

2186 2403 2427 2472 διάδοχος
2474 2399 2819 2453 καθίσταται.
2869 2397 2982 2467 Τῆς
3023 2396 3067 2450 δ’
3122 2396 3430 2469 Ὠριγένους
3482 2397 3768 2470 διατριϐῆς

2189 2498 2285 2550 καὶ
2309 2491 2465 2555 οὗτος
2495 2487 2582 2562 ἦν.
2624 2489 2784 2543 Ἀλλά
2816 2488 2909 2541 καὶ¹
2934 2490 2991 2542 ὲν
3032 2480 3421 2560 Ἱεροσολύμοις
3450 2491 3768 2543 ἀναπαυσα-

2194 2589 2354 2660 μένου
2383 2587 2733 2653 Μαζαϐάνου,
2768 2585 2858 2640 τὸν
2890 2583 3078 2656 θρόνον
3122 2584 3428 2655 Ὑμέναιος,
3468 2585 3498 2637 ὁ
3532 2584 3626 2638 καί
3665 2585 3767 2638 αὺ-

2188 2683 2280 2744 τὸς
2300 2682 2392 2735 ἐπὶ
2416 2681 2687 2744 πλείστοις
2712 2682 2824 2744 τοῖς
2841 2679 2961 2735 καθ’
2990 2679 3135 2757 ὑμᾶς
3155 2677 3460 2750 διαπρέψας
3483 2677 3768 2744 ἔτεσι,διεο

2188 2772 2397 2839 δέξατο.

2703 2860 3100 2917 ΚΕΦΑΛΑῙΟΝ
3130 2859 3234 2915 IE'.

2224 2957 2412 3025 Ὅπως
2442 2954 2591 3011 κατὰ
2634 2953 3000 3025 Καισάρειαζ
3030 2952 3291 3025 Μαρῖνος
3323 2950 3735 3021 ἐμαρτύρησεν

2689 3025 2828 3095 (Nic.
2856 3025 2928 3078 Η.
2952 3022 3021 3079 E.
3049 3038 3124 3087 vI,
3159 3024 3273 3095 15).

2258 3120 2416 3173 Κατὰ
2450 3118 2673 3181 τούτους
2705 3117 2930 3189 εἰρήνης
2969 3114 3285 3187 ἁπανταχοῦ
3318 3115 3428 3170 τῶν
3465 3114 3770 3186 ἐκκλησιῶν

501 3215 802 3273 Ctesaream
829 3216 1132 3271 Palaestinae
1149 3216 1393 3273 Marinus
1416 3217 1636 3286 quidam
1668 3217 1884 3271 militari
1909 3219 2084 3284 digni-

2187 3210 2374 3283 οὔσης,
2412 3214 2469 3265 ὲν
2499 3213 2811 3284 Καισαρείᾳ
2854 3212 2955 3281 τῆς
3000 3210 3367 3282 Παλαιστίνης
3397 3211 3638 3283 Μαρῖνος
3660 3207 3775 3262 τεῶν

502 3319 616 3363 tate
645 3308 952 3373 decoratus,
985 3308 1051 3362 ad
1077 3308 1194 3362 haec
1216 3308 1507 3377 splendore
1529 3309 1747 3378 generis
1779 3317 1944 3377 atque
1965 3309 2084 3377 opi-

500 3403 604 3456 bus
631 3399 829 3466 clarus,
855 3400 924 3454 ob
939 3399 1336 3454 confessionem
1355 3400 1555 3454 Christi
1585 3398 1765 3469 capite
1793 3408 2083 3454 truncatus

500 3502 587 3548 est
637 3494 739 3547 hac
775 3491 843 3547 de
881 3506 1067 3546 causa.
1124 3489 1313 3546 Honor
1361 3491 1583 3561 quidam
1636 3499 1722 3544 est
1768 3490 1896 3544 vitis
1940 3491 2081 3560 apud

503 3581 799 3647 Romanos,
819 3598 981 3651 quam
1011 3583 1102 3653 qui
1131 3582 1311 3651 adepti
1344 3592 1495 3645 sunt,
1520 3581 1871 3637 centuriones
1893 3581 2082 3635 dicun—

505 3687 615 3731 tur.
643 3675 745 3731 Hic
776 3675 926 3731 locus
955 3691 1077 3730 cum
1112 3683 1354 3739 vacaret,
1390 3673 1633 3728 Marinus
1659 3672 1852 3727 ordine
1881 3672 2081 3742 gradus

503 3770 590 3826 sui
622 3768 693 3823 ad
738 3783 857 3822 eam
911 3767 1309 3837 promotionem
1354 3765 1675 3820 vocabatur.
1719 3763 1918 3819 Verum
1957 3780 2081 3819 cum

503 3862 715 3919 honore
744 3859 836 3914 illo
853 3857 1075 3926 jamjam
1113 3858 1384 3927 potiturus
1417 3865 1587 3922 esset,
1612 3856 1833 3924 quidam
1871 3857 1937 3909 ad
1982 3854 2084 3909 tri-

505 3951 670 4007 bunal
699 3949 964 4005 accedens
994 3949 1263 4003 Marinum
1312 3962 1570 4003 accusare
1609 3948 1798 4017 coepit,
1829 3962 2083 4004 asserens

504 4043 586 4099 illi
617 4043 832 4113 quidem
866 4052 1051 4110 utpote
1080 4039 1392 4096 Christiano
1423 4038 1653 4103 homini,
1696 4048 1753 4092 et
1787 4038 2084 4107 imperato-

505 4135 656 4191 ribus
681 4134 991 4191 sacrificare
1014 4132 1289 4197 reuuenti,
1313 4127 1620 4186 Romanam
1646 4130 1967 4200 dignitatem
1995 4146 2087 4187 ca-

575 4292 689 4366 (51)
722 4292 838 4366 Τοῦ
882 4291 1172 4366 μεγίστου
1215 4291 1568 4366 ’πράγματος
1628 4289 2079 4366 Δινιτροονταιθεύωενἶ

504 4361 679 4421 Huuc'
721 4361 894 4418 locum
957 4365 1067 4429 jam
1123 4362 1321 4414 dudum
1379 4361 1639 4428 explicavi
1695 4362 1745 4413 in
1815 4361 1973 4413 notis-
2014 4361 2080 4413 ad

510 4446 769 4504 excerpta
799 4450 878 4504 ex_
901 4433 1072 4487 Dione
1092 4432 1412 4504 Cocceiapo,
1456 4446 1579 4500 pag.
1645 4430 1771 4504 H2.
1830 4430 2082 4504 Cujacius

506 4507 561 4561 iu
588 4500 799 4560 libivm
842 4502 1139 4565 0bservat.,
1169 4516 1288 4569 cap.
1316 4500 1405 4563 52,
1446 4511 1590 4555 recte
1622 4501 1838 4569 quidem
1859 4501 2089 4565 monuit,

508 4575 826 4631 rationalem
851 4587 1075 4627 summa:
1105 4571 1182 4626 rei

505 4647 637 4714 quid
665 4653 809 4699 esset
831 4658 1042 4696 summa
1070 4657 1178 4705 res,
1209 4655 1318 4695 non
1356 4641 1644 4697 intellexit.
1678 4639 1795 4714 Nos
1821 4643 1901 4714 ad
1939 4640 2085 4693 illum

512 4710 698 4768 Dionis
730 4714 927 4776 locum,
952 4714 1291 4767 ostendimus
1324 4726 1593 4765 summam
1632 4725 1743 4764 rem
1784 4710 1925 4765 idem
1965 4726 2090 4766 esse

507 4800 573 4839 ac
602 4798 868 4839 summam
895 4782 1201 4850 pecuniam,
1232 4782 1323 4833 τὸν
1345 4779 1575 4835 καθόλου
1605 4779 1786 4847 λόγον.

582 4879 695 4951 (52)
731 4881 982 4951 ἓψοντος.
1016 4884 1152 4951 fimo
1208 4878 1415 4951 Xystus
1475 4878 2084 4951 jampridetnobierat.

509 4948 720 5018 Quippe
757 4948 958 5020 Xystus
1011 4950 1066 5002 in
1135 4948 1512 5020 persecutione
1559 4948 1835 5020 Valeriani
1889 4948 2089 5017 insigni

510 5020 774 5089 martyrio
812 5018 1102 5073 coronatus
1131 5030 1215 5073 est
1258 5018 1435 5073 Tusco
1485 5030 1540 5072 et
1591 5018 1759 5089 Basso
1816 5032 1983 5089 coss.,
2012 5033 2087 5089 vit

511 5090 633 5143 ldus
656 5090 905 5158 Augusti,
936 5099 994 5158 ut
1022 5098 1235 5141 constat
1265 5101 1378 5143 tum
1424 5104 1490 5144 ex
1545 5088 1777 5157 epistola
1811 5088 2089 5158 Cypriani,

511 5168 624 5212 tum
653 5173 717 5212 ex
748 5157 905 5211 Libro
931 5156 1258 5226 Pontiﬁcali.

581 5271 692 5340 (55)
720 5268 842 5324 Τῶν
865 5269 935 5323 ἐν
968 5270 1326 5339 στρατείαις.
1371 5270 1678 5325 Cohortalis
1741 5271 1933 5324 militia
1999 5270 2090 5326 hic

509 5341 723 5396 videtur
750 5341 1007 5409 intelligi,
1037 5354 1091 5394 ut
1138 5357 1200 5394 ex
1236 5342 1589 5408 sequentibus
1623 5343 1746 5395 licet
1805 5342 2088 5406 colligere.

508 5412 594 5467 Fit
615 5414 759 5466 enim
794 5414 994 5464 mentio
1021 5411 1199 5465 ΑΗιωί
1218 5413 1504 5476 judicis,et
1525 5411 1624 5463 fori
1655 5428 1717 5465 ac
1739 5412 2085 5477 judiciorum,

508 5499 627 5552 quae
657 5485 722 5536 de
748 5493 956 5534 armata
988 5492 1041 5535 et
1064 5482 1324 5552 castrensi
1347 5482 1533 5533 militia
1562 5482 1666 5534 dici
1702 5498 1806 5535 non
1836 5493 2087 5552 possunt.

510 5550 669 5607 Certe
703 5554 746 5606 si
774 5553 839 5605 de
860 5562 1068 5605 armata
1095 5551 1287 5603 militia
1318 5552 1407 5603 hic
1445 5565 1624 5605 sermo
1655 5562 1820 5612 esset,
1852 5550 2091 5604 Marinus

510 5638 690 5674 coram
743 5623 880 5676 duce
929 5634 1023 5674 aut
1074 5636 1259 5675 coram
1330 5621 1514 5688 legato
1580 5623 1815 5675 Ctesaris
1864 5635 2087 5675 causam

512 5692 757 5746 dixisset.
796 5690 1075 5744 Habebunt
1107 5702 1289 5744 autem
1341 5692 1602 5745 ordinarii
1656 5692 1868 5755 judices
1923 5690 2086 5742 etiam

513 5762 859 5813 centuriones
882 5775 1011 5813 suos
1033 5770 1087 5814 ct
1111 5761 1504 5814 cornicularius
1538 5762 1587 5812 in
1614 5761 1790 5812 cilicio
1825 5776 1942 5813 suo.
1981 5760 2086 5812 Sed

512 5843 565 5882 et
590 5840 783 5883 cuncta
810 5829 922 5884 fere
962 5833 1179 5885 nomina
1212 5830 1518 5888 uilici-alium
1555 5834 1646 5899 qui
1687 5832 1817 5899 ipsis
1857 5845 2087 5901 appare—

2188 3307 2246 3358 ὲν
2279 3304 2590 3375 στρατείαις
2626 3304 2739 3374 (5'5)
2776 3301 3051 3374 ἀξιώμασι
3090 3301 3493 3374 τετιμημένων,
3529 3300 3676 3370 γένει
3706 3315 3770 3353 τε

2187 3397 2282 3449 καὶ
2316 3395 2531 3466 πλούτῳ
2562 3395 2869 3468 περιφανὴς
2898 3394 3056 3466 ἀνὴρ,
3090 3394 3178 3448 διὰ
3221 3394 3319 3466 τὴν
3350 3391 3588 3465 Χριστοῦ
3625 3407 3769 3464 μαρα-

2184 3485 2377 3557 τυρίαν
2427 3484 2520 3555 τὴν
2567 3484 2812 3555 κεφαλὴν
2874 3483 3257 3554 ἀποτέμνεται,
3318 3482 3534 3536 τοιᾶσδε
3583 3480 3767 3535 ἕνεκεν

2186 3578 2384 3642 αἰτίας.
2427 3577 2575 3649 Τιμή
2625 3594 2712 3641 τις
2755 3577 2873 3630 ἐστὶ
2918 3575 3069 3648 παρά
3125 3576 3416 3647 Ῥωμαίοις
3459 3575 3520 3629 τὸ
3561 3573 3768 3645 κλῆμα,

2185 3666 2248 3725 οὗ
2275 3674 2402 3735 τοὺς
2421 3670 2681 3742 τυχόντας
2710 3672 2873 3740 φασιν
2908 3669 3342 3742 ἑκατοντάρχους
3370 3668 3633 3738 γίνεσθαι.
3667 3666 3769 3721 Τό-

2190 3780 2293 3817 που
2329 3761 2680 3833 σχολάζοντος
2718 3761 2829 3833 (54)
2874 3762 2970 3815 ἐπὶ
3000 3760 3159 3815 τοῦτο
3201 3756 3488 3832 προκοπῆς
3518 3759 3609 3813 τδν
3650 3760 3772 3813 Μαι·

2194 3856 2338 3928 ρϊνον
2372 3857 2406 3926 ἡ
2433 3853 2529 3908 τοῦ
2566 3851 2776 3925 βαθμοῦ
2807 3852 2964 3919 τάξις
2996 3854 3201 3908 ἐκάλει.
3235 3854 3374 3926 Ἤδη
3412 3870 3471 3907 τε
3512 3851 3774 3923 μέλλοντα

2190 3948 2292 4019 τῆς
2321 3948 2491 4019 τιμῆς
2527 3945 2766 4018 ἔχεσθαι,
2816 3944 3102 4018 παρελθὼν
3134 3946 3292 4011 ἄλλος
3319 3947 3426 4018 πρὸ
3455 3945 3550 3998 τοῦ
3599 3944 3662 4015 βή
3674 3960 3774 4013 μα-

2191 4056 2304 4102 τος,
2344 4040 2417 4111 μὴ
2449 4037 2652 4105 ἐξεῖναι
2688 4037 2788 4108 μὲν
2824 4036 3020 4108 ἐκείνῳ
3051 4039 3149 4109 τῆς
3197 4038 3482 4109 Ῥωμαίων
3528 4037 3773 4108 μετέχειν

2193 4134 2351 4201 ἀξίας
2401 4130 2541 4186 κατά
2586 4131 2714 4195 τοὺς
2766 4130 3029 4195 παλαιοὺς
3084 4129 3302 4203 νόμους,
3348 4131 3658 4204 Χριστιανῷ
3710 4149 3772 4200 γε

2188 4292 2346 4357 bant,
2380 4292 2445 4347 de
2466 4291 2733 4361 castrensi
2764 4289 2958 4345 militia
3004 4297 3166 4345 erant
3220 4300 3455 4361 sumpta,
3504 4301 3563 4347 ut
3615 4302 3767 4348 nouat

2191 4363 2464 4417 Asconius
2491 4360 2785 4417 Pedianus.

2266 4434 2379 4501 (54)
2416 4430 2954 4502 Ἐκατοντάρχους-
2982 4430 3271 4502 τίνεσθαι.
3324 4432 3515 4486 Τόπον
3546 4431 3778 4502 σχολά-

2189 4500 2414 4569 ζοντος.
2437 4502 2573 4557 Cod.
2604 4500 3023 4571 Βεεηγίνεσθαι
3053 4501 3243 4563 τόπου,
3267 4502 3383 4556 sine
3403 4500 3774 4564 distinctione,

1254 4571 1322 4626 iis
1376 4572 1559 4625 verbis
1621 4570 1918 4641 designari.
1962 4571 2084 4641 ﬁed
2124 4574 2164 4628 D
2195 4588 2425 4641 eamque
2483 4570 2979 4637 interpu’uctionem
3057 4580 3240 4641 tuetur
3319 4571 3677 4627 Casaubonus
3720 4574 3774 4627 in

2196 4640 2349 4697 notis
2369 4643 2435 4695 ad
2465 4641 2838 4710 Spartiauum,
2875 4656 2998 4709 pag.
3021 4641 3115 4694 2|.
3148 4640 3241 4696 Sic
3275 4642 3421 4695 enim
3448 4653 3635 4696 censet
3664 4642 3774 4697 Ca-

2194 4714 2489 4777 saubouus,
2508 4713 2674 4765 vitem
2696 4710 2866 4767 fuisse
2900 4712 3111 4777 insigne
3136 4726 3245 4780 quo
3288 4711 3452 4765 futuri
3498 4715 3777 4766 centurio-

2192 4798 2292 4836 nes
2347 4783 2795 4849 designabantur,
2841 4781 3279 4834 centurionatum
3330 4782 3505 4849 ipsum
3542 4783 3772 4848 gesturi,

2194 4867 2316 4905 cum
2346 4848 2494 4906 locus
2524 4851 2720 4919 aliquis
2749 4867 2952 4905 vacuus
2981 4850 3193 4904 fuisset.
3237 4848 3361 4906 Sed,
3394 4848 3694 4905 Salmasius
3719 4854 3771 4906 in

2196 4923 2340 4976 uotis
2365 4922 2430 4973 ad
2471 4923 2721 4974 eumdem
2755 4922 3129 4991 Spartianum,
3179 4925 3319 4974 hanc
3362 4921 3776 4989 interpretatio-

2195 5006 2315 5045 uem
2370 4991 2678 5044 Casaubooi
2734 4991 2931 5045 merito
2981 4991 3378 5059 reprehendit,
3435 4994 3637 5060 quippe
3682 4993 3772 5059 qui

2194 5061 2339 5114 aliud
2368 5075 2494 5115 esse
2522 5060 2842 5116 credidisset
2871 5062 3037 5113 vitem
3062 5074 3252 5129 gerere
3271 5102 3285 5122 .
3319 5060 3465 5113 aliud
3496 5064 3776 5115 centurio-

2194 5146 2318 5183 nem
2347 5146 2489 5185 esse.
2523 5130 2709 5197 Itaque
2760 5131 3065 5185 Salmasius
3119 5130 3334 5185 Eusebii
3384 5131 3562 5184 locum
3612 5131 3777 5185 aliter

2192 5200 2546 5269 interpungit,
2583 5210 2637 5253 et
2668 5212 2787 5269 post
2817 5215 3003 5254 vocem
3027 5198 3272 5269 γίνεσθαι
3316 5200 3479 5254 finale
3514 5211 3773 5268 punctmn

2193 5271 2437 5338 apponit,
2473 5279 2532 5322 ut
2584 5269 2764 5326 fecere
2793 5272 3067 5325 Musculus
3110 5280 3168 5326 et
3222 5271 3772 5337 Christophorsonus.

2193 5340 2355 5393 Certe
2407 5341 2458 5392 in
2517 5341 2905 5395 vetustissimis
2948 5340 3104 5394 codd.
3170 5341 3485 5405 Mazarino,
3543 5339 3682 5394 Fult.
3719 5351 3775 5393 et

2193 5409 2447 5463 Medicam
2481 5421 2603 5477 post
2630 5425 2816 5464 vocem
2862 5410 3111 5479 γίνεσθαι
3136 5411 3517 5465 subdistinctio
3544 5412 3775 5479 ascribi-

2196 5490 2302 5533 tur.
2335 5480 2439 5532 Sed
2467 5480 2517 5531 in
2546 5480 2736 5535 iisdem
2767 5478 3077 5545 codicibus,
3112 5492 3230 5549 post
3258 5496 3417 5535 voces
3448 5482 3571 5549 illas;
3604 5478 3773 5533 τόπου

2195 5549 2543 5620 σχολάζοντος
2572 5562 2833 5619 punctum
2860 5552 2912 5604 iu
2945 5547 3158 5603 summo
3186 5551 3495 5618 apponitur.
3556 5547 3631 5603 Ex
3665 5565 3774 5613 quo

2192 5631 2436 5688 apparet,
2468 5621 2701 5687 scriptos
2727 5635 2917 5674 omnes
2941 5620 3156 5674 codices
3179 5622 3233 5673 in
3261 5622 3422 5686 bujus
3451 5622 3550 5673 loci
3578 5622 3773 5672 distin—

2192 5692 2372 5743 ctione
2409 5693 2737 5744 consentire.
2773 5688 2883 5744 Nec
2912 5689 3066 5742 valde
3104 5690 3271 5744 refert
3299 5701 3419 5743 utro
3461 5690 3621 5743 modo
3653 5691 3773 5741 dis-

2195 5761 2426 5828 tinguas,
2474 5774 2596 5811 cum
2626 5775 2841 5826 semper
2876 5760 3012 5815 idem
3048 5776 3241 5828 sensus
3291 5761 3523 5816 exsistat
3557 5774 3774 5828 quoquo

2196 5825 2355 5886 modo
2393 5832 2820 5898 inter-pulueris.
3182 5825 3197 5843 ⁶
