4220 6396
423 391 524 446 (577

1414 398 1766 456 utsrunms
1806 364 2366 461 ECCLESIASTlC/E
2409 403 2539 460 LIB.
2584 404 2701 461 vn.

3593 416 3700 474 678

419 511 533 564 ῧντι
568 511 798 576 καὶτοῖς
824 513 1102 583 βασιλεῦσι
1137 516 1211 587 μὴ
1248 516 1449 582 θύοντι,
1485 520 1814 590 κατηγόρει·
1854 521 1980 591 αὑτᾷ

2108 536 2324 592 pessere
2356 523 2568 593 legibus
2597 536 2703 576 non
2744 519 2942 588 licere;
2987 519 3093 576 sibi
3126 537 3256 579 vero
3283 526 3511 595 gradum
3546 529 3694 588 illum

415 606 475 659 δὲ
499 607 809 664 ἐπιϐάλλειν
846 610 935 663 τὸν
966 611 1188 682 κλῆρον.
1234 611 1348 681 Ἐφ’
1384 606 1429 681 ᾧ
1473 612 1765 681 κινηθέντα
1796 612 1889 665 τὸν
1922 612 1980 665 δι·

2108 625 2435 684 competere.
2472 614 2546 668 Ea
2574 630 2631 668 re
2656 624 2963 670 commotus
2983 615 3174 682 judex,
3191 617 3424 673 Achaeus
3451 624 3691 689 nomine,

418 699 647 771 καστὴν,
695 700 909 770 Ἀχαιίς
934 698 1086 766 οὗτος
1118 699 1184 774 ἦν
1219 703 1355 773 (55),
1390 704 1607 775 πρῶτον
1642 703 1739 774 μὲν
1777 704 1998 775 ἐρέσθαι

418 788 576 851 ποίας
618 790 648 841 ὁ
698 792 942 862 Μαρῖνος
984 791 1206 863 γνώμης
1253 794 1357 865 εἴη.
1420 794 1508 858 Ὠς
1547 794 1591 847 δ’
1632 794 1999 865 ὁμολογοῦντα

416 881 739 951 Χριστιανὸν
789 883 1064 953 ἐπιμόνως
1113 885 1276 956 ἑώρα,
1315 887 1482 959 τριῶν
1520 886 1679 958 ὡρῶν
1722 886 1996 941 ἐπιδοῦναι

413 970 565 1042 αὐτῷ
595 974 675 1036 είς
708 974 996 1044 ἐπίσκεψιν
1034 975 1325 1046 διάστημα.
1376 979 1564 1041 Ἐκτὸς
1594 978 1729 1048 δῆτα
1771 980 1997 1050 γενόμε-

413 1079 502 1115 νον
554 1064 718 1115 αὐτὸν
762 1065 858 1117 τοῦ
904 1065 1277 1137 δικαστηρίου,
1325 1067 1619 1132 Θεότεκνος
1648 1071 1677 1122 ὁ
1708 1070 1833 1140 τῇδε
1876 1071 1997 1123 ἐπί-

416 1170 616 1220 σκοπος
660 1152 893 1220 ἀφέλκει
947 1159 1260 1230 προσελθὼν
1316 1161 1383 1214 δι’
1444 1162 1680 1231 ὁμιλίας,
1742 1163 1836 1216 καὶ
1894 1163 1994 1232 τῆς

413 1244 594 1315 χειρὸς
625 1238 825 1311 λαϐὼν,
866 1249 959 1301 ἐπὶ
984 1250 1083 1319 τὴν
1133 1249 1430 1321 ἐκκλησίαν
1468 1252 1719 1323 προάγει.
1756 1251 1901 1304 Εἴσω
1932 1269 1993 1304 τε

413 1336 549 1406 πρὸς
575 1335 725 1407 αὐτῷ
760 1342 964 1409 στήσας
1004 1337 1082 1409 τῷ
1124 1340 1446 1410 ἁγιάσματι,
1493 1341 1689 1411 μικρόν
1720 1357 1780 1392 τε
1816 1326 1993 1410 παρα-

417 1426 690 1489 Ιδοιστείλας
723 1427 884 1480 αὐτοῦ
916 1427 1016 1497 τῆς
1059 1427 1331 1498 χλαμύδος
1373 1427 1483 1498 (56)
1522 1428 1618 1480 καὶ
1647 1426 1709 1480 τὸ
1743 1444 1991 1498 προσηρ-

405 1517 640 1588 τημένον
688 1517 838 1588 αὐτῷ
892 1518 1043 1587 ξίφος
1074 1502 1365 1585 ἐπιδείξας,
1433 1518 1550 1590 ἃμα
1596 1536 1654 1571 τε
1697 1519 1992 1589 ἀντιπαρα-

328 1664 339 1673 ,
404 1608 587 1678 τίθησι
628 1609 997 1681 προσαγαγὼν
1040 1610 1191 1682 αύτῷ
1232 1610 1331 1682 τὴν
1372 1610 1483 1666 τῶν
1533 1611 1695 1665 θείων
1737 1611 1986 1680 Εὐαγγε-

403 1700 532 1754 λίων
564 1702 805 1773 γραφὴν,
848 1701 1114 1767 κελεύσας
1151 1702 1262 1756 τῶν
1310 1703 1453 1757 δυεῖν
1494 1702 1708 1757 ἑλέσθαι
1741 1702 1804 1756 τὸ
1847 1704 1989 1757 κατὰ

401 1791 646 1863 γνώμην.
696 1794 783 1855 Ὠς
813 1794 859 1847 δ’
887 1793 1152 1865 ἀμελλητὶ
1178 1795 1278 1867 τὴν
1305 1793 1489 1861 δεξιὰν
1527 1795 1837 1866 προτείνας,
1882 1794 1989 1848 ἐδέ-

2105 708 2345 776 printutn
2377 707 2593 775 quidem
2618 707 2889 762 Marinum
2917 709 3277 779 interrogavit
3304 711 3586 781 cujusnam
3604 731 3694 770 es-

2105 806 2187 852 set
2209 799 2514 854 sententim.
2547 798 2781 867 Cognito
2814 800 3012 855 deinde
3046 803 3194 871 quod
3223 802 3599 860 Christianum
3627 823 3690 863 se

2104 900 2227 941 esse
2271 887 2714 943 constantissime
2758 890 3142 956 proﬁteretur,
3207 893 3371 949 trium
3431 896 3686 952 horarum

2103 980 2338 1047 spatium
2372 979 2436 1033 ad
2473 980 2883 1035 deliberandum
2911 983 2960 1037 ei
2985 987 3277 1041 concessit.
3303 987 3539 1043 Proinde
3563 1008 3684 1045 cum

2103 1085 2169 1124 ex
2222 1072 2480 1139 prmtorio
2538 1087 2797 1141 egressus
2850 1084 3019 1145 esset,
3053 1076 3394 1134 Theotecnus
3448 1083 3686 1140 civitatis

2101 1163 2386 1233 episcopus
2410 1164 2477 1219 ad
2514 1164 2663 1218 illum
2706 1166 2993 1235 accedens,
3034 1178 3091 1224 et
3121 1172 3537 1227 sermocinaudo
3569 1176 3688 1229 lou-

2100 1255 2219 1324 gius
2252 1269 2375 1308 eum
2409 1256 2756 1321 abstrahens,
2799 1259 3069 1327 prehensa
3102 1278 3261 1316 manu
3297 1266 3363 1318 ad
3392 1266 3681 1321 ecclesiam

2099 1347 2368 1417 perducit.
2393 1347 2640 1417 Cumque
2665 1351 2898 1405 interius
2925 1355 2993 1407 ad
3026 1352 3199 1423 ipsum
3223 1354 3396 1410 altare
3417 1372 3540 1411 eum
3571 1369 3683 1413 sta-

2100 1439 2310 1504 tuisset,
2351 1441 2571 1495 reducta
2622 1442 2892 1512 tantisper
2932 1444 3051 1513 ejus
3091 1446 3400 1517 chlamyde,
3440 1452 3679 1516 gladium

2100 1530 2173 1583 illi
2207 1545 2315 1599 quo
2344 1532 2675 1602 praecinctus
2729 1544 2849 1589 erat
2893 1536 3210 1601 ostendens,
3243 1555 3366 1593 mox
3398 1556 3678 1597 sacrorum

2096 1620 2520 1693 Evangeliorum
2559 1625 2805 1681 codicem
2838 1643 2908 1682 ex
2938 1630 3171 1687 adverso
3204 1632 3369 1699 locat,
3394 1634 3591 1701 jubens
3622 1647 3680 1690 ut

2094 1727 2157 1767 ex
2220 1714 2432 1770 duobus
2480 1725 2665 1771 utrum
2719 1706 2914 1774 mallet
2953 1721 3199 1792 eligeret.
3240 1722 3505 1790 Marinus,
3547 1728 3678 1783 nihil

2098 1814 2404 1870 cunctatus,
2437 1816 2692 1874 protensa
2725 1810 2917 1865 dextra
2951 1813 3193 1869 codicem
3224 1830 3344 1869 cum
3376 1820 3681 1888 apprehen-

401 1882 529 1949 ξατο
555 1884 652 1955 τὴν
686 1882 834 1937 θείαν
856 1885 1272 1957 Γραφὴν,Ἔχου
1286 1884 1488 1948 τοίνυν,
1516 1882 1662 1954 ἔχου,
1688 1885 1821 1972 φησὶ
1852 1883 1980 1955 πρὸς

2092 1895 2283 1959 disset,
2342 1894 2429 1949 his
2476 1909 2600 1950 eum
2652 1898 2835 1953 verbis
2891 1897 3236 1956 Tlteotecnus
3288 1882 3673 1972 compellavit:

399 1974 562 2027 αὐτὸν
601 1977 630 2029 ὁ
667 1975 977 2040 Θεότεκνος,
1009 1974 1102 2029 τοῦ
1151 1976 1308 2041 Θεοῦ,
1344 1976 1439 2031 καὶ
1482 1975 1668 2047 τύχοις
1712 1969 1787 2031 ὧν
1820 1974 1985 2040 εἵλου,

397 2066 535 2138 πρὸς
567 2067 733 2121 αὑτοῦ
772 2068 1198 2140 δυναμούμενος,
1242 2069 1335 2122 καὶ
1369 2068 1553 2140 βάδιζε
1590 2068 1707 2140 μετ’
1740 2069 1982 2141 εἰρήνης.

396 2159 575 2223 Εὐθὺς
594 2158 804 2213 ἐκεῖθεν
831 2159 1195 2214 ἐπανελθόντα
1221 2160 1409 2227 αὑτὸν,
1438 2159 1615 2233 κήρυξ
1647 2159 1775 2214 ὲὸόα
1803 2161 1985 2215 καλῶν

396 2250 503 2321 πρὸ
539 2249 634 2304 τοῦ
686 2250 1080 2324 δικαστηρίουο
1128 2251 1224 2305 καὶ
1272 2251 1381 2323 γὰρ
1436 2252 1539 2324 ἤδη
1583 2251 1654 2306 τὰ
1699 2252 1798 2324 τῆς
1852 2269 1987 2323 προ-

395 2342 625 2412 θεσμίας
669 2341 765 2396 τοῦ
816 2344 1010 2415 χρόνου
1057 2344 1405 2417 πεπλήρωτο.
1442 2344 1554 2398 Καὶ
1587 2343 1650 2416 δὴ
1697 2343 1986 2416 παραστὰς

393 2429 474 2500 τῷ
499 2431 854 2503 δικαστηρίῳ,
904 2433 998 2486 καὶ
1055 2432 1278 2505 μείζονα
1309 2434 1411 2505 τῆς
1453 2432 1687 2498 πίστεως
1715 2434 1817 2506 τὴν
1848 2451 1984 2506 προ-

393 2521 593 2594 θυμίαν
620 2524 914 2589 ἐπιδείξας,
949 2524 1114 2590 εὐθὺς
1145 2525 1379 2591 ἐκεῖθεν,
1411 2525 1488 2590 ὡς
1518 2519 1690 2596 εῖχεν,
1713 2526 1984 2599 ἀπαχθεὶς

391 2618 490 2689 τὴν
523 2618 615 2671 ἐπὶ
646 2617 883 2689 θανάτῳ,
915 2618 1216 2675 τελειοῦται
1250 2618 1385 2690 (57).

910 2710 1307 2765 ΚΕΦΑΛΑΙΟΝ
1338 2711 1454 2778 ις’.

428 2799 491 2854 Ἠ
529 2799 680 2853 κατὰ
725 2801 1033 2869 Ἀστύριον
1065 2803 1298 2871 ἱστορία
1332 2802 1472 2867 (Nic.
1515 2800 1585 2857 H.
1613 2799 1681 2858 Ε.
1710 2817 1786 2869 vr,
1829 2801 1944 2871 Η).

459 2892 630 2946 Ἔνθα
664 2894 759 2947 καὶ
820 2894 1101 2966 Ἀστύριος
1150 2896 1243 2949 ἐπὶ
1289 2898 1354 2967 τῇ
1412 2894 1651 2965 θεοφιλεῖ
1694 2894 1978 2966 παρρησίᾳ

389 2983 805 3055 μνημονεύεται,
859 2985 999 3057 ἀνὴρ
1038 2986 1147 3038 τῶν
1192 2985 1287 3039 ἐπὶ
1330 2984 1550 3057 Ῥώμης
1596 2984 1977 3056 συγκλητικῶν

385 3075 691 3147 γενόμενος,
736 3075 1014 3147 βασιλεῦσί
1060 3092 1119 3129 τε
1155 3076 1483 3147 προσφιλὴς,
1535 3077 1628 3129 καὶ
1668 3077 1804 3131 πᾶσι
1835 3074 1977 3145 γνώ-

380 3186 545 3241 ριμος
573 3168 854 3238 εὐγενείας
882 3185 943 3222 τε
978 3169 1138 3223 ἕνεκα
1166 3169 1260 3222 καὶ
1298 3169 1618 3241 περιουσίας
1638 3186 1651 3200 ·
1696 3169 1757 3232 δς
1785 3168 1974 3241 παρὼν

382 3261 635 3332 τηνικάδε
686 3260 1045 3332 τελειουμένῳ
1090 3260 1170 3332 τῷ
1204 3262 1464 3333 μάρτυρι,
1514 3262 1606 3315 τὸν
1651 3255 1806 3332 ὦμον
1838 3262 1973 3316 ὐπο-
2000 3243 2044 3301 C

382 3352 516 3416 θεὶς,
550 3352 642 3406 ἐπὶ
680 3353 944 3424 λαμπρᾶς
983 3369 1043 3405 τε
1086 3353 1181 3405 καὶ
1216 3351 1540 3415 πολυτελοῦς
1573 3352 1802 3425 ἐσθῆτος
1833 3351 1973 3424 ἄρας

380 3441 443 3496 τὸ
476 3444 670 3512 σκῆνος
693 3441 1034 3513 ἐπιφέρεται,
1072 3442 1418 3511 περιστείλας
1450 3458 1510 3494 τε
1542 3436 1603 3495 εῦ
1639 3441 1784 3512 μάλα
1803 3440 1967 3493 πλου-

382 3532 531 3595 σίως,
565 3535 632 3604 τῇ
668 3534 1020 3605 προσηκούσῃ
1063 3535 1210 3602 ταφῇ
1254 3532 1610 3604 παραδίδωσι.
1640 3532 1843 3586 Τούτου
1876 3550 1967 3604 μυ·

384 3624 473 3695 ρία
503 3623 603 3695 μὲν
633 3624 728 3677 καὶ
761 3623 897 3677 ἄλλα
933 3623 1362 3696 μνημονεύουσιν
1404 3625 1457 3678 οἱ
1491 3623 1716 3698 τάνδρὸς
1754 3624 1853 3679 κα)⁵
1884 3625 1967 3689 εἰς

379 3716 526 3786 ἡμᾶς
560 3714 933 3786 διαμείναντες
958 3714 1245 3787 γνώριμοι.

898 3923 1296 3977 ΚΕΦΑΛΑΙΟΝ
1328 3924 1425 3977 ΙΖ¹.

374 4012 514 4082 Περὶ
548 4011 666 4066 τῶν
694 4012 845 4066 κατὰ
880 4012 1156 4067 Πανεάδα
1196 4014 1465 4082 σημείων
1502 4011 1612 4082 τῆς
1643 4011 1750 4067 τοῦ
1774 4010 1961 4081 Σωτῆ-

2089 1984 2324 2043 Adhzrre
2373 1988 2557 2059 igitur,
2597 1991 2813 2047 adtulere
2854 1992 3019 2066 264
3048 1993 3179 2059 Deo,
3204 1995 3432 2065 ejusque
3475 1998 3677 2054 virtute

2089 2079 2405 2147 roboratus,
2435 2096 2778 2153 consequere
2804 2087 2949 2155 quod
2976 2086 3213 2155 elegisti.
3243 2085 3393 2141 Vade
3425 2089 3480 2143 in
3512 2105 3666 2157 pace.

2089 2177 2219 2234 Post
2245 2179 2363 2235 hwc
2392 2181 2793 2249 regredientem
2823 2182 2973 2235 illum
3004 2184 3072 2237 ab
3093 2182 3343 2249 ecclesia,
3369 2199 3548 2253 prmeo
3572 2201 3669 2253 pro

2087 2268 2296 2324 foribus
2319 2272 2558 2337 praztorii
2593 2287 2824 2328 evocare
2857 2276 3043 2346 cmpit.
3083 2274 3202 2329 lam
3231 2277 3374 2330 enim
3397 2278 3670 2347 ριἰιιειίιιι-

2085 2368 2203 2414 ιυιη
2254 2370 2471 2430 tempus
2511 2361 2818 2419 efﬂuxerat.
2856 2366 3122 2422 Admotus
3168 2367 3334 2437 igitur
3387 2369 3667 2439 tribunali,

2085 2465 2209 2506 cum
2246 2451 2508 2521 majorem
2550 2470 2715 2524 quam
2764 2467 2925 2513 antea
2954 2458 3295 2514 alacritatem
3332 2461 3451 2515 ﬁdei
3479 2472 3666 2515 osten-

2085 2543 2275 2609 disset,
2309 2547 2494 2601 statim
2534 2547 2683 2616 inde,
2717 2548 2791 2602 ita
2827 2560 2889 2605 ut
2925 2548 3065 2618 erat,
3101 2552 3169 2607 ad
3212 2552 3533 2621 Sltl‘pliciltnl
3567 2556 3665 2607 ab-

2086 2634 2304 2701 ductus,
2344 2638 2610 2708 martyrio
2641 2648 2938 2695 coronatus
2968 2650 3071 2696 est.

2677 2728 2904 2787 CAPUT
2936 2731 3074 2787 XVI.

2556 2821 2814 2880 Narratio
2859 2826 2923 2879 de
2968 2824 3199 2896 Astyrio.

2148 2908 2305 2966 Tunc
2328 2918 2380 2965 et
2404 2911 2662 2985 Astyrius
2690 2916 2759 2970 ob
2782 2915 3088 2986 religiosam
3122 2916 3372 2971 ﬁduciam
3407 2932 3470 2974 ac
3500 2918 3669 2975 liber-

2078 3012 2245 3058 tatem
2276 3004 2692 3061 celeberrimum
2724 3023 2921 3064 nomen
2951 3016 3038 3063 est
3063 3022 3396 3066 consecutus
3425 3029 3441 3068 :
3478 3013 3563 3066 vir
3592 3029 3659 3071 ex

2076 3095 2336 3153 Romanze
2352 3099 2506 3155 urbis
2525 3102 2891 3168 senatoribus,
2914 3103 3335 3170 imperatoribus
3353 3106 3513 3161 unice
3533 3109 3665 3160 cha-

2078 3202 2172 3243 rns
2202 3207 2216 3242 :
2249 3199 2303 3243 et
2328 3205 2450 3245 cum
2485 3192 2554 3246 ob
2604 3191 2948 3261 Splendorem
2999 3196 3238 3265 generis,
3293 3206 3405 3251 tum
3440 3209 3665 3267 propter

2080 3280 2299 3337 divitias
2324 3284 2576 3339 omnibus
2599 3296 2777 3340 notus.
2799 3286 2899 3352 Qui
2922 3302 3044 3342 cum
3067 3289 3369 3357 supradicti
3400 3292 3661 3359 martyris

2078 3372 2345 3442 supplicio
2375 3375 2681 3443 interesset,
2720 3378 2962 3433 humeris
2999 3380 3113 3434 suis
3143 3381 3458 3448 impositum
3491 3384 3659 3435 catla-

2076 3478 2173 3519 ver
2206 3466 2433 3521 candida
2472 3484 2535 3523 ac
2567 3472 2804 3539 pretiosa
2833 3472 3065 3527 amictus
3109 3483 3257 3528 veste
3292 3472 3579 3542 hajulavit,
3607 3485 3661 3529 et

2075 3558 2367 3628 magniﬁco
2394 3560 2540 3614 cultu
2560 3570 2835 3625 ornatum,
2859 3563 3071 3618 decenti
3093 3564 3317 3618 tradidit
3342 3565 3657 3634 sepulturae.

2073 3649 2149 3704 De
2183 3650 2288 3704 hoc
2319 3652 2437 3706 viro
2489 3653 2776 3709 iumunera
2828 3669 3046 3724 quoque
3075 3655 3179 3708 alia
3229 3654 3543 3710 referuntur
3590 3660 3660 3711 ab

2071 3740 2315 3809 ejusdem
2345 3742 2726 3811 fatniliarilms,
2757 3746 2847 3815 qui
2870 3745 2937 3800 ad
2970 3755 3214 3801 nostram
3238 3762 3415 3817 usque
3441 3756 3656 3802 aetatem

2067 3835 2397 3903 superstites
2430 3836 2712 3890 vixerunt.

2638 3927 2867 3984 CAPUT
2908 3926 3068 3981 XVII.

2136 4014 2215 4072 De
2240 4018 2514 4074 miraculis
2545 4019 2849 4076 Servatort’s
2879 4023 3045 4075 nostri
3069 4021 3212 4090 apud
3245 4019 3575 4081 Paneadem.

774 4101 885 4150 ρος
914 4083 1083 4152 ἡμῶν
1095 4085 1551 4152 μεγαλουργίας.

451 4174 618 4244 Ἀτᾶρ
654 4175 749 4227 καὶ
778 4175 1083 4245 παραδόξου
1115 4174 1379 4228 τοιούτου.
1406 4174 1529 4227 Ἐπὶ
1563 4175 1661 4245 τῆς
1687 4173 1957 4227 Φιλίππου

2137 4169 2282 4226 Inter
2311 4187 2432 4241 qua:
2457 4174 2766 4244 bujusmodi
2795 4184 2881 4232 est
2909 4177 3256 4232 miraculum.
3285 4178 3439 4255 Apud
3469 4176 3650 4232 Ctesa-

373 4267 705 4339 Καισαρείας
747 4268 812 4339 ἢν
838 4267 1084 4321 Πανεάδα
1112 4266 1357 4331 Φοίνικες
1384 4267 1495 4340 (58)
1518 4266 1961 4339 προσαγορεύου-

2085 4274 2219 4314 ἐαιη
2266 4260 2499 4335 Philippi
2530 4281 2692 4337 quam
2734 4266 3025 4322 Phoenices
3056 4266 3306 4322 Paueada
3342 4268 3646 4342 nominant,

443 4442 557 4515 (55)
597 4442 833 4513 Ἀχαιὸς
898 4437 1077 4510 οὗτος
1117 4438 1218 4514 ἧν.
1281 4441 1814 4511 Christ0phorsonus
1865 4444 1943 4496 A-
2053 4445 2290 4500 fessione
2312 4443 2539 4513 quidem
2564 4444 2924 4500 initiabantur
2962 4452 3256 4515 martyres,
3294 4452 3470 4496 morte
3497 4456 3636 4499 cou-

369 4513 577 4567 rhivum
611 4530 794 4582 genere
829 4514 1014 4580 vertit,
1073 4513 1160 4568 cui
1209 4529 1314 4569 non
1374 4516 1667 4569 assentior.
1714 4516 1948 4570 Achaeus
1983 4524 2026 4577 D
2055 4516 2571 4581 summabantur,et
2605 4516 2811 4569 ﬁebant
2845 4515 3039 4568 τέλειοι
3090 4513 3389 4583 μάρτυρες,
3456 4523 3513 4565 ut
3561 4516 3640 4568 ait

368 4585 514 4635 enim
550 4599 749 4654 nomen
776 4586 1056 4652 proprium
1090 4594 1170 4638 est
1191 4584 1513 4654 ;7quomodo
1568 4594 1791 4638 vocatus
1818 4586 1947 4639 olim
2055 4584 2346 4654 Dionysius
2374 4584 2778 4638 Alexandrinus
2801 4600 2977 4654 supra
2999 4585 3050 4636 in
3088 4586 3190 4636 hoc
3237 4583 3375 4635 libro
3397 4597 3518 4649 cap.
3546 4583 3636 4647 ll,

367 4663 453 4705 est
483 4655 591 4705 dux
623 4653 1007 4707 celeberrimus
1030 4654 1121 4720 qui
1165 4653 1424 4708 adversus
1481 4655 1810 4707 Antiochum
1868 4671 1954 4708 re-
2054 4658 2155 4710 sub
2181 4653 2363 4707 linem.
2392 4654 2568 4707 Aliam
2597 4653 2876 4707 rationem
2905 4653 3061 4706 aﬂ'ert
3095 4654 3345 4705 Clemens
3400 4656 3640 4705 Alexuno

368 4723 610 4785 bellavit,
643 4733 704 4777 ut
729 4725 924 4776 scribit
955 4722 1237 4793 Polybius.
1268 4721 1366 4778 Hic
1392 4738 1557 4791 porro
1604 4723 1835 4779 Achaeus
1886 4725 1953 4779 de
2054 4726 2246 4779 drinus
2274 4724 2328 4777 in
2368 4723 2461 4777 lib.
2499 4739 2554 4777 tv
2582 4722 2900 4793 Stromntet',
2936 4739 3060 4793 pag.
3098 4721 3226 4783 206.
3283 4737 3382 4775 cur
3432 4735 3639 4793 marty-

367 4806 476 4861 quo
506 4792 748 4861 loquitur
778 4791 1067 4858 Eusebius,
1105 4807 1306 4862 przeses
1360 4802 1480 4848 erat
1513 4794 1835 4857 Palaastinae,
1895 4803 1951 4849 et
2054 4797 2193 4849 rium
2238 4801 2462 4848 vocetur
2501 4791 2818 4862 τελείωσις,
2877 4791 2947 4847 ob
2996 4791 3377 4846 excellentiam
3419 4791 3642 4862 scilicet

371 4859 422 4913 in
452 4859 593 4934 urbe
614 4864 886 4934 Caasarea,
922 4877 1042 4933 qua:
1068 4859 1233 4934 caput
1260 4872 1381 4918 erat
1416 4864 1580 4919 totius
1633 4864 1948 4933 provinciae,

2090 4859 2588 4921 haritatiszAt’nixa
2607 4862 2889 4934 τελείωσιν
2913 4863 2973 4916 τὸ
3014 4861 3314 4934 μαρτύριον
3344 4861 3639 4934 καλοῦμεν,

367 4932 834 5004 εθιιειῃίιιψεὺει.
1122 4932 1171 5004 ξ,
1265 5000 1276 5004 ,
1634 4932 1655 5004 7.
1801 5002 1811 5004 μ
1915 5003 1919 5004 κ

2085 4939 2149 5004 ὺχ
2178 4938 2441 5004 οτικτελος
2466 4934 2560 5004 τοῦ
2598 4932 2714 5004 βίου
2743 4934 2772 4985 ὁ
2800 4932 3414 5004 ἄνθρωπος’ἕλαδενῃώς
3447 4935 3496 4985 οἱ
3527 4934 3639 4986 λοι-

441 5001 552 5125 (5ἓ)
586 5000 703 5071 Τῆς
740 5000 1069 5071 χλαμύδος.
1115 5000 1209 5057 Sic
1264 5000 1383 5070 lego
1421 5016 1520 5071 pro
1569 5002 1716 5073 vulg.
1764 5002 1951 5074 χλανί-
2052 5000 2166 5063 ποῖ.
2202 5002 2317 5055 ἀλλ’
2342 5003 2425 5055 ὅτι
2447 5000 2654 5055 τέλειον
2690 5001 2851 5072 ἔργον
2876 5000 3097 5075 ἀγάπης
3128 5000 3451 5082 ἐνεδείξατο.

441 5089 473 5125 :.
543 5071 750 5125 hlamvs
771 5074 923 5125 enim
959 5081 1013 5124 et
1033 5071 1243 5125 balteus
1262 5081 1419 5125 erant
1443 5073 1673 5125 insiania
1701 5080 1943 5125 mtlttan-
2123 5073 2235 5125 (58)
2270 5074 2376 5125 Ἢν
2394 5071 2673 5125 Πανεάδα
2695 5073 2993 5125 Φοίνικες.
3023 5073 3314 5125 Phoenices
3361 5076 3451 5125 lnc

366 5070 473 5134 δος.
496 5070 750 5143 Chlamys
771 5070 923 5125 enim
959 5081 1013 5124 et
1033 5071 1243 5143 balteus
1262 5070 1685 5143 erant’insignia'
1701 5070 1943 5126 militan-

2123 5073 2235 5143 (58)
2270 5074 2387 5143 Ἢις
2394 5071 2673 5126 Πανεάδα
2695 5070 2993 5140 Φοίνικες.
3023 5070 3314 5127 Phoenices
3361 5075 3451 5125 hic
3503 5073 3638 5127 dicit

368 5153 500 5194 ιιιιῐη
523 5152 639 5214 ,7ut
664 5139 763 5214 “ex
798 5143 1097 5214 innumeris
1151 5142 1302 5214 locis
1344 5139 1572 5197 Joannis
1623 5143 1948 5214 Qhrysosto-
2053 5139 2317 5198 Eusebius
2350 5140 2569 5197 Graecos
2596 5145 2686 5214 qui
2718 5139 3032 5198 Pltmnieem
3058 5144 3393 5214 incolebant.
3426 5143 3640 5199 Paneas

368 5213 461 5272 mi,
489 5212 720 5276 Libanii,
750 5221 805 5283 et
830 5212 1059 5283 aliorum
1088 5212 1305 5283 probari
1353 5222 1551 5281 potest.
1619 5211 1948 5282 Plerumque
2050 5217 2197 5267 enim
2226 5228 2421 5265 nomen
2468 5221 2553 5268 est
2600 5211 2851 5268 Graecum
2896 5229 2911 5266 :
2953 5214 3076 5283 Syri
3135 5228 3267 5268 vero
3316 5213 3398 5267 vel
3453 5214 3638 5282 potius

368 5292 547 5355 tamen
576 5297 674 5355 pro
704 5281 989 5355 chlamyde
1009 5282 1196 5355 χλανίς
1225 5281 1944 5355 passivoerrorescribitur.
2051 5283 2516 5355 Syrophgenices,
2572 5298 2693 5355 eam
2742 5290 2931 5355 urbem
2991 5281 3116 5337 Dan
3162 5281 3520 5355 appellabant,
3577 5292 3638 5337 ut

2048 5352 2242 5409 scribit
2270 5353 2637 5424 Hieronymus
2669 5354 2722 5406 in
2748 5352 3142 5419 Qua’stionibus
3190 5352 3246 5406 in
3290 5354 3550 5414 Genesim,
3577 5361 3635 5406 et

2048 5424 2105 5478 in
2131 5425 2270 5479 libro
2296 5424 2372 5476 De
2399 5421 2530 5476 locis
2564 5421 2863 5490 Hebraicis,
2887 5436 2943 5478 et
2993 5426 3044 5477 iu
3079 5424 3307 5492 epistola
3364 5426 3428 5476 ad
3494 5423 3633 5476 Eva~

2048 5496 2251 5564 grium.
2283 5494 2425 5547 Idem
2448 5495 2638 5564 scribit
2676 5493 3074 5562 Philostorgius
3116 5496 3167 5547 in
3201 5496 3298 5547 lib.
3353 5508 3442 5556 vu,
3493 5508 3544 5564 c.
3572 5492 3629 5545 3.

2046 5562 2226 5634 Locus
2251 5565 2564 5634 Hieronymi
2601 5562 2675 5615 De
2724 5566 3104 5632 qua'stionibus
3169 5566 3247 5634 ita
3305 5577 3364 5617 se
3418 5562 3626 5617 habet:

369 5351 596 5423 Yulgata
634 5351 799 5407 lectio
821 5351 1014 5423 fel‘ellit
1045 5353 1412 5423 Nicephorum
1445 5393 1461 5418 ,
1492 5355 1581 5422 qui
1629 5368 1725 5423 pro
1755 5352 1946 5423 χλανί-

362 5420 457 5493 δος
480 5420 573 5475 hic
601 5420 882 5493 substituit
912 5422 1254 5492 χιτωνίσκον.
1316 5420 1612 5493 Gregorius
1631 5420 1645 5493 ί
1672 5420 1946 5493 Nys'smtus

365 5492 419 5543 in
448 5492 541 5545 lib.
578 5508 592 5545 l
623 5492 819 5545 Contra
837 5490 1179 5554 Eunomium,
1200 5507 1324 5561 pag.
1341 5492 1447 5545 295
1470 5506 1486 5545 :
1510 5492 1663 5546 Μετὰ
1689 5490 1746 5545 δὲ
1771 5492 1946 5547 ταῦτα

362 5563 491 5634 περὶ
522 5561 742 5631 χλανίδα
772 5564 865 5634 καὶ
893 5561 1068 5634 ζώνην
1093 5562 1433 5634 ἀσχοληθεὶς,
1462 5562 1538 5626 ὥς
1567 5578 1763 5634 φασινς
1793 5566 1946 5617 ἐπει-

362 5630 665 5702 eaeam,
698 5644 807 5687 etc.
836 5633 1006 5698 Quem
1024 5630 1211 5687 locum
1239 5630 1477 5702 pessime
1532 5630 1691 5687 vertit
1722 5632 1946 5690 Gretse—
2045 5634 2169 5689 Dan
2198 5630 2472 5686 l’ltamices
2495 5630 2764 5700 oppiduni,
2804 5640 2941 5703 quod
2971 5651 3108 5687 nunc
3154 5633 3361 5703 Paneas
3410 5633 3627 5703 dicitur.

360 5700 473 5755 rus.
1240 5700 1251 5702 ἡ
2049 5705 2169 5757 Dan
2199 5714 2374 5756 autem
2404 5721 2534 5756 unus
2564 5720 2590 5755 ε
2639 5700 2873 5770 fontibus
2915 5703 3193 5757 Jordanis.
3222 5700 3363 5754 Nunt
3402 5711 3453 5753 et
3490 5702 3631 5754 alter

434 5772 545 5843 (57)
573 5771 955 5846 ’Τί-μειοῦται.Δ
989 5773 1041 5846 id
1092 5783 1196 5837 εει,
1238 5775 1492 5846 martyrio
1548 5781 1944 5846 ‘0”§?‘m""'m‘

2085 5786 2261 5827 ocatur
2286 5773 2401 5836 lor,
2424 5775 2562 5843 quod
2594 5775 2971 5839 interpretatur
2999 5773 3232 5842 ῥεῖθρον.
3256 5771 3473 5826 Duobus
3503 5786 3630 5839 ergo

359 5853 456 5910 est,
481 5855 537 5897 ut
572 5844 868 5913 loquuntur
896 5843 1257 5913 Hieronymus
1288 5855 1341 5900 et
1370 5844 1617 5901 iiutiuus.
1648 5843 1780 5897 Nam
1804 5860 1940 5899 con-
2048 5848 2279 5913 [antibus
2313 5846 2401 5915 qui
2426 5849 2569 5898 haud
2597 5848 2784 5916 procul
2814 5860 2844 5895 rt
2895 5861 2948 5898 se
2993 5847 3219 5911 distant,
3248 5846 3301 5896 in
3345 5859 3505 5897 unum
3554 5846 3633 5894 rt-
