4220 6400
524 390 629 448 679

1231 387 1499 445 EUSEBII
1533 385 2012 444 CAESARlENSlS
2048 384 2201 442 OPP.
2242 384 2424 440 PARS
2460 385 2502 442 l.
2545 416 2614 426 —
2653 383 3050 441 lllSTORlCA.

3693 391 3798 445 σεο

524 513 595 567 ad
635 509 800 581 pedes
822 506 974 563 Panii
1014 508 1234 571 montis,
1264 507 1446 562 fontes
1479 508 1754 572 visuntur,
1794 522 1858 562 ex
1904 506 2103 577 quibus

2208 521 2281 569 σι,
2300 505 2433 572 φασὶ
2463 505 2617 578 παρὰ
2645 508 2762 569 ταῖς
2793 504 2981 559 αὐτόθι
3000 503 3380 574 δεικνυμέναις
3413 507 3471 560 ἐν
3503 511 3621 573 ταῖς
3658 509 3798 564 ὑπω-

524 601 742 673 prolluit
763 598 1033 653 Jordanis.
1063 599 1120 652 ln
1151 600 1248 651 hos
1278 597 1418 653 festo
1438 599 1676 667 quodam
1702 599 1790 652 die
1820 598 2103 652 victimam

525 692 721 761 conjici
753 691 967 747 solitam
1018 703 1143 744 esse
1186 690 1358 756 aiunt,
1405 704 1530 758 quae
1583 688 1820 742 mirabili
1870 687 2105 757 quadam

525 785 785 840 daemonis
813 782 1129 852 operatione
1170 796 1436 850 nusquam
1488 790 1676 850 postea
1711 789 2059 848 compareret
2088 793 2103 834 :

524 890 753 943 eamque
790 888 903 931 rem
936 889 964 927 a
1018 873 1397 942 spectantibus
1445 887 1548 942 pro
1593 871 1790 925 illustri
1840 870 2107 924 miraculo

525 965 713 1021 haberi
768 965 1137 1019 consuevisse.
1187 963 1436 1031 Quodam
1479 963 1646 1033 igitur
1692 972 1935 1031 tempore
1981 975 2104 1015 eum

523 1056 778 1112 Asturius
804 1057 889 1112 his
907 1056 1049 1111 forte
1067 1056 1413 1111 caeremoniis
1439 1056 1749 1118 interesset,
1767 1063 2107 1120 cunctosque

524 1148 882 1204 admiratione
933 1148 1008 1202 rei
1046 1146 1327 1217 perculsos
1357 1147 1589 1212 videret,
1618 1146 1851 1213 primum
1887 1145 2103 1215 quidem

523 1245 824 1301 caecitatem
849 1241 993 1312 vulgi
1019 1242 1316 1295 miseratus
1342 1251 1447 1294 est.
1473 1238 1678 1294 Deinde
1711 1238 1885 1292 oculis
1914 1239 1966 1290 in
1991 1251 2103 1291 cte-

525 1336 634 1390 lum
668 1335 916 1399 sublatis,
949 1347 1266 1404 supremum
1308 1334 1552 1386 omnium
1587 1331 1757 1384 Deum
1789 1345 1885 1397 per
1919 1329 2103 1384 Jesnm

523 1427 799 1484 Christum
831 1428 1135 1482 obtestatus
1163 1436 1267 1489 est,
1297 1435 1357 1480 ut
1387 1425 1690 1478 daemonem
1742 1422 1893 1476 illum
1922 1420 2104 1491 pepuli

523 1522 865 1574 seductorem
895 1518 1304 1588 constringeret
1328 1556 1343 1583 ,
1371 1525 1428 1571 et
1455 1531 1484 1570 a
1518 1515 1850 1583 decipiendis
1878 1513 2105 1583 posthac

523 1610 846 1666 mortalibus
880 1610 1163 1665 abstinere
1201 1625 1322 1664 eum
1361 1609 1603 1679 juberet.
1647 1606 1876 1661 Peracta
1909 1620 2102 1675 preca-

523 1704 692 1766 tione,
712 1710 932 1771 repeute
952 1701 1229 1755 victimam
1249 1700 1491 1754 fontibus
1514 1708 1905 1769 supernatasse
1926 1698 2100 1765 aiunt;

2212 599 2386 670 ρειαις
2429 599 2523 652 τοῦ
2565 598 2901 670 καλουμένου
2939 597 3134 651 Πανίου
3172 598 3328 669 ὄρους
3374 605 3598 671 πηγαῖς,
3633 605 3694 669 ἐξ
3720 597 3796 660 ὧν

2208 691 2304 744 καὶ¹
2335 690 2428 744 τὸν
2450 691 2722 763 Ἰορδάνην
2749 690 3088 763 προχεῖσθαι,
3122 692 3264 745 κατά
3287 708 3407 746 τινα
3439 695 3633 766 ἑορτῆς
3660 698 3784 768 ήμέ.

2209 797 2311 854 ραν
2368 783 2595 852 σφάγιόν
2638 801 2692 837 τι
2721 781 3157 838 καταϐάλλεσθαι
3191 783 3335 854 (59)’
3392 786 3486 838 καὶ
3518 787 3677 841 τοῦτο
3724 793 3790 863 τῇ

2206 871 2301 926 τοῦ
2338 873 2591 945 δαίμονος
2631 875 2856 945 δυνάμει
2903 875 3107 944 ἀφανὲς
3151 874 3397 942 γίνεσθαι
3448 879 3791 948 παραδόξως,

2207 964 2395 1036 θαῦμά
2432 983 2491 1019 τε
2531 962 2669 1020 εἶναι
2707 965 3029 1039 περιϐόητον
3070 967 3184 1029 τοῖς
3217 968 3451 1039 παροῦσι
3484 969 3546 1022 τὸ
3573 973 3793 1042 νινόμε-

2206 1076 2317 1113 νον.
2367 1060 2619 1131 Παρόντα
2671 1060 2716 1113 δ’
2768 1056 2863 1114 οὖν
2907 1077 3036 1113 ποτε
3075 1065 3188 1125 τοῖς
3250 1062 3641 1132 πραττομένοις
3702 1067 3793 1120 τὸν

2207 1148 2511 1223 Ἀστύριον,
2546 1151 2640 1205 καὶ
2681 1151 2742 1206 τὸ
2771 1154 3005 1225 πρᾶγμα
3031 1153 3576 1224 καταπληττομένους
3614 1154 3793 1213 ἰδόντα

2207 1245 2331 1306 τοὺς
2346 1242 2593 1307 πολλοὺς,
2622 1245 2889 1315 οἰκτεῖραι
2916 1245 3018 1315 τῆς
3042 1244 3268 1316 πλάνης,
3303 1248 3537 1302 κᾶπειτα
3561 1251 3791 1306 ἀνανεύε-

2208 1351 2377 1389 σαντα
2419 1338 2498 1400 εἰς
2543 1336 2791 1407 οὐρανὸν,
2833 1338 3108 1393 ἱκετεῦσαι
3155 1340 3244 1393 διὰ
3290 1340 3529 1413 Χριστοῦ
3579 1341 3672 1397 τὸν
3696 1343 3795 1396 ἐπὶ

2205 1425 2425 1479 πάντων
2449 1426 2601 1491 Θεὸν,
2635 1426 2696 1479 τὸ
2720 1427 3018 1483 λαοπλάνον
3050 1430 3324 1501 δαιμόνιον
3357 1432 3654 1501 άπελέγξαι
3695 1434 3792 1488 καὶ

2206 1520 2412 1572 παῦσαι
2445 1517 2546 1587 τῆς
2576 1516 2686 1571 τῶν
2712 1518 3015 1590 ἀνθρώπων
3049 1522 3284 1593 ἀπάτης.
3315 1523 3501 1578 Ταῦτα
3529 1524 3587 1578 δέ
3626 1542 3790 1595 φασιν

2203 1607 2523 1680 εὐξαμένου,
2570 1609 2782 1681 ἁθρόως
2830 1609 2891 1664 τὸ
2930 1612 3124 1682 ἱερεῖον
3158 1613 3483 1668 ἐπιπολάσαι
3524 1618 3646 1679 ταῖς
3684 1633 3791 1687 πη-

2204 1706 2348 1770 γαῖς.
2380 1703 2537 1757 Οῦτω
2562 1721 2623 1757 τε
2656 1704 2839 1768 αὐτοῖς
2879 1703 2940 1758 τὸ
2980 1707 3283 1777 παράδοξον
3309 1708 3576 1779 οἴχεσθαι,
3626 1709 3792 1780 μηδεο

520 1802 686 1860 atque
716 1792 788 1846 ita
810 1793 1128 1847 miraculum
1160 1792 1293 1862 ipsis
1316 1806 1539 1861 prorsus
1569 1791 1935 1860 intercidisse,
1956 1790 2103 1847 nullo

2207 1795 2296 1860 νδς
2318 1798 2514 1868 μηκέτι
2537 1796 2815 1868 θαύματος
2848 1798 2974 1869 περὶ
3002 1799 3093 1852 τὸν
3126 1799 3292 1855 τόπον
3317 1801 3607 1871 γενομένου
3634 1846 3646 1860 .

522 1884 946 1955 deincepscirca
968 1884 1109 1938 hunc
1138 1883 1314 1937 lucum
1349 1882 1601 1952 prodigio
1632 1882 1767 1937 viso.

979 1975 1140 2048 265
1178 1975 1408 2031 CAPUT
1441 1976 1626 2030 xvul.

522 2066 595 2123 De
628 2079 804 2123 statua
825 2086 985 2141 quam
1018 2070 1210 2123 mulier
1236 2068 1513 2149 sanguinis
1537 2069 1689 2137 ﬂuxu
1722 2067 1977 2122 laborans
2005 2083 2103 2137 po-

1249 2149 1378 2193 dull.

601 2230 708 2287 Sed
750 2230 1191 2301 quandoquidem
1247 2229 1411 2298 hujus
1453 2228 1607 2308 urbis
1649 2230 1977 2286 mentionem
2029 2228 2108 2285 fe-

519 2326 726 2388 cimus,
765 2339 871 2377 non
905 2323 1266 2390 incongruum
1315 2320 1481 2374 fuerit
1517 2335 1632 2374 rem
1662 2324 1958 2390 quamdam
1989 2336 2105 2375 me-

521 2417 696 2472 moria
745 2415 1013 2485 imprimis
1055 2413 1275 2484 dignam
1324 2414 1562 2482 posteris
1604 2414 1841 2467 tradere.
1892 2411 2104 2467 Etenim

521 2508 804 2564 mulierem
852 2506 998 2560 illam
1052 2504 1338 2574 sanguinis
1400 2504 1667 2572 proﬂuvio
1729 2503 2103 2568 laborantem,

518 2616 684 2670 quam
731 2613 800 2654 ex
846 2596 1020 2653 sat-ris
1078 2596 1389 2666 Evangeliis
1446 2596 1706 2650 discimus
1741 2608 1772 2649 a
1814 2593 2107 2648 Servatore

520 2702 710 2748 nostro
766 2701 1014 2746 curatam
1070 2687 1261 2755 fuisse,
1309 2701 1377 2742 ex
1425 2687 1528 2742 hac
1569 2687 1792 2741 civitate
1837 2686 2103 2755 originem

522 2785 754 2840 traxisse
799 2782 1003 2848 ferunt,
1059 2783 1391 2853 domumque
1431 2781 1549 2851 ejus
1584 2780 1785 2835 ibidem
1824 2779 2101 2849 conspici;

520 2885 579 2932 et
622 2874 807 2932 collati
844 2875 900 2930 in
947 2890 1065 2930 eam
1104 2889 1137 2929 a
1179 2873 1469 2929 Servatore
1514 2880 1703 2927 nostro
1753 2871 2006 2927 beneﬁcii
2042 2871 2107 2926 il-

519 2968 713 3025 lustria
748 2980 969 3025 exstare
1010 2977 1387 3023 monumenta.
1430 2965 1640 3036 Quippe
1684 2964 1840 3036 juxta
1880 2964 2107 3035 januam

519 3065 715 3120 domus
760 3064 940 3127 illius.
983 3078 1135 3119 aenea
1179 3062 1425 3117 mulieris
1471 3058 1676 3127 eﬂigies
1724 3070 1873 3115 stare
1905 3058 2108 3115 dicitur

2720 1984 3043 2039 ΚΕΦΑΛΛῙ(
3054 1979 3120 2038 DN
3148 1987 3255 2040 ΠΡ.

2346 2076 2489 2144 Περι
2522 2072 3010 2163 τρῦιὰνδριάνξῖςς
3054 2072 3127 2163 qi?
3175 2079 3217 2163 εὶ
3247 2070 3651 2163 αιμετόέξοοῦσα

2531 2145 2876 2213 ἀνέστησεν
2893 2146 3029 2216 (Nic.
3065 2147 3132 2200 Η.
3168 2145 3235 2201 Ε.
3276 2148 3487 2213 νι,15).

2279 2237 2419 2291 Ἀλλ’
2450 2237 2637 2309 ἐπειδὴ
2666 2237 2827 2308 τῆσδε
2864 2240 2965 2309 τῆς
2993 2237 3200 2303 πόλεως
3228 2241 3564 2311 εἰςλινήμην
3597 2240 3791 2313 ἐλήλυ-

2208 2328 2298 2392 θα,
2335 2331 2436 2382 οὐκ
2463 2328 2609 2395 ἄξιον
2647 2329 2888 2400 ἠγοῦμαι
2933 2328 3221 2401 παρελθεῖν
3259 2332 3513 2404 διήγησιν
3548 2333 3644 2387 καὶ
3679 2337 3795 2399 τοῖς

2210 2422 2329 2493 μεθ’
2362 2423 2512 2494 ἡμᾶς
2552 2422 2986 2494 μνημονεύεσθαι
3032 2421 3206 2486 ἀξίαν.
3247 2422 3357 2496 Τὴν
3392 2425 3501 2498 γάρ
3532 2427 3795 2499 αἱμορρο-

2206 2508 2372 2567 οῦσαν
2400 2513 2509 2584 (60)
2536 2513 2602 2584 ἣν
2648 2514 2713 2567 ὲκ
2757 2512 2867 2565 τῶν
2916 2512 3078 2584 ἱερῶν
3119 2513 3468 2582 Εὐαγγελίων
3515 2516 3651 2585 πρὸς
3698 2514 3794 2572 τοῦ

2209 2603 2461 2675 Σωτῆρος
2487 2603 2643 2674 ὴμιῖιν
2676 2602 2768 2655 τοῦ
2799 2601 3007 2666 πάθους
3033 2603 3357 2675 ἀπαλλαγὴν
3386 2604 3649 2676 εὕρασθαι
3693 2622 3793 2678 μεθ

2210 2694 2558 2766 μαθήκαμεν,
2609 2693 2819 2747 ἐνθένδε
2865 2693 3048 2761 ἔλεγον
3086 2694 3381 2765 ὁρμᾶσθαι,
3436 2695 3527 2749 τόν
3559 2713 3619 2749 τε
3646 2692 3794 2751 οἷκον

2207 2787 2377 2857 αὐτῆς
2402 2785 2496 2839 ἐπὶ
2521 2789 2619 2858 τῆς
2648 2785 2856 2849 πόλεως
2882 2784 3212 2849 δείκνυσθαι,
3264 2786 3360 2842 καὶ
3406 2788 3506 2859 τῆς
3555 2789 3661 2843 ὑπὸ
3699 2789 3794 2844 τοῦ

2208 2877 2462 2948 Σωτῆρος
2488 2878 2571 2939 εἰς
2598 2875 2768 2947 αὐτὴν
2789 2876 3107 2946 εὐεργεσίας
3126 2876 3415 2948 θαυμαστὰ
3436 2880 3671 2951 τρόπαια
3692 2899 3794 2937 πα-

2209 2970 2487 3045 ραμένειν.
2530 2968 2781 3022 Ἐστάναι
2827 2967 2936 3041 γὰρ
2968 2970 3054 3037 ἐφ’
3087 2968 3294 3040 ὑψηλοῦ
3339 2969 3487 3023 λίθου
3530 2970 3667 3042 πρὸς
3696 2972 3795 3043 μὲν

2207 3065 2329 3127 ταῖς
2379 3060 2575 3125 πύλαις
2615 3059 2709 3113 τοῦ
2753 3059 2922 3131 αὐτῆς
2960 3060 3133 3125 οῐκου,
3178 3062 3435 3130 γυναικὸς
3491 3062 3796 3134 ὲκτύπωμα

520 3156 788 3212 columnae
824 3155 1051 3225 lapidea:
1096 3155 1382 3224 imposita,
1427 3153 1659 3223 genibus
1693 3148 1853 3206 ﬂexis
1886 3160 2106 3222 proten-

2208 3153 2437 3227 χάλκεον
2463 3154 2556 3210 ἐπὶ
2589 3154 2724 3223 γόνυ
2753 3152 3094 3225 κεκλιμένον,
3137 3154 3232 3208 καὶ
3260 3153 3582 3225 τεταμέναις
3609 3155 3704 3209 ἐπὶ
3734 3154 3797 3209 τὺ

518 3250 707 3319 sisque
761 3248 1013 3303 manibus
1072 3247 1247 3301 instar
1299 3244 1673 3314 supplicantis.
1733 3243 1813 3298 Ex
1877 3243 2106 3298 adverso

2210 3244 2447 3317 πρόσθεν
2490 3247 2612 3309 ταῖς
2656 3244 2868 3315 χερσὶν,
2913 3241 3231 3317 ἱκετευούσῃ
3260 3244 3458 3308 ἐοικός.
3500 3244 3706 3298 Τούτου
3739 3244 3797 3298 δὲ

519 3349 700 3394 autem
755 3337 963 3409 eﬂigies
1012 3337 1114 3391 viri
1174 3351 1244 3392 ex
1305 3337 1496 3392 eodem
1552 3335 1771 3391 metallo
1832 3335 2104 3401 conﬂata,

519 3429 716 3485 stantis
785 3443 851 3483 ac
906 3426 1144 3497 diploide
1198 3427 1456 3483 decenter
1495 3426 1712 3492 induti,
1772 3437 2106 3494 manumque

520 3519 737 3575 mulieri
784 3519 1135 3590 porrigentis.
1187 3518 1267 3572 Ad
1314 3515 1472 3584 cuius
1516 3517 1681 3587 pedes
1727 3517 1782 3571 in
1830 3517 1946 3587 ipsa
1988 3514 2106 3570 basi

522 3612 706 3684 ignota
738 3613 982 3682 quaedam
1025 3611 1175 3666 nasci
1219 3611 1421 3666 dicitur
1460 3609 1687 3680 planta:
1717 3625 1838 3679 qua:
1876 3608 1943 3663 ad
1986 3607 2109 3662 litu-

525 3704 701 3760 briam
746 3718 920 3772 usque
960 3717 1125 3757 aenea:
1156 3702 1413 3773 dipluidis
1452 3716 1743 3771 assurgens
1774 3699 2107 3771 depellendis

524 3797 705 3852 omnis
749 3795 963 3864 generis
1008 3795 1213 3849 morbis
1265 3794 1749 3864 praesentissimum
1802 3791 2101 3847 remedimn

522 3895 628 3942 est.
690 3882 841 3938 Hanc
886 3893 1121 3938 statuam
1169 3880 1297 3938 Jesu
1351 3883 1557 3939 Christi
1601 3884 1837 3954 speciem
1899 3882 2107 3938 referre

522 3977 763 4032 aiebant.
805 3973 1002 4029 Mansit
1049 3987 1213 4042 porro
1255 3974 1321 4026 ad
1372 3983 1558 4028 nostra
1612 3988 1783 4043 usque
1818 3983 2102 4043 tempora:

523 4082 732 4138 nosque
761 4067 897 4122 adeo
927 4067 1117 4121 urbem
1162 4061 1307 4118 illam
1345 4066 1577 4134 ingressi
1606 4104 1621 4130 ,
1671 4066 1844 4133 ipsam
1877 4081 2106 4135 conspe—

523 4161 723 4216 ximus.
764 4157 872 4212 Nec
907 4172 1035 4211 vero
1085 4156 1394 4211 mirandum
1440 4165 1561 4223 est,
1590 4156 1818 4228 gentiles
1845 4173 1874 4211 a
1904 4157 2109 4213 Serva-

524 4256 645 4302 tore
672 4256 861 4301 nostro
891 4245 1170 4300 beneﬂciis
1197 4244 1423 4300 aﬂ'ectos
1463 4246 1580 4301 haec
1615 4247 1956 4316 praestitisse,
1982 4262 2104 4301 cum

525 4349 579 4396 et
611 4341 980 4409 apostolorum
1027 4336 1175 4393 Petri
1228 4352 1294 4392 ac
1337 4336 1526 4402 Pauli,
1574 4338 1888 4407 Christique
1933 4341 2106 4408 ipsius

526 4432 700 4501 pietas
731 4432 1015 4501 imagines,
1044 4433 1112 4483 ad
1136 4440 1381 4485 noStram
1425 4444 1600 4497 usque
1633 4429 1952 4484 memoriam
1987 4445 2107 4485 ser-

2207 3339 2469 3421 ἄντικρυς
2495 3336 2622 3392 ἄλλο
2648 3338 2749 3409 τῆς
2780 3337 2949 3407 αὐτῆς
2969 3334 3104 3407 ῦλης
3135 3336 3329 3409 ἀνδρὸς
3358 3336 3540 3407 δρθιον
3588 3338 3795 3409 σχῆμα,

2205 3428 2448 3483 διπλοΐδα
2478 3427 2719 3497 κοσμίως
2761 3425 3247 3498 περιϐεϐλημένον,
3288 3427 3382 3480 καὶ
3406 3425 3504 3497 τὴν
3530 3429 3687 3498 χεῖρα
3725 3431 3795 3498 τῇ

2206 3520 2427 3590 γυναικὶ
2457 3519 2755 3590 προτεῖνον,
2790 3509 2852 3570 οὗ
2888 3515 3039 3587 παρὰ
3074 3518 3186 3580 τοῖς
3229 3516 3387 3570 ποσὶν
3414 3516 3509 3570 ἐπὶ
3540 3517 3638 3583 τῆς
3669 3517 3797 3588 στή-

2205 3614 2304 3685 λης
2348 3615 2538 3683 αὐτῆς,
2583 3612 2735 3680 ξένον
2774 3629 2825 3665 τι
2874 3609 3105 3682 βοτάνης
3149 3604 3288 3673 εἶδος
3342 3610 3516 3679 φύειν,
3562 3608 3590 3662 δ
3635 3609 3798 3680 μέχρι

2205 3708 2300 3762 τοῦ
2335 3706 2645 3780 κρασπέδου
2688 3707 2789 3777 τῆς
2820 3703 2915 3758 τοῦ
2949 3702 3153 3775 χαλκοῦ
3173 3702 3441 3767 διπλοΐδος
3479 3698 3628 3755 άνιὺν
3657 3701 3794 3771 (61),

2206 3796 2650 3870 ἀλεξιφάρμακόν
2686 3813 2741 3848 τι
2790 3795 3062 3849 παντοίων
3119 3793 3441 3866 νοσημάτων
3483 3794 3795 3863 τυγχάνειν.

2207 3889 2410 3945 Τοῦτον
2459 3889 2516 3942 δὲ
2563 3887 2654 3941 τὸν
2697 3884 2993 3958 ἀνδριάντα
3028 3884 3214 3939 εἰκόνα
3258 3883 3352 3938 τοῦ
3394 3883 3568 3956 Ἰησοῦ
3611 3882 3798 3957 φέρειν

2207 3978 2412 4047 ελεγον.
2440 3979 2662 4048 Ἔμεινε
2687 3976 2744 4029 δὲ
2766 3975 2859 4029 καὶ
2887 3977 2966 4039 εἰς
2992 3977 3159 4047 ἡμᾶς.
3187 3974 3263 4040 ὡς
3289 3975 3382 4029 καὶ
3405 3975 3523 4045 ὄψει
3552 3974 3798 4047 παραλα-

2209 4070 2322 4123 ϐεῖν
2351 4069 2795 4140 ἐπιδημήσαντας
2818 4067 3016 4130 αὐτοὺς
3039 4069 3105 4138 τῇ
3128 4066 3301 4121 πόλει.
3344 4067 3454 4120 Καὶ
3484 4065 3798 4136 θαυμαστὸν

2208 4160 2357 4215 οὐδὲν
2398 4161 2525 4223 τοὺς
2557 4158 2727 4212 πάλαι
2759 4156 2820 4220 ἐξ
2853 4154 3024 4208 ἐθνῶν
3048 4155 3503 4228 εὐεργετηθέντας
3536 4155 3673 4227 πρὸς
3701 4151 3795 4208 τοῦ

2208 4255 2460 4325 Σωτῆρος
2483 4251 2660 4323 ἡμῶν,
2690 4250 2861 4307 ταῦτα
2887 4249 3261 4319 πεποιηκέναι,
3291 4249 3380 4302 ὅτε
3405 4246 3498 4301 καὶ
3527 4246 3636 4299 τῶν
3665 4247 3798 4300 ἁπο-

2210 4345 2413 4399 στόλων
2458 4342 2623 4397 αὐτοῦ
2663 4343 2761 4406 τὰς
2803 4343 3015 4406 εἰκόνας
3049 4341 3261 4394 Παύλου
3298 4339 3392 4393 καὶ
3440 4339 3670 4411 Πέτρου,
3702 4336 3799 4391 καὶ

2209 4431 2376 4485 αὐτοῦ
2427 4431 2493 4502 δὴ
2542 4429 2638 4483 τοῦ
2687 4430 2946 4501 Χριστοῦ,
2997 4430 3086 4483 διὰ
3111 4428 3419 4501 χρωμάτων
3466 4430 3524 4481 ὲν
3558 4431 3795 4499 γραφαῖς

527 4533 680 4580 vatas
718 4524 772 4578 in
807 4523 1006 4579 tabulis
1045 4522 1361 4577 viderimus.
1397 4522 1605 4591 Quippe
1634 4520 1796 4592 prisci
1839 4522 1950 4587 illi,
1980 4523 2106 4578 abs-

2217 4522 2532 4595 σωζομένας
2585 4525 2972 4596 ἱστορήσαμεν,
3033 4522 3108 4584 ὡς
3169 4520 3317 4583 εἰκὸς
3385 4518 3494 4572 τῶν
3548 4518 3796 4572 παλαιῶν

527 4632 633 4687 que
676 4617 785 4672 ullo
830 4614 1143 4673 discrimine
1189 4621 1414 4671 cunctos
1454 4612 1522 4668 de
1566 4627 1627 4668 se
1691 4615 1827 4667 bene
1879 4615 2103 4670 meritos

529 4703 717 4773 gentili
754 4706 989 4772 quadam
1038 4703 1434 4758 consuetudine
1485 4710 1743 4768 tanquam
1797 4712 2104 4756 servatores

533 4797 708 4850 colere
748 4795 1059 4864 hnjusmodi
1099 4796 1399 4849 honoribus
1436 4803 1848 4847 consueverant.

528 4906 705 4962 culum
726 4905 1008 4975 [κάει-σεῖε,
1032 4908 1288 4965 Iordanis
1314 4909 1554 4976 deinceps
1577 4908 1897 4978 appellatur.
1925 4909 2097 4966 Porro

530 4978 583 5032 in
613 4980 994 5047 manuscriptis
1022 4982 1299 5035 codicibus
1337 4979 1498 5038 Maz..
1529 4979 1667 5033 Med.
1702 4995 1765 5033 ac
1812 4979 1946 5035 Fuk.
1984 4982 2098 5035 Πα-

527 5047 641 5102 νίου
671 5048 832 5120 δρους
865 5050 1142 5116 scribitur,
1184 5067 1291 5105 non
1344 5065 1442 5119 per
1471 5050 1890 5120 diphthongum,
1948 5065 2005 5105 ut
2045 5056 2098 5107 in

528 5121 715 5172 codice
748 5118 935 5172 Rezio.
1134 5142 1139 5149 ·

528 5134 715 5174 conice
748 5134 935 5186 uegto.
1134 5142 1139 5149 ·

600 5187 711 5260 (59)
735 5188 999 5259 Σφάγιόν
1021 5207 1077 5243 τι
1105 5191 1605 5247 καταϐάλλεσθαι.
1649 5188 1906 5245 Solebant
1927 5190 2102 5258 genti-

528 5258 610 5314 les
635 5258 885 5330 infontes
912 5277 974 5315 ac
997 5271 1186 5329 puteos
1219 5278 1355 5330 quos
1376 5262 1649 5322 colebant,
1680 5261 1930 5314 victimas
1949 5260 2104 5324 jace-

528 5344 609 5402 re.
630 5329 780 5402 llinc
798 5329 1070 5385 Publicola
1101 5329 1773 5402 interrogatAugustinum
1800 5330 1853 5383 in
1881 5331 2105 5397 cpistola

529 5400 653 5465 155,
691 5402 736 5456 si
772 5401 895 5455 licet
918 5402 987 5455 de
1019 5402 1165 5454 lonle
1190 5400 1405 5464 bibere,
1446 5402 1531 5454 vel
1560 5403 1626 5455 de
1666 5411 1853 5469 putet),
1898 5402 1985 5454 ubi
2040 5404 2107 5456 tle

529 5473 802 5526 sacrilicio
830 5473 1029 5540 aliquid
1065 5471 1288 5524 missum
1323 5480 1427 5523 est.

599 5543 713 5612 (60)
751 5541 869 5611 Τὴν
893 5538 1005 5612 γὰρ
1026 5540 1489 5609 αἰμορῤοοῢσιιν.
1519 5538 1732 5593 Citatur
1762 5539 1848 5592 hic
1886 5538 2100 5612 Eusebii

529 5609 759 5682 locus'in
796 5609 1028 5681 septima
1053 5617 1280 5682 synodo,
1304 5617 1520 5665 actione
1548 5619 1764 5682 quarta,
1808 5624 1930 5677 pag.
1955 5609 2101 5682 _508.

528 5678 664 5754 Vide
697 5697 816 5754 quae
846 5678 1451 5754 narratPhilostorgius
1485 5682 1538 5735 in
1564 5680 1656 5734 lib.
1694 5694 1930 5747 vu,cap.
1952 5680 2008 5746 5,
2046 5692 2100 5735 et

528 5763 596 5804 ex
625 5752 713 5805 illo
743 5751 1097 5820 Nicephorns.

600 5818 939 5892 (61)Μέχ,ρι
992 5823 1098 5878 τοῦ
1132 5819 1571 5890 mercati-60m...
1621 5820 1814 5875 ἁνιόν.
1872 5818 2101 5874 Ruliuus

531 5890 887 5947 hunclocuin
948 5895 1020 5948 ita
1078 5894 1369 5955 intellexit,
1418 5894 1573 5952 quasi
1610 5895 1790 5947 l‘lanta
1824 5892 1913 5946 illa
1972 5902 2102 5946 tunc

2209 4614 2645 4688 ἀπαραλλάκτως
2688 4611 2797 4684 (62)
2857 4605 2944 4663 οἶα
2998 4613 3247 4682 σωτῆρας
3294 4609 3479 4678 ἐθνικῇ
3540 4606 3799 4678 συνηθείᾳ

2208 4703 2338 4774 παρ’
2368 4703 2580 4763 ἑαυτοῖς
2613 4700 2799 4751 τοῦτον
2831 4700 2995 4766 τιμάν
3016 4696 3282 4746 εἰωθότων
3310 4692 3397 4743 τὸν
3422 4690 3643 4761 τρόπον.

2206 4913 2424 4966 demum
2460 4908 2649 4963 eﬂieax
2681 4905 2746 4961 ad
2781 4909 3059 4963 sanandos
3095 4909 3314 4963 morbos
3341 4922 3462 4962 esse
3485 4909 3793 4973 lnomperit,
3844 4932 3855 4945 -

2207 4991 2492 5051 postquam
2533 4980 2599 5051 ad
2627 4980 2898 5033 ﬁmbriam
2923 4994 3098 5048 usque
3130 4978 3456 5051 Dontinica:_
3482 4978 3673 5051 vestis
3698 4992 3796 5029 ex—

2209 5045 2498 5106 crevisset.
2535 5049 2708 5115 Quem
2746 5064 2967 5102 sensum
3000 5045 3225 5102 secutus
3265 5058 3351 5100 est
3398 5045 3791 5114 Cliristuphor-

2208 5135 2398 5183 sonus,
2430 5128 2482 5172 et
2514 5130 2642 5172 ante
2692 5119 2840 5172 illum
2872 5120 3232 5186 Nicephorus.
3271 5118 3377 5172 Sed
3444 5127 3624 5169 tamen
3668 5130 3790 5167 cum

2209 5192 2263 5244 id
2297 5190 2561 5243 Eusebius
2592 5201 2781 5255 auerte
2811 5206 2917 5242 non
2951 5185 3118 5251 dicat,
3153 5190 3383 5256 quisque
3425 5202 3522 5255 pro
3553 5185 3792 5256 arbitrio

2211 5274 2314 5314 suo
2337 5267 2557 5312 statuet.
2597 5259 2728 5312 Mihi
2782 5259 3119 5328 probabilius
3173 5255 3414 5320 videtur,
3463 5257 3669 5328 ideirco
3725 5255 3794 5306 ab

2210 5330 2448 5384 Eusebio
2472 5326 2793 5384 nominatim
2827 5333 2928 5384 hoc
2953 5330 3195 5383 additum
3232 5328 3420 5391 luisse,
3440 5326 3579 5390 quod
3611 5326 3791 5393 planta

2212 5399 2299 5453 illa
2327 5414 2491 5467 supra
2536 5398 2808 5454 ﬂmbriam
2846 5400 3145 5453 Dominirae
3176 5400 3348 5452 vestis
3376 5414 3480 5450 nun
3536 5410 3791 5467 assurge-

2212 5482 2296 5525 ret
2328 5508 2345 5534 ,
2392 5466 2549 5537 quasi
2613 5470 2757 5523 hanc
2813 5472 3179 5523 reverentiam
3226 5469 3491 5521 exhibens
3544 5466 3789 5517 nouitio.

2205 5541 2386 5607 Atque
2412 5542 2485 5594 ita
2519 5543 2661 5593 hunc
2687 5541 2865 5594 locum
2895 5541 3103 5608 accepit
3139 5538 3304 5592 etiam
3328 5537 3695 5606 Nicephorus,
3733 5543 3791 5586 ut

2206 5610 2390 5664 videre
2418 5620 2501 5664 est
2536 5610 2603 5662 in‘
2630 5624 2749 5676 cap.
2784 5611 2852 5663 l5
2876 5612 2968 5663 lib.
3005 5624 3079 5664 vt.

2276 5680 2390 5750 (62)
2434 5669 3027 5748 ἈπαραλξὶάκτωςΛη
3053 5678 3212 5733 codd.
3240 5677 3429 5750 Regio,
3460 5675 3620 5750 Mam,
3651 5669 3788 5750 Euk.

2204 5745 2594 5805 et'b‘avibauo
2664 5751 2928 5804 scribitur
3002 5745 3792 5820 άπαραφυλάκτως,ΑΙῐυΙίιιυε

2205 5820 3020 5893 vertitindi/{ereigteraQuod,
3042 5818 3267 5893 _inqutt,
3313 5818 3443 5871 mihi
3480 5818 3791 5893 videturﬁa

2203 5891 2467 5954 qenlilitia
2502 5882 2877 5944 cbnsuétudiue
2904 5882 3271 5952 indilfere'uur
3316 5899 3650 5944 usurpatum.
3678 5882 3791 5947 Ego
