4220 6444
525 408 627 463 685

1515 406 1861 464 HISTORIA‘J
1903 404 2454 463 ECCLESIASTICE
2494 405 2624 461 LIB.
2663 403 2775 460 VII.

3642 406 3746 462 686

522 519 714 589 όμενος
754 518 781 569 6
830 515 1044 589 Ἰσραὴλ
1081 515 1252 580 οὕτως
1298 516 1566 587 ὲδίψησεν,
1613 518 1687 581 ὡς
1721 518 1952 571 Μωῦσοῦ
1992 520 2091 588 μὲν
2119 526 2164 583 Α

2080 536 2091 569 ρ
2119 526 2164 583 Α
2195 535 2280 583 ne,
2306 534 2403 589 per
2433 534 2595 588 quam
2626 520 2730 573 iter
2748 517 3013 574 facientes
3036 519 3292 577 Israelita:
3326 529 3474 577 tanta
3500 527 3746 594 oppressi

521 605 811 676 καταϐοᾷν,
843 608 1033 677 ῥυῆναι
1078 606 1122 659 δ’
1156 607 1336 669 αὐτοῖς
1364 606 1513 678 παρά
1541 607 1633 660 τοῦ
1664 608 1939 678 θαυμάσια
1973 626 2089 662 ποι-

519 697 701 760 οῦντος
739 698 899 767 μόνου
937 699 1001 750 ὲκ
1030 697 1232 767 πέτρας
1276 699 1577 768 ἀκροτόμου
1620 700 1779 752 ποτόν
1803 716 1816 730 ο
1871 702 1999 753 ποτὲ
2031 701 2088 754 δὲ

517 788 767 843 τοσοῦτον
799 790 1155 861 ἐπλήμμυρεν
1184 789 1317 860 (72),
1351 790 1426 853 ὡς
1450 792 1624 843 πᾶσαν
1645 791 1740 861 τὴν
1766 793 2086 863 περίχωρον,

517 880 615 944 τάς
644 898 703 933 τε
731 880 879 944 ὀδοὺς
926 882 1019 934 καὶ
1056 882 1181 943 τοὺς
1224 882 1425 951 ἀγροὺς
1456 881 1836 947 ἐπικλύσαντα,
1866 886 1964 954 τῆς
1996 885 2088 936 ἐπὶ

517 971 640 1023 Νῶε
662 972 958 1042 γενομένης
981 971 1075 1024 τοῦ
1105 970 1294 1035 ὓδατος
1320 973 1490 1042 φορᾶς
1513 974 1810 1041 ἐπαγαγεῖν
1836 974 2084 1045 ἀπειλήν·

516 1063 601 1115 ἀεὶ
632 1063 688 1115 δὲ
714 1064 905 1133 αἵματι
923 1062 1018 1115 καὶ
1051 1062 1251 1132 φόνοις,
1277 1064 1370 1116 καὶ
1402 1067 1854 1135 καταποντισμοῖς
1877 1067 2088 1129 κάτεισι

519 1155 907 1225 μεμιασμένος,
956 1154 1066 1219 οἷος
1115 1156 1219 1209 ὑπὸ
1249 1158 1471 1211 Μωῡσεῖ
1507 1158 1695 1228 γέγονε
1749 1157 1827 1229 τῷ
1868 1158 2084 1230 Φαραὼ.

518 1244 832 1314 μεταϐαλὼν
876 1246 956 1308 είς
984 1241 1121 1315 αἷμα
1146 1248 1239 1299 καὶ
1262 1248 1539 1312 ἑποζέσας.
1577 1251 1684 1303 Καὶ
1715 1255 1864 1305 ποῖον
1893 1252 2087 1320 γένοιτ’

517 1334 582 1387 ἂν
612 1334 703 1386 τοῦ
736 1335 912 1389 πάντα
947 1338 1301 1409 καθαίροντος
1331 1338 1520 1402 ὓδατος
1548 1339 1691 1412 ὕδωρ
1729 1341 1854 1395 ἄλλο
1882 1342 2087 1412 καθάρ-

516 1441 626 1476 σιον
651 1441 664 1489 ;
686 1424 805 1488 Πῶς
827 1425 890 1478 ἂν
911 1428 939 1479 6
957 1427 1122 1490 πολὺς
1145 1428 1238 1480 καὶ
1256 1429 1557 1500 ἀπέραντος
1578 1432 1883 1503 ἀνθρώποις
1912 1434 2090 1488 Ὠκεα-

514 1516 602 1579 νὺς
624 1516 919 1587 ἐπιχυθεὶς,
956 1518 1052 1589 τὴν
1084 1518 1285 1590 πικρὰν
1315 1520 1516 1592 ταύτην
1540 1523 1851 1593 ἀποσμήξαι
1885 1522 2086 1577 θάλασ-

517 1624 646 1668 σαν;
673 1608 705 1678 ἢ
728 1608 844 1671 πῶς
871 1608 937 1662 ἂν
964 1611 992 1661 6
1022 1610 1194 1679 μέγας
1231 1604 1485 1683 ποταμὸς
1511 1616 1539 1668 ὁ
1560 1615 1991 1685 ἐκπορευόμενος
2028 1615 2087 1682 ἐξ

527 1696 705 1766 Ἐδὲμ,
736 1696 834 1759 τὰς
857 1697 1126 1769 τέσσαρας
1173 1700 1347 1770 ἀρχὰς
1374 1704 1455 1766 είς
1493 1702 1560 1767 ἃς
1592 1703 1904 1775 ἀφορίζεται
1956 1721 2086 1773 μετ·

514 1788 805 1857 οχετεύσας
833 1790 912 1852 είς
934 1789 1058 1859 μίαν
1081 1790 1175 1843 τοῦ
1198 1791 1371 1860 Γηὼν,
1401 1792 1704 1848 ἀποπλύναι
1723 1793 1783 1847 τὸ
1799 1793 2018 1865 λύθρονς
2050 1794 2083 1865 ἢ

2192 619 2318 662 sunt
2349 608 2463 672 siti,
2491 618 2550 659 ut
2582 607 2842 662 adversus
2866 606 3066 662 Mosem
3096 609 3381 665 vociferari
3406 626 3510 664 non
3538 613 3748 668 desine-

2192 707 2331 763 rent,
2366 700 2543 766 quoad
2579 697 2778 752 virtute
2823 698 2966 753 illius
2992 699 3082 767 qui
3109 699 3256 755 solus
3286 701 3563 756 mirabilia
3593 702 3744 769 facit,

2189 801 2253 841 ex
2284 797 2555 855 praerupta
2594 801 2726 856 rupe
2747 802 2887 855 aqua
2918 788 3049 856 ipsis
3080 789 3146 842 ad
3185 798 3369 857 potum
3400 789 3627 848 eﬂluxit.
3654 791 3746 846 ln-

2190 880 2400 933 terdum
2442 893 2573 933 vero
2613 887 2895 947 tantopere
2942 882 3275 946 exundavit,
3318 890 3377 935 ut
3420 884 3748 941 circumsita!

2191 973 2395 1044 regioni
2424 973 2633 1041 viisque
2659 981 2714 1027 et
2744 972 2889 1040 agris
2914 972 3166 1027 omnibus
3189 972 3506 1041 superfusus
3529 1014 3543 1038 ,
3580 990 3747 1044 aqua-

2188 1081 2307 1119 runt
2338 1064 2601 1119 diluvium
2648 1062 2948 1129 cuiusmodi
2993 1064 3324 1130 temporibus
3363 1063 3479 1120 Noe
3527 1065 3740 1128 accidit,

2190 1154 2385 1208 minari
2416 1153 2714 1207 videretur.
2754 1152 3017 1206 Caeterum
3054 1151 3287 1205 caedibus
3337 1162 3394 1207 et
3435 1168 3646 1218 cruore,
3689 1162 3746 1208 et

2192 1244 2657 1300 submersionibus
2739 1245 3016 1297 hominum
3089 1245 3360 1299 continuis
3432 1244 3746 1314 inquinatus

2186 1338 2473 1399 evolvitur,
2498 1336 2677 1405 qualis
2699 1335 2824 1390 olim
2853 1350 2883 1388 a
2918 1334 3066 1389 Mose
3096 1336 3369 1404 priestitus
3399 1346 3482 1391 est
3511 1336 3748 1394 Pharao-

2186 1432 2262 1496 ni,
2307 1431 2359 1484 in
2409 1428 2725 1498 sanguinem
2778 1441 3073 1481 conversus
3105 1442 3169 1481 ac
3221 1426 3439 1483 fetidus.
3486 1428 3744 1495 Quaenam

2188 1522 2352 1590 igitur
2377 1519 2516 1573 unda
2557 1519 2792 1572 lustrare
2823 1517 3019 1586 poterit
3045 1531 3237 1584 aquam
3277 1531 3382 1585 qua
3412 1518 3591 1572 omnia
3616 1533 3747 1588 pur-

2186 1610 2415 1682 gantur?
2461 1608 2741 1675 Quomodo
2783 1618 2969 1662 vastus
3008 1607 3098 1662 ille
3141 1622 3240 1661 nec
3279 1608 3585 1663 hominibus
3621 1625 3746 1679 per-

2188 1701 2436 1755 meabilis
2472 1700 2758 1763 Oceanus,
2813 1700 2917 1754 hoc
2956 1714 3201 1753 amarum
3243 1698 3465 1768 pelagus
3508 1713 3742 1769 unquam

2189 1790 2535 1846 absterserit?
2557 1790 2665 1844 Aut
2691 1789 2959 1859 quomodo
2999 1790 3188 1859 ingens
3227 1788 3316 1842 ille
3339 1785 3532 1844 ﬂuvius
3556 1789 3645 1859 qui
3677 1805 3745 1844 ex

517 1884 645 1936 πότε
691 1886 719 1936 6
758 1882 1123 1955 τεθολωμένος
1170 1886 1274 1939 ὑπὸ
1314 1887 1423 1939 τῶν
1462 1888 1710 1959 πονηρῶν
1754 1886 2083 1956 πανταχόθεν
2115 1875 2159 1933 Β

2080 1904 2083 1925 ι
2115 1875 2159 1933 Β
2187 1883 2331 1938 Eden
2360 1882 2597 1951 proﬂuit,
2628 1882 2842 1936 etiamsi
2864 1890 3096 1951 quatuor
3129 1880 3247 1935 illos
3283 1883 3335 1936 in
3377 1897 3513 1951 quos
3550 1881 3746 1938 dividi-

513 1974 924 2043 ἀναθυμιάσεων
950 1974 1078 2046 ἀὴρ,
1116 1976 1409 2049 εἰλικρινὴς
1433 1976 1676 2044 γένοιτο;
1710 1976 1947 2030 Τοιοῦτοι
1974 1977 2081 2048 γὰρ

513 2063 622 2116 ἀπὸ
652 2066 752 2134 τῆς
775 2066 878 2134 γῆς
910 2065 1094 2135 ἀτμοὶ,
1129 2066 1224 2118 καὶ¹
1254 2067 1363 2120 ἀπὸ
1386 2067 1660 2137 θαλάσσης
1686 2067 1895 2137 ἄνεμοι,
1925 2084 2084 2121 ποτα-

515 2154 630 2225 μῶν
649 2173 708 2207 τε
737 2152 897 2225 αὖραι
925 2157 1021 2210 καὶ
1048 2157 1279 2229 λιμένων
1299 2159 1582 2230 ἀνιμήσεις
1610 2157 1986 2221 ἀποπνέουσιν,
2006 2157 2082 2221 ὼς

514 2246 836 2316 σηπομένων
874 2248 932 2300 ἐν
972 2250 1104 2301 πᾶσι
1131 2252 1240 2313 τοῖς
1271 2249 1649 2319 ὑποκειμένοις
1687 2249 1967 2318 στοιχείοις
1995 2265 2083 2302 νε-

515 2337 662 2408 κρῶν
687 2337 886 2409 ἰχῶρας
911 2333 1049 2392 εἶναι
1076 2337 1173 2402 τὰς
1195 2339 1434 2409 δρόσους.
1471 2336 1604 2393 Εἶτα
1635 2338 1969 2410 θαυμάζουσι
1986 2340 2081 2392 καὶ

511 2427 844 2499 διαποροῦσι,
892 2428 1052 2482 πόθεν
1096 2430 1146 2482 οἰ
1186 2433 1427 2499 συνεχεῖς
1464 2429 1640 2498 λοιμοὶ
1668 2428 1803 2501 (75),
1829 2430 1991 2483 πόθεν
2024 2430 2081 2483 αἱ

513 2518 749 2588 χαλεπαὶ
769 2519 934 2582 νόσοι,
970 2518 1133 2573 πόθεν
1163 2522 1219 2573 αἱ
1248 2520 1584 2575 παντοδαπαὶ
1615 2521 1829 2593 φθοραὶ,
1864 2521 2025 2583 πόθεν
2053 2523 2082 2574 6

514 2610 755 2674 ποικίλος
798 2611 893 2664 καὶ
925 2612 1091 2675 πολὺς
1121 2610 1229 2665 τῶν
1257 2611 1555 2683 ἀνθρώπων
1608 2613 1859 2685 ὄλεθροςο
1910 2613 1997 2666 διὰ
2028 2612 2080 2666 τί

517 2702 711 2772 μηκέτι
748 2701 999 2757 τοσοῦτον
1023 2703 1224 2775 πλῆθος
1262 2706 1558 2778 οἰκητόρων
1587 2705 1620 2776 ἡ
1653 2704 1883 2776 μεγίστη
1927 2704 2082 2768 πόλις

511 2796 568 2848 ἐν
614 2796 750 2866 αὑτῇ
782 2795 957 2867 φέρει,
999 2795 1108 2849 ἀπὸ
1130 2797 1338 2868 νηπίων
1371 2796 1649 2869 ἀρξαμένη
1682 2797 1886 2851 παίδων
1921 2796 2081 2869 μέχρι

508 2886 617 2941 τῶν
646 2888 725 2951 είς
755 2888 920 2960 ἄκρον
947 2888 1348 2957 γεγηρακότων,
1377 2890 1533 2952 ὅσους
1566 2889 1946 2959 ὠμογέροντας
1968 2877 2079 2959 (Ἰό)

509 2976 601 3041 οὓς
635 2978 818 3032 ἐκάλει
846 2981 1109 3054 πρότερον
1131 2980 1288 3045 ὄντας
1312 2979 1535 3053 ἔτρεφεν
1558 2996 1572 3011 ο
1607 2979 1723 3034 ἀλλ’
1754 2982 1803 3032 οί
1823 2996 2083 3051 τεσσαρα-

508 3070 790 3125 κοντοῦται
832 3075 929 3126 καὶ
964 3074 1125 3145 μέχρι
1170 3072 1276 3128 τῶν
1307 3073 1674 3145 ἑϐδομήκοντα
1712 3072 1870 3137 ὲτῶν,
1897 3070 2082 3126 τοσοῦ-

508 3179 597 3216 τον
627 3164 869 3227 πλείονες
899 3164 1042 3231 τότε,
1086 3166 1224 3219 ὥστε
1273 3164 1345 3235 μὴ
1382 3164 1823 3237 συμπληροῦσθαι
1863 3163 1957 3217 νῦν
1988 3164 2078 3219 τὸν

509 3246 739 3318 ἀριθμὸν
770 3250 959 3302 αὐτῶν
984 3252 1505 3322 προσεγγραφέντων
1528 3255 1622 3307 καὶ
1655 3251 2077 3321 συγκαταλεγέν-

508 3356 618 3391 των
653 3341 734 3404 εἰς
758 3341 819 3393 τὸ
852 3341 1104 3411 δημόσιον
1147 3343 1470 3414 σιτηρέσιον,
1514 3344 1624 3397 τῶν
1649 3345 1758 3398 ἀπὺ
1786 3362 2079 3415 τεσσαρεσ-

507 3428 733 3482 καίδεκα
771 3429 905 3483 ἐτῶν
937 3431 1097 3502 μέχρι
1126 3431 1234 3485 τῶν
1257 3433 1614 3504 ὀγδοήκοντα·
1667 3435 1760 3487 καὶ
1792 3436 2077 3503 γεγόνασιν

507 3516 619 3573 οἷον
648 3520 930 3591 ἡλικιῶται
964 3523 1074 3575 τῶν
1118 3524 1285 3577 πάλαι
1327 3526 1682 3596 γεραιτάτων,
1730 3528 1778 3578 οἱ
1808 3526 1926 3595 ὄψει
1950 3525 2080 3578 νεώ-

507 3625 678 3662 τατοι.
728 3610 836 3662 Καὶ
877 3609 1021 3663 οὕτω
1055 3611 1373 3680 μειούμενον
1416 3613 1502 3666 ἀεὶ
1552 3614 1646 3666 καὶ
1695 3612 2078 3684 δαπανώμενον

506 3698 741 3770 ὁρῶντες
777 3698 836 3751 τὸ
875 3699 968 3753 ἐπὶ
994 3702 1098 3770 γῆς
1125 3698 1424 3767 ἀνθρώπων
1460 3700 1635 3770 γένος,
1669 3702 1730 3754 οὐ
1765 3701 2076 3771 τρέμουσιν,

509 3789 804 3860 αὐξομένου
852 3790 947 3844 καὶ
989 3790 1384 3862 προκόπτοντος
1438 3790 1532 3844 τοῦ
1580 3790 1874 3854 παντελοῦς
1901 3791 2077 3844 αὐτῶν

507 3874 834 3952 ἀφανισμοῦ.
866 3900 886 3933 ι

2182 1982 2268 2028 tur
2314 1973 2518 2040 alveos,
2574 1973 2628 2027 in
2671 1987 2836 2026 unum
2879 1971 3078 2028 Geonis
3128 1973 3338 2028 alveum
3382 1971 3743 2037 transfundat,

2183 2072 2389 2119 tantam
2419 2065 2562 2120 hanc
2601 2064 2781 2118 abluet
2818 2063 3068 2118 saniem?
3106 2064 3398 2134 Ecquando
3420 2064 3743 2122 scelestissi-

2181 2156 2284 2211 mis
2323 2155 2680 2226 undecunque
2716 2157 3006 2226 vaporibus
3046 2155 3395 2214 obnubilatus
3435 2174 3551 2224 aer,
3575 2174 3745 2229 purus

2183 2246 2396 2299 tandem
2424 2260 2759 2315 serenusque
2782 2246 3404 2317 reddeturillujusmodi
3435 2249 3579 2304 enim
3604 2249 3745 2305 hali-

2183 2346 2268 2391 tus
2299 2350 2367 2391 ex
2399 2345 2580 2401 terra;
2611 2351 2676 2391 ex
2723 2336 2857 2390 mari
2904 2337 3084 2403 venti;
3131 2354 3198 2394 ex
3229 2338 3538 2395 ﬂuminibus
3569 2353 3741 2405 aurae,

2180 2442 2245 2481 ex
2276 2430 2541 2496 portubus
2583 2429 2840 2498 fuligines
2881 2430 3112 2499 spirant,
3154 2441 3216 2487 ut
3254 2432 3646 2488 tabescentium
3687 2434 3741 2488 in

2180 2519 2435 2573 omnibus
2465 2519 2879 2586 subjacentibus
2901 2521 3187 2577 elementis
3209 2522 3535 2577 cadaverum
3563 2523 3746 2578 sanies

2179 2623 2280 2677 pro
2328 2625 2451 2665 rore
2484 2612 2577 2665 sit.
2622 2611 2688 2665 Et
2730 2620 2854 2681 post
2895 2612 3011 2669 hac
3048 2614 3318 2669 mirantur
3367 2624 3422 2669 et
3464 2615 3746 2685 ambigunt

2181 2701 2449 2767 homines,
2485 2704 2753 2758 undenam
2782 2705 3051 2760 continuae
3082 2714 3282 2775 pestes,
3317 2706 3587 2761 undenam
3619 2722 3745 2777 gra-

2180 2805 2274 2845 ves
2302 2792 2472 2845 morbi
2518 2793 2804 2863 omnisque
2850 2796 3066 2865 generis
3106 2796 3278 2861 labes,
3321 2806 3377 2853 et
3416 2798 3748 2870 multiplices

2179 2883 2427 2952 variique
2472 2885 2750 2939 hominum
2796 2886 3049 2943 interitus
3078 2906 3092 2941 :
3127 2889 3257 2957 quid
3300 2903 3481 2945 causze
3510 2893 3612 2957 sit,
3646 2907 3747 2947 cur

2181 2975 2314 3030 urbs
2341 2974 2572 3029 maxima
2607 2985 2814 3031 tantum
2844 2978 3044 3034 civium
3068 2995 3352 3036 numerum
3379 2984 3608 3052 amplius
3637 3000 3746 3039 non

2180 3064 2342 3130 ferat,
2375 3067 2590 3121 etiamsi
2630 3069 2698 3121 ab
2730 3068 2861 3136 ipsis
2893 3069 3191 3127 infantibus
3226 3074 3293 3126 ad
3325 3073 3627 3143 decrepitos
3656 3090 3749 3129 us-

2180 3172 2287 3226 que
2309 3171 2468 3212 senes
2500 3165 2873 3225 numerentur,
2903 3173 3035 3228 quot
3060 3169 3219 3216 antea
3245 3165 3444 3219 crudos
3482 3177 3643 3218 senes
3666 3164 3748 3219 sic

2186 3257 2406 3302 vocatos
2451 3248 2604 3303 aluit.
2643 3248 2846 3303 Verum
2898 3260 3024 3305 tunc
3073 3255 3333 3322 temporis
3380 3256 3517 3310 adeo
3561 3255 3747 3325 plures

2185 3347 2342 3392 erant
2371 3341 2813 3410 quadragenarii,
2843 3350 2900 3395 et
2922 3357 3085 3411 supra
3117 3343 3216 3399 hos
3248 3359 3418 3412 usque
3441 3345 3506 3400 ad
3530 3356 3748 3417 septua-

2181 3428 2442 3499 gesimum
2466 3432 2643 3485 a-tatis
2673 3447 2874 3486 annum
2911 3436 3215 3503 progressi,
3248 3445 3308 3489 ut
3351 3452 3613 3494 numerus
3650 3454 3746 3497 eo-

2181 3535 2301 3574 rum
2333 3536 2477 3577 nunc
2501 3524 2702 3591 expleri
2734 3539 2837 3578 non
2863 3527 3035 3595 possit
3061 3526 3314 3595 ascriptis
3340 3526 3467 3583 licet
3491 3539 3547 3584 et
3575 3530 3626 3584 in
3659 3530 3745 3584 alo

2179 3609 2305 3663 bum
2330 3609 2513 3665 relatis
2540 3612 2604 3666 ad
2629 3627 2896 3667 annonam
2924 3629 2988 3668 ex
3017 3613 3232 3682 publico
3252 3614 3624 3685 accipiendam
3653 3617 3741 3674 bis

2178 3702 2267 3769 qui
2292 3704 2701 3771 quatuordecim
2740 3719 2913 3759 annos
2956 3706 3067 3760 nati
3097 3715 3251 3770 sunt,
3289 3722 3464 3776 usque
3489 3709 3557 3763 ad
3585 3720 3743 3764 octo-

2178 3792 2449 3861 genarios.
2504 3793 2568 3847 Et
2614 3797 2704 3863 qui
2747 3796 2928 3864 specie
2983 3798 3095 3866 ipsa
3146 3798 3535 3854 adolescentuli
3579 3799 3746 3872 238

2177 3893 2324 3948 sunt,
2357 3886 2593 3953 aequales
2620 3888 3019 3955 quodammodo
3046 3905 3190 3944 nunc
3221 3889 3353 3945 facti
3393 3904 3521 3947 sunt
3556 3909 3742 3950 eorum

507 3975 597 4042 qui
635 3975 762 4028 olim
796 3990 952 4030 senes
1008 3984 1184 4031 erant.
1213 3976 1454 4045 Cumque
1490 3977 1544 4030 in
1590 3976 1755 4031 terris
1798 3977 2093 4030 humanum
2132 3993 2303 4047 genus
2355 3989 2635 4048 tantopere
2710 3982 3058 4038 imminutum
3103 3992 3158 4040 et
3208 3997 3585 4059 consumptum
3654 3990 3743 4046 vi-

506 4067 695 4132 deant,
742 4077 1066 4137 augescente
1114 4069 1168 4121 in
1219 4068 1337 4123 dies
1361 4078 1415 4122 et
1467 4079 1742 4123 crescente
1790 4068 2031 4138 ipsorum
2073 4071 2315 4126 exseidio
2348 4088 2452 4126 non
2488 4074 2888 4130 intremiscunt.
2929 4095 2945 4128 ι

1002 4200 1398 4255 ΚΕΦΑΛΑΙΟΝ
1431 4201 1558 4255 KB'.

503 4311 644 4381 Περὶ
683 4310 792 4381 τῆς
829 4313 1247 4383 ἐπισκεψάσης
1273 4316 1462 4369 νόσου
1502 4312 1641 4384 (Nic.
1669 4312 1739 4366 11.
1766 4311 1831 4366 Ε.
1856 4329 1930 4378 Vt,
1956 4312 2068 4383 20).

572 4425 727 4480 Μετὰ
747 4426 916 4480 ταῦτα
941 4426 1191 4499 λοιμικῆς
1216 4427 1305 4481 τὸν
1338 4427 1572 4497 πόλεμον
1600 4426 1957 4498 διαλαϐούσης
1987 4427 2071 4479 νό-

504 4533 618 4582 σου,
650 4521 749 4590 τῆς
778 4537 834 4572 τε
868 4521 1058 4591 ἑορτῆς
1091 4518 1510 4589 πλησιαζούσης,
1544 4514 1698 4582 αὖθις
1729 4517 1817 4571 διὰ
1858 4519 2069 4589 γραφῆς

501 4612 612 4673 τοῖς
638 4610 882 4679 ἀδελφοῖς
904 4610 1098 4682 ὁμιλεῖ,
1130 4609 1199 4663 τὰ
1220 4610 1321 4680 τῆς
1343 4611 1624 4681 συμφορᾶς
1652 4611 2071 4681 ἐπισημαινόμε-

574 4822 686 4897 (72)
726 4822 1020 4897 Τοσοῦτον
1049 4822 1451 4897 meum”;
1483 4823 1748 4897 Τοσοζιτος
1776 4826 1893 4897 cod.
1926 4822 2058 4893 Reg.

503 4893 631 4962 Quae
676 4893 831 4946 lectio
870 4909 971 4947 non
1007 4894 1227 4946 omnino
1263 4893 1571 4962 reﬁcienda.
1619 4894 1831 4961 Reliqui
1885 4902 2062 4946 tamen

503 4960 719 5018 codices
742 4962 881 5031 Μαι,
908 4977 969 5015 ac
994 4962 1163 5027 Med.,
1188 4978 1309 5016 cum
1345 4960 1480 5018 Fuk.
1505 4972 1559 5016 et
1584 4960 1777 5030 Savil.,
1803 4964 2063 5031 scriptum

506 5035 707 5088 habent
728 5029 998 5086 τοσοῦτον.

576 5103 687 5223 ΨΒ)
716 5103 780 5154 Οἱ
812 5099 1092 5168 συνεχεῖς
1112 5104 1328 5171 λοιμοί.
1372 5100 1490 5157 Jam
1521 5102 1643 5156 inde
1674 5116 1704 5156 a
1737 5101 2067 5170 temporibus

576 5197 580 5223 l
610 5174 640 5223 li
664 5181 719 5223 et
744 5169 1039 5223 Volusiani.
1068 5173 1179 5223 lues
1204 5183 1371 5223 totum
1396 5187 1527 5223 nene
1555 5174 1740 5223 orbem
1766 5171 2065 5223 Romanum

503 5169 640 5228 Galli
664 5169 719 5225 et
744 5169 1039 5236 Volusiani,
1068 5173 1179 5223 lues
1204 5169 1371 5225 totum
1396 5187 1527 5241 pene
1555 5174 1740 5225 orbem
1766 5169 2065 5241 Romanum

505 5243 755 5296 vastavit.
785 5241 944 5295 Certe
985 5242 1275 5307 EutrOpius
1319 5243 1676 5309 principatum
1713 5241 1849 5294 Galli
1877 5250 1931 5293 et
1964 5240 2070 5292 Vo-

504 5311 697 5365 lusiani
751 5310 861 5365 sola
907 5310 1212 5378 pestilentia
1254 5322 1435 5364 notum
1488 5313 1655 5366 fuisse
1706 5311 1855 5363 dicit.
1904 5311 2068 5363 Addit

504 5381 759 5435 Aurelius
791 5380 996 5442 Victor,
1020 5379 1171 5434 Gallo
1196 5380 1593 5447 Volusianoque
1628 5379 1865 5433 favorem
1901 5394 1968 5432 ex
1986 5380 2068 5433 ‘eo

506 5451 787 5518 qumsittun
835 5449 1020 5511 fuisse,
1065 5451 1207 5516 quod
1260 5451 1560 5503 tenuissimi
1606 5448 1869 5515 cujusque
1916 5463 2070 5502 exse-

506 5522 662 5588 quius
681 5519 911 5573 sollicite
933 5521 1291 5573 curavissent.
1320 5518 1394 5573 De
1416 5519 1515 5573 hac
1540 5530 1687 5587 peste
1712 5518 2070 5588 Hieronymus

506 5587 561 5641 in
615 5589 873 5643 Chronico
928 5590 1001 5642 ita
1056 5590 1246 5642 scribit
1291 5602 1434 5643 anno
1475 5593 1650 5656 primo
1700 5587 1833 5654 imp.
1882 5587 2064 5642 Galli:

507 5658 764 5712 Pestilens
793 5659 1006 5711 morbus
1036 5657 1225 5710 multas
1255 5659 1414 5710 totius
1437 5658 1574 5710 orbis
1596 5657 1890 5724 provincias
1913 5672 2068 5708 occu-

506 5729 672 5796 pavit,
723 5731 1050 5799 maximeque
1102 5729 1476 5799 Alexandriam
1532 5739 1577 5779 et
1628 5725 1952 5799 ﬁgyptum;
2015 5737 2072 5778 ut

508 5799 684 5850 scribit
717 5796 1023 5865 Dionysius,
1048 5807 1095 5850 et
1123 5796 1374 5867 Cypriani
1401 5802 1464 5850 de
1485 5798 1807 5852 mortalitate
1837 5798 1977 5849 testis
1998 5806 2072 5848 est

2713 4206 2943 4262 CAPUT
2993 4207 3157 4264 XXII.

2339 4314 2416 4370 De
2435 4317 2613 4372 morbo
2642 4324 2732 4389 qui
2758 4329 2878 4374 tunc
2906 4323 3152 4391 temporis
3173 4336 3445 4393 grassatus
3478 4335 3577 4380 est.

2249 4428 2446 4484 Secuta
2474 4431 2669 4487 dehinc
2702 4446 2826 4501 post
2851 4433 3045 4488 bellum
3072 4446 3223 4505 peste
3243 4475 3259 4499 ,
3304 4452 3426 4491 cum
3475 4439 3750 4507 paschalis

2176 4519 2495 4577 solemnitas
2527 4522 2858 4592 immineret,
2885 4527 3081 4579 iterum
3112 4527 3398 4596 Dionysius
3424 4527 3622 4586 fratres
3646 4547 3744 4601 per

2172 4610 2380 4666 litteras
2403 4613 2664 4669 allocutus
2685 4624 2789 4679 est,
2819 4616 2869 4669 iu
2889 4617 3086 4683 quibus
3110 4616 3433 4674 calamitatis
3455 4618 3597 4675 illius
3624 4636 3743 4676 ma-

2170 4821 2320 4876 liber.
2348 4821 2540 4900 Postea
2573 4821 2802 4900 Gallieni
2828 4821 3159 4900 temporibus
3202 4822 3323 4878 lues
3348 4824 3735 4900 iterthigras-

2171 4902 2286 4945 sata
2314 4900 2399 4945 est
2434 4890 2618 4943 Romae
2650 4901 2704 4943 et
2745 4892 2796 4945 in
2832 4892 3145 4957 provinciis,
3176 4902 3234 4947 ut
3262 4896 3454 4950 scribit
3478 4890 3648 4954 Pollio
3678 4900 3732 4955 in

2171 4960 2431 5019 Gallieno,
2455 4970 2508 5013 et
2529 4960 2778 5015 Aurelius
2808 4962 3013 5015 Victor.
3184 4960 3187 4967 ’

2241 5029 2352 5101 (74)
2390 5028 2832 5105 Ὡμογέροντας,
2862 5030 3203 5085 Alexandriae
3254 5032 3628 5105 ὠμογέροντες
3656 5038 3740 5091 di.

2169 5104 2431 5176 cebanttlr
2456 5116 2485 5152 a
2509 5101 2928 5176 quadragesimo
2950 5115 3091 5176 anno
3112 5116 3284 5176 usque
3306 5101 3740 5176 ad’septuagesi-

2170 5184 2340 5244 mum.
2368 5168 2566 5222 Eorum
2600 5172 2843 5244 nomina
2866 5171 2919 5222 in
2968 5171 3089 5225 albo
3122 5168 3413 5244 descripta
3448 5168 3627 5236 erant;
3673 5191 3741 5230 eo

2172 5238 2314 5310 quod
2376 5251 2647 5310 annonam
2698 5241 2969 5307 publicam
3017 5238 3353 5310 acciperent",
3403 5252 3461 5296 ut
3509 5252 3744 5299 testatur

2178 5305 2627 5380 [lionysitts._ﬂi_s
2666 5305 2936 5376 prseerant
2973 5305 3401 5380 archigerqntes,
3449 5313 3517 5367 de
3542 5314 3741 5380 quibus

2176 5378 2235 5448 ﬁt
2266 5377 2469 5448 mentio
2502 5377 2554 5430 in
2602 5377 2717 5448 lege
2767 5380 2938 5446 prima
2986 5377 3183 5448 Codice
3232 5377 3605 5436 Theodosiano
3662 5380 3740 5434 De

2175 5447 2514 5500 Alexandriae
2539 5447 2703 5514 plebis
2731 5449 3060 5509 primatibus.
3087 5447 3205 5503 Huc
3233 5452 3395 5505 etiam
3431 5449 3618 5504 referri
3644 5464 3741 5516 po-

2179 5526 2283 5587 test
2301 5517 2444 5587 quod
2465 5517 2968 5587 scribitGregorius
2993 5518 3127 5573 Naz.
3171 5521 3224 5572 in
3253 5520 3499 5573 oratione
3526 5519 3618 5583 21,
3659 5518 3741 5572 De

2177 5585 2236 5640 S.
2276 5586 2583 5657 Athanasio,
2619 5585 3013 5642 Alexandrinos
3050 5605 3147 5657 per
3175 5603 3332 5643 sexus
3369 5596 3423 5641 et
3446 5596 3654 5653 aetates,
3684 5597 3741 5642 et

2177 5656 2562 5728 artes‘solitos
2604 5671 2725 5711 esse
2772 5656 3283 5728 distribui,’quoties
3329 5657 3492 5713 alicui
3520 5660 3736 5713 obviam

2178 5726 2319 5779 irent
2348 5725 2568 5780 honoris
2592 5742 2775 5782 causa.
3086 5725 3104 5728 “
3525 5762 3529 5767 ο
