4220 6392
482 337 581 394 687

1181 340 1447 399 EUSEBII
1484 341 1959 401 CESARIENSIS
1994 341 2148 401 OPP.
2186 342 2367 401 PARS
2401 344 2444 401 Ι.
2481 374 2556 389 —
2591 343 2985 401 HISTORICA.

3626 350 3733 405 688

480 450 818 523 guitudinem
834 453 1093 510 describit
1109 454 1388 512 bis‘verbis
1408 473 1423 511 :
1448 475 1471 509 4
1497 457 1632 512 Aliis
1646 459 1863 529 quidem
1881 458 2026 516 bomi

2157 475 2247 522 νος
2284 458 2430 529 πάθη
2466 458 2554 512 διὰ
2584 459 2819 513 τούτων·
2861 478 2879 512 ι
2916 459 3041 521 Τοῖς
3077 456 3174 528 μὲν
3216 457 3397 521 ἄλλοις
3424 458 3734 532 ἀνθρώποις

484 547 644 602 nibus
671 559 911 614 presens
937 545 1042 601 hoc
1068 555 1277 616 tempus
1299 563 1404 603 non
1427 550 1672 605 videatur
1692 565 1815 605 esse
1838 559 2050 620 tempus

482 635 815 692 festivitatis.
840 635 1024 706 Neque
1056 651 1189 693 vero
1220 639 1327 693 illis
1358 649 1569 709 tempus
1597 640 1908 696 festivitatis
1943 650 2050 708 est,

481 744 584 783 nec
613 729 718 784 hoc
745 730 888 798 quod
921 745 950 783 a
981 730 1138 785 nobis
1161 730 1504 793 celebratur,
1546 746 1649 787 nec
1679 732 1847 786 ullum
1881 732 2048 798 aliud,

481 830 592 871 non
633 816 808 871 dicam
855 832 1040 872 eorum
1088 833 1208 888 quze
1255 819 1504 875 luctuosa
1554 828 1706 886 sunt,
1749 822 1844 875 sed
1885 824 2050 877 etiam

480 921 668 961 eorum
703 923 823 977 quzn
853 908 939 963 vel
972 912 1209 963 maxime
1242 911 1363 964 laeta
1401 920 1456 965 et
1494 911 1692 966 hilaria
1738 912 2054 968 existiman-

482 1009 589 1051 tur.
625 997 781 1054 Nnnc
813 999 1031 1068 quidem
1064 1009 1216 1055 certe
1245 1000 1403 1068 plena
1447 1010 1575 1055 sunt
1617 1002 1798 1058 omnia
1840 1004 2050 1058 lamen-

482 1091 744 1145 tationuin
774 1106 789 1144 :
818 1091 1002 1161 lugent
1030 1092 1211 1148 cuncti
1254 1109 1268 1144 :
1308 1101 1364 1147 et
1387 1092 1459 1147 ob
1501 1105 1840 1149 mortuorum
1872 1095 2051 1151 homi-

480 1198 607 1235 num
660 1197 724 1236 ac
770 1184 1012 1252 quotidie
1061 1184 1409 1238 morientium
1468 1185 1890 1254 multitudinem,
1939 1196 2047 1241 tota

478 1275 607 1330 urbs
631 1277 924 1347 gemitibus
966 1276 1358 1331 circumsonat.
1407 1277 1642 1332 Prorsus
1686 1279 1833 1333 enim
1882 1290 1944 1334 ut
1982 1281 2050 1335 de

477 1365 853 1436 primogenitis
873 1365 1255 1438 Egyptiorum
1298 1369 1351 1422 in
1384 1369 1559 1424 sacris
1597 1369 1750 1425 libris
1785 1373 2046 1440 scriptum

479 1454 729 1517 habetur,
767 1455 842 1509 ita
879 1472 1023 1511 nunc
1067 1473 1283 1529 quoque
1321 1458 1527 1513 clamor
1557 1459 1748 1529 ingens
1776 1461 2047 1516 excitatus

474 1552 581 1598 est.
614 1542 770 1598 Nulla
797 1546 997 1615 quippe
1029 1545 1224 1603 domus
1248 1558 1328 1602 est
1369 1548 1421 1601 in
1453 1563 1562 1617 qua
1589 1564 1694 1604 non
1723 1550 1798 1605 sit
1830 1552 2046 1620 aliquod

475 1633 657 1691 funus.
688 1637 866 1706 Atque
894 1639 1102 1693 utinam
1126 1655 1313 1707 unum,
1337 1639 1604 1696 duntaxat
1629 1641 1683 1697 in
1721 1659 2046 1714 unaquaque

477 1728 638 1782 domo
661 1730 838 1783 esset!
879 1728 1044 1784 Multa
1072 1731 1293 1800 quidem
1325 1743 1382 1788 et
1410 1738 1605 1792 acerba
1635 1744 1764 1790 ante
1795 1737 1936 1791 hanc
1961 1752 2047 1791 ca-

478 1818 776 1874 lamitatem
822 1822 978 1877 nobis
1029 1825 1397 1893 contigerunt.
1449 1826 1692 1882 Primum
1741 1828 1884 1883 enim
1944 1844 2046 1882 nos

478 1912 611 1968 urbe
640 1912 985 1982 expulerunt.
1036 1912 1281 1984 Cumque
1318 1917 1418 1972 soli
1450 1919 1518 1974 ab
1541 1920 1796 1975 omnibus
1826 1918 2044 1989 fugare-

478 2022 598 2060 inur
646 2016 809 2076 atque
855 2006 1314 2077 opprimerentur,
1365 2010 1715 2067 nihilominus
1754 2020 1882 2066 tunc
1908 2027 2045 2081 quo-

473 2113 580 2168 que
605 2099 767 2154 festos
791 2100 999 2170 egimus
1025 2102 1164 2157 dies.
1188 2101 1377 2169 Quiris
1404 2102 1641 2172 denique
1669 2100 1824 2158 locus
1859 2103 1911 2156 in
1936 2117 2045 2172 quo

472 2191 653 2245 varias
695 2206 965 2247 aerumnas
999 2193 1315 2264 singillatim
1352 2194 1720 2264 pertulimus:
1762 2208 1927 2265 ager,
1963 2194 2043 2248 in-

471 2297 659 2351 quam,
695 2283 972 2349 solitudo;
1016 2285 1203 2351 navis;
1242 2286 1545 2352 stabulum;
1595 2300 1822 2352 carcer,
1875 2286 2044 2339 instar

472 2373 655 2443 templi
690 2374 757 2429 ad
804 2390 989 2430 sacros
1037 2383 1339 2431 conventus
1393 2379 1730 2447 peragendos
1768 2374 1891 2431 luit.
1934 2374 2041 2430 Sed

468 2467 714 2521 omnium
749 2467 1086 2524 laetissimam
1123 2467 1477 2523 festivitatem
1515 2478 1747 2539 egerunt
1787 2482 2039 2523 consum-

467 2560 599 2613 mati
625 2571 913 2632 martyres,
941 2562 1030 2631 qui
1061 2562 1116 2616 in
1150 2560 1291 2616 caelo
1325 2560 1528 2629 epulati
1569 2571 1718 2615 sunt.
1765 2560 1897 2615 Post
1926 2561 2040 2616 haec

465 2649 666 2706 bellum
706 2663 765 2708 et
803 2653 975 2710 laiues
1018 2656 1233 2726 excepit
1278 2672 1293 2709 :
1336 2670 1457 2724 quae
1506 2655 1724 2723 quidem
1771 2668 1871 2709 nos
1914 2669 2037 2709 cum

465 2741 758 2809 gentilibus
791 2744 1025 2812 junctim
1052 2746 1393 2815 pertulimus.
1423 2744 1491 2800 Et
1517 2759 1582 2799 ea
1614 2745 1832 2814 quidem
1891 2746 2036 2800 mala

463 2836 662 2905 quibus
704 2850 804 2889 nos
836 2837 1193 2899 attriverunt,
1239 2836 1339 2890 soli
1370 2835 1750 2891 sustinuimus.
1778 2835 1912 2901 Quae
1941 2851 2036 2890 au-

464 2938 571 2982 tem
608 2928 709 2997 ipsi
738 2927 840 2981 sibi
867 2927 1108 2983 vicissim
1144 2927 1446 2982 intulerunt
1478 2941 1542 2980 ac
1574 2926 1715 2992 passi
1751 2938 1902 2994 sunt,
1938 2944 2033 2984 eo-

461 3034 582 3072 rum
615 3027 823 3087 partem
854 3018 1225 3074 toleravimus.
1253 3019 1357 3074 Sed
1390 3034 1578 3074 rursus
1606 3020 1901 3075 oblectavit
1933 3036 2034 3074 nos

2151 551 2251 603 οὐκ
2280 551 2345 605 ἂν
2371 550 2539 615 δόξειε
2573 552 2762 621 καιρὸς
2788 551 2983 621 ἑορτῆς
3021 545 3161 603 εἶναι
3197 550 3265 602 τά
3296 550 3557 623 παρόντα.
3599 552 3733 606 Οὐδὲ

2151 642 2297 696 ἔστιν
2342 643 2525 706 αὐτοῖς
2568 641 2691 695 οὕτε
2730 640 2883 705 οὗτος
2928 636 3051 694 οὔτε
3092 658 3175 704 τις
3215 642 3422 712 ἑτερος,
3460 644 3558 712 οὐχ
3584 644 3733 708 ὅπως

2148 732 2259 787 τῶν
2308 733 2583 787 ὲπιλύπων
2631 734 2765 803 (73),
2801 734 2914 787 ἀλλ’
2949 733 3056 786 οὐδ’
3087 732 3142 787 εἴ
3177 751 3260 796 τις
3285 735 3589 805 περιχαρὴς
3620 735 3732 804 (76)

2148 824 2209 878 ὃν
2237 825 2468 897 οἰηθεῖεν
2499 824 2753 895 μάλιστα.
2796 824 2911 878 Νῦν
2948 825 3047 896 μέν
3072 842 3133 893 γε
3167 824 3354 896 θρῆνοι
3383 826 3591 879 πάντα·
3636 826 3732 879 καὶ

2150 917 2397 969 πενθοῦσι
2433 917 2653 980 πάντες.
2673 917 2766 969 καὶ
2796 915 3151 986 περιηχοῦσιν
3173 916 3413 985 οἰμωγαὶ
3440 916 3540 985 τὴν
3576 916 3731 971 πόλιν

2148 1006 2238 1059 διὰ
2271 1006 2332 1059 τὸ
2365 1006 2568 1076 πλῆθος
2599 1005 2707 1058 τῶν
2729 1003 3066 1076 τεθνηκότων
3101 1004 3326 1056 καὶτῶν
3361 1003 3732 1074 ἀποθνησκόν-

2147 1115 2255 1151 των
2278 1098 2564 1168 ὁσημέραι.
2612 1097 2698 1161 Ὠς
2726 1096 2834 1168 γὰρ
2869 1096 2963 1149 ἐπὶ
2990 1096 3098 1148 τῶν
3122 1094 3479 1167 πρωτοτόκων
3509 1096 3617 1149 τῶν
3637 1097 3733 1150 Αί-

2147 1189 2389 1258 γυπτίων
2418 1190 2746 1261 γέγραπται,
2788 1188 2959 1251 οὕτως
2996 1189 3092 1241 καὶ
3126 1186 3222 1240 νῦν
3248 1186 3479 1259 ἐγενήθη
3516 1189 3729 1260 κραυγὴ

2151 1283 2381 1353 μεγάλη.
2427 1282 2502 1335 οὐ
2547 1282 2655 1353 γάρ
2682 1282 2830 1334 ἐστιν
2865 1281 3012 1334 οἰκία
3039 1282 3097 1333 ἐν
3126 1275 3159 1354 ᾖ
3190 1280 3289 1333 οὐκ
3322 1280 3470 1333 ἑστιν
3508 1282 3565 1333 ἐν
3591 1281 3729 1353 αὐτῇ

2145 1373 2452 1445 τεθνηκὼς’
2502 1374 2598 1428 καὶ
2638 1373 2826 1442 ὄφελόν
2867 1390 2932 1441 γε
2966 1371 3107 1443 (77)·
3156 1370 3328 1424 πολλὰ
3358 1372 3455 1442 μὲν
3480 1370 3589 1443 γὰρ
3636 1373 3732 1425 καὶ

2144 1464 2291 1518 δεινά
2309 1466 2403 1519 καὶ
2430 1464 2497 1518 τὰ
2513 1465 2621 1537 πρὸ
2641 1464 2831 1517 τούτου
2866 1463 3266 1534 συμϐεϐηκότα.
3294 1461 3513 1533 Πρῶτον
3537 1463 3635 1534 μὲν
3663 1464 3729 1534 ὴ-

2149 1564 2256 1632 μᾶς
2277 1560 2480 1632 ἤλασαν
2501 1561 2612 1631 (78)
2628 1577 2641 1590 ·
2676 1559 2771 1614 καὶ
2795 1561 2943 1629 μόνοι
2972 1559 3109 1630 πρὸς
3129 1557 3381 1611 ἁπάντων
3408 1556 3729 1627 διωκόμενοι

2144 1657 2239 1709 καὶ
2269 1653 2675 1724 θανατούμενοι,
2721 1652 3058 1723 ἑορτάσαμεν
3104 1651 3199 1703 καὶ
3241 1649 3382 1703 τότε.
3414 1649 3525 1703 Καὶ
3562 1650 3672 1712 πᾶς
3697 1650 3727 1702 ὁ

2144 1751 2244 1819 τῆς
2282 1745 2403 1801 καθ’
2436 1746 2664 1798 ἑκαστον
2697 1743 2928 1813 θλίψεως
2959 1743 3142 1806 τόπος,
3178 1740 3550 1813 πανηγυρικὸν
3595 1743 3726 1813 ἡμῖν

2146 1839 2333 1908 γέγονε
2359 1837 2577 1910 χωρίον,
2609 1835 2797 1907 ἀγρὸς,
2823 1834 3049 1906 ἐρημία,
3082 1834 3236 1898 ναῦς,
3272 1834 3608 1904 πανδοχεῖον,
3642 1832 3727 1885 δε-

2146 1932 2474 2001 σμωτήριον,
2509 1927 2870 2000 φαιδροτάτην
2913 1926 2971 1979 δέ
3004 1926 3194 1980 πασῶν
3226 1926 3430 1995 ἤγαγον
3453 1925 3645 1997 ἑορτὴν
3676 1926 3723 1977 oi

2142 2022 2337 2073 τέλειοι
2373 2019 2646 2092 μάρτυρες
2688 2018 3054 2091 εὐωχηθέντες
3110 2018 3167 2069 ἐν
3207 2016 3437 2089 οὐρανῷ.
3476 2014 3632 2070 Μετὰ
3665 2015 3725 2068 δὲ

2141 2109 2335 2173 ταῦτα,
2355 2109 2587 2179 πόλεμος
2609 2110 2703 2163 καὶ
2717 2108 2873 2179 λιμὸς
2894 2105 3155 2160 ἐπέλαϐεν
3173 2122 3186 2134 ο
3210 2104 3247 2158 ἀ
3274 2107 3385 2167 τοῖς
3408 2102 3585 2155 ἔθνεσι
3609 2118 3725 2154 συν-

2140 2200 2524 2272 διηνέγκαμεν,
2559 2200 2708 2272 μόνοι
2734 2200 2830 2271 μὲν
2857 2197 3209 2260 ὑποστάντες,
3236 2197 3336 2249 ὅσα
3356 2196 3487 2266 ἡμῖν
3515 2194 3722 2264 ἐλυμή-

2141 2310 2319 2356 ναντο,
2346 2292 2868 2364 παραπολαύσαντες
2886 2292 2940 2343 δὲ
2957 2291 3050 2344 καὶ
3065 2284 3139 2343 ὧν
3163 2288 3423 2359 ἀλλήλους
3442 2286 3725 2358 εἰργάσαν-

2139 2386 2200 2439 τό
2240 2402 2300 2439 τε
2343 2387 2437 2439 καὶ
2486 2384 2819 2438 πεπόνθασι·
2877 2383 2970 2436 καὶ
3002 2384 3068 2452 τῇ
3101 2380 3338 2452 Χριστοῦ
3367 2378 3528 2432 πάλιν
3562 2378 3722 2447 ἐνηυ-

2140 2476 2457 2547 φράνθημεν
2485 2477 2698 2547 εἰρήνῃ,
2730 2474 2798 2545 ἥν
2843 2473 3023 2543 μόνοις
3055 2472 3186 2541 ἡμῖν
3216 2469 3404 2522 ἑδωκε.
3441 2465 3723 2539 Βραχυτά-

2137 2586 2238 2641 της
2274 2569 2329 2621 δὲ
2365 2568 2520 2638 ἡμῶν
2547 2584 2605 2620 τε
2641 2568 2736 2620 καὶ
2775 2565 2954 2619 αὐτῶν
2983 2563 3251 2633 τυχόντων
3276 2560 3573 2629 ἀναπνοῆς,
3601 2560 3721 2611 ἐπι-

2138 2658 2478 2728 κατέσκηψεν
2523 2659 2555 2728 ή
2589 2656 2743 2719 νόσος
2773 2654 2933 2725 αῦτη,
2975 2655 3207 2725 πρᾶγμα
3235 2650 3400 2720 φόϐου
3432 2666 3490 2702 τε
3521 2648 3721 2712 παντὸς

2137 2749 2507 2821 φοϐερώτερον
2542 2748 2792 2811 ἐκείνοις,
2822 2747 2915 2800 καὶ
2938 2745 3221 2815 συμφορᾶς
3252 2740 3569 2813 ἡστινοσοῦν
3594 2756 3716 2810 σχε-

2133 2842 2446 2914 τλιώτερον,
2477 2842 2572 2895 καὶ
2594 2841 2670 2904 ὡς
2701 2840 2830 2904 ἴδιός
2854 2856 2938 2901 τις
2966 2837 3144 2890 αὐτῶν
3160 2833 3462 2905 ἀπήγγειλε
3483 2848 3719 2905 συγγρα-

2136 2934 2288 3002 φεὺς,
2321 2935 2553 3006 πρᾶγμα
2589 2932 2746 3003 μόνον
2775 2931 2840 3001 δὴ
2870 2933 2971 3001 τῆς
2993 2928 3209 2981 πάντων
3237 2925 3448 2989 ἐλπίδος
3469 2928 3718 2997 κρεῖσσον

2133 3025 2419 3096 γενόμενον
2437 3041 2451 3054 ο
2482 3026 2615 3095 ἡμῖν
2643 3023 2701 3077 δέ
2728 3024 2788 3077 οὐ
2809 3021 3017 3075 τοιοῦτο
3057 3020 3176 3089 μὲν,
3211 3019 3513 3089 γυμνάσιον
3540 3017 3597 3071 δέ
3622 3016 3719 3070 καὶ

461 3121 564 3175 pas
597 3106 707 3171 illa,
735 3121 895 3176 quam
931 3107 1180 3162 Christus
1229 3108 1386 3164 nobis
1429 3111 1565 3167 solis
1609 3111 1855 3166 indulsit.
1894 3109 2026 3165 Cum

2139 3119 2377 3189 δοκίμιον
2409 3116 2620 3180 οὐδενος
2644 3116 2753 3169 τῶν
2785 3115 2959 3169 ἀλλων
2993 3115 3230 3168 ἔλαττον.
3285 3112 3582 3182 Ἀπέσχὲτο
3618 3108 3717 3179 μέν

461 3208 639 3255 autem
671 3200 995 3253 brevissimo
1032 3202 1294 3270 temporis
1334 3203 1511 3271 spatio
1564 3218 1664 3258 nos
1721 3216 1775 3258 et
1819 3203 1894 3256 illi
1945 3217 2028 3256 re-

458 3295 843 3363 spirassemus,
878 3304 1102 3362 repente
1138 3294 1341 3363 ingruit
1366 3296 1483 3353 lues
1514 3296 1627 3361 illa,
1649 3297 1777 3365 ipsis
1809 3298 2026 3365 quidem

457 3396 549 3438 res
592 3383 834 3438 omnium
879 3383 1385 3440 formidulosissima
1430 3395 1487 3440 et
1509 3386 2025 3442 calamitosissima:

455 3484 512 3529 et
542 3489 665 3546 qua:
707 3476 819 3531 sola
841 3518 858 3544 ,
898 3488 956 3531 ut
987 3481 1236 3548 proprius
1270 3479 1492 3549 quidam
1526 3481 1765 3549 ipsorum
1797 3480 2030 3548 scriptor

456 3568 621 3640 269
649 3569 903 3639 loquitur,
953 3574 1193 3626 omnium
1240 3586 1390 3640 spem
1443 3574 1866 3643 opinionemque
1937 3589 2029 3627 suc

456 3664 685 3730 peravit.
717 3660 886 3716 Nobis
915 3679 1042 3717 vero
1081 3680 1185 3717 non
1218 3666 1481 3731 ejusmodi
1537 3665 1636 3719 fuit
1668 3683 1682 3719 :
1714 3668 1807 3721 sed
1842 3665 2019 3734 potius

457 3753 899 3809 meditamentum
953 3755 1221 3824 quoddam
1258 3770 1321 3811 ac
1346 3757 1765 3826 probameutum
1800 3757 2023 3827 perinde

526 3927 639 4001 (75)
678 3931 799 3998 Οὐχ
833 3929 992 3996 ὅπως
1017 3929 1135 3984 τῶν
1156 3931 1483 3986 ἐπιλύπων.
1518 3931 1607 3985 Sic
1630 3930 1851 4001 omnino
1885 3931 2027 3983 scri-

454 4000 691 4071 bendum
724 4013 827 4063 est,
858 4011 913 4052 ut
942 4002 1137 4071 lnbeut
1163 4003 1513 4071 manuscripti
1546 4003 1763 4071 codices
1789 4000 1927 4071 Mal.
1964 4016 2028 4053 ac

454 4070 622 4134 Med"
654 4084 776 4123 cum
811 4070 1107 4123 Saviliano.
1140 4069 1609 4139 Opponitur'euitu
1635 4069 1696 4122 τὸ
1714 4070 2026 4123 ἐπιλύπων

452 4140 532 4212 τῷ
562 4138 886 4208 περιχαρής
943 4140 1084 4212 quod
1141 4138 1263 4212 mox
1310 4140 1576 4212 sequitur,
1627 4141 1794 4212 vulg.,
1823 4139 2026 4212 ἐπιλοί-

452 4209 590 4265 πων.
622 4212 718 4263 Est
741 4221 920 4263 autem
966 4209 1425 4280 elegantiSsimuiu
1474 4209 1578 4264 hoc
1606 4211 1887 4264 exordium
1923 4211 2025 4263 Pa-

452 4279 920 4350 schalisepistolze
947 4278 1346 4333 sive'orationis
1368 4278 1629 4350 Dionysii.
1658 4280 1818 4341 Aliis,
1849 4281 2023 4349 inquit

454 4349 763 4421 Dionysius.
790 4349 1091 4418 inﬁdelibus
1122 4349 1316 4403 scilicet
1364 4367 1425 4403 ac
1464 4349 1766 4419 gentilibus,
1795 4366 2022 4415 pra'sem

451 4433 651 4487 tempus
682 4420 894 4472 minime
927 4428 1273 4487 Opportunum
1299 4420 1537 4472 videatur
1568 4421 1636 4471 ad
1664 4421 1852 4487 festum
1883 4422 2021 4472 diem

450 4490 838 4560 celebrandum,
861 4491 1051 4560 quippe
1079 4506 1197 4542 cum
1219 4491 1362 4541 luctu
1393 4499 1439 4541 et
1472 4489 1711 4542 lamentis
1736 4489 1887 4558 plena
1914 4491 2020 4543 sint

450 4563 647 4611 onmia.
692 4557 881 4612 Verrini
924 4576 1016 4612 nec
1060 4561 1225 4612 ullum
1278 4560 1490 4613 omnino
1518 4557 1742 4624 tempus,
1771 4576 1874 4611 non
1900 4560 2018 4612 dico

422 4629 765 4691 'luctnosum,
791 4629 1085 4691 cuiusmodi
1115 4629 1210 4682 hoc
1236 4640 1434 4696 tempus
1463 4644 1572 4682 esse
1596 4628 1804 4696 fateor;
1838 4631 1926 4680 sed
1954 4645 2017 4682 ne

424 4697 774 4750 'laatissimum
831 4700 1057 4764 quidem.
1090 4701 1194 4751 illis
1230 4698 1547 4760 hominibus,
1582 4700 1635 4751 id
1668 4706 1743 4751 est
1786 4698 2014 4766 inﬁdeli-

448 4767 566 4826 bus.
614 4777 795 4827 aptum
824 4780 895 4822 est
936 4770 1002 4819 ad
1052 4768 1383 4837 festiuitatem
1419 4770 1802 4822 czlebranrlam.
1857 4769 2019 4835 [mpii

446 4837 706 4905 siquidem
762 4848 807 4888 et
866 4838 993 4890 mali
1036 4838 1288 4897 homines,
1335 4854 1599 4905 nunquam
1645 4839 1861 4891 omnino
1907 4840 2018 4892 dies

449 4906 612 4973 festos
645 4920 798 4971 agere
831 4919 1070 4973 possunt,
1107 4908 1226 4961 licet
1261 4909 1459 4960 hostias
1498 4906 1786 4966 immolent,
1845 4920 1892 4959 et
1947 4907 2047 4959 lin

447 4980 716 5047 bamenta_
739 4975 986 5043 offeram.
1043 4978 1155 5031 Soli
1208 4987 1396 5047 virtute
1445 4978 1657 5047 pranliti
1704 4977 1866 5045 festos
1906 4980 2018 5030 dies

445 5054 631 5115 agunt.
678 5043 789 5097 Soli
839 5047 1027 5113 quippe
1065 5047 1230 5115 ofﬁcio
1259 5043 1573 5115 funguntur,
1626 5058 1673 5101 et
1705 5043 1829 5100 ’vota
1861 5056 2018 5114 atque

445 5114 750 5184 incruentus
777 5115 975 5167 hostias
1013 5114 1238 5184 offerunt
1262 5114 1397 5169 Deo.
1436 5116 1596 5168 Multa
1647 5119 1697 5169 in
1730 5118 1867 5169 hanc
1893 5132 2022 5171 Sen-

448 5181 675 5236 tetitiaui
710 5186 869 5238 habet
895 5181 1155 5251 Origenes
1198 5187 1248 5238 iu
1281 5187 1372 5239 lib.
1407 5203 1503 5240 vui
1558 5185 1757 5240 Contra
1783 5184 2015 5249 Celsum,

446 5267 567 5325 quae
615 5264 742 5307 sunt
791 5268 821 5306 e
862 5252 1176 5325 Stoicorum
1204 5257 1538 5325 philosophia
1594 5258 1913 5325 desumpta,
1947 5272 2014 5310 ex

445 5324 644 5391 quibus
705 5340 954 5394 magnam
1007 5324 1180 5378 lucem
1239 5324 1436 5394 accipit
1491 5327 1579 5381 hic
1630 5324 1871 5397 Dionysii
1941 5329 2017 5380 lo-

445 5407 559 5447 CUS.

511 5463 629 5534 (76)
676 5464 1005 5534 Περιχαρὴς
1051 5462 1124 5534 ὃν
1168 5463 1437 5531 οἰηθεῖεν.
1470 5466 1622 5534 Apud
1653 5464 2014 5533 Nicephorum

446 5532 643 5607 legitur
666 5536 718 5587 εἴ
756 5532 845 5600 τις
879 5532 1176 5607 περιχαρὴς
1212 5536 1287 5589 ὢν
1318 5532 1548 5607 οἰηθείη.
1582 5538 1709 5601 Quae
1746 5532 2013 5603 scriptura

446 5602 574 5657 ferri
605 5622 708 5658 non
740 5602 1092 5675 putestfcu'ui
1121 5602 1341 5658 verbum
1368 5602 1579 5675 οἰηθείη
1617 5609 1671 5675 in
1697 5602 1908 5674 passiva
1941 5609 2017 5659 si-

446 5674 790 5745 gniﬁcatione
810 5679 943 5745 sumi
965 5692 1068 5731 non
1090 5676 1279 5745 possit.
1304 5675 1448 5729 Distt
1468 5674 1597 5745 ergo
1613 5674 1899 5745 Dionysius
1920 5693 2018 5729 πε-

445 5717 2015 5817 magus;autemst;51.3.5315tumelias;

2053 4458 2101 4517 D

2130 3209 2241 3282 γὰρ
2269 3209 2389 3263 οὐδὲ
2427 3208 2606 3280 ἡμῶν,
2631 3207 2800 3279 πολλὴ
2833 3207 2889 3260 δέ
2912 3205 3134 3278 ἐξῆλθεν
3164 3204 3274 3277 (79)
3307 3207 3386 3268 εἰς
3408 3205 3478 3256 τὰ
3504 3201 3652 3273 ἔθνη.
3691 3219 3711 3254 s

2131 3301 2352 3364 Τούτοις
2398 3299 2523 3371 ἑξῆς
2567 3300 2814 3371 ἐπιφέρει
2864 3299 3039 3367 λέγων
3069 3316 3081 3328 ·
3138 3318 3157 3350 ι
3194 3299 3257 3350 Oi
3296 3295 3429 3364 γοῦν
3474 3293 3714 3348 πλεῖστοι

2128 3389 2236 3443 τῶν
2263 3388 2503 3457 ἀδελφῶν
2527 3388 2681 3459 ἡμῶν
2709 3388 2775 3445 δι’
2805 3387 3249 3460 ὑπερϐάλλουσαν
3267 3386 3490 3455 ἀγάπην
3518 3383 3612 3437 καὶ
3633 3399 3714 3450 φιο

2129 3480 2413 3550 λαδελφίαν
2441 3479 2787 3549 ἀφειδοῦντες
2815 3479 3021 3532 ἑαυτῶν
3040 3478 3134 3532 καὶ
3169 3477 3414 3547 ἀλλήλων
3444 3475 3711 3546 ἐχόμενοι,

2128 3572 2552 3635 ἐπισκοποῦντες
2596 3572 2922 3642 ἀφυλάκτως
2962 3572 3089 3634 τοὺς
3122 3568 3430 3632 νοσοῦντας,
3467 3564 3713 3637 λιπαρῶς

2127 3664 2578 3737 ὑπερητοὺμενοι,
2631 3662 3022 3734 θεραπεύοντες
3071 3663 3130 3715 ἑν
3167 3659 3407 3733 Χριστῷ,
3441 3656 3712 3729 συναπηλ-

2126 3756 2382 3810 λάττοντο
2412 3754 2638 3819 ἐκείνοις
2669 3754 2779 3825 (80)
2812 3754 3205 3825 ἀσμενέστατα,
3232 3750 3327 3805 τοῦ
3350 3751 3480 3823 παρ’
3509 3748 3711 3822 ἑτέρων

2134 3947 2196 3983 το
2216 3929 2293 4003 si!
2313 3928 2543 4003 silicis
2567 3932 2858 4003 περιχαρῆο

2205 3995 2325 4070 (77)
2348 4000 2456 4053 Καὶ
2490 3995 2837 4070 ὕρελόιῗγίεξ
2858 3999 3143 4070 Turnebus
3182 4000 3247 4050 ad
3275 4013 3426 4052 oram
3471 3997 3592 4070 libri
3626 3995 3706 4050 sui

2130 4064 2438 4124 ciiieiidat'it
2479 4064 2574 4124 κάι
2602 4064 2789 4138 ὄφελόν
2824 4086 2886 4138 γε
2920 4064 3018 4132 εἷς.
3051 4069 3180 4134 Quze
3213 4078 3392 4121 tamen
3434 4069 3705 4138 scriptura

2134 4140 2185 4192 in
2211 4140 2463 4195 omnibus
2491 4137 2689 4194 nostris
2719 4137 3000 4193 codicibus
3034 4155 3137 4191 non
3164 4139 3386 4205 legitur.
3433 4137 3487 4189 In
3518 4139 3707 4205 cmlire

2133 4209 2302 4278 ltegio
2325 4211 2585 4273 scriptum
2614 4210 2818 4269 inveni.
2853 4210 2947 4262 καὶ
2972 4207 3163 4277 ὄφελόν
3184 4203 3245 4275 γε
3262 4223 3276 4237 ·
3303 4209 3383 4270 εἰς
3412 4206 3583 4278 πολλά
3605 4203 3707 4276 μὲν

2128 4276 2237 4350 γὰρ
2266 4279 2559 4350 καὶ-δεινά,
2590 4280 2727 4333 sicut
2753 4281 2913 4350 etiam
2954 4276 3112 4331 habet
3141 4278 3496 4344 Nicephorus.
3537 4276 3705 4330 ltecte

2131 4347 2295 4410 igitur
2347 4347 2652 4413 Turnebus,
2689 4349 2804 4417 qui,
2835 4349 2948 4401 sola
2986 4349 3423 4415 interpunctione
3473 4357 3700 4411 mutata,

2129 4417 2273 4472 hunc
2307 4417 2562 4488 Dionysiii
2596 4417 2770 4488 locum
2801 4418 3066 4488 restituit,
3097 4429 3153 4471 ut
3179 4418 3313 4472 (iiXl.

2202 4488 2315 4556 (78)
2366 4484 2606 4556 Πρῶτον
2659 4487 2775 4556 μὲν
2829 4486 2988 4555 ἡμᾶς
3032 4486 3295 4556 ἤλασαν.
3346 4485 3561 4554 Repetit
3613 4484 3703 4540 hic

2132 4559 2438 4629 Dionysius,
2489 4568 2545 4612 et
2584 4557 2751 4629 quasi
2800 4561 3127 4629 compendio
3175 4567 3458 4629 enumerat
3511 4565 3703 4629 cuncta

2126 4644 2245 4697 quae
2270 4625 2567 4682 Christiani
2603 4625 2754 4696 passi
2808 4627 3025 4697 fuerant
3065 4627 3411 4697 Alexandriae
3432 4626 3543 4693 jam
3579 4625 3705 4677 inde

2128 4696 2197 4751 ab
2229 4699 2384 4751 initio
2415 4698 2495 4750 Siti
2535 4698 2905 4765 pontificatus.
2942 4696 3125 4750 Primo
3168 4696 3332 4752 enim.
3378 4697 3570 4762 inquit,
3606 4710 3705 4748 nos

2125 4768 2393 4837 persecuti
2427 4778 2570 4820 sunt.
2608 4765 3047 4837 Persecutimiem
3087 4766 3492 4837 illicillﬁibqtla}
3526 4774 3701 4837 erepta

2124 4835 2208 4891 est
2232 4852 2376 4890 anno
2406 4838 2593 4889 ultimo
2615 4837 2845 4905 Philippi
2872 4836 3234 4904 imperatoris.
3265 4835 3469 4889 Bellum
3490 4835 3700 4897 deinde,

2124 4909 2224 4970 ait,
2282 4916 2515 4960 secutim
2568 4918 2644 4959 est
2711 4906 3041 4961 intestinum.
3099 4907 3172 4959 De
3216 4909 3315 4959 hoc
3365 4905 3509 4958 civili
3565 4905 3703 4957 bello

2122 4976 2776 5046 Alexandrinorum,vide
2798 4976 3079 5044 epistolam
3109 4976 3347 5046 Dionysii
3380 4977 3445 5026 ad
3473 4974 3700 5028 Fabium

2123 5060 2283 5114 supra
2315 5046 2365 5097 in
2403 5045 2496 5097 lib.
2523 5062 2597 5109 vt,
2628 5062 2749 5114 cap.
2775 5046 2866 5098 4|.
2899 5046 3096 5098 Deinde
3129 5045 3258 5098 cum
3284 5049 3583 5115 paululum,
3621 5048 3703 5095 iii-

2124 5116 2260 5182 quit,
2293 5130 2386 5167 nos
2412 5127 2458 5167 et
2486 5116 2566 5168 illi
2589 5118 2980 5180 quievissemus,
3013 5117 3252 5168 inrubuit
3300 5118 3410 5168 lues
3455 5116 3546 5165 illa
3577 5130 3704 5183 gre-

2122 5185 2359 5248 vissima,
2415 5199 2479 5238 ea
2544 5187 2753 5239 scilicet
2806 5201 2927 5254 qua:
2969 5188 3068 5239 sub
3107 5183 3261 5239 Gallo
3305 5196 3359 5238 et
3412 5183 3703 5237 Volusiano

2123 5266 2367 5322 grassata
2399 5263 2503 5313 est.
2534 5272 2655 5309 cum
2701 5257 2813 5325 jam
2853 5265 3014 5309 antea
3072 5261 3171 5308 sub
3212 5256 3375 5310 Decio
3420 5258 3700 5325 coepisset.

2123 5325 2345 5391 Aliquot
2402 5326 2545 5379 enim
2603 5324 2816 5380 diae-oui
2870 5341 2935 5378 ea
2995 5330 3146 5393 p‘este
3206 5324 3512 5394 consumpti
3566 5332 3704 5394 sunt

2125 5395 2460 5460 teinporihus
2499 5394 2664 5458 Decii.
2719 5405 2778 5448 ut
2813 5404 2960 5464 patet
2995 5411 3060 5449 ex
3092 5395 3320 5462 epistola
3356 5393 3600 5462 Dionysii
3634 5397 3704 5446 ad

2126 5466 2413 5535 Domitium
2439 5476 2492 5517 et
2520 5466 2831 5535 Didymuiu,
2859 5466 2909 5517 iu
2947 5482 3067 5532 cap.
3101 5465 3157 5535 ll
3188 5466 3520 5535 hujusilibri.

2193 5533 2304 5601 (79)
2335 5534 2542 5603 Πολλὴ
2570 5532 2638 5587 δέ
2662 5534 2939 5603 ἐξῆλθεν.
2976 5534 3116 5588 Πολύ
3154 5539 3318 5587 codex
3347 5533 3576 5603 Regius;
3607 5532 3701 5583 sed

2124 5603 2177 5657 in
2205 5600 2424 5673 reliquis
2452 5600 2853 5673 exemplaribus
2881 5606 3104 5668 Maz.ir.,
3128 5604 3267 5658 Med.
3302 5622 3365 5657 ac
3397 5600 3529 5656 Fiik.
3566 5602 3702 5656 scri-

2120 5672 2478 5747 hit‘urrcoitl'l),
2509 5672 2746 5747 rectius;
2774 5675 3095 5747 subauditur
3119 5676 3273 5747 enini
3300 5675 3475 5737 νόσος.

2192 5743 2300 5815 (80)
2328 5743 2907 5813 Συναπηλλάττοντο
2933 5744 3209 5811 ἐκείνοις.
3245 5743 3372 5799 l’ust
3403 5749 3499 5798 bas
3541 5757 3699 5797 voces
