4220 6392
477 352 582 407 689

1469 353 1816 412 HISTORIIE
1853 355 2412 414 ECCLESIASTICE
2448 357 2578 415 LIB.
2614 355 2728 415 VII.

3615 354 3722 415 690

468 466 951 539 ἀναπιμπλάμενοι
991 472 1216 536 πάθους,
1250 472 1348 526 καὶ
1388 471 1487 543 τὴν
1518 472 1670 526 νόσον
1710 473 1794 541 ἐφ’
1829 474 2042 539 ἑαυτοὺς

2123 537 2126 545 _
2157 492 2222 530 ac
2251 486 2469 535 ρωποι-ο.
2511 476 2697 548 Neque
2726 475 2871 532 enim
2906 490 2936 530 a
2968 475 3124 533 nobis
3175 476 3438 535 abstinuit
3463 476 3580 534 lues
3608 479 3719 546 Illa,

465 562 716 627 ἕλκοντες
744 565 853 617 ἀπὸ
875 566 980 618 τῶν
1011 566 1275 638 πλησίων,
1298 566 1392 619 καὶ
1420 565 1636 642 ἑκόντες
1662 568 2049 638 ἀναμασσόμε-

467 671 547 707 νοι
594 653 694 718 τὰς
734 655 1031 728 ἀλγηδόνας
1058 657 1190 728 (8|).
1222 658 1333 711 Καὶ
1364 659 1549 712 πολλοὶ
1592 660 2052 731 νοσοκομήσαντες

467 746 563 800 καὶ
595 745 866 819 ρώσαντες
901 750 1140 821 ἐτέρους,
1177 749 1531 822 ἐτελεύτησαν
1570 752 1744 815 αὐτοὶ,
1785 751 1877 805 τὸν
1904 752 2049 805 ὲκεί-

468 855 574 892 νων
604 838 833 895 θάνατον
861 843 941 905 εἰς
968 844 1193 907 ἑαυτοὺς
1225 844 1716 916 μεταστησάμενοι,
1747 846 1843 898 καὶ
1869 844 1929 898 τὸ
1959 845 2052 917 δη-

472 931 645 1002 μῶδες
672 933 821 1003 ῥῆμα
850 934 1017 1006 μόνης
1049 935 1135 988 ἀεὶ⁵
1157 934 1346 989 δοκοῦν
1376 936 1773 1008 φιλοφροσύνης
1790 937 1899 1008 (82)
1929 937 2050 1008 ἔχε-

470 1023 615 1085 σθαι,
646 1024 791 1096 ἔργῳ
811 1026 875 1099 δὴ
894 1027 1014 1079 τότε
1052 1026 1408 1099 πληροῦντες,
1439 1029 1691 1093 ἀπιόντες
1718 1030 1896 1084 αὐτῶν
1917 1031 2051 1084 πάν-

466 1131 574 1168 των
605 1116 892 1188 περίψημα
924 1117 1055 1190 (83).
1096 1120 1159 1173 Οί
1198 1119 1329 1189 γοῦν
1367 1120 1579 1192 ἄριστοι
1612 1122 1719 1175 τῶν
1760 1124 1891 1195 παρ’
1920 1126 2050 1195 ἡμῖν

466 1206 708 1276 ἀδελφῶν
755 1208 944 1263 τοῦτον
991 1212 1082 1264 τὸν
1126 1212 1325 1284 τρόπον
1364 1213 1708 1286 ἐξεχώρησαν
1757 1213 1850 1267 τοῦ
1910 1213 2047 1284 βίου,

466 1300 827 1372 πρεσϐύτεροί
858 1318 917 1354 τε
943 1303 1087 1367 τινὲς
1141 1305 1234 1357 καὶ
1274 1304 1531 1369 διάκονοι,
1556 1307 1649 1360 καὶ
1677 1306 1784 1360 τῶν
1819 1306 1927 1360 ἀπὸ
1954 1305 2047 1359 τοῦ

464 1388 595 1442 λαοῦ
615 1389 737 1444 λίαν
766 1393 1146 1465 ἐπαινούμενοι
1165 1411 1178 1424 ο
1213 1395 1288 1459 ὡς
1318 1396 1412 1449 καὶ
1436 1396 1530 1450 τοῦ
1552 1395 1786 1451 θανάτου
1814 1396 1971 1451 τοῦτο
1989 1398 2050 1452 τὸ

465 1476 607 1545 εἶδος
632 1481 721 1535 διὰ
745 1482 943 1553 πολλὴν
965 1484 1244 1538 εὐσέϐειαν
1264 1487 1357 1539 καὶ
1377 1486 1555 1540 πίστιν
1583 1488 1809 1559 ίσχυράν
1830 1488 2048 1559 γινόμε-

464 1588 573 1634 νον,
612 1571 775 1642 μηδὲν
804 1572 1020 1626 ἀποδεῖν
1053 1575 1352 1646 μαρτυρίου
1379 1576 1572 1629 δοκεῖν.
1606 1577 1718 1630 Καὶ
1758 1576 1828 1631 τά
1859 1578 2048 1648 σώμα-

461 1681 532 1720 τα
580 1665 636 1718 δὲ
686 1666 794 1719 τῶν
854 1668 1023 1737 ἁγίων
1055 1669 1274 1734 ὑπτίαις
1328 1672 1483 1743 χερσὶ
1525 1673 1617 1726 καὶ
1657 1672 1876 1737 κόλποις
1912 1674 2046 1727 ὑπο-

462 1757 849 1829 λαμϐάνοντες,
898 1760 1287 1834 καθαιροῦντες
1324 1780 1384 1816 τε
1422 1766 1548 1827 τοὺς
1584 1763 1914 1835 ὀφθαλμοὺς,
1954 1766 2048 1819 καὶ

2153 567 2278 622 licet
2328 566 2619 637 plurimum
2680 568 2732 621 in
2782 566 3012 638 gentiles
3058 577 3299 637 grassata
3347 570 3441 624 sit.
3482 585 3502 620 ι
3552 570 3720 625 Addit

2150 658 2379 713 deinde:
2429 677 2449 710 ι
2490 658 2715 713 Plurimi
2754 659 2973 729 quidem
3008 673 3074 713 ex
3121 658 3387 715 fratribus
3413 661 3616 715 nostris
3647 662 3719 716 ob

2151 751 2369 805 nimiam
2398 752 2745 817 charitatem,
2775 768 2958 807 curam
3013 769 3229 810 omnem
3272 755 3503 823 promite
3528 753 3719 810 salutis

2149 844 2469 913 objicientes
2509 844 2724 913 sibique
2807 857 2994 901 mutuo
3054 849 3522 914 adltzerescentes;
3586 848 3716 903 dum

2148 950 2321 1005 aegros
2351 949 2538 989 secure
2563 943 2726 1005 atque
2771 937 3031 993 audacter
3082 941 3347 1003 invisum,
3406 939 3596 1010 eisque
3632 955 3719 993 as-

2149 1028 2302 1082 sidue
2348 1025 2681 1094 ministrant,
2715 1037 2773 1082 et
2818 1030 3154 1085 curationem
3191 1032 3452 1087 adhibent
3488 1032 3541 1085 in
3564 1030 3720 1086 Chri-

2148 1130 2256 1182 sto,
2283 1134 2386 1173 una
2422 1133 2545 1173 cum
2576 1120 2683 1174 illis
2729 1121 2926 1174 mortui
2988 1132 3155 1186 sunt;
3227 1123 3458 1176 aliorum
3493 1123 3719 1190 trgritn-

2149 1212 2274 1267 dine
2334 1211 2689 1267 libentissime
2729 1226 2849 1267 sese
2894 1213 3203 1283 implentes.
3252 1224 3303 1267 et
3349 1215 3716 1283 proximorum

2150 1304 2397 1358 morbum
2455 1304 2511 1359 in
2556 1304 2878 1375 semetipsos
2933 1304 3333 1374 quodammodo
3363 1305 3717 1366 attrahentes,

2148 1397 2467 1467 doloresque
2527 1410 2718 1451 eorum
2776 1404 2966 1467 sponte
3007 1411 3105 1452 sua
3153 1396 3521 1465 exprimentes
3556 1405 3719 1465 atque

2146 1498 2507 1558 extergentes.
2572 1487 2835 1557 Multique
2886 1489 3023 1543 adeo
3056 1487 3153 1558 qui
3212 1487 3346 1542 alios
3388 1495 3720 1556 :rgrotantes

2148 1585 2477 1632 curaverant
2513 1585 2570 1631 et
2618 1577 2670 1631 in
2712 1577 3004 1647 pristinam
3059 1575 3423 1631 valetudinem
3458 1575 3719 1631 restitue-

2148 1675 2291 1731 rant,
2323 1666 2423 1736 ipsi
2480 1667 2827 1733 interierunt,
2886 1676 3116 1721 mortem
3158 1666 3372 1721 illorum
3420 1665 3474 1720 in
3509 1666 3721 1740 sejpsos

2151 1762 2528 1827 traducentes;
2570 1760 2905 1831 verbumque
2959 1759 3090 1814 illud
3140 1760 3365 1829 vulgare
3421 1761 3564 1829 quod
3607 1760 3723 1814 olli.

463 1852 706 1921 στόματα
722 1853 1115 1922 συγκλείοντες,
1146 1854 1563 1929 ὠμοςοοροῦντές
1577 1875 1636 1911 τε
1653 1858 1746 1911 καὶ
1774 1857 2038 1912 διατιθέν·

2150 1850 2312 1905 eioste
2367 1852 2632 1905 duntaxat
2662 1852 2937 1907 comitatis
2983 1851 3251 1907 hactenus
3299 1853 3477 1907 visum
3521 1849 3717 1913 fuerat.

458 1959 552 2006 τες
583 1943 716 2015 (84),
745 1944 1238 2018 προσκολλώμενοι,
1285 1948 1743 2020 συμπλεκόμενοι,
1800 1948 2041 2021 λουτροῖς

458 2049 519 2085 τε
549 2034 642 2087 καὶ
671 2036 1141 2109 περιστολαῖς(85)
1166 2038 1656 2110 κατακοσμοῦντες,
1682 2039 1817 2109 μετά
1850 2041 2041 2112 μικρὸν

460 2122 754 2194 ἐτύγχανον
781 2125 887 2179 τῶν
919 2127 1070 2191 ἴσων,
1098 2128 1184 2181 ἀεὶ
1224 2127 1332 2182 τῶν
1362 2128 1802 2200 ὑπολειπομένων
1841 2131 2041 2199 ἐφεπο-

462 2215 639 2285 μένων
671 2219 783 2281 τοῖς
815 2218 921 2290 πρὸ
950 2220 1148 2275 αὐτῶν.
1181 2219 1264 2273 Τά
1307 2221 1365 2274 δέ
1416 2239 1479 2290 γε
1523 2221 1648 2294 ἔθνη
1680 2223 1789 2275 πᾶν
1822 2223 2045 2276 τούναν-

456 2306 597 2361 τίονο
629 2308 725 2361 καὶ
753 2313 927 2364 νοσεῖν
958 2312 1293 2384 ἀρχομένους
1332 2312 1652 2376 ἀποθοῦντο,
1688 2315 1782 2367 καὶ
1803 2314 2044 2383 ἀπέφευ-

458 2412 551 2466 γον
580 2400 706 2463 τοὺς
733 2401 1038 2468 φιλτάτους,
1096 2405 1200 2457 κάν
1235 2407 1353 2466 ταῖς
1398 2405 1536 2469 ὁδοῖς
1573 2404 1867 2476 ἐρρίπτουν
1910 2407 2040 2476 ἡμι-

455 2487 676 2559 θνῆτας,
721 2491 815 2551 καὶ
862 2492 1090 2564 νεκροὺς
1116 2495 1356 2562 ἀτάφους
1386 2495 1900 2561 ἀπεσκυϐαλίξοντο,
1941 2496 2040 2567 τὴν

453 2579 550 2632 τοῦ
581 2580 812 2635 Θανάτου
834 2582 1068 2637 διάδοσιν
1107 2586 1199 2639 καὶ
1219 2586 1502 2641 κοινωνίαν
1531 2589 1945 2659 ἐκτρεπόμενοι,
1976 2590 2041 2659 ἦν

454 2670 557 2725 οὐκ
594 2667 662 2743 ἦν
703 2674 796 2726 καὶ
842 2674 1011 2728 πολλὰ
1061 2678 1459 2750 μηχανομένοις
1500 2679 1742 2732 ἐκκλῖναι
1784 2679 1983 2750 ῥᾴδιον.
2017 2698 2035 2729 s

454 2763 611 2819 Μετὰ
650 2764 710 2819 δὲ
751 2767 955 2838 ταύτην
993 2768 1093 2840 τὴν
1123 2769 1433 2841 ἐπιστολὴν,
1463 2771 1891 2843 είρηνευσάντων
1932 2771 2041 2824 τῶν

453 2854 598 2909 κατά
639 2857 739 2928 τὴν
781 2858 956 2924 πόλιν,
994 2864 1108 2925 τοῖς
1152 2864 1273 2915 κατ’
1313 2863 1586 2931 Αἴγυπτον
1622 2863 1868 2934 ἀδελφοῖς
1922 2865 2043 2937 ἐορ-

451 2948 714 3019 ταστικὴν
740 2946 897 3016 αὖθις
928 2953 1230 3007 ἐπιστέλλει
1257 2956 1498 3027 γραφὴν,
1520 2956 1615 3010 καὶ
1644 2957 1736 3010 ἐπὶ
1756 2956 1929 3029 ταύτῃ
1956 2956 2044 3011 ἀλ-

451 3035 550 3102 λας
582 3039 873 3114 διαφόρους
902 3044 1062 3098 πάλιν
1079 3045 1189 3118 (86)
1208 3046 1582 3101 διατυποῦται.
1614 3048 1842 3118 Φέρεται
1870 3048 1926 3101 δέ
1956 3066 2040 3113 τις

450 3129 618 3184 αὐτοῦ
647 3133 740 3186 καὶ
773 3135 899 3205 περὶ
928 3134 1205 3191 Σαόὃάτου
1225 3154 1239 3167 ο
1272 3139 1367 3192 καὶ
1392 3138 1527 3209 άλλη
1557 3140 1684 3211 περὶ⁵
1710 3141 2036 3212 γυμνασίου.

2148 1944 2324 2011 reipsa
2349 1943 2725 2013 adimplentes,
2757 1959 2881 1998 cum
2916 1943 3145 1998 aliorum
3195 1944 3499 2014 peripsema
3540 1941 3718 1998 ell’ecti

2145 2048 2209 2087 ex
2241 2034 2342 2087 hac
2360 2035 2469 2087 vita
2506 2034 2824 2104 migrarent.
2856 2034 2917 2089 Et
2953 2034 3058 2090 hoc
3087 2034 3304 2104 quidem
3337 2043 3496 2100 pacto
3526 2033 3719 2104 Optimi

2150 2127 2354 2195 quique
2383 2142 2449 2181 ex
2480 2125 2742 2183 fratribus
2782 2128 3010 2193 nostris,
3061 2143 3288 2197 quorum
3321 2127 3562 2183 nonnulli
3595 2142 3720 2198 pre-

2144 2217 2344 2288 sbyteri
2382 2229 2537 2272 erant
2569 2232 2633 2273 ac
2657 2217 2910 2282 diaconi,
2963 2227 3017 2274 et
3049 2233 3115 2273 ex
3178 2219 3377 2287 populo
3403 2217 3720 2275 laudatissi-

2144 2323 2263 2362 mus
2283 2309 2510 2379 quisque
2552 2318 2784 2364 mortem
2837 2309 3204 2380 oppetierunt,
3245 2311 3381 2365 adeo
3436 2319 3490 2364 nt
3542 2325 3712 2380 genus

2144 2403 2243 2456 hoc
2286 2402 2475 2455 mortis
2507 2402 2578 2457 ob
2634 2401 2887 2471 pietatem
2949 2401 3179 2472 ﬁdeique
3210 2403 3575 2458 constantiam
3615 2419 3713 2459 ne-

2142 2510 2411 2565 quaquam
2472 2494 2704 2551 inferius
2758 2495 3022 2566 martyrio
3083 2506 3397 2551 censeatur.
3460 2494 3529 2550 lli
3585 2510 3716 2567 ergo

2141 2595 2452 2643 sanctormn
2516 2602 2744 2657 corpora
2802 2588 3010 2657 supinis
3096 2588 3346 2643 manibus
3403 2588 3717 2658 gremioque

2141 2679 2492 2748 excipientes,
2558 2678 2745 2734 oculos
2804 2679 2913 2733 illis
2941 2687 2995 2734 et
3016 2695 3112 2735 ora
3172 2680 3511 2747 claudentes,
3563 2680 3717 2748 baiu-

2143 2771 2317 2827 lantes
2358 2769 2547 2826 eadem
2611 2769 2856 2826 humeris
2908 2771 3050 2836 suis,
3077 2780 3505 2837 componentes,
3533 2771 3718 2826 adhae—

2145 2873 2417 2918 rescentes
2473 2861 2601 2927 illis,
2659 2861 3123 2932 complectentes,
3158 2862 3378 2917 lavacro
3435 2871 3491 2916 et
3552 2863 3716 2917 vesti-

2143 2954 2339 3009 mentis
2364 2961 2642 3016 ornantes,
2684 2951 2847 3019 paulo
2904 2959 3025 3019 post
3067 2950 3256 3006 eadem
3299 2948 3473 3005 oﬂicia
3501 2950 3569 3005 ab
3598 2949 3718 3005 aliis

2142 3046 2423 3101 consecuti
2458 3053 2617 3109 sunt;
2640 3057 2765 3097 cum
2795 3041 3118 3111 superstites
3161 3056 3376 3110 semper
3403 3056 3590 3096 eorum
3620 3042 3715 3111 qui

2145 3145 2536 3208 praecesserant
2584 3136 2831 3205 vestigiis
2896 3134 3232 3188 insisterent.
3294 3132 3536 3189 Gentiles
3584 3147 3715 3188 vero

462 3220 827 3294 Ἐρμάμμωνι
875 3224 932 3277 δὲ
971 3226 1131 3280 πάλιν
1174 3228 1269 3295 καὶ
1298 3232 1411 3294 τοῖς
1437 3231 1557 3284 κατ’
1585 3230 1858 3299 Αἴγυπτον
1887 3231 2041 3286 ἀδελ-

2143 3245 2368 3300 prorsns
2417 3230 2693 3286 contraria
2759 3228 2844 3284 his
2901 3235 3150 3297 egerunt.
3201 3224 3334 3280 Nam
3382 3233 3438 3280 et
3483 3238 3576 3280 eos
3619 3223 3713 3294 qui

450 3315 571 3383 φοῖς
615 3313 683 3367 δι’
724 3316 1009 3388 ἐπιστολῆς
1039 3320 1263 3390 ὁμιλῶν,
1296 3321 1467 3376 πολλά
1504 3339 1564 3375 τε
1604 3321 1740 3377 ἄλλα
1784 3324 2033 3395 περὶτῆς

448 3405 651 3459 Δεκίου
695 3408 791 3460 καὶ
846 3407 956 3462 τῶν
1019 3411 1135 3480 μετ’
1194 3411 1356 3466 αὑτὸν
1420 3411 1702 3478 διεξελθὼν
1768 3432 2031 3487 κακοτρο-

451 3625 506 3703 in
532 3627 717 3703 codice
740 3628 993 3703 Regiq_et
1024 3631 1077 3685 in
1102 3630 1340 3687 editione
1365 3630 1502 3688 Rob.
1528 3631 1792 3702 Stephani
1820 3632 2031 3703 apposi-

450 3702 504 3772 ta
524 3707 608 3751 est
630 3698 858 3772 virgula.
892 3699 1089 3772 Verum
1116 3703 1169 3755 in
1197 3703 1370 3772 tribus
1399 3703 1597 3757 nostris
1625 3698 2030 3772 exemplaribus

449 3765 615 3830 Mam,
668 3767 810 3824 Med.
862 3779 918 3824 et
961 3770 1259 3826 Fulsetiano
1295 3771 1397 3824 alia
1445 3783 1529 3826 est
1562 3765 1858 3828 distinctio.
1891 3772 2026 3826 Nam

452 3847 573 3911 post
602 3853 787 3892 vocem
826 3840 1202 3911 ἀσμενέστατα
1239 3842 1482 3910 apposita
1515 3852 1601 3897 est
1628 3844 1802 3897 media
1834 3842 2028 3896 distin-

449 3907 677 3980 ctioseu
708 3924 879 3966 mora.
903 3907 1054 3977 Quod
1086 3907 1535 3980 qttidem'ideireo
1559 3913 1881 3967 monendum
1909 3926 2029 3968 esse

448 3977 604 4051 duxi,
638 3993 705 4032 ne
733 3981 851 4046 quis
888 3981 1029 4035 forte
1068 3977 1391 4049 simpicetur,
1445 3982 1713 4051 vulgatam
1750 3983 2029 4049 interpun-

448 4048 684 4121 ctionem
722 4059 925 4121 temere
967 4067 1031 4105 ac
1060 4048 1177 4106 sine
1211 4048 1561 4107 auctoritate'
1584 4048 1908 4121 scriptorum
1936 4066 2029 4109 co-

451 4117 629 4170 dicum
655 4134 681 4170 a
710 4119 867 4175 nobis
899 4131 1158 4175 mutatam
1186 4121 1373 4176 fuisse.

521 4187 1175 4275 (ξιλᾋναμασσόμεκοι
1196 4190 1304 4275 τὰς
1337 4190 1701 4275 ἀτίγηδόνας.
1730 4190 1947 4275 Langns
1977 4201 2032 4247 et

449 4255 978 4332 Cltristopltor'sonns
1006 4255 1294 4316 verterunt
1314 4255 1638 4331 mitigantes,
1658 4255 1827 4332 quam
1850 4255 2029 4317 inter-

450 4329 810 4401 pretationem
836 4331 1084 4401 equidem
1108 4333 1337 4398 probare
1361 4329 1466 4385 non
1486 4329 1726 4401 possunt.
1752 4330 1886 4385 Nam
1909 4333 2033 4386 ἀνα-

453 4396 682 4466 μάσσειν
728 4400 844 4452 sive
880 4396 1178 4471 ἐκμάσσειν
1226 4402 1367 4456 idem
1404 4396 1502 4455 est'
1535 4402 1678 4471 quod
1717 4404 2026 4467 exprimere.

2139 3330 2406 3395 aegrotare
2456 3321 2771 3393 inceperant
2833 3320 3311 3386 exturbabant,et
3363 3318 3714 3375 cbarissimos

2142 3413 2515 3486 refugiebant;
2554 3428 2757 3486 eosque
2834 3413 2888 3467 in
2935 3412 3039 3468 viis
3097 3413 3397 3469 semineces
3447 3411 3715 3468 destitue-

2134 3633 2315 3705 ψημα,
2360 3632 2412 3689 id
2459 3641 2544 3689 est
2582 3643 2927 3705 purgamenta
2954 3633 3156 3698 swcuti,
3201 3633 3344 3702 quod
3380 3632 3552 3704 magis
3592 3632 3710 3703 pla-

2135 3716 2243 3759 CCI.

2209 3773 2322 3842 (8‘5)
2348 3772 2557 3830 Αὐτῶν
2600 3772 2844 3829 πάντων
2891 3775 3216 3845 περίψημα.
3258 3774 3441 3845 Codex
3487 3773 3625 3845 Med.
3658 3783 3715 3829 et

2137 3844 2274 3898 lllaz.
2306 3859 2438 3900 voce
2466 3846 2702 3917 πάντων,
2739 3860 2860 3913 qua:
2880 3844 3207 3917 invulgatis
3239 3844 3411 3917 deest,
3437 3844 3712 3917 auctiores

2136 3921 2591 3985 suntsquomodo
2614 3915 2778 3985 etiam
2814 3914 3016 3970 inFuk.
3040 3914 3303 3985 scriptum
3332 3915 3533 3972 inveni.

2209 3982 2321 4055 (84)
2357 3985 2467 4040 Καὶ
2504 3984 2885 4052 διατιθέντες.
2918 3982 3473 4055 ίϐιιτὶειόριιοτεοηυε
3523 3984 3708 4050 vertit,

2135 4053 2377 4108 decenter
2405 4066 2671 4117 amantes,
2718 4056 2878 4110 male.
2914 4054 3049 4110 Nam
3082 4056 3147 4110 de
3168 4053 3368 4111 ornatu
3406 4068 3536 4108 mox
3573 4055 3708 4108 sub-

2125 4124 2304 4195 jungit
2346 4126 2652 4197 Dionysius.
2691 4124 2919 4197 Rectius
2958 4127 3121 4197 igitur
3154 4126 3292 4197 verti
3321 4134 3705 4194 componentes,

2130 4194 2402 4264 quomodo
2427 4194 2720 4267 loquuntur
2746 4195 2944 4250 Latini.
2970 4194 3061 4251 Sic
3081 4194 3301 4267 Persius
3333 4209 3348 4248 :

2493 4262 2510 4318 ξ
2551 4304 2567 4319 .
2601 4303 2628 4336 Α.
2670 4303 2685 4318 .
2728 4268 3039 4336 tandemque
3068 4264 3307 4320 beatulus
3332 4262 3443 4318 alto

2238 4332 2566 4404 Compositus
2591 4334 2743 4404 lecto,
2774 4345 2881 4389 etc.

2131 4402 2492 4476 Hieronymus
2526 4406 2618 4460 lib.
2656 4423 2670 4459 ι
2697 4403 2765 4459 In
2794 4404 3143 4476 Jorininnumi
3167 4419 3187 4458 :
3220 4402 3616 4476 Compositoqtte
3642 4419 3708 4460 ea:

449 4476 740 4535 extergere.
786 4472 886 4545 _Ait
924 4473 1116 4545 igitur
1158 4471 1468 4545 Dionysius,
1525 4473 1867 4545 Christianos
1935 4473 2027 4542 qui
2133 4491 2273 4529 more
2300 4471 2541 4530 cadaveri
2568 4476 2738 4545 seipsa
2768 4476 3069 4545 superjecjt.
3103 4475 3240 4528 Hinc
3259 4471 3573 4545 compositus
3607 4489 3705 4542 pro

447 4552 625 4602 aegros
662 4540 935 4608 pestilenti
966 4540 1172 4597 morbo
1220 4540 1531 4613 laborantes
1582 4542 1905 4607 inviscbant,
1932 4540 2027 4597 ἐκ·
2060 4544 2101 4599 D
2130 4547 2330 4613 sepulto
2383 4546 2521 4613 apud
2563 4540 2841 4613 Virgilium
2894 4540 2947 4599 et
2997 4543 3300 4598 Horatium.
3341 4540 3619 4603 Possidius
3647 4547 3700 4598 in

449 4621 670 4680 pressos
696 4613 1106 4680 itt‘gmlantium
1144 4612 1360 4666 dolores
1407 4611 1460 4664 in
1496 4614 1816 4680 semetipsos
1854 4622 2031 4665 trans-

451 4679 661 4753 tulisse.
690 4679 909 4753 ldenim
940 4681 1212 4751 signiﬁcat
1235 4698 1337 4736 vox
1368 4683 1832 4753 ἀναμασσόμενοι,
1865 4681 1915 4753 id
1946 4690 2029 4736 est

448 4750 699 4821 excipere
742 4750 794 4821 in
832 4764 893 4806 se
929 4765 982 4806 et
1006 4750 1163 4820 quasi
1197 4750 1719 4821 exsugerealterins
1754 4750 2023 4806 morbum.

447 4815 594 4893 Idem
624 4829 712 4893 est
744 4815 1072 4893 igituriquod
1098 4830 1252 4876 antea
1282 4815 1423 4875 diiit
1453 4819 1762 4893 Dienysius,
1803 4821 1896 4875 καὶ
1926 4821 2026 4892 τὴν

446 4887 605 4942 νόσον
630 4889 715 4958 ἐφ’
749 4887 975 4955 ἑαυτοὺς
997 4891 1262 4956 ἕλκοντες.

520 4960 631 5032 (82)
686 4961 891 5032 Μόνης
950 4962 1428 5032 φιλοφροσύνης.
1496 4962 1612 5018 Νοη
1676 4969 1846 5026 recte,
1903 4975 2025 5015 meo

447 5031 685 5102 quidem
729 5031 971 5102 judicio,
1038 5033 1310 5087 Musculus
1376 5043 1432 5086 et
1494 5034 2023 5102 Christophorsonus

444 5114 621 5173 ceram
643 5100 1076 5173 benevolentiam
1123 5103 1570 5173 interpretantur,
1600 5100 1731 5158 cutn'
1765 5102 2022 5173 φιλοφρο-

447 5168 580 5242 σύνη
612 5169 682 5224 sit
706 5173 885 5240 p0tins
912 5168 1285 5226 benevolentia
1314 5172 1367 5225 in
1392 5187 1643 5229 sermone
1671 5182 1728 5227 et
1746 5168 2024 5227 adfabilita-

447 5247 499 5292 te
555 5242 751 5308 posita,
809 5257 929 5310 quae
972 5243 1192 5295 comitas
1251 5242 1449 5295 dicitur
1494 5259 1523 5296 a
1553 5243 1780 5298 Latinis.
1817 5243 2021 5297 Gallice

444 5311 637 5381 ciuilité
696 5319 752 5366 et
807 5311 1135 5381 compliment
1216 5327 1495 5366 vocamus.
1551 5313 1779 5370 Videtur
1835 5323 2019 5367 autem

444 5377 560 5455 haec
590 5395 696 5455 vo;
728 5377 1013 5455 περίψημα
1040 5397 1177 5455 Aqua:
1229 5383 1560 5455 inepistolis
1614 5383 1765 5437 Pauli
1799 5382 2017 5455 legitur,

443 5451 606 5521 Vulgo
663 5451 833 5506 fuisse
905 5451 973 5507 ab
1024 5453 1406 5508 Alexandrinis
1454 5462 1737 5521 usurpata,
1802 5451 2018 5522 quoties

444 5534 504 5575 se
533 5524 584 5575 in
617 5522 1035 5578 salutationibus
1058 5533 1249 5576 mutuo
1276 5523 1682 5592 compellarent,
1715 5531 1770 5577 et
1794 5538 2017 5591 operam

443 5593 973 5666 atque_obsequium_
997 5593 1380 5666 sponderent:
1418 5592 1565 5666 Ἐγώ
1586 5596 1699 5664 εἰμι
1730 5592 2017 5666 περίψημά

445 5678 565 5735 gon,
591 5662 743 5735 Quod
776 5673 941 5735 certe
960 5662 1047 5717 hic
1077 5663 1317 5735 Dionysii
1344 5663 1492 5735 locus
1522 5662 1731 5735 videtur
1766 5662 2012 5718 inminere.

445 5730 559 5805 Nisi
594 5733 776 5801 potius
800 5733 1181 5805 intelligamus,
1212 5730 1556 5793 Christianos
1580 5734 1741 5805 vulgo
1771 5750 1801 5788 a
1834 5735 2013 5805 genti-

2140 4612 2259 4667 Vita
2281 4614 2347 4672 Β.
2371 4612 2650 4684 Augustini
2672 4612 2697 4669 ':
2725 4613 3012 4683 Confestim
3041 4631 3163 4667 vero
3192 4630 3284 4676 pro
3304 4614 3417 4683 ejus
3441 4629 3704 4666 commen-

2129 4685 2305 4738 danda
2352 4683 2587 4754 corporis
2618 4684 2938 4750 depositione
2969 4683 3201 4737 oblatum
3234 4695 3348 4749 est;
3394 4692 3705 4752 perartoque

2128 4754 2427 4808 solemniter
2458 4756 2824 4823 exsequiarum
2870 4754 3160 4823 ministerio
3196 4754 3472 4822 insigniter
3501 4768 3707 4823 compo-

2126 4822 2597 4889 situs,deportattts
2640 4840 2703 4876 ac
2747 4822 2979 4891 sepultus
3008 4835 3104 4879 est.
3138 4822 3215 4877 lta
3249 4824 3394 4878 enim
3428 4822 3626 4893 legitur
3648 4825 3701 4878 in

2127 4893 2316 4948 codice
2338 4894 2713 4949 Mosciacensi.

2197 4961 2311 5035 (85)
2335 4964 2446 5017 Καὶ
2480 4962 2885 5030 περιστολαῒς.
2913 4961 3024 5019 Nec
3048 4965 3189 5020 hanc
3218 4980 3408 5021 vocem
3432 4962 3706 5019 intellexit

2125 5032 2652 5106 ghristopltorsuuus
2695 5037 2786 5102 qui
2816 5036 3006 5106 Avertit,
3053 5036 3212 5089 linteo
3249 5036 3456 5106 funebri
3482 5035 3713 5099 volucres

2126 5101 2384 5158 Solebant
2415 5105 2560 5157 enim
2598 5101 2825 5158 Romani
2856 5115 2981 5158 tunc
3016 5101 3275 5173 temporis
3312 5108 3578 5160 cadavera
3611 5120 3709 5161 νοεν

2123 5174 2296 5225 stihus
2323 5173 2566 5245 amicire.
2598 5176 2679 5228 Ac
2709 5174 2775 5227 de
2802 5175 3092 5243 gentilibus
3118 5176 3336 5245 quidem
3365 5190 3459 5231 res
3493 5175 3718 5243 protri-.

2124 5250 2180 5317 t_a_
2211 5253 2321 5317 est,
2367 5243 2927 5317 adeoAuthexemplis
2988 5260 3094 5299 non
3135 5243 3322 5317 egeat.
3372 5245 3526 5315 Ipsos
3572 5258 3701 5317 vero

2122 5313 2464 5368 Christianos
2513 5311 2751 5367 fidelium
2802 5311 3067 5369 cadavera
3121 5311 3420 5384 splendidis
3460 5311 3710 5384 vestibus

2120 5384 2418 5454 olitcxisse.
2444 5384 2603 5437 docet
2629 5385 2937 5453 exemplum
2969 5381 3171 5439 Asturii
3208 5387 3263 5440 in
3288 5400 3410 5454 cap.
3437 5385 3511 5454 16
3536 5381 3717 5451 hujus-

2119 5452 2265 5506 ltbri.
2309 5453 2669 5524 Hieronymus
2712 5455 2772 5524 in,
2798 5454 3077 5524 Epitaphio
3110 5455 3300 5510 Paulae
3349 5452 3370 5512 ἐ
3415 5453 3697 5524 ρυὶιίηος

2152 5538 2240 5575 um
2299 5519 2528 5576 moriens
2570 5539 2676 5577 non
2716 5519 2861 5579 illius
2909 5519 3225 5579 uestimentis
3275 5526 3545 5578 obvolutis
3582 5519 3699 5575 est?

2166 5608 2228 5647 ec
2254 5593 2411 5646 aliter
2438 5592 2820 5662 intelligendus
2846 5604 2930 5650 est
2957 5595 3108 5651 locus
3132 5595 3571 5661 Possidii,.quem
3599 5606 3713 5644 an-~

2119 5672 2202 5717 tea
2242 5662 2428 5717 citavi.

2186 5731 2299 5804 (86)
2332 5734 2552 5801 Ἄλλας
2572 5732 2897 5804 διαφόρους
2919 5734 3124 5794 πάλιν.
3148 5735 3267 5792 Vo;
3286 5730 3577 5805 διαφόρους
3601 5731 3703 5789 11¢-

446 5800 608 5858 libus’
645 5813 868 5859 vocatos
930 5800 1096 5865 fuisse
1153 5804 1256 5859 hoc
1312 5804 1551 5872 nomine,
1579 5800 1795 5860 πάντων
1836 5800 2013 5877 ’περί-
2115 5800 2358 5860 ἁίιιιιίοι
2387 5800 2578 5863 codice
2608 5800 2761 5863 nec;
2779 5816 2837 5863 et
2865 5800 3127 5861 Μίδεω-1η.
