4220 6400
521 377 619 433 69!
1241 374 1511 433 EUSEBII
1548 375 2021 433 CJESARIENSIS
2052 374 2204 433 OPP.
2243 375 2423 432 PARS
2457 376 2500 433 Ι.
2538 408 2610 419 -
2645 352 3038 434 HISTORICA.
3664 373 3770 431 692

521 502 655 552 bant
686 515 697 548 :
749 503 841 549 aut
878 505 1122 550 mortuos
1169 495 1464 565 insepultos
1511 496 1897 566 projiciebant,
1927 509 2085 549 aver—
2116 501 2164 557 Α

2116 501 2164 557 Α
2198 497 2348 559 πίας,
2398 499 2517 568 τῆς
2549 496 2688 551 κατὰ
2731 497 2822 552 τὸν
2868 497 3157 569 Γαλλιηνδν
3196 496 3418 568 εἰρήνης
3460 495 3759 569 ὑπομιμνή-

512 596 706 641 santes
728 586 918 643 mortis
939 587 1412 656 participationem
1441 603 1505 642 ac
1534 587 1885 653 societatem;
1919 601 2080 655 quam
2191 605 2397 642 σκεται.

514 689 697 733 tamen
752 679 879 734 licet
927 679 1211 749 multiplici
1268 680 1510 735 adhibita
1571 684 1824 738 cautione
1881 697 1945 735 ac
1994 682 2296 752 diligentia,
2351 682 2556 735 evitare
2645 696 2751 736 non
2810 690 3081 752 poterant.
3115 701 3135 734 ι
3196 679 3325 734 Post
3375 680 3518 733 hanc
3559 678 3767 747 episto-

512 771 648 835 lam,
675 787 797 827 cum
824 787 915 827 res
949 773 1001 826 in
1024 772 1160 827 urbe
1187 772 1516 828 Alexandria
1543 783 1749 844 pacatae
1809 783 2018 842 essent,
2067 775 2133 828 ad
2175 772 2373 828 fratres
2410 788 2505 844 per
2566 772 2860 845 Egyptum
2914 774 3239 829 constitutos
3277 769 3596 825 Pascbalem
3648 784 3771 821 rur-

515 876 609 917 sus
633 864 918 932 epistolam
942 864 1232 937 Dionysius
1255 867 1497 935 scripsit,
1553 867 1797 938 aliasque
1860 878 1980 938 post
2028 869 2167 922 hanc
2193 867 2448 936 deinceps
2484 868 2751 921 exaravit.
2788 866 2979 921 Exstat
3028 866 3192 921 etiam
3250 862 3476 931 epistola
3532 865 3650 928 ejus
3696 860 3762 912 de

517 952 755 1010 Sabbato
807 971 824 1009 :
880 968 933 1012 et
992 958 1096 1012 alia
1147 959 1213 1013 de
1252 961 1665 1017 exercitatione.
1736 962 2004 1018 Praeterea
2057 962 2124 1016 ad
2184 959 2662 1017 Hermammonem
2730 961 3038 1030 fratresque
3095 961 3149 1013 in
3209 958 3448 1029 Egypto
3511 955 3768 1023 degentes

515 1049 799 1115 epistolam
832 1050 997 1123 270
1028 1055 1295 1118 scribens,
1348 1066 1631 1125 postquam
1676 1056 1743 1113 de
1797 1060 1928 1129 imp.
1992 1058 2145 1112 Decii
2204 1065 2256 1112 et
2321 1069 2697 1112 successorum
2760 1053 2904 1108 illius
2953 1052 3302 1122 improbitate
3351 1050 3626 1112 disseruit,
3676 1062 3768 1116 pa-

518 1143 597 1198 cis
642 1158 762 1213 quae
825 1145 998 1215 viguit
1054 1146 1355 1214 principatu
1411 1147 1675 1212 Gallieni,
1725 1149 2055 1203 mentionem
2084 1144 2238 1201 facit.

1077 1234 1303 1290 CAPUT
1331 1234 1518 1291 XXIII.
2723 1235 2743 1287 ι

2723 1233 3118 1287 ΚΕΦΑΛᾹΙΟΝ
3143 1232 3266 1285 Kl".

1011 1324 1085 1379 De
1107 1326 1323 1395 imperio
1347 1326 1596 1384 Gallieni.
2185 1328 2324 1396 Περὶ
2348 1326 2457 1395 τῆς
2482 1330 2673 1381 Falli

2185 1328 2324 1396 Περὶ
2348 1326 2457 1395 τῆς
2482 1326 2826 1393 Γαλλιηνοῦ
2849 1324 3169 1389 βασιλείας
3199 1322 3335 1393 (Nic.
3369 1321 3439 1376 ΙΙ.
3470 1320 3531 1374 E.
3553 1336 3627 1384 νι,
3650 1320 3763 1389 2|).

588 1415 693 1471 Sed
719 1415 831 1485 ipsa
860 1416 981 1486 ejus
1015 1418 1180 1472 verba
1208 1420 1378 1474 satius
1422 1419 1588 1476 fuerit
1616 1421 1828 1486 audire,
1859 1437 1979 1491 qua!
2006 1421 2084 1477 sic

2258 1418 2424 1471 Οὐδὲν
2470 1418 2527 1471 δὲ
2577 1412 2710 1480 οἷον,
2765 1416 2827 1469 τὸ
2878 1417 2971 1469 καὶ
3018 1417 3222 1468 τούτων
3257 1408 3362 1467 ὦδέ
3394 1431 3511 1476 πως
3538 1413 3768 1483 ἐχόντων

517 1506 719 1563 habent
745 1523 760 1562 :
796 1527 813 1559 ι
844 1510 908 1563 Εῑ
936 1509 1023 1579 ille
1045 1511 1261 1579 quidem
1293 1527 1413 1566 cum
1440 1513 1828 1581 imperatorum
1861 1530 2081 1567 suorum

2186 1509 2416 1563 ἀκοῦσαι
2442 1527 2454 1539 ·
2493 1529 2512 1561 ι
2553 1510 2788 1572 Ἐκεῖνος
2810 1509 2906 1579 μὲν
2926 1504 3017 1560 οὖν
3050 1507 3158 1576 (87)
3192 1507 3298 1559 τῶν
3327 1506 3434 1577 πρὸ
3462 1504 3625 1558 αύτοῦ
3670 1504 3766 1574 βα-

518 1600 748 1653 alterum
777 1600 1127 1670 prodidisset,
1163 1602 1317 1656 alteri
1351 1603 1548 1658 bellum
1608 1604 1899 1665 intulisset,
1932 1603 2081 1658 brevi

2191 1601 2381 1654 σιλέων
2428 1601 2517 1656 τὸν
2555 1602 2653 1672 μὲν
2686 1601 3006 1672 προέμενος,
3049 1599 3125 1670 τῷ
3152 1599 3208 1652 δὲ
3236 1598 3577 1669 ἐπιθέμενος,
3623 1612 3767 1664 παγ-

518 1691 933 1746 cum'universa
984 1691 1184 1746 familia
1246 1695 1493 1763 stirpitus
1522 1695 1752 1750 interiit.
1807 1694 2085 1751 Gallienus

2188 1693 2321 1762 γενῆ
2342 1693 2550 1763 ταχέως
2569 1694 2663 1746 καὶ
2691 1691 2983 1763 πρόρριζος
3005 1689 3335 1761 ἐξηφανίσθη
3354 1707 3368 1718 ·
3401 1687 3679 1759 ἀνεδείχθη
3711 1688 3768 1742 δὲ

514 1794 647 1835 vero
675 1781 1018 1835 renuntiatus
1041 1792 1095 1836 et
1131 1786 1400 1837 communi
1426 1785 1665 1839 omnium
1700 1800 1964 1840 consensu
1990 1802 2084 1854 ap-

2188 1786 2281 1839 καὶ
2331 1783 2811 1854 σύνανωμολογὴθη
2843 1782 2995 1853 παρὰ
3022 1783 3239 1836 πάντων
3267 1784 3295 1834 6
3325 1780 3632 1851 Γαλλιηνὸς,
3662 1798 3769 1834 πα-

516 1871 774 1940 probatus
833 1883 962 1929 est:
1016 1886 1173 1931 vetus
1221 1875 1384 1929 simul
1435 1878 1731 1946 imperator
1787 1892 1851 1931 ac
1882 1891 2080 1941 novus,
2118 1862 2160 1915 Β

2118 1862 2160 1915 Β
2187 1878 2334 1940 λαιός
2393 1876 2505 1947 ἅμα
2556 1875 2805 1946 βασιλεὺς
2844 1875 2940 1928 καὶ
2971 1874 3109 1936 νέος,
3146 1873 3361 1944 πρῶτος
3401 1871 3475 1924 ὣν
3517 1874 3609 1924 καὶ
3649 1874 3766 1943 μετ’

515 1962 669 2030 prior
701 1962 828 2030 illis,
879 1980 943 2019 ac
996 1976 1115 2034 post
1165 1965 1286 2020 illos
1308 1967 1468 2020 etiam
1499 1975 1808 2035 superstes:
1848 1966 2002 2036 juxta
2030 1966 2083 2019 id

2189 1970 2429 2031 ἐκείνους
2460 1967 2669 2040 παρών.
2705 1966 2861 2020 Κατὰ
2901 1966 3011 2037 γὰρ
3041 1966 3101 2018 τὸ
3133 1965 3295 2036 ῥηθὲν
3341 1965 3476 2036 πρὸς
3513 1966 3602 2018 τὸν
3632 1982 3765 2036 προ-

512 2054 653 2123 quod
680 2054 878 2109 dictum
904 2065 988 2111 est
1024 2055 1173 2112 Isaiae
1208 2058 1482 2126 prapbetac
1511 2072 1526 2109 :
1557 2076 1577 2110 ι
1609 2057 1738 2124 Qua
1765 2075 1792 2111 a
1821 2059 2083 2128 principio

2188 2061 2364 2129 φήτην
2391 2060 2632 2113 Ἡσαΐαν·
2657 2079 2673 2109 t
2700 2058 2779 2111 Τὰ
2806 2059 2899 2111 ἀπ’
2930 2058 3101 2128 ἀρχῆς
3133 2057 3238 2111 ἰδοὺ
3268 2057 3453 2127 ἤκασι,
3485 2056 3579 2110 καὶ
3608 2055 3768 2110 καινὰ

512 2143 663 2200 fuere
695 2160 821 2201 ecce
847 2158 1137 2214 venerunt,
1171 2161 1223 2204 et
1250 2165 1387 2203 nova
1407 2160 1535 2204 sunt
1567 2165 1686 2219 qua:
1715 2166 1860 2203 nunc
1894 2155 2081 2205 Orien-

2188 2151 2332 2205 ἃνῦν
2362 2152 2624 2205 ἁνατελεῖ.
2641 2171 2659 2205 ι
2695 2153 2902 2222 ’Ὠσπερ
2920 2149 3027 2221 γὰρ
3049 2150 3206 2217 νέφος
3226 2150 3323 2209 τὰς
3353 2149 3583 2218 ἡλιακὰς
3611 2150 3763 2201 ἀκτῖ-

511 2244 619 2292 tur.
663 2256 682 2289 ι
712 2237 845 2293 Nam
873 2242 1327 2308 quemadmodum
1361 2244 1533 2298 nubes
1576 2243 1705 2297 solis
1742 2242 1924 2297 radios
1957 2242 2082 2297 sub-

2188 2260 2284 2305 νας
2312 2242 2620 2313 ὑποδραμὸν
2659 2242 2751 2294 καὶ
2781 2240 2917 2311 πρὸς
2945 2239 3122 2306 ὀλίγον
3170 2237 3522 2307 ἐπηλυγάσαν
3541 2278 3553 2294 .
3579 2236 3764 2289 ἐσκία-

505 2329 659 2395 ,ἰριιε,
691 2331 810 2401 ejus
863 2333 1201 2402 splendorem
1232 2335 1383 2389 brevi
1417 2344 1658 2404 tempore
1688 2337 1966 2401 obscurat,
1995 2335 2085 2390 iu-

2189 2351 2279 2387 σεν
2308 2334 2467 2386 αὐτὸν
2496 2333 2589 2386 καὶ
2610 2333 2720 2385 ἀντ’
2743 2331 2904 2384 αὐτοῦ
2927 2330 3227 2402 προεφάνη,
3260 2325 3377 2381 εἶτα
3406 2327 3764 2399 παρελθόντος

509 2433 617 2487 que
645 2419 763 2487 ejus
811 2420 988 2476 locum
1020 2424 1312 2477 substituta
1367 2423 1738 2490 conspicitur:
1799 2440 1860 2478 ea
1891 2425 2083 2479 deinde

2188 2425 2221 2496 ἢ
2251 2425 2595 2488 διατακέντος
2621 2422 2715 2476 τοῦ
2758 2424 2973 2490 νέφους,
3006 2421 3238 2491 ἐξεφάνη
3284 2419 3444 2473 πάλιν
3476 2419 3760 2473 ἐπανατεί-

510 2518 898 2582 praetergressa
950 2522 1043 2567 aut
1097 2512 1410 2582 liquefacta,
1460 2513 1545 2569 sol
1595 2515 1687 2583 qui
1716 2525 1876 2569 antea
1930 2525 2082 2569 ortus

2186 2516 2285 2580 λας
2312 2519 2341 2570 6
2368 2517 2517 2587 ἥλιος
2542 2519 2571 2569 6
2607 2513 3014 2586 προανατείλας,
3039 2511 3180 2565 οὕτω
3204 2511 3444 2583 προστὰς
3469 2512 3562 2564 καὶ¹
3591 2527 3760 2582 προσ-

512 2598 709 2667 fuerat,
758 2618 975 2657 rursum
1025 2605 1180 2673 quasi
1234 2620 1405 2660 novus
1451 2607 1652 2660 exoriri
1709 2607 1922 2660 videtur
1956 2623 1970 2659 :
2007 2606 2079 2659 ita

2187 2608 2425 2670 πελάσας
2466 2607 2575 2677 (88)
2632 2606 2820 2658 ἑαυτὸν
2874 2608 2901 2658 ὁ
2938 2604 3250 2675 Μακριανδς
3308 2606 3407 2673 τῆς
3450 2601 3761 2672 ἐφεστώσης

509 2690 820 2747 Macrianus
881 2693 973 2761 qui
1028 2693 1266 2763 seipsum
1315 2705 1685 2763 praeposuerat
1717 2706 1771 2748 et
1811 2696 1875 2747 ad
1905 2696 2081 2763 ipsum

2186 2700 2477 2771 Γαλλιηνοῦ
2514 2699 2805 2769 βασιλείας,
2838 2700 2864 2750 6
2896 2699 2993 2767 μὲν
3020 2698 3120 2749 οὐκ
3150 2696 3316 2759 ἔστιν,
3347 2696 3474 2748 ἐπεὶ
3507 2694 3641 2765 μηδὲ
3669 2690 3760 2765 ἦν·

508 2781 739 2837 Gallieni
767 2783 1048 2851 imperium
1080 2784 1327 2853 proxime
1358 2786 1697 2850 admoverat;
1723 2786 1838 2852 ipse
1864 2787 2080 2855 quidem

2185 2792 2215 2843 6
2239 2791 2295 2844 δέ
2322 2794 2469 2845 ἐστιν
2491 2791 2691 2861 ὁμοίως
2715 2790 2901 2860 ὥσπερ
2925 2785 3011 2861 ἦν.
3056 2788 3166 2842 Καὶ
3208 2782 3317 2839 οἷον
3352 2785 3662 2856 ἀποθεμένη
3701 2784 3765 2839 τὸ

507 2875 615 2941 iam
650 2886 885 2940 nonest,
934 2877 1131 2944 quippe
1155 2878 1247 2947 qui
1286 2893 1387 2932 nec
1427 2888 1587 2932 antea
1610 2886 1764 2932 erat;
1801 2877 2080 2931 Gallienus

2185 2883 2360 2953 γῆρας
2384 2885 2416 2952 ἡ
2444 2882 2712 2952 βασιλεία,
2746 2882 2841 2933 καὶ
2871 2880 2968 2950 τὴν
2996 2879 3268 2950 προοῦσαν
3302 2875 3762 2948 ἀνακαθηραμένη

508 2974 639 3016 vero
663 2962 744 3016 sui
771 2962 968 3017 similis
997 2964 1248 3033 idemque
1276 2966 1370 3034 qui
1401 2967 1552 3036 prius
1599 2976 1802 3021 manet.
1836 2966 1956 3037 Ipse
1985 2969 2081 3022 de-

2185 2974 2403 3038 κακίαν,
2448 2973 2808 3044 ἀκμαιότερον
2856 2972 2951 3024 νῦν
2994 2970 3230 3035 ἐπανθεῖ,
3278 2971 3373 3023 καὶ
3417 2968 3762 3041 πορῤὡτερεν

508 3053 673 3123 nique
699 3054 1059 3124 principatus,
1086 3057 1233 3111 velut
1254 3068 1532 3112 senectute
1556 3059 1828 3127 deposita,
1879 3070 1934 3113 et
1966 3061 2079 3128 pri-

2184 3069 2377 3138 ὁρᾶται
2427 3066 2522 3120 κα)⁵
2548 3064 2826 3124 ἀκούεται,
2864 3065 2955 3117 καὶ
2978 3063 3229 3134 διαφοιτᾷ
3254 3061 3547 3133 πανταχοῦ.
3586 3079 3604 3112 ›
3647 3048 3772 3114 Εἶθ’

507 3144 666 3198 stinze
718 3143 1084 3213 improbitatis
1138 3148 1390 3203 sordibus
1427 3158 1776 3218 repurgatus.
1818 3164 1962 3203 nunc
1986 3148 2080 3204 [ιο-
2110 3210 2149 3227 Λ

2110 3210 2149 3227 Λ
2186 3155 2314 3227 ὲξῆς
2350 3157 2446 3209 καὶ
2490 3154 2581 3207 τὸν
2623 3152 2811 3225 χρόνον
2849 3151 2968 3206 καθ’
3000 3151 3057 3203 ὃν
3091 3151 3237 3203 ταῦτ’
3263 3150 3486 3223 ἔγραψε,
3529 3149 3616 3203 διὰ
3641 3147 3764 3203 τού-

507 3236 718 3291 rentius
750 3210 894 3306 viget
922 3255 936 3291 :
972 3247 1029 3291 et
1059 3237 1270 3307 longius
1298 3210 1542 3292 cernitur
1568 3210 1731 3307 atque
1757 3210 1995 3303 auditur,
2026 3247 2079 3291 et
2108 3210 2150 3268 (ἶ

2108 3210 2150 3268 C
2183 3210 2567 3317 των-σημαίνει
2586 3263 2599 3275 ι
2624 3210 2789 3298 ΤΚαί
2817 3261 2904 3315 μοι
2927 3243 3086 3297 πάλιν
3112 3241 3211 3305 τὰς
3231 3210 3444 3314 ἡμέρας
3475 3210 3582 3294 τῶν
3613 3240 3763 3309 βασι-

505 3340 836 3396 quocunque
864 3327 1201 3383 tlillunditnr.
1238 3348 1257 3381 ι
1296 3329 1496 3384 Deinde
1525 3339 1741 3397 tempus
1773 3328 1944 3397 ipsum
1970 3344 2078 3399 quo

2186 3334 2351 3389 λικῶν
2371 3335 2507 3388 ἐτῶν
2524 3334 2700 3387 ἔπεισι
2716 3336 2958 3387 σκοπεῖν.
2988 3332 3127 3404 Ὀρῶ
3143 3332 3251 3404 γὰρ
3274 3333 3349 3394 ὡς
3372 3330 3762 3401 ὀνομασθέντες

506 3418 621 3473 haec
652 3420 950 3484 scribebat,
979 3421 1224 3490 designat
1256 3423 1342 3476 his
1371 3421 1550 3476 verbis
1576 3439 1590 3475 :
1632 3439 1651 3472 ι
1687 3422 1764 3476 Ac
1793 3421 1924 3476 mihi
1958 3436 2079 3475 rur-

2189 3425 2286 3495 μὲν
2316 3425 2366 3477 οἱ
2398 3424 2769 3486 ἀσεϐέστατοι,
2822 3424 2937 3493 μετ’
2965 3423 3027 3475 οὐ
3073 3422 3209 3476 πολὺ
3238 3421 3524 3491 γεγόνασιν
3559 3419 3762 3473 ἀνώνυ-

504 3524 599 3565 sus
649 3512 998 3582 imperatoris
1042 3516 1228 3569 nostri
1277 3529 1452 3568 annos
1498 3513 1853 3581 contemplari
1910 3514 2075 3568 subit.

2188 3531 2314 3585 μοι·
2355 3516 2383 3568 6
2410 3514 2465 3567 δὲ
2490 3513 2778 3586 ὁσιώτερος
2818 3515 2910 3567 καὶ
2950 3513 3339 3584 φιλοθεώτερος
3383 3511 3628 3583 ὑπερϐὰς
3663 3510 3760 3581 τὴν

507 3598 676 3658 Video
713 3604 860 3658 enim
913 3604 1268 3674 impiissimos
1330 3607 1451 3662 illos
1497 3606 1589 3674 qui
1646 3606 1785 3661 adeo
1836 3605 2082 3661 celebres

2186 3606 2565 3678 ἐπταετηρίδα,
2596 3606 2690 3658 νῦν
2716 3604 2960 3659 ἐνιαυτὸν
2988 3604 3172 3659 ἔνατον
3195 3604 3418 3669 διανύει,
3444 3605 3502 3656 ὲν
3528 3598 3573 3671 ᾧ
3599 3604 3764 3674 ⁴Ιίγμεῐς

509 3696 637 3750 olim
672 3698 1017 3762 exstiterunt,
1060 3699 1209 3752 brevi
1256 3709 1440 3767 postea
1477 3698 1897 3754 obscurissimos
1941 3712 2073 3751 eva-

940 3705 1017 3762 nt,
1060 3699 1209 3752 brevi
1256 3709 1440 3767 postea
1477 3698 1897 3754 obscurissimos
1941 3712 2073 3751 eva-
2181 3700 2545 3769 ἑορτάσωμεν.
2587 3717 2604 3748 ι

508 3789 671 3841 sisse.
726 3786 1189 3855 Religiosissitnus
1232 3804 1366 3843 vero
1399 3791 1599 3858 Deique
1648 3788 2050 3843 amantissimus
2112 3789 2410 3856 imperator
2466 3788 2836 3857 septennalem
2878 3787 3140 3843 circulum
3178 3786 3290 3857 jam
3334 3800 3605 3851 emensus,
3667 3803 3763 3840 no-

509 3898 641 3936 num
672 3881 884 3949 imperii
909 3896 1110 3935 annum
1143 3881 1311 3951 degit,
1332 3897 1438 3951 quo
1467 3897 1565 3936 nos
1591 3880 1728 3936 festa
1754 3880 2083 3938 celebraturi
2117 3893 2322 3933 sumus.
2365 3898 2385 3930 ι

1067 3976 1297 4032 CAPUT
1327 3975 1514 4032 XXIV.
2688 3976 2733 4028 Κ

2688 3974 3086 4028 ΚΕΦᾹΛΛΙΟΝ
3124 3976 3248 4028 ΚΔ’.

862 4066 937 4121 De
965 4064 1165 4138 Nepote
1193 4077 1240 4121 et
1280 4070 1395 4136 ejus
1428 4068 1727 4121 schismate.
2259 4066 2397 4133 Περὶ
2430 4066 2528 4119 Νέε

2259 4066 2397 4133 Περὶ
2430 4066 2703 4133 Νέπωτος
2736 4066 2961 4120 καὶτοῦ
2991 4067 3116 4119 κατ’
3141 4064 3327 4119 αὑτὸν
3352 4065 3686 4134 σχίσματος

2694 4136 2834 4205 (Nic.
2865 4135 2937 4190 Η.
3065 4151 3136 4199 vt,
3167 4136 3276 4205 21).

587 4222 665 4278 Ad
697 4223 812 4277 haec
838 4223 975 4276 duos
991 4219 1156 4276 libros
1183 4219 1255 4274 De
1276 4221 1710 4289 pranu‘rsionibus
1752 4224 2077 4289 composuit.

2694 4137 2834 4206 (Nic.
2865 4137 2937 4190 Η.
3065 4151 3136 4199 vt,
3167 4137 3276 4205 21).

2266 4227 2388 4281 Ἐπὶ
2414 4227 2621 4291 τούτοις
2650 4228 2820 4281 ἅπασι
2849 4224 3203 4291 σπουδάζεται
3232 4225 3379 4296 αύτῷ
3411 4225 3506 4279 καὶ
3532 4226 3601 4279 τὰ
3623 4226 3764 4294 Περὶ

511 4313 737 4369 Causam
793 4312 1066 4369 scribendi
1100 4312 1328 4382 praebuit
1379 4310 1559 4379 Nepos
1587 4312 1832 4380 quidam,
1859 4313 2077 4382 episco-

2183 4317 2553 4389 ἐπαγγελιῶν
2596 4318 2691 4372 δύο
2720 4320 3143 4390 συγγράμματα.
3177 4319 3241 4371 Ἠ
3263 4318 3305 4371 δ’
3331 4318 3586 4381 ὑπόθεσις
3614 4316 3764 4388 αὐτῷ

503 4423 604 4477 pus
626 4405 874 4477 Egypti,
911 4404 1005 4474 qui
1064 4404 1454 4473 promissiones
1517 4404 1726 4458 sanctis
1771 4405 2080 4459 hominibus

2185 4411 2382 4473 Νέπως
2407 4406 2475 4481 ἦν
2504 4410 2802 4474 ἐπίσκοπος
2831 4411 2937 4464 τῶν
2962 4412 3084 4464 κατ’
3108 4411 3402 4479 Αἴγυπτον,
3459 4407 3762 4462 Ἰουδαῖκώ-

504 4501 681 4555 factas
713 4502 765 4554 in
790 4499 990 4555 divinis
1036 4495 1671 4560 voluminibus,Judaico
1719 4511 1882 4552 sensu
1925 4498 2081 4551 exhi-

2185 4518 2340 4573 τερον
2379 4504 2478 4566 τὰς
2523 4502 2941 4574 ἐπηγγελμένας
2988 4506 3100 4567 τοῖς
3145 4503 3321 4570 ἁγίοις
3362 4504 3418 4555 ὲν
3446 4505 3565 4566 ταῖς
3590 4500 3761 4565 θείαις

504 4592 711 4647 bendas
743 4593 993 4655 docebat,
1019 4603 1075 4645 et
1101 4593 1285 4648 nescio
1327 4594 1472 4661 quod
1501 4592 1648 4647 mille
1670 4606 1937 4645 annorum
1958 4606 2081 4659 spa-

2186 4595 2226 4647 Γ
2230 4597 2428 4665 ραφαῖς
2474 4595 2803 4663 ἐπαγγελίας
2844 4593 3272 4662 ἀποδοθήσεσθαι
3325 4594 3621 4659 διδάσκων,
3668 4594 3763 4647 καί

506 4685 640 4738 tium
684 4686 1060 4752 corporalibus
1094 4685 1351 4739 refertum
1405 4683 1619 4737 deliciis
1679 4681 1733 4735 in
1781 4682 1884 4736 hac
1933 4692 2077 4736 terra

2183 4704 2303 4740 τινα
2334 4686 2547 4757 χιλιάδα
2574 4687 2711 4739 ἐτῶν
2745 4686 2956 4756 τρυᾳῆς
2990 4686 3304 4756 σωματικῆς
3336 4686 3427 4738 ἐπὶ
3452 4688 3551 4756 τῆς
3594 4683 3764 4756 ξηρᾶς

502 4773 620 4829 fore
673 4776 832 4845 271
874 4775 1204 4832 afﬁrmabat.
1239 4777 1482 4846 Cumque
1531 4790 1599 4830 ex
1648 4773 1880 4829 Joannis
1913 4773 2081 4829 Reve—

2182 4776 2383 4846 ταύτης
2412 4776 2627 4830 ἔσεσθαι
2673 4778 3078 4847 ὑποτιθέμενος.
3123 4777 3290 4842 Δόξας
3331 4775 3463 4845 γοῦν
3501 4768 3656 4840 οὗτος
3697 4777 3763 4831 ὲκ

501 4866 703 4924 latione
758 4870 1065 4940 Opinionem
1119 4887 1276 4927 suam
1331 4870 1579 4926 stabilire
1618 4881 1677 4924 se
1706 4882 1865 4938 posse
1886 4867 2079 4923 existi-

2182 4868 2278 4940 τῆς
2333 4866 2750 4936 Ἀποκαλύψεως
2809 4867 3055 4921 Ἰωάννου
3117 4866 3215 4938 τὴν
3281 4866 3419 4919 ἰδίαν
3473 4865 3760 4939 κρατύνειν

577 5014 691 5087 (87)
756 5015 1016 5083 Ἐκεῖνος
1051 5015 1167 5085 μὲν
1193 5013 1326 5072 οὗν.
1353 5016 1522 5071 Recte
1549 5015 2075 5087 Christopltorsonus
2106 5019 2150 5073 D

2106 5019 2150 5073 D
2251 5013 2363 5087 (8_8)
2395 5013 2860 5087 Προσπελάσας.
2897 5015 3071 5087 Sicin
3110 5015 3291 5087 tribus,
3308 5013 3516 5087 nostris
3548 5014 3761 5087 codici-

507 5083 838 5145 Ma'cri'anum
873 5087 959 5141 hic
1020 5083 1240 5154 intelligi
1289 5087 1692 5149 mtimadvertit,
1746 5083 1903 5152 cujus
1948 5100 2073 5154 pro—
2180 5087 2283 5140 bus
2308 5085 2507 5153 legitur
2533 5086 2730 5153 quibus
2760 5086 3032 5140 consentit
3059 5087 3223 5138 etiam
3258 5086 3615 5151 Nicepliorus.
3646 5083 3755 5137 Nec

499 5158 706 5214 ditione
740 5156 1063 5211 Valerianus
1098 5158 1148 5211 in
1181 5153 1471 5211 Persarum
1530 5164 1852 5225 potestatem
1902 5153 2071 5209 venit.
2182 5155 2377 5225 dubito,
2417 5154 2550 5225 quin
2608 5156 2954 5209 scribendum
3004 5156 3167 5210 etiam
3198 5155 3269 5208 sit
3294 5153 3593 5225 προσστὰς,
3627 5170 3749 5208 cum

502 5228 851 5283 Valerianum
883 5237 1034 5280 certe
1064 5228 1260 5282 ducum
1292 5224 1601 5296 proditione
1651 5226 1706 5281 in
1730 5227 1885 5296 illam
1918 5225 2071 5296 cala—
2183 5224 2382 5296 duplici
2409 5224 2614 5296 _sigma.
2662 5225 3022 5296 scribendum
3071 5240 3285 5296 quoque
3322 5224 3405 5296 est
3438 5227 3467 5277 6
3499 5225 3755 5293 Μακρια-

502 5302 753 5354 mitalem
790 5296 1068 5364 incidisse,
1096 5293 1370 5352 testantur
1397 5296 1655 5351 Aurelius
1701 5294 1908 5358 Victor,
1933 5294 2071 5364 Syn-
2180 5295 2289 5357 νός,
2324 5303 2382 5348 ιιι
2407 5293 2683 5364 legituriti
2717 5294 2832 5348 Μαι
2866 5335 2882 5360 ,
2914 5294 3056 5349 Med.
3087 5310 3149 5348 ac
3175 5293 3310 5349 Fuk.
3344 5295 3546 5349 Idcirco
3574 5305 3754 5347 autem

494 5370 669 5424 celius
710 5378 766 5422 et
798 5366 911 5420 alii.
941 5362 1110 5422 Porro
1150 5368 1269 5421 haec
1298 5366 1540 5437 Dionysii
1585 5367 1748 5437 verba
1791 5362 2072 5435 jungenda
2184 5364 2471 5437 Dionysius
2503 5365 2569 5418 de
2592 5362 2853 5437 Macriani
2883 5365 3110 5434 imperio
3139 5364 3399 5437 loquitur,
3438 5364 3582 5437 quod
3627 5379 3755 5417 eum

492 5448 617 5492 sunt
648 5454 777 5493 cum
814 5437 920 5491 illis
952 5453 1073 5506 quae
1103 5452 1267 5506 supra
1305 5433 1489 5490 retulit
1518 5433 1862 5491 Eusebius‘in
1891 5433 2013 5506 cap.
2039 5451 2072 5488 κ
2183 5433 2573 5506 imperatorem
2606 5433 2877 5504 [Egyptus
2909 5433 3032 5489 cum
3064 5436 3316 5490 universo
3356 5434 3581 5506 Qriente
3607 5446 3758 5506 _sus-

492 5511 653 5577 hujus
686 5509 831 5564 libri.
869 5502 1010 5561 Sunt
1034 5502 1187 5563 enini
1214 5522 1279 5560 ex
1312 5509 1501 5561 eadem
1538 5507 1785 5577 Dionysii
1837 5505 1904 5559 ad
1936 5505 2074 5558 Iler-
2184 5514 2425 5577 ceperat.
2452 5504 2625 5577 Docet
2657 5502 2982 5577 id‘vetustus
3016 5520 3269 5560 nummus
3298 5519 3327 5557 a
3362 5503 3572 5577 Joanne
3605 5502 3757 5577 Tris-

493 5572 861 5634 niammonem
896 5577 1159 5648 Epistula.
1191 5578 1269 5631 Ac
1305 5592 1374 5648 ne
1406 5593 1567 5630 unum
1600 5572 1817 5644 quidem
1849 5577 2071 5648 verbum
2186 5572 2312 5648 iano
2433 5575 2494 5629 Ο.
2524 5576 2746 5648 editus.
2770 5576 2860 5648 (in
2885 5574 3049 5648 cujus
3068 5578 3291 5648 adversa
3324 5572 3758 5648 pergliscit};

494 5649 636 5702 inter
675 5650 791 5704 brec
824 5640 1267 5719 duo'l'ragntenta
1330 5640 1672 5719 interjectum
1704 5646 1976 5719 eratised
2014 5646 2070 5719 in

2067 5671 2070 5696 ι
2184 5645 2343 5719 betur
2371 5645 2652 5712 inscriptio
3094 5645 3295 5719 beYA.
3327 5640 3733 5700 ΜΑΚΡΙΔΝΟΣ

492 5733 612 5840 θεὸν.
642 5719 676 5842 tl
693 5719 886 5843 ἒυῇιιῧ
924 5714 1076 5789 libri,
1122 5714 1485 5790 fragmentum
1532 5716 1774 5787 ejusdem
1821 5715 2073 5786 Epistula:
2186 5715 2242 5770 III
2272 5715 2442 5771 altera
2471 5727 2626 5785 parte
2652 5714 3146 5771 AAEEANAPEIA.

500 5806 523 5837 't
572 5803 630 5843 er
739 5806 833 5843 use
874 5806 976 5843 Ius.

500 5790 661 5843 -ill'ert
693 5790 976 5845 Eusebius.
