4220 6448
471 337 577 390 695

1463 336 1816 394 llISTOi'tlJi
1856 339 2416 397 ECCLESlASTlCAS
2455 340 2586 398 LIB.
2629 340 2741 396 VII.

3625 343 3729 401 694

470 454 755 524 ὑπόληψιν,
781 451 1077 523 Ἔλεγχον
1101 453 1574 521 ἁλλητοριστῶν,
1603 454 1758 523 λόγον
1787 455 1908 509 τινὰ
1931 457 2057 526 περὶ
2091 463 2124 516 Α

2091 463 2124 516 Α
2163 468 2359 522 uiaret,
2414 459 2611 513 librum
2645 470 2807 527 quem
2856 457 2920 509 de
2951 454 3052 508 hac
3079 456 3376 524 quaestione
3409 471 3726 528 composne-

466 546 654 599 τούτου
700 546 964 612 συντάξας
1006 546 1304 616 ἐπέγραψε.
1338 546 1480 617 Πρὸς
1520 547 1577 600 ὃν
1622 549 1650 599 ὁ
1682 548 1954 612 Διονύσιος
1994 551 2052 601 ἐν

465 641 578 701 τοῖς
602 635 1126 708 Περὶέπαγγελιῶν
1153 638 1449 703 ἐνίσταται,
1481 640 1569 694 διὰ
1604 642 1701 710 μὲν
1731 641 1826 695 τοῦ
1860 642 2053 714 προτέ-

472 747 566 801 ρου
604 729 703 802 τὴν
753 729 920 785 αὐτοῦ
965 730 1190 802 γνώμην
1222 730 1287 801 ἣν
1337 727 1450 802 εἶχε
1493 732 1746 804 περὶτοῦ
1784 734 2052 805 δόγματος

467 820 919 891 παρατιθέμενος,
942 820 1028 873 διὰ
1055 819 1112 873 δὲ
1140 820 1232 873 τοῦ
1257 820 1509 893 δευτέρου
1540 820 1669 894 περὶ
1694 825 1792 893 τῆς
1827 825 2053 879 Ἀποκα-

466 912 677 983 λύψεως
734 914 980 967 ’ῐωάννου
1031 913 1439 984 διαλαμϐάνωνο
1478 914 1606 967 ἔνθα
1651 913 1744 968 τοῦ
1792 916 2051 980 Νέπωτος

467 1005 611 1059 κατὰ
653 987 763 1075 τὴν
792 1004 966 1076 ἀρχὴν
1019 1006 1428 1076 μνημονεύσας,
1475 1006 1649 1060 ταῦτα
1714 1008 1842 1078 περὶ
1887 1006 2049 1060 αὑτοῦ

467 1097 667 1169 γράφει
690 1115 702 1127 ·
736 1116 754 1149 ι
780 1098 928 1150 Ἐπεὶ
948 1096 1004 1151 δὲ
1039 1097 1325 1170 σύνταγμά
1353 1118 1404 1153 τι
1432 1098 1822 1171 προκομίξουσι
1853 1099 2050 1153 Νέπω-

467 1206 578 1253 τος,
614 1181 659 1258 ᾦ
690 1188 810 1241 λίαν
862 1189 1230 1260 ἐπερείδονται
1278 1190 1352 1255 ὡς
1389 1191 1796 1263 ἀναντιρρήτως
1834 1192 2049 1244 ἀποδει-

467 1281 656 1334 κνύντι
687 1280 795 1351 (89)
825 1280 921 1350 τὴν
962 1281 1057 1333 τοῦ
1087 1281 1319 1352 Χριστοῦ
1357 1282 1632 1352 βασιλείαν
1665 1283 1758 1337 ἐπὶ
1787 1284 1888 1354 γῆς
1932 1283 2050 1335 ἐσε-

468 1372 612 1432 σθαι,
644 1374 700 1425 ἐν
734 1372 916 1436 ἄλλοις
950 1373 1048 1443 μὲν
1088 1373 1302 1437 πολλοῖς
1341 1374 1677 1445 ἀποδέχομαι
1713 1376 1805 1429 καὶ
1849 1375 2049 1443 ἀγαπῶ

465 1461 718 1524 Νέπωτα,
750 1461 848 1531 τῆς
877 1479 933 1514 τε
963 1462 1196 1526 πίστεως
1225 1464 1320 1518 καὶ
1347 1465 1443 1535 τῆς
1466 1464 1797 1532 φιλοπονίας,
1828 1465 1921 1518 καὶ
1950 1465 2049 1534 τῆς

463 1556 522 1607 ἐν
551 1555 669 1616 ταῖς
697 1555 736 1605 Γ
744 1556 940 1625 ραφαῖς
968 1555 1268 1627 διατριϐῆς,
1299 1556 1393 1610 καὶ
1434 1557 1534 1626 τῆς
1576 1556 1776 1627 πολλῆς
1818 1555 2048 1627 ψαλμῳ-

463 1646 580 1710 δίας
607 1646 714 1717 (90)
819 1646 980 1717 μέχρι
1006 1646 1100 1699 νῦν
1128 1646 1311 1700 πολλώ¹
1343 1646 1448 1700 τῶν
1472 1647 1717 1717 ἀδελφῶν
1752 1647 2049 1719 εὐθυμοῦν-

460 1756 584 1802 ται,
613 1739 708 1792 καὶ
746 1738 887 1792 πάνυ
927 1740 992 1792 δι’
1037 1740 1217 1801 αἰδοῦς
1248 1739 1367 1809 ἄγω
1412 1740 1504 1793 τὸν
1547 1739 1830 1811 ἄνθρωπον
1876 1739 2045 1811 ταύτῃ

466 1830 664 1901 μᾶλλον
688 1871 703 1895 ,
822 1832 1271 1905 προανεπαύσατο
1301 1831 1432 1903 (91),
1468 1832 1604 1886 ἀλλά
1647 1834 1776 1904 φίλη
1813 1832 1922 1904 γάρ
1951 1833 2045 1886 καὶ

461 1923 850 1995 προτιμωτάτη
886 1923 1100 1977 πάντων
1128 1925 1159 1993 ή
1185 1922 1407 1995 ἀλήθεια
1425 1941 1437 1953 ·
1467 1926 1707 1979 ἐπαινεῖν
1733 1942 1791 1977 τε
1816 1925 1921 1996 χρὴ
1951 1926 2044 1978 καὶ

463 2018 729 2069 συναινεῖν
768 2016 1046 2086 ἀφθόνως,
1080 2015 1135 2069 εί
1172 2033 1224 2069 τι
1270 2017 1443 2088 ὀρθῶς
1494 2016 1733 2086 λέγοιτο,
1770 2017 2044 2083 ἐξετάζειν

462 2105 519 2158 δὲ
545 2107 637 2159 καὶ
661 2106 976 2172 διευθύνειν,
1007 2107 1123 2160 εἴτι
1152 2107 1225 2179 μὴ
1251 2109 1493 2176 φαίνοιτο
1514 2109 1680 2177 ὑγιῶς
1703 2110 2048 2180 ἀναγεγραμ-

467 2197 643 2266 μένον.
668 2198 778 2251 Καὶ
805 2198 941 2270 πρὸς
976 2199 1072 2268 μὲν
1107 2198 1349 2270 παρόντα
1376 2200 1469 2252 καὶ
1496 2198 1636 2269 ψιλῷ
1665 2198 1807 2270 λόγῳ
1839 2199 2045 2270 δογμα-

464 2287 675 2351 τίζοντα
715 2290 994 2361 αὐτάρκης
1018 2285 1085 2360 ἦν
1116 2289 1181 2343 ἂν
1207 2292 1239 2361 ὴ
1272 2290 1520 2361 ἄγραφος
1557 2291 1771 2362 ὁμιλία,
1804 2291 1870 2345 δι’
1901 2292 2044 2363 ἐρω-

458 2383 669 2451 τήσεως
701 2383 794 2436 καὶ
827 2382 1169 2452 ἀποκρίσεως
1203 2381 1463 2435 πείθουσα
1502 2381 1595 2435 καὶ
1632 2381 2042 2454 συμϐιϐάζουσα

457 2474 585 2535 τοὺς
616 2472 1176 2543 ἀντιδιατιθεμένους·
1221 2474 1436 2545 γραφῆς
1468 2471 1526 2525 δὲ
1569 2475 1927 2546 ὲκκειμένης,
1966 2475 2044 2540 ὼς

458 2561 606 2616 δοκεῖ
633 2580 777 2628 τισι,
810 2563 1221 2636 πιθανωτάτης,
1258 2564 1351 2618 καί
1397 2582 1558 2618 τινων
1590 2564 1921 2620 διδασκάλων
1950 2567 2041 2622 τὸν

461 2656 559 2725 μὲν
590 2656 753 2727 νόμον
799 2659 893 2710 καὶ
924 2658 1049 2721 τοὺς
1075 2657 1356 2729 προφήτας
1390 2657 1450 2710 τὸ
1482 2658 1646 2730 μηδὲν
1697 2658 2039 2729 ἡγουμένων,

460 2748 555 2801 καὶ
578 2748 639 2801 τὸ
678 2751 788 2812 τοῖς
818 2749 1169 2818 Εὐαγγελίοις
1205 2748 1432 2803 ἕπεσθαι
1461 2749 1772 2822 παρέντων,
1806 2751 1899 2804 καὶ
1942 2750 2042 2816 τὰς

457 2839 565 2894 τῶν
590 2840 898 2893 ἀποστόλων
937 2840 1252 2905 Ἐπιστολάς
1269 2841 1732 2911 ἐκφαυλισάντων,
1748 2842 1847 2914 τὴν
1870 2843 1927 2896 δὲ
1947 2842 2041 2896 τοῦ

460 2930 888 3000 συγγράμματος
916 2930 1105 2983 τούτου
1130 2929 1474 2984 διδασκαλίαν
1502 2929 1578 2993 ὡς
1605 2929 1746 3000 μέγα
1772 2931 1835 3001 δή
1865 2948 1916 2983 τι
1946 2930 2041 2984 καὶ

458 3021 836 3094 κεκρυμμένον
886 3023 1180 3093 μυστήριον
1243 3019 1832 3091 κατεπαγγελλομένων
1886 3018 2037 3091 (9‘2),

459 3114 552 3165 καὶ
580 3115 707 3178 τοὺς
731 3114 1131 3184 ἁπλουστέρους
1169 3113 1429 3181 ἀδελφοὺς
1458 3113 1615 3185 ἡμῶν
1645 3113 1798 3168 οὐδὲν
1825 3112 2039 3167 ἐώντων
2064 3141 2109 3200 C

460 3189 669 3275 ὑψηλὸν
688 3206 782 3259 καὶ
810 3205 1092 3277 μεγαλεῖον
1117 3208 1352 3275 φρονεῖν,
1382 3202 1506 3257 οὔτε
1541 3205 1671 3275 περὶ
1700 3204 1800 3274 τῆς
1826 3204 2037 3269 ἐνδόξου

459 3298 552 3350 καὶ
580 3296 796 3369 ἀληθῶς
820 3297 999 3350 ἐνθέου
1020 3295 1115 3349 τοῦ
1141 3297 1345 3369 Κυρίου
1368 3295 1525 3367 ἡμῶν
1551 3296 1889 3364 ἐπιφανείας,
1914 3296 2038 3350 οὔτε

456 3390 558 3456 τῆς
587 3386 861 3458 ἡμετέρας
905 3388 969 3439 ἐκ
1008 3386 1216 3457 νεκρῶν
1258 3386 1607 3447 ἀναστάσεως
1648 3384 1871 3455 καὶτῆς
1901 3385 2038 3456 πρὸς

460 3475 621 3531 αὑτὸν
646 3477 1060 3546 ἐπισυναγωγῆς
1100 3475 1192 3529 καὶ
1224 3475 1553 3545 ὁμοιώσεως,
1578 3475 1713 3531 ἀλλὰ
1746 3475 1917 3548 μικρά
1943 3477 2036 3531 καὶ

462 3568 653 3639 θνητὰ,
693 3570 789 3623 καὶ
810 3562 898 3622 οἷα
925 3568 995 3622 τὰ
1024 3568 1118 3621 νῦν
1141 3568 1381 3633 ἐλπίζειν
1407 3569 1804 3624 ἀναπειθόντων
1834 3571 1943 3638 (95)
1978 3573 2035 3625 ὲν

463 3664 528 3731 τῇ
556 3659 802 3731 βασιλεία
840 3660 934 3714 τοῦ
980 3659 1138 3723 Θεοῦ,
1173 3661 1465 3729 ἀναγκαῖον
1502 3662 1594 3714 καὶ
1621 3662 1767 3730 ἡμᾶς
1797 3661 1873 3725 ὡς
1897 3661 2034 3736 πρὸς

465 3750 707 3823 παρόντα
746 3749 836 3804 τὸν
878 3750 1104 3823 ἀδελφὸν
1148 3752 1305 3823 ἡμῶν
1343 3749 1686 3823 διαλεχθῆναι
1714 3752 1971 3808 Νέπωτα.
2011 3775 2032 3809 ι

538 3907 653 3980 (89)
703 3904 1160 3980 ᾉποδεικνόνει.
1215 3905 1310 3962 Sic
1357 3904 1409 3980 in
1437 3907 1627 3960 codice
1667 3906 1827 3980 Maz.,
1866 3908 2027 3980 Mem,

466 3977 600 4032 Fnk.
634 3975 686 4032 et
720 3975 888 4031 Savil.
935 3976 1194 4031 scribitur
1254 3975 1457 4030 rectius
1504 3992 1602 4045 pro
1639 3978 1781 4045 vulg.
1821 3979 2039 4033 ὑποδει-

466 4048 674 4103 κνύντι.
701 4047 868 4101 Porro
895 4061 1017 4100 cum
1042 4055 1254 4101 constet
1279 4059 1345 4100 ex
1370 4048 1475 4100 hoc
1503 4046 1644 4110 loco,
1680 4046 1880 4103 librum
1912 4049 2041 4105 Dio-

465 4113 605 4190 nysii
633 4113 979 4190 Alexandrini
1010 4115 1075 4169 de
1099 4116 1555 4190 promissionibus
1579 4123 1837 4190 scriptum
1868 4122 2033 4178 fuisse

465 4180 725 4237 adversus
766 4180 1024 4257 Nepotem
1064 4180 1387 4257 episcopum
1420 4180 1876 4257 [Egyptifmiror
1903 4190 2021 4246 Hie-

466 4267 753 4314 ronymum
782 4254 837 4305 in
870 4252 1184 4309 Prmfatioite
1216 4252 1335 4310 libri
1369 4252 2035 4314 xvqubmhzentariorum

466 4323 518 4374 in
549 4321 769 4383 Isaiam,
796 4321 1063 4378 allii-mare
1092 4340 1215 4379 eum
1256 4326 1447 4379 librum
1479 4329 1741 4384 adversus
1772 4328 2031 4384 Irenaeum

468 4391 887 4465 Lugdunensgm
937 4394 1248 4465 episcOpum
1302 4412 1331 4449 a
1377 4395 1636 4465 Dionysio
1687 4398 1857 4454 fuisse
1906 4416 2037 4454 con-

467 4462 748 4529 scriptum.
784 4460 910 4515 Fuit
949 4460 1165 4531 quidem
1209 4463 1443 4520 lrenzeus
1485 4460 1546 4521 es
1589 4483 1819 4524 numero
1846 4485 2033 4525 eorum

469 4514 1061 4607 quibregnutnphr'isti
1104 4534 1250 4607 mille
1281 4551 1548 4590 annorum
1574 4514 2036 4607 spatioin't'erris
2063 4514 2108 4574 θ

470 4599 720 4677 futuru_t_it_
741 4600 1109 4677 crediderunt,
1140 4605 1342 4677 quibus
1372 4608 1419 4659 id
1434 4599 1644 4677 APapia's
1669 4618 2034 4677 persuaserat,

469 4680 528 4723 ut
560 4670 749 4747 scribit
776 4671 915 4748 idem
941 4670 1302 4748 _l‘l_ieronymn_s
1332 4675 1383 4728 in
1415 4670 1744 4748 thologo'ct
1775 4678 2038 4734 Eusebius

472 4750 654 4818 noster
689 4740 740 4792 in
765 4742 893 4818 -linc
941 4741 1062 4794 libri
1106 4740 1186 4818 ui.
1232 4741 1430 4798 Verum
1471 4740 1709 4818 Dion'ysii
1746 4749 1882 4803 liber
1928 4763 2037 4818 non

472 4813 731 4863 adversus
765 4808 1023 4863 Irenaeum
1055 4815 1290 4882 scriptus
1335 4826 1469 4871 erat.
1508 4808 1893 4872 sed'adversus
1929 4817 2037 4873 Ne-

473 4888 676 4948 potem,
713 4886 771 4931 ut
802 4888 947 4946 patet
992 4889 1102 4932 tum
1153 4899 1217 4935 ex
1252 4884 1352 4937 hoc
1395 4885 1607 4940 Eusebii
1652 4887 1792 4948 loco.
1826 4899 1936 4941 tum
1960 4904 2037 4941 .ex

469 4946 590 5023 ipso
625 4946 953 5023 ilict-origine
984 4951 1033 5023 in
1068 4951 1204 5023 libro
1230 4951 1317 5023 De
1349 4956 1690 5023 scriptoribus
1717 4946 2035 5013 ecclesiasti-

465 5020 540 5069 cis
576 5018 679 5091 ubi
715 5016 781 5069 de
809 5016 1065 5091 Dionysio
1095 5021 1385 5091 loquitur,
1427 5084 1431 5091 _

534 5089 650 5159 (90)
695 5088 1075 5160 Ψαλμῳδίας.
1116 5088 1645 5160 ChristophOrsonus
1690 5092 1931 5160 psalmos
1977 5102 2033 5148 et

466 5161 698 5231 hymnos
738 5176 766 5212 a
796 5159 997 5226 Nepote
1047 5159 1381 5231 compositos
1421 5159 1834 5231 interpretatur.
1887 5161 2030 5218 Sane

468 5231 552 5283 hic
595 5228 697 5282 l'nit
726 5238 1111 5298 mosnveterum
1135 5228 1595 5295 Christianorum,
1625 5238 1685 5283 ut
1714 5233 1948 5298 psalmos
1973 5242 2028 5287 et

468 5301 700 5368 hymnos
747 5299 800 5368 in
854 5296 1115 5368 honorem
1150 5297 1356 5368 Christi
1408 5296 1818 5368 componerent.
1872 5302 2024 5367 Quod

467 5365 1015 5439 testatur_Ensebins
1050 5365 1103 5439 in
1128 5366 1253 5428 ,ﬁne
1292 5367 1388 5439 lib.
1415 5381 1487 5439 _v.
1512 5365 1617 5439 _*De
1668 5370 1752 5425 his
1805 5365 2025 5439 psalmis

467 5439 673 5492 mentio
706 5435 768 5490 ﬁt
800 5437 853 5490 in
890 5436 1120 5504 epistola
1157 5436 1371 5490 concilii
1397 5436 1727 5493 Antiocheni
1761 5435 2022 5496 adversus

466 5506 690 5561 Paulum
755 5505 1192 5569 Samosatenum,
1242 5516 1298 5562 et
1350 5506 1403 5560 in
1468 5521 1673 5561 canone

468 5577 684 5631 concilii
747 5576 1053 5646 Laodiceni.
1125 5574 1225 5631 Ubi
1283 5575 1486 5631 diserte
1544 5574 1892 5646 prohibetur,
1954 5596 2022 5634 ne

469 5646 663 5716 psalmi
693 5644 969 5710 ίδιωτικοί,
997 5646 1050 5699 id
1079 5654 1185 5710 est,
1208 5661 1237 5699 a
1269 5646 1497 5713 privatis
1528 5648 1840 5703 hominibus
1873 5644 2022 5704 com-

471 5718 653 5785 positi,
686 5718 737 5768 in
772 5717 1000 5769 ecclesia
1031 5716 1345 5769 recitentur.
1378 5716 1685 5770 lnvaluerat
1717 5719 1859 5772 enim
1908 5723 2020 5774 haec

473 5787 824 5856 consuetudo,
852 5796 910 5841 ut
945 5786 1097 5841 multi
1120 5788 1355 5856 psalmos
1403 5788 1458 5842 in
1512 5788 1772 5844 honorem
1814 5787 2015 5845 Christi

1726 5510 2023 5577 penultimo
2044 5527 2049 5533 '

2156 558 2260 611 t'nl,
2290 547 2714 618 Conlutationem
2753 546 3175 615 allegoristarum
3235 546 3534 616 inscripsit.
3574 549 3727 605 Hunc

2153 654 2282 701 ergo
2306 637 2598 709 Dionysius
2637 640 2689 692 in
2722 637 2875 693 libris
2925 637 3005 692 De
3059 639 3496 707 promissionibus
3527 641 3727 695 acriter

2154 731 2454 802 impugnat.
2486 730 2557 785 Et
2605 730 2658 784 in
2692 731 2870 800 priore
2907 729 3126 799 quidem
3189 729 3330 785 libro
3368 746 3522 785 suam
3559 732 3730 801 ipsius

2152 822 2478 878 Sententiam
2513 823 2580 877 de
2617 822 2716 876 hac
2744 822 3041 891 quaestione
3090 821 3364 892 proponit.
3398 822 3454 876 In
3486 825 3726 881 secundo

2151 925 2332 967 autem
2377 913 2520 968 libro
2567 914 2632 968 de
2657 914 2879 968 Joannis
2929 912 3287 968 Revelatione
3327 912 3632 984 diSputans,
3670 916 3723 970 in

2153 1007 2269 1072 ipso
2317 1006 2500 1060 statim
2540 1006 2763 1061 exordio
2813 1006 3034 1075 Nepotis
3089 1007 3417 1062 mentionem
3478 1004 3611 1062 facit
3641 1009 3727 1064 his

2151 1097 2372 1152 verbis:
2406 1116 2426 1150 ι
2466 1097 2572 1152 Sed
2614 1098 2869 1165 quoniam
2899 1097 3097 1152 librum
3131 1099 3418 1165 quemdam
3442 1096 3726 1167 proferunt

2152 1189 2392 1258 Nepotis,
2434 1204 2541 1260 quo
2576 1190 2828 1257 quidem"
2869 1203 3196 1258 magnopere
3245 1190 3512 1255 nituntur,
3568 1191 3724 1260 quasi

2151 1283 2202 1333 in
2262 1294 2325 1332 eo
2373 1277 2698 1332 certissimis
2755 1278 3093 1347 argumentis
3144 1280 3569 1335 demonstratum
3628 1280 3720 1349 sit,

2152 1385 2374 1439 regnum
2442 1367 2643 1423 Christi
2703 1367 2754 1420 in
2817 1368 2977 1421 terris
3036 1365 3402 1433 l‘uturnm;in
3474 1368 3725 1438 plurimis

2149 1464 2362 1533 quidem
2398 1460 2516 1516 aliis
2568 1460 2730 1513 rebus
2778 1459 2944 1513 laudo
2977 1458 3237 1528 Nepotem
3281 1476 3343 1516 ac
3378 1461 3563 1531 diligo,
3598 1477 3723 1516 cum

2149 1564 2368 1625 propter
2399 1554 2580 1617 tidem,
2609 1562 2718 1606 tum
2749 1553 2819 1607 ob
2848 1552 3184 1622 diligentiam
3216 1567 3270 1608 et
3303 1554 3541 1608 studium
3570 1554 3722 1609 Scri-

2149 1656 2431 1716 pturarum
2459 1661 2474 1709 ;
2511 1655 2787 1714 postremo
2819 1646 2888 1699 oh
2941 1644 3271 1713 psalmorum
3317 1656 3506 1699 cantus
3534 1645 3721 1699 multi-

2150 1736 2338 1806 plices.
2374 1736 2573 1806 quibus
2596 1735 2840 1806 pleriqne
2877 1750 2944 1789 ex
2983 1735 3240 1790 fratribus
3285 1735 3580 1789 etiamnum
3608 1751 3723 1788 ma-

2147 1841 2382 1894 guopere
2439 1824 2796 1879 delectantur.
2858 1824 3163 1894 Magnoque
3214 1828 3422 1878 honore
3472 1840 3535 1878 ac
3567 1839 3722 1878 reve-

2149 1918 2316 1971 rentia
2344 1917 2619 1971 hominem
2665 1930 2984 1986 prosequor,
3015 1916 3097 1970 vel
3144 1917 3213 1971 ob
3236 1916 3288 1970 id
3321 1916 3554 1970 maxime
3576 1914 3721 1984 quod

2145 2023 2210 2063 ex
2246 2009 2345 2062 hac
2372 2009 2481 2062 vita
2530 2007 2803 2076 migravit.
2833 2007 2939 2061 Sed
2989 2006 3274 2061 veritatem
3327 2008 3499 2077 magis
3530 2008 3718 2075 diligo,

2146 2100 2463 2169 cunctisque
2513 2097 2906 2169 praeferendam
2967 2113 3186 2153 censeo.
3253 2098 3464 2153 Etenim
3509 2113 3571 2152 ea
3598 2098 3719 2166 qui-

2146 2192 2264 2245 dem
2295 2206 2414 2261 quae
2460 2201 2606 2245 recte
2635 2191 2776 2246 dicta
2830 2198 2976 2257 sunt,
3012 2192 3215 2257 absque
3248 2190 3446 2246 invidia
3498 2190 3722 2244 laudare

2147 2301 2209 2339 ac
2241 2287 2470 2354 probare
2505 2283 2786 2338 debemus.
2820 2283 2875 2336 Si
2905 2282 3031 2352 quid
3095 2299 3225 2338 vero
3247 2284 3425 2339 secius
3455 2285 3717 2354 scriptum

2145 2385 2247 2440 est,
2288 2375 2340 2428 id
2379 2375 2680 2428 examinari
2709 2389 2738 2426 a
2774 2373 2930 2427 nobis
2954 2382 3009 2428 et
3038 2374 3237 2444 corrigi
3291 2374 3468 2430 decet.
3494 2373 3718 2442 Quodsi

2146 2464 2260 2533 ipse
2284 2479 2524 2532 praesens
2557 2465 2795 2530 adesset,
2827 2474 2879 2519 et
2908 2466 3218 2533 opinionem
3254 2480 3406 2521 suam
3441 2468 3559 2520 viva
3588 2483 3720 2522 voce

2145 2555 2550 2627 promulgaret,
2609 2558 2887 2611 sufﬁceret
2938 2561 3170 2613 fortasse
3224 2558 3451 2628 simplex
3512 2560 3719 2628 absque

2144 2652 2351 2717 scripto
2415 2648 2765 2720 colloquium,
2829 2668 2936 2723 quo
2965 2667 3061 2722 per
3130 2651 3595 2723 interrogationes
3652 2667 3720 2708 ac

2146 2745 2523 2814 responsiones
2570 2747 3022 2801 convincerentur
3063 2748 3362 2803 adversarii
3421 2756 3477 2803 et
3520 2747 3573 2802 in
3606 2747 3722 2816 pri-

2143 2837 2342 2891 stinam
2391 2838 2736 2893 concordiam
2790 2850 3200 2894 revocarentur.
3253 2839 3452 2896 Verum
3493 2855 3615 2895 cum
3663 2839 3715 2894 in

2144 2929 2415 2997 publicum
2442 2930 2621 2984 editus
2673 2930 2744 2983 sit
2777 2929 2934 2995 liber,
2973 2931 3127 2999 isque
3167 2939 3225 2985 ut
3264 2932 3535 2986 nonnullis
3559 2931 3710 2985 vide-

2146 3033 2232 3075 tur
2276 3020 2344 3075 ad
2385 3021 2815 3090 persuadendum
2847 3023 3164 3092 aptissimus
3196 3041 3208 3078 :
3243 3034 3297 3079 et
3345 3039 3469 3078 cum
3493 3022 3717 3092 quidam

2145 3116 2396 3171 doctores
2420 3115 2590 3185 legem
2615 3114 2834 3185 quidem
2886 3130 2952 3171 ac
2978 3117 3269 3186 prophetas
3298 3116 3452 3171 nihili
3489 3116 3716 3182 faciant,

2149 3205 2434 3276 Evangelia
2474 3205 2623 3274 sequi
2686 3204 2985 3275 negligant,
3045 3207 3416 3275 apostolorum
3446 3207 3718 3276 Epistolas

2144 3305 2517 3358 contemnant,
2557 3295 2716 3365 hujus
2749 3310 2879 3351 vero
2915 3296 3037 3351 libri
3064 3298 3366 3353 doctrinam
3410 3300 3564 3369 quasi
3601 3314 3720 3354 ma-

2145 3402 2309 3454 gnum
2340 3385 2557 3456 aliquod
2590 3394 2644 3441 et
2667 3400 2927 3440 arcanum
2974 3397 3382 3443 sacramentum
3413 3390 3714 3455 venditem,

2143 3487 2198 3532 et
2227 3477 2590 3547 simpliciores
2639 3478 2902 3544 quosdam
2955 3492 3024 3532 ex
3063 3478 3323 3533 fratribus
3350 3480 3552 3537 nostris
3576 3481 3716 3538 nihil

2143 3569 2377 3623 Sublime
2432 3578 2598 3639 atque
2632 3569 2999 3640 magniﬁcum,
3050 3588 3148 3627 nec
3192 3573 3259 3627 de
3289 3573 3525 3641 glorioso
3557 3589 3715 3644 pror-

2144 3674 2346 3725 siisqne
2379 3659 2565 3725 divino
2588 3661 2825 3717 adventu
2869 3663 3083 3718 Domini
3124 3666 3315 3731 nostri,
3372 3681 3473 3721 nec
3506 3667 3573 3722 de
3623 3682 3713 3722 re-

2142 3753 2479 3808 surrectione
2533 3767 2744 3821 nostra,
2803 3758 3085 3827 nostrique
3119 3760 3186 3813 ad
3211 3759 3489 3815 Christum
3518 3776 3713 3834 aggre-

2137 3922 2550 3986 componerent.
2586 3926 2791 3983 eosque
2820 3912 2875 3986 in
2914 3914 3145 3970 ecclesia
3190 3920 3406 3986 cantari
3442 3919 3709 3986 facerent,

2150 3991 2206 4035 ut
2237 3998 2305 4064 ex
2333 3982 2467 4064 locis
2505 3998 2665 4064 supra
2699 3982 2904 4064 notatis
2930 3996 3177 4052 apparet.
3211 3985 3549 4064 llujnsmodi
3580 3982 3711 4064 ergo

2148 4053 2387 4119 psalmos
2435 4053 2487 4106 in
2524 4052 2757 4107 ecclesia
2806 4055 3061 4119 deinceps
3107 4056 3230 4109 cani
3285 4052 3473 4113 vetant
3523 4052 3711 4119 Patr-Es

2143 4121 2359 4199 concilii
2390 4122 2768 4199 Laodicensis,
2791 4138 2945 4199 _quos
2970 4121 3283 4199 ibtwttxobg
3324 4129 3622 4199 appellant,
3653 4134 3708 4188 id

2142 4199 2246 4253 est,
2302 4191 2732 4267 ab_h_o_tninil_ins
2789 4191 3058 4267 imperitis
3110 4191 3463 4267 compositos,
3522 4191 3627 4257 non
3674 4218 3705 4257 a

2142 4261 2571 4336 sancto_Spiritu
2622 4261 2881 4318 dictatos.’
2913 4264 2985 4336 Ita
3019 4261 3258 4332 explicat
3303 4261 3620 4336 Agobardus
3651 4272 3708 4328 in

2138 4330 2281 4383 libro
2318 4329 2393 4400 De
2412 4329 2531 4384 ritu
2562 4335 2787 4384 canendi
2833 4335 3062 4400 psalmos
3089 4329 3147 4390 in
3179 4329 3419 4393 ecclesia.

2207 4400 2321 4484 (9-1)
2366 4396 2451 4484 τῃ
2473 4396 3244 4484 προανεξταύᾲατοπξηίηἰιιε·
3273 4406 3325 4484 i_n
3383 4406 3477 4464 lib.
3512 4424 3705 4476 xxvm,

2134 4483 2256 4538 cap.
2286 4470 2320 4524 2
2347 4488 2361 4525 :
2388 4470 2516 4532 Cur,
2550 4472 2750 4545 inquit,
2782 4472 2851 4524 ad
2878 4474 3191 4545 mentionem
3209 4475 3598 4545 defunctorum,
3629 4470 3709 4535 te;

2136 4548 2346 4593 stamur
2372 4543 2677 4593 memoriam
2712 4557 2893 4595 eorum
2932 4558 2965 4594 a
2999 4543 3145 4596 nobis
3171 4543 3281 4597 non
3301 4543 3600 4604 sollicitari.

2209 4609 2321 4680 (92)
2346 4611 3044 4688 Κατεπαγγξελλομένων,
3069 4615 3119 4666 id
3163 4622 3264 4674 est.
3292 4616 3384 4671 diu
3420 4627 3548 4671 ante
3578 4633 3707 4688 pro-

2137 4678 2360 4758 mittunt
2404 4695 2509 4747 qua
2562 4678 2826 4758 tradant.‘
2853 4681 3165 4758 Metaphora
3213 4692 3309 4758 est
3348 4702 3378 4739 a
3426 4678 3704 4758 mysteriis

2134 4746 2474 4819 Graecorum,
2505 4748 2599 4817 qui
2655 4765 2849 4817 magna
2881 4746 3125 4819 quaedam
3156 4760 3210 4806 et
3240 4746 3705 4814 miranda'lnitia-

2137 4817 2206 4869 lis
2252 4819 2684 4897 ριοιιιὶιιειιιιιιι,⁵
2722 4817 2923 4897 eosque
2965 4821 3219 4876 diuturna
3291 4829 3706 4897 exspectatione

2132 4888 2475 4967 cruciabam,
2511 4896 2567 4967 nt
2596 4888 2910 4967 opinionem
2954 4904 3020 4945 ac
3057 4888 3415 4967 reverentiam
3464 4912 3703 4967 suspen-

2131 4954 2222 5039 dio
2241 4957 2564 5039 cognitionis
2592 4954 2946 5039 aediﬁcarent,
2968 4963 3428 5039 quemadmodum
3462 4954 3707 5039 loquitur

2134 5022 2500 5080 Tertttlliantts
2528 5027 2579 5079 in
2613 5028 2707 5081 lib.
2742 5022 2939 5081 contra
2968 5022 3401 5092 Valentinianos.

2204 5094 2316 5172 (θὸ)
2338 5166 2349 5172 _
2368 5094 2681 5172 'EJJZL'CEW"
2694 5098 3158 5172 ἀναπειθόντων.
3193 5102 3365 5172 Hujus
3389 5108 3487 5163 loci
3516 5123 3705 5164 emen-

2130 5161 2758 5240 datio'dcbetnr__codici
2796 5168 3093 5240 Mazarino.
3122 5172 3174 5225 in
3203 5161 3309 5240 quo
3334 5161 3541 5234 diserte
3551 5161 3702 5234 scri-

2127 5240 2280 5306 ptum
2314 5235 2517 5306 inveni,
2548 5236 2660 5289 Kal.
2692 5233 2781 5291 οἷα
2810 5238 2879 5291 τὰ
2902 5238 2998 5294 νῦν
3029 5233 3266 5306 ἐλπίζεὶν
3300 5233 3704 5302 ἀναπειθόντων

2125 5301 2184 5387 ἐν
2210 5304 2276 5387 τῇ
2306 5304 2551 5387 βασιλείᾳ
2581 5306 2860 5387 τοῦ-θεοῦ,
2888 5301 3179 5387 quomodo
3197 5316 3360 5387 etiam
3409 5319 3601 5387 legitur
3639 5301 3699 5374 in

2125 5372 2316 5453 codice
2337 5372 2612 5453 Medicam,
2645 5372 2923 5453 nisiquod
2938 5380 3279 5453 ἐλπιζόμενα
3300 5372 3537 5450 ὲλπίζέιν
3565 5372 3703 5442 seri;

2124 5447 2274 5512 ptum
2336 5445 2591 5502 habetur.
2654 5446 2763 5500 Sed
2795 5445 3257 5508 'rectissima'eSt
3305 5445 3509 5511 codicis
3556 5456 3697 5512 Maz.

2122 5510 2308 5591 lectio,
2336 5529 2496 5591 quant
2532 5531 2637 5586 ego
2673 5519 3445 5591 priusquam“comperissem,
3494 5510 3703 5580 subauL

2123 5580 2382 5666 diendum
2412 5585 2510 5666 hic
2527 5580 2652 5666 esse
2673 5580 2687 5585 ’
2700 5587 2815 5666 ἀπὸ
2841 5580 3027 5666 κοινοῦ
3058 5580 3281 5666 verbum
3317 5580 3534 5666 φρονεῖν
3558 5602 3699 5666 Δ(ιιι-

2122 5652 2433 5724 stimabant.
2469 5652 2654 5710 Codici
2700 5655 2840 5713 Maz.
2889 5660 3239 5716 subscribunt
3279 5652 3435 5721 codd.
3476 5662 3613 5724 Fuk.
3642 5676 3698 5723 et

2120 5717 2497 5795 Savil.,vulg.,
2530 5725 2862 5798 ἐλπιζόμενα
2889 5729 3201 5783 πειθόντων.
