4220 6406
550 316 655 374 695

1259 316 1528 375 EUSEBII
1564 318 2035 378 CESARIENSIS
2066 321 2218 379 OPP.
2259 320 2441 377 PARS
2476 322 2519 377 Ι.
2558 351 2628 361 -
2663 318 3056 379 HISTORICA.

3697 315 3802 377 695

548 435 772 503 gatione
799 444 855 490 et
881 435 1272 492 assimilatione
1302 440 1507 494 sentire
1554 440 1867 509 patiantur;
1914 442 2009 496 sed
2041 442 2120 495 le-
2148 449 2194 505 Α

2148 449 2194 505 Α
2224 442 2445 506 Τούτοις
2493 440 2609 512 μεθ’
2654 441 2817 512 ἕτερα
2857 437 3106 509 ἐπιφέρει
3148 435 3359 506 λέγων’
3404 454 3423 487 ι
3469 435 3558 489 Ἐν
3586 436 3685 506 μὲν
3708 431 3802 488 οὖν

548 524 634 579 via
659 527 904 594 quaedam
963 543 1025 584 ac
1058 529 1324 590 mortalia.
1364 541 1418 584 et
1450 530 1631 600 qualia
1694 548 1836 586 nunc
1872 533 2121 589 homines

547 636 775 688 sperare
819 624 996 679 solent
1049 625 1101 678 in
1131 640 1298 696 regno
1322 626 1413 681 Dei
1436 628 1680 695 cogitare
1706 629 1975 694 jubeant;
2026 644 2120 684 ne-

546 726 702 766 cesse
762 723 847 767 est
893 723 953 766 ut
1006 714 1264 769 adversus
1326 717 1551 771 fratrem
1619 732 1799 770 meum
1858 717 2117 788 Nepotem

543 803 702 870 quasi
726 811 1073 871 praesentem,
1099 806 1517 875 disputationem
1579 807 1883 862 instituam.
1924 829 1942 861 ι
1979 809 2119 862 Pau-

542 892 623 946 cis
661 892 854 948 deinde
877 894 1350 963 interpositis,hzec
1366 896 1672 968 subiungit:
1713 918 1730 948 ι
1755 899 1888 953 Cum
1914 916 2113 961 essem.

539 984 743 1053 inquit,
797 985 853 1040 in
890 986 1211 1040 Arsinoitica
1257 988 1601 1055 praefectura.
1657 990 1710 1043 in
1741 1005 1845 1059 qua
1885 991 2114 1059 jampri-

539 1074 686 1143 dem,
729 1090 788 1130 ut
835 1078 1001 1143 nosti,
1035 1077 1197 1147 272
1254 1079 1559 1132 increbruit
1607 1080 1722 1135 haec
1753 1080 1957 1150 opinio,
1983 1086 2113 1135 adeo

538 1179 601 1226 ut
652 1169 944 1224 schismata
993 1178 1047 1224 et
1076 1170 1408 1236 integrarum
1454 1170 1820 1226 Ecclesiarum
1851 1173 2111 1228 defectio-

538 1276 638 1315 nes
688 1260 902 1326 llerent;
945 1261 1260 1316 convocatis
1312 1262 1643 1332 presbyteris
1676 1279 1739 1317 ac
1794 1266 2112 1320 doctoribus

538 1355 630 1423 qui
659 1367 755 1422 per
786 1352 1031 1422 singulos
1062 1353 1213 1407 vicos
1254 1351 1516 1408 fratribus
1544 1355 1936 1425 praedicabant,
1969 1374 2111 1429 prae-

537 1444 786 1498 sentibus
815 1443 942 1498 item
983 1441 1245 1497 fratribus
1287 1444 1379 1513 qui
1410 1445 1599 1498 adesse
1639 1446 1944 1513 voluerant,
1978 1448 2109 1502 bor-

536 1542 684 1590 tatus
734 1548 851 1588 sum
903 1533 1025 1588 illos
1064 1542 1121 1587 ut
1165 1547 1226 1587 ea
1259 1534 1503 1588 doctrina
1555 1536 1731 1603 palam
1767 1537 1818 1590 in
1847 1540 2107 1594 concione

535 1624 964 1678 examinaretur.
1002 1621 1245 1691 Cumque
1279 1624 1423 1678 hunc
1474 1624 1673 1678 librum
1705 1636 1961 1697 tanquam
1989 1644 2107 1684 scu-

537 1726 649 1768 tum
675 1716 943 1783 quoddam
972 1730 1295 1785 murumque
1336 1716 1810 1786 inexpugnabilem
1847 1721 1977 1775 mihi
2006 1738 2103 1791 op-

2222 534 2300 605 τῷ
2340 533 2680 606 Ἀρσενοείτῃ
2708 532 2818 599 (94)
2853 533 3163 601 γενόμενος,
3195 529 3322 582 ἔνθα
3348 567 3363 590 ,
3389 528 3464 592 ὼς
3494 525 3659 592 οἶδας,
3694 527 3804 599 πρὸ

2222 623 2416 677 πολλοῦ
2440 622 2598 676 τοῦτο
2622 619 2922 685 ἐπεπόλαζε
2953 620 3013 673 τὸ
3043 620 3219 690 δόγμα
3252 617 3386 689 (95),
3419 618 3494 682 ὡς
3539 617 3634 670 καὶ
3680 618 3799 687 σχί-

2222 732 2404 788 σματα
2453 716 2546 769 καὶ
2594 713 2928 776 ἁποστασίας
2953 712 3090 766 ὅλων
3135 709 3471 780 Ἐκκλησιῶν
3494 708 3797 777 γεγονέναι,

2222 807 2559 876 συγκαλέσας
2584 809 2711 869 τοὺς
2748 803 3149 876 πρεσϐυτέρους
3187 802 3284 859 καὶ
3313 800 3666 864 διδασκάλους
3690 800 3799 854 τῶν

2218 903 2275 954 ἐν
2307 901 2428 961 ταῖς
2472 896 2686 969 κώμαις
2718 896 2962 965 ἀδελφῶν
2982 937 2997 958 ,
3028 895 3310 967 παρόντων
3339 894 3431 947 καὶ
3464 892 3573 947 τῶν
3609 885 3795 962 βουλο-

2220 991 2394 1061 μένων
2416 988 2680 1057 ἀδελφῶν,
2696 988 2758 1059 δη
2767 989 2928 1059 μοσία
2950 988 3048 1059 τὴν
3075 986 3319 1053 ἐξέτασιν
3344 984 3673 1055 ποιήσασθαι
3698 983 3795 1038 τοῦ

2215 1082 2372 1150 λόγου
2407 1080 2845 1152 προετρεῲάμην.
2872 1080 2982 1133 Καὶ
3012 1077 3171 1131 τοῦτό
3199 1096 3288 1149 μοι
3324 1077 3710 1146 προσαγόντων
3732 1073 3797 1130 τὸ

2216 1174 2416 1243 βιϐλίον
2456 1173 2532 1236 ῶς
2565 1191 2617 1226 τι
2652 1173 2816 1225 ὅπλον
2845 1173 2939 1226 καὶ
2965 1174 3141 1242 τεῖχος
3201 1172 3627 1243 ἀκαταμάχητον
3659 1167 3792 1240 (96),

2214 1262 2604 1332 συγκαθεσθεὶς
2628 1263 2811 1325 αὐτοῖς
2830 1260 2997 1333 τριῶν
3020 1260 3147 1330 ἑξῆς
3169 1259 3391 1332 ἡμερῶν
3414 1259 3472 1326 ὲξ
3494 1259 3573 1312 ἒω
3600 1259 3794 1329 μέχρις

2212 1358 2470 1427 ἑσπέρας,
2493 1356 2785 1408 διευθύνειν
2806 1353 3099 1426 ἐπειράθην
3122 1354 3190 1405 τὰ
3218 1353 3595 1424 γεγραμμένα.
3624 1351 3792 1404 Ἔνθα

2210 1449 2305 1502 καὶ
2333 1448 2394 1501 τὺ
2425 1447 2681 1509 εὐσταθὲς
2714 1447 2809 1499 καὶ
2840 1446 2901 1499 τὸ
2933 1444 3243 1514 φιλάληθες,
3271 1445 3363 1497 καὶ
3387 1444 3449 1496 τὸ
3478 1444 3791 1514 εὐπαρακο-

2208 1540 2466 1611 λούθητον
2488 1540 2597 1611 (97)
2617 1540 2711 1593 καὶ
2737 1539 2953 1592 συνετὸν
2981 1536 3369 1609 ὑπερηγάσθην
3392 1536 3498 1589 τῶν
3525 1534 3791 1605 ἀδελφῶν,

2207 1632 2283 1696 ὡς
2312 1634 2371 1685 ὲν
2416 1630 2564 1694 τάξει
2597 1633 2690 1683 καὶ
2727 1632 2842 1700 μετ’
2888 1630 3189 1693 ἐπιεικείας
3230 1630 3329 1692 τὰς
3371 1629 3667 1700 ἐρωτήσεις
3700 1628 3793 1681 καὶ

2205 1725 2305 1788 τάς
2334 1726 2721 1796 ἐπαπορήσεις,
2743 1724 2835 1777 καὶ
2865 1722 2962 1787 τὰς
2989 1722 3410 1791 συγκαταθέσεις
3440 1719 3790 1789 ἐποιούμεθα,

532 1807 863 1878 posuissent,
890 1816 1002 1862 tres
1028 1808 1314 1863 continuos
1364 1809 1479 1863 dies
1506 1825 1533 1862 a
1564 1811 1741 1880 prima
1792 1812 1913 1868 luce
1936 1830 2106 1885 usque
2137 1806 2179 1859 Β

2137 1806 2179 1859 Β
2209 1816 2268 1869 τὸ
2304 1818 2401 1887 μὲν
2435 1819 2499 1869 ἐκ
2532 1816 2731 1879 παντὸς
2768 1816 2973 1886 τρόπου
3008 1815 3100 1868 καὶ
3145 1813 3462 1882 φιλονείκως
3504 1812 3612 1866 τῶν
3644 1812 3792 1875 ἆπαξ

533 1899 601 1953 ad
633 1913 915 1966 vesperam
957 1913 1080 1952 cum
1116 1898 1246 1968 ipsis
1275 1898 1492 1963 sedens,
1546 1914 1883 1971 quaecunque
1934 1903 1990 1957 in
2040 1920 2108 1959 eo

529 1988 670 2043 libro
691 1990 895 2058 scripta
926 1998 1104 2055 erant,
1157 1990 1436 2045 discutere
1477 2005 1767 2060 aggressus
1800 2010 1943 2049 sum.
1966 1995 2104 2051 Tum

527 2095 660 2136 vero
716 2082 945 2136 fratrum
982 2081 1372 2147 constantiam,
1435 2091 1490 2136 et
1539 2082 1982 2140 ardentissimum
2012 2104 2105 2143 co-

528 2176 849 2247 gnoscenda:
896 2176 1147 2231 veritatis
1179 2178 1439 2240 studium.
1498 2190 1553 2234 et
1577 2181 1911 2238 docilitatem
1942 2194 2105 2254 atque

526 2266 936 2336 intelligentiam
989 2283 1317 2339 magnopere
1388 2286 1506 2324 sum
1581 2274 1901 2328 admiratus.
1953 2276 2102 2331 Adeo

524 2360 809 2415 moderate
874 2371 929 2417 et
983 2362 1177 2416 ordine
1231 2362 1691 2433 interrogationes
1753 2366 2101 2438 rationesque

526 2452 831 2519 dubitandi,
884 2461 940 2507 et
983 2454 1331 2511 assensiones
1362 2470 1390 2509 a
1419 2457 1576 2511 nobis
1630 2457 1849 2511 fiebant.
1881 2458 1960 2513 Ac
1982 2470 2098 2514 stu-

523 2546 676 2601 diose
700 2545 917 2614 quidem
980 2547 1324 2613 cavehamus,
1380 2563 1447 2601 ne
1479 2563 1540 2603 ea
1571 2564 1691 2616 qua:
1745 2550 1907 2604 semel
1944 2552 2099 2607 nobis

520 2634 876 2705 placuissent,
920 2637 1136 2691 tametsi
1172 2636 1305 2691 falsa
1360 2651 1485 2693 esse
1539 2640 2094 2707 deprehenderentur,

520 2725 885 2797 pertinaciter
900 2725 1315 2784 defenderemus
1346 2746 1361 2782 :
1401 2744 1500 2783 nec
1553 2728 1785 2785 aliorum
1818 2729 2091 2798 objectio-

519 2833 619 2874 nes
650 2816 1198 2889 subterfugiebamus.
1243 2820 1350 2876 Sed
1373 2821 1547 2890 quoad
1589 2820 1703 2876 fieri
1744 2831 1974 2891 poterat,
2025 2823 2092 2877 ad

519 2925 583 2963 ea
616 2910 683 2965 de
726 2910 925 2981 quibus
965 2912 1207 2967 instituta
1240 2921 1357 2967 erat
1393 2913 1689 2982 disputatio
1735 2915 1889 2982 eniti,
1922 2931 2093 2985 eaque

518 2999 763 3057 stabilire
825 3002 1196 3059 conabamur:
1247 3004 1330 3058 sin
1371 3014 1555 3059 autem
1612 3006 1919 3063 rationibus
1962 3022 2092 3063 cou-

518 3093 644 3149 victi
674 3110 941 3163 essemus,
965 3110 1071 3151 non
1103 3096 1336 3165 pudebat
1369 3112 1467 3152 nos
1501 3106 1714 3153 mutare
1738 3100 2084 3165 sententiam,

516 3194 571 3239 et
623 3183 745 3243 aliis
792 3188 1066 3243 assentiri.
1115 3188 1254 3256 Quin
1305 3191 1480 3259 potius
1552 3204 1673 3244 cum
1741 3193 1878 3246 bona
1923 3191 2089 3246 animi

516 3277 877 3344 conscientia,
911 3279 1115 3349 absque
1150 3279 1253 3333 ulla
1306 3278 1678 3359 simulatione,
1710 3283 1966 3351 expansis
2019 3283 2085 3336 ad

515 3366 686 3422 Deum
717 3369 996 3434 cordibus,
1018 3385 1356 3441 quaecunque
1405 3373 1729 3428 certissimis
1756 3372 2094 3444 argumentis

2207 1908 2471 1972 δοξάντων
2528 1908 2907 1980 περιέχεσθαι,
2952 1909 3003 1960 εί
3043 1907 3137 1962 καὶ
3187 1906 3259 1977 μὴ
3298 1905 3569 1975 φαίνοιντο
3613 1903 3790 1977 ὀρθῶς

2209 1999 2419 2070 ἔχοντα,
2440 2001 2933 2071 παραιτησάμενοι,
2956 2000 3091 2071 μήτε
3120 1998 3176 2051 δὲ
3199 1998 3299 2060 τὰς
3327 1997 3633 2065 ἀντιλογίας
3657 1997 3790 2049 ὑπο-

2208 2091 2568 2162 στελλόμενοι,
2614 2090 2726 2144 ἀλλ’
2758 2092 2815 2153 ἐς
2860 2092 2982 2143 ὅσον
3023 2086 3222 2142 οἷόντε
3268 2088 3377 2140 τῶν
3407 2087 3788 2158 προκειμένων

2205 2180 2544 2234 ἐπιϐατεύειν
2564 2180 2673 2251 (98)
2692 2182 2786 2233 καὶ
2805 2179 3093 2251 κρατύνειν
3116 2178 3255 2233 αὐτὰ
3274 2178 3623 2249 πειρώμενοι,
3652 2177 3789 2247 μήτε

2203 2275 2251 2326 εξ
2303 2272 2460 2342 λόγος
2489 2275 2652 2343 αἱρεῖ,
2692 2271 3114 2343 μεταπείθεσθαι
3150 2272 3243 2324 καὶ
3287 2269 3666 2340 συνομολογεῖν
3704 2271 3789 2321 αι-

2201 2364 2470 2435 δούμενοι,
2515 2364 2631 2417 ἀλλ’
2684 2364 3075 2434 εύσυνειδήτως
3116 2364 3211 2415 καὶ
3251 2362 3647 2432 ἀνυποκρίτως,
3696 2359 3788 2412 καὶ

2199 2458 2320 2520 ταῖς
2364 2456 2614 2527 καρδίαις
2661 2457 2798 2527 πρὸς
2834 2456 2926 2508 τὸν
2971 2455 3103 2507 Θεὸν
3144 2454 3493 2524 ἡπλωμέναις
3539 2452 3687 2519 «99),
3717 2452 3788 2504 τὰ

2198 2550 2318 2611 ταῖς
2355 2548 2657 2613 ἀποδείξεσι
2690 2549 2782 2600 καὶ
2826 2546 3193 2611 διδασκαλίαις
3222 2547 3330 2600 τῶν
3357 2546 3526 2613 ἁγίων
3553 2544 3786 2615 Γραφῶν

2199 2639 2627 2708 συνιστανόμενα
2657 2639 3098 2710 καταδεχόμενοι.
3135 2640 3245 2691 Καὶ
3268 2638 3419 2703 τέλος
3442 2639 3471 2691 ὃ
3493 2654 3553 2692 τε
3581 2637 3681 2707 τῆς
3707 2636 3786 2691 δι-

2194 2730 2361 2801 δαχῆς
2394 2730 2597 2802 ταύτης
2634 2732 2874 2801 ἀρχηγὸς
2922 2733 3015 2784 καὶ
3057 2731 3353 2801 εἰσηγητὴς
3394 2733 3423 2784 ὁ
3454 2729 3786 2799 καλούμενος

2194 2823 2502 2894 Κορακίων,
2526 2823 2583 2875 ὲν
2612 2823 2833 2894 ἐπηκόῳ
2864 2823 3079 2876 πάντων
3100 2823 3208 2876 τῶν
3239 2823 3521 2893 παρόντων
3543 2819 3785 2889 ἀδελφῶν

2192 2913 2507 2984 ὡμολόγησε
2528 2916 2620 2967 καὶ
2638 2914 3031 2985 διεμαρτύρατο
3053 2916 3203 2986 ἡμῖν,
3226 2916 3419 2986 μηκέτι
3431 2912 3603 2985 τούτῳ
3618 2928 3788 2982 προσ-

2194 3004 2367 3069 ἐξειν,
2407 3005 2541 3076 μηδὲ
2569 3004 2908 3070 διαλέξασθαι
2948 3006 3075 3077 περὶ
3121 3007 3333 3068 τούτου,
3391 3004 3524 3077 μηδὲ
3573 3003 3786 3075 μεμνῆ-

2197 3096 2338 3160 σθαι,
2376 3097 2509 3167 μηδὲ
2534 3095 2763 3162 διδάξειν
2784 3136 2798 3159 ,
2825 3096 2901 3159 ὡς
2936 3096 3134 3161 ἱκανῶς
3166 3096 3271 3150 ὑπὸ
3307 3094 3415 3149 τῶν
3444 3092 3786 3163 ἀντιλεχθέν-

2196 3206 2305 3241 των
2339 3188 2648 3260 ᾑρημένοςο
2689 3187 2797 3241 τῶν
2837 3205 2895 3241 τε
2935 3187 3110 3241 ἀλλων
3144 3185 3388 3256 ἀδελφῶν
3430 3188 3477 3239 οἱ
3517 3185 3781 3257 παρόντες

2197 3278 2414 3349 ἔχαιρον
2447 3279 2538 3332 ἐπὶ
2579 3281 2644 3349 τῇ
2679 3277 2979 3349 κοινολογίᾳ
3012 3278 3106 3331 καὶ
3143 3280 3209 3349 τῇ
3242 3278 3378 3349 πρὸς
3410 3276 3617 3338 πάντας
3647 3291 3775 3343 συγ-

2197 3370 2498 3426 κατασάσει
2531 3369 2607 3441 (l)
2635 3370 2728 3424 καὶ
2756 3369 3112 3424 συνδιαθέσει.
3156 3388 3174 3422 ι

515 3470 572 3515 et
605 3463 927 3518 auctoritate
968 3479 1135 3519 sacrre
1166 3463 1465 3533 Scriptum
1495 3464 1819 3520 confirmata
1851 3474 2055 3528 essent,
2090 3462 2541 3528 suscipiebamus.
2578 3460 2819 3515 Tandem
2849 3461 3082 3531 denique
3107 3459 3356 3525 Coracio,
3382 3458 3474 3529 qui
3500 3456 3658 3524 hujus
3684 3454 3782 3509 do-

515 3557 707 3613 ctrina:
762 3567 956 3612 attetor
1002 3565 1058 3615 et
1133 3558 1356 3628 signifer
1416 3556 1632 3623 fuerat,
1672 3558 2021 3612 audientibus
2068 3557 2282 3612 cunctis
2311 3555 2401 3625 qui
2431 3555 2657 3608 aderant
2686 3552 2968 3619 fratribus,
2999 3552 3272 3623 pollicitus
3296 3552 3452 3607 nobis
3502 3561 3555 3606 et
3588 3559 3780 3605 conle-

517 3659 694 3706 SIatus
714 3657 822 3713 est,
853 3664 911 3704 se
934 3650 1267 3719 inposterum
1298 3651 1435 3706 hanc
1460 3649 1771 3721 opinionem
1806 3650 2187 3719 amplexurum
2244 3665 2350 3703 non
2408 3662 2550 3716 esse,
2577 3663 2678 3703 nec
2728 3647 2796 3702 de
2830 3663 2891 3702 ea
2945 3646 3371 3715 disputaturmu.
3420 3658 3521 3698 nec
3566 3642 3781 3696 locutu-

516 3756 664 3804 rum,
692 3756 793 3796 nec
823 3741 1019 3811 populo
1058 3742 1473 3812 praedicatorum
1500 3758 1515 3807 ;
1556 3741 1754 3811 quippe
1787 3740 1878 3811 qui
1911 3739 2242 3808 argumentis
2270 3740 2534 3810 oppositis
2556 3740 2690 3795 satis
2709 3752 2982 3807 superque
3011 3738 3295 3792 convictus
3321 3734 3534 3790 fuisset.
3563 3732 3777 3788 Fratri-

517 3836 621 3891 bus
640 3844 821 3891 autem
842 3834 933 3904 qui
961 3835 1210 3901 aderant,
1242 3835 1358 3892 haec
1380 3836 1674 3907 disputatio
1707 3846 1763 3890 et
1809 3834 2052 3891 omnium
2096 3836 2237 3891 inter
2262 3851 2319 3893 se
2349 3836 2718 3891 reconciliatio
2753 3844 2915 3904 atque
2963 3833 3249 3890 consensio
3285 3846 3391 3885 non
3447 3829 3778 3885 mediocrem

517 3928 700 3987 attulit
728 3928 1072 3997 voluptatem.
1102 3947 1122 3980 ι

1089 4022 1316 4079 CAPUT
1342 4023 1509 4079 XXV.

959 4112 1036 4168 De
1066 4113 1289 4169 Joannis
1319 4115 1658 4184 Apocalypsi.

586 4272 791 4331 Deinde
840 4272 1118 4345 aliquanto
1172 4284 1297 4343 post
1374 4275 1442 4328 de
1511 4272 1861 4328 Revelatioue
1911 4272 2080 4327 Joan.

588 4459 699 4535 (94)
739 4464 835 4516 Ἑν
859 4461 979 4535 μὲν
998 4457 1111 4535 οὖν
1143 4461 1224 4535 τῷ
1265 4462 1663 4532 Ἀρσενοείτῃ.
1706 4462 1898 4520 Mirum
1924 4476 2009 4521 est
2039 4467 2092 4522 in

515 4533 691 4604 tribus
743 4533 945 4585 nostris
992 4533 1268 4604 codicibus
1313 4548 1369 4588 et
1422 4535 1561 4603 apud
1614 4535 1978 4604 Nicephorum
2025 4553 2091 4593 ac

516 4603 869 4673 Ptolemteum
904 4603 978 4656 ita
1016 4602 1143 4673 legi,
1170 4618 1292 4657 cum
1326 4612 1539 4657 constet
1566 4602 1915 4660 scribendum
1968 4622 2091 4661 esse

527 4671 890 4745 Ἅρσινοείτῃ.
920 4674 1011 4727 Sic
1059 4671 1204 4728 enim
1232 4675 1376 4728 dicta
1407 4683 1494 4729 cst
1518 4675 1634 4728 haec
1668 4676 1992 4745 praefectura
2021 4679 2091 4733 ab

512 4743 745 4800 Arsinoe
783 4743 931 4809 regio
944 4760 993 4796 a.

585 4810 697 4883 (95)
757 4811 1111 4873 Ἐπεπόλαζε
1153 4813 1218 4867 τὸ
1248 4812 1455 4884 δόγμα.
1481 4813 1697 4882 Langus
1726 4824 1781 4869 et
1815 4815 2088 4872 Musculus

510 4882 970 4949 interpretantur,
1013 4885 1244 4936 emersit.
1322 4882 1851 4948 Cbristophorsonus
1906 4895 2085 4941 autem

511 4953 681 5023 vertit
751 4950 947 5023 prodiit
983 4952 1036 5003 in
1078 4951 1267 5007 lucem.
1317 4953 1428 5023 Ego
1476 4969 1605 5006 vero
1658 4954 1821 5009 malui
1859 4964 2086 5019 vertere,

512 5020 832 5083 increbruit,
868 5034 975 5143 quo
1011 5036 1170 5074 sensu
1204 5020 1472 5079 Eusebius
1515 5024 1655 5078 hanc
1708 5038 1895 5080 vocem
1929 5041 2087 5079 usur-

512 5100 605 5143 nat
636 5090 689 5143 in
716 5105 833 5143 cao.
908 5089 940 5143 9
974 5091 1132 5143 huius
1165 5092 1309 5143 libri.
1356 5122 1367 5127 ι

508 5100 605 5159 pat
636 5090 689 5144 in
716 5105 833 5158 cap.
871 5089 940 5143 29
974 5091 1132 5158 hujus
1165 5092 1309 5147 libri.
1356 5122 1367 5127 λ

583 5159 698 5233 (96)
746 5160 1258 5234 ξ’ᾼκᾳζαμάχητον.
1318 5161 1496 5234 Vulg"
1550 5163 1779 5234 ἄμαχον.
1840 5164 2086 5232 Scriptu-

508 5247 628 5287 ratn
660 5228 818 5286 codd.
865 5228 1006 5286 Med.
1039 5228 1091 5285 et
1118 5228 1256 5285 Maz.
1293 5228 1615 5287 admisimus
1657 5228 1713 5286 (.1
1755 5236 1912 5296 longe
1967 5228 2085 5289 rec-

510 5306 710 5428 tsiorelm
760 5318 776 5368 ;
838 5302 920 5355 sic
968 5305 1134 5357 etiam
1198 5303 1459 5358 scribitur
1519 5304 1576 5356 in
1621 5305 1778 5359 codd.
1842 5304 1978 5359 Fnk.
2028 5314 2084 5359 et

558 5388 640 5425 avt
669 5411 683 5425 .

558 5388 683 5425 :IVII.

581 5442 694 5513 (97)
729 5443 1374 5511 Εὑπαρακολούθητον.
1442 5441 1701 5499 Feliciler
1767 5443 1897 5499 mihi
1954 5458 2082 5499 ver-

507 5514 640 5587 tisse
678 5514 866 5587 videor
903 5514 1253 5587 docilitatem.
1306 5513 1436 5587 Nam
1472 5515 1901 5587 παρακολουθεῖν
1953 5529 2081 5582 pro-

509 5585 632 5653 prie
659 5584 920 5636 dicuntur
948 5584 1249 5642 auditores.
1278 5584 1370 5650 qui
1400 5584 1622 5639 sensum
1673 5589 1962 5640 verborum
1994 5602 2082 5636 as-

510 5665 840 5725 sequuntur.
878 5653 1017 5706 Male
1052 5668 1184 5721 ergo
1226 5653 1497 5725 Musculns
1543 5667 1597 5710 et
1636 5656 2081 5725 Christophorso-

510 5737 618 5780 ltus
640 5723 943 5790 obsequium
980 5723 1317 5791 interpretati
1344 5735 1493 5784 sunt,

2704 4017 3102 4070 ΚΕΦΑΛΑΙΟΝ
3141 4018 3267 4069 KE'.

2226 4111 2364 4179 Περὶ
2413 4108 2524 4178 τῆς
2568 4107 3349 4246 ἸωάννοιέιᾺὲξοκὲιὲῖὐψεως
3383 4104 3521 4176 (Nic.
3557 4107 3626 4159 Η.
3676 4102 3745 4160 Ε.

2258 4268 2372 4327 Εἶθ’
2407 4271 2534 4342 ἑξῆς
2560 4268 2766 4332 ὑποϐὰς
2802 4269 2928 4339 περὶ
2953 4268 3051 4338 τῆς
3076 4266 3494 4338 Ἀποκαλύψεως
3528 4270 3773 4326 Ἰωάννου

2273 4463 2404 4538 (98)-
2432 4462 2561 4517 Τῶν
2610 4457 3013 4538 προκειμένων
3042 4457 3449 4538 ἐπιϐατεύειν.
3500 4458 3773 4538 Musculns

2196 4529 2590 4599 vertit,instare
2611 4529 2903 4601 proposito.
2947 4529 3117 4601 m_ulto
3152 4531 3354 4583 rectius
3384 4544 3549 4601 quam
3580 4532 3770 4589 Chris-

2195 4597 2583 4675 topborsonus.
2611 4597 2714 4671 θυι
2737 4601 2899 4655 vertit
2923 4618 2938 4653 :
2974 4597 3051 4652 Ea
3074 4614 3192 4661 quae
3220 4609 3371 4652 erant
3403 4597 3470 4651 ab
3498 4599 3619 4656 aliis
3647 4620 3771 4668 pro.

2190 4672 2389 4744 positu,
2431 4672 2656 4726 munire.

2263 4744 2374 4818 (99)
2427 4741 2852 4818 ’Hmlwyératq.
2890 4740 3013 4818 ll_ic_
3037 4753 3255 4818 quoque
3292 4739 3564 4818 Musculus
3597 4743 3771 4797 multn

2198 4809 2408 4870 rectius
2434 4809 2632 4873 vertit,
2675 4828 2839 4883 quam
2885 4809 3416 4883 Christopborsonus
3450 4822 3503 4866 et
3530 4813 3765 4883 Laugus.

2189 4883 2324 4939 Nam
2354 4877 2880 4948 Chrismphorsnnns
2917 4877 3116 4946 vertit,
3149 4881 3295 4947 puris
3331 4897 3458 4949 erga
3502 4877 3673 4937 Dauni
3705 4900 3769 4937 oc

2189 4954 2517 5022 simplicibus
2548 4953 2763 5004 animis.
2811 4955 2987 5017 Atque
3021 4952 3090 5002 ita
3130 4949 3247 5003 fere
3281 4949 3515 5019 Langus.
3554 4955 3621 5007 At
3654 4953 3769 5005 Mn-

2188 5027 2375 5079 sculus
2417 5032 2563 5076 reete
2613 5023 2999 5089 interpretatus
3041 5029 3143 5085 est,
3182 5023 3443 5089 cordibus
3492 5026 3561 5074 ait
3598 5022 3765 5076 Deum

2187 5094 2457 5157 expansis.
2514 5091 2619 5144 Sed
2667 5103 2719 5144 et
2762 5088 2921 5151 longe
2960 5099 3085 5143 ante
3147 5088 3444 5143 Muscnlum
3511 5092 3763 5157 Rufinus,

2190 5176 2342 5217 recte
2388 5164 2531 5216 hunc
2560 5161 2737 5217 locum
2783 5170 3136 5230 exposuerat,
3179 5161 3462 5230 patefactis
3516 5164 3764 5217 cordibus

2186 5233 2319 5288 Deo.

2259 5303 2335 5371 (1)
2376 5300 2843 5369 Συγκαταόάσει.
2879 5299 2993 5359 lloc
3025 5301 3141 5357 loco
3169 5301 3580 5370 συγκατάϐασις
3609 5303 3766 5370 poni-

2185 5381 2271 5427 tur
2307 5389 2414 5425 non
2447 5387 2544 5438 pro
2580 5372 3005 5441 dispensatione.
3053 5373 3149 5426 sed
3192 5389 3290 5439 pro
3322 5371 3671 5441 συμϐιϐάσει,
3707 5371 3763 5425 id

2184 5456 2292 5500 cst.
2324 5443 2593 5503 uuitione,
2622 5443 2783 5496 utsic
2819 5442 3019 5501 dicam.
3062 5452 3115 5494 et
3153 5444 3623 5499 reconciliatione,
3654 5458 3759 5507 qua

2183 5528 2316 5567 voce
2343 5512 2513 5583 utitur
2542 5513 2828 5583 Dionysius
2848 5510 3014 5583 paulo
3044 5527 3224 5577 supra,
3266 5514 3360 5565 καὶ
3391 5509 3763 5583 συμϐιδάζου-

2183 5600 2251 5653 σα
2280 5582 2406 5644 τοὺς
2456 5582 3003 5653 ἀντιδιατιθεμένους.
3035 5584 3233 5638 Eodem
3261 5598 3425 5653 sensu
3464 5582 3671 5636 Paulus
3706 5582 3760 5633 in

2185 5652 2357 5725 Epist.
2404 5650 2817 5725 udNColossens'.
2858 5668 2975 5722 cap.
3028 5668 3089 5721 tt,
3133 5652 3492 5723 συμϐιΰάζειν
3532 5663 3585 5707 et
3619 5667 3759 5725 συμ-

2183 5721 2447 5795 διδασμόν
2475 5724 2633 5781 dixit.
