4220 6392
410 366 522 424 697

1417 349 1765 408 HISTORIAZ
1806 345 2370 404 ECCLESIASTICIE
2409 345 2540 401 LIB.
2581 342 2697 400 VII.

3569 334 3673 398 698

409 482 585 542 ταῦτά
611 497 743 552 φησι
769 495 782 508 ·
821 497 840 529 ‹
880 475 1038 539 Τινὲς
1070 472 1167 545 μὲν
1201 466 1296 526 οὖν
1324 471 1432 525 τῶν
1468 470 1574 541 πρὸ
1611 470 1766 541 ἡμῶν
1802 467 1988 539 ἠθέτη-

2105 466 2186 521 nis
2243 466 2319 519 ita
2403 464 2644 520 scribit:
2701 480 2721 514 ‹
2782 458 3036 515 Nonnulli
3094 458 3313 530 quidem
3366 464 3440 516 er
3479 457 3561 515 ηδ’
3589 454 3686 530 qui

395 593 512 639 ,σαν
536 573 631 628 καὶ
657 567 1028 624 ἀνεσκεύασαν
1056 565 1230 633 πάντη
1255 562 1318 615 τὸ
1348 560 1574 632 βιϐλίον,
1612 559 1735 612 καθ’
1768 559 1997 611 ἕκαστον

410 665 701 737 κεφάλαιον
719 653 1397 724 διευθύνοντες,ἇγνωστόν
1418 669 1476 705 τε
1498 652 1592 704 καὶ
1614 648 1997 737 ἀσυλλόγιστον

409 736 827 825 ἀποφαίνοντες·
860 746 1149 819 ψεύδεσθαί
1171 762 1229 798 τε
1253 743 1351 814 τὴν
1379 739 1711 813 ἐπιγραφήν.
1750 736 1995 825 Ἰωάννου

409 822 646 919 γὰρ-οὑκ
677 843 816 897 εἶναι
856 841 1104 909 λέγουσιν
1131 854 1143 868 ·
1176 835 1290 890 ἀλλ’
1319 833 1427 888 οὐδ’
1461 828 1804 899 ἀποκάλυψιν
1836 822 1994 892 εἶναι,

540 933 754 1006 σφοδρῷ
776 932 872 986 καὶ
905 931 1070 1000 παχεῖ
1090 924 1514 997 κεκαλυμμένην
1538 921 1617 992 τῷ
1643 921 1743 992 τῆς
1776 918 1997 989 ἀγνοίας

410 1027 870 1100 παραπετάσματι
902 1021 1000 1092 (2)·
1020 1020 1116 1074 καὶ
1141 1018 1239 1089 οὐχ
1268 1019 1418 1080 ὅπως
1440 1015 1549 1069 τῶν
1583 1012 1895 1068 ἀποστόλων
1918 1031 1997 1066 τι·-

408 1121 498 1183 νὰ,
532 1120 646 1173 ἀλλ’
678 1117 786 1171 οὐδ’
815 1116 952 1178 ὅλως
978 1112 1086 1165 τῶν
1107 1109 1278 1179 ἁγίων
1305 1109 1338 1181 ἢ
1369 1107 1477 1160 τῶν
1508 1107 1616 1160 ἀπὸ
1641 1107 1742 1176 τῆς
1769 1104 1998 1177 Ἐκκληο

326 1254 340 1266 .
410 1215 530 1276 σίας
569 1212 756 1266 τούτου
804 1207 1086 1278 γεγονέναι
1131 1202 1359 1274 ποιητὴν
1401 1200 1494 1255 τοῦ
1542 1201 1992 1272 σῦγγράμματος.

407 1303 681 1376 Κήρινθον
724 1302 780 1354 δὲ
811 1300 903 1354 τὸν
947 1298 1042 1352 καὶ
1083 1298 1181 1350 ἀπ’
1221 1294 1430 1348 ἐκείνου
1463 1292 1755 1364 κληθεῖσαν
1787 1293 1995 1363 Κηριν-

408 1395 597 1465 θιανὴν
623 1393 1032 1462 συστησάμενον
1061 1389 1295 1459 αἵρεσιν,
1319 1384 1631 1451 ἀξιόπιστον
1665 1383 1996 1454 ἐπιφημίσαι

408 1487 707 1559 θελήσαντα
731 1483 809 1554 τῷ
834 1480 1028 1536 ἑαυτοῦ
1055 1479 1333 1549 πλάσματι
1366 1477 1554 1547 ὄνομα.
1585 1475 1754 1528 Τοῦτο
1784 1474 1892 1547 γάρ
1925 1468 1998 1527 εἷ-

405 1597 491 1632 ναι
516 1576 617 1649 τῆς
641 1575 985 1637 διδασκαλίας
1012 1572 1178 1626 αὑτοῦ
1208 1571 1268 1623 τὸ
1295 1570 1492 1640 δόγμα,
1512 1568 1751 1637 ἐπίγειον
1776 1568 1995 1621 ἔσεσθαι

404 1667 502 1739 τὴν
530 1666 624 1720 τοῦ
650 1665 884 1738 Χριστοῦ
906 1663 1198 1735 βασιλείαν,
1223 1662 1317 1714 καὶ
1336 1655 1410 1714 ὧν
1426 1661 1586 1724 αὑτὸς
1597 1659 1839 1731 ὠρέγετο
1850 1658 1997 1728 φιλο-

407 1758 656 1830 σώματος
688 1756 763 1812 ὢν
795 1757 888 1810 καὶ
912 1756 1052 1809 πάνυ
1073 1755 1350 1825 σαρκικὸς,
1387 1755 1444 1806 ὲν
1473 1753 1682 1816 τούτοις
1711 1754 1992 1824 ὀνειροπο-

403 1849 513 1902 λεῖν
530 1849 649 1919 (2‘),
668 1846 908 1913 ἔσεσθαι,
927 1845 1166 1918 γαστρὸς
1188 1846 1281 1899 καὶ
1309 1844 1418 1897 τῶν
1448 1845 1554 1897 ὑπὸ
1581 1845 1823 1915 γαστέρα
1855 1843 1993 1915 πλη-

406 1943 650 2011 σμοναῖς,
676 1940 924 1993 τουτέστι
943 1939 1130 2003 σιτίοις
1159 1937 1254 1991 καὶ
1283 1940 1488 2004 ποτοῖς,
1520 1937 1615 1990 καὶ
1635 1936 1863 2007 γάμοις,
1898 1937 1994 1990 καὶ

401 2032 469 2085 δι’
495 2024 570 2085 ὧν
605 2031 980 2104 εὐφημότερον
1011 2030 1186 2084 ταῦτα
1222 2030 1375 2100 ᾠήθη
1408 2029 1742 2100 ποριεῖσθαι,
1780 2031 1993 2099 ἑορταῖς

402 2124 496 2177 καὶ
532 2122 763 2188 θυσίαις,
794 2124 890 2176 καὶ
923 2123 1133 2194 ἱερείων
1162 2125 1416 2191 σφαγαῖς.
1462 2119 1604 2189 Ἐγὼ
1630 2120 1687 2173 δὲ
1729 2120 1992 2189 ἀθετῆσαι

405 2214 507 2286 μὲν
539 2216 638 2268 οὐκ
668 2214 733 2269 ἂν
761 2214 1095 2287 τολμήσαιμι
1138 2214 1199 2267 τὸ
1232 2212 1436 2283 βιϐλίον
1455 2254 1470 2279 ,
1505 2212 1713 2265 πολλῶν
1748 2212 1878 2265 αὑτὸ
1906 2210 1992 2265 διὰ

404 2306 642 2377 σπουδῆς
690 2307 923 2379 ἑχόντων
952 2305 1227 2376 ἀδελφῶν,
1264 2305 1487 2376 μείζονα
1535 2305 1590 2357 δὲ
1631 2305 1729 2376 τῆς
1754 2302 1990 2374 ἐμαυτοῦ

401 2400 717 2471 φρονήσεως
740 2399 839 2471 τὴν
875 2398 1142 2468 ὑπόληψιν
1178 2397 1276 2469 τὴν
1307 2399 1436 2469 περὶ
1477 2397 1643 2451 αὑτοῦ
1673 2396 1988 2466 λαμϐάνων,

399 2492 790 2565 κεκρυμμένην
823 2486 963 2544 εἷναί
990 2507 1111 2543 τινα
1141 2491 1234 2543 καὶ
1261 2489 1713 2561 θαυμασιωτέραν
1742 2490 1840 2560 τὴν
1867 2488 1989 2542 καθ’

398 2584 628 2638 ἕκαστον
654 2584 881 2654 ἐκδοχὴν
903 2583 1292 2653 ὑπολαμϐάνω.
1313 2581 1422 2634 Καὶ
1443 2581 1551 2653 γὰρ
1577 2583 1623 2633 εί
1646 2581 1718 2653 μὴ
1744 2581 1897 2651 συνίη
1908 2599 1988 2651 μι,

397 2671 513 2725 ἀλλ’
562 2671 772 2725 ὑπονοῶ
802 2689 867 2740 γε
897 2671 1021 2725 νοῦν
1060 2688 1182 2724 τινα
1224 2670 1519 2742 βαθύτερον
1566 2671 1845 2740 ἐγκεῖσθαι
1878 2674 1991 2735 τοῖς

400 2766 660 2835 ῥήμασιν.
686 2764 800 2816 Οὑκ
819 2763 933 2836 ἰδίῳ
947 2763 1121 2817 ταῦτα
1145 2762 1359 2834 μετρῶν
1383 2763 1476 2817 καὶ
1500 2763 1700 2836 κρίνων
1722 2763 1987 2834 λογισμῷ,

398 2855 580 2911 πίστει
606 2856 665 2910 δὲ
694 2856 854 2911 πλέον
880 2857 1093 2929 νέμων,
1128 2857 1435 2929 ὑψηλότερα
1462 2859 1494 2929 ἢ
1526 2858 1617 2911 ὑπ’
1651 2857 1787 2928 ἐμοῦ
1816 2875 1985 2911 κατασ

395 2947 668 3022 ληφθῆναι
710 2949 1004 3020 νενόμικαο
1047 2952 1141 3003 καὶ
1180 2951 1281 3003 οὑκ
1325 2948 1713 3020 ἀποδοκιμάζω
1743 2950 1918 3003 ταῦτα
1953 2948 1990 3003 ἃ.

401 3042 476 3115 μὴ
504 3041 846 3114 συνεώρακα,
868 3042 1134 3114 θαυμάζω
1152 3043 1209 3097 δὲ
1235 3043 1438 3114 μᾶλλον
1454 3044 1534 3096 ὄτι
1559 3043 1632 3115 μὴ
1650 3044 1742 3097 καὶ
1771 3039 1929 3096 εἶδον.
1962 3063 1982 3094 ι

2099 572 2200 611 nos
2246 563 2689 626 praecesserunt,
2744 554 2945 608 librum
2995 553 3142 607 hunc
3189 552 3546 620 repudiarunt
3591 567 3685 623 pe-

2099 649 2249 703 nitus
2328 662 2396 703 ac
2463 647 2805 711 refutarunt,
2877 646 3089 716 singula
3170 644 3289 715 ejus
3348 645 3525 715 capita
3592 660 3682 701 re-

2098 738 2395 802 fellentes,
2462 753 2698 807 eumque
2747 736 2953 807 absque
3009 737 3118 791 nllo
3174 751 3337 792 sensu
3397 746 3454 791 et
3514 735 3684 789 ratio-

2097 830 2374 886 ciuatione
2436 830 2698 898 scriptum
2767 843 2889 884 esse
2975 837 3365 885 monstrantes.
3422 829 3504 883 Ad
3561 829 3679 883 haec

2100 921 2262 992 273
2299 921 2706 990 inscriptionem
2736 921 2859 975 libri
2895 919 3085 975 falsam
3112 936 3231 976 esse
3261 922 3468 975 dicunt.
3493 919 3681 989 Neque

2097 1015 2241 1067 enim
2269 1022 2551 1067 auctorem
2583 1013 2701 1082 ejus
2736 1026 2858 1067 esse
2887 1011 3174 1066 Joannem.
3208 1012 3314 1066 Sed
3342 1025 3516 1081 neque
3555 1025 3675 1064 eam

2100 1105 2512 1160 lievelatiouem
2545 1119 2687 1169 esse,
2722 1105 2923 1174 quippe
2952 1120 3073 1175 quac
3109 1114 3215 1158 tam
3245 1118 3436 1158 crasso
3457 1112 3679 1170 tamque

2096 1208 2271 1264 OpaCO
2320 1193 2646 1263 ignorantiae
2699 1194 2933 1249 obducta
2985 1195 3057 1250 sit
3085 1194 3224 1250 velo.
3264 1193 3331 1247 Et
3374 1208 3481 1247 non
3516 1192 3679 1246 modo

2097 1278 2466 1350 apostolorum
2495 1281 2794 1345 neminem,
2820 1283 2915 1337 sed
2947 1297 3017 1337 ue
3043 1282 3212 1336 ullum
3246 1282 3463 1352 quidem
3486 1296 3517 1335 e
3550 1295 3682 1336 san-

2095 1373 2200 1425 ctis
2225 1382 2279 1425 ct
2309 1371 2705 1427 ecclesiasticis
2751 1373 2886 1428 viris
2921 1373 3079 1441 hujus
3114 1373 3282 1428 libelli
3336 1373 3676 1428 conditorem

2095 1464 2265 1519 luisse
2303 1464 2600 1521 aﬂirmaut.
2627 1464 2947 1521 Cerinthum
2993 1467 3160 1532 enim,
3190 1467 3282 1535 qui
3326 1466 3563 1520 nominis
3591 1467 3677 1521 sui

2096 1566 2301 1611 sectam
2337 1554 2631 1623 conﬂavit,
2679 1573 2802 1614 cum
2842 1573 3053 1629 magna:
3104 1558 3448 1614 auctoritatis
3481 1574 3677 1615 nomen

2097 1651 2163 1702 ad
2194 1647 2499 1703 faciendam
2529 1648 2686 1703 [idem
2734 1650 3059 1705 commentis
3091 1650 3206 1704 suis
3245 1650 3409 1704 vellet
3438 1649 3684 1721 praelige-

2100 1755 2177 1804 re,
2195 1739 2421 1795 Joannis
2449 1739 2660 1795 titulum
2685 1741 2835 1810 operi
2867 1756 2968 1795 suo
2996 1741 3279 1797 indidisse.
3303 1740 3516 1811 Quippe
3539 1742 3683 1795 hanc

2029 1815 2070 1870 Β
2096 1831 2338 1886 Ceriutbi
2383 1831 2694 1901 Opinionem
2731 1830 2945 1896 fuisse,
2992 1847 3215 1903 regnum
3262 1832 3466 1887 Christi
3504 1841 3681 1885 terre-

2095 1941 2223 1979 num
2266 1922 2506 1978 futurum
2542 1943 2556 1978 :
2593 1933 2650 1979 et
2695 1925 2750 1978 in
2800 1925 2866 1979 iis
2913 1926 3155 1979 maxime
3189 1924 3355 1980 rebus
3391 1939 3526 1994 quas
3563 1924 3682 1994 ipse

2096 2022 2281 2084 utpote
2340 2013 2601 2079 carnalis,
2630 2024 2686 2068 et
2730 2014 3098 2084 voluptatibus
3156 2015 3405 2083 corporis
3459 2012 3680 2068 deditus

2095 2108 2365 2178 praecipue
2390 2108 2844 2178 concupiscebat,
2883 2109 3155 2163 batsurum
3187 2126 3201 2161 :
3241 2108 3294 2161 in
3339 2108 3549 2161 ventris
3570 2108 3682 2161 sci-

2094 2200 2227 2254 licet
2261 2210 2319 2254 et
2356 2214 2542 2254 eorum
2576 2214 2701 2268 quae
2730 2187 2833 2254 sub
2868 2211 3063 2253 ventre
3110 2209 3240 2252 sunt
3286 2200 3537 2255 satietate
3560 2239 3578 2267 ,
3624 2200 3680 2254 id

2094 2301 2197 2358 est,
2239 2292 2291 2345 in
2328 2292 2465 2345 cibis
2497 2307 2562 2344 ac
2602 2291 2812 2360 poculis
2835 2331 2851 2355 ,
2890 2292 2940 2344 in
2981 2292 3186 2361 nuptiis
3211 2301 3264 2346 et
3294 2292 3348 2344 in
3383 2293 3449 2346 iis
3480 2292 3680 2361 quibus

2096 2381 2196 2435 ista
2248 2380 2526 2435 honestius
2558 2380 2740 2448 parari
2792 2394 2954 2449 posse
2986 2380 3377 2446 existimabat,
3415 2380 3569 2436 festis
3597 2381 3681 2434 ni-

2095 2475 2290 2528 mirum
2338 2484 2393 2528 et
2422 2474 2712 2528 sacriﬁciis
2743 2513 2759 2538 ,
2801 2484 2857 2526 et
2903 2473 3202 2527 hostiarum
3236 2476 3677 2532 mactatiouibus.

2096 2566 2207 2635 Ego
2236 2581 2364 2620 vero
2393 2566 2594 2620 librum
2622 2566 2775 2621 illum
2827 2567 3052 2634 rcjiccre
3087 2566 3312 2621 omnino
3342 2582 3447 2622 non
3479 2569 3676 2630 ausim,

2091 2660 2398 2731 praesertim
2435 2675 2558 2714 cum
2608 2660 2765 2714 multi
2815 2676 2881 2715 ex
2917 2660 3179 2713 fratribus
3224 2676 3345 2711 cum
3381 2661 3558 2728 magni
3597 2658 3679 2713 l‘a—

2092 2753 2258 2805 ciant.
2291 2749 2399 2805 Sed
2430 2749 2743 2821 hujusmodi
2776 2751 2843 2805 de
2885 2750 2981 2806 illo
3024 2752 3338 2820 opinionem
3365 2751 3681 2820 concipiens

2091 2843 2247 2913 quasi
2274 2858 2466 2898 sensus
2496 2841 2602 2896 mei
2636 2843 2855 2896 modum
2883 2846 3116 2898 excedat
3142 2884 3158 2910 ,
3193 2858 3451 2896 arcanam
3481 2857 3679 2913 qnam-

2090 2936 2214 2989 dam
2250 2934 2515 3003 planeque
2558 2932 2938 2987 admirabilem
2993 2935 3327 3004 singularum
3368 2949 3555 2990 rerum
3596 2935 3680 2988 in-

2092 3025 2449 3095 telligentiam
2486 3025 2665 3080 latere
2693 3025 2973 3081 existimo.
3002 3025 3137 3080 Nam
3163 3028 3265 3081 etsi
3295 3028 3412 3096 ipse
3451 3042 3560 3081 non
3590 3026 3675 3081 iu-

414 3133 535 3186 Ἐπὶ
558 3130 769 3195 τούτοις
795 3133 896 3204 τὴν
922 3132 1050 3201 ὃλην
1086 3133 1184 3203 τῆς
1227 3131 1649 3202 Ἀποκαλύψεως
1691 3131 1987 3203 βασανίσας

2095 3116 2282 3188 telligo
2308 3158 2324 3182 ,
2357 3117 2608 3185 suspicor
2637 3126 2817 3171 tamen
2850 3116 3102 3171 altiorem
3133 3116 3421 3187 quemdam
3453 3132 3674 3173 sensum

398 3225 617 3297 γραφὴν
637 3265 651 3289 ,
687 3224 948 3279 ἀδύνατον
998 3224 1055 3276 δὲ
1083 3224 1253 3295 αὐτὴν
1274 3224 1419 3278 κατὰ
1434 3224 1530 3295 τὴν
1553 3223 1841 3295 πρόχειρον
1862 3224 1988 3277 ἀπη-

2092 3210 2272 3265 verbis
2300 3210 2547 3265 subesse.
2579 3209 2769 3280 anue
2811 3225 2921 3263 non
2960 3224 3079 3264 meo
3119 3208 3291 3276 ipsius
3324 3207 3534 3277 judicio
3565 3226 3679 3265 me-

396 3315 577 3381 δείξας
606 3315 843 3370 νοεῖσθαι
867 3316 1127 3379 διάνοιαν,
1160 3316 1411 3386 ἐπιφέρει
1439 3314 1648 3382 λέγων’
1677 3331 1696 3364 ι
1733 3312 1990 3366 Συντελέ-

401 3425 501 3472 σας
527 3407 591 3479 δὴ
620 3410 819 3474 πᾶσαν,
842 3409 917 3470 ὡς
943 3411 1138 3471 εἰπεῖν,
1166 3408 1266 3478 τὴν
1300 3406 1662 3478 προφητείαν,
1691 3405 1985 3478 μακαρίζει

395 3499 424 3550 ὁ
454 3499 740 3569 προφήτης
765 3497 890 3559 τούς
926 3513 986 3549 τε
1025 3496 1395 3567 φυλάσσοντας
1429 3495 1631 3567 αὑτὴν,
1667 3497 1760 3548 καὶ
1788 3495 1851 3565 δὴ
1892 3496 1987 3547 καὶ

397 3589 607 3642 ἑαυτόν.
631 3608 648 3639 ι
663 3589 949 3659 Μακάριος
961 3587 1089 3658 γὰρ,
1109 3605 1181 3659 φη
1191 3587 1294 3650 σὶν,
1309 3589 1338 3639 ὁ
1355 3604 1419 3656 τη
1429 3587 1535 3658 ρῶν
1548 3584 1985 3653 τοὺςλόγουςτῆς

397 3679 732 3752 προφητείας
761 3678 854 3731 τοῦ
889 3677 1092 3748 βιϐλίου
1126 3677 1317 3731 τούτου
1345 3694 1357 3710 ’
1400 3697 1418 3726 ι
1461 3675 1617 3745 κάγὼ
1664 3676 1915 3744 Ἰωάννης
1955 3677 1985 3728 ὁ

399 3769 610 3840 βλέπων
641 3770 736 3822 καὶ
760 3771 975 3823 ἀκούων
998 3769 1193 3823 ταῦτα.
1226 3766 1523 3821 Καλεῖσθαι
1569 3766 1669 3838 μὲν
1695 3762 1787 3819 οὖν
1822 3765 1983 3818 αὑτὸν

409 3862 679 3933 Ἰωάννην,
715 3865 809 3917 καὶ
830 3859 969 3916 εἶναι
992 3863 1092 3934 τὴν
1121 3861 1337 3933 γραφὴν
1362 3862 1609 3915 Ἰωάννου
1638 3860 1862 3931 ταύτην,
1884 3861 1983 3913 οὑκ

395 3953 624 4025 ἀντερῶ.
672 3956 852 4023 Ἀγίου
891 3954 991 4026 μὲν
1019 3954 1127 4024 γάρ
1156 3949 1293 4006 εἷναί
1322 3968 1467 4014 τινος
1502 3952 1597 4005 καὶ
1624 3951 1981 4005 θεοπνεύστου

399 4045 654 4101 συναινῶ.
691 4047 766 4100 Οὐ
811 4047 917 4119 μὴν
953 4047 1150 4119 ῥᾳδίως
1191 4046 1258 4100 ἂν
1299 4045 1594 4117 συνθείμην
1621 4043 1810 4097 τοῦτον
1843 4039 1983 4097 εἶναι

394 4139 486 4191 τὸν
523 4139 839 4205 ἀπόστολον,
865 4138 957 4192 τὸν
991 4139 1105 4191 υἱὸν
1144 4138 1453 4202 Ζεϐεδαίου,
1482 4138 1572 4191 τὸν
1618 4137 1845 4206 ἀδελφὸν
1887 4139 1984 4190 Ἰαο

396 4229 575 4284 κὼϐου
598 4270 612 4294 ,
648 4224 708 4285 οὗ
746 4232 806 4284 τὸ
836 4230 1165 4299 Εὑαγγέλιον
1210 4232 1271 4283 τὸ
1310 4230 1452 4284 κατὰ
1494 4230 1746 4300 Ἰωάννην
1798 4229 1984 4298 ἐπιγε-

395 4322 733 4393 γραμμένον,
754 4324 849 4376 καὶ
874 4325 907 4393 ἡ
924 4322 1208 4394 Ἐπιστολὴ
1225 4324 1258 4394 ἡ
1277 4321 1572 4393 Καθολική.
1599 4321 1981 4394 Τεκμαίρομαι

393 4414 503 4484 γὰρ
539 4413 601 4467 ἐκ
629 4432 687 4467 τε
728 4414 821 4467 τοῦ
857 4415 1011 4479 ἔθους
1062 4415 1359 4486 ἑκατέρων,
1398 4413 1493 4467 καὶ
1525 4410 1619 4466 τοῦ
1654 4412 1762 4477 τῶν
1807 4412 1978 4482 λόγων

2093 3301 2197 3353 tior
2232 3314 2396 3369 atque
2432 3302 2644 3355 aestimo
2677 3322 2690 3355 :
2729 3301 2825 3355 sed
2861 3299 2986 3369 plus
3031 3301 3155 3355 ﬁdei
3200 3302 3468 3366 tribuens,
3506 3302 3679 3359 subli-

2090 3394 2262 3447 miora
2295 3407 2415 3448 esse
2444 3407 2644 3449 censeo
2665 3408 2829 3463 quam
2865 3402 2924 3447 ut
2954 3408 2983 3446 a
3019 3408 3107 3449 me
3136 3393 3529 3463 percipiantur.
3565 3393 3677 3450 Nec

2087 3499 2155 3539 ea
2206 3488 2515 3541 condemno
2553 3498 2677 3555 quae
2729 3483 3043 3554 intelligere
3090 3499 3199 3539 non
3252 3485 3440 3555 potui,
3485 3502 3675 3541 verum

2089 3578 2216 3633 inde
2256 3579 2506 3634 admiror
2538 3580 2718 3650 magis
2752 3581 2899 3650 quod
2944 3594 3147 3650 capere
3196 3597 3300 3637 non
3350 3596 3594 3653 possum.
3650 3602 3671 3636 ι

2086 3671 2218 3727 Post
2274 3671 2390 3727 haec
2447 3672 2662 3741 integro
2715 3671 3094 3728 Revelatiouis
3132 3673 3277 3727 libro
3319 3676 3629 3729 examinato
3658 3715 3674 3738 ,

2086 3773 2376 3833 postquam
2425 3765 2775 3834 apertissime
2808 3764 3068 3829 ostendit,
3110 3780 3234 3821 eum
3259 3780 3487 3836 prorsus
3512 3767 3674 3822 intel-

2085 3858 2178 3929 ligi
2211 3873 2316 3912 non
2344 3871 2505 3927 posse
2523 3858 2682 3928 juxta
2723 3858 2947 3915 obvium
2975 3858 3268 3914 verborum
3292 3874 3537 3925 sensum,
3561 3861 3675 3917 haec

2085 3950 2350 4021 subjicit:
2390 3966 2411 4001 ι
2446 3950 2712 4006 Absoluta
2758 3950 2978 4005 demum
3012 3951 3269 4005 universa
3316 3952 3676 4020 praedictione

2089 4062 2185 4102 sua
2213 4089 2228 4113 ,
2255 4045 2524 4115 propheta
2561 4044 2750 4098 beatos
2792 4045 3114 4114 pronuntiat
3161 4053 3275 4098 tum
3305 4059 3398 4099 eos
3428 4047 3519 4115 qui
3550 4062 3669 4103 eam

2085 4138 2443 4202 servaverint,
2462 4146 2572 4191 tum
2588 4136 2845 4204 seipsum.
2871 4151 2893 4189 ι
2924 4134 3143 4200 Beatus,
3163 4136 3359 4207 inquit,
3378 4138 3467 4206 qui
3491 4149 3674 4194 servat

2086 4234 2251 4289 verba
2302 4232 2603 4303 prophetiae
2642 4229 2764 4285 libri
2823 4228 2980 4296 hujus
3010 4246 3026 4285 :
3061 4237 3116 4283 et
3165 4245 3267 4299 ego
3298 4231 3411 4299 ipse
3433 4226 3672 4285 Joannes

2084 4327 2177 4398 qui
2211 4327 2329 4380 haec
2364 4324 2474 4377 vidi
2526 4330 2692 4391 atque
2736 4322 2940 4375 audivi.
2984 4339 3004 4373 ι
3040 4319 3303 4376 Joannem
3338 4320 3501 4388 igitur
3527 4320 3672 4375 hunc

2084 4417 2295 4481 vocari,
2331 4423 2386 4469 et
2414 4413 2612 4467 librum
2648 4426 2677 4465 a
2706 4411 2921 4467 Joanne
2957 4411 3222 4480 scriptum
3249 4425 3371 4465 esse
3395 4449 3411 4473 ,
3442 4425 3548 4463 non
3584 4411 3670 4464 iu-

393 4506 587 4573 εἴδους,
608 4508 701 4561 καὶ
726 4508 824 4580 τῆς
843 4507 936 4561 τοῦ
960 4507 1166 4577 βιϐλίου
1193 4506 1532 4578 διεξαγωγῆς
1558 4506 1861 4577 λεγομένης
1883 4505 1979 4578 (3),

2091 4508 2266 4562 licior.
2297 4505 2499 4560 Fateor
2529 4504 2673 4559 enim
2709 4502 2886 4557 sancti
2921 4500 3199 4570 cujusdam
3232 4510 3286 4554 et
3319 4501 3507 4556 divino
3546 4501 3672 4572 Spi-

397 4598 472 4670 μὴ
504 4599 594 4653 τὸν
625 4600 788 4655 αὑτὸν
822 4597 981 4655 εἶναι.
1029 4602 1086 4655 '0
1128 4601 1227 4672 μὲν
1258 4599 1368 4671 γὰρ
1402 4599 1794 4672 εὑαγγελιστὴς
1824 4599 1982 4653 οὐδα-

396 4691 499 4763 μοῦ
526 4692 588 4745 τὸ
610 4691 779 4764 ὄνομα
810 4693 976 4747 αὑτοῦ
1007 4694 1411 4766 παρεγγράφει,
1429 4691 1550 4745 οὑδὲ
1570 4692 1836 4764 κηρύσσει
1856 4694 1982 4746 ἐαυ-

390 4782 483 4836 τὸν
502 4822 517 4849 ,
547 4782 671 4837 οὔτε
711 4784 800 4838 διὰ
822 4783 916 4837 τοῦ
940 4784 1274 4854 Εὑαγγελίου
1293 4825 1308 4849 ,
1338 4784 1461 4838 οὔτε
1490 4785 1577 4839 διὰ
1604 4785 1702 4856 τῆς
1738 4785 1983 4837 Ἐπιστο-

392 4876 509 4947 λῆς.
558 4896 579 4930 ι
615 4873 731 4931 Εἶθ’
759 4877 992 4942 ὑποϐὰς,
1027 4878 1191 4931 πάλιν
1233 4877 1415 4933 ταῦτα
1448 4878 1629 4948 λέγει·
1668 4896 1688 4929 t
1728 4879 1982 4948 Ἰωάννης

391 4966 447 5022 δὲ
467 4969 589 5023 οὑδὲ
612 4968 689 5033 ὡς
714 4970 842 5041 περὶ
870 4966 1065 5024 ἑαυτοῦ
1090 4970 1211 5025 οὑδὲ
1238 4971 1315 5036 ὡς
1338 4973 1466 5045 περὶ
1496 4971 1684 5044 ἐτέρου
1702 4988 1716 5001 ο
1749 4972 1778 5025 ὁ
1804 4970 1860 5024 δὲ
1880 4971 1979 5043 τὴν

403 5060 769 5132 Ἀποκάλυψιν
796 5062 1033 5134 γράψας,
1063 5062 1227 5128 εὐθύς
1259 5081 1318 5118 τε
1351 5063 1544 5117 ἑαυτὸν
1577 5066 1634 5117 ὲν
1667 5064 1809 5136 ἀρχῇ
1844 5079 1980 5135 προ-

396 5176 887 5301 ὰγςῖηίέἒγνοιας
936 5181 1450 5252 παραπετάσματι.
1516 5180 1748 5252 Nicepb.
1808 5181 1982 5237 habet

471 5265 692 5312 νωσιας.

433 5265 1008 5394 ἷέῧψᾶρῗιρορτολεῖν.
1039 5320 1392 5394 Scribendnm
1418 5323 1627 5394 videtur
1653 5322 1986 5394 ὀνειροπολεῖ

390 5395 475 5441 vel
508 5389 877 5461 ὠνειροπόλει.
923 5389 1244 5463 Paulnpust
1281 5394 1371 5446 nbi
1422 5393 1702 5463 legebatur
1744 5389 1979 5462 εὑθυμό-

388 5473 569 5532 τερον,
599 5460 879 5532 emendavi
909 5460 1305 5532 εὐφημότερον,
1338 5478 1400 5517 ex
1427 5460 1583 5517 codd.
1615 5463 1777 5527 lllaz.,
1814 5460 1975 5524 νέαι..

392 5526 528 5583 Fuk.
569 5539 624 5582 et
659 5531 850 5595 Savil.,
881 5526 1080 5600 quibus
1112 5526 1369 5586 suécribit
1404 5533 1761 5600 Nicepltorus,
1790 5544 1843 5586 et
1874 5535 1979 5587 Eu-

392 5600 1101 5677 sebinsipseinlibrout,
1165 5618 1284 5671 cap.
1340 5602 1429 5668 27,
1471 5605 1560 5657 ubi
1612 5604 1758 5657 hunc
1790 5602 1965 5657 locum

390 5666 902 5738 DinllySllatltilJCil.
1088 5666 1095 5669 ⁷
1233 5666 1247 5671 ’
1417 5666 1423 5668 ⁷
1740 5713 1749 5723 .

464 5739 540 5812 (5)
573 5739 944 5812 Διεξαγωγῆς
961 5741 1312 5812 λεγομένης.
1348 5744 1458 5797 lloc
1489 5744 1812 5799 vocabulum
1841 5759 1959 5809 pro-

392 5809 569 5877 prium
614 5811 714 5865 fuit
756 5809 1136 5883 rethoruut,ut
1186 5809 1290 5871 m
1322 5815 1413 5871 illa
1445 5813 1744 5888 λεγομένης
1774 5830 1801 5869 a
1837 5815 1963 5871 Dio-

2092 4601 2198 4656 ritu
2249 4597 2415 4652 amati
2446 4598 2550 4652 viri
2598 4596 2651 4650 id
2684 4610 2823 4664 npus
2849 4608 2986 4649 esse.
3025 4592 3130 4647 Sed
3174 4592 3318 4647 hunc
3349 4593 3523 4661 ipsum
3548 4608 3670 4649 esse

2088 4692 2392 4763 apostolum
2416 4733 2430 4757 ,
2464 4688 2709 4744 Zebedaei
2739 4686 2909 4741 tilium
2932 4728 2947 4753 ,
2978 4682 3167 4740 Jacobi
3214 4683 3482 4751 fratrem;
3511 4686 3670 4757 cujus

2086 4793 2172 4840 est
2201 4782 2557 4853 Evangelinm
2593 4781 2723 4835 illud
2765 4779 2909 4850 quod
2949 4777 3254 4833 secundum
3287 4775 3549 4832 Joannem
3585 4780 3669 4833 in-

2086 4876 2370 4935 scribitur,
2404 4882 2459 4929 et
2492 4871 2735 4943 Epistula
2769 4870 3061 4934 catholica,
3087 4869 3231 4923 haud
3257 4868 3419 4924 facile
3445 4884 3669 4925 conces-

2085 4968 2276 5024 serim.
2314 4964 2449 5020 Nam
2477 4980 2546 5020 ex
2580 4963 2863 5032 utriusque
2895 4963 3057 5030 genio
3084 4969 3139 5016 et
3179 4959 3356 5016 forma
3385 4960 3664 5033 loquendi,

2085 5069 2145 5118 et
2170 5073 2237 5115 ex
2266 5056 2435 5111 libelli
2469 5054 2635 5126 27ἀ1
2660 5055 2825 5109 totius
2862 5056 3029 5112 ductu
3064 5068 3130 5109 ac
3159 5055 3539 5125 dispositione,
3557 5071 3664 5112 non

2091 5177 2249 5250 nysio
2278 5175 2532 5250 adjuncta
2567 5174 2703 5250 satis
2751 5174 2976 5228 iudicat.
3019 5172 3089 5250 Et
3126 5171 3414 5250 Masculus
3444 5173 3659 5241 quidem

2088 5243 2377 5303 tractatum
2403 5246 2529 5299 libri
2565 5247 2977 5314 interpretatur.
3010 5243 3536 5313 Christopborsonus
3564 5258 3663 5296 au-

2092 5330 2198 5373 tem
2232 5318 2549 5371 discursum.
2609 5314 2719 5384 Ego
2757 5314 3097 5386 διεξαγωγὴν
3118 5314 3655 5386 idem_esseAce_nseo.

2087 5389 2230 5458 quod
2268 5380 2678 5462 dispositionem
2705 5387 2821 5462 sive
2854 5380 3187 5462 οἰκονομίαν.
3205 5382 3364 5462 “Nam
3404 5380 3655 5462 ﬁte-gara-

2086 5450 2224 5529 γεῖν,
2264 5450 2403 5512 idem
2425 5468 2509 5511 est
2531 5472 2597 5511 ac
2628 5454 2872 5529 διοικεῖν,
2898 5467 2954 5510 ut
2986 5450 3178 5529 scribit
3202 5455 3423 5509 Suidas.
3468 5450 3653 5529 fossis

2084 5521 2248 5584 etiam
2293 5527 2640 5594 interpretari
2689 5528 2917 5581 formam
2958 5536 3014 5582 et
3062 5525 3331 5579 rationem
3374 5521 3650 5594 scribendi

2082 5618 2178 5655 seu
2206 5588 2602 5660 characterem,
2627 5598 2770 5664 quod
2800 5598 3094 5651 conlirmat
3120 5595 3429 5663 Dionysius.
3467 5588 3650 5645 Primo

2075 5672 2221 5724 enim
2247 5668 2357 5722 ἀπὸ
2381 5667 2477 5721 τοῦ
2508 5667 2675 5739 ἦθους
2718 5670 2912 5738 probat
2952 5666 3333 5739 Apocalypsim
3385 5677 3490 5716 non
3526 5676 3651 5739 esse

2073 5739 2319 5815 Joannis
2346 5732 2604 5815 apostoli.
2649 5732 2863 5815 _l_)éi_ude
2898 5752 2965 5792 ex
3001 5732 3239 5815 stylo'et
3283 5732 3461 5815 fortun
3506 5732 3646 5789 scri-

2073 5812 2274 5878 bendi;
2306 5809 2360 5867 id
2390 5806 2500 5879 est,
2526 5824 2595 5865 ex
2628 5808 2865 5866 dictione
2899 5806 3065 5878 atque
3090 5806 3396 5864 sententiis.
