4220 6402
587 302 693 360 6Ω9

1304 294 1583 353 EUSEBII
1623 291 2094 350 C/ESARIENSIS
2129 291 2284 349 OPP.
2325 292 2509 353 PARS
2542 297 2589 355 ι.
2630 331 2703 343 -
2736 292 3134 375 HISTORICA.
3173 284 3185 296 ’

3779 294 3881 348 71m

583 436 757 479 unum
793 420 1159 489 eumdemque
1180 416 1508 487 scriptorem
1548 432 1667 472 esse
1703 414 1955 485 conjicio.
1977 414 2161 486 Ουίρρ‹

2286 414 2508 468 τάσσει·
2545 414 2911 484 Ἀποκάλυψις
2944 413 3115 486 Ἰησοῦ
3147 412 3384 484 Χριστοῦ
3411 415 3476 482 ἦν
3502 413 3700 468 ἔδωκεν
3732 414 3881 484 αὐτῷ

585 512 925 583 evangelista
973 510 1194 581 quidem
1244 508 1439 564 nullibi
1485 524 1682 563 nomen
1723 523 1879 563 suum
1921 507 2171 567 ascribit,

587 624 689 664 nec
732 606 1064 677 semetipso,
1102 614 1198 659 aut
1238 605 1294 660 in
1329 603 1627 675 Evangelia
1653 642 1669 668 ,
1701 612 1795 658 aut
1842 602 1897 656 in
1933 600 2174 671 Epistola

587 700 874 769 przedicat.
931 717 952 752 ι
998 697 1065 752 Ει
1106 698 1272 769 paulo
1307 706 1432 768 post
1456 696 1683 753 subdit:
1721 714 1739 747 ι
1773 694 2015 751 Joannes
2043 709 2176 749 vero

585 804 888 858 nusquam,
923 801 1024 842 nec
1053 796 1313 856 tanquam
1347 788 1417 842 de
1451 788 1634 857 seipso
1669 801 1769 840 nec
1811 795 2074 856 tanquam
2108 786 2175 839 dc

585 881 778 935 altero.
809 880 997 936 Atille
1040 880 1133 951 qui
1185 879 1600 935 Revelati-mem
1643 878 1905 949 scripsit,
1945 880 1998 933 in
2058 880 2174 948 ipso

583 973 771 1027 statim
824 973 1051 1030 exordio
1104 986 1304 1028 nomen
1357 987 1515 1027 suum
1568 972 1793 1043 praeﬁgit
1857 986 1980 1026 cum
2030 974 2108 1025 ait
2155 989 2170 1025 :

590 1082 610 1116 ι
649 1064 930 1121 Revelatio
958 1063 1085 1120 Jesu
1113 1063 1320 1121 Christi
1350 1078 1515 1133 quam
1562 1065 1711 1119 dedit
1745 1064 1846 1134 ipsi
1893 1074 1953 1118 ut
1992 1065 2170 1134 palam

582 1154 793 1210 faceret
833 1156 1007 1210 servis
1078 1156 1193 1211 suis
1237 1154 1510 1216 celeriter,
1561 1165 1618 1208 et
1670 1156 1999 1224 signiﬁcavit
2047 1156 2173 1211 mit-

585 1258 702 1303 tens
764 1263 861 1317 per
912 1247 1166 1317 angelum
1238 1264 1397 1301 suum
1444 1245 1639 1302 Joanni
1692 1262 1853 1303 servo
1893 1262 2034 1313 suo,
2078 1249 2171 1318 qui

584 1340 914 1398 testificatus
971 1342 1069 1410 estl
1115 1339 1347 1394 Verbum
1386 1338 1482 1393 Dei
1530 1349 1585 1395 et
1622 1341 1998 1395 testimonium
2054 1340 2172 1408 ejus

581 1443 921 1499 quaecunque
969 1429 1123 1483 vidit.
1166 1446 1185 1479 ι
1263 1428 1347 1481 Ad
1416 1431 1529 1483 haec
1588 1427 1886 1499 Epistolam
1934 1431 2166 1486 scribit:

587 1538 611 1575 ς
648 1519 926 1586 Joannes,
954 1521 1167 1591 inquit,
1213 1535 1418 1594 septem
1478 1523 1739 1579 Ecclesiis
1782 1539 1906 1595 quae
1941 1537 2065 1580 sunt
2113 1527 2167 1581 in

579 1613 731 1669 Asia.
791 1612 980 1669 Gratia
1026 1614 1178 1669 vobis
1221 1623 1274 1668 et
1304 1631 1429 1685 pax.
1470 1634 1491 1669 ι
1527 1615 1898 1686 Evangelistes
1925 1632 2053 1673 vero
2100 1634 2169 1673 ne

582 1705 864 1762 catholicae
907 1708 1127 1778 quidem
1156 1707 1413 1776 Epistola:
1453 1724 1651 1764 nomen
1695 1726 1855 1766 suum
1904 1711 2163 1783 praeﬁxit,

581 1800 676 1851 sed
708 1797 918 1867 absque
966 1799 1073 1854 ulla
1106 1802 1398 1856 verborum
1442 1803 1676 1873 ambage
1701 1804 1771 1858 ab
1818 1804 1934 1873 ipso
1966 1804 2165 1859 divina:

579 1888 948 1946 Revelationis
973 1894 1234 1963 mysterio
1255 1908 1484 1949 exorsus
1505 1903 1590 1949 est
1622 1913 1636 1949 :
1667 1913 1687 1947 ι
1718 1893 1873 1962 Quod
1903 1894 2006 1951 fuit
2030 1935 2049 1962 ,
2082 1898 2166 1951 in-

578 1983 723 2051 quit,
784 1984 853 2036 ab
916 1982 1117 2038 initio:
1155 1985 1300 2053 quod
1350 1986 1662 2042 audivimus
1687 2028 1704 2054 ,
1746 1987 1891 2057 quod
1930 1988 2166 2043 vidimus

575 2075 754 2131 oculis
809 2076 1031 2131 nostris.
1074 2096 1094 2129 ι
1146 2078 1226 2133 Ob
1292 2079 1602 2148 hujusmodi
1656 2080 1803 2136 enim
1850 2081 2163 2139 Revelatio-

578 2182 699 2223 nem
734 2166 953 2225 Petrum
987 2170 1251 2229 Dominus
1301 2173 1524 2230 beatum
1557 2175 1882 2244 praedicavit
1913 2178 2000 2232 his
2040 2194 2165 2233 ver-

576 2260 659 2315 bis
695 2279 709 2315 :
743 2281 762 2315 ‹
800 2261 1001 2319 Beatus
1035 2280 1095 2320 cs
1124 2305 1140 2329 ,
1191 2265 1379 2320 Simon
1428 2267 1500 2321 ﬁli
1544 2266 1696 2322 J0me
1723 2308 1740 2332 ,
1772 2270 1898 2338 quia
1942 2284 2071 2324 caro
2110 2281 2164 2326 et

573 2354 794 2423 sanguis
843 2371 950 2410 non
1006 2357 1276 2412 revelavit
1329 2358 1448 2423 tibi,
1479 2360 1576 2415 sed
1612 2359 1776 2414 Pater
1804 2376 1958 2416 meus
1981 2363 2076 2431 qui
2105 2364 2159 2417 in

574 2445 726 2500 cmlis
769 2455 872 2501 est.
906 2465 927 2498 ι
980 2444 1086 2502 Sed
1132 2461 1309 2517 neque
1352 2448 1405 2503 in
1455 2450 1694 2504 secunda
1733 2465 1797 2504 ac
1823 2451 2007 2517 tertia,
2040 2467 2163 2521 qua:

571 2534 768 2591 Joanni
814 2540 973 2608 vulgo
1016 2539 1390 2605 ascribuntur,
1437 2540 1720 2611 Epistolis,
1753 2543 2007 2613 quamvis
2034 2543 2161 2598 bre-

575 2627 838 2693 vissimis,
865 2627 1095 2685 Joannis
1114 2632 1435 2687 vocabulum
1467 2642 1702 2703 prostat.
1739 2650 1929 2690 verum
1954 2637 2160 2706 absque

575 2720 687 2774 ullo
744 2720 969 2777 nomine
1016 2719 1212 2777 Senior
1250 2725 1595 2780 inscribitur.
1640 2726 1796 2782 Alter
1839 2738 2022 2783 autem
2067 2730 2162 2787 ille

575 2827 684 2866 non
717 2812 855 2868 satis
886 2813 1080 2869 habuit
1111 2817 1330 2872 nomine
1376 2832 1476 2871 suo
1505 2818 1680 2874 semel
1708 2820 1858 2876 edito
1884 2827 2160 2880 narratio-

575 2915 699 2955 nem
737 2902 991 2973 deinceps
1022 2906 1277 2977 prosequi
1311 2924 1324 2960 :
1355 2907 1450 2961 sed
1485 2906 1679 2963 iterum
1714 2911 1913 2980 repetit
1942 2930 1956 2966 :
1995 2932 2012 2965 ι
2044 2914 2159 2987 Ego

569 2989 842 3060 Joannes,
895 2989 1070 3051 li’ater
1110 3005 1165 3052 et
1200 3013 1425 3053 consors
1475 3010 1655 3055 vester
1707 3002 1763 3057 in
1808 3004 2159 3063 tribulatione

2277 505 2448 572 δεῖξαι
2479 509 2590 571 τοῖς
2616 507 2821 571 δούλοις
2848 506 3013 560 αὑτοῦ
3039 509 3094 559 ὲν
3121 507 3297 577 τάχει.
3317 508 3422 560 Καὶ
3446 507 3721 576 ἐσήμανεν
3748 508 3879 559 ἁπο-

2280 600 2493 664 στείλας
2539 601 2630 654 διά
2659 600 2753 653 τοῦ
2785 600 3017 668 ἀγγέλου
3053 600 3216 653 αὑτοῦ
3244 599 3322 671 τῷ
3346 599 3518 671 δούλῳ
3551 601 3716 654 αὐτοῦ
3767 602 3853 655 Ἰω

2277 686 2413 760 άννῃ
2441 727 2455 749 ,
2505 686 2564 751 ὃς
2610 686 2959 758 ἐμαρτύρησε
3000 687 3091 741 τὸν
3141 689 3313 756 Λόγον
3353 689 3447 741 τοῦ
3485 688 3619 741 Θεοῦ
3650 690 3745 743 καὶ
3778 691 3875 761 τὴν

2279 777 2585 849 μαρτυρίαν
2613 778 2780 831 αὑτοῦ
2808 779 2909 832 ὅσα
2931 776 3089 833 εἶδεν.
3104 799 3123 831 ι
3141 776 3274 833 Εἶτα
3296 780 3391 834 καὶ
3402 781 3722 853 Ἐπιστολὴν
3740 784 3876 855 γρά-

2276 885 2385 937 φει·
2407 887 2426 919 ι
2449 869 2700 940 Ἰωάννης
2722 872 2840 933 ταῖς
2864 870 3004 924 ἑπτὰ
3034 869 3382 940 Ἐκκλησίαις
3401 873 3519 935 ταῖς
3535 873 3592 924 ὲν
3612 874 3678 942 τῇ
3697 871 3869 943 Ἀσία,

2275 960 2434 1032 χάρις
2467 961 2596 1030 ὑμῖν
2626 961 2721 1015 καὶ
2753 963 2968 1033 εἰρήνη.
3006 982 3023 1012 ι
3044 962 3103 1015 'O
3129 962 3187 1015 δέ
3217 979 3280 1030 γε
3306 963 3719 1035 εὐαγγελιστὴς,
3748 965 3870 1018 οὐδὲ

2273 1060 2371 1129 τῆς
2385 1058 2680 1126 καθολικῆς
2697 1057 2984 1129 ἐπιστολῆς
3007 1057 3357 1131 προέγραψεν
3379 1057 3573 1112 ἑαυτοῦ
3595 1060 3655 1112 τὸ
3676 1060 3866 1131 ὄνομα,

2272 1149 2410 1202 ἀλλά
2438 1150 2747 1222 ἁπερίττως
2782 1149 2878 1203 ἀπ’
2910 1151 3077 1203 αὐτοῦ
3109 1149 3203 1203 τοῦ
3243 1152 3543 1223 μυστηρίου
3581 1153 3680 1224 τῆς
3717 1153 3869 1220 θείας

2285 1242 2699 1311 Ἀποκαλύφεως
2742 1241 2961 1313 ἤρξατοο
2995 1264 3012 1294 ι
3046 1244 3112 1295 Ὃ
3155 1239 3223 1314 ἦν
3250 1244 3344 1296 ἀπ’
3379 1245 3573 1316 ἀρχῆς,
3595 1244 3624 1297 ὃ
3665 1246 3868 1316 ἀκηκό-

2272 1351 2433 1403 αμεν,
2453 1334 2480 1386 ὃ
2496 1334 2820 1405 ἑωράκαμεν
2852 1338 2965 1399 τοῖς
2982 1334 3280 1405 ὀφθαλμοῖς
3302 1338 3333 1407 ἡ
3346 1335 3481 1406 μῶν.
3495 1355 3513 1388 ι
3548 1336 3673 1390 Ἐπὶ
3695 1338 3866 1411 ταύτῃ

2271 1426 2379 1496 γάρ
2398 1428 2462 1497 τῇ
2505 1425 2871 1496 Ἀποκαλύψει
2905 1429 2999 1480 καὶ
3029 1430 3057 1479 6
3087 1427 3291 1499 Κύριος
3316 1428 3406 1479 τὸν
3424 1428 3631 1500 Πέτρον
3656 1430 3868 1500 ἐμακά-

2274 1534 2422 1589 ρισεν
2469 1518 2659 1573 εἰπών·
2697 1541 2715 1571 v
2744 1520 3030 1591 Μακάριος
3081 1515 3151 1582 εἷ,
3194 1521 3378 1591 Σίμων
3431 1520 3535 1592 βὰρ
3578 1523 3754 1585 Ἰωνᾶ,
3782 1524 3865 1575 ὅτι

2273 1610 2411 1682 σάρξ
2439 1613 2532 1665 καὶ
2559 1607 2698 1683 αἷμα
2722 1613 2823 1665 οὐκ
2849 1612 3167 1681 ἀποκάλυψέ
3201 1629 3305 1676 σοι,
3338 1611 3453 1666 ἀλλ’
3478 1616 3507 1667 6
3534 1614 3723 1686 Πατήρ
3759 1633 3862 1686 μου

2270 1705 2298 1756 ὁ
2326 1705 2594 1778 οὐράνιος.
2622 1725 2640 1758 δ
2663 1705 2804 1759 Ἀλλ’
2830 1706 2949 1760 οὐδὲ
2978 1708 3035 1760 ὲν
3051 1709 3118 1777 τῇ
3144 1705 3373 1779 δευτέρᾳ
3390 1707 3663 1780 φερομένῃ
3691 1709 3866 1762 Ἰωάνα

2272 1817 2363 1851 νου
2385 1799 2479 1853 καὶ
2506 1800 2684 1872 τρίτῃ,
2712 1800 2887 1853 καίτοι
2917 1798 3197 1870 βραχείαις
3228 1797 3417 1864 οὔσαις
3453 1800 3812 1865 Ἐπιστολαῖς,
3834 1802 3865 1854 6

2287 1889 2541 1961 Ἰωάννης
2569 1890 2829 1961 ὀνομαστὶ
2852 1890 3162 1962 πρόκειται,
3188 1890 3324 1944 ἀλλὰ
3360 1889 3641 1963 ἀνώνυμος
3672 1894 3700 1944 6
3718 1894 3864 1960 Πρε-

2275 1985 2567 2051 σϐύτερος
2594 1983 2928 2055 γέγραπται.
2959 1975 3128 2046 Οῦτος
3151 1982 3208 2035 δέ
3237 1998 3301 2051 γε
3327 1981 3446 2035 οὐδὲ
3462 1980 3731 2055 αὔταρκες
3750 1981 3865 2035 ἐνό-

2275 2093 2430 2146 μισεν
2458 2076 2690 2142 εἰσάπαξ
2717 2077 2906 2130 ἑαυτὸν
2944 2076 3249 2147 ὀνομάσας,
3280 2074 3586 2147 διηγεῖσθαι
3614 2075 3683 2128 τὰ
3712 2075 3861 2145 ἑξῆς,

2270 2170 2406 2224 ἀλλά
2448 2171 2609 2225 πάλιν
2636 2170 3025 2241 ἀναλαμϐάνει⁸
3056 2191 3075 2223 ι
3117 2171 3258 2241 Ἐγὼ
3304 2172 3555 2243 Ἰωάννης
3581 2170 3609 2223 6
3635 2170 3862 2240 ἀδελφὸς

2270 2260 2444 2332 ὑμῶν,
2478 2263 2575 2316 καὶ
2602 2262 2961 2331 συγκοινωνὸς
2986 2265 3125 2335 ὲντῇ
3146 2263 3321 2335 θλίψει
3351 2262 3445 2317 καὶ
3471 2261 3738 2333 βασιλείᾳ,
3767 2264 3863 2319 καὶ

2271 2356 2328 2407 ἐν
2357 2355 2601 2427 ὑπομονῇ
2639 2355 2835 2425 Ἰησοῦ,
2867 2355 3131 2428 ἐγενόμην
3177 2356 3234 2409 ὲν
3275 2359 3341 2427 τῇ
3373 2359 3520 2428 νήσῳ
3550 2356 3616 2427 τῇ
3663 2354 3861 2409 καλου-

2272 2447 2407 2520 μένῃ
2442 2449 2670 2520 Πάτμῳ,
2693 2449 2782 2503 διὰ
2808 2449 2901 2503 τὸν
2924 2449 3094 2518 Λόγον
3124 2448 3218 2502 τοῦ
3245 2447 3380 2501 Θεοῦ
3410 2448 3505 2502 καὶ
3525 2448 3626 2518 τὴν
3660 2463 3863 2518 μαρτυ-

2271 2539 2392 2611 ρίαν
2430 2541 2625 2612 Ἰησοῦ.
2649 2561 2668 2594 ι
2705 2542 2816 2596 Καὶ
2843 2542 2908 2613 δὴ
2940 2541 3047 2595 καῖ’
3064 2541 3199 2614 πρὸς
3224 2539 3302 2611 τῷ
3323 2540 3467 2594 τέλει
3495 2540 3668 2593 ταῦτα
3712 2535 3856 2592 εἴπεο

2274 2652 2291 2682 ε
2314 2633 2600 2706 Μακάριος
2626 2636 2655 2687 6
2676 2632 2858 2705 τηρῶν
2890 2636 3015 2697 τοὺς
3041 2633 3233 2702 λόγους
3256 2630 3358 2701 τῆς
3392 2631 3732 2704 προφητείας
3763 2629 3858 2684 τοῦ

2268 2724 2476 2795 βιϐλίου
2509 2726 2720 2783 τοῦτον.
2742 2725 2913 2795 Κάγὼ
2952 2726 3205 2797 Ἰωάννης
3230 2727 3258 2779 6
3285 2725 3498 2796 βλέπων
3523 2726 3618 2779 καὶ
3643 2723 3859 2778 ἀκούων

2265 2815 2456 2870 ταῦτα.
2482 2836 2500 2868 ›
2525 2818 2644 2871 ’Ὁτι
2665 2818 2762 2888 μὲν
2783 2812 2874 2871 οῦν
2900 2816 3153 2888 Ἰωάννης
3184 2818 3329 2870 ἐστὶν
3350 2819 3380 2870 6
3404 2814 3576 2871 ταῦτα
3604 2815 3854 2889 γράφων,

2265 2908 2416 2979 αὐτῷ
2440 2908 2649 2977 λέγοντι
2681 2909 3000 2962 πιστευτέον
3019 2926 3032 2939 ο
3069 2912 3217 2973 ποῖος
3245 2908 3303 2962 δὲ
3330 2902 3503 2975 οὗτος,
3539 2908 3753 2980 ἄδηλον.
3779 2908 3853 2961 Οὐ

2265 3002 2374 3074 γὰρ
2407 2998 2559 3056 εἶπεν
2591 3001 2783 3055 ἑαυτὸν
2820 2997 2979 3064 εἶναι,
3012 3000 3087 3065 ὡς
3111 3003 3167 3053 ὲν
3195 3001 3275 3072 τῷ
3307 3001 3626 3072 Εὑαγγελίῳ
3659 2999 3857 3055 πολλα-

569 3092 625 3138 et
659 3099 824 3155 regno
858 3094 915 3140 et
946 3086 1000 3141 in
1059 3089 1321 3158 patientia
1358 3089 1524 3161 Jesu;
1573 3092 1650 3148 fui
1700 3094 1756 3149 in
1804 3096 1980 3152 insula
2037 3114 2159 3169 qua:

2265 3094 2382 3166 χοῦ,
2413 3095 2502 3149 τὸν
2531 3094 2891 3167 ἠγαπημένον
2928 3093 3033 3148 ὑπὸ
3056 3092 3150 3148 τοῦ
3185 3093 3391 3166 Κυρίου
3430 3092 3697 3166 μαθητὴν,
3732 3093 3855 3147 οὐδὲ

568 3174 791 3231 Patmos
825 3188 1073 3246 vocatur,
1110 3191 1332 3252 propter
1384 3182 1621 3239 Verbum
1673 3185 1767 3241 Dei
1801 3196 1857 3242 et
1911 3191 2161 3246 testimo-

2265 3187 2356 3241 τὸν
2378 3186 2606 3256 ἀδελφὸν
2647 3185 2928 3251 ’ῐακώὸου,
2957 3186 3078 3240 οὐδὲ
3110 3187 3202 3240 τὸν
3243 3187 3522 3257 αὐτόπτην
3561 3186 3657 3241 καλ⁵
3687 3187 3855 3258 αὐτή-

570 3268 719 3320 nium
771 3265 921 3324 Jesu.
962 3289 983 3322 ι
1026 3269 1095 3326 Ει
1159 3271 1260 3326 sub
1313 3271 1476 3327 linem
1528 3272 1656 3329 libri
1691 3290 1882 3333 rursus
1910 3279 2026 3336 haec
2060 3281 2159 3337 ad-

569 3360 651 3415 dit
683 3377 698 3415 :
731 3379 753 3413 ι
795 3361 995 3418 Beatus
1025 3365 1117 3434 qui
1141 3373 1326 3421 servat
1369 3363 1531 3420 verba
1575 3369 1875 3438 prophetiae
1900 3371 2025 3428 libri
2057 3374 2158 3429 hu-

560 3447 697 3518 jus,
764 3462 821 3509 et
865 3469 967 3524 ego
1009 3453 1252 3512 Joannes
1298 3456 1394 3527 qui
1443 3457 1561 3513 haec
1626 3459 1737 3514 vidi
1786 3471 1845 3517 et
1893 3464 2098 3523 audivi.
2132 3484 2154 3519 ι

565 3541 829 3598 Joannem
861 3545 1029 3615 igitur
1057 3562 1180 3603 esse
1224 3563 1509 3606 auctorem
1561 3551 1724 3621 hujus
1767 3552 1932 3620 libri,
1967 3556 2071 3627 ipsi
2105 3557 2158 3612 id

568 3634 862 3690 allirmanti
892 3636 1225 3694 credendum
1277 3651 1382 3696 est.
1427 3641 1534 3698 Sed
1572 3645 1828 3715 quisnam
1861 3645 1954 3702 ille
1989 3646 2159 3704 fuerit

567 3724 830 3792 Joannes,
863 3729 1159 3789 incertum.
1184 3732 1373 3802 Neque
1399 3736 1543 3791 enim
1573 3738 1813 3809 seipsum
1845 3753 1968 3795 esse
1999 3740 2152 3807 dicit,

569 3816 715 3871 sicut
753 3818 807 3873 in
838 3818 1133 3892 Evangelia
1163 3824 1358 3893 saepius
1386 3826 1610 3893 dicitur,
1638 3828 1969 3900 discipulum
2002 3831 2156 3888 illum

570 3920 733 3975 quem
776 3909 969 3965 dilexit
1016 3910 1301 3979 Dominus,
1336 3927 1431 3970 aut
1464 3917 1612 3972 illum
1646 3920 1738 3988 qui
1769 3935 1934 3991 supra
1964 3934 2158 3992 pectus

571 3999 789 4057 Domini
824 4005 1092 4071 reCubuit,
1124 4018 1213 4060 aut
1244 4008 1469 4063 lratrem
1499 4008 1686 4067 Jacobi
1719 4030 1733 4068 :
1765 4023 1860 4068 aut
1892 4014 2040 4069 illum
2064 4018 2158 4070 de-

569 4095 737 4164 nique
770 4096 867 4166 qui
912 4095 1203 4153 Dominum
1252 4099 1390 4154 vidit
1440 4110 1607 4171 atque
1655 4104 1890 4161 audivit.
1933 4106 2157 4176 Aliquid

568 4187 942 4245 enim—horum
974 4205 1095 4259 qua:
1131 4204 1432 4247 memorata
1469 4205 1596 4249 sunt
1620 4209 1773 4252 certe
1820 4197 2077 4262 dixisset,
2107 4198 2156 4254 si

568 4279 809 4349 seipsum
862 4281 1068 4352 liquido
1118 4284 1383 4339 voluisset
1438 4290 1751 4344 05tendere.
1801 4289 1911 4345 Sed
1963 4290 2156 4345 horum

2262 3296 2390 3333 κοον
2418 3277 2512 3332 τοῦ
2551 3279 2757 3352 Κυρίου
2793 3278 3104 3349 γενόμενον.
3142 3274 3278 3332 Εἷπε
3311 3277 3420 3351 γὰρ
3456 3279 3522 3333 ἄν
3564 3295 3618 3331 τι
3649 3278 3854 3332 τούτων

2263 3373 2371 3429 τῶν
2403 3371 2918 3445 προδεδηλωμένων,
2950 3370 3137 3441 σαφῶς
3164 3371 3355 3424 ἑαυτὸν
3397 3370 3698 3442 ἐμφανίσαι
3730 3369 3850 3441 βου-

2260 3463 2506 3536 λόμενος.
2554 3463 2715 3519 Ἀλλὰ
2741 3463 2948 3518 τούτων
2978 3464 3077 3535 μὲν
3104 3463 3277 3517 οὐδέν.
3326 3461 3576 3531 Ἀδελφδν
3604 3462 3660 3516 δὲ
3691 3461 3851 3533 ἡμῶν

2261 3557 2358 3611 καὶ
2391 3555 2754 3626 συγκοινωνὸν
2787 3552 2908 3609 εἷπε
2952 3555 3047 3609 καὶ
3095 3555 3347 3627 μάρτυρα
3385 3554 3583 3628 Ἰησοῦ,
3617 3555 3711 3609 καὶ
3750 3572 3856 3626 μα-

2260 3650 2455 3722 κάριον
2483 3651 2574 3703 ἐπὶ
2602 3652 2668 3720 τῇ
2703 3649 2803 3721 θέᾳ
2842 3649 2937 3702 καὶ
2961 3650 3098 3720 ἀκοῇ
3127 3648 3236 3704 τῶν
3265 3647 3683 3718 ἀποκαλύψεων.
3716 3647 3854 3702 Πολ-

2259 3739 2386 3804 λοὺς
2410 3739 2465 3792 δὲ
2494 3738 2817 3810 ὁμωνύμους
2856 3739 3075 3809 Ἰωάννῃ
3102 3737 3178 3809 τῷ
3203 3738 3485 3809 ἀποστόλῳ
3521 3736 3728 3809 νομίζω
3762 3755 3854 3806 γε-

2259 3832 2495 3902 γονέναι,
2526 3833 2575 3885 οἳ
2604 3830 2691 3884 διὰ
2722 3830 2816 3902 τὴν
2840 3831 2977 3902 πρὸς
3009 3832 3215 3883 ἐκεῖνον
3240 3831 3480 3901 ἀγάπην,
3507 3831 3601 3883 καὶ
3631 3830 3691 3882 τὸ
3724 3829 3853 3882 θαυ-

2263 3923 2455 3996 μάζειν
2491 3926 2585 3977 καὶ
2611 3922 2829 3994 ζηλοῦν,
2854 3921 3209 3994 ἁγαπηθῆναί
3239 3939 3298 3975 τε
3331 3922 3532 3994 ὁμοίως
3560 3921 3709 3993 αὐτῷ
3737 3921 3853 3993 βού-

2258 4016 2446 4070 λεσθαι
2472 4016 2577 4069 ὑπὸ
2608 4013 2703 4067 τοῦ
2742 4013 2947 4086 Κυρίου
2975 4054 2989 4078 ,
3019 4013 3115 4066 καὶ
3154 4013 3253 4084 τὴν
3283 4013 3598 4083 ἐπωνυμίαν
3629 4012 3725 4083 τὴν
3754 4014 3851 4066 αὑ-

2257 4106 2357 4177 τὴν
2390 4106 2730 4175 ἠσπάσαντο.
2770 4105 2983 4176 Ὥσπερ
3014 4104 3110 4158 καὶ
3137 4106 3165 4157 ὁ
3201 4103 3411 4166 Παῦλος
3455 4103 3622 4168 πολὺς
3666 4103 3759 4158 καὶ
3786 4103 3849 4176 δὴ

2259 4201 2405 4254 καὶὸ
2444 4199 2649 4270 Πέτρος
2697 4200 2755 4251 ὲν
2800 4199 2912 4261 τοῖς
2959 4195 3070 4249 τῶν
3114 4195 3319 4249 πιστῶν
3362 4196 3551 4250 παισὶν
3582 4195 3847 4267 ὀνομάζε-

2257 4309 2347 4345 ται
2382 4291 2478 4361 (4).
2514 4291 2669 4343 Ἐστι
2716 4289 2813 4360 μὲν
2852 4286 2946 4341 οῦν
2987 4288 3081 4341 καὶ
3114 4288 3300 4360 ἕτερος
3338 4288 3591 4359 Ἰωάννης
3631 4290 3689 4341 ὲν
3726 4291 3848 4353 ταῖς

567 4371 789 4441 quidem
822 4374 957 4429 nihil
984 4376 1170 4446 posuit
1203 4391 1219 4430 :
1258 4376 1477 4432 fratrem
1502 4395 1631 4435 vero
1657 4382 1921 4437 duntaxat
1950 4391 2006 4439 et
2034 4398 2159 4437 con-

2265 4387 2499 4459 Πράξεσι
2543 4384 2652 4439 τῶν
2696 4384 3009 4438 ἀποστόλων
3045 4386 3074 4436 6
3126 4366 3445 4456 ἐπικληθεὶς
3483 4386 3738 4457 Μάρκος·
3788 4386 3848 4440 εν

569 4472 771 4521 sortem
793 4465 959 4537 275
986 4477 1233 4524 nostrum
1262 4484 1385 4526 sese
1412 4470 1722 4542 appellavit,
1753 4482 1809 4530 et
1841 4483 2032 4530 testem
2060 4472 2153 4529 Je-

2265 4478 2545 4552 Βαρνάϐας
2589 4478 2685 4532 καὶ
2724 4476 2937 4540 Παῦλος
2973 4478 3187 4537 ἑαυτοῖς
3232 4476 3691 4549 συμπαρέλαϐον,
3720 4477 3848 4549 περὶ

570 4568 670 4620 su;
698 4554 914 4613 beatum
949 4558 1186 4632 denique
1219 4563 1290 4619 ob
1322 4564 1494 4620 visam
1525 4574 1694 4636 atque
1740 4568 1986 4624 auditam
2044 4569 2151 4624 Re-

2265 4565 2317 4625 οῦ
2339 4571 2433 4625 καὶ
2449 4569 2608 4624 πάλιν
2632 4568 2796 4637 λέγει·
2811 4587 2830 4620 ι
2854 4564 3014 4639 Εἶχον
3035 4568 3092 4621 δὲ
3116 4568 3211 4622 καὶ
3241 4569 3496 4641 Ἰωάννην
3512 4570 3841 4641 ὑπηρέτην.»

566 4642 911 4704 velationem.
969 4651 1051 4706 Ac
1116 4653 1387 4724 plurimos
1451 4657 1670 4728 quidem
1731 4657 1906 4717 fuisse
1954 4661 2153 4731 opinor

2265 4663 2320 4717 Εἰ
2351 4662 2409 4716 δὲ
2431 4656 2585 4723 οὗτος
2612 4662 2640 4714 6
2662 4658 2879 4731 γράψας
2906 4659 3053 4711 ἐστὶν
3074 4698 3089 4723 ,
3115 4658 3215 4711 οὐκ
3253 4657 3320 4711 ἂν
3352 4658 3516 4731 φαίην
3541 4676 3554 4688 ·
3583 4660 3706 4713 οὐδὲ
3736 4661 3847 4731 γὰρ

560 4732 759 4793 Joanni
803 4740 1054 4809 apostolo
1100 4746 1488 4815 cognomines,
1518 4749 1609 4817 qui
1650 4760 1873 4819 propter
1906 4752 2150 4823 singula-

2265 4752 2482 4825 ἀφῖχθαι
2509 4754 2605 4807 σὺν
2639 4753 2821 4815 αὐτοῖς
2851 4752 2930 4814 είς
2957 4749 3055 4822 τὴν
3081 4750 3263 4804 Ἀσίαν
3290 4750 3620 4823 γέγραπται.
3646 4771 3664 4804 ι
3687 4752 3846 4807 Ἀλλά

562 4840 680 4881 rem
710 4842 841 4898 erga
873 4829 1025 4886 illum
1068 4835 1504 4894 benevolentiam
1527 4878 1544 4905 ,
1595 4851 1651 4895 et
1683 4843 1829 4911 quod
1871 4844 2149 4901 hominem

2265 4845 2581 4917 ἀναχθέντες
2616 4844 2734 4916 μὲν,
2762 4844 2944 4915 φησὶν,
2978 4843 3086 4896 ἀπὸ
3114 4844 3213 4914 τῆς
3237 4844 3424 4914 Πάφου
3452 4846 3502 4899 οί
3537 4846 3665 4917 περὶ
3698 4845 3845 4899 Παῦ-

563 4916 898 4975 mirarentur
924 4936 990 4979 ac
1014 4926 1358 4995 suspicerent
1382 4969 1398 4995 ,
1429 4937 1484 4984 et
1512 4930 1741 4999 perinde
1769 4948 1833 4987 ac
1865 4933 1954 4988 ille
1980 4950 2010 4989 a
2045 4934 2153 4990 Do-

2250 4938 2363 5002 λον,
2395 4933 2560 5009 ἦλθον
2606 4937 2685 5001 είς
2712 4936 2931 5006 Πέργην
2958 4934 3057 5005 τῆς
3101 4935 3445 5007 Παμφυλίας.
3491 4936 3745 5007 Ἰωάννης
3787 4936 3845 4990 δὲ

562 5007 713 5063 mino
749 5010 899 5083 diligi
939 5015 1231 5083 ambirent,
1258 5020 1360 5075 hoc
1393 5035 1812 5092 cognomentum
1849 5026 2149 5083 adamave-

2265 5007 2615 5102 ἱιποχωρήσας
2636 5029 2729 5083 ἀπ’
2757 5027 2955 5091 αὐτῶν,
2972 5026 3309 5099 ὑπέστρεψεν
3331 5030 3412 5092 είς
3442 5027 3838 5099 Ἰεροσόλυμα.»

563 5099 1174 5172 rint:quemadmodum
1199 5125 1264 5165 ex
1288 5111 1525 5168 lidelium
1544 5113 1735 5170 liberis
1764 5116 1963 5171 multos
1992 5116 2143 5173 Pauli

636 5213 886 5303 (θῃἘν
923 5219 1065 5303 ’τοῖς
1119 5223 1238 5303 ante
1286 5226 1799 5303 :t‘gtérhamwlr
1845 5231 2145 5303 evomit}:-

563 5285 1005 5373 lﬁotandus
1040 5285 1133 5348 est
1187 5295 1277 5351 hic
1329 5299 1574 5373 Dionysii
1610 5285 2149 5373 _locu_s‘dear'itiqua

562 5355 1018 5442 C‘Iiristianorum
1045 5355 1577 5442 consuetudine,'qui
1607 5370 1756 5425 Petri
1783 5355 2077 5442 Paulique}
2094 5355 2153 5428 et

565 5427 798 5513 aliorum
867 5441 1184 5513 sanctorum
1233 5427 1472 5513 nomina:
1504 5427 1698 5513 liberis
1747 5444 1863 5497 suis
1906 5427 2151 5513 impone—

563 5496 723 5582 baut,
748 5502 1116 5582 tur-nhhonoris
1140 5521 1207 5582 ac
1242 5506 1639 5582 benevolentia:
1685 5496 1872 5577 causa,
1910 5496 2039 5567 tuin
2086 5496 2148 5567 ut

567 5566 726 5654 liberi
751 5574 834 5625 sui
858 5572 1154 5654 De‘oncnhari
1180 5580 1507 5654 acceptique
1550 5566 1757 5646 essent,
1804 5566 1937 5654 non,
1969 5566 2151 5640 minus

564 5653 730 5721 quam
763 5643 944 5721 sancti
973 5643 1332 5721 illifnerant.‘
1357 5643 1495 5721 Hinc
1534 5663 1621 5708 est
1642 5643 1785 5720 quod
1813 5652 2147 5721 Chrysosw-

566 5723 692 5791 unus
719 5715 780 5791 in.
802 5720 947 5767 tomo
982 5715 1183 5791 primo,
1210 5718 1268 5774 in
1319 5715 1879 5791 oraliouerde'sancto
1904 5715 2144 5791 Meletio,

568 5779 938 5840 Antiochenos
960 5779 1110 5844 tanta
1132 5786 1511 5848 benevolentia
1536 5790 1811 5849 Meletium
1831 5779 2144 5867 complexos

2254 5118 2445 5172 Ἀλλον
2488 5118 2547 5171 δέ
2585 5134 2706 5170 τινα
2733 5113 2890 5188 οἶμαι
2914 5115 3023 5169 τῶν
3065 5118 3124 5169 ἐν
3166 5117 3321 5189 Ἀσίᾳ
3346 5118 3686 5189 γενομένων”
3718 5118 3843 5172 ἐπεὶ

2254 5249 2380 5289 esse
2408 5235 2629 5301 scribit,
2679 5242 2739 5288 ut
2790 5241 3049 5302 parentes
3094 5233 3283 5288 liberis
3316 5234 3431 5288 suis
3462 5249 3658 5288 nomen
3695 5233 3840 5289 illius

2255 5308 2622 5372 imponerent.
2671 5320 2783 5374 quo
2827 5305 3045 5358 domum
3083 5319 3238 5358 suam
3273 5302 3391 5371 ejus
3425 5304 3708 5372 praesentia
3742 5319 3841 5374 ex-

2252 5384 2536 5431 Ornareut.
2567 5372 2710 5430 Ideni
2758 5375 3210 5443 Chrysostomus,
3259 5374 3483 5429 homllia
3529 5376 3593 5430 21
3646 5375 3701 5428 in
3742 5372 3843 5428 Ge-

2256 5446 2455 5512 uesim,
2488 5446 2768 5501 auditores
2792 5459 2923 5500 suos
2959 5446 3237 5508 hortatur,
3272 5454 3331 5498 ut
3364 5460 3473 5500 non
3506 5445 3713 5514 quaevis
3745 5462 3841 5498 no-

2256 5516 2403 5570 mina
2437 5527 2642 5571 temere
2666 5531 2731 5570 ac
2765 5516 3011 5580 fortuito,
3050 5528 3151 5569 nec
3185 5529 3413 5569 avorum
3460 5525 3557 5569 aut
3607 5530 3840 5585 proavo-

2256 5602 2399 5650 rum,
2433 5596 2527 5640 aut
2554 5587 2850 5642 illustrium
2882 5585 3156 5645 virorum,
3188 5585 3281 5639 sed
3310 5594 3627 5641 sanctorum
3656 5585 3837 5654 potius

2254 5657 2539 5711 hominum
2593 5657 2688 5726 qui
2720 5655 3031 5726 virtutibus
3066 5654 3423 5721 refulserunt,
3479 5656 3671 5711 liberis
3724 5655 3839 5710 suis

2255 5728 2540 5795 imponant
2573 5725 2994 5795 appellationes,
3025 5736 3085 5782 ut
3113 5738 3305 5781 eorum
3337 5726 3592 5796 exemplo
3628 5728 3695 5783 ad
3736 5726 3841 5780 vir-

2258 5808 2424 5853 tutem
2454 5798 2835 5854 incendantur.
