  <div class='ocr_page' id='page_1' title='image "/cluster/home/n/w/nwhite01/storage/ocr_20150623/20:no.2/coo.31924054873009/362.png"; bbox 0 0 4220 6400; ppageno 0'>
   <div class='ocr_carea' id='block_1_1' title="bbox 346 378 3619 445">
    <p class='ocr_par' dir='ltr' id='par_1_1' title="bbox 346 378 3619 445">
     <span class='ocr_line' id='line_1_1' title="bbox 346 378 3619 445; baseline 0.003 -12"><span class='ocrx_word' id='word_1_1' title='bbox 346 378 447 433; x_wconf 81' lang='grc'><strong>701</strong></span> <span class='ocrx_word' id='word_1_2' title='bbox 1336 380 1687 437; x_wconf 57' lang='lat' dir='ltr'><strong>HISTORIA]</strong></span> <span class='ocrx_word' id='word_1_3' title='bbox 1724 380 2281 439; x_wconf 58' lang='lat' dir='ltr'><strong>ECCLESIASTICJE</strong></span> <span class='ocrx_word' id='word_1_4' title='bbox 2323 385 2451 441; x_wconf 86' lang='lat' dir='ltr'><strong>LIB.</strong></span> <span class='ocrx_word' id='word_1_5' title='bbox 2492 384 2607 441; x_wconf 81' lang='lat' dir='ltr'><strong>VII.</strong></span> <span class='ocrx_word' id='word_1_6' title='bbox 3512 391 3619 445; x_wconf 75' lang='lat'><strong>702</strong></span> 
     </span>
    </p>
   </div>
   <div class='ocr_carea' id='block_1_2' title="bbox 349 491 1951 573">
    <p class='ocr_par' dir='ltr' id='par_1_2' title="bbox 349 491 1941 569">
     <span class='ocr_line' id='line_1_2' title="bbox 349 491 1941 569; baseline 0.003 -22"><span class='ocrx_word' id='word_1_7' title='bbox 349 494 443 547; x_wconf 72' lang='grc' dir='ltr'><strong>καὶ</strong></span> <span class='ocrx_word' id='word_1_8' title='bbox 488 491 581 545; x_wconf 81' lang='grc' dir='ltr'><strong>δύο</strong></span> <span class='ocrx_word' id='word_1_9' title='bbox 623 494 785 562; x_wconf 65' lang='grc' dir='ltr'>φασιν</span> <span class='ocrx_word' id='word_1_10' title='bbox 832 496 891 547; x_wconf 90' lang='grc' dir='ltr'><strong>ἑν</strong></span> <span class='ocrx_word' id='word_1_11' title='bbox 947 494 1157 565; x_wconf 72' lang='grc' dir='ltr'><strong>Ἐφέσῳ</strong></span> <span class='ocrx_word' id='word_1_12' title='bbox 1198 496 1452 564; x_wconf 77' lang='grc' dir='ltr'>γενέσθαι</span> <span class='ocrx_word' id='word_1_13' title='bbox 1510 500 1807 569; x_wconf 88' lang='grc' dir='ltr'>μνήματα,</span> <span class='ocrx_word' id='word_1_14' title='bbox 1847 499 1941 553; x_wconf 79' lang='grc' dir='ltr'>καὶ</span> 
     </span>
    </p>
   </div>
   <div class='ocr_carea' id='block_1_3' title="bbox 2058 491 3615 573">
    <p class='ocr_par' dir='ltr' id='par_1_3' title="bbox 2058 500 3615 573">
     <span class='ocr_line' id='line_1_3' title="bbox 2058 500 3615 573; baseline 0.004 -21"><span class='ocrx_word' id='word_1_15' title='bbox 2058 500 2300 568; x_wconf 78' lang='lat' dir='ltr'><strong>Petrique</strong></span> <span class='ocrx_word' id='word_1_16' title='bbox 2332 503 2644 559; x_wconf 84' lang='lat' dir='ltr'><strong>nominibus</strong></span> <span class='ocrx_word' id='word_1_17' title='bbox 2690 503 2990 573; x_wconf 86' lang='lat' dir='ltr'><strong>appellatos</strong></span> <span class='ocrx_word' id='word_1_18' title='bbox 3017 506 3287 568; x_wconf 81' lang='lat' dir='ltr'><strong>videmus.</strong></span> <span class='ocrx_word' id='word_1_19' title='bbox 3331 505 3427 561; x_wconf 85' lang='lat' dir='ltr'><strong>Est</strong></span> <span class='ocrx_word' id='word_1_20' title='bbox 3455 506 3615 559; x_wconf 88' lang='lat' dir='ltr'><strong>etiam</strong></span> 
     </span>
    </p>
   </div>
   <div class='ocr_carea' id='block_1_4' title="bbox 348 586 1951 665">
    <p class='ocr_par' dir='ltr' id='par_1_4' title="bbox 348 586 1938 662">
     <span class='ocr_line' id='line_1_4' title="bbox 348 586 1938 662; baseline 0.003 -23"><span class='ocrx_word' id='word_1_21' title='bbox 348 586 608 659; x_wconf 80' lang='grc' dir='ltr'>ἑκάτερον</span> <span class='ocrx_word' id='word_1_22' title='bbox 652 587 897 641; x_wconf 78' lang='grc' dir='ltr'><strong>Ἰωάννου</strong></span> <span class='ocrx_word' id='word_1_23' title='bbox 927 587 1200 656; x_wconf 80' lang='grc' dir='ltr'>λέγεσθαι.</span> <span class='ocrx_word' id='word_1_24' title='bbox 1235 590 1347 643; x_wconf 79' lang='grc' dir='ltr'><strong>Καὶ</strong></span> <span class='ocrx_word' id='word_1_25' title='bbox 1374 589 1485 643; x_wconf 82' lang='grc' dir='ltr'><strong>ἀπὸ</strong></span> <span class='ocrx_word' id='word_1_26' title='bbox 1511 591 1622 643; x_wconf 85' lang='grc' dir='ltr'><strong>τῶν</strong></span> <span class='ocrx_word' id='word_1_27' title='bbox 1651 590 1938 662; x_wconf 83' lang='grc' dir='ltr'><strong>νοημάτων</strong></span> 
     </span>
    </p>
   </div>
   <div class='ocr_carea' id='block_1_5' title="bbox 2058 586 3620 665">
    <p class='ocr_par' dir='ltr' id='par_1_5' title="bbox 2058 589 3620 665">
     <span class='ocr_line' id='line_1_5' title="bbox 2058 589 3620 665; baseline 0.003 -23"><span class='ocrx_word' id='word_1_28' title='bbox 2058 589 2179 645; x_wconf 72' lang='lat' dir='ltr'><strong>ilius</strong></span> <span class='ocrx_word' id='word_1_29' title='bbox 2207 590 2449 648; x_wconf 84' lang='lat' dir='ltr'><strong>Joannes</strong></span> <span class='ocrx_word' id='word_1_30' title='bbox 2489 593 2544 646; x_wconf 94' lang='lat' dir='ltr'><strong>in</strong></span> <span class='ocrx_word' id='word_1_31' title='bbox 2575 594 2802 650; x_wconf 83' lang='lat' dir='ltr'><strong>Actibus</strong></span> <span class='ocrx_word' id='word_1_32' title='bbox 2831 595 3221 665; x_wconf 89' lang='lat' dir='ltr'><strong>apostolorum,</strong></span> <span class='ocrx_word' id='word_1_33' title='bbox 3261 602 3620 664; x_wconf 80' lang='lat' dir='ltr'><strong>cognomento</strong></span> 
     </span>
    </p>
   </div>
   <div class='ocr_carea' id='block_1_6' title="bbox 349 679 1937 755">
    <p class='ocr_par' dir='ltr' id='par_1_6' title="bbox 349 679 1937 755">
     <span class='ocr_line' id='line_1_6' title="bbox 349 679 1937 755; baseline 0.003 -22"><span class='ocrx_word' id='word_1_34' title='bbox 349 680 407 733; x_wconf 83' lang='grc' dir='ltr'><strong>δὲ</strong></span> <span class='ocrx_word' id='word_1_35' title='bbox 435 680 528 733; x_wconf 80' lang='grc' dir='ltr'><strong>καὶ</strong></span> <span class='ocrx_word' id='word_1_36' title='bbox 565 679 674 733; x_wconf 86' lang='grc' dir='ltr'>τῶν</span> <span class='ocrx_word' id='word_1_37' title='bbox 721 682 981 752; x_wconf 78' lang='grc' dir='ltr'><strong>ῥημάτων</strong></span> <span class='ocrx_word' id='word_1_38' title='bbox 1015 682 1109 734; x_wconf 75' lang='grc' dir='ltr'><strong>καὶ</strong></span> <span class='ocrx_word' id='word_1_39' title='bbox 1155 682 1256 753; x_wconf 84' lang='grc' dir='ltr'>τῆς</span> <span class='ocrx_word' id='word_1_40' title='bbox 1282 683 1588 749; x_wconf 77' lang='grc' dir='ltr'>συντάξεως</span> <span class='ocrx_word' id='word_1_41' title='bbox 1616 684 1692 755; x_wconf 79' lang='grc'><strong>(5)</strong></span> <span class='ocrx_word' id='word_1_42' title='bbox 1736 684 1937 748; x_wconf 78' lang='grc' dir='ltr'>αὐτῶν,</span> 
     </span>
    </p>
   </div>
   <div class='ocr_carea' id='block_1_7' title="bbox 350 767 1935 847">
    <p class='ocr_par' dir='ltr' id='par_1_7' title="bbox 350 767 1935 847">
     <span class='ocr_line' id='line_1_7' title="bbox 350 767 1935 847; baseline 0.004 -25"><span class='ocrx_word' id='word_1_43' title='bbox 350 770 576 834; x_wconf 75' lang='grc' dir='ltr'><strong>εἰκότως</strong></span> <span class='ocrx_word' id='word_1_44' title='bbox 614 770 800 844; x_wconf 72' lang='grc' dir='ltr'>ἔτερος</span> <span class='ocrx_word' id='word_1_45' title='bbox 845 767 999 838; x_wconf 74' lang='grc' dir='ltr'>οὗτος</span> <span class='ocrx_word' id='word_1_46' title='bbox 1041 774 1171 845; x_wconf 87' lang='grc' dir='ltr'>παρ’</span> <span class='ocrx_word' id='word_1_47' title='bbox 1223 778 1431 828; x_wconf 87' lang='grc' dir='ltr'>ἑκεῖνον</span> <span class='ocrx_word' id='word_1_48' title='bbox 1482 775 1935 847; x_wconf 80' lang='grc' dir='ltr'>ὑπονοηθήσεται.</span> 
     </span>
    </p>
   </div>
   <div class='ocr_carea' id='block_1_8' title="bbox 351 862 1936 937">
    <p class='ocr_par' dir='ltr' id='par_1_8' title="bbox 351 862 1936 937">
     <span class='ocr_line' id='line_1_8' title="bbox 351 862 1936 937; baseline 0.003 -22"><span class='ocrx_word' id='word_1_49' title='bbox 351 862 643 933; x_wconf 77' lang='grc' dir='ltr'>Συνᾴδουσι</span> <span class='ocrx_word' id='word_1_50' title='bbox 692 863 794 933; x_wconf 84' lang='grc' dir='ltr'><strong>μὲν</strong></span> <span class='ocrx_word' id='word_1_51' title='bbox 825 863 934 935; x_wconf 86' lang='grc' dir='ltr'>γὰρ</span> <span class='ocrx_word' id='word_1_52' title='bbox 980 864 1231 934; x_wconf 82' lang='grc' dir='ltr'>ἀλλήλοις</span> <span class='ocrx_word' id='word_1_53' title='bbox 1282 866 1344 918; x_wconf 75' lang='grc' dir='ltr'>τὸ</span> <span class='ocrx_word' id='word_1_54' title='bbox 1386 866 1716 934; x_wconf 72' lang='grc' dir='ltr'>Εὐαγγέλιον</span> <span class='ocrx_word' id='word_1_55' title='bbox 1765 868 1860 920; x_wconf 76' lang='grc' dir='ltr'><strong>καὶ</strong></span> <span class='ocrx_word' id='word_1_56' title='bbox 1902 868 1936 937; x_wconf 85' lang='grc' dir='ltr'>ὴ</span> 
     </span>
    </p>
   </div>
   <div class='ocr_carea' id='block_1_9' title="bbox 365 953 1940 1028">
    <p class='ocr_par' dir='ltr' id='par_1_9' title="bbox 365 953 1940 1028">
     <span class='ocr_line' id='line_1_9' title="bbox 365 953 1940 1028; baseline 0.004 -23"><span class='ocrx_word' id='word_1_57' title='bbox 365 953 672 1025; x_wconf 84' lang='grc' dir='ltr'>Ἐπιστολὴ,</span> <span class='ocrx_word' id='word_1_58' title='bbox 708 954 904 1025; x_wconf 84' lang='grc' dir='ltr'>ὁμοίως</span> <span class='ocrx_word' id='word_1_59' title='bbox 930 972 992 1008; x_wconf 87' lang='grc' dir='ltr'><strong>τε</strong></span> <span class='ocrx_word' id='word_1_60' title='bbox 1018 955 1296 1028; x_wconf 83' lang='grc' dir='ltr'><strong>ἄρχονται.</strong></span> <span class='ocrx_word' id='word_1_61' title='bbox 1332 957 1406 1010; x_wconf 86' lang='grc' dir='ltr'>Τὸ</span> <span class='ocrx_word' id='word_1_62' title='bbox 1438 958 1536 1028; x_wconf 85' lang='grc' dir='ltr'>μέν</span> <span class='ocrx_word' id='word_1_63' title='bbox 1585 975 1769 1028; x_wconf 82' lang='grc' dir='ltr'>φησιν,</span> <span class='ocrx_word' id='word_1_64' title='bbox 1796 976 1812 1008; x_wconf 81' lang='grc' dir='ltr'><strong>ι</strong></span> <span class='ocrx_word' id='word_1_65' title='bbox 1850 958 1940 1011; x_wconf 86' lang='grc' dir='ltr'>Ἐν</span> 
     </span>
    </p>
   </div>
   <div class='ocr_carea' id='block_1_10' title="bbox 353 1042 1937 1122">
    <p class='ocr_par' dir='ltr' id='par_1_10' title="bbox 353 1042 1937 1122">
     <span class='ocr_line' id='line_1_10' title="bbox 353 1042 1937 1122; baseline 0.001 -21"><span class='ocrx_word' id='word_1_66' title='bbox 353 1046 496 1117; x_wconf 81' lang='grc' dir='ltr'>ἀρχῇ</span> <span class='ocrx_word' id='word_1_67' title='bbox 512 1042 579 1117; x_wconf 78' lang='grc' dir='ltr'>ἦν</span> <span class='ocrx_word' id='word_1_68' title='bbox 606 1048 635 1099; x_wconf 87' lang='grc' dir='ltr'>ὀ</span> <span class='ocrx_word' id='word_1_69' title='bbox 662 1046 851 1115; x_wconf 84' lang='grc' dir='ltr'><strong>Λόγος·</strong></span> <span class='ocrx_word' id='word_1_70' title='bbox 866 1066 884 1100; x_wconf 79' lang='grc' dir='ltr'><strong>ι</strong></span> <span class='ocrx_word' id='word_1_71' title='bbox 906 1046 1059 1119; x_wconf 82' lang='grc' dir='ltr'>ήδὲ,‹</span> <span class='ocrx_word' id='word_1_72' title='bbox 1077 1050 1141 1102; x_wconf 90' lang='grc' dir='ltr'>Ὅ</span> <span class='ocrx_word' id='word_1_73' title='bbox 1164 1045 1232 1120; x_wconf 81' lang='grc' dir='ltr'>ἦν</span> <span class='ocrx_word' id='word_1_74' title='bbox 1252 1051 1524 1122; x_wconf 82' lang='grc' dir='ltr'>ἀπαρχῆς.</span> <span class='ocrx_word' id='word_1_75' title='bbox 1538 1070 1556 1101; x_wconf 74' lang='grc' dir='ltr'><strong>ι</strong></span> <span class='ocrx_word' id='word_1_76' title='bbox 1579 1051 1652 1104; x_wconf 78' lang='grc' dir='ltr'>Τὸ</span> <span class='ocrx_word' id='word_1_77' title='bbox 1672 1050 1771 1122; x_wconf 82' lang='grc' dir='ltr'>μέν</span> <span class='ocrx_word' id='word_1_78' title='bbox 1784 1069 1937 1122; x_wconf 80' lang='grc' dir='ltr'>φησι,</span> 
     </span>
    </p>
   </div>
   <div class='ocr_carea' id='block_1_11' title="bbox 359 1136 1939 1216">
    <p class='ocr_par' dir='ltr' id='par_1_11' title="bbox 359 1136 1939 1216">
     <span class='ocr_line' id='line_1_11' title="bbox 359 1136 1939 1216; baseline 0.006 -27"><span class='ocrx_word' id='word_1_79' title='bbox 359 1153 380 1188; x_wconf 76' lang='grc' dir='ltr'><strong>ι</strong></span> <span class='ocrx_word' id='word_1_80' title='bbox 402 1136 512 1189; x_wconf 78' lang='grc' dir='ltr'>Καὶ</span> <span class='ocrx_word' id='word_1_81' title='bbox 546 1140 575 1191; x_wconf 86' lang='grc' dir='ltr'><strong>ό</strong></span> <span class='ocrx_word' id='word_1_82' title='bbox 607 1138 779 1208; x_wconf 82' lang='grc' dir='ltr'><strong>Λόγος</strong></span> <span class='ocrx_word' id='word_1_83' title='bbox 807 1140 945 1212; x_wconf 79' lang='grc' dir='ltr'>σάρξ</span> <span class='ocrx_word' id='word_1_84' title='bbox 978 1143 1215 1209; x_wconf 84' lang='grc' dir='ltr'>ἐγένετο,</span> <span class='ocrx_word' id='word_1_85' title='bbox 1248 1145 1342 1197; x_wconf 78' lang='grc' dir='ltr'><strong>καὶ</strong></span> <span class='ocrx_word' id='word_1_86' title='bbox 1371 1146 1680 1216; x_wconf 74' lang='grc' dir='ltr'>ἐσκήνωσεν</span> <span class='ocrx_word' id='word_1_87' title='bbox 1704 1148 1761 1199; x_wconf 84' lang='grc' dir='ltr'>ὲν</span> <span class='ocrx_word' id='word_1_88' title='bbox 1788 1147 1939 1216; x_wconf 78' lang='grc' dir='ltr'>ἡμῖν,</span> 
     </span>
    </p>
   </div>
   <div class='ocr_carea' id='block_1_12' title="bbox 354 1222 1943 1305">
    <p class='ocr_par' dir='ltr' id='par_1_12' title="bbox 354 1222 1943 1305">
     <span class='ocr_line' id='line_1_12' title="bbox 354 1222 1943 1305; baseline 0.006 -26"><span class='ocrx_word' id='word_1_89' title='bbox 354 1228 448 1280; x_wconf 75' lang='grc' dir='ltr'><strong>καὶ</strong></span> <span class='ocrx_word' id='word_1_90' title='bbox 476 1228 821 1300; x_wconf 77' lang='grc' dir='ltr'>ἐθεασάμεθα</span> <span class='ocrx_word' id='word_1_91' title='bbox 851 1232 949 1305; x_wconf 80' lang='grc' dir='ltr'>τὴν</span> <span class='ocrx_word' id='word_1_92' title='bbox 983 1222 1140 1297; x_wconf 82' lang='grc' dir='ltr'>δόξαν</span> <span class='ocrx_word' id='word_1_93' title='bbox 1173 1234 1370 1297; x_wconf 78' lang='grc' dir='ltr'>αὑτοῦ,</span> <span class='ocrx_word' id='word_1_94' title='bbox 1402 1235 1559 1299; x_wconf 80' lang='grc' dir='ltr'>δόξαν</span> <span class='ocrx_word' id='word_1_95' title='bbox 1590 1235 1666 1299; x_wconf 81' lang='grc' dir='ltr'>ὡς</span> <span class='ocrx_word' id='word_1_96' title='bbox 1705 1237 1943 1303; x_wconf 84' lang='grc' dir='ltr'>Μονογε-</span> 
     </span>
    </p>
   </div>
   <div class='ocr_carea' id='block_1_13' title="bbox 352 1316 1941 1397">
    <p class='ocr_par' dir='ltr' id='par_1_13' title="bbox 352 1316 1941 1397">
     <span class='ocr_line' id='line_1_13' title="bbox 352 1316 1941 1397; baseline 0.006 -29"><span class='ocrx_word' id='word_1_97' title='bbox 352 1316 479 1380; x_wconf 77' lang='grc' dir='ltr'>νοῦς</span> <span class='ocrx_word' id='word_1_98' title='bbox 511 1320 662 1390; x_wconf 73' lang='grc' dir='ltr'>παρὰ</span> <span class='ocrx_word' id='word_1_99' title='bbox 687 1322 920 1393; x_wconf 78' lang='grc' dir='ltr'>Πατρόςο</span> <span class='ocrx_word' id='word_1_100' title='bbox 946 1343 965 1375; x_wconf 75' lang='grc' dir='ltr'><strong>ι</strong></span> <span class='ocrx_word' id='word_1_101' title='bbox 997 1325 1031 1394; x_wconf 83' lang='grc' dir='ltr'>ἡ</span> <span class='ocrx_word' id='word_1_102' title='bbox 1053 1324 1109 1376; x_wconf 86' lang='grc' dir='ltr'><strong>δὲ</strong></span> <span class='ocrx_word' id='word_1_103' title='bbox 1137 1324 1207 1378; x_wconf 85' lang='grc' dir='ltr'><strong>τά</strong></span> <span class='ocrx_word' id='word_1_104' title='bbox 1238 1324 1378 1378; x_wconf 76' lang='grc' dir='ltr'>αὐτὰ</span> <span class='ocrx_word' id='word_1_105' title='bbox 1411 1325 1628 1397; x_wconf 88' lang='grc' dir='ltr'>σμικρῷ</span> <span class='ocrx_word' id='word_1_106' title='bbox 1661 1325 1941 1396; x_wconf 82' lang='grc' dir='ltr'>παρηλλα-</span> 
     </span>
    </p>
   </div>
   <div class='ocr_carea' id='block_1_14' title="bbox 353 1408 1944 1488">
    <p class='ocr_par' dir='ltr' id='par_1_14' title="bbox 353 1408 1944 1488">
     <span class='ocr_line' id='line_1_14' title="bbox 353 1408 1944 1488; baseline 0.006 -28"><span class='ocrx_word' id='word_1_107' title='bbox 353 1408 549 1479; x_wconf 68' lang='grc' dir='ltr'>γμένα*</span> <span class='ocrx_word' id='word_1_108' title='bbox 585 1429 603 1462; x_wconf 84' lang='grc' dir='ltr'><strong>ι</strong></span> <span class='ocrx_word' id='word_1_109' title='bbox 636 1414 700 1464; x_wconf 90' lang='grc' dir='ltr'>Ὃ</span> <span class='ocrx_word' id='word_1_110' title='bbox 730 1413 1068 1486; x_wconf 82' lang='grc' dir='ltr'>ἀκηκόαμεν,</span> <span class='ocrx_word' id='word_1_111' title='bbox 1097 1415 1126 1468; x_wconf 80' lang='grc' dir='ltr'>ὃ</span> <span class='ocrx_word' id='word_1_112' title='bbox 1148 1417 1473 1488; x_wconf 79' lang='grc' dir='ltr'>ἑωράκαμεν</span> <span class='ocrx_word' id='word_1_113' title='bbox 1505 1421 1616 1481; x_wconf 84' lang='grc' dir='ltr'>τοῖς</span> <span class='ocrx_word' id='word_1_114' title='bbox 1646 1418 1944 1488; x_wconf 78' lang='grc' dir='ltr'><strong>ὀφθαλμοῖς</strong></span> 
     </span>
    </p>
   </div>
   <div class='ocr_carea' id='block_1_15' title="bbox 352 1498 1945 1580">
    <p class='ocr_par' dir='ltr' id='par_1_15' title="bbox 352 1498 1945 1580">
     <span class='ocr_line' id='line_1_15' title="bbox 352 1498 1945 1580; baseline 0.009 -30"><span class='ocrx_word' id='word_1_115' title='bbox 352 1498 533 1569; x_wconf 79' lang='grc' dir='ltr'>ἡμῶν,</span> <span class='ocrx_word' id='word_1_116' title='bbox 559 1501 587 1555; x_wconf 86' lang='grc' dir='ltr'>ὃ</span> <span class='ocrx_word' id='word_1_117' title='bbox 630 1503 1006 1575; x_wconf 76' lang='grc' dir='ltr'>ἐθεασάμεθα,</span> <span class='ocrx_word' id='word_1_118' title='bbox 1039 1506 1135 1560; x_wconf 72' lang='grc' dir='ltr'><strong>καὶ</strong></span> <span class='ocrx_word' id='word_1_119' title='bbox 1166 1510 1220 1561; x_wconf 78' lang='grc' dir='ltr'>αἱ</span> <span class='ocrx_word' id='word_1_120' title='bbox 1251 1511 1432 1579; x_wconf 84' lang='grc' dir='ltr'>χεῖρες</span> <span class='ocrx_word' id='word_1_121' title='bbox 1465 1509 1621 1579; x_wconf 81' lang='grc' dir='ltr'>ἡμῶν</span> <span class='ocrx_word' id='word_1_122' title='bbox 1661 1508 1945 1580; x_wconf 69' lang='grc' dir='ltr'>ἐψηλάφη-</span> 
     </span>
    </p>
   </div>
   <div class='ocr_carea' id='block_1_16' title="bbox 359 1592 1938 1673">
    <p class='ocr_par' dir='ltr' id='par_1_16' title="bbox 359 1592 1938 1673">
     <span class='ocr_line' id='line_1_16' title="bbox 359 1592 1938 1673; baseline 0.008 -32"><span class='ocrx_word' id='word_1_123' title='bbox 359 1604 477 1654; x_wconf 87' lang='grc' dir='ltr'>σαν,</span> <span class='ocrx_word' id='word_1_124' title='bbox 495 1592 730 1664; x_wconf 73' lang='grc' dir='ltr'>περὶτοῦ</span> <span class='ocrx_word' id='word_1_125' title='bbox 753 1595 925 1664; x_wconf 86' lang='grc' dir='ltr'>Λόγου</span> <span class='ocrx_word' id='word_1_126' title='bbox 951 1597 1053 1667; x_wconf 82' lang='grc' dir='ltr'>τῆς</span> <span class='ocrx_word' id='word_1_127' title='bbox 1075 1596 1238 1668; x_wconf 81' lang='grc' dir='ltr'>ζωῆς·</span> <span class='ocrx_word' id='word_1_128' title='bbox 1265 1599 1407 1668; x_wconf 77' lang='grc' dir='ltr'>καὶὴ</span> <span class='ocrx_word' id='word_1_129' title='bbox 1432 1597 1544 1671; x_wconf 73' lang='grc' dir='ltr'><strong>ζωὴ</strong></span> <span class='ocrx_word' id='word_1_130' title='bbox 1565 1599 1904 1673; x_wconf 75' lang='grc' dir='ltr'>ἐφανερώθη.</span> <span class='ocrx_word' id='word_1_131' title='bbox 1920 1621 1938 1653; x_wconf 77' lang='grc' dir='ltr'><strong>ι</strong></span> 
     </span>
    </p>
   </div>
   <div class='ocr_carea' id='block_1_17' title="bbox 373 1683 1947 1763">
    <p class='ocr_par' dir='ltr' id='par_1_17' title="bbox 373 1683 1947 1763">
     <span class='ocr_line' id='line_1_17' title="bbox 373 1683 1947 1763; baseline 0.008 -28"><span class='ocrx_word' id='word_1_132' title='bbox 373 1683 556 1739; x_wconf 79' lang='grc' dir='ltr'>Ταῦτα</span> <span class='ocrx_word' id='word_1_133' title='bbox 583 1686 690 1759; x_wconf 75' lang='grc' dir='ltr'>γὰρ</span> <span class='ocrx_word' id='word_1_134' title='bbox 721 1690 1186 1761; x_wconf 81' lang='grc' dir='ltr'>προανακρούεται</span> <span class='ocrx_word' id='word_1_135' title='bbox 1215 1690 1629 1763; x_wconf 83' lang='grc' dir='ltr'>διατεινόμενος,</span> <span class='ocrx_word' id='word_1_136' title='bbox 1650 1693 1725 1757; x_wconf 84' lang='grc' dir='ltr'>ὼς</span> <span class='ocrx_word' id='word_1_137' title='bbox 1746 1695 1804 1747; x_wconf 85' lang='grc' dir='ltr'><strong>ἑν</strong></span> <span class='ocrx_word' id='word_1_138' title='bbox 1835 1697 1947 1758; x_wconf 83' lang='grc' dir='ltr'>τοῖς</span> 
     </span>
    </p>
   </div>
   <div class='ocr_carea' id='block_1_18' title="bbox 358 1776 1948 1856">
    <p class='ocr_par' dir='ltr' id='par_1_18' title="bbox 358 1776 1948 1856">
     <span class='ocr_line' id='line_1_18' title="bbox 358 1776 1948 1856; baseline 0.009 -29"><span class='ocrx_word' id='word_1_139' title='bbox 358 1776 485 1847; x_wconf 82' lang='grc' dir='ltr'>ἑξῆς</span> <span class='ocrx_word' id='word_1_140' title='bbox 508 1777 740 1848; x_wconf 80' lang='grc' dir='ltr'>ἐδήλωσε</span> <span class='ocrx_word' id='word_1_141' title='bbox 764 1781 899 1851; x_wconf 74' lang='grc' dir='ltr'>πρὸς</span> <span class='ocrx_word' id='word_1_142' title='bbox 918 1782 1043 1845; x_wconf 82' lang='grc' dir='ltr'>τοὺς</span> <span class='ocrx_word' id='word_1_143' title='bbox 1075 1784 1175 1835; x_wconf 80' lang='grc' dir='ltr'><strong>οὐκ</strong></span> <span class='ocrx_word' id='word_1_144' title='bbox 1205 1785 1264 1835; x_wconf 79' lang='grc' dir='ltr'><strong>ἐν</strong></span> <span class='ocrx_word' id='word_1_145' title='bbox 1295 1787 1460 1856; x_wconf 72' lang='grc' dir='ltr'>σαρκὶ</span> <span class='ocrx_word' id='word_1_146' title='bbox 1494 1786 1803 1855; x_wconf 80' lang='grc' dir='ltr'>φάσκοντας</span> <span class='ocrx_word' id='word_1_147' title='bbox 1825 1786 1948 1856; x_wconf 80' lang='grc' dir='ltr'>ἐλη-</span> 
     </span>
    </p>
   </div>
   <div class='ocr_carea' id='block_1_19' title="bbox 2042 682 3622 755">
    <p class='ocr_par' dir='ltr' id='par_1_19' title="bbox 2042 682 3622 755">
     <span class='ocr_line' id='line_1_19' title="bbox 2042 682 3622 755; baseline 0.001 -19"><span class='ocrx_word' id='word_1_148' title='bbox 2042 682 2279 747; x_wconf 79' lang='lat' dir='ltr'><strong>Marcus,</strong></span> <span class='ocrx_word' id='word_1_149' title='bbox 2303 688 2466 755; x_wconf 85' lang='lat' dir='ltr'><strong>quem</strong></span> <span class='ocrx_word' id='word_1_150' title='bbox 2490 686 2767 743; x_wconf 82' lang='lat' dir='ltr'><strong>Barnabas</strong></span> <span class='ocrx_word' id='word_1_151' title='bbox 2795 696 2850 743; x_wconf 91' lang='lat' dir='ltr'><strong>et</strong></span> <span class='ocrx_word' id='word_1_152' title='bbox 2874 688 3078 745; x_wconf 85' lang='lat' dir='ltr'><strong>Paulus</strong></span> <span class='ocrx_word' id='word_1_153' title='bbox 3108 689 3365 745; x_wconf 87' lang='lat' dir='ltr'><strong>comitem</strong></span> <span class='ocrx_word' id='word_1_154' title='bbox 3397 687 3500 740; x_wconf 89' lang='lat' dir='ltr'><strong>sibi</strong></span> <span class='ocrx_word' id='word_1_155' title='bbox 3533 685 3622 738; x_wconf 88' lang='lat' dir='ltr'><strong>ad-</strong></span> 
     </span>
    </p>
   </div>
   <div class='ocr_carea' id='block_1_20' title="bbox 2034 772 3619 847">
    <p class='ocr_par' dir='ltr' id='par_1_20' title="bbox 2034 772 3619 847">
     <span class='ocr_line' id='line_1_20' title="bbox 2034 772 3619 847; baseline 0.002 -20"><span class='ocrx_word' id='word_1_156' title='bbox 2034 772 2355 840; x_wconf 78' lang='lat' dir='ltr'><strong>iunxerunt.</strong></span> <span class='ocrx_word' id='word_1_157' title='bbox 2388 777 2464 831; x_wconf 92' lang='lat' dir='ltr'><strong>De</strong></span> <span class='ocrx_word' id='word_1_158' title='bbox 2498 792 2608 847; x_wconf 89' lang='lat' dir='ltr'><strong>quo</strong></span> <span class='ocrx_word' id='word_1_159' title='bbox 2638 778 2800 833; x_wconf 87' lang='lat' dir='ltr'><strong>etiam</strong></span> <span class='ocrx_word' id='word_1_160' title='bbox 2836 795 3023 836; x_wconf 84' lang='lat' dir='ltr'><strong>rursus</strong></span> <span class='ocrx_word' id='word_1_161' title='bbox 3050 781 3247 837; x_wconf 90' lang='lat' dir='ltr'><strong>dicitur</strong></span> <span class='ocrx_word' id='word_1_162' title='bbox 3272 779 3320 813; x_wconf 74' lang='lat'><strong>&quot;</strong></span> <span class='ocrx_word' id='word_1_163' title='bbox 3346 796 3362 835; x_wconf 89' lang='lat'><strong>:</strong></span> <span class='ocrx_word' id='word_1_164' title='bbox 3396 796 3417 831; x_wconf 78' lang='grc' dir='ltr'><strong>ι</strong></span> <span class='ocrx_word' id='word_1_165' title='bbox 3438 777 3619 833; x_wconf 84' lang='lat' dir='ltr'><strong>Habe—</strong></span> 
     </span>
    </p>
   </div>
   <div class='ocr_carea' id='block_1_21' title="bbox 2042 868 3620 939">
    <p class='ocr_par' dir='ltr' id='par_1_21' title="bbox 2042 868 3620 939">
     <span class='ocr_line' id='line_1_21' title="bbox 2042 868 3620 939; baseline 0.003 -20"><span class='ocrx_word' id='word_1_166' title='bbox 2042 868 2172 920; x_wconf 89' lang='lat' dir='ltr'><strong>bant</strong></span> <span class='ocrx_word' id='word_1_167' title='bbox 2226 877 2406 923; x_wconf 87' lang='lat' dir='ltr'><strong>autem</strong></span> <span class='ocrx_word' id='word_1_168' title='bbox 2463 868 2731 925; x_wconf 80' lang='lat' dir='ltr'><strong>Joannem</strong></span> <span class='ocrx_word' id='word_1_169' title='bbox 2782 873 3115 929; x_wconf 90' lang='lat' dir='ltr'><strong>ministrum.</strong></span> <span class='ocrx_word' id='word_1_170' title='bbox 3150 892 3170 925; x_wconf 77' lang='grc' dir='ltr'><strong>ι</strong></span> <span class='ocrx_word' id='word_1_171' title='bbox 3203 874 3285 927; x_wconf 87' lang='lat' dir='ltr'><strong>An</strong></span> <span class='ocrx_word' id='word_1_172' title='bbox 3318 873 3406 928; x_wconf 83' lang='lat' dir='ltr'><strong>hic</strong></span> <span class='ocrx_word' id='word_1_173' title='bbox 3435 870 3620 939; x_wconf 80' lang='lat' dir='ltr'><strong>sitqui</strong></span> 
     </span>
    </p>
   </div>
   <div class='ocr_carea' id='block_1_22' title="bbox 2046 958 3618 1035">
    <p class='ocr_par' dir='ltr' id='par_1_22' title="bbox 2046 958 3618 1035">
     <span class='ocr_line' id='line_1_22' title="bbox 2046 958 3618 1035; baseline 0.001 -24"><span class='ocrx_word' id='word_1_174' title='bbox 2046 958 2458 1015; x_wconf 75' lang='lat' dir='ltr'><strong>Revelatiouem</strong></span> <span class='ocrx_word' id='word_1_175' title='bbox 2488 963 2733 1032; x_wconf 91' lang='lat' dir='ltr'><strong>scripsit,</strong></span> <span class='ocrx_word' id='word_1_176' title='bbox 2757 964 2887 1018; x_wconf 91' lang='lat' dir='ltr'><strong>mihi</strong></span> <span class='ocrx_word' id='word_1_177' title='bbox 2914 980 3019 1018; x_wconf 89' lang='lat' dir='ltr'><strong>non</strong></span> <span class='ocrx_word' id='word_1_178' title='bbox 3050 964 3242 1035; x_wconf 84' lang='lat' dir='ltr'><strong>liquet.</strong></span> <span class='ocrx_word' id='word_1_179' title='bbox 3267 962 3454 1033; x_wconf 85' lang='lat' dir='ltr'><strong>Neque</strong></span> <span class='ocrx_word' id='word_1_180' title='bbox 3473 962 3618 1017; x_wconf 89' lang='lat' dir='ltr'><strong>enim</strong></span> 
     </span>
    </p>
   </div>
   <div class='ocr_carea' id='block_1_23' title="bbox 2045 1050 3620 1124">
    <p class='ocr_par' dir='ltr' id='par_1_23' title="bbox 2045 1050 3620 1124">
     <span class='ocr_line' id='line_1_23' title="bbox 2045 1050 3620 1124; baseline 0.002 -23"><span class='ocrx_word' id='word_1_181' title='bbox 2045 1064 2151 1102; x_wconf 88' lang='lat' dir='ltr'><strong>una</strong></span> <span class='ocrx_word' id='word_1_182' title='bbox 2186 1064 2311 1103; x_wconf 86' lang='lat' dir='ltr'><strong>cum</strong></span> <span class='ocrx_word' id='word_1_183' title='bbox 2344 1050 2452 1105; x_wconf 88' lang='lat' dir='ltr'><strong>illis</strong></span> <span class='ocrx_word' id='word_1_184' title='bbox 2500 1051 2554 1105; x_wconf 84' lang='lat' dir='ltr'><strong>in</strong></span> <span class='ocrx_word' id='word_1_185' title='bbox 2605 1053 2792 1107; x_wconf 87' lang='lat' dir='ltr'><strong>Asiam</strong></span> <span class='ocrx_word' id='word_1_186' title='bbox 2827 1055 3040 1111; x_wconf 80' lang='lat' dir='ltr'><strong>venisse</strong></span> <span class='ocrx_word' id='word_1_187' title='bbox 3075 1056 3414 1124; x_wconf 76' lang='lat' dir='ltr'><strong>perhibetur.</strong></span> <span class='ocrx_word' id='word_1_188' title='bbox 3455 1070 3474 1103; x_wconf 80' lang='grc' dir='ltr'><strong>ι</strong></span> <span class='ocrx_word' id='word_1_189' title='bbox 3513 1052 3620 1106; x_wconf 88' lang='lat' dir='ltr'><strong>Sed</strong></span> 
     </span>
    </p>
   </div>
   <div class='ocr_carea' id='block_1_24' title="bbox 2044 1138 3621 1215">
    <p class='ocr_par' dir='ltr' id='par_1_24' title="bbox 2044 1138 3621 1215">
     <span class='ocr_line' id='line_1_24' title="bbox 2044 1138 3621 1215; baseline 0.003 -24"><span class='ocrx_word' id='word_1_190' title='bbox 2044 1153 2167 1191; x_wconf 89' lang='lat' dir='ltr'><strong>cum</strong></span> <span class='ocrx_word' id='word_1_191' title='bbox 2222 1138 2548 1206; x_wconf 76' lang='lat' dir='ltr'><strong>solvissent,</strong></span> <span class='ocrx_word' id='word_1_192' title='bbox 2594 1142 2804 1211; x_wconf 86' lang='lat' dir='ltr'><strong>inquit.</strong></span> <span class='ocrx_word' id='word_1_193' title='bbox 2841 1159 2873 1198; x_wconf 89' lang='lat' dir='ltr'><strong>a</strong></span> <span class='ocrx_word' id='word_1_194' title='bbox 2927 1146 3133 1215; x_wconf 87' lang='lat' dir='ltr'><strong>Papho,</strong></span> <span class='ocrx_word' id='word_1_195' title='bbox 3166 1145 3364 1200; x_wconf 79' lang='lat' dir='ltr'><strong>Paulus</strong></span> <span class='ocrx_word' id='word_1_196' title='bbox 3404 1143 3621 1215; x_wconf 88' lang='lat' dir='ltr'><strong>quidem</strong></span> 
     </span>
    </p>
   </div>
   <div class='ocr_carea' id='block_1_25' title="bbox 2046 1226 3622 1304">
    <p class='ocr_par' dir='ltr' id='par_1_25' title="bbox 2046 1226 3622 1304">
     <span class='ocr_line' id='line_1_25' title="bbox 2046 1226 3622 1304; baseline 0.004 -23"><span class='ocrx_word' id='word_1_197' title='bbox 2046 1226 2257 1298; x_wconf 83' lang='lat' dir='ltr'><strong>Pergen</strong></span> <span class='ocrx_word' id='word_1_198' title='bbox 2322 1230 2652 1303; x_wconf 72' lang='lat' dir='ltr'><strong>Pamphyliae</strong></span> <span class='ocrx_word' id='word_1_199' title='bbox 2698 1234 2972 1304; x_wconf 81' lang='lat' dir='ltr'><strong>profectus</strong></span> <span class='ocrx_word' id='word_1_200' title='bbox 3033 1245 3155 1301; x_wconf 89' lang='lat' dir='ltr'><strong>est;</strong></span> <span class='ocrx_word' id='word_1_201' title='bbox 3202 1233 3438 1290; x_wconf 86' lang='lat' dir='ltr'><strong>Joannes</strong></span> <span class='ocrx_word' id='word_1_202' title='bbox 3490 1247 3622 1287; x_wconf 83' lang='lat' dir='ltr'><strong>vero</strong></span> 
     </span>
    </p>
   </div>
   <div class='ocr_carea' id='block_1_26' title="bbox 2043 1320 3616 1399">
    <p class='ocr_par' dir='ltr' id='par_1_26' title="bbox 2043 1320 3616 1399">
     <span class='ocr_line' id='line_1_26' title="bbox 2043 1320 3616 1399; baseline 0.002 -25"><span class='ocrx_word' id='word_1_203' title='bbox 2043 1320 2330 1376; x_wconf 86' lang='lat' dir='ltr'><strong>discedens</strong></span> <span class='ocrx_word' id='word_1_204' title='bbox 2362 1324 2430 1378; x_wconf 85' lang='lat' dir='ltr'><strong>ab</strong></span> <span class='ocrx_word' id='word_1_205' title='bbox 2476 1325 2602 1392; x_wconf 90' lang='lat' dir='ltr'><strong>illis,</strong></span> <span class='ocrx_word' id='word_1_206' title='bbox 2636 1342 2885 1383; x_wconf 86' lang='lat' dir='ltr'><strong>reversus</strong></span> <span class='ocrx_word' id='word_1_207' title='bbox 2914 1338 2996 1383; x_wconf 88' lang='lat' dir='ltr'><strong>est</strong></span> <span class='ocrx_word' id='word_1_208' title='bbox 3026 1328 3449 1399; x_wconf 81' lang='lat' dir='ltr'><strong>Hierosolymam</strong></span> <span class='ocrx_word' id='word_1_209' title='bbox 3485 1324 3573 1379; x_wconf 65' lang='grc' dir='ltr'><strong>ιε’.</strong></span> <span class='ocrx_word' id='word_1_210' title='bbox 3595 1343 3616 1376; x_wconf 71' lang='grc' dir='ltr'><strong>ι</strong></span> 
     </span>
    </p>
   </div>
   <div class='ocr_carea' id='block_1_27' title="bbox 2043 1409 3624 1486">
    <p class='ocr_par' dir='ltr' id='par_1_27' title="bbox 2043 1409 3624 1486">
     <span class='ocr_line' id='line_1_27' title="bbox 2043 1409 3624 1486; baseline 0.006 -23"><span class='ocrx_word' id='word_1_211' title='bbox 2043 1409 2222 1466; x_wconf 84' lang='lat' dir='ltr'><strong>Alium</strong></span> <span class='ocrx_word' id='word_1_212' title='bbox 2256 1416 2420 1486; x_wconf 82' lang='lat' dir='ltr'><strong>igitur</strong></span> <span class='ocrx_word' id='word_1_213' title='bbox 2443 1433 2565 1473; x_wconf 89' lang='lat' dir='ltr'><strong>esse</strong></span> <span class='ocrx_word' id='word_1_214' title='bbox 2614 1433 2815 1474; x_wconf 89' lang='lat' dir='ltr'><strong>censeo</strong></span> <span class='ocrx_word' id='word_1_215' title='bbox 2845 1439 2859 1475; x_wconf 88' lang='lat'><strong>:</strong></span> <span class='ocrx_word' id='word_1_216' title='bbox 2891 1436 3054 1473; x_wconf 92' lang='lat' dir='ltr'><strong>unum</strong></span> <span class='ocrx_word' id='word_1_217' title='bbox 3083 1421 3296 1474; x_wconf 85' lang='lat' dir='ltr'><strong>scilicet</strong></span> <span class='ocrx_word' id='word_1_218' title='bbox 3320 1434 3507 1473; x_wconf 90' lang='lat' dir='ltr'><strong>eorum</strong></span> <span class='ocrx_word' id='word_1_219' title='bbox 3531 1419 3624 1485; x_wconf 89' lang='lat' dir='ltr'><strong>qui</strong></span> 
     </span>
    </p>
   </div>
   <div class='ocr_carea' id='block_1_28' title="bbox 2047 1509 3626 1584">
    <p class='ocr_par' dir='ltr' id='par_1_28' title="bbox 2047 1509 3626 1584">
     <span class='ocr_line' id='line_1_28' title="bbox 2047 1509 3626 1584; baseline 0.002 -21"><span class='ocrx_word' id='word_1_220' title='bbox 2047 1510 2102 1564; x_wconf 93' lang='lat' dir='ltr'><strong>in</strong></span> <span class='ocrx_word' id='word_1_221' title='bbox 2137 1509 2265 1563; x_wconf 86' lang='lat' dir='ltr'><strong>Asia</strong></span> <span class='ocrx_word' id='word_1_222' title='bbox 2290 1513 2497 1565; x_wconf 86' lang='lat' dir='ltr'><strong>versati</strong></span> <span class='ocrx_word' id='word_1_223' title='bbox 2530 1522 2678 1568; x_wconf 89' lang='lat' dir='ltr'><strong>sunt.</strong></span> <span class='ocrx_word' id='word_1_224' title='bbox 2724 1512 2839 1568; x_wconf 91' lang='lat' dir='ltr'><strong>Duo</strong></span> <span class='ocrx_word' id='word_1_225' title='bbox 2878 1514 3022 1569; x_wconf 91' lang='lat' dir='ltr'><strong>enim</strong></span> <span class='ocrx_word' id='word_1_226' title='bbox 3056 1514 3195 1584; x_wconf 90' lang='lat' dir='ltr'><strong>apud</strong></span> <span class='ocrx_word' id='word_1_227' title='bbox 3234 1511 3505 1582; x_wconf 82' lang='lat' dir='ltr'><strong>Ephesum</strong></span> <span class='ocrx_word' id='word_1_228' title='bbox 3541 1527 3626 1566; x_wconf 84' lang='lat' dir='ltr'><strong>se-</strong></span> 
     </span>
    </p>
   </div>
   <div class='ocr_carea' id='block_1_29' title="bbox 2047 1601 3629 1674">
    <p class='ocr_par' dir='ltr' id='par_1_29' title="bbox 2047 1601 3629 1674">
     <span class='ocr_line' id='line_1_29' title="bbox 2047 1601 3629 1674; baseline 0.001 -19"><span class='ocrx_word' id='word_1_229' title='bbox 2047 1601 2235 1670; x_wconf 86' lang='lat' dir='ltr'><strong>pulcra</strong></span> <span class='ocrx_word' id='word_1_230' title='bbox 2268 1602 2436 1657; x_wconf 78' lang='lat' dir='ltr'><strong>fuisse</strong></span> <span class='ocrx_word' id='word_1_231' title='bbox 2471 1603 2786 1669; x_wconf 88' lang='lat' dir='ltr'><strong>traduntur,</strong></span> <span class='ocrx_word' id='word_1_232' title='bbox 2816 1616 3112 1674; x_wconf 88' lang='lat' dir='ltr'><strong>utrumque</strong></span> <span class='ocrx_word' id='word_1_233' title='bbox 3152 1605 3377 1662; x_wconf 82' lang='lat' dir='ltr'><strong>Joannis</strong></span> <span class='ocrx_word' id='word_1_234' title='bbox 3409 1604 3629 1660; x_wconf 87' lang='lat' dir='ltr'><strong>nomine</strong></span> 
     </span>
    </p>
   </div>
   <div class='ocr_carea' id='block_1_30' title="bbox 2050 1692 3631 1764">
    <p class='ocr_par' dir='ltr' id='par_1_30' title="bbox 2050 1692 3631 1764">
     <span class='ocr_line' id='line_1_30' title="bbox 2050 1692 3631 1764; baseline 0.004 -20"><span class='ocrx_word' id='word_1_235' title='bbox 2050 1692 2397 1760; x_wconf 80' lang='lat' dir='ltr'><strong>insignitum.</strong></span> <span class='ocrx_word' id='word_1_236' title='bbox 2432 1692 2513 1747; x_wconf 83' lang='lat' dir='ltr'><strong>Ex</strong></span> <span class='ocrx_word' id='word_1_237' title='bbox 2541 1695 2829 1749; x_wconf 87' lang='lat' dir='ltr'><strong>sententiis</strong></span> <span class='ocrx_word' id='word_1_238' title='bbox 2856 1710 3077 1764; x_wconf 83' lang='lat' dir='ltr'><strong>quoque</strong></span> <span class='ocrx_word' id='word_1_239' title='bbox 3113 1705 3168 1749; x_wconf 88' lang='lat' dir='ltr'><strong>et</strong></span> <span class='ocrx_word' id='word_1_240' title='bbox 3204 1711 3270 1749; x_wconf 83' lang='lat' dir='ltr'><strong>ex</strong></span> <span class='ocrx_word' id='word_1_241' title='bbox 3298 1694 3482 1750; x_wconf 83' lang='lat' dir='ltr'><strong>verbis</strong></span> <span class='ocrx_word' id='word_1_242' title='bbox 3535 1710 3631 1751; x_wconf 90' lang='lat' dir='ltr'><strong>eo-</strong></span> 
     </span>
    </p>
   </div>
   <div class='ocr_carea' id='block_1_31' title="bbox 2054 1782 3629 1852">
    <p class='ocr_par' dir='ltr' id='par_1_31' title="bbox 2054 1782 3629 1852">
     <span class='ocr_line' id='line_1_31' title="bbox 2054 1782 3629 1852; baseline 0.004 -18"><span class='ocrx_word' id='word_1_243' title='bbox 2054 1797 2288 1852; x_wconf 87' lang='lat' dir='ltr'><strong>rumque</strong></span> <span class='ocrx_word' id='word_1_244' title='bbox 2323 1783 2704 1847; x_wconf 80' lang='lat' dir='ltr'><strong>collu‘catione,</strong></span> <span class='ocrx_word' id='word_1_245' title='bbox 2734 1782 2895 1838; x_wconf 80' lang='lat' dir='ltr'><strong>facile</strong></span> <span class='ocrx_word' id='word_1_246' title='bbox 2926 1783 3218 1851; x_wconf 87' lang='lat' dir='ltr'><strong>conjicitur</strong></span> <span class='ocrx_word' id='word_1_247' title='bbox 3260 1786 3405 1838; x_wconf 91' lang='lat' dir='ltr'><strong>hunc</strong></span> <span class='ocrx_word' id='word_1_248' title='bbox 3444 1785 3629 1840; x_wconf 90' lang='lat' dir='ltr'><strong>abillo</strong></span> 
     </span>
    </p>
   </div>
   <div class='ocr_carea' id='block_1_32' title="bbox 354 1849 1951 1950">
    <p class='ocr_par' dir='ltr' id='par_1_32' title="bbox 354 1849 1944 1950">
     <span class='ocr_line' id='line_1_32' title="bbox 354 1849 1944 1950; baseline 0.008 -30"><span class='ocrx_word' id='word_1_249' title='bbox 354 1867 572 1923; x_wconf 86' lang='grc' dir='ltr'>λυθὲναι</span> <span class='ocrx_word' id='word_1_250' title='bbox 604 1871 694 1924; x_wconf 82' lang='grc' dir='ltr'><strong>τὸν</strong></span> <span class='ocrx_word' id='word_1_251' title='bbox 714 1849 936 1943; x_wconf 79' lang='grc' dir='ltr'>Κύριον·</span> <span class='ocrx_word' id='word_1_252' title='bbox 953 1875 1020 1928; x_wconf 85' lang='grc' dir='ltr'>δι’</span> <span class='ocrx_word' id='word_1_253' title='bbox 1041 1875 1077 1929; x_wconf 84' lang='grc' dir='ltr'><strong>ἀ</strong></span> <span class='ocrx_word' id='word_1_254' title='bbox 1103 1877 1196 1929; x_wconf 74' lang='grc' dir='ltr'>καὶ</span> <span class='ocrx_word' id='word_1_255' title='bbox 1214 1849 1450 1948; x_wconf 49' lang='grc' dir='ltr'>συνῆλθεν</span> <span class='ocrx_word' id='word_1_256' title='bbox 1474 1849 1768 1950; x_wconf 73' lang='grc' dir='ltr'>ἐπιμελῶς,</span> <span class='ocrx_word' id='word_1_257' title='bbox 1785 1849 1813 1931; x_wconf 12' lang='grc' dir='ltr'><strong>ί(</strong></span> <span class='ocrx_word' id='word_1_258' title='bbox 1835 1849 1944 1933; x_wconf 60' lang='lat' dir='ltr'><strong>Kell.</strong></span> 
     </span>
    </p>
   </div>
   <div class='ocr_carea' id='block_1_33' title="bbox 2058 1849 3630 1950">
    <p class='ocr_par' dir='ltr' id='par_1_33' title="bbox 2058 1849 3630 1948">
     <span class='ocr_line' id='line_1_33' title="bbox 2058 1849 3630 1948; baseline -0.001 -16"><span class='ocrx_word' id='word_1_259' title='bbox 2058 1849 2322 1932; x_wconf 75' lang='lat' dir='ltr'><strong>diversum</strong></span> <span class='ocrx_word' id='word_1_260' title='bbox 2354 1875 2544 1932; x_wconf 80' lang='lat' dir='ltr'><strong>fuisse.</strong></span> <span class='ocrx_word' id='word_1_261' title='bbox 2597 1875 2734 1930; x_wconf 73' lang='lat' dir='ltr'><strong>Nam</strong></span> <span class='ocrx_word' id='word_1_262' title='bbox 2768 1876 3117 1947; x_wconf 75' lang='lat' dir='ltr'><strong>Evangelium</strong></span> <span class='ocrx_word' id='word_1_263' title='bbox 3163 1888 3219 1931; x_wconf 91' lang='lat' dir='ltr'><strong>et</strong></span> <span class='ocrx_word' id='word_1_264' title='bbox 3258 1877 3494 1948; x_wconf 87' lang='lat' dir='ltr'><strong>Epistula</strong></span> <span class='ocrx_word' id='word_1_265' title='bbox 3525 1877 3630 1932; x_wconf 92' lang='lat' dir='ltr'><strong>sibi</strong></span> 
     </span>
    </p>
   </div>
   <div class='ocr_carea' id='block_1_34' title="bbox 354 1959 1951 2043">
    <p class='ocr_par' dir='ltr' id='par_1_34' title="bbox 354 1959 1944 2043">
     <span class='ocr_line' id='line_1_34' title="bbox 354 1959 1944 2043; baseline 0.008 -31"><span class='ocrx_word' id='word_1_266' title='bbox 354 1959 384 2012; x_wconf 83' lang='grc' dir='ltr'><strong>ὃ</strong></span> <span class='ocrx_word' id='word_1_267' title='bbox 419 1961 741 2034; x_wconf 76' lang='grc' dir='ltr'>ἑωράκαμεν</span> <span class='ocrx_word' id='word_1_268' title='bbox 779 1965 1165 2038; x_wconf 77' lang='grc' dir='ltr'>μαρτυροῦμεν</span> <span class='ocrx_word' id='word_1_269' title='bbox 1185 2008 1198 2031; x_wconf 91' lang='grc'><strong>,</strong></span> <span class='ocrx_word' id='word_1_270' title='bbox 1232 1970 1325 2023; x_wconf 77' lang='grc' dir='ltr'><strong>καὶ</strong></span> <span class='ocrx_word' id='word_1_271' title='bbox 1366 1971 1782 2042; x_wconf 79' lang='grc' dir='ltr'>ἀπαγγέλλομεν</span> <span class='ocrx_word' id='word_1_272' title='bbox 1816 1973 1944 2043; x_wconf 84' lang='grc' dir='ltr'>ὑμῖν</span> 
     </span>
    </p>
   </div>
   <div class='ocr_carea' id='block_1_35' title="bbox 2058 1959 3631 2043">
    <p class='ocr_par' dir='ltr' id='par_1_35' title="bbox 2058 1969 3631 2035">
     <span class='ocr_line' id='line_1_35' title="bbox 2058 1969 3631 2035; baseline 0 -11"><span class='ocrx_word' id='word_1_273' title='bbox 2058 1979 2241 2024; x_wconf 91' lang='lat' dir='ltr'><strong>mutuo</strong></span> <span class='ocrx_word' id='word_1_274' title='bbox 2278 1979 2587 2024; x_wconf 82' lang='lat' dir='ltr'><strong>consonant</strong></span> <span class='ocrx_word' id='word_1_275' title='bbox 2611 2010 2626 2035; x_wconf 91' lang='lat'><strong>,</strong></span> <span class='ocrx_word' id='word_1_276' title='bbox 2660 1978 2716 2024; x_wconf 87' lang='lat' dir='ltr'><strong>et</strong></span> <span class='ocrx_word' id='word_1_277' title='bbox 2761 1970 2950 2024; x_wconf 87' lang='lat' dir='ltr'><strong>eodem</strong></span> <span class='ocrx_word' id='word_1_278' title='bbox 2989 1971 3277 2024; x_wconf 87' lang='lat' dir='ltr'><strong>ordiuntur</strong></span> <span class='ocrx_word' id='word_1_279' title='bbox 3302 1970 3486 2024; x_wconf 91' lang='lat' dir='ltr'><strong>modo.</strong></span> <span class='ocrx_word' id='word_1_280' title='bbox 3538 1969 3631 2025; x_wconf 90' lang='lat' dir='ltr'><strong>Sic</strong></span> 
     </span>
    </p>
   </div>
   <div class='ocr_carea' id='block_1_36' title="bbox 355 2051 1951 2136">
    <p class='ocr_par' dir='ltr' id='par_1_36' title="bbox 355 2051 1947 2136">
     <span class='ocr_line' id='line_1_36' title="bbox 355 2051 1947 2136; baseline 0.008 -31"><span class='ocrx_word' id='word_1_281' title='bbox 355 2052 454 2123; x_wconf 81' lang='grc' dir='ltr'><strong>τὴν</strong></span> <span class='ocrx_word' id='word_1_282' title='bbox 482 2051 627 2126; x_wconf 82' lang='grc' dir='ltr'>ζωὴν</span> <span class='ocrx_word' id='word_1_283' title='bbox 658 2056 755 2126; x_wconf 82' lang='grc' dir='ltr'>τῆν</span> <span class='ocrx_word' id='word_1_284' title='bbox 783 2056 1021 2122; x_wconf 78' lang='grc' dir='ltr'>αἰώνιον,</span> <span class='ocrx_word' id='word_1_285' title='bbox 1050 2059 1173 2129; x_wconf 75' lang='grc' dir='ltr'>ἥτις</span> <span class='ocrx_word' id='word_1_286' title='bbox 1196 2056 1264 2131; x_wconf 81' lang='grc' dir='ltr'>ἦν</span> <span class='ocrx_word' id='word_1_287' title='bbox 1294 2063 1430 2134; x_wconf 80' lang='grc' dir='ltr'>πρὸς</span> <span class='ocrx_word' id='word_1_288' title='bbox 1457 2063 1546 2115; x_wconf 85' lang='grc' dir='ltr'><strong>τὸν</strong></span> <span class='ocrx_word' id='word_1_289' title='bbox 1580 2064 1817 2136; x_wconf 76' lang='grc' dir='ltr'>Πατέρα,</span> <span class='ocrx_word' id='word_1_290' title='bbox 1852 2066 1947 2118; x_wconf 79' lang='grc' dir='ltr'><strong>καὶ</strong></span> 
     </span>
    </p>
   </div>
   <div class='ocr_carea' id='block_1_37' title="bbox 2058 2051 3632 2136">
    <p class='ocr_par' dir='ltr' id='par_1_37' title="bbox 2058 2056 3632 2132">
     <span class='ocr_line' id='line_1_37' title="bbox 2058 2056 3632 2132; baseline -0.001 -16"><span class='ocrx_word' id='word_1_291' title='bbox 2058 2062 2190 2116; x_wconf 71' lang='lat' dir='ltr'><strong>enim</strong></span> <span class='ocrx_word' id='word_1_292' title='bbox 2218 2062 2411 2132; x_wconf 86' lang='lat' dir='ltr'><strong>incipit</strong></span> <span class='ocrx_word' id='word_1_293' title='bbox 2440 2061 2792 2132; x_wconf 82' lang='lat' dir='ltr'><strong>Evangelium</strong></span> <span class='ocrx_word' id='word_1_294' title='bbox 2842 2075 2857 2114; x_wconf 90' lang='lat'><strong>:</strong></span> <span class='ocrx_word' id='word_1_295' title='bbox 2888 2079 2906 2113; x_wconf 83' lang='lat' dir='ltr'><strong>t</strong></span> <span class='ocrx_word' id='word_1_296' title='bbox 2955 2056 3013 2113; x_wconf 89' lang='lat' dir='ltr'><strong>In</strong></span> <span class='ocrx_word' id='word_1_297' title='bbox 3051 2061 3322 2131; x_wconf 86' lang='lat' dir='ltr'><strong>principio</strong></span> <span class='ocrx_word' id='word_1_298' title='bbox 3353 2070 3470 2116; x_wconf 88' lang='lat' dir='ltr'><strong>erat</strong></span> <span class='ocrx_word' id='word_1_299' title='bbox 3502 2060 3632 2116; x_wconf 83' lang='lat' dir='ltr'><strong>Ver-</strong></span> 
     </span>
    </p>
   </div>
   <div class='ocr_carea' id='block_1_38' title="bbox 357 2143 1948 2224">
    <p class='ocr_par' dir='ltr' id='par_1_38' title="bbox 357 2143 1948 2224">
     <span class='ocr_line' id='line_1_38' title="bbox 357 2143 1948 2224; baseline 0.008 -29"><span class='ocrx_word' id='word_1_300' title='bbox 357 2143 675 2218; x_wconf 77' lang='grc' dir='ltr'>ἑφανερώθη</span> <span class='ocrx_word' id='word_1_301' title='bbox 699 2148 833 2217; x_wconf 79' lang='grc' dir='ltr'>ἡμῖν</span> <span class='ocrx_word' id='word_1_302' title='bbox 855 2163 867 2174; x_wconf 82' lang='grc'><strong>”</strong></span> <span class='ocrx_word' id='word_1_303' title='bbox 894 2146 923 2199; x_wconf 82' lang='grc' dir='ltr'><strong>ὃ</strong></span> <span class='ocrx_word' id='word_1_304' title='bbox 950 2147 1277 2221; x_wconf 84' lang='grc' dir='ltr'>ἑωράκαμεν</span> <span class='ocrx_word' id='word_1_305' title='bbox 1300 2151 1393 2203; x_wconf 80' lang='grc' dir='ltr'><strong>καὶ</strong></span> <span class='ocrx_word' id='word_1_306' title='bbox 1417 2150 1758 2224; x_wconf 84' lang='grc' dir='ltr'>ἀκηκόαμεν,</span> <span class='ocrx_word' id='word_1_307' title='bbox 1778 2155 1948 2223; x_wconf 85' lang='grc' dir='ltr'>ἀπαγ-</span> 
     </span>
    </p>
   </div>
   <div class='ocr_carea' id='block_1_39' title="bbox 359 2235 1947 2316">
    <p class='ocr_par' dir='ltr' id='par_1_39' title="bbox 359 2235 1947 2316">
     <span class='ocr_line' id='line_1_39' title="bbox 359 2235 1947 2316; baseline 0.008 -29"><span class='ocrx_word' id='word_1_308' title='bbox 359 2235 620 2308; x_wconf 76' lang='grc' dir='ltr'>γέλλομεν</span> <span class='ocrx_word' id='word_1_309' title='bbox 669 2239 813 2310; x_wconf 81' lang='grc' dir='ltr'>ὑμῖν.</span> <span class='ocrx_word' id='word_1_310' title='bbox 847 2260 868 2293; x_wconf 76' lang='grc' dir='ltr'><strong>ι</strong></span> <span class='ocrx_word' id='word_1_311' title='bbox 898 2241 1118 2311; x_wconf 82' lang='grc' dir='ltr'>Ἔχεται</span> <span class='ocrx_word' id='word_1_312' title='bbox 1149 2242 1314 2297; x_wconf 80' lang='grc' dir='ltr'>αὑτοῦ</span> <span class='ocrx_word' id='word_1_313' title='bbox 1363 2244 1457 2297; x_wconf 72' lang='grc' dir='ltr'>καὶ</span> <span class='ocrx_word' id='word_1_314' title='bbox 1487 2245 1596 2297; x_wconf 83' lang='grc' dir='ltr'>τῶν</span> <span class='ocrx_word' id='word_1_315' title='bbox 1636 2245 1947 2316; x_wconf 82' lang='grc' dir='ltr'>προθέσεων</span> 
     </span>
    </p>
   </div>
   <div class='ocr_carea' id='block_1_40' title="bbox 359 2327 1950 2409">
    <p class='ocr_par' dir='ltr' id='par_1_40' title="bbox 359 2327 1950 2409">
     <span class='ocr_line' id='line_1_40' title="bbox 359 2327 1950 2409; baseline 0.009 -32"><span class='ocrx_word' id='word_1_316' title='bbox 359 2327 461 2378; x_wconf 81' lang='grc' dir='ltr'><strong>οὐκ</strong></span> <span class='ocrx_word' id='word_1_317' title='bbox 493 2327 810 2395; x_wconf 79' lang='grc' dir='ltr'>ἀφίσταται.</span> <span class='ocrx_word' id='word_1_318' title='bbox 835 2330 935 2384; x_wconf 84' lang='grc' dir='ltr'>Διά</span> <span class='ocrx_word' id='word_1_319' title='bbox 962 2332 1019 2385; x_wconf 76' lang='grc' dir='ltr'><strong>δὲ</strong></span> <span class='ocrx_word' id='word_1_320' title='bbox 1054 2332 1160 2386; x_wconf 84' lang='grc' dir='ltr'><strong>τῶν</strong></span> <span class='ocrx_word' id='word_1_321' title='bbox 1194 2334 1374 2389; x_wconf 79' lang='grc' dir='ltr'>αὐτῶν</span> <span class='ocrx_word' id='word_1_322' title='bbox 1415 2336 1722 2404; x_wconf 73' lang='grc' dir='ltr'>κεφαλαίων</span> <span class='ocrx_word' id='word_1_323' title='bbox 1748 2338 1823 2409; x_wconf 82' lang='grc'><strong>(6)</strong></span> <span class='ocrx_word' id='word_1_324' title='bbox 1854 2340 1950 2392; x_wconf 74' lang='grc' dir='ltr'><strong>καὶ</strong></span> 
     </span>
    </p>
   </div>
   <div class='ocr_carea' id='block_1_41' title="bbox 361 2420 1949 2502">
    <p class='ocr_par' dir='ltr' id='par_1_41' title="bbox 361 2420 1949 2502">
     <span class='ocr_line' id='line_1_41' title="bbox 361 2420 1949 2502; baseline -0.022 -31"><span class='ocrx_word' id='word_1_325' title='bbox 361 2420 643 2490; x_wconf 81' lang='grc' dir='ltr'>ὀνομάτων</span> <span class='ocrx_word' id='word_1_326' title='bbox 687 2423 867 2477; x_wconf 83' lang='grc' dir='ltr'>πάντα</span> <span class='ocrx_word' id='word_1_327' title='bbox 910 2423 1279 2496; x_wconf 70' lang='grc' dir='ltr'><strong>διεξέρχεται.</strong></span> <span class='ocrx_word' id='word_1_328' title='bbox 1340 2421 1414 2481; x_wconf 72' lang='grc' dir='ltr'><strong>ὧν</strong></span> <span class='ocrx_word' id='word_1_329' title='bbox 1461 2446 1582 2481; x_wconf 61' lang='grc' dir='ltr'>τινα</span> <span class='ocrx_word' id='word_1_330' title='bbox 1634 2430 1730 2500; x_wconf 68' lang='grc' dir='ltr'><strong>μὲν</strong></span> <span class='ocrx_word' id='word_1_331' title='bbox 1789 2433 1949 2502; x_wconf 58' lang='grc' dir='ltr'><strong>ἡμεῖς</strong></span> 
     </span>
    </p>
   </div>
   <div class='ocr_carea' id='block_1_42' title="bbox 362 2512 1950 2594">
    <p class='ocr_par' dir='ltr' id='par_1_42' title="bbox 362 2512 1950 2594">
     <span class='ocr_line' id='line_1_42' title="bbox 362 2512 1950 2594; baseline 0.008 -30"><span class='ocrx_word' id='word_1_332' title='bbox 362 2512 641 2584; x_wconf 82' lang='grc' dir='ltr'>συντόμως</span> <span class='ocrx_word' id='word_1_333' title='bbox 662 2514 1047 2587; x_wconf 80' lang='grc' dir='ltr'>ὑπομνήσομεν</span> <span class='ocrx_word' id='word_1_334' title='bbox 1075 2518 1187 2590; x_wconf 82' lang='grc'>(7)..</span> <span class='ocrx_word' id='word_1_335' title='bbox 1220 2519 1277 2571; x_wconf 90' lang='lat'>&#39;0</span> <span class='ocrx_word' id='word_1_336' title='bbox 1300 2519 1356 2573; x_wconf 77' lang='grc' dir='ltr'>δὲ</span> <span class='ocrx_word' id='word_1_337' title='bbox 1379 2522 1663 2592; x_wconf 84' lang='grc' dir='ltr'>προσεχῶς</span> <span class='ocrx_word' id='word_1_338' title='bbox 1688 2524 1950 2594; x_wconf 79' lang='grc' dir='ltr'>ἐντυγχά-</span> 
     </span>
    </p>
   </div>
   <div class='ocr_carea' id='block_1_43' title="bbox 362 2606 1950 2685">
    <p class='ocr_par' dir='ltr' id='par_1_43' title="bbox 362 2606 1950 2685">
     <span class='ocr_line' id='line_1_43' title="bbox 362 2606 1950 2685; baseline 0.008 -28"><span class='ocrx_word' id='word_1_339' title='bbox 362 2620 488 2668; x_wconf 87' lang='grc' dir='ltr'>νων,</span> <span class='ocrx_word' id='word_1_340' title='bbox 521 2606 741 2676; x_wconf 83' lang='grc' dir='ltr'>εὑρήσει</span> <span class='ocrx_word' id='word_1_341' title='bbox 774 2607 832 2660; x_wconf 84' lang='grc' dir='ltr'><strong>ὲν</strong></span> <span class='ocrx_word' id='word_1_342' title='bbox 862 2609 1111 2681; x_wconf 79' lang='grc' dir='ltr'>ἑκατέρῳ</span> <span class='ocrx_word' id='word_1_343' title='bbox 1140 2610 1343 2683; x_wconf 82' lang='grc' dir='ltr'>πολλὴν</span> <span class='ocrx_word' id='word_1_344' title='bbox 1371 2613 1471 2684; x_wconf 80' lang='grc' dir='ltr'>τὴν</span> <span class='ocrx_word' id='word_1_345' title='bbox 1509 2612 1682 2685; x_wconf 81' lang='grc' dir='ltr'>ζωὴν,</span> <span class='ocrx_word' id='word_1_346' title='bbox 1724 2616 1857 2669; x_wconf 78' lang='grc' dir='ltr'>πολὺ</span> <span class='ocrx_word' id='word_1_347' title='bbox 1889 2617 1950 2669; x_wconf 87' lang='grc' dir='ltr'><strong>τὸ</strong></span> 
     </span>
    </p>
   </div>
   <div class='ocr_carea' id='block_1_44' title="bbox 364 2696 1949 2778">
    <p class='ocr_par' dir='ltr' id='par_1_44' title="bbox 364 2696 1949 2778">
     <span class='ocr_line' id='line_1_44' title="bbox 364 2696 1949 2778; baseline 0.008 -30"><span class='ocrx_word' id='word_1_348' title='bbox 364 2696 501 2765; x_wconf 79' lang='grc' dir='ltr'>φῶς,</span> <span class='ocrx_word' id='word_1_349' title='bbox 538 2698 851 2771; x_wconf 81' lang='grc' dir='ltr'>ἀποτροπὴν</span> <span class='ocrx_word' id='word_1_350' title='bbox 890 2701 983 2753; x_wconf 80' lang='grc' dir='ltr'>τοῦ</span> <span class='ocrx_word' id='word_1_351' title='bbox 1014 2703 1271 2768; x_wconf 80' lang='grc' dir='ltr'>σκότους,</span> <span class='ocrx_word' id='word_1_352' title='bbox 1312 2706 1510 2776; x_wconf 82' lang='grc' dir='ltr'>συνεχῆ</span> <span class='ocrx_word' id='word_1_353' title='bbox 1541 2706 1639 2777; x_wconf 77' lang='grc' dir='ltr'><strong>τὴν</strong></span> <span class='ocrx_word' id='word_1_354' title='bbox 1669 2707 1949 2778; x_wconf 82' lang='grc' dir='ltr'>ἀλήθειαν,</span> 
     </span>
    </p>
   </div>
   <div class='ocr_carea' id='block_1_45' title="bbox 364 2787 1951 2872">
    <p class='ocr_par' dir='ltr' id='par_1_45' title="bbox 364 2787 1951 2872">
     <span class='ocr_line' id='line_1_45' title="bbox 364 2787 1951 2872; baseline 0.009 -31"><span class='ocrx_word' id='word_1_355' title='bbox 364 2787 463 2860; x_wconf 82' lang='grc' dir='ltr'>τὴν</span> <span class='ocrx_word' id='word_1_356' title='bbox 510 2791 702 2862; x_wconf 81' lang='grc' dir='ltr'>χάριν,</span> <span class='ocrx_word' id='word_1_357' title='bbox 735 2791 832 2863; x_wconf 80' lang='grc' dir='ltr'>τὴν</span> <span class='ocrx_word' id='word_1_358' title='bbox 864 2794 1037 2864; x_wconf 87' lang='grc' dir='ltr'>χαράν</span> <span class='ocrx_word' id='word_1_359' title='bbox 1056 2835 1070 2859; x_wconf 97' lang='grc'><strong>,</strong></span> <span class='ocrx_word' id='word_1_360' title='bbox 1115 2796 1215 2867; x_wconf 82' lang='grc' dir='ltr'><strong>τὴν</strong></span> <span class='ocrx_word' id='word_1_361' title='bbox 1244 2797 1424 2868; x_wconf 88' lang='grc' dir='ltr'>σάρκα</span> <span class='ocrx_word' id='word_1_362' title='bbox 1465 2801 1559 2853; x_wconf 83' lang='grc' dir='ltr'><strong>καὶ</strong></span> <span class='ocrx_word' id='word_1_363' title='bbox 1595 2801 1657 2853; x_wconf 79' lang='grc' dir='ltr'><strong>τὸ</strong></span> <span class='ocrx_word' id='word_1_364' title='bbox 1688 2795 1826 2872; x_wconf 75' lang='grc' dir='ltr'>αἷμα</span> <span class='ocrx_word' id='word_1_365' title='bbox 1856 2801 1951 2855; x_wconf 79' lang='grc' dir='ltr'>τοῦ</span> 
     </span>
    </p>
   </div>
   <div class='ocr_carea' id='block_1_46' title="bbox 366 2883 1952 2966">
    <p class='ocr_par' dir='ltr' id='par_1_46' title="bbox 366 2883 1952 2966">
     <span class='ocr_line' id='line_1_46' title="bbox 366 2883 1952 2966; baseline 0.011 -32"><span class='ocrx_word' id='word_1_366' title='bbox 366 2883 572 2954; x_wconf 87' lang='grc' dir='ltr'>Κυρίου</span> <span class='ocrx_word' id='word_1_367' title='bbox 595 2925 608 2947; x_wconf 98' lang='grc'><strong>,</strong></span> <span class='ocrx_word' id='word_1_368' title='bbox 643 2886 741 2955; x_wconf 75' lang='grc' dir='ltr'><strong>τὴν</strong></span> <span class='ocrx_word' id='word_1_369' title='bbox 770 2888 950 2958; x_wconf 83' lang='grc' dir='ltr'>κρίσιν</span> <span class='ocrx_word' id='word_1_370' title='bbox 969 2930 982 2954; x_wconf 89' lang='grc'><strong>,</strong></span> <span class='ocrx_word' id='word_1_371' title='bbox 1010 2887 1109 2959; x_wconf 80' lang='grc' dir='ltr'><strong>τὴν</strong></span> <span class='ocrx_word' id='word_1_372' title='bbox 1138 2891 1329 2958; x_wconf 71' lang='grc' dir='ltr'>ἄφεσιν</span> <span class='ocrx_word' id='word_1_373' title='bbox 1359 2891 1469 2945; x_wconf 86' lang='grc' dir='ltr'><strong>τῶν</strong></span> <span class='ocrx_word' id='word_1_374' title='bbox 1499 2893 1783 2965; x_wconf 84' lang='grc' dir='ltr'>ἁμαρτιῶν</span> <span class='ocrx_word' id='word_1_375' title='bbox 1807 2935 1820 2959; x_wconf 95' lang='grc'><strong>,</strong></span> <span class='ocrx_word' id='word_1_376' title='bbox 1854 2896 1952 2966; x_wconf 81' lang='grc' dir='ltr'>τὴν</span> 
     </span>
    </p>
   </div>
   <div class='ocr_carea' id='block_1_47' title="bbox 367 2974 1953 3058">
    <p class='ocr_par' dir='ltr' id='par_1_47' title="bbox 367 2974 1953 3058">
     <span class='ocr_line' id='line_1_47' title="bbox 367 2974 1953 3058; baseline 0.009 -32"><span class='ocrx_word' id='word_1_377' title='bbox 367 2974 502 3044; x_wconf 80' lang='grc' dir='ltr'>πρὸς</span> <span class='ocrx_word' id='word_1_378' title='bbox 528 2977 673 3045; x_wconf 81' lang='grc' dir='ltr'>ἡμᾶς</span> <span class='ocrx_word' id='word_1_379' title='bbox 695 2978 918 3050; x_wconf 79' lang='grc' dir='ltr'>ἀγάπην</span> <span class='ocrx_word' id='word_1_380' title='bbox 946 2979 1040 3032; x_wconf 77' lang='grc' dir='ltr'>τοῦ</span> <span class='ocrx_word' id='word_1_381' title='bbox 1065 2980 1223 3043; x_wconf 83' lang='grc' dir='ltr'>Θεοῦ,</span> <span class='ocrx_word' id='word_1_382' title='bbox 1244 2982 1342 3054; x_wconf 82' lang='grc' dir='ltr'><strong>τὴν</strong></span> <span class='ocrx_word' id='word_1_383' title='bbox 1370 2984 1503 3055; x_wconf 86' lang='grc' dir='ltr'>πρὸς</span> <span class='ocrx_word' id='word_1_384' title='bbox 1520 2985 1782 3058; x_wconf 82' lang='grc' dir='ltr'>ἀλλήλους</span> <span class='ocrx_word' id='word_1_385' title='bbox 1806 2988 1953 3057; x_wconf 81' lang='grc' dir='ltr'>ἡμᾶς</span> 
     </span>
    </p>
   </div>
   <div class='ocr_carea' id='block_1_48' title="bbox 368 3066 1950 3146">
    <p class='ocr_par' dir='ltr' id='par_1_48' title="bbox 368 3066 1950 3146">
     <span class='ocr_line' id='line_1_48' title="bbox 368 3066 1950 3146; baseline 0.009 -28"><span class='ocrx_word' id='word_1_386' title='bbox 368 3066 590 3138; x_wconf 85' lang='grc' dir='ltr'>ἀγάπης</span> <span class='ocrx_word' id='word_1_387' title='bbox 614 3068 858 3141; x_wconf 81' lang='grc' dir='ltr'>ἐντολὴν,</span> <span class='ocrx_word' id='word_1_388' title='bbox 875 3070 951 3134; x_wconf 82' lang='grc' dir='ltr'><strong>ὡς</strong></span> <span class='ocrx_word' id='word_1_389' title='bbox 975 3072 1155 3137; x_wconf 86' lang='grc' dir='ltr'>πάσας</span> <span class='ocrx_word' id='word_1_390' title='bbox 1175 3073 1254 3127; x_wconf 86' lang='grc' dir='ltr'><strong>δεῖ</strong></span> <span class='ocrx_word' id='word_1_391' title='bbox 1277 3075 1572 3146; x_wconf 78' lang='grc' dir='ltr'>φυλάσσειν</span> <span class='ocrx_word' id='word_1_392' title='bbox 1593 3077 1691 3141; x_wconf 86' lang='grc' dir='ltr'>τὰς</span> <span class='ocrx_word' id='word_1_393' title='bbox 1712 3079 1950 3144; x_wconf 75' lang='grc' dir='ltr'>ἐντολάςο</span> 
     </span>
    </p>
   </div>
   <div class='ocr_carea' id='block_1_49' title="bbox 2048 2153 3627 2224">
    <p class='ocr_par' dir='ltr' id='par_1_49' title="bbox 2048 2153 3627 2224">
     <span class='ocr_line' id='line_1_49' title="bbox 2048 2153 3627 2224; baseline -0.001 -15"><span class='ocrx_word' id='word_1_394' title='bbox 2048 2156 2195 2210; x_wconf 89' lang='lat' dir='ltr'><strong>bttm.</strong></span> <span class='ocrx_word' id='word_1_395' title='bbox 2229 2173 2247 2206; x_wconf 79' lang='grc' dir='ltr'><strong>ι</strong></span> <span class='ocrx_word' id='word_1_396' title='bbox 2316 2155 2550 2224; x_wconf 85' lang='lat' dir='ltr'><strong>Epistula</strong></span> <span class='ocrx_word' id='word_1_397' title='bbox 2600 2170 2727 2209; x_wconf 89' lang='lat' dir='ltr'><strong>vero</strong></span> <span class='ocrx_word' id='word_1_398' title='bbox 2759 2173 2771 2208; x_wconf 91' lang='lat'><strong>:</strong></span> <span class='ocrx_word' id='word_1_399' title='bbox 2816 2172 2835 2205; x_wconf 88' lang='grc' dir='ltr'><strong>ι</strong></span> <span class='ocrx_word' id='word_1_400' title='bbox 2871 2154 3022 2221; x_wconf 84' lang='lat' dir='ltr'><strong>Quod</strong></span> <span class='ocrx_word' id='word_1_401' title='bbox 3087 2153 3189 2207; x_wconf 85' lang='lat' dir='ltr'><strong>fuit</strong></span> <span class='ocrx_word' id='word_1_402' title='bbox 3218 2154 3284 2208; x_wconf 90' lang='lat' dir='ltr'><strong>ab</strong></span> <span class='ocrx_word' id='word_1_403' title='bbox 3311 2153 3483 2209; x_wconf 89' lang='lat' dir='ltr'><strong>initio.</strong></span> <span class='ocrx_word' id='word_1_404' title='bbox 3523 2173 3542 2206; x_wconf 78' lang='grc' dir='ltr'><strong>ι</strong></span> <span class='ocrx_word' id='word_1_405' title='bbox 3574 2154 3627 2207; x_wconf 93' lang='lat' dir='ltr'><strong>lu</strong></span> 
     </span>
    </p>
   </div>
   <div class='ocr_carea' id='block_1_50' title="bbox 2051 2246 3626 2311">
    <p class='ocr_par' dir='ltr' id='par_1_50' title="bbox 2051 2246 3626 2311">
     <span class='ocr_line' id='line_1_50' title="bbox 2051 2246 3626 2311; baseline -0.002 -9"><span class='ocrx_word' id='word_1_406' title='bbox 2051 2249 2144 2304; x_wconf 92' lang='lat' dir='ltr'><strong>illo</strong></span> <span class='ocrx_word' id='word_1_407' title='bbox 2174 2249 2377 2303; x_wconf 88' lang='lat' dir='ltr'><strong>dicitur</strong></span> <span class='ocrx_word' id='word_1_408' title='bbox 2405 2264 2419 2302; x_wconf 90' lang='lat'><strong>:</strong></span> <span class='ocrx_word' id='word_1_409' title='bbox 2460 2267 2478 2299; x_wconf 81' lang='grc' dir='ltr'><strong>ι</strong></span> <span class='ocrx_word' id='word_1_410' title='bbox 2528 2248 2593 2302; x_wconf 86' lang='lat' dir='ltr'><strong>Et</strong></span> <span class='ocrx_word' id='word_1_411' title='bbox 2624 2246 2861 2303; x_wconf 74' lang='lat' dir='ltr'><strong>Verbum</strong></span> <span class='ocrx_word' id='word_1_412' title='bbox 2891 2263 3023 2303; x_wconf 90' lang='lat' dir='ltr'><strong>caro</strong></span> <span class='ocrx_word' id='word_1_413' title='bbox 3056 2247 3259 2303; x_wconf 82' lang='lat' dir='ltr'><strong>factum</strong></span> <span class='ocrx_word' id='word_1_414' title='bbox 3295 2257 3377 2302; x_wconf 91' lang='lat' dir='ltr'><strong>est</strong></span> <span class='ocrx_word' id='word_1_415' title='bbox 3399 2288 3414 2311; x_wconf 90' lang='lat'><strong>,</strong></span> <span class='ocrx_word' id='word_1_416' title='bbox 3445 2258 3499 2302; x_wconf 88' lang='lat' dir='ltr'><strong>et</strong></span> <span class='ocrx_word' id='word_1_417' title='bbox 3529 2250 3626 2303; x_wconf 81' lang='lat' dir='ltr'><strong>ha-</strong></span> 
     </span>
    </p>
   </div>
   <div class='ocr_carea' id='block_1_51' title="bbox 2049 2337 3632 2408">
    <p class='ocr_par' dir='ltr' id='par_1_51' title="bbox 2049 2337 3632 2408">
     <span class='ocr_line' id='line_1_51' title="bbox 2049 2337 3632 2408; baseline -0.002 -15"><span class='ocrx_word' id='word_1_418' title='bbox 2049 2338 2243 2393; x_wconf 88' lang='lat' dir='ltr'><strong>bitavit</strong></span> <span class='ocrx_word' id='word_1_419' title='bbox 2304 2338 2356 2391; x_wconf 91' lang='lat' dir='ltr'><strong>in</strong></span> <span class='ocrx_word' id='word_1_420' title='bbox 2405 2338 2580 2392; x_wconf 86' lang='lat' dir='ltr'><strong>nobis.</strong></span> <span class='ocrx_word' id='word_1_421' title='bbox 2632 2337 2696 2390; x_wconf 88' lang='lat' dir='ltr'><strong>Et</strong></span> <span class='ocrx_word' id='word_1_422' title='bbox 2756 2338 2996 2392; x_wconf 80' lang='lat' dir='ltr'><strong>vidimus</strong></span> <span class='ocrx_word' id='word_1_423' title='bbox 3043 2337 3268 2407; x_wconf 83' lang='lat' dir='ltr'><strong>gloriam</strong></span> <span class='ocrx_word' id='word_1_424' title='bbox 3326 2337 3482 2405; x_wconf 87' lang='lat' dir='ltr'><strong>ejus,</strong></span> <span class='ocrx_word' id='word_1_425' title='bbox 3513 2338 3632 2408; x_wconf 82' lang='lat' dir='ltr'><strong>glo-</strong></span> 
     </span>
    </p>
   </div>
   <div class='ocr_carea' id='block_1_52' title="bbox 2050 2428 3628 2501">
    <p class='ocr_par' dir='ltr' id='par_1_52' title="bbox 2050 2428 3628 2501">
     <span class='ocr_line' id='line_1_52' title="bbox 2050 2428 3628 2501; baseline -0.003 -16"><span class='ocrx_word' id='word_1_426' title='bbox 2050 2432 2188 2486; x_wconf 86' lang='lat' dir='ltr'><strong>riam</strong></span> <span class='ocrx_word' id='word_1_427' title='bbox 2242 2430 2397 2501; x_wconf 88' lang='lat' dir='ltr'><strong>quasi</strong></span> <span class='ocrx_word' id='word_1_428' title='bbox 2451 2429 2719 2501; x_wconf 83' lang='lat' dir='ltr'><strong>Unigeniti</strong></span> <span class='ocrx_word' id='word_1_429' title='bbox 2760 2446 2791 2485; x_wconf 89' lang='lat' dir='ltr'><strong>a</strong></span> <span class='ocrx_word' id='word_1_430' title='bbox 2823 2428 3006 2485; x_wconf 84' lang='lat' dir='ltr'><strong>Patre.</strong></span> <span class='ocrx_word' id='word_1_431' title='bbox 3045 2450 3062 2482; x_wconf 78' lang='grc' dir='ltr'><strong>ι</strong></span> <span class='ocrx_word' id='word_1_432' title='bbox 3110 2428 3236 2485; x_wconf 67' lang='lat' dir='ltr'><strong>llaec</strong></span> <span class='ocrx_word' id='word_1_433' title='bbox 3270 2445 3401 2484; x_wconf 91' lang='lat' dir='ltr'><strong>vero</strong></span> <span class='ocrx_word' id='word_1_434' title='bbox 3435 2431 3628 2484; x_wconf 88' lang='lat' dir='ltr'><strong>eadem</strong></span> 
     </span>
    </p>
   </div>
   <div class='ocr_carea' id='block_1_53' title="bbox 2051 2521 3635 2591">
    <p class='ocr_par' dir='ltr' id='par_1_53' title="bbox 2051 2521 3635 2591">
     <span class='ocr_line' id='line_1_53' title="bbox 2051 2521 3635 2591; baseline -0.002 -14"><span class='ocrx_word' id='word_1_435' title='bbox 2051 2524 2253 2589; x_wconf 83' lang='lat' dir='ltr'><strong>habet,</strong></span> <span class='ocrx_word' id='word_1_436' title='bbox 2289 2523 2567 2591; x_wconf 89' lang='lat' dir='ltr'><strong>paulisper</strong></span> <span class='ocrx_word' id='word_1_437' title='bbox 2621 2532 2830 2576; x_wconf 89' lang='lat' dir='ltr'><strong>tantum</strong></span> <span class='ocrx_word' id='word_1_438' title='bbox 2881 2523 3208 2577; x_wconf 89' lang='lat' dir='ltr'><strong>immutata:</strong></span> <span class='ocrx_word' id='word_1_439' title='bbox 3244 2540 3264 2574; x_wconf 78' lang='grc' dir='ltr'><strong>ι</strong></span> <span class='ocrx_word' id='word_1_440' title='bbox 3299 2522 3455 2588; x_wconf 87' lang='lat' dir='ltr'><strong>Quod</strong></span> <span class='ocrx_word' id='word_1_441' title='bbox 3486 2521 3635 2575; x_wconf 89' lang='lat' dir='ltr'><strong>audi-</strong></span> 
     </span>
    </p>
   </div>
   <div class='ocr_carea' id='block_1_54' title="bbox 2053 2612 3634 2683">
    <p class='ocr_par' dir='ltr' id='par_1_54' title="bbox 2053 2612 3634 2683">
     <span class='ocr_line' id='line_1_54' title="bbox 2053 2612 3634 2683; baseline 0.003 -20"><span class='ocrx_word' id='word_1_442' title='bbox 2053 2613 2228 2668; x_wconf 81' lang='lat' dir='ltr'><strong>vimus</strong></span> <span class='ocrx_word' id='word_1_443' title='bbox 2250 2653 2266 2678; x_wconf 93' lang='lat'><strong>,</strong></span> <span class='ocrx_word' id='word_1_444' title='bbox 2317 2614 2461 2681; x_wconf 88' lang='lat' dir='ltr'><strong>qttud</strong></span> <span class='ocrx_word' id='word_1_445' title='bbox 2512 2612 2747 2669; x_wconf 81' lang='lat' dir='ltr'><strong>vidimus</strong></span> <span class='ocrx_word' id='word_1_446' title='bbox 2770 2613 2944 2668; x_wconf 83' lang='lat' dir='ltr'><strong>oculis</strong></span> <span class='ocrx_word' id='word_1_447' title='bbox 2976 2615 3198 2680; x_wconf 86' lang='lat' dir='ltr'><strong>nostris,</strong></span> <span class='ocrx_word' id='word_1_448' title='bbox 3231 2613 3378 2683; x_wconf 89' lang='lat' dir='ltr'><strong>quod</strong></span> <span class='ocrx_word' id='word_1_449' title='bbox 3405 2628 3634 2682; x_wconf 89' lang='lat' dir='ltr'><strong>perspe-</strong></span> 
     </span>
    </p>
   </div>
   <div class='ocr_carea' id='block_1_55' title="bbox 2054 2706 3634 2773">
    <p class='ocr_par' dir='ltr' id='par_1_55' title="bbox 2054 2706 3634 2773">
     <span class='ocr_line' id='line_1_55' title="bbox 2054 2706 3634 2773; baseline -0.001 -14"><span class='ocrx_word' id='word_1_450' title='bbox 2054 2707 2269 2773; x_wconf 79' lang='lat' dir='ltr'><strong>ximus,</strong></span> <span class='ocrx_word' id='word_1_451' title='bbox 2337 2716 2392 2759; x_wconf 90' lang='lat' dir='ltr'><strong>et</strong></span> <span class='ocrx_word' id='word_1_452' title='bbox 2467 2721 2659 2761; x_wconf 89' lang='lat' dir='ltr'><strong>manus</strong></span> <span class='ocrx_word' id='word_1_453' title='bbox 2726 2715 2925 2761; x_wconf 86' lang='lat' dir='ltr'><strong>nostrae</strong></span> <span class='ocrx_word' id='word_1_454' title='bbox 2975 2714 3500 2771; x_wconf 83' lang='lat' dir='ltr'><strong>contrectaverunt,</strong></span> <span class='ocrx_word' id='word_1_455' title='bbox 3565 2706 3634 2758; x_wconf 89' lang='lat' dir='ltr'><strong>de</strong></span> 
     </span>
    </p>
   </div>
   <div class='ocr_carea' id='block_1_56' title="bbox 2057 2796 3635 2853">
    <p class='ocr_par' dir='ltr' id='par_1_56' title="bbox 2057 2796 3635 2853">
     <span class='ocr_line' id='line_1_56' title="bbox 2057 2796 3635 2853; baseline -0.001 -1"><span class='ocrx_word' id='word_1_456' title='bbox 2057 2798 2233 2853; x_wconf 83' lang='lat' dir='ltr'><strong>Verbo</strong></span> <span class='ocrx_word' id='word_1_457' title='bbox 2285 2799 2536 2853; x_wconf 80' lang='lat' dir='ltr'><strong>vitae:et</strong></span> <span class='ocrx_word' id='word_1_458' title='bbox 2587 2799 2691 2852; x_wconf 90' lang='lat' dir='ltr'><strong>vita</strong></span> <span class='ocrx_word' id='word_1_459' title='bbox 2744 2797 3090 2853; x_wconf 78' lang='lat' dir='ltr'><strong>manifestata</strong></span> <span class='ocrx_word' id='word_1_460' title='bbox 3143 2807 3250 2853; x_wconf 91' lang='lat' dir='ltr'><strong>est.</strong></span> <span class='ocrx_word' id='word_1_461' title='bbox 3285 2818 3304 2852; x_wconf 73' lang='grc' dir='ltr'><strong>ι</strong></span> <span class='ocrx_word' id='word_1_462' title='bbox 3345 2796 3468 2853; x_wconf 77' lang='lat' dir='ltr'><strong>Ilzec</strong></span> <span class='ocrx_word' id='word_1_463' title='bbox 3488 2796 3635 2851; x_wconf 89' lang='lat' dir='ltr'><strong>enim</strong></span> 
     </span>
    </p>
   </div>
   <div class='ocr_carea' id='block_1_57' title="bbox 2056 2890 3637 2960">
    <p class='ocr_par' dir='ltr' id='par_1_57' title="bbox 2056 2890 3637 2960">
     <span class='ocr_line' id='line_1_57' title="bbox 2056 2890 3637 2960; baseline -0.001 -14"><span class='ocrx_word' id='word_1_464' title='bbox 2056 2892 2148 2946; x_wconf 89' lang='lat' dir='ltr'><strong>ille</strong></span> <span class='ocrx_word' id='word_1_465' title='bbox 2179 2890 2339 2945; x_wconf 88' lang='lat' dir='ltr'><strong>veluti</strong></span> <span class='ocrx_word' id='word_1_466' title='bbox 2382 2890 2767 2945; x_wconf 84' lang='lat' dir='ltr'><strong>modulationis</strong></span> <span class='ocrx_word' id='word_1_467' title='bbox 2812 2890 3061 2959; x_wconf 88' lang='lat' dir='ltr'><strong>proludia</strong></span> <span class='ocrx_word' id='word_1_468' title='bbox 3096 2890 3402 2960; x_wconf 85' lang='lat' dir='ltr'><strong>praemittit,</strong></span> <span class='ocrx_word' id='word_1_469' title='bbox 3441 2891 3637 2945; x_wconf 87' lang='lat' dir='ltr'><strong>adver-</strong></span> 
     </span>
    </p>
   </div>
   <div class='ocr_carea' id='block_1_58' title="bbox 2055 2979 3635 3052">
    <p class='ocr_par' dir='ltr' id='par_1_58' title="bbox 2055 2979 3635 3052">
     <span class='ocr_line' id='line_1_58' title="bbox 2055 2979 3635 3052; baseline -0.003 -15"><span class='ocrx_word' id='word_1_470' title='bbox 2055 2997 2147 3037; x_wconf 89' lang='lat' dir='ltr'><strong>sus</strong></span> <span class='ocrx_word' id='word_1_471' title='bbox 2174 2995 2269 3036; x_wconf 92' lang='lat' dir='ltr'><strong>eos</strong></span> <span class='ocrx_word' id='word_1_472' title='bbox 2296 2980 2387 3050; x_wconf 89' lang='lat' dir='ltr'><strong>qui</strong></span> <span class='ocrx_word' id='word_1_473' title='bbox 2421 2979 2700 3035; x_wconf 79' lang='lat' dir='ltr'><strong>Christum</strong></span> <span class='ocrx_word' id='word_1_474' title='bbox 2733 2981 2786 3035; x_wconf 91' lang='lat' dir='ltr'><strong>in</strong></span> <span class='ocrx_word' id='word_1_475' title='bbox 2817 2995 2984 3035; x_wconf 88' lang='lat' dir='ltr'><strong>carne</strong></span> <span class='ocrx_word' id='word_1_476' title='bbox 3027 2982 3316 3036; x_wconf 77' lang='lat' dir='ltr'><strong>advenisse</strong></span> <span class='ocrx_word' id='word_1_477' title='bbox 3343 2983 3635 3052; x_wconf 75' lang='lat' dir='ltr'><strong>negabant,</strong></span> 
     </span>
    </p>
   </div>
   <div class='ocr_carea' id='block_1_59' title="bbox 2058 3070 3636 3140">
    <p class='ocr_par' dir='ltr' id='par_1_59' title="bbox 2058 3070 3636 3140">
     <span class='ocr_line' id='line_1_59' title="bbox 2058 3070 3636 3140; baseline -0.001 -13"><span class='ocrx_word' id='word_1_478' title='bbox 2058 3084 2113 3127; x_wconf 90' lang='lat' dir='ltr'><strong>ut</strong></span> <span class='ocrx_word' id='word_1_479' title='bbox 2138 3073 2192 3128; x_wconf 90' lang='lat' dir='ltr'><strong>in</strong></span> <span class='ocrx_word' id='word_1_480' title='bbox 2222 3071 2580 3140; x_wconf 88' lang='lat' dir='ltr'><strong>sequentibus</strong></span> <span class='ocrx_word' id='word_1_481' title='bbox 2604 3072 2861 3126; x_wconf 87' lang='lat' dir='ltr'><strong>ostendit.</strong></span> <span class='ocrx_word' id='word_1_482' title='bbox 2887 3070 3254 3138; x_wconf 87' lang='lat' dir='ltr'><strong>Quamobrem</strong></span> <span class='ocrx_word' id='word_1_483' title='bbox 3279 3072 3346 3127; x_wconf 91' lang='lat' dir='ltr'><strong>de</strong></span> <span class='ocrx_word' id='word_1_484' title='bbox 3367 3072 3636 3127; x_wconf 85' lang='lat' dir='ltr'><strong>industria</strong></span> 
     </span>
    </p>
   </div>
   <div class='ocr_carea' id='block_1_60' title="bbox 366 3157 1951 3248">
    <p class='ocr_par' dir='ltr' id='par_1_60' title="bbox 366 3157 1951 3235">
     <span class='ocr_line' id='line_1_60' title="bbox 366 3157 1951 3235; baseline 0.009 -25"><span class='ocrx_word' id='word_1_485' title='bbox 366 3159 396 3210; x_wconf 89' lang='grc' dir='ltr'><strong>ὁ</strong></span> <span class='ocrx_word' id='word_1_486' title='bbox 440 3157 657 3230; x_wconf 81' lang='grc' dir='ltr'>ἔλεγχος</span> <span class='ocrx_word' id='word_1_487' title='bbox 685 3160 777 3214; x_wconf 80' lang='grc' dir='ltr'><strong>τοῦ</strong></span> <span class='ocrx_word' id='word_1_488' title='bbox 812 3163 1017 3234; x_wconf 84' lang='grc' dir='ltr'>κόσμου</span> <span class='ocrx_word' id='word_1_489' title='bbox 1053 3164 1163 3235; x_wconf 86' lang='lat'><strong>(8),</strong></span> <span class='ocrx_word' id='word_1_490' title='bbox 1195 3165 1289 3219; x_wconf 83' lang='grc' dir='ltr'>τοῦ</span> <span class='ocrx_word' id='word_1_491' title='bbox 1328 3167 1574 3222; x_wconf 80' lang='grc' dir='ltr'>διαϐόλου</span> <span class='ocrx_word' id='word_1_492' title='bbox 1596 3209 1610 3233; x_wconf 97' lang='grc'><strong>,</strong></span> <span class='ocrx_word' id='word_1_493' title='bbox 1640 3169 1735 3222; x_wconf 78' lang='grc' dir='ltr'>τοῦ</span> <span class='ocrx_word' id='word_1_494' title='bbox 1778 3170 1951 3223; x_wconf 81' lang='grc' dir='ltr'>Ἀντι-</span> 
     </span>
    </p>
   </div>
   <div class='ocr_carea' id='block_1_61' title="bbox 2058 3157 3641 3248">
    <p class='ocr_par' dir='ltr' id='par_1_61' title="bbox 2058 3164 3641 3236">
     <span class='ocr_line' id='line_1_61' title="bbox 2058 3164 3641 3236; baseline -0.002 -14"><span class='ocrx_word' id='word_1_495' title='bbox 2058 3166 2338 3236; x_wconf 74' lang='lat' dir='ltr'><strong>subiunxit</strong></span> <span class='ocrx_word' id='word_1_496' title='bbox 2370 3185 2381 3218; x_wconf 90' lang='lat'><strong>:</strong></span> <span class='ocrx_word' id='word_1_497' title='bbox 2421 3184 2439 3215; x_wconf 85' lang='grc' dir='ltr'><strong>ι</strong></span> <span class='ocrx_word' id='word_1_498' title='bbox 2479 3164 2546 3218; x_wconf 88' lang='grc' dir='ltr'>Ει</span> <span class='ocrx_word' id='word_1_499' title='bbox 2568 3165 2712 3234; x_wconf 90' lang='lat' dir='ltr'><strong>quod</strong></span> <span class='ocrx_word' id='word_1_500' title='bbox 2740 3165 2977 3219; x_wconf 84' lang='lat' dir='ltr'><strong>vidimus</strong></span> <span class='ocrx_word' id='word_1_501' title='bbox 3023 3173 3311 3231; x_wconf 89' lang='lat' dir='ltr'><strong>testamur,</strong></span> <span class='ocrx_word' id='word_1_502' title='bbox 3341 3172 3398 3219; x_wconf 88' lang='lat' dir='ltr'><strong>et</strong></span> <span class='ocrx_word' id='word_1_503' title='bbox 3424 3179 3641 3219; x_wconf 77' lang='lat' dir='ltr'><strong>annun-</strong></span> 
     </span>
    </p>
   </div>
   <div class='ocr_carea' id='block_1_62' title="bbox 368 3248 1955 3333">
    <p class='ocr_par' dir='ltr' id='par_1_62' title="bbox 368 3248 1955 3333">
     <span class='ocr_line' id='line_1_62' title="bbox 368 3248 1955 3333; baseline 0.009 -32"><span class='ocrx_word' id='word_1_504' title='bbox 368 3248 609 3320; x_wconf 81' lang='grc' dir='ltr'>χρίστου,</span> <span class='ocrx_word' id='word_1_505' title='bbox 642 3255 674 3324; x_wconf 78' lang='grc' dir='ltr'>ἡ</span> <span class='ocrx_word' id='word_1_506' title='bbox 709 3255 1012 3323; x_wconf 83' lang='grc' dir='ltr'>ἐπαγγελία</span> <span class='ocrx_word' id='word_1_507' title='bbox 1034 3256 1129 3310; x_wconf 80' lang='grc' dir='ltr'>τοῦ</span> <span class='ocrx_word' id='word_1_508' title='bbox 1158 3258 1315 3327; x_wconf 83' lang='grc' dir='ltr'>ἁγίου</span> <span class='ocrx_word' id='word_1_509' title='bbox 1345 3259 1683 3331; x_wconf 84' lang='grc' dir='ltr'>Πνεύματος,</span> <span class='ocrx_word' id='word_1_510' title='bbox 1715 3262 1749 3333; x_wconf 82' lang='grc' dir='ltr'><strong>ή</strong></span> <span class='ocrx_word' id='word_1_511' title='bbox 1780 3260 1955 3315; x_wconf 75' lang='grc' dir='ltr'>υἱοθε-</span> 
     </span>
    </p>
   </div>
   <div class='ocr_carea' id='block_1_63' title="bbox 369 3343 1956 3424">
    <p class='ocr_par' dir='ltr' id='par_1_63' title="bbox 369 3343 1956 3424">
     <span class='ocr_line' id='line_1_63' title="bbox 369 3343 1956 3424; baseline 0.008 -30"><span class='ocrx_word' id='word_1_512' title='bbox 369 3343 460 3395; x_wconf 82' lang='grc' dir='ltr'><strong>σία</strong></span> <span class='ocrx_word' id='word_1_513' title='bbox 491 3343 586 3396; x_wconf 79' lang='grc' dir='ltr'>τοῦ</span> <span class='ocrx_word' id='word_1_514' title='bbox 614 3344 749 3398; x_wconf 75' lang='grc' dir='ltr'>Θεοῦ</span> <span class='ocrx_word' id='word_1_515' title='bbox 770 3387 783 3409; x_wconf 97' lang='grc'><strong>,</strong></span> <span class='ocrx_word' id='word_1_516' title='bbox 821 3349 853 3417; x_wconf 81' lang='grc' dir='ltr'>ἡ</span> <span class='ocrx_word' id='word_1_517' title='bbox 886 3347 1061 3401; x_wconf 86' lang='grc' dir='ltr'>διόλου</span> <span class='ocrx_word' id='word_1_518' title='bbox 1096 3348 1279 3414; x_wconf 78' lang='grc' dir='ltr'>πίστις</span> <span class='ocrx_word' id='word_1_519' title='bbox 1314 3351 1471 3421; x_wconf 80' lang='grc' dir='ltr'>ἡμῶν</span> <span class='ocrx_word' id='word_1_520' title='bbox 1502 3353 1897 3424; x_wconf 85' lang='grc' dir='ltr'>ἁπαιτουμένη,</span> <span class='ocrx_word' id='word_1_521' title='bbox 1925 3354 1956 3407; x_wconf 87' lang='grc' dir='ltr'>ὁ</span> 
     </span>
    </p>
   </div>
   <div class='ocr_carea' id='block_1_64' title="bbox 368 3435 1955 3519">
    <p class='ocr_par' dir='ltr' id='par_1_64' title="bbox 368 3435 1955 3519">
     <span class='ocr_line' id='line_1_64' title="bbox 368 3435 1955 3519; baseline 0.008 -31"><span class='ocrx_word' id='word_1_522' title='bbox 368 3435 556 3507; x_wconf 81' lang='grc' dir='ltr'>Πατὴρ</span> <span class='ocrx_word' id='word_1_523' title='bbox 573 3439 666 3491; x_wconf 76' lang='grc' dir='ltr'><strong>καὶ</strong></span> <span class='ocrx_word' id='word_1_524' title='bbox 680 3441 708 3492; x_wconf 88' lang='grc' dir='ltr'><strong>ό</strong></span> <span class='ocrx_word' id='word_1_525' title='bbox 725 3439 852 3502; x_wconf 76' lang='grc' dir='ltr'>Υἱὸς</span> <span class='ocrx_word' id='word_1_526' title='bbox 870 3441 1165 3513; x_wconf 73' lang='grc' dir='ltr'>πανταχοῦο</span> <span class='ocrx_word' id='word_1_527' title='bbox 1184 3443 1278 3496; x_wconf 72' lang='grc' dir='ltr'><strong>καὶ</strong></span> <span class='ocrx_word' id='word_1_528' title='bbox 1296 3444 1530 3519; x_wconf 70' lang='grc' dir='ltr'>όλωςδιά</span> <span class='ocrx_word' id='word_1_529' title='bbox 1546 3447 1761 3500; x_wconf 86' lang='grc' dir='ltr'>πάντων</span> <span class='ocrx_word' id='word_1_530' title='bbox 1784 3464 1955 3517; x_wconf 78' lang='grc' dir='ltr'>χαρα-</span> 
     </span>
    </p>
   </div>
   <div class='ocr_carea' id='block_1_65' title="bbox 369 3528 1959 3608">
    <p class='ocr_par' dir='ltr' id='par_1_65' title="bbox 369 3528 1959 3608">
     <span class='ocr_line' id='line_1_65' title="bbox 369 3528 1959 3608; baseline 0.009 -30"><span class='ocrx_word' id='word_1_531' title='bbox 369 3528 745 3598; x_wconf 75' lang='grc' dir='ltr'>κτηρίζοντας,</span> <span class='ocrx_word' id='word_1_532' title='bbox 767 3528 865 3584; x_wconf 72' lang='grc' dir='ltr'><strong>ἕνα</strong></span> <span class='ocrx_word' id='word_1_533' title='bbox 880 3531 973 3584; x_wconf 81' lang='grc' dir='ltr'><strong>καὶ</strong></span> <span class='ocrx_word' id='word_1_534' title='bbox 990 3531 1080 3586; x_wconf 80' lang='grc' dir='ltr'><strong>τὸν</strong></span> <span class='ocrx_word' id='word_1_535' title='bbox 1091 3533 1251 3597; x_wconf 81' lang='grc' dir='ltr'>αὑτὸν</span> <span class='ocrx_word' id='word_1_536' title='bbox 1273 3538 1502 3607; x_wconf 83' lang='grc' dir='ltr'>συνορᾷν</span> <span class='ocrx_word' id='word_1_537' title='bbox 1516 3537 1609 3590; x_wconf 84' lang='grc' dir='ltr'><strong>τοῦ</strong></span> <span class='ocrx_word' id='word_1_538' title='bbox 1632 3554 1689 3591; x_wconf 85' lang='grc' dir='ltr'><strong>τε</strong></span> <span class='ocrx_word' id='word_1_539' title='bbox 1714 3539 1959 3608; x_wconf 82' lang='grc' dir='ltr'>Εὐαγγε-</span> 
     </span>
    </p>
   </div>
   <div class='ocr_carea' id='block_1_66' title="bbox 368 3615 1958 3703">
    <p class='ocr_par' dir='ltr' id='par_1_66' title="bbox 368 3615 1958 3703">
     <span class='ocr_line' id='line_1_66' title="bbox 368 3615 1958 3703; baseline 0.008 -31"><span class='ocrx_word' id='word_1_540' title='bbox 368 3615 485 3673; x_wconf 82' lang='grc' dir='ltr'>λίου</span> <span class='ocrx_word' id='word_1_541' title='bbox 498 3621 590 3674; x_wconf 71' lang='grc' dir='ltr'>καὶ</span> <span class='ocrx_word' id='word_1_542' title='bbox 600 3621 696 3691; x_wconf 82' lang='grc' dir='ltr'><strong>τῆς</strong></span> <span class='ocrx_word' id='word_1_543' title='bbox 709 3624 1028 3696; x_wconf 75' lang='grc' dir='ltr'>Ἐπιστολῆς</span> <span class='ocrx_word' id='word_1_544' title='bbox 1038 3625 1226 3697; x_wconf 68' lang='grc' dir='ltr'>χρῶτα</span> <span class='ocrx_word' id='word_1_545' title='bbox 1236 3628 1882 3703; x_wconf 80' lang='grc' dir='ltr'>πρόκειται.⁹Λλλοιοτάτη</span> <span class='ocrx_word' id='word_1_546' title='bbox 1900 3632 1958 3686; x_wconf 84' lang='grc' dir='ltr'><strong>δὲ</strong></span> 
     </span>
    </p>
   </div>
   <div class='ocr_carea' id='block_1_67' title="bbox 372 3709 1957 3797">
    <p class='ocr_par' dir='ltr' id='par_1_67' title="bbox 372 3709 1957 3797">
     <span class='ocr_line' id='line_1_67' title="bbox 372 3709 1957 3797; baseline 0.009 -34"><span class='ocrx_word' id='word_1_547' title='bbox 372 3710 467 3764; x_wconf 77' lang='grc' dir='ltr'><strong>καὶ</strong></span> <span class='ocrx_word' id='word_1_548' title='bbox 485 3709 609 3782; x_wconf 79' lang='grc' dir='ltr'>ξένη</span> <span class='ocrx_word' id='word_1_549' title='bbox 629 3714 778 3785; x_wconf 71' lang='grc' dir='ltr'>παρὰ</span> <span class='ocrx_word' id='word_1_550' title='bbox 794 3716 967 3769; x_wconf 75' lang='grc' dir='ltr'>ταῦτα</span> <span class='ocrx_word' id='word_1_551' title='bbox 987 3718 1018 3787; x_wconf 80' lang='grc' dir='ltr'>ἡ</span> <span class='ocrx_word' id='word_1_552' title='bbox 1038 3718 1423 3789; x_wconf 73' lang='grc' dir='ltr'>Ἀποκάλυψις,</span> <span class='ocrx_word' id='word_1_553' title='bbox 1444 3723 1578 3793; x_wconf 75' lang='grc' dir='ltr'>μήτε</span> <span class='ocrx_word' id='word_1_554' title='bbox 1604 3725 1957 3797; x_wconf 75' lang='grc' dir='ltr'>ἐφαπτομένη</span> 
     </span>
    </p>
   </div>
   <div class='ocr_carea' id='block_1_68' title="bbox 376 3804 1961 3886">
    <p class='ocr_par' dir='ltr' id='par_1_68' title="bbox 376 3804 1961 3886">
     <span class='ocr_line' id='line_1_68' title="bbox 376 3804 1961 3886; baseline 0.008 -30"><span class='ocrx_word' id='word_1_555' title='bbox 376 3804 514 3873; x_wconf 84' lang='grc' dir='ltr'>μήτε</span> <span class='ocrx_word' id='word_1_556' title='bbox 535 3805 824 3873; x_wconf 86' lang='grc' dir='ltr'>γειτνιῶσα</span> <span class='ocrx_word' id='word_1_557' title='bbox 844 3808 1048 3863; x_wconf 75' lang='grc' dir='ltr'>τούτων</span> <span class='ocrx_word' id='word_1_558' title='bbox 1084 3810 1274 3880; x_wconf 76' lang='grc' dir='ltr'>μηδενὶ</span> <span class='ocrx_word' id='word_1_559' title='bbox 1301 3811 1505 3881; x_wconf 81' lang='grc' dir='ltr'>σχεδὸν,</span> <span class='ocrx_word' id='word_1_560' title='bbox 1520 3814 1594 3878; x_wconf 85' lang='grc' dir='ltr'><strong>ὡς</strong></span> <span class='ocrx_word' id='word_1_561' title='bbox 1609 3817 1806 3879; x_wconf 80' lang='grc' dir='ltr'>εἰπεῖν,</span> <span class='ocrx_word' id='word_1_562' title='bbox 1826 3816 1961 3886; x_wconf 79' lang='grc' dir='ltr'><strong>μηδὲ</strong></span> 
     </span>
    </p>
   </div>
   <div class='ocr_carea' id='block_1_69' title="bbox 375 3894 1960 3979">
    <p class='ocr_par' dir='ltr' id='par_1_69' title="bbox 375 3894 1960 3979">
     <span class='ocr_line' id='line_1_69' title="bbox 375 3894 1960 3979; baseline 0.009 -33"><span class='ocrx_word' id='word_1_563' title='bbox 375 3894 643 3965; x_wconf 78' lang='grc' dir='ltr'>συλλαϐὴν</span> <span class='ocrx_word' id='word_1_564' title='bbox 671 3899 807 3971; x_wconf 74' lang='grc' dir='ltr'>πρὸς</span> <span class='ocrx_word' id='word_1_565' title='bbox 832 3901 977 3955; x_wconf 78' lang='grc' dir='ltr'>αὐτὰ</span> <span class='ocrx_word' id='word_1_566' title='bbox 998 3902 1180 3974; x_wconf 80' lang='grc' dir='ltr'>κοινὴν</span> <span class='ocrx_word' id='word_1_567' title='bbox 1201 3903 1397 3973; x_wconf 76' lang='grc' dir='ltr'>ἔχουσα</span> <span class='ocrx_word' id='word_1_568' title='bbox 1416 3921 1430 3934; x_wconf 90' lang='grc'><strong>·</strong></span> <span class='ocrx_word' id='word_1_569' title='bbox 1458 3905 1573 3959; x_wconf 86' lang='grc' dir='ltr'>ἀλλ’</span> <span class='ocrx_word' id='word_1_570' title='bbox 1596 3906 1716 3959; x_wconf 75' lang='grc' dir='ltr'>οὐδὲ</span> <span class='ocrx_word' id='word_1_571' title='bbox 1740 3909 1960 3979; x_wconf 84' lang='grc' dir='ltr'>μνήμην</span> 
     </span>
    </p>
   </div>
   <div class='ocr_carea' id='block_1_70' title="bbox 371 3986 1958 4067">
    <p class='ocr_par' dir='ltr' id='par_1_70' title="bbox 371 3986 1958 4067">
     <span class='ocr_line' id='line_1_70' title="bbox 371 3986 1958 4067; baseline 0.007 -27"><span class='ocrx_word' id='word_1_572' title='bbox 371 3986 495 4041; x_wconf 82' lang='grc' dir='ltr'>τινὰ</span> <span class='ocrx_word' id='word_1_573' title='bbox 519 3988 640 4043; x_wconf 83' lang='grc' dir='ltr'>οὐδὲ</span> <span class='ocrx_word' id='word_1_574' title='bbox 660 3989 887 4056; x_wconf 81' lang='grc' dir='ltr'>ἔννοιαν,</span> <span class='ocrx_word' id='word_1_575' title='bbox 904 3991 1077 4064; x_wconf 75' lang='grc' dir='ltr'>οὕτεὴ</span> <span class='ocrx_word' id='word_1_576' title='bbox 1105 3995 1383 4067; x_wconf 83' lang='grc' dir='ltr'>Ἐπιστολὴ</span> <span class='ocrx_word' id='word_1_577' title='bbox 1406 3995 1507 4066; x_wconf 82' lang='grc' dir='ltr'>τῆς</span> <span class='ocrx_word' id='word_1_578' title='bbox 1542 3996 1958 4067; x_wconf 68' lang='grc' dir='ltr'>Ἀποκαλύψεως</span> 
     </span>
    </p>
   </div>
   <div class='ocr_carea' id='block_1_71' title="bbox 372 4079 1954 4163">
    <p class='ocr_par' dir='ltr' id='par_1_71' title="bbox 372 4079 1954 4163">
     <span class='ocr_line' id='line_1_71' title="bbox 372 4079 1954 4163; baseline 0.008 -31"><span class='ocrx_word' id='word_1_579' title='bbox 372 4079 486 4163; x_wconf 73' lang='grc' dir='ltr'>ἔχει</span> <span class='ocrx_word' id='word_1_580' title='bbox 506 4098 518 4110; x_wconf 92' lang='grc'>·</span> <span class='ocrx_word' id='word_1_581' title='bbox 550 4081 626 4134; x_wconf 85' lang='grc' dir='ltr'>ἐῶ</span> <span class='ocrx_word' id='word_1_582' title='bbox 656 4083 766 4155; x_wconf 76' lang='grc' dir='ltr'><strong>γὰρ</strong></span> <span class='ocrx_word' id='word_1_583' title='bbox 799 4085 858 4137; x_wconf 88' lang='grc' dir='ltr'>τὸ</span> <span class='ocrx_word' id='word_1_584' title='bbox 887 4085 1235 4154; x_wconf 76' lang='grc' dir='ltr'>Εὐαγγέλιον·</span> <span class='ocrx_word' id='word_1_585' title='bbox 1273 4085 1396 4140; x_wconf 76' lang='grc' dir='ltr'>οὔτε</span> <span class='ocrx_word' id='word_1_586' title='bbox 1426 4088 1523 4159; x_wconf 76' lang='grc' dir='ltr'>τῆς</span> <span class='ocrx_word' id='word_1_587' title='bbox 1569 4088 1890 4155; x_wconf 79' lang='grc' dir='ltr'>Ἐπιστολῆς</span> <span class='ocrx_word' id='word_1_588' title='bbox 1919 4092 1954 4162; x_wconf 82' lang='grc' dir='ltr'><strong>ἡ</strong></span> 
     </span>
    </p>
   </div>
   <div class='ocr_carea' id='block_1_72' title="bbox 388 4174 1956 4252">
    <p class='ocr_par' dir='ltr' id='par_1_72' title="bbox 388 4174 1956 4252">
     <span class='ocr_line' id='line_1_72' title="bbox 388 4174 1956 4252; baseline 0.007 -28"><span class='ocrx_word' id='word_1_589' title='bbox 388 4174 780 4245; x_wconf 72' lang='grc' dir='ltr'>Ἀποκάλυψις·</span> <span class='ocrx_word' id='word_1_590' title='bbox 811 4177 1026 4230; x_wconf 77' lang='grc' dir='ltr'>Παύλου</span> <span class='ocrx_word' id='word_1_591' title='bbox 1056 4176 1143 4231; x_wconf 74' lang='grc' dir='ltr'>διὰ</span> <span class='ocrx_word' id='word_1_592' title='bbox 1179 4178 1286 4233; x_wconf 81' lang='grc' dir='ltr'><strong>τῶν</strong></span> <span class='ocrx_word' id='word_1_593' title='bbox 1313 4179 1611 4234; x_wconf 79' lang='grc' dir='ltr'>ἐπιστολῶν</span> <span class='ocrx_word' id='word_1_594' title='bbox 1643 4182 1956 4252; x_wconf 83' lang='grc' dir='ltr'>ὑποφήναν-</span> 
     </span>
    </p>
   </div>
   <div class='ocr_carea' id='block_1_73' title="bbox 374 4265 1964 4338">
    <p class='ocr_par' dir='ltr' id='par_1_73' title="bbox 374 4265 1964 4338">
     <span class='ocr_line' id='line_1_73' title="bbox 374 4265 1964 4338; baseline 0.005 -21"><span class='ocrx_word' id='word_1_595' title='bbox 374 4265 467 4328; x_wconf 82' lang='grc' dir='ltr'><strong>τός</strong></span> <span class='ocrx_word' id='word_1_596' title='bbox 490 4282 544 4318; x_wconf 88' lang='grc' dir='ltr'><strong>τι</strong></span> <span class='ocrx_word' id='word_1_597' title='bbox 568 4266 662 4318; x_wconf 75' lang='grc' dir='ltr'>καὶ</span> <span class='ocrx_word' id='word_1_598' title='bbox 692 4267 821 4336; x_wconf 75' lang='grc' dir='ltr'>περὶ</span> <span class='ocrx_word' id='word_1_599' title='bbox 847 4266 955 4321; x_wconf 80' lang='grc' dir='ltr'><strong>τῶν</strong></span> <span class='ocrx_word' id='word_1_600' title='bbox 1002 4268 1398 4338; x_wconf 77' lang='grc' dir='ltr'>ἀποκαλύψεων</span> <span class='ocrx_word' id='word_1_601' title='bbox 1440 4268 1630 4335; x_wconf 81' lang='grc' dir='ltr'>αὑτοῦ,</span> <span class='ocrx_word' id='word_1_602' title='bbox 1664 4269 1730 4334; x_wconf 79' lang='grc' dir='ltr'>ἃς</span> <span class='ocrx_word' id='word_1_603' title='bbox 1751 4273 1850 4325; x_wconf 78' lang='grc' dir='ltr'><strong>οὐκ</strong></span> <span class='ocrx_word' id='word_1_604' title='bbox 1879 4273 1964 4325; x_wconf 82' lang='grc' dir='ltr'>ἑν-</span> 
     </span>
    </p>
   </div>
   <div class='ocr_carea' id='block_1_74' title="bbox 377 4356 1964 4435">
    <p class='ocr_par' dir='ltr' id='par_1_74' title="bbox 377 4356 1964 4435">
     <span class='ocr_line' id='line_1_74' title="bbox 377 4356 1964 4435; baseline 0.005 -26"><span class='ocrx_word' id='word_1_605' title='bbox 377 4356 587 4427; x_wconf 77' lang='grc' dir='ltr'>ἐγραψε</span> <span class='ocrx_word' id='word_1_606' title='bbox 618 4356 741 4411; x_wconf 81' lang='grc' dir='ltr'>καθ’</span> <span class='ocrx_word' id='word_1_607' title='bbox 759 4358 947 4423; x_wconf 85' lang='grc' dir='ltr'>αὑτάς.</span> <span class='ocrx_word' id='word_1_608' title='bbox 967 4361 1090 4414; x_wconf 88' lang='grc' dir='ltr'><strong>Ἔτι</strong></span> <span class='ocrx_word' id='word_1_609' title='bbox 1115 4360 1172 4413; x_wconf 83' lang='grc' dir='ltr'><strong>δὲ</strong></span> <span class='ocrx_word' id='word_1_610' title='bbox 1200 4362 1295 4415; x_wconf 70' lang='grc' dir='ltr'>καὶ</span> <span class='ocrx_word' id='word_1_611' title='bbox 1316 4361 1417 4432; x_wconf 80' lang='grc' dir='ltr'>τῆς</span> <span class='ocrx_word' id='word_1_612' title='bbox 1442 4363 1697 4435; x_wconf 85' lang='grc' dir='ltr'>φράσεως</span> <span class='ocrx_word' id='word_1_613' title='bbox 1724 4361 1823 4435; x_wconf 77' lang='grc' dir='ltr'><strong>τὴν</strong></span> <span class='ocrx_word' id='word_1_614' title='bbox 1849 4361 1964 4417; x_wconf 88' lang='grc' dir='ltr'>δια-</span> 
     </span>
    </p>
   </div>
   <div class='ocr_carea' id='block_1_75' title="bbox 451 4537 1105 4599">
    <p class='ocr_par' dir='ltr' id='par_1_75' title="bbox 451 4537 1105 4599">
     <span class='ocr_line' id='line_1_75' title="bbox 451 4537 1105 4599; baseline 0.009 -6"><span class='ocrx_word' id='word_1_615' title='bbox 451 4537 499 4571; x_wconf 72' lang='lat'>”</span> <span class='ocrx_word' id='word_1_616' title='bbox 528 4540 653 4595; x_wconf 83' lang='lat' dir='ltr'><strong>Act.</strong></span> <span class='ocrx_word' id='word_1_617' title='bbox 679 4556 800 4596; x_wconf 78' lang='lat' dir='ltr'><strong>xm.</strong></span> <span class='ocrx_word' id='word_1_618' title='bbox 877 4541 944 4575; x_wconf 73' lang='grc'><strong>⁸⁸¹</strong></span> <span class='ocrx_word' id='word_1_619' title='bbox 966 4541 1105 4599; x_wconf 89' lang='lat' dir='ltr'><strong>Ibid.</strong></span> 
     </span>
    </p>
   </div>
   <div class='ocr_carea' id='block_1_76' title="bbox 2056 3251 3644 3329">
    <p class='ocr_par' dir='ltr' id='par_1_76' title="bbox 2056 3251 3644 3329">
     <span class='ocr_line' id='line_1_76' title="bbox 2056 3251 3644 3329; baseline -0.004 -14"><span class='ocrx_word' id='word_1_620' title='bbox 2056 3261 2253 3329; x_wconf 71' lang='lat' dir='ltr'><strong>tiamus</strong></span> <span class='ocrx_word' id='word_1_621' title='bbox 2294 3257 2447 3311; x_wconf 87' lang='lat' dir='ltr'><strong>vobis</strong></span> <span class='ocrx_word' id='word_1_622' title='bbox 2501 3255 2665 3309; x_wconf 88' lang='lat' dir='ltr'><strong>vitam</strong></span> <span class='ocrx_word' id='word_1_623' title='bbox 2712 3263 3007 3322; x_wconf 62' lang='lat' dir='ltr'><strong>aeternam,</strong></span> <span class='ocrx_word' id='word_1_624' title='bbox 3059 3270 3181 3326; x_wconf 65' lang='lat' dir='ltr'><strong>qua:</strong></span> <span class='ocrx_word' id='word_1_625' title='bbox 3206 3264 3330 3311; x_wconf 89' lang='lat' dir='ltr'><strong>erat</strong></span> <span class='ocrx_word' id='word_1_626' title='bbox 3370 3255 3512 3326; x_wconf 90' lang='lat' dir='ltr'><strong>apud</strong></span> <span class='ocrx_word' id='word_1_627' title='bbox 3535 3251 3644 3309; x_wconf 86' lang='lat' dir='ltr'><strong>Pa-</strong></span> 
     </span>
    </p>
   </div>
   <div class='ocr_carea' id='block_1_77' title="bbox 2059 3346 3643 3419">
    <p class='ocr_par' dir='ltr' id='par_1_77' title="bbox 2059 3346 3643 3419">
     <span class='ocr_line' id='line_1_77' title="bbox 2059 3346 3643 3419; baseline -0.004 -13"><span class='ocrx_word' id='word_1_628' title='bbox 2059 3362 2194 3407; x_wconf 89' lang='lat' dir='ltr'><strong>trem</strong></span> <span class='ocrx_word' id='word_1_629' title='bbox 2233 3359 2289 3405; x_wconf 93' lang='lat' dir='ltr'><strong>et</strong></span> <span class='ocrx_word' id='word_1_630' title='bbox 2326 3349 2573 3419; x_wconf 88' lang='lat' dir='ltr'><strong>apparuit</strong></span> <span class='ocrx_word' id='word_1_631' title='bbox 2626 3347 2799 3403; x_wconf 89' lang='lat' dir='ltr'><strong>nobis.</strong></span> <span class='ocrx_word' id='word_1_632' title='bbox 2856 3347 3010 3415; x_wconf 84' lang='lat' dir='ltr'><strong>Quod</strong></span> <span class='ocrx_word' id='word_1_633' title='bbox 3071 3348 3306 3403; x_wconf 86' lang='lat' dir='ltr'><strong>vidimus</strong></span> <span class='ocrx_word' id='word_1_634' title='bbox 3342 3355 3399 3402; x_wconf 90' lang='lat' dir='ltr'><strong>et</strong></span> <span class='ocrx_word' id='word_1_635' title='bbox 3426 3346 3643 3401; x_wconf 55' lang='lat' dir='ltr'><strong>audivi.</strong></span> 
     </span>
    </p>
   </div>
   <div class='ocr_carea' id='block_1_78' title="bbox 2060 3436 3643 3505">
    <p class='ocr_par' dir='ltr' id='par_1_78' title="bbox 2060 3436 3643 3505">
     <span class='ocr_line' id='line_1_78' title="bbox 2060 3436 3643 3505; baseline -0.003 -9"><span class='ocrx_word' id='word_1_636' title='bbox 2060 3456 2205 3505; x_wconf 89' lang='lat' dir='ltr'><strong>mus,</strong></span> <span class='ocrx_word' id='word_1_637' title='bbox 2265 3436 2650 3493; x_wconf 88' lang='lat' dir='ltr'><strong>annuntiamus</strong></span> <span class='ocrx_word' id='word_1_638' title='bbox 2707 3436 2883 3492; x_wconf 87' lang='lat' dir='ltr'><strong>vobis.</strong></span> <span class='ocrx_word' id='word_1_639' title='bbox 2922 3455 2941 3490; x_wconf 74' lang='grc' dir='ltr'><strong>ι</strong></span> <span class='ocrx_word' id='word_1_640' title='bbox 2996 3437 3148 3491; x_wconf 82' lang='lat' dir='ltr'><strong>Adeo</strong></span> <span class='ocrx_word' id='word_1_641' title='bbox 3171 3445 3316 3492; x_wconf 90' lang='lat' dir='ltr'><strong>totus</strong></span> <span class='ocrx_word' id='word_1_642' title='bbox 3347 3452 3413 3492; x_wconf 82' lang='lat' dir='ltr'><strong>ex</strong></span> <span class='ocrx_word' id='word_1_643' title='bbox 3443 3436 3643 3505; x_wconf 87' lang='lat' dir='ltr'><strong>seipse</strong></span> 
     </span>
    </p>
   </div>
   <div class='ocr_carea' id='block_1_79' title="bbox 2064 3529 3639 3603">
    <p class='ocr_par' dir='ltr' id='par_1_79' title="bbox 2064 3529 3639 3603">
     <span class='ocr_line' id='line_1_79' title="bbox 2064 3529 3639 3603; baseline -0.003 -16"><span class='ocrx_word' id='word_1_644' title='bbox 2064 3532 2281 3603; x_wconf 88' lang='lat' dir='ltr'><strong>pendet,</strong></span> <span class='ocrx_word' id='word_1_645' title='bbox 2315 3539 2421 3585; x_wconf 88' lang='lat' dir='ltr'><strong>eta</strong></span> <span class='ocrx_word' id='word_1_646' title='bbox 2453 3530 2919 3600; x_wconf 87' lang='lat' dir='ltr'><strong>propositionibus</strong></span> <span class='ocrx_word' id='word_1_647' title='bbox 2960 3530 3075 3585; x_wconf 89' lang='lat' dir='ltr'><strong>suis</strong></span> <span class='ocrx_word' id='word_1_648' title='bbox 3110 3544 3178 3585; x_wconf 93' lang='lat' dir='ltr'><strong>ne</strong></span> <span class='ocrx_word' id='word_1_649' title='bbox 3222 3530 3393 3584; x_wconf 87' lang='lat' dir='ltr'><strong>latum</strong></span> <span class='ocrx_word' id='word_1_650' title='bbox 3421 3529 3639 3600; x_wconf 88' lang='lat' dir='ltr'><strong>quidem</strong></span> 
     </span>
    </p>
   </div>
   <div class='ocr_carea' id='block_1_80' title="bbox 2065 3621 3648 3694">
    <p class='ocr_par' dir='ltr' id='par_1_80' title="bbox 2065 3621 3648 3694">
     <span class='ocr_line' id='line_1_80' title="bbox 2065 3621 3648 3694; baseline -0.003 -16"><span class='ocrx_word' id='word_1_651' title='bbox 2065 3638 2295 3694; x_wconf 81' lang='lat' dir='ltr'><strong>unguem</strong></span> <span class='ocrx_word' id='word_1_652' title='bbox 2330 3621 2599 3689; x_wconf 86' lang='lat' dir='ltr'><strong>discedit;</strong></span> <span class='ocrx_word' id='word_1_653' title='bbox 2629 3623 2721 3677; x_wconf 90' lang='lat' dir='ltr'><strong>sed</strong></span> <span class='ocrx_word' id='word_1_654' title='bbox 2747 3623 2938 3678; x_wconf 88' lang='lat' dir='ltr'><strong>iisdem</strong></span> <span class='ocrx_word' id='word_1_655' title='bbox 2973 3637 3111 3692; x_wconf 91' lang='lat' dir='ltr'><strong>pene</strong></span> <span class='ocrx_word' id='word_1_656' title='bbox 3137 3622 3407 3692; x_wconf 87' lang='lat' dir='ltr'><strong>capitibus</strong></span> <span class='ocrx_word' id='word_1_657' title='bbox 3431 3636 3496 3675; x_wconf 89' lang='lat' dir='ltr'><strong>ac</strong></span> <span class='ocrx_word' id='word_1_658' title='bbox 3520 3635 3648 3675; x_wconf 90' lang='lat' dir='ltr'><strong>ver-</strong></span> 
     </span>
    </p>
   </div>
   <div class='ocr_carea' id='block_1_81' title="bbox 2064 3714 3647 3783">
    <p class='ocr_par' dir='ltr' id='par_1_81' title="bbox 2064 3714 3647 3783">
     <span class='ocr_line' id='line_1_81' title="bbox 2064 3714 3647 3783; baseline -0.002 -13"><span class='ocrx_word' id='word_1_659' title='bbox 2064 3714 2149 3770; x_wconf 92' lang='lat' dir='ltr'><strong>bis</strong></span> <span class='ocrx_word' id='word_1_660' title='bbox 2186 3721 2381 3767; x_wconf 84' lang='lat' dir='ltr'><strong>cuncta</strong></span> <span class='ocrx_word' id='word_1_661' title='bbox 2409 3715 2774 3783; x_wconf 87' lang='lat' dir='ltr'><strong>prosequitur.</strong></span> <span class='ocrx_word' id='word_1_662' title='bbox 2807 3714 2883 3769; x_wconf 79' lang='lat' dir='ltr'><strong>Ex</strong></span> <span class='ocrx_word' id='word_1_663' title='bbox 2914 3715 3111 3783; x_wconf 86' lang='lat' dir='ltr'><strong>quibus</strong></span> <span class='ocrx_word' id='word_1_664' title='bbox 3136 3730 3236 3769; x_wconf 89' lang='lat' dir='ltr'><strong>nos</strong></span> <span class='ocrx_word' id='word_1_665' title='bbox 3260 3714 3480 3783; x_wconf 89' lang='lat' dir='ltr'><strong>quidem</strong></span> <span class='ocrx_word' id='word_1_666' title='bbox 3507 3728 3647 3767; x_wconf 84' lang='lat' dir='ltr'><strong>non-</strong></span> 
     </span>
    </p>
   </div>
   <div class='ocr_carea' id='block_1_82' title="bbox 2062 3804 3644 3878">
    <p class='ocr_par' dir='ltr' id='par_1_82' title="bbox 2062 3804 3644 3878">
     <span class='ocr_line' id='line_1_82' title="bbox 2062 3804 3644 3878; baseline -0.001 -16"><span class='ocrx_word' id='word_1_667' title='bbox 2062 3807 2211 3863; x_wconf 87' lang='lat' dir='ltr'><strong>nulla</strong></span> <span class='ocrx_word' id='word_1_668' title='bbox 2250 3804 2491 3860; x_wconf 89' lang='lat' dir='ltr'><strong>breviter</strong></span> <span class='ocrx_word' id='word_1_669' title='bbox 2519 3822 2893 3878; x_wconf 81' lang='lat' dir='ltr'><strong>suggeremus.</strong></span> <span class='ocrx_word' id='word_1_670' title='bbox 2925 3807 3027 3873; x_wconf 86' lang='lat' dir='ltr'><strong>Qui</strong></span> <span class='ocrx_word' id='word_1_671' title='bbox 3063 3821 3193 3859; x_wconf 87' lang='lat' dir='ltr'><strong>vero</strong></span> <span class='ocrx_word' id='word_1_672' title='bbox 3220 3814 3428 3861; x_wconf 91' lang='lat' dir='ltr'><strong>attente</strong></span> <span class='ocrx_word' id='word_1_673' title='bbox 3464 3804 3644 3874; x_wconf 79' lang='lat' dir='ltr'><strong>perle-</strong></span> 
     </span>
    </p>
   </div>
   <div class='ocr_carea' id='block_1_83' title="bbox 2062 3897 3645 3973">
    <p class='ocr_par' dir='ltr' id='par_1_83' title="bbox 2062 3897 3645 3973">
     <span class='ocr_line' id='line_1_83' title="bbox 2062 3897 3645 3973; baseline -0.003 -17"><span class='ocrx_word' id='word_1_674' title='bbox 2062 3902 2223 3973; x_wconf 79' lang='lat' dir='ltr'><strong>gerit,</strong></span> <span class='ocrx_word' id='word_1_675' title='bbox 2261 3901 2316 3957; x_wconf 91' lang='lat' dir='ltr'><strong>in</strong></span> <span class='ocrx_word' id='word_1_676' title='bbox 2344 3913 2575 3973; x_wconf 88' lang='lat' dir='ltr'><strong>utroque</strong></span> <span class='ocrx_word' id='word_1_677' title='bbox 2604 3900 2799 3971; x_wconf 84' lang='lat' dir='ltr'><strong>saepius</strong></span> <span class='ocrx_word' id='word_1_678' title='bbox 2828 3900 3015 3962; x_wconf 88' lang='lat' dir='ltr'><strong>vitam,</strong></span> <span class='ocrx_word' id='word_1_679' title='bbox 3045 3899 3211 3971; x_wconf 76' lang='lat'><strong>276</strong></span> <span class='ocrx_word' id='word_1_680' title='bbox 3236 3899 3436 3963; x_wconf 90' lang='lat' dir='ltr'><strong>lucem,</strong></span> <span class='ocrx_word' id='word_1_681' title='bbox 3462 3897 3645 3970; x_wconf 76' lang='lat' dir='ltr'><strong>fugam</strong></span> 
     </span>
    </p>
   </div>
   <div class='ocr_carea' id='block_1_84' title="bbox 2067 3991 3650 4063">
    <p class='ocr_par' dir='ltr' id='par_1_84' title="bbox 2067 3991 3650 4063">
     <span class='ocr_line' id='line_1_84' title="bbox 2067 3991 3650 4063; baseline -0.003 -16"><span class='ocrx_word' id='word_1_682' title='bbox 2067 3995 2415 4050; x_wconf 88' lang='lat' dir='ltr'><strong>tenebrarum</strong></span> <span class='ocrx_word' id='word_1_683' title='bbox 2439 4012 2454 4063; x_wconf 92' lang='lat'><strong>;</strong></span> <span class='ocrx_word' id='word_1_684' title='bbox 2503 3993 2817 4063; x_wconf 80' lang='lat' dir='ltr'><strong>frequenter</strong></span> <span class='ocrx_word' id='word_1_685' title='bbox 2848 3991 3130 4046; x_wconf 88' lang='lat' dir='ltr'><strong>veritatem</strong></span> <span class='ocrx_word' id='word_1_686' title='bbox 3155 4031 3174 4057; x_wconf 88' lang='lat'><strong>,</strong></span> <span class='ocrx_word' id='word_1_687' title='bbox 3205 3991 3437 4061; x_wconf 77' lang='lat' dir='ltr'><strong>gratiam</strong></span> <span class='ocrx_word' id='word_1_688' title='bbox 3463 4029 3478 4055; x_wconf 93' lang='lat'><strong>,</strong></span> <span class='ocrx_word' id='word_1_689' title='bbox 3507 4005 3650 4055; x_wconf 71' lang='lat' dir='ltr'><strong>gau-</strong></span> 
     </span>
    </p>
   </div>
   <div class='ocr_carea' id='block_1_85' title="bbox 2066 4081 3652 4155">
    <p class='ocr_par' dir='ltr' id='par_1_85' title="bbox 2066 4081 3652 4155">
     <span class='ocr_line' id='line_1_85' title="bbox 2066 4081 3652 4155; baseline -0.003 -15"><span class='ocrx_word' id='word_1_690' title='bbox 2066 4086 2237 4151; x_wconf 90' lang='lat' dir='ltr'><strong>dium,</strong></span> <span class='ocrx_word' id='word_1_691' title='bbox 2268 4102 2491 4141; x_wconf 87' lang='lat' dir='ltr'><strong>carnem</strong></span> <span class='ocrx_word' id='word_1_692' title='bbox 2519 4093 2575 4140; x_wconf 87' lang='lat' dir='ltr'><strong>et</strong></span> <span class='ocrx_word' id='word_1_693' title='bbox 2600 4084 2925 4155; x_wconf 81' lang='lat' dir='ltr'><strong>sanguinem</strong></span> <span class='ocrx_word' id='word_1_694' title='bbox 2954 4083 3186 4149; x_wconf 90' lang='lat' dir='ltr'><strong>Domini,</strong></span> <span class='ocrx_word' id='word_1_695' title='bbox 3213 4081 3499 4154; x_wconf 86' lang='lat' dir='ltr'><strong>judicium,</strong></span> <span class='ocrx_word' id='word_1_696' title='bbox 3525 4095 3652 4152; x_wconf 86' lang='lat' dir='ltr'><strong>pec-</strong></span> 
     </span>
    </p>
   </div>
   <div class='ocr_carea' id='block_1_86' title="bbox 2065 4171 3645 4241">
    <p class='ocr_par' dir='ltr' id='par_1_86' title="bbox 2065 4171 3645 4241">
     <span class='ocr_line' id='line_1_86' title="bbox 2065 4171 3645 4241; baseline -0.006 -9"><span class='ocrx_word' id='word_1_697' title='bbox 2065 4186 2311 4233; x_wconf 87' lang='lat' dir='ltr'><strong>catorum</strong></span> <span class='ocrx_word' id='word_1_698' title='bbox 2346 4175 2762 4241; x_wconf 88' lang='lat' dir='ltr'><strong>remissionem;</strong></span> <span class='ocrx_word' id='word_1_699' title='bbox 2807 4172 2904 4228; x_wconf 88' lang='lat' dir='ltr'><strong>Dei</strong></span> <span class='ocrx_word' id='word_1_700' title='bbox 2954 4188 3083 4241; x_wconf 76' lang='lat' dir='ltr'><strong>erga</strong></span> <span class='ocrx_word' id='word_1_701' title='bbox 3133 4188 3232 4228; x_wconf 89' lang='lat' dir='ltr'><strong>nos</strong></span> <span class='ocrx_word' id='word_1_702' title='bbox 3276 4171 3645 4238; x_wconf 90' lang='lat' dir='ltr'><strong>dilectionem,</strong></span> 
     </span>
    </p>
   </div>
   <div class='ocr_carea' id='block_1_87' title="bbox 2070 4264 3647 4337">
    <p class='ocr_par' dir='ltr' id='par_1_87' title="bbox 2070 4264 3647 4337">
     <span class='ocr_line' id='line_1_87' title="bbox 2070 4264 3647 4337; baseline -0.003 -15"><span class='ocrx_word' id='word_1_703' title='bbox 2070 4277 2273 4323; x_wconf 64' lang='lat' dir='ltr'><strong>mutuae</strong></span> <span class='ocrx_word' id='word_1_704' title='bbox 2291 4269 2431 4324; x_wconf 91' lang='lat' dir='ltr'><strong>inter</strong></span> <span class='ocrx_word' id='word_1_705' title='bbox 2460 4284 2560 4324; x_wconf 87' lang='lat' dir='ltr'><strong>nos</strong></span> <span class='ocrx_word' id='word_1_706' title='bbox 2588 4267 2899 4324; x_wconf 89' lang='lat' dir='ltr'><strong>dilectionis</strong></span> <span class='ocrx_word' id='word_1_707' title='bbox 2922 4275 3249 4337; x_wconf 57' lang='lat' dir='ltr'><strong>praeceptum</strong></span> <span class='ocrx_word' id='word_1_708' title='bbox 3276 4282 3291 4320; x_wconf 91' lang='lat'><strong>:</strong></span> <span class='ocrx_word' id='word_1_709' title='bbox 3317 4275 3374 4321; x_wconf 84' lang='lat' dir='ltr'><strong>et</strong></span> <span class='ocrx_word' id='word_1_710' title='bbox 3392 4264 3647 4318; x_wconf 86' lang='lat' dir='ltr'><strong>universa</strong></span> 
     </span>
    </p>
   </div>
   <div class='ocr_carea' id='block_1_88' title="bbox 2074 4356 3655 4434">
    <p class='ocr_par' dir='ltr' id='par_1_88' title="bbox 2074 4356 3655 4434">
     <span class='ocr_line' id='line_1_88' title="bbox 2074 4356 3655 4434; baseline -0.003 -18"><span class='ocrx_word' id='word_1_711' title='bbox 2074 4373 2347 4434; x_wconf 59' lang='lat' dir='ltr'><strong>praecepta</strong></span> <span class='ocrx_word' id='word_1_712' title='bbox 2385 4363 2652 4419; x_wconf 86' lang='lat' dir='ltr'><strong>servanda</strong></span> <span class='ocrx_word' id='word_1_713' title='bbox 2689 4378 2812 4420; x_wconf 89' lang='lat' dir='ltr'><strong>esse</strong></span> <span class='ocrx_word' id='word_1_714' title='bbox 2840 4362 3095 4434; x_wconf 84' lang='lat' dir='ltr'><strong>reperiet.</strong></span> <span class='ocrx_word' id='word_1_715' title='bbox 3128 4359 3213 4417; x_wconf 86' lang='lat' dir='ltr'><strong>Ad</strong></span> <span class='ocrx_word' id='word_1_716' title='bbox 3254 4359 3369 4415; x_wconf 83' lang='lat' dir='ltr'><strong>haec</strong></span> <span class='ocrx_word' id='word_1_717' title='bbox 3392 4356 3655 4414; x_wconf 84' lang='lat' dir='ltr'><strong>condem-</strong></span> 
     </span>
    </p>
   </div>
   <div class='ocr_carea' id='block_1_89' title="bbox 454 4699 1951 4784">
    <p class='ocr_par' dir='ltr' id='par_1_89' title="bbox 454 4704 1951 4784">
     <span class='ocr_line' id='line_1_89' title="bbox 454 4704 1951 4784; baseline 0.006 -24"><span class='ocrx_word' id='word_1_718' title='bbox 454 4704 531 4784; x_wconf 78' lang='lat'><strong>(5)</strong></span> <span class='ocrx_word' id='word_1_719' title='bbox 558 4707 682 4784; x_wconf 55' lang='lat' dir='ltr'><strong>ﬁat</strong></span> <span class='ocrx_word' id='word_1_720' title='bbox 727 4707 847 4764; x_wconf 80' lang='grc' dir='ltr'><strong>ἀπὸ</strong></span> <span class='ocrx_word' id='word_1_721' title='bbox 888 4708 1010 4784; x_wconf 64' lang='grc' dir='ltr'><strong>τῷν</strong></span> <span class='ocrx_word' id='word_1_722' title='bbox 1056 4709 1491 4784; x_wconf 44' lang='grc' dir='ltr'>νοημάτων-δὲ</span> <span class='ocrx_word' id='word_1_723' title='bbox 1523 4712 1622 4767; x_wconf 78' lang='grc' dir='ltr'>καὶ</span> <span class='ocrx_word' id='word_1_724' title='bbox 1654 4713 1951 4784; x_wconf 53' lang='grc' dir='ltr'><strong>ῥημάτωντ</strong></span> 
     </span>
    </p>
   </div>
   <div class='ocr_carea' id='block_1_90' title="bbox 2058 4699 3654 4784">
    <p class='ocr_par' dir='ltr' id='par_1_90' title="bbox 2069 4699 3654 4784">
     <span class='ocr_line' id='line_1_90' title="bbox 2069 4699 3654 4784; baseline -0.008 -21"><span class='ocrx_word' id='word_1_725' title='bbox 2069 4708 2557 4784; x_wconf 70' lang='lat' dir='ltr'><strong>comprehendere.</strong></span> <span class='ocrx_word' id='word_1_726' title='bbox 2588 4703 2762 4760; x_wconf 89' lang='lat' dir='ltr'><strong>Porro</strong></span> <span class='ocrx_word' id='word_1_727' title='bbox 2779 4716 2868 4784; x_wconf 12' lang='lat' dir='ltr'><strong>ex,</strong></span> <span class='ocrx_word' id='word_1_728' title='bbox 2892 4702 3017 4784; x_wconf 43' lang='lat' dir='ltr'><strong>hoc‘</strong></span> <span class='ocrx_word' id='word_1_729' title='bbox 3041 4699 3161 4784; x_wconf 75' lang='lat' dir='ltr'><strong>loco</strong></span> <span class='ocrx_word' id='word_1_730' title='bbox 3192 4707 3443 4784; x_wconf 63' lang='lat' dir='ltr'><strong>apparet,</strong></span> <span class='ocrx_word' id='word_1_731' title='bbox 3473 4710 3654 4784; x_wconf 59' lang='lat' dir='ltr'><strong>quan-</strong></span> 
     </span>
    </p>
   </div>
   <div class='ocr_carea' id='block_1_91' title="bbox 382 4777 1967 4846">
    <p class='ocr_par' dir='ltr' id='par_1_91' title="bbox 382 4777 1967 4846">
     <span class='ocr_line' id='line_1_91' title="bbox 382 4777 1967 4846; baseline 0.006 -17"><span class='ocrx_word' id='word_1_732' title='bbox 382 4777 625 4845; x_wconf 73' lang='grc' dir='ltr'>καὶτῆς</span> <span class='ocrx_word' id='word_1_733' title='bbox 712 4778 1064 4846; x_wconf 78' lang='grc' dir='ltr'>συντάξεως</span> <span class='ocrx_word' id='word_1_734' title='bbox 1108 4777 1330 4837; x_wconf 74' lang='grc' dir='ltr'>αὐτῶν.</span> <span class='ocrx_word' id='word_1_735' title='bbox 1393 4781 1507 4836; x_wconf 90' lang='lat' dir='ltr'><strong>lloc</strong></span> <span class='ocrx_word' id='word_1_736' title='bbox 1551 4777 1847 4838; x_wconf 76' lang='lat' dir='ltr'><strong>secundum</strong></span> <span class='ocrx_word' id='word_1_737' title='bbox 1882 4777 1967 4839; x_wconf 87' lang='lat' dir='ltr'><strong>est</strong></span> 
     </span>
    </p>
   </div>
   <div class='ocr_carea' id='block_1_92' title="bbox 386 4851 1967 4923">
    <p class='ocr_par' dir='ltr' id='par_1_92' title="bbox 386 4851 1967 4923">
     <span class='ocr_line' id='line_1_92' title="bbox 386 4851 1967 4923; baseline 0.006 -24"><span class='ocrx_word' id='word_1_738' title='bbox 386 4858 793 4923; x_wconf 71' lang='lat' dir='ltr'><strong>argumentum,</strong></span> <span class='ocrx_word' id='word_1_739' title='bbox 826 4863 958 4923; x_wconf 81' lang='lat' dir='ltr'><strong>quo</strong></span> <span class='ocrx_word' id='word_1_740' title='bbox 998 4853 1285 4923; x_wconf 82' lang='lat' dir='ltr'><strong>Dionysius</strong></span> <span class='ocrx_word' id='word_1_741' title='bbox 1341 4851 1745 4923; x_wconf 67' lang='lat' dir='ltr'><strong>Alexandrinus</strong></span> <span class='ocrx_word' id='word_1_742' title='bbox 1800 4855 1967 4920; x_wconf 83' lang='lat' dir='ltr'><strong>conji-</strong></span> 
     </span>
    </p>
   </div>
   <div class='ocr_carea' id='block_1_93' title="bbox 385 4916 1960 4990">
    <p class='ocr_par' dir='ltr' id='par_1_93' title="bbox 385 4916 1960 4990">
     <span class='ocr_line' id='line_1_93' title="bbox 385 4916 1960 4990; baseline 0.005 -19"><span class='ocrx_word' id='word_1_743' title='bbox 385 4916 588 4990; x_wconf 77' lang='lat' dir='ltr'><strong>ciebat.</strong></span> <span class='ocrx_word' id='word_1_744' title='bbox 631 4916 1021 4990; x_wconf 82' lang='lat' dir='ltr'><strong>Apocalypsiut</strong></span> <span class='ocrx_word' id='word_1_745' title='bbox 1066 4916 1527 4985; x_wconf 60' lang='lat' dir='ltr'><strong>et&#39;Evangelium</strong></span> <span class='ocrx_word' id='word_1_746' title='bbox 1575 4921 1803 4978; x_wconf 85' lang='lat' dir='ltr'><strong>Joannis</strong></span> <span class='ocrx_word' id='word_1_747' title='bbox 1853 4916 1960 4979; x_wconf 79' lang='lat' dir='ltr'><strong>non</strong></span> 
     </span>
    </p>
   </div>
   <div class='ocr_carea' id='block_1_94' title="bbox 387 4988 1962 5063">
    <p class='ocr_par' dir='ltr' id='par_1_94' title="bbox 387 4988 1962 5063">
     <span class='ocr_line' id='line_1_94' title="bbox 387 4988 1962 5063; baseline 0.003 -20"><span class='ocrx_word' id='word_1_748' title='bbox 387 4988 551 5043; x_wconf 92' lang='lat' dir='ltr'><strong>unius</strong></span> <span class='ocrx_word' id='word_1_749' title='bbox 584 4988 1063 5063; x_wconf 14' lang='lat' dir='ltr'><strong>scriptorisppus,</strong></span> <span class='ocrx_word' id='word_1_750' title='bbox 1094 5008 1236 5047; x_wconf 90' lang='lat' dir='ltr'><strong>esse.</strong></span> <span class='ocrx_word' id='word_1_751' title='bbox 1298 4992 1540 5046; x_wconf 91' lang='lat' dir='ltr'><strong>Primum</strong></span> <span class='ocrx_word' id='word_1_752' title='bbox 1592 4993 1742 5047; x_wconf 90' lang='lat' dir='ltr'><strong>enim</strong></span> <span class='ocrx_word' id='word_1_753' title='bbox 1796 5009 1962 5063; x_wconf 77' lang='lat' dir='ltr'><strong>argu-</strong></span> 
     </span>
    </p>
   </div>
   <div class='ocr_carea' id='block_1_95' title="bbox 389 5060 1962 5131">
    <p class='ocr_par' dir='ltr' id='par_1_95' title="bbox 389 5060 1962 5131">
     <span class='ocr_line' id='line_1_95' title="bbox 389 5060 1962 5131; baseline 0.004 -19"><span class='ocrx_word' id='word_1_754' title='bbox 389 5068 632 5131; x_wconf 77' lang='lat' dir='ltr'><strong>mentum</strong></span> <span class='ocrx_word' id='word_1_755' title='bbox 664 5061 809 5129; x_wconf 88' lang='lat' dir='ltr'><strong>quod</strong></span> <span class='ocrx_word' id='word_1_756' title='bbox 846 5060 897 5113; x_wconf 89' lang='lat' dir='ltr'><strong>id</strong></span> <span class='ocrx_word' id='word_1_757' title='bbox 951 5062 1238 5130; x_wconf 85' lang='lat' dir='ltr'><strong>probabat,</strong></span> <span class='ocrx_word' id='word_1_758' title='bbox 1286 5063 1492 5131; x_wconf 88' lang='lat' dir='ltr'><strong>petitur</strong></span> <span class='ocrx_word' id='word_1_759' title='bbox 1523 5078 1589 5116; x_wconf 84' lang='lat' dir='ltr'><strong>ex</strong></span> <span class='ocrx_word' id='word_1_760' title='bbox 1629 5060 1888 5119; x_wconf 74' lang='lat' dir='ltr'><strong>moribus</strong></span> <span class='ocrx_word' id='word_1_761' title='bbox 1906 5076 1962 5118; x_wconf 91' lang='lat' dir='ltr'><strong>et</strong></span> 
     </span>
    </p>
   </div>
   <div class='ocr_carea' id='block_1_96' title="bbox 387 5129 1965 5204">
    <p class='ocr_par' dir='ltr' id='par_1_96' title="bbox 387 5129 1965 5204">
     <span class='ocr_line' id='line_1_96' title="bbox 387 5129 1965 5204; baseline 0.002 -21"><span class='ocrx_word' id='word_1_762' title='bbox 387 5129 637 5204; x_wconf 79' lang='lat' dir='ltr'><strong>instituto</strong></span> <span class='ocrx_word' id='word_1_763' title='bbox 658 5129 961 5204; x_wconf 72' lang='lat' dir='ltr'><strong>utriusque</strong></span> <span class='ocrx_word' id='word_1_764' title='bbox 985 5129 1303 5204; x_wconf 57' lang='lat' dir='ltr'><strong>scriptoris;</strong></span> <span class='ocrx_word' id='word_1_765' title='bbox 1326 5142 1384 5186; x_wconf 92' lang='lat' dir='ltr'><strong>ut</strong></span> <span class='ocrx_word' id='word_1_766' title='bbox 1414 5133 1532 5204; x_wconf 84' lang='lat' dir='ltr'><strong>ipse</strong></span> <span class='ocrx_word' id='word_1_767' title='bbox 1558 5133 1852 5204; x_wconf 80' lang='lat' dir='ltr'><strong>Dionysius</strong></span> <span class='ocrx_word' id='word_1_768' title='bbox 1884 5135 1965 5187; x_wconf 90' lang='lat' dir='ltr'><strong>iu-</strong></span> 
     </span>
    </p>
   </div>
   <div class='ocr_carea' id='block_1_97' title="bbox 390 5199 1971 5276">
    <p class='ocr_par' dir='ltr' id='par_1_97' title="bbox 390 5199 1971 5276">
     <span class='ocr_line' id='line_1_97' title="bbox 390 5199 1971 5276; baseline 0.004 -26"><span class='ocrx_word' id='word_1_769' title='bbox 390 5199 629 5276; x_wconf 72' lang='lat' dir='ltr'><strong>sinuavit</strong></span> <span class='ocrx_word' id='word_1_770' title='bbox 658 5199 743 5276; x_wconf 78' lang='lat' dir='ltr'><strong>his</strong></span> <span class='ocrx_word' id='word_1_771' title='bbox 787 5201 1010 5276; x_wconf 64' lang='lat' dir='ltr'><strong>verbis;</strong></span> <span class='ocrx_word' id='word_1_772' title='bbox 1043 5199 1575 5276; x_wconf 73' lang='grc' dir='ltr'>Τεκμαίρομαι’γάρ</span> <span class='ocrx_word' id='word_1_773' title='bbox 1599 5202 1663 5256; x_wconf 82' lang='grc' dir='ltr'><strong>ἑκ</strong></span> <span class='ocrx_word' id='word_1_774' title='bbox 1691 5199 1751 5256; x_wconf 74' lang='grc' dir='ltr'><strong>τε</strong></span> <span class='ocrx_word' id='word_1_775' title='bbox 1783 5203 1878 5276; x_wconf 58' lang='grc' dir='ltr'>τοῦ</span> <span class='ocrx_word' id='word_1_776' title='bbox 1907 5204 1971 5276; x_wconf 78' lang='grc' dir='ltr'><strong>ἥ-</strong></span> 
     </span>
    </p>
   </div>
   <div class='ocr_carea' id='block_1_98' title="bbox 392 5267 1972 5343">
    <p class='ocr_par' dir='ltr' id='par_1_98' title="bbox 392 5267 1972 5343">
     <span class='ocr_line' id='line_1_98' title="bbox 392 5267 1972 5343; baseline 0.005 -22"><span class='ocrx_word' id='word_1_777' title='bbox 392 5267 520 5333; x_wconf 86' lang='grc' dir='ltr'>θους</span> <span class='ocrx_word' id='word_1_778' title='bbox 551 5270 850 5343; x_wconf 83' lang='grc' dir='ltr'>ἑκατέρων.</span> <span class='ocrx_word' id='word_1_779' title='bbox 885 5272 948 5324; x_wconf 84' lang='grc' dir='ltr'>Ει</span> <span class='ocrx_word' id='word_1_780' title='bbox 982 5272 1081 5327; x_wconf 91' lang='lat' dir='ltr'><strong>hoc</strong></span> <span class='ocrx_word' id='word_1_781' title='bbox 1105 5267 1731 5343; x_wconf 59' lang='lat' dir='ltr'><strong>quide&#39;m&#39;argumentum</strong></span> <span class='ocrx_word' id='word_1_782' title='bbox 1761 5276 1828 5329; x_wconf 90' lang='lat' dir='ltr'><strong>ad</strong></span> <span class='ocrx_word' id='word_1_783' title='bbox 1856 5267 1972 5328; x_wconf 62' lang='lat' dir='ltr'><strong>huic</strong></span> 
     </span>
    </p>
   </div>
   <div class='ocr_carea' id='block_1_99' title="bbox 393 5341 1972 5413">
    <p class='ocr_par' dir='ltr' id='par_1_99' title="bbox 393 5341 1972 5413">
     <span class='ocr_line' id='line_1_99' title="bbox 393 5341 1972 5413; baseline 0.003 -20"><span class='ocrx_word' id='word_1_784' title='bbox 393 5355 568 5408; x_wconf 87' lang='lat' dir='ltr'><strong>usque</strong></span> <span class='ocrx_word' id='word_1_785' title='bbox 608 5341 774 5413; x_wconf 69' lang='lat' dir='ltr'><strong>verba</strong></span> <span class='ocrx_word' id='word_1_786' title='bbox 809 5355 930 5409; x_wconf 73' lang='lat' dir='ltr'><strong>quae</strong></span> <span class='ocrx_word' id='word_1_787' title='bbox 960 5357 1127 5413; x_wconf 14' lang='lat' dir='ltr'><strong>supra,</strong></span> <span class='ocrx_word' id='word_1_788' title='bbox 1162 5341 1467 5411; x_wconf 78' lang='lat' dir='ltr'><strong>posuimus,</strong></span> <span class='ocrx_word' id='word_1_789' title='bbox 1500 5341 1794 5413; x_wconf 84' lang='lat' dir='ltr'><strong>Dionysius</strong></span> <span class='ocrx_word' id='word_1_790' title='bbox 1822 5360 1972 5398; x_wconf 78' lang='lat' dir='ltr'><strong>exse-</strong></span> 
     </span>
    </p>
   </div>
   <div class='ocr_carea' id='block_1_100' title="bbox 393 5411 1967 5483">
    <p class='ocr_par' dir='ltr' id='par_1_100' title="bbox 393 5411 1967 5483">
     <span class='ocr_line' id='line_1_100' title="bbox 393 5411 1967 5483; baseline 0.002 -19"><span class='ocrx_word' id='word_1_791' title='bbox 393 5419 555 5483; x_wconf 83' lang='lat' dir='ltr'><strong>cutus</strong></span> <span class='ocrx_word' id='word_1_792' title='bbox 586 5419 692 5465; x_wconf 85' lang='lat' dir='ltr'><strong>est.</strong></span> <span class='ocrx_word' id='word_1_793' title='bbox 728 5411 879 5465; x_wconf 80' lang='lat' dir='ltr'><strong>Nunc</strong></span> <span class='ocrx_word' id='word_1_794' title='bbox 916 5428 1048 5465; x_wconf 86' lang='lat' dir='ltr'><strong>vero</strong></span> <span class='ocrx_word' id='word_1_795' title='bbox 1082 5412 1314 5467; x_wconf 89' lang='lat' dir='ltr'><strong>alterum</strong></span> <span class='ocrx_word' id='word_1_796' title='bbox 1349 5411 1729 5480; x_wconf 80' lang='lat' dir='ltr'><strong>argumentum</strong></span> <span class='ocrx_word' id='word_1_797' title='bbox 1768 5430 1967 5483; x_wconf 88' lang='lat' dir='ltr'><strong>propo-</strong></span> 
     </span>
    </p>
   </div>
   <div class='ocr_carea' id='block_1_101' title="bbox 396 5480 1964 5551">
    <p class='ocr_par' dir='ltr' id='par_1_101' title="bbox 396 5480 1964 5551">
     <span class='ocr_line' id='line_1_101' title="bbox 396 5480 1964 5551; baseline 0.004 -19"><span class='ocrx_word' id='word_1_798' title='bbox 396 5480 498 5546; x_wconf 92' lang='lat' dir='ltr'><strong>nit,</strong></span> <span class='ocrx_word' id='word_1_799' title='bbox 529 5496 595 5534; x_wconf 77' lang='lat' dir='ltr'><strong>ex</strong></span> <span class='ocrx_word' id='word_1_800' title='bbox 629 5483 810 5537; x_wconf 84' lang='lat' dir='ltr'><strong>verbis</strong></span> <span class='ocrx_word' id='word_1_801' title='bbox 838 5492 893 5536; x_wconf 92' lang='lat' dir='ltr'><strong>et</strong></span> <span class='ocrx_word' id='word_1_802' title='bbox 924 5484 1213 5538; x_wconf 90' lang='lat' dir='ltr'><strong>sententiis</strong></span> <span class='ocrx_word' id='word_1_803' title='bbox 1243 5483 1528 5551; x_wconf 91' lang='lat' dir='ltr'><strong>utriusque</strong></span> <span class='ocrx_word' id='word_1_804' title='bbox 1569 5480 1885 5551; x_wconf 41' lang='lat' dir='ltr'><strong>scripto—ris;</strong></span> <span class='ocrx_word' id='word_1_805' title='bbox 1909 5494 1964 5538; x_wconf 90' lang='lat' dir='ltr'><strong>et</strong></span> 
     </span>
    </p>
   </div>
   <div class='ocr_carea' id='block_1_102' title="bbox 395 5550 1964 5611">
    <p class='ocr_par' dir='ltr' id='par_1_102' title="bbox 395 5550 1964 5611">
     <span class='ocr_line' id='line_1_102' title="bbox 395 5550 1964 5611; baseline 0.004 -9"><span class='ocrx_word' id='word_1_806' title='bbox 395 5565 460 5602; x_wconf 80' lang='lat' dir='ltr'><strong>ex</strong></span> <span class='ocrx_word' id='word_1_807' title='bbox 495 5553 861 5606; x_wconf 90' lang='lat' dir='ltr'><strong>collocatione</strong></span> <span class='ocrx_word' id='word_1_808' title='bbox 891 5554 1208 5606; x_wconf 90' lang='lat' dir='ltr'><strong>verborum.</strong></span> <span class='ocrx_word' id='word_1_809' title='bbox 1236 5550 1330 5606; x_wconf 92' lang='lat' dir='ltr'><strong>Sic</strong></span> <span class='ocrx_word' id='word_1_810' title='bbox 1358 5550 1504 5611; x_wconf 83' lang='lat' dir='ltr'><strong>enim</strong></span> <span class='ocrx_word' id='word_1_811' title='bbox 1543 5567 1664 5605; x_wconf 91' lang='lat' dir='ltr'><strong>cum</strong></span> <span class='ocrx_word' id='word_1_812' title='bbox 1684 5550 1964 5608; x_wconf 84' lang='lat' dir='ltr'><strong>Cicerone</strong></span> 
     </span>
    </p>
   </div>
   <div class='ocr_carea' id='block_1_103' title="bbox 396 5620 1964 5693">
    <p class='ocr_par' dir='ltr' id='par_1_103' title="bbox 396 5620 1964 5693">
     <span class='ocr_line' id='line_1_103' title="bbox 396 5620 1964 5693; baseline 0.004 -22"><span class='ocrx_word' id='word_1_813' title='bbox 396 5620 724 5693; x_wconf 88' lang='lat' dir='ltr'><strong>interpretor</strong></span> <span class='ocrx_word' id='word_1_814' title='bbox 765 5636 951 5676; x_wconf 91' lang='lat' dir='ltr'><strong>vocem</strong></span> <span class='ocrx_word' id='word_1_815' title='bbox 1007 5623 1152 5676; x_wconf 87' lang='lat' dir='ltr'><strong>illam</strong></span> <span class='ocrx_word' id='word_1_816' title='bbox 1184 5692 1189 5693; x_wconf 14' lang='grc' dir='ltr'><strong>γ</strong></span> <span class='ocrx_word' id='word_1_817' title='bbox 1221 5622 1491 5688; x_wconf 80' lang='grc' dir='ltr'>σύνταξιν.</span> <span class='ocrx_word' id='word_1_818' title='bbox 1556 5622 1690 5693; x_wconf 74' lang='lat' dir='ltr'><strong>Vide</strong></span> <span class='ocrx_word' id='word_1_819' title='bbox 1741 5625 1964 5693; x_wconf 77' lang='lat' dir='ltr'><strong>elegan-</strong></span> 
     </span>
    </p>
   </div>
   <div class='ocr_carea' id='block_1_104' title="bbox 397 5691 1976 5762">
    <p class='ocr_par' dir='ltr' id='par_1_104' title="bbox 397 5691 1976 5762">
     <span class='ocr_line' id='line_1_104' title="bbox 397 5691 1976 5762; baseline 0.003 -19"><span class='ocrx_word' id='word_1_820' title='bbox 397 5692 665 5762; x_wconf 75' lang='lat' dir='ltr'><strong>lissintum</strong></span> <span class='ocrx_word' id='word_1_821' title='bbox 685 5692 887 5762; x_wconf 89' lang='lat' dir='ltr'><strong>librum</strong></span> <span class='ocrx_word' id='word_1_822' title='bbox 909 5693 1146 5762; x_wconf 89' lang='lat' dir='ltr'><strong>Dionysii</strong></span> <span class='ocrx_word' id='word_1_823' title='bbox 1174 5692 1291 5747; x_wconf 83' lang='lat' dir='ltr'><strong>Hal.</strong></span> <span class='ocrx_word' id='word_1_824' title='bbox 1314 5694 1455 5761; x_wconf 81' lang='grc' dir='ltr'>Περὶ</span> <span class='ocrx_word' id='word_1_825' title='bbox 1475 5691 1976 5762; x_wconf 64' lang='grc' dir='ltr'>συντάξεως-’ὀνο-</span> 
     </span>
    </p>
   </div>
   <div class='ocr_carea' id='block_1_105' title="bbox 276 5760 1976 5840">
    <p class='ocr_par' dir='ltr' id='par_1_105' title="bbox 276 5760 1976 5840">
     <span class='ocr_line' id='line_1_105' title="bbox 276 5760 1976 5840; baseline 0.002 -28"><span class='ocrx_word' id='word_1_826' title='bbox 276 5792 303 5807; x_wconf 60' lang='grc' dir='ltr'><strong>ιη</strong></span> <span class='ocrx_word' id='word_1_827' title='bbox 399 5760 628 5840; x_wconf 54' lang='grc' dir='ltr'>μάτων.</span> <span class='ocrx_word' id='word_1_828' title='bbox 662 5761 979 5828; x_wconf 87' lang='lat' dir='ltr'><strong>Quanquam</strong></span> <span class='ocrx_word' id='word_1_829' title='bbox 1007 5760 1109 5840; x_wconf 76' lang='lat' dir='ltr'><strong>huc</strong></span> <span class='ocrx_word' id='word_1_830' title='bbox 1150 5766 1267 5819; x_wconf 89' lang='lat' dir='ltr'><strong>loco</strong></span> <span class='ocrx_word' id='word_1_831' title='bbox 1300 5760 1571 5840; x_wconf 71' lang='grc' dir='ltr'>σύνταξις,</span> <span class='ocrx_word' id='word_1_832' title='bbox 1618 5774 1726 5818; x_wconf 90' lang='lat' dir='ltr'><strong>tam</strong></span> <span class='ocrx_word' id='word_1_833' title='bbox 1756 5760 1976 5840; x_wconf 79' lang='lat' dir='ltr'><strong>senten-</strong></span> 
     </span>
    </p>
   </div>
   <div class='ocr_carea' id='block_1_106' title="bbox 400 5835 1975 5906">
    <p class='ocr_par' dir='ltr' id='par_1_106' title="bbox 400 5835 1975 5906">
     <span class='ocr_line' id='line_1_106' title="bbox 400 5835 1975 5906; baseline 0.004 -21"><span class='ocrx_word' id='word_1_834' title='bbox 400 5835 633 5901; x_wconf 85' lang='lat' dir='ltr'><strong>tiarum,</strong></span> <span class='ocrx_word' id='word_1_835' title='bbox 693 5846 857 5902; x_wconf 85' lang='lat' dir='ltr'><strong>quam</strong></span> <span class='ocrx_word' id='word_1_836' title='bbox 913 5835 1201 5891; x_wconf 83' lang='lat' dir='ltr'><strong>verborum</strong></span> <span class='ocrx_word' id='word_1_837' title='bbox 1277 5835 1687 5906; x_wconf 85' lang='lat' dir='ltr'><strong>dispositionem</strong></span> <span class='ocrx_word' id='word_1_838' title='bbox 1758 5835 1975 5892; x_wconf 84' lang='lat' dir='ltr'><strong>videtur</strong></span> 
     </span>
    </p>
   </div>
   <div class='ocr_carea' id='block_1_107' title="bbox 2076 4768 3656 4849">
    <p class='ocr_par' dir='ltr' id='par_1_107' title="bbox 2076 4768 3656 4849">
     <span class='ocr_line' id='line_1_107' title="bbox 2076 4768 3656 4849; baseline -0.007 -16"><span class='ocrx_word' id='word_1_839' title='bbox 2076 4768 2262 4849; x_wconf 68' lang='lat' dir='ltr'><strong>tope&#39;re</strong></span> <span class='ocrx_word' id='word_1_840' title='bbox 2296 4780 2351 4834; x_wconf 91' lang='lat' dir='ltr'><strong>in</strong></span> <span class='ocrx_word' id='word_1_841' title='bbox 2383 4777 2576 4849; x_wconf 77' lang='lat' dir='ltr'><strong>critica</strong></span> <span class='ocrx_word' id='word_1_842' title='bbox 2611 4774 2946 4849; x_wconf 76' lang='lat' dir='ltr'><strong>exercitatus</strong></span> <span class='ocrx_word' id='word_1_843' title='bbox 2991 4770 3157 4826; x_wconf 77' lang='lat' dir='ltr'><strong>fuerit</strong></span> <span class='ocrx_word' id='word_1_844' title='bbox 3206 4770 3494 4849; x_wconf 75' lang='lat' dir='ltr'><strong>Dionysius</strong></span> <span class='ocrx_word' id='word_1_845' title='bbox 3527 4768 3656 4849; x_wconf 78' lang='lat' dir='ltr'><strong>Ale-</strong></span> 
     </span>
    </p>
   </div>
   <div class='ocr_carea' id='block_1_108' title="bbox 2078 4840 3652 4915">
    <p class='ocr_par' dir='ltr' id='par_1_108' title="bbox 2078 4840 3652 4915">
     <span class='ocr_line' id='line_1_108' title="bbox 2078 4840 3652 4915; baseline -0.008 -10"><span class='ocrx_word' id='word_1_846' title='bbox 2078 4840 2403 4904; x_wconf 74' lang='lat' dir='ltr'><strong>xandrinus.</strong></span> <span class='ocrx_word' id='word_1_847' title='bbox 2452 4846 2666 4915; x_wconf 87' lang='lat' dir='ltr'><strong>Quippe</strong></span> <span class='ocrx_word' id='word_1_848' title='bbox 2699 4844 2976 4914; x_wconf 88' lang='lat' dir='ltr'><strong>proprium</strong></span> <span class='ocrx_word' id='word_1_849' title='bbox 3018 4850 3102 4915; x_wconf 78' lang='lat' dir='ltr'><strong>est</strong></span> <span class='ocrx_word' id='word_1_850' title='bbox 3142 4840 3357 4905; x_wconf 64' lang='lat' dir='ltr'><strong>critici,</strong></span> <span class='ocrx_word' id='word_1_851' title='bbox 3398 4841 3466 4894; x_wconf 91' lang='lat' dir='ltr'><strong>de</strong></span> <span class='ocrx_word' id='word_1_852' title='bbox 3508 4841 3652 4895; x_wconf 86' lang='lat' dir='ltr'><strong>seri-</strong></span> 
     </span>
    </p>
   </div>
   <div class='ocr_carea' id='block_1_109' title="bbox 2073 4912 3644 4989">
    <p class='ocr_par' dir='ltr' id='par_1_109' title="bbox 2073 4912 3644 4989">
     <span class='ocr_line' id='line_1_109' title="bbox 2073 4912 3644 4989; baseline -0.007 -14"><span class='ocrx_word' id='word_1_853' title='bbox 2073 4921 2179 4989; x_wconf 88' lang='lat' dir='ltr'><strong>ptis</strong></span> <span class='ocrx_word' id='word_1_854' title='bbox 2219 4912 2780 4989; x_wconf 42' lang='lat' dir='ltr'><strong>veterum—judicare,</strong></span> <span class='ocrx_word' id='word_1_855' title='bbox 2804 4912 3066 4989; x_wconf 75' lang='lat' dir='ltr'><strong>etquod</strong></span> <span class='ocrx_word' id='word_1_856' title='bbox 3103 4925 3293 4966; x_wconf 87' lang='lat' dir='ltr'><strong>verum</strong></span> <span class='ocrx_word' id='word_1_857' title='bbox 3329 4926 3391 4965; x_wconf 85' lang='lat' dir='ltr'><strong>ac</strong></span> <span class='ocrx_word' id='word_1_858' title='bbox 3428 4925 3644 4989; x_wconf 65' lang='lat' dir='ltr'><strong>germa-</strong></span> 
     </span>
    </p>
   </div>
   <div class='ocr_carea' id='block_1_110' title="bbox 2070 4981 3654 5058">
    <p class='ocr_par' dir='ltr' id='par_1_110' title="bbox 2070 4981 3654 5058">
     <span class='ocr_line' id='line_1_110' title="bbox 2070 4981 3654 5058; baseline -0.005 -15"><span class='ocrx_word' id='word_1_859' title='bbox 2070 4981 2227 5057; x_wconf 79' lang='lat' dir='ltr'><strong>num,</strong></span> <span class='ocrx_word' id='word_1_860' title='bbox 2260 4989 2405 5058; x_wconf 91' lang='lat' dir='ltr'><strong>quod</strong></span> <span class='ocrx_word' id='word_1_861' title='bbox 2440 4981 2689 5058; x_wconf 82' lang='lat' dir='ltr'><strong>spurium</strong></span> <span class='ocrx_word' id='word_1_862' title='bbox 2723 4999 2788 5038; x_wconf 91' lang='lat' dir='ltr'><strong>ac</strong></span> <span class='ocrx_word' id='word_1_863' title='bbox 2820 4981 3164 5038; x_wconf 86' lang='lat' dir='ltr'><strong>subdititium</strong></span> <span class='ocrx_word' id='word_1_864' title='bbox 3212 4996 3350 5052; x_wconf 91' lang='lat' dir='ltr'><strong>opus</strong></span> <span class='ocrx_word' id='word_1_865' title='bbox 3396 4981 3489 5047; x_wconf 89' lang='lat' dir='ltr'><strong>sit,</strong></span> <span class='ocrx_word' id='word_1_866' title='bbox 3539 4981 3654 5036; x_wconf 91' lang='lat' dir='ltr'><strong>dis-</strong></span> 
     </span>
    </p>
   </div>
   <div class='ocr_carea' id='block_1_111' title="bbox 2070 5074 2313 5114">
    <p class='ocr_par' dir='ltr' id='par_1_111' title="bbox 2070 5074 2313 5114">
     <span class='ocr_line' id='line_1_111' title="bbox 2070 5074 2313 5114; baseline -0.012 0"><span class='ocrx_word' id='word_1_867' title='bbox 2070 5074 2313 5114; x_wconf 84' lang='lat' dir='ltr'><strong>cernere.</strong></span> 
     </span>
    </p>
   </div>
   <div class='ocr_carea' id='block_1_112' title="bbox 2150 5120 3659 5202">
    <p class='ocr_par' dir='ltr' id='par_1_112' title="bbox 2150 5120 3659 5202">
     <span class='ocr_line' id='line_1_112' title="bbox 2150 5120 3659 5202; baseline -0.007 -17"><span class='ocrx_word' id='word_1_868' title='bbox 2150 5130 2229 5202; x_wconf 67' lang='lat'><strong>(6)</strong></span> <span class='ocrx_word' id='word_1_869' title='bbox 2274 5129 2399 5183; x_wconf 76' lang='grc' dir='ltr'><strong>Τῶν</strong></span> <span class='ocrx_word' id='word_1_870' title='bbox 2427 5123 3019 5202; x_wconf 44' lang='grc' dir='ltr'><strong>αὑτῶν-ρξεξραλαζῳν.</strong></span> <span class='ocrx_word' id='word_1_871' title='bbox 3061 5120 3325 5202; x_wconf 84' lang='lat' dir='ltr'><strong>Periodos</strong></span> <span class='ocrx_word' id='word_1_872' title='bbox 3362 5135 3457 5176; x_wconf 91' lang='lat' dir='ltr'><strong>seu</strong></span> <span class='ocrx_word' id='word_1_873' title='bbox 3486 5135 3659 5202; x_wconf 77' lang='lat' dir='ltr'><strong>mem-</strong></span> 
     </span>
    </p>
   </div>
   <div class='ocr_carea' id='block_1_113' title="bbox 2081 5192 3657 5264">
    <p class='ocr_par' dir='ltr' id='par_1_113' title="bbox 2081 5192 3657 5264">
     <span class='ocr_line' id='line_1_113' title="bbox 2081 5192 3657 5264; baseline -0.006 -9"><span class='ocrx_word' id='word_1_874' title='bbox 2081 5192 2177 5255; x_wconf 74' lang='lat' dir='ltr'><strong>bra</strong></span> <span class='ocrx_word' id='word_1_875' title='bbox 2207 5192 2474 5254; x_wconf 81' lang='lat' dir='ltr'><strong>orationis</strong></span> <span class='ocrx_word' id='word_1_876' title='bbox 2508 5192 2790 5264; x_wconf 81' lang='lat' dir='ltr'><strong>intelligit,</strong></span> <span class='ocrx_word' id='word_1_877' title='bbox 2821 5195 3021 5263; x_wconf 91' lang='lat' dir='ltr'><strong>quibus</strong></span> <span class='ocrx_word' id='word_1_878' title='bbox 3068 5194 3281 5264; x_wconf 79' lang='lat' dir='ltr'><strong>integer</strong></span> <span class='ocrx_word' id='word_1_879' title='bbox 3332 5206 3528 5264; x_wconf 79' lang='lat' dir='ltr'><strong>sensus</strong></span> <span class='ocrx_word' id='word_1_880' title='bbox 3545 5192 3657 5264; x_wconf 68' lang='lat' dir='ltr'><strong>ab-</strong></span> 
     </span>
    </p>
   </div>
   <div class='ocr_carea' id='block_1_114' title="bbox 2080 5260 3650 5333">
    <p class='ocr_par' dir='ltr' id='par_1_114' title="bbox 2080 5260 3650 5333">
     <span class='ocr_line' id='line_1_114' title="bbox 2080 5260 3650 5333; baseline -0.005 -10"><span class='ocrx_word' id='word_1_881' title='bbox 2080 5270 2331 5323; x_wconf 88' lang='lat' dir='ltr'><strong>solvitur.</strong></span> <span class='ocrx_word' id='word_1_882' title='bbox 2378 5270 2470 5324; x_wconf 88' lang='lat' dir='ltr'><strong>Sic</strong></span> <span class='ocrx_word' id='word_1_883' title='bbox 2521 5260 2885 5333; x_wconf 60' lang='lat' dir='ltr'><strong>initio&#39;hujtis</strong></span> <span class='ocrx_word' id='word_1_884' title='bbox 2923 5263 3118 5331; x_wconf 84' lang='lat' dir='ltr'><strong>capitis</strong></span> <span class='ocrx_word' id='word_1_885' title='bbox 3144 5260 3284 5316; x_wconf 79' lang='lat' dir='ltr'><strong>dixit</strong></span> <span class='ocrx_word' id='word_1_886' title='bbox 3313 5260 3650 5333; x_wconf 84' lang='lat' dir='ltr'><strong>_Diouysius,</strong></span> 
     </span>
    </p>
   </div>
   <div class='ocr_carea' id='block_1_115' title="bbox 2079 5331 3657 5406">
    <p class='ocr_par' dir='ltr' id='par_1_115' title="bbox 2079 5331 3657 5406">
     <span class='ocr_line' id='line_1_115' title="bbox 2079 5331 3657 5406; baseline -0.006 -13"><span class='ocrx_word' id='word_1_887' title='bbox 2079 5339 2204 5394; x_wconf 83' lang='grc' dir='ltr'>καθ’</span> <span class='ocrx_word' id='word_1_888' title='bbox 2231 5338 2461 5393; x_wconf 75' lang='grc' dir='ltr'>ἕκαστον</span> <span class='ocrx_word' id='word_1_889' title='bbox 2505 5331 2806 5406; x_wconf 81' lang='grc' dir='ltr'>κεφάλαιον</span> <span class='ocrx_word' id='word_1_890' title='bbox 2852 5333 3242 5406; x_wconf 74' lang='grc' dir='ltr'>διευθύνοντες.</span> <span class='ocrx_word' id='word_1_891' title='bbox 3300 5331 3657 5403; x_wconf 61' lang='grc' dir='ltr'>ϐτωεῖπερι-</span> 
     </span>
    </p>
   </div>
   <div class='ocr_carea' id='block_1_116' title="bbox 2080 5402 3278 5483">
    <p class='ocr_par' dir='ltr' id='par_1_116' title="bbox 2080 5402 3278 5483">
     <span class='ocr_line' id='line_1_116' title="bbox 2080 5402 3278 5483; baseline -0.007 -19"><span class='ocrx_word' id='word_1_892' title='bbox 2080 5413 2255 5483; x_wconf 82' lang='grc' dir='ltr'>κοπήν</span> <span class='ocrx_word' id='word_1_893' title='bbox 2278 5412 2448 5483; x_wconf 82' lang='lat' dir='ltr'><strong>etiarn</strong></span> <span class='ocrx_word' id='word_1_894' title='bbox 2486 5402 2673 5483; x_wconf 79' lang='lat' dir='ltr'><strong>dicunt</strong></span> <span class='ocrx_word' id='word_1_895' title='bbox 2698 5421 2713 5471; x_wconf 88' lang='lat'><strong>;</strong></span> <span class='ocrx_word' id='word_1_896' title='bbox 2744 5404 2927 5483; x_wconf 61' lang='lat' dir='ltr'><strong>Latini</strong></span> <span class='ocrx_word' id='word_1_897' title='bbox 2954 5402 3278 5483; x_wconf 58' lang='lat' dir='ltr'><strong>capitulum.</strong></span> 
     </span>
    </p>
   </div>
   <div class='ocr_carea' id='block_1_117' title="bbox 2143 5469 3659 5551">
    <p class='ocr_par' dir='ltr' id='par_1_117' title="bbox 2143 5469 3659 5551">
     <span class='ocr_line' id='line_1_117' title="bbox 2143 5469 3659 5551; baseline -0.006 -18"><span class='ocrx_word' id='word_1_898' title='bbox 2143 5469 2222 5551; x_wconf 69' lang='lat'><strong>(7}</strong></span> <span class='ocrx_word' id='word_1_899' title='bbox 2275 5469 2759 5551; x_wconf 52' lang='lat' dir='ltr'><strong>&#39;raoyrﬁaopsf:</strong></span> <span class='ocrx_word' id='word_1_900' title='bbox 2816 5474 2989 5551; x_wconf 80' lang='lat' dir='ltr'><strong>Codd.</strong></span> <span class='ocrx_word' id='word_1_901' title='bbox 3019 5469 3433 5551; x_wconf 70' lang='lat' dir='ltr'><strong>&#39;Med_ic:eus_e_t</strong></span> <span class='ocrx_word' id='word_1_902' title='bbox 3476 5469 3659 5551; x_wconf 51' lang='lat' dir='ltr'><strong>Masa-</strong></span> 
     </span>
    </p>
   </div>
   <div class='ocr_carea' id='block_1_118' title="bbox 2074 5539 3655 5622">
    <p class='ocr_par' dir='ltr' id='par_1_118' title="bbox 2074 5539 3655 5622">
     <span class='ocr_line' id='line_1_118' title="bbox 2074 5539 3655 5622; baseline -0.008 -16"><span class='ocrx_word' id='word_1_903' title='bbox 2074 5539 2229 5607; x_wconf 77' lang='lat' dir='ltr'><strong>rinus</strong></span> <span class='ocrx_word' id='word_1_904' title='bbox 2254 5539 2675 5622; x_wconf 68' lang='grc' dir='ltr'>ὑπομνήσωμεν.</span> <span class='ocrx_word' id='word_1_905' title='bbox 2706 5545 2876 5622; x_wconf 64' lang='lat' dir='ltr'><strong>Magis</strong></span> <span class='ocrx_word' id='word_1_906' title='bbox 2895 5555 3094 5622; x_wconf 87' lang='lat' dir='ltr'><strong>_tamen</strong></span> <span class='ocrx_word' id='word_1_907' title='bbox 3120 5544 3297 5614; x_wconf 86' lang='lat' dir='ltr'><strong>placet</strong></span> <span class='ocrx_word' id='word_1_908' title='bbox 3329 5540 3462 5597; x_wconf 76' lang='lat' dir='ltr'><strong>Fuk.</strong></span> <span class='ocrx_word' id='word_1_909' title='bbox 3489 5539 3655 5600; x_wconf 83' lang='lat' dir='ltr'><strong>codd.</strong></span> 
     </span>
    </p>
   </div>
   <div class='ocr_carea' id='block_1_119' title="bbox 2075 5617 3502 5693">
    <p class='ocr_par' dir='ltr' id='par_1_119' title="bbox 2075 5617 3502 5693">
     <span class='ocr_line' id='line_1_119' title="bbox 2075 5617 3502 5693; baseline -0.007 -16"><span class='ocrx_word' id='word_1_910' title='bbox 2075 5630 2132 5677; x_wconf 90' lang='lat' dir='ltr'><strong>ct</strong></span> <span class='ocrx_word' id='word_1_911' title='bbox 2162 5623 2331 5693; x_wconf 68' lang='lat' dir='ltr'><strong>Savil.</strong></span> <span class='ocrx_word' id='word_1_912' title='bbox 2365 5617 2662 5688; x_wconf 78' lang='lat' dir='ltr'><strong>scriptura.</strong></span> <span class='ocrx_word' id='word_1_913' title='bbox 2697 5617 3117 5693; x_wconf 57' lang='lat' dir='ltr'><strong>tigrepvﬁcapsv.</strong></span> <span class='ocrx_word' id='word_1_914' title='bbox 3163 5684 3197 5693; x_wconf 48' lang='grc' dir='ltr'><strong>η</strong></span> <span class='ocrx_word' id='word_1_915' title='bbox 3292 5683 3304 5693; x_wconf 83' lang='lat'><strong>_</strong></span> <span class='ocrx_word' id='word_1_916' title='bbox 3468 5680 3502 5693; x_wconf 23' lang='grc' dir='ltr'>μ’</span> 
     </span>
    </p>
   </div>
   <div class='ocr_carea' id='block_1_120' title="bbox 2153 5683 3653 5761">
    <p class='ocr_par' dir='ltr' id='par_1_120' title="bbox 2153 5683 3653 5761">
     <span class='ocr_line' id='line_1_120' title="bbox 2153 5683 3653 5761; baseline -0.01 -13"><span class='ocrx_word' id='word_1_917' title='bbox 2153 5692 2231 5760; x_wconf 89' lang='grc'><strong>(8)</strong></span> <span class='ocrx_word' id='word_1_918' title='bbox 2291 5683 2584 5761; x_wconf 57' lang='grc' dir='ltr'>Ἔλεγχος</span> <span class='ocrx_word' id='word_1_919' title='bbox 2650 5687 2759 5761; x_wconf 66' lang='grc' dir='ltr'>τοῦ</span> <span class='ocrx_word' id='word_1_920' title='bbox 2812 5683 3087 5756; x_wconf 52' lang='grc' dir='ltr'>κόσμου.</span> <span class='ocrx_word' id='word_1_921' title='bbox 3156 5683 3653 5761; x_wconf 61' lang='lat' dir='ltr'><strong>Condemnntigncm</strong></span> 
     </span>
    </p>
   </div>
   <div class='ocr_carea' id='block_1_121' title="bbox 2080 5749 3657 5829">
    <p class='ocr_par' dir='ltr' id='par_1_121' title="bbox 2080 5749 3657 5829">
     <span class='ocr_line' id='line_1_121' title="bbox 2080 5749 3657 5829; baseline -0.004 -16"><span class='ocrx_word' id='word_1_922' title='bbox 2080 5749 2808 5829; x_wconf 52' lang='lat' dir='ltr'><strong>verti,ret-tius&#39;,&quot;ut&#39;opinor,</strong></span> <span class='ocrx_word' id='word_1_923' title='bbox 2837 5749 2998 5829; x_wconf 78' lang='lat' dir='ltr'><strong>quain</strong></span> <span class='ocrx_word' id='word_1_924' title='bbox 3026 5754 3469 5829; x_wconf 65' lang='lat' dir='ltr'><strong>reprobatiuuern.</strong></span> <span class='ocrx_word' id='word_1_925' title='bbox 3490 5749 3657 5806; x_wconf 84' lang='lat' dir='ltr'><strong>Certe</strong></span> 
     </span>
    </p>
   </div>
   <div class='ocr_carea' id='block_1_122' title="bbox 2081 5821 3592 5902">
    <p class='ocr_par' dir='ltr' id='par_1_122' title="bbox 2081 5821 3592 5902">
     <span class='ocr_line' id='line_1_122' title="bbox 2081 5821 3592 5902; baseline -0.008 -13"><span class='ocrx_word' id='word_1_926' title='bbox 2081 5821 2416 5892; x_wconf 70' lang='lat' dir='ltr'><strong>Glossarium</strong></span> <span class='ocrx_word' id='word_1_927' title='bbox 2452 5821 2605 5888; x_wconf 80' lang='lat' dir='ltr'><strong>vetus</strong></span> <span class='ocrx_word' id='word_1_928' title='bbox 2626 5821 3275 5902; x_wconf 54' lang='grc' dir='ltr'>’ἔλεγχονξίιιιοηιιλειιιιιιι</span> <span class='ocrx_word' id='word_1_929' title='bbox 3302 5821 3592 5893; x_wconf 79' lang='lat' dir='ltr'><strong>judicium.</strong></span> 
     </span>
    </p>
   </div>
  </div>
