4220 6416
571 357 677 416 70?

1278 358 1549 417 EUSEBII
1586 358 2069 416 C/ESARIENSIS
2106 356 2259 416 OPP.
2299 355 2480 412 PARS
2515 354 2559 412 1.
2599 385 2672 396 -
2706 350 3101 409 HlSTORlCA.

3735 344 3836 401 7’34

576 478 816 536 nationis
842 478 1074 550 elogium
1117 480 1377 536 adversus
1422 482 1684 536 mundum
1711 522 1727 545 ,
1765 482 2041 536 diabolum
2093 489 2149 535 et

2250 480 2420 552 φοράν
2440 481 2554 532 ἐστι
2581 475 2955 549 τεκμήρασθαι
2973 471 3065 526 τοῦ
3089 468 3417 539 Εύαγγελίου
3447 467 3661 538 καὶτῆς
3686 466 3835 520 Ἑπι-

572 570 1009 642 Antichristum,
1049 572 1340 645 promissio
1386 574 1561 627 sancti
1610 572 1848 641 Spiritus
1875 612 1892 635 ,
1927 572 2150 639 adoptio

572 657 812 713 ﬁliorum
840 661 973 724 Dei,
1020 662 1152 717 fides
1178 661 1231 715 in
1263 662 1519 715 omnibus
1548 676 1577 714 a
1607 662 1761 716 nobis
1793 661 2097 729 praestanda
2130 677 2144 713 :

570 748 737 804 Pater
756 760 811 804 et
834 750 1004 808 Filius
1033 751 1241 822 ubique
1274 752 1570 816 nominati,
1606 753 1660 806 in
1688 762 1918 822 utroque
1947 752 2148 820 passim

572 850 890 897 occurrunt.
930 842 1174 912 Denique
1209 843 1261 897 in
1291 844 1573 908 omnibus,
1603 842 1646 897 si
1680 851 1827 897 recte
1867 842 2147 896 examina-

571 930 716 986 veris
740 971 756 997 ,
786 946 925 985 unus
954 932 1211 1002 idemque
1248 932 1530 1002 utriusque
1559 931 1875 998 scriptionis
1909 931 2103 1002 genius
2129 969 2147 996 ,

570 1019 849 1093 Evangelii
894 1020 1151 1074 nimirum
1185 1030 1236 1073 et
1271 1019 1528 1089 Epistolas
1552 1058 1567 1080 .
1599 1020 1880 1073 evidenter
1904 1029 2146 1087 apparet.

569 1111 927 1183 Apocalypsis
959 1128 1089 1167 vero
1117 1113 1188 1168 ab
1235 1112 1318 1166 his
1363 1127 1588 1181 prorsus
1621 1111 1798 1166 aliena
1844 1121 1927 1165 est
1953 1122 2007 1164 et
2049 1127 2147 1163 ex-

573 1213 760 1257 tranea
787 1244 802 1266 ,
844 1203 989 1258 nulla
1040 1205 1444 1259 necessitudine
1497 1213 1589 1256 aut
1619 1204 1902 1258 vicinitate
1930 1204 2147 1257 contin-

569 1309 702 1358 gens
735 1294 1033 1363 quidquam
1066 1310 1130 1348 ex
1164 1295 1513 1364 supradictis,
1544 1310 1606 1348 ac
1640 1311 1705 1348 ne
1736 1294 1999 1364 syllabam
2028 1294 2151 1363 qui-

570 1387 692 1441 dem
723 1403 887 1441 unam
920 1403 1041 1442 cum
1071 1388 1177 1442 illis
1206 1403 1551 1443 communem
1583 1388 1810 1443 habens.
1838 1388 1942 1442 Sed
1975 1402 2150 1457 neque

571 1478 813 1547 Epistola
851 1478 941 1549 (de
971 1477 1265 1549 Evangelio
1296 1480 1439 1532 enim
1476 1478 1610 1531 nihil
1643 1477 1783 1549 dico)
1813 1478 2145 1531 mentionem

569 1570 735 1624 ullam
770 1581 865 1626 aut
900 1572 1360 1641 signiﬁcationem
1404 1570 1534 1625 facit
1578 1570 1977 1640 Apocalypseos
2002 1611 2015 1633 ,
2049 1583 2149 1623 nec

2253 572 2444 642 στολῆς
2475 571 2615 640 πρὸς
2645 570 2743 641 τὴν
2780 565 3165 633 ’Δποκά).υψιν.
3199 563 3280 616 Τὰ
3315 562 3413 632 μὲν
3444 559 3556 629 γὰρ
3578 561 3643 629 ,ού
3674 559 3831 629 μόνον

2249 662 2564 723 ἀπταίστως
2596 658 2739 713 κατά
2767 658 2865 730 τὴν
2906 657 3170 727 Ἑλλήνων
3206 655 3410 724 φωνὴν.
3445 650 3579 706 ἀλλὰ
3609 651 3702 704 καὶ
3741 648 3816 703 λο-

2248 750 2494 818 γιώτατα
2518 751 2638 812 ταῖς
2669 746 2865 811 λέξεσι,
2908 748 3021 807 τοῖς
3047 743 3423 812 συλλογισμοῖς
3442 782 3456 805 ,
3490 743 3611 803 ταῖς
3640 738 3824 793 συντά-

2250 842 2365 907 ξεσι
2390 842 2490 912 τῆς
2516 840 2812 912 ἑρμηνείας
2841 838 3171 909 γέγραπται.
3198 834 3398 888 Πολλοῦ
3431 850 3494 902 γε
3518 832 3600 885 δεῖ
3629 831 3832 903 βάρϐα-

2252 935 2342 1006 ρόν
2367 951 2487 987 τινα
2519 932 2774 1002 φθόγγον,
2809 930 2843 1001 ἦ
2889 927 3252 997 σολοικισμὸν,
3277 926 3311 997 ἦ
3340 926 3477 988 ὅλως
3524 923 3832 995 ίδιωτισμδν

2250 1030 2308 1079 ἐν
2330 1027 2511 1088 αὐτοῖς
2545 1023 2853 1094 εὑρεθῆναι.
2893 1020 3185 1090 Ἑκάτερον
3218 1016 3325 1085 γὰρ
3365 1012 3529 1087 εἶχεν,
3557 1016 3633 1078 ὡς
3664 1015 3829 1077 ἔοικε,

2248 1117 2337 1167 τὸν
2368 1115 2522 1181 λόγον
2554 1116 2659 1184 (9),
2689 1112 2974 1182 ἀμφότερα
3005 1109 3153 1178 αὐτῷ
3181 1106 3550 1179 χαρισαμένου
3583 1105 3677 1159 τοῦ
3721 1106 3833 1157 Κυ-

2253 1206 2388 1277 ρίου,
2414 1207 2504 1259 τόν
2527 1222 2586 1257 τε
2608 1204 2707 1273 τῆς
2733 1202 3005 1272 γνώσεως,
3023 1202 3113 1253 τόν
3138 1218 3197 1253 τε
3224 1199 3323 1269 τῆς
3350 1198 3623 1269 φράσεως.
3643 1195 3832 1266 Τούτῳ

2250 1295 2307 1347 δὲ
2354 1295 2721 1363 Ἀποκὰλυψιν
2749 1295 2849 1365 μὲν
2868 1295 3188 1365 ἑωρακέναι,
3204 1291 3298 1345 καὶ
3322 1288 3524 1359 γνῶσιν
3548 1286 3832 1357 εἰληφέναι

2248 1388 2343 1439 καὶ⁴
2372 1386 2708 1457 προφητείαν
2728 1426 2742 1448 ,
2773 1385 2872 1438 οὐκ
2900 1383 3112 1455 ἀντερῶ
3130 1423 3144 1447 ,
3188 1380 3464 1435 διάλεκτον
3507 1378 3689 1449 μέντοι
3736 1377 3833 1431 καὶ

2248 1478 2497 1547 γλῶσσαν
2513 1479 2613 1531 οὑκ
2633 1475 2878 1548 ἀκριϐῶς
2901 1475 3277 1545 ἐλληνίζουσαν
3299 1470 3464 1525 αὐτοῦ
3488 1470 3690 1540 βλέπω,
3715 1469 3831 1524 ἀλλ’

2252 1570 2505 1641 ίδιώμασι
2531 1570 2628 1640 μὲν
2658 1568 3011 1640 βαρϐαρικοῖς
3039 1566 3338 1638 χρώμενον,
3361 1565 3455 1619 καί
3482 1581 3584 1616 που
3615 1563 3707 1616 καὶ
3739 1578 3833 1615 σο-

2249 1662 2569 1726 λοικίζοντα.
2622 1663 2801 1730 "An-sp
2856 1662 2970 1713 οὐκ.
3021 1662 3317 1727 ἀναγκαῖον
3377 1658 3472 1710 νῦν
3543 1656 3828 1723 ἐκλέγεινο

2249 1750 2368 1803 οὐδὲ
2413 1750 2521 1823 γὰρ
2573 1751 2975 1812 ἐπισκώπτων,
3017 1752 3091 1821 μή
3145 1767 3228 1813 τις
3272 1748 3505 1819 νομίσῃ,
3538 1747 3710 1800 ταῦτα
3754 1742 3832 1798 εἷ-

568 1855 705 1908 quas
728 1843 945 1912 quidem
981 1843 1070 1897 ille
1095 1843 1149 1897 in
1197 1842 1474 1911 proprium
1505 1841 1757 1897 volumen
1792 1857 1897 1897 non
1933 1842 2140 1896 retulit.

2247 1857 2347 1893 πον
2373 1881 2386 1902 ,
2438 1841 2573 1895 ἀλλὰ
2625 1841 2783 1911 μόνον
2833 1840 2931 1910 τὴν
2979 1839 3339 1910 ἀνομοιότητα
3381 1834 3673 1889 διευθύνων
3719 1833 3830 1888 τῶν

568 1928 836 1985 Praeterea
889 1947 956 1986 ex
985 1933 1224 1988 dictione
1256 1934 1370 2001 ipsa
1400 1930 1596 1999 conjici
1625 1942 1803 2001 potest
1833 1974 1849 1998 ,
1878 1943 2138 2002 quantum
2249 1932 2496 2004 γραφῶν.
2538 1951 2557 1984 ›

569 2019 917 2091 Evangelium
963 2032 1018 2076 et
1071 2023 1309 2092 Epistula
1363 2022 1617 2077 dill'erant
1671 2023 1740 2077 ab
1783 2023 2134 2095 Apocalypsi.
2197 2021 2330 2077 Nun
2392 2023 2479 2077 illa
2513 2022 2730 2092 quidem
2786 2037 2889 2077 non
2924 2022 3082 2076 modo
3112 2020 3399 2077 emendate
3421 2018 3560 2088 quod
3585 2016 3649 2071 ad
3677 2016 3830 2072 Grie-

569 2131 690 2170 cum
737 2134 1040 2174 sermonem
1071 2121 1302 2183 attinet,
1340 2134 1529 2174 verum
1569 2121 1733 2174 etiam
1767 2135 1889 2174 cum
1925 2134 2134 2174 summa
2190 2118 2455 2190 elegantia
2518 2128 2628 2173 tum
2684 2119 2737 2173 in
2770 2119 2954 2172 verbis
2999 2127 3110 2171 tum
3170 2116 3222 2169 iu
3273 2111 3831 2183 argumentationibus

568 2223 625 2265 et
668 2215 722 2267 in
769 2225 874 2270 tota
917 2217 1178 2271 orationis
1213 2215 1603 2285 compositione
1659 2216 1969 2285 perscripta
2021 2225 2169 2272 sunt.
2203 2213 2437 2269 Tantum
2474 2215 2643 2289 abest
2692 2225 2750 2267 ut
2801 2214 3176 2269 barbarismus
3220 2210 3419 2273 aliquis
3467 2215 3564 2261 aut
3608 2204 3828 2262 soloeci-

567 2323 717 2364 smus
741 2348 756 2373 ,
790 2319 886 2363 aut
914 2309 1151 2377 denique
1224 2307 1539 2361 idiotismus
1578 2306 1849 2375 quispiam
1880 2306 1933 2359 in
1972 2307 2077 2360 illis
2134 2307 2595 2376 deprehendatur.
2632 2305 2873 2373 Utroque
2938 2306 3081 2359 enim
3127 2306 3385 2375 praeditus
3441 2316 3559 2359 erat
3593 2316 3826 2371 evange-

572 2398 747 2467 listes,
778 2413 1029 2453 sermone
1063 2398 1323 2453 nimirum
1354 2411 1419 2451 ac
1454 2397 1706 2461 scientia,
1736 2411 1856 2451 eum
1892 2398 2005 2452 huic
2050 2401 2155 2453 duo
2185 2399 2283 2468 ipsi
2322 2397 2582 2453 Dominus
2644 2398 3031 2461 concessisset,
3064 2398 3345 2453 scientiam
3389 2398 3550 2453 simul
3596 2406 3649 2453 et
3709 2397 3825 2452 elo-

570 2491 869 2560 quentiam.
898 2489 1050 2543 illum
1081 2504 1211 2543 vero
1239 2487 1645 2546 Revelationem
1673 2489 1891 2559 quidem
1922 2491 2140 2552 vidisse,
2192 2500 2247 2545 et
2301 2493 2585 2547 scientiam
2631 2506 2695 2546 ac
2757 2489 3063 2545 futurorum
3114 2490 3519 2561 praedictionem
3549 2491 3828 2558 accepisse

570 2600 676 2638 non
715 2580 942 2635 inlicior.
974 2578 1172 2634 Verum
1205 2579 1499 2635 dictionem
1544 2579 1659 2647 ejus
1692 2597 1795 2635 non
1840 2582 2132 2636 admodum
2200 2582 2444 2638 Grteeam
2516 2582 2894 2637 animadverto
2921 2621 2936 2645 ,
2977 2583 3071 2638 sed
3118 2582 3475 2637 barbarismis
3531 2591 3694 2651 atque
3744 2581 3828 2634 in-

571 2677 780 2730 terdmu
842 2673 1164 2729 solmcismis
1236 2672 1593 2742 inquinatam.
1665 2673 1816 2740 Quos
1859 2674 2074 2741 quidem
2165 2674 2635 2744 inpraasentiarum
2712 2689 3050 2740 excerpere,
3116 2673 3537 2743 haudquaquam
3599 2687 3833 2727 necesse

567 2778 675 2822 est.
712 2764 896 2835 Neque
918 2765 1062 2818 enim
1101 2764 1471 2819 subsannandi
1502 2765 1683 2818 animo
1719 2763 1838 2819 hare
1877 2779 1906 2817 a
1946 2779 2036 2818 me
2065 2763 2206 2818 dicta
2256 2781 2381 2821 esse
2442 2766 2738 2835 quisquam
2779 2764 3081 2830 existimet,
3146 2765 3239 2819 sed
3286 2765 3466 2834 potius
3520 2780 3586 2819 eo
3641 2765 3826 2820 consi-

569 1660 932 1730 Apoealypsis
971 1661 1225 1730 Epistolas
1258 1678 1272 1715 :
1312 1674 1435 1715 cum
1487 1671 1664 1715 tamen
1698 1659 1898 1714 Paulus
1930 1661 1982 1713 in
2023 1660 2149 1728 Epi-

570 1751 725 1805 stolis
755 1752 1002 1806 nonnihil
1036 1752 1102 1805 de
1149 1750 1569 1806 revelationibus
1613 1752 1727 1806 suis
1773 1751 2145 1815 iudicaverit,

570 2861 662 2925 lio,
700 2867 757 2912 ut
801 2859 1081 2925 utriusque
1109 2858 1295 2926 scripti
1323 2858 1822 2913 dissimilitudinem
1859 2858 2248 2928 cxpenderem.
2284 2880 2304 2913 ι

1026 2952 1186 3022 277
1226 2950 1453 3007 CAPUT
1486 2950 1673 3007 XXVI.

638 3043 718 3099 De
746 3042 976 3114 epistolis
1004 3043 1244 3112 Dionysii
1282 3042 1772 3100 Alexandrinorum
1810 3046 2063 3117 episcopi.

640 3135 849 3189 Pragter
881 3135 978 3189 has
1007 3143 1226 3189 exstant
1255 3133 1372 3188 alia:
1397 3136 1708 3204 complures
1733 3136 1974 3208 Dionysii
2021 3137 2139 3208 epi-

569 3227 739 3292 stolm,
773 3228 916 3280 inter
944 3243 1081 3297 quas
1103 3236 1226 3282 sunt
1256 3228 1357 3281 illa:
1377 3238 1566 3282 contra
1600 3225 1895 3283 Sabellium
1927 3231 2144 3299 scripta

568 3322 635 3372 ad
667 3321 986 3374 Ammonem
1022 3318 1433 3375 Berenicensein
1469 3320 1785 3391 episcOpum
1807 3360 1822 3387 ,
1879 3320 1982 3375 alia
2017 3321 2145 3376 item

567 3413 634 3464 ad
664 3410 1053 3478 Telesphorum
1082 3451 1099 3474 ,
1152 3422 1208 3466 et
1252 3412 1319 3465 ad
1349 3410 1761 3480 Euphranorem
1803 3411 2009 3480 altera;
2042 3411 2147 3468 alia

570 3519 762 3558 rursus
791 3505 856 3556 ad
884 3503 1204 3559 Ammonem
1249 3514 1304 3559 et
1354 3503 1651 3575 Euporum.
1707 3505 1951 3571 Quatuor
1980 3505 2144 3561 etiam

571 3593 743 3649 libros
770 3595 836 3649 de
860 3594 1047 3650 eodem
1081 3605 1406 3665 argumento
1460 3594 1787 3663 composuit,
1827 3609 1967 3665 quos
2018 3609 2147 3664 geu-

574 3685 650 3737 tili
687 3700 786 3740 suo
815 3684 1076 3756 Dionysio
1110 3686 1474 3741 Romanorum
1502 3685 1761 3754 episcopo
1789 3685 2144 3756 nuncupavit.

2743 2957 3137 3012 ΚΕΦΑΛΑΙΟΝ
3186 2954 3328 3023 K7.

2236 3046 2376 3117 Περὶ
2406 3046 2525 3103 τῶν
2549 3048 2887 3104 ἐπιστολῶν
2914 3044 3230 3103 Διονυόίου
3256 3047 3392 3117 (Νῆα.
3422 3046 3492 3101 Π.
3524 3046 3587 3101 Ε.
3613 3062 3687 3107 vt.
3709 3046 3822 3117 2|).

2324 3142 2447 3195 Ἐπὶ
2472 3140 2695 3206 ταύταις
2721 3140 2833 3211 ΗΟ)
2858 3140 2950 3195 τοῦ
2971 3139 3245 3193 Διονυσίου
3276 3138 3531 3210 φέρονται
3554 3139 3646 3193 καὶ
3666 3137 3823 3193 ἄλλαι

2245 3233 2462 3298 ⁶πλείους
2509 3234 2826 3287 ἐπιστολαί·
2862 3233 3050 3304 ὥσπερ
3094 3233 3151 3285 αἱ
3197 3232 3335 3285 κατὰ
3361 3230 3645 3285 Σαϐελλίου
3685 3231 3823 3304 πρὸς

2250 3325 2522 3397 Ἄμμωνα
2548 3326 2649 3397 τῆς
2678 3325 2818 3379 κατὰ
2846 3325 3107 3396 Βερνίκην
3152 3324 3476 3397 Ἐκκλησίας
3505 3324 3823 3388 ἐπίσκοπον,

2250 3417 2345 3469 καὶ
2370 3419 2403 3489 ἠ
2427 3416 2564 3489 πρὸς
2591 3417 2949 3489 Τελεσφόρον,
2982 3418 3079 3470 καὶ
3107 3417 3140 3488 ἡ
3174 3416 3310 3486 πρὸς
3338 3415 3664 3488 Εὐφράνορα
3684 3432 3697 3445 ⁸
3729 3414 3825 3468 καὶ

2245 3508 2407 3562 πάλιν
2433 3509 2705 3579 ’Ἄμμωνα
2741 3509 2835 3563 καὶ
2865 3507 3131 3579 Εύπορον.
3164 3507 3453 3561 Συντάττει
3481 3506 3536 3561 δὲ
3566 3507 3695 3577 περὶ
3724 3506 3823 3578 τῆς

2243 3603 2413 3674 αὐτῆς
2451 3601 2760 3666 ὑποθέσεως
2803 3603 2899 3656 καὶ
2945 3601 3079 3655 ἄλλα
3127 3601 3369 3672 τέσσαρα
3416 3600 3825 3672 συγγράμματα.

2244 3693 2376 3761 (Η),
2395 3692 2431 3747 ἃ
2459 3693 2537 3765 τῷ
2562 3693 2700 3747 κατὰ
2728 3692 2944 3764 Ῥώμην
2979 3693 3253 3764 ὁμωνύμῳ
3280 3693 3537 3763 Διονυσίῳ
3569 3708 3825 3762 προσφω-

575 3773 682 3829 Sed
714 3786 768 3830 et
805 3777 925 3831 alia:
948 3777 1132 3847 plures
1159 3788 1288 3834 sunt
1311 3778 1456 3849 apud
1490 3793 1588 3833 nos
1617 3778 1758 3834 illius
1783 3778 2047 3849 epistolae,
2089 3790 2144 3835 et

2243 3788 2339 3838 νεῖ.
2385 3786 2495 3840 Καὶ
2537 3786 2754 3849 πλείους
2795 3785 2852 3838 δὲ
2890 3785 3041 3857 παρά
3073 3784 3276 3849 ταύτας
3316 3785 3453 3837 εἰσιν
3494 3783 3658 3838 αὐτοῦ
3692 3784 3821 3854 παρ’

645 3963 722 4037 (9)
770 3962 881 4037 Τὼ·
913 3965 1118 4035 λόγον.
1157 3965 1259 4018 Τὸν
1293 3965 1447 4034 λόγον
1473 3968 1573 4037 τὴν
1604 3965 1807 4035 γνῶσιν
1840 3966 1985 4036 vulg.
2019 3965 2150 4022 Pos-

574 4034 775 4088 terinra
814 4035 920 4087 duo
953 4034 1117 4088 verba
1166 4034 1541 4104 expungenda’
1575 4044 1721 4099 sunt,
1769 4034 1972 4104 quippe
2023 4051 2145 4104 quae

577 4118 797 4158 sensum
819 4105 1158 4172 perturbant,
1195 4120 1294 4158 nec
1326 4103 1377 4158 in
1410 4105 1710 4168 Mazarino,
1744 4103 2053 4159 Fnketiano
2081 4122 2145 4160 ac

569 4173 827 4247 medic-ten
893 4174 1048 4247 codd.
1095 4173 1404 4247 leguntur;
1464 4189 1657 4247 porro
1699 4190 1818 4247 per
1890 4175 2149 4247 ἑκάτερον

567 4243 726 4311 λόγον
776 4242 1031 4317 intelligit
1095 4244 1381 4317 Dionysius
1430 4242 1520 4317 τὸν
1568 4244 1887 4317 ἐνδιάθετον-
1920 4242 2152 4317 καὶ-τὸν

569 4311 907 4383 προφορικὸν
942 4311 1121 4382 λόγον,
1151 4316 1202 4367 id
1234 4311 1339 4375 est,
1389 4316 1656 4368 rationem
1709 4330 1827 4381 quae
1875 4315 1927 4367 in
1973 4311 2154 4370 mente

572 4383 845 4438 recendita
873 4391 977 4443 est.
1016 4394 1214 4452 etquae
1249 4398 1501 4438 sermone
1551 4383 1849 4451 profertur.
1891 4383 2004 4440 lloc
2045 4395 2152 4446 cst,

569 4454 713 4525 quod
749 4454 1028 4525 subjungit
1062 4455 1364 4524 Dionysius,
1396 4454 1591 4525 triviae
1621 4454 1721 4525 τῆς
1753 4452 2030 4522 γνώσεως,
2062 4455 2153 4509 τόν

568 4540 630 4595 τε
662 4524 761 4594 τῆς
780 4524 1066 4595 φράσεως.
1093 4525 1184 4595 Sic
1229 4525 1371 4595 enim
1413 4524 1761 4579 scribendum
1792 4535 1870 4578 est
1903 4539 1967 4595 ex
1997 4526 2152 4595 codd.

569 4591 737 4654 Med.)
779 4591 938 4657 run,
968 4594 1134 4647 Savil.
1158 4603 1211 4647 et
1248 4592 1472 4655 Mazar.,
1503 4610 1608 4647 non
1647 4602 1706 4646 ιιι
1746 4595 1907 4661 vulgo
1934 4593 2152 4663 legitur,

567 4663 661 4716 τόν
680 4680 741 4716 τε
773 4663 873 4734 τῆς
896 4664 1108 4735 σοφίας,
1138 4664 1230 4717 τόν
1271 4679 1332 4715 τε
1358 4664 1458 4734 τῆς
1490 4662 1765 4733 γνώσεως,
1796 4662 2008 4734 absque,
2046 4665 2154 4720 ullo

570 4747 761 4786 SCliSII.

646 4801 951 4873 (10)N’E:zl
984 4803 1247 4871 ταύταις.
1285 4802 1425 4869 Ergo
1464 4801 1569 4856 duo
1600 4802 1674 4857 illi
1709 4802 1787 4857 De
1835 4805 2153 4873 promissio-

575 4871 988 4943 nilgnsu'lihriiex
1033 4874 1232 4942 quibus
1276 4873 1577 4943 superiora
1607 4871 1911 4943 fragmenta
1961 4890 2154 4929 excer-

572 4941 684 5063 psit
720 4940 1011 5007 Eusebius,
1045 4940 1205 4996 erant
1238 4940 1501 5012 epistolae.
1546 4940 1716 5008 Quod
1735 4944 1900 4998 etiam
1942 4944 2150 4999 indicat

596 5024 726 5063 ocus
780 5012 999 5063 quidam
1046 5026 1111 5063 ex
1157 5013 1313 5063 initio
1355 5011 1476 5063 libri
1524 5013 1772 5063 secundi.
1815 5029 1977 5063 autem
2017 5016 2150 5063 citat

596 5024 734 5083 oens
760 5012 999 5083 quidam
1030 5026 1111 5083 Δ(ξιτ
1157 5011 1326 5083 initio
1355 5011 1476 5083 libri
1524 5013 1772 5083 secundi.
1815 5029 1977 5083 quem
2017 5016 2154 5069 citat.

574 5077 929 5154 Eusebins‘in
949 5096 997 5154 c_.
1022 5080 1128 5154 22,
1159 5081 1246 5135 Ἐν
1274 5081 1375 5154 μὲν
1402 5077 1495 5154 οὖν
1521 5080 1598 5154 αεῴ
1630 5077 1966 5154 ’ᾼρσινόείτῃ
1997 5083 2152 5152 γενό-

617 5166 756 5224 avoc,
785 5147 933 5224 ἔνθα,
957 5148 1032 5214 ὡς
1060 5149 1225 5224 οἶδας,
1250 5143 1356 5224 τξρὸ
1374 5143 1744 5224 πολλούτοῢτο
1783 5143 2152 5218 ὲπεπόλάζετο

632 5235 768 5291 γμα.
804 5219 935 5271 Nam
974 5236 1136 5276 voces
1169 5223 1270 5275 illa:
1293 5218 1369 5285 ib;
1393 5218 1562 5286 οἶδας,
1594 5224 1943 5291 epistularem
1993 5239 2150 5292 pror-

574 5306 668 5345 sus
708 5303 1015 5360 sermonem
1054 5294 1294 5360 sapiunt.
1357 5292 1552 5345 Verum
1588 5293 1842 5359 quoniam
1898 5294 1979 5347 ha:
2023 5292 2153 5346 Dio-

576 5360 717 5431 nysii
745 5358 991 5428 epistola!
1021 5358 1294 5431 longiores
1328 5368 1504 5424 erant,
1539 5358 1661 5414 ideo
1691 5363 1813 5431 libri
1854 5364 2017 5431 etiam
2055 5376 2150 5415 vo-

572 5429 687 5486 cari
728 5436 977 5501 possunt.
1009 5429 1432 5501 CerieRulinus
1492 5432 1545 5484 in
1579 5446 1699 5501 cap.
1737 5430 1771 5484 5
1808 5430 1968 5501 hujus
2002 5430 2150 5496 libri,‘

570 5499 843 5571 epistolas
874 5500 1120 5571 Dionysii
1156 5500 1511 5571 Alexandrini
1552 5501 1619 5555 de
1644 5499 1948 5571 ibaptisino
1988 5511 2150 5554 vocat.

574 5567 762 5627 libros.
796 5567 903 5625 Sed
932 5578 987 5621 et
1018 5567 1257 5639 quatuor
1306 5569 1427 5625 libri
1479 5581 1669 5625 contra
1697 5567 1973 5625 Sabellum
2011 5586 2149 5639 quos

575 5640 837 5711 Dionysio
869 5639 1128 5694 Romanae
1158 5641 1308 5711 urbis
1340 5640 1594 5709 episcopo
1622 5642 1976 5709 nuncupavit,
2011 5642 2147 5695 nihil

577 5709 733 5765 aliud
767 5717 924 5781 erant
965 5724 1135 5781 quam
1190 5709 1517 5776 prolixiores
1560 5711 1845 5781 epistolae,
1877 5719 1935 5763 ut
1986 5710 2148 5781 paulo

580 5790 703 5847 post
733 5780 937 5836 indicat
964 5778 1229 5839 Eusebius
1279 5791 1485 5845 noster,
1520 5778 1611 5852 qui
1642 5788 1700 5836 et
1750 5778 2146 5851 reliquos'Dio—

2252 3968 2389 4038 rysii
2426 3967 2595 4020 libros
2646 3965 2924 4038 epistolari
2963 3966 3131 4020 forma
3188 3981 3251 4018 ac
3295 3966 3435 4037 stylo
3483 3965 3826 4038 conscriptos

2253 4036 2419 4092 fuisse
2477 4046 2755 4105 testatur.)
2788 4036 2957 4089 Porro
3003 4036 3365 4105 fragmentum
3419 4052 3484 4089 ex
3520 4036 3611 4088 lib.
3650 4052 3665 4090 ι
3697 4036 3823 4089 Dio-

2252 4110 2389 4178 nysii
2424 4105 2624 4178 Contra
2660 4104 2979 4172 Sobel/ium,
3009 4107 3147 4160 citat
3176 4106 3439 4160 Eusebius
3471 4107 3522 4160 in
3555 4106 3649 4159 lib.
3679 4120 3697 4159 ι
3748 4105 3825 4160 De

2251 4176 2655 4247 prn'parttlt'one.

2325 4243 2965 4318 (li)_"A.l.1artéco'apa
2992 4245 3440 4318 συγγράμματα.
3468 4243 3601 4299 Cum
3636 4244 3829 4318 Diony-

2254 4314 2368 4371 sius
2395 4316 2803 4370 Alexandrinus
2841 4318 2891 4369 in
2928 4314 3173 4382 epistolis
3218 4314 3352 4382 quas
3396 4328 3585 4370 contra
3632 4314 3826 4369 Sabel-

2257 4386 2384 4440 liutn
2435 4386 2753 4454 scripserat,
2816 4386 2883 4439 de
2934 4386 3140 4440 ChriSIi
3185 4386 3468 4437 divinitate
3516 4399 3621 4438 non
3677 4397 3825 4439 recte

2193 4495 2235 4549 ο
2262 4457 2500 4549 se"???
2533 4454 3825 4549 ιίξί,εῑ.ιεεε·τν-ξι.υίι¹³η.ι.ἑνὶξςριιι,ἵξιεοροῑῐιτξιξ

2263 4526 2488 4579 Romam
2539 4524 2790 4592 profecti,
2838 4542 3019 4579 coram
3068 4526 3321 4595 Dionysio
3368 4524 3624 4595 Romana:
3675 4524 3828 4595 urbis

2256 4597 2510 4664 episcopo
2537 4610 2657 4647 eum
2692 4605 3037 4649 accusarunt.
3073 4593 3218 4661 Quos
3247 4611 3366 4647 eum
3402 4593 3694 4665 Dionysius
3722 4594 3830 4649 Ro-

2255 4686 2451 4726 manus
2486 4671 2708 4741 collecta
2751 4670 2802 4722 in
2848 4685 2976 4741 eam
3018 4686 3130 4724 rem
3170 4674 3376 4741 synodo
3427 4676 3743 4740 audwisset,
3779 4683 3836 4729 et.

2253 4748 2538 4809 excerptas
2580 4756 2645 4794 ex
2680 4739 2918 4811 Dionysii
2950 4739 3300 4811 Alexandrini
3333 4744 3578 4811 epistolis
3614 4739 3836 4799 senten-

2256 4813 2358 4864 tias
2382 4811 2780 4882 examinasset,
2812 4810 3029 4877 setipsit
3049 4811 3114 4863 ad
3162 4810 3474 4882 Dionysium
3506 4815 3833 4870 Alexandri-

2256 4895 2406 4953 num,
2437 4889 2497 4953 ut
2529 4881 2686 4933 tidem
2730 4894 2885 4933 suam
2920 4890 3081 4953 atque
3122 4881 3442 4953 sententiam
3469 4901 3633 4953 super
3676 4900 3740 4951 ea
3774 4899 3834 4938 re

2252 4949 2563 5004 distinctius
2603 4961 2898 5023 promeret.
2940 4950 3121 5016 Quare
3170 4951 3461 5023 Dionysius
3503 4949 3831 5009 Alexandri-

2253 5036 2356 5093 nus
2386 5018 2620 5093 quatuor
2653 5022 2717 5093 ad
2759 5018 3062 5093 Romanum
3104 5018 3326 5090 scripsti
3363 5026 3653 5093 epistolas,
3690 5040 3831 5093 quas

2253 5091 2529 5158 inscripsit
2576 5088 2859 5158 Ἑλέγχου
2890 5090 2986 5142 καὶ
3011 5088 3361 5157 ἁπολοᾷιίας,
3396 5088 3453 5146 iit
3485 5088 3834 5149 dueet’A'tha-

2254 5160 2524 5231 nasiusin
2560 5159 2699 5231 libro
2749 5166 2822 5211 Ue
2856 5162 3115 5213 sententia
3165 5164 3403 5231 Dionysii
3450 5165 3828 5227 Alexandrini,

2252 5239 2305 5305 ςι
2342 5230 2393 5281 in
2422 5229 2560 5282 libro
2593 5229 2686 5305 De
2708 5230 2906 5297 synodo
2941 5231 3171 5305 Arimini
3200 5249 3218 5284 :
3247 5229 3335 5286 ubi
3372 5234 3673 5303 fragmenta
3702 5250 3832 5305 pro-

2254 5299 2358 5372 |'_er_t
2391 5314 2587 5372 eorum
2637 5301 2916 5372 librorum.
2957 5300 3188 5372 Basilius
3229 5299 3536 5372 quoque'in
3579 5299 3719 5359 libro
3759 5304 3833 5358 De

2255 5367 2461 5433 Spiritu
2491 5380 2675 5442 sancto
2722 5370 2791 5442 ad
2823 5367 3284 5442 Amphilochium}
3316 5367 3436 5442 cap.
3475 5374 3686 5433 ultimo.
3720 5373 3831 5427 fra-

2254 5449 2529 5513 gmentum
2560 5441 2793 5513 adducit
2840 5455 2907 5493 ex
2947 5441 3173 5509 episwla
3215 5458 3252 5495 ll
3292 5441 3532 5513 Dionysii
3560 5442 3826 5499 Alexantl.

2256 5511 2323 5582 ad
2350 5508 2667 5582 Dionysium
2699 5508 3026 5575 Romanum,
3056 5512 3142 5563 ubi
3181 5515 3344 5567 etiam
3374 5508 3602 5568 testatur
3623 5517 3829 5582 epistoe

2258 5580 2364 5632 lam
2385 5572 2538 5652 illam
2568 5582 2885 5652 inscriptam
2923 5572 3090 5652 fuisse
3117 5582 3254 5649 Περὶ
3283 5582 3538 5652 ἐλέγχου
3564 5572 3670 5637 καί
3689 5572 3840 5639 ἀπο-⁸

2257 5651 2497 5719 λογίας,
2541 5651 2595 5704 id
2638 5646 2756 5717 est,
2795 5649 2874 5705 De
2932 5646 3251 5720 refutatione
3297 5646 3721 5710 adversariorum
3765 5670 3828 5709 ac

2248 5720 2545 5791 defensione
2575 5736 2693 5776 sua.
