4220 6406
598 375 704 432 707

1302 367 1573 425 EUSEBII
1612 365 2084 422 CESARIENSIS
2120 364 2270 421 OPP.
2312 363 2491 421 PARS
2526 364 2570 420 1.
2610 395 2683 406 -
2720 362 3113 422 HISTORICA.

3745 367 3851 424 708

598 493 846 562 regebat,
876 497 930 545 et
950 487 1295 544 Theotecnus
1329 488 1420 556 qui
1460 486 1855 541 Caesariensem
1884 485 1960 539 illi
1999 485 2165 538 liniti-
2198 491 2240 545 Α

2198 491 2240 545 Α
2271 482 2333 535 οὐ
2384 482 2491 553 μὴν
2542 481 2679 537 ἀλλὰ
2719 483 2815 536 καὶ
2853 484 2953 554 τῆς
2986 484 3043 536 ὲν
3088 481 3476 553 Ἰεροσολύμοις
3527 480 3850 551 Ἐκκλησίας

599 600 745 641 mam
797 581 1213 638 administrabat
1242 596 1256 635 :
1297 580 1565 634 Maximus
1624 586 1909 647 praeterea,
1941 577 2031 646 qui
2062 575 2166 629 Bo-

598 686 867 733 strensem
901 672 1202 728 Ecclesiam
1229 687 1439 728 summa
1472 685 1593 725 cum
1622 670 1780 723 laude
1824 669 2166 736 gubernarit.

600 768 901 823 Sescentos
926 778 1143 834 quoque
1171 762 1307 817 alios
1336 762 1429 831 qui
1460 776 1566 813 una
1593 775 1718 814 cnm
1746 758 2086 828 presbyteris
2115 767 2173 811 et

599 860 844 914 diaconis
863 871 929 911 eo
952 853 1355 918 conﬂuxerunt,
1384 865 1726 920 nequaquam
1762 848 1982 903 ditlicile
2009 848 2173 901 fuerit

600 965 906 1005 recensere.
936 946 1136 999 Verum
1160 944 1213 999 hi
1237 958 1374 1012 quos
1398 942 1532 1006 dixi,
1558 941 1804 994 illustres
1828 953 1939 1007 prte
1959 937 2171 992 cteteris

597 1042 958 1098 habebantur.
990 1036 1257 1091 Omnibus
1288 1034 1451 1102 igitur
1488 1032 1642 1086 vario
1678 1038 1919 1099 tempore
1944 1028 2173 1082 diversi-

597 1135 759 1187 mode
792 1146 858 1185 ac
898 1142 1275 1197 saepenumero
1304 1127 1357 1179 in
1394 1139 1559 1178 unum
1615 1123 1963 1184 coeuntibus,
1990 1121 2174 1175 mutue

597 1224 992 1293 disputationes
1010 1228 1066 1275 et
1089 1217 1419 1287 quaestiones
1443 1218 1497 1271 in
1527 1231 1636 1270 uno
1667 1229 1885 1284 quoque
1915 1227 2171 1268 consessu

597 1317 815 1388 agitata:
850 1323 1001 1380 sunt,
1030 1328 1152 1365 cum
1186 1313 1314 1366 hinc
1358 1310 1761 1364 Samosatensis
1819 1306 2013 1361 Paulus
2047 1308 2177 1373 dog-

597 1409 761 1463 matis
785 1407 866 1460 sui
897 1405 1192 1460 novitatem
1230 1402 1506 1459 occultare
1538 1401 1716 1455 adhuc
1767 1400 2053 1462 niteretur,
2110 1399 2176 1453 il-

598 1500 709 1555 linc
736 1499 1048 1553 sacerdotes
1074 1497 1323 1550 haeresim
1355 1493 1500 1547 illius
1526 1502 1580 1547 et
1607 1493 1866 1546 adversus
1891 1489 2171 1545 Christum

598 1592 988 1662 blasphemiam
1024 1590 1297 1645 denudare
1328 1596 1490 1655 atque
1517 1585 1569 1638 in
1606 1584 1843 1637 medium
1876 1584 2175 1651 producere

602 1683 929 1737 laborarent.
962 1680 1095 1735 Dum
1130 1680 1243 1733 haec
1269 1687 1527 1748 aguntur,
1550 1675 1843 1746 Dionysius
1868 1683 2173 1728 extremum

603 1777 749 1829 diem
782 1774 935 1839 obiit,
968 1786 1111 1825 anno
1137 1770 1471 1840 principatus
1521 1767 1757 1823 Gallieni
1809 1766 2132 1819 duodecimo
2157 1803 2173 1828 ,

603 1882 727 1921 cum
781 1864 1123 1918 Alexandria:
1167 1861 1537 1931 episcopatum
1572 1858 1961 1928 septemdecim
2018 1856 2178 1910 annis

603 1955 942 2010 obtinuisset.
973 1952 1026 2007 In
1051 1951 1167 2020 ejus
1208 1952 1382 2007 locum
1414 1950 1742 2018 subrogatus
1764 1958 1846 2003 est
1885 1945 2174 2001 Maximus.

602 2051 674 2103 At
698 2047 973 2103 Gallienus
1003 2044 1231 2115 imperio
1279 2057 1375 2112 per
1417 2040 1726 2110 quindecim
1764 2039 2055 2093 continuos
2083 2054 2182 2091 an-

606 2156 706 2195 nos
738 2139 1135 2200 administrato,
1169 2135 1457 2191 Claudium
1509 2146 1884 2187 successorem
1938 2130 2177 2199 reliquit.

607 2232 709 2299 Qui
736 2247 856 2285 cum
880 2230 1153 2285 biennium
1180 2224 1580 2296 imperavisset,
1605 2222 1898 2276 Aureliano
1926 2221 2181 2292 deinceps

608 2323 833 2379 tradidit
859 2322 1248 2392 principatum.

1163 2503 1391 2559 CAPUT
1436 2498 1630 2556 XXIX.

651 2620 901 2687 Qualiter
922 2617 1129 2671 Paulus
1156 2617 1421 2687 conuictus
1459 2632 1490 2666 a
1519 2612 1822 2687 Male/tione
1855 2612 2157 2682 presbytero

781 2693 871 2760 qui
909 2692 1056 2757 prius
1095 2688 1324 2753 sophista
1357 2685 1558 2755 fuerat,
1593 2684 1870 2735 abdicatus
1900 2692 2003 2735 est.

685 2841 855 2910 Hujus
889 2840 1220 2911 temporibus
1246 2845 1517 2905 postrema
1543 2836 1780 2905 synodus
1810 2835 2183 2890 innumerabi-

614 2936 744 2989 lium
795 2934 910 2989 fere
936 2934 1310 3002 episcOporum
1356 2941 1680 2998 congregata
1711 2937 1815 2992 est,
1848 2928 1899 2980 in
1954 2942 2057 2995 qua
2089 2942 2187 2981 au-

612 3043 732 3084 ctor
760 3027 850 3083 ille
871 3025 1090 3081 nefaria‘
1120 3023 1260 3094 apud
1286 3022 1633 3076 Antiochiam
1666 3022 1935 3074 haereseos
1961 3018 2181 3083 Paulus.

613 3120 892 3175 convictus
918 3127 974 3171 et
1006 3116 1074 3171 ab
1113 3114 1367 3169 omnibus
1416 3109 1862 3166 manifestissime
1893 3112 2187 3180 deprehen-

2283 574 2585 645 Ὑμέναιος,
2611 575 2710 645 τῆς
2743 592 2805 627 τε
2834 575 3037 646 ὁμόρου
3062 574 3267 646 ταύτης
3291 574 3631 646 Καισαρείας
3663 574 3854 627 Θεό-ιε-

2271 682 2428 730 κνος,
2466 665 2715 736 Μάξιμος
2744 665 2821 720 ἔτι
2850 667 2987 739 πρὸς
3022 667 3263 730 τούτοις,
3307 666 3415 720 τῶν
3444 666 3587 721 κατὰ
3612 666 3852 737 Βόστραν

2271 758 2327 811 δὲ
2364 760 2458 811 καὶ
2483 754 2636 822 οὗτος
2668 757 2911 828 ἀδελφῶν
2939 759 3254 831 διαπρεπῶς
3278 760 3464 830 ἡγεῖτο
3488 777 3501 790 υ
3541 758 3765 829 μυρίους
3792 776 3853 812 τε

2272 847 2464 911 ἄλλους
2497 848 2597 900 οὐκ
2636 846 2703 900 ἂν
2749 848 3023 919 ἀπορήσαι
3059 864 3142 911 τις
3189 848 3306 917 ἅμα
3338 845 3728 917 πρεσϐυτέροις
3759 846 3853 900 καὶ

2272 940 2573 1003 διακόνοις,
2621 940 2719 1009 τῆς
2756 940 2924 1011 αὐτῆς
2956 940 3140 993 ἕνεκεν
3182 940 3363 1003 αἰτίας
3396 941 3453 993 ὲν
3482 942 3548 1010 τῇ
3594 954 3854 1010 προειρη-

2278 1030 2410 1101 μένῃ
2450 1030 2601 1084 πόλει
2630 1030 2882 1100 τηνικάδε
2925 1031 3396 1102 συγκροτηθέντας
3434 1030 3855 1102 ἀπαριθμούμε-

2273 1139 2382 1185 νος.
2427 1122 2586 1175 Ἀλλὰ
2607 1122 2812 1176 τούτων
2837 1139 2899 1191 γε
2929 1125 2977 1176 οἱ
3008 1124 3241 1193 μάλιστα
3262 1127 3541 1193 ἐπιφανεῖς
3561 1124 3667 1177 οἵδε
3690 1120 3852 1195 ἦσαν.

2274 1213 2503 1266 Πάντων
2531 1209 2625 1267 οὖν
2650 1214 2790 1266 κατά
2808 1215 3033 1285 καιροὺς
3052 1212 3321 1284 διαφόρως
3354 1214 3466 1286 (16)
3488 1216 3580 1269 καὶ
3597 1215 3856 1279 πολλάκις

2274 1306 2368 1359 ἐπὶ
2410 1306 2574 1359 ταύτὸ
2614 1306 2934 1372 συνιόντων,
2984 1306 3132 1375 λόγοι
3174 1308 3267 1360 καὶ
3299 1308 3556 1379 ζητήσεις
3584 1307 3704 1361 καθ’
3726 1308 3856 1362 ἐκά-

2278 1413 2409 1469 στην
2452 1396 2798 1451 ἀνεκινοῦντο
2828 1397 3076 1461 σύνοδον,
3118 1398 3226 1450 τῶν
3262 1400 3359 1469 μὲν
3392 1398 3533 1468 ἀμφὶ
3558 1398 3650 1451 τὸν
3675 1399 3857 1469 Σαμο·

2279 1491 2444 1543 σατέα
2473 1489 2541 1542 τὰ
2569 1489 2671 1559 τῆς
2702 1490 3036 1563 ὲτεροδοξξας
3064 1490 3421 1560 ἐπικρύπτειν
3451 1491 3530 1543 ἔτι
3556 1491 3651 1544 καὶ
3681 1508 3858 1562 παρα-

2278 1580 2647 1634 καλύπτεσθαι
2692 1580 3082 1652 πειρωμένων,
3116 1580 3228 1633 τῶν
3270 1581 3327 1634 δὲ
3375 1580 3723 1651 ἀπογυμνοῦν
3761 1581 3856 1635 καὶ

2280 1674 2359 1735 εἰς
2387 1672 2620 1744 φανερὸν
2648 1673 2800 1740 ἄγειν
2828 1673 2927 1743 τὴν
2974 1673 3187 1743 αἵρεσιν
3226 1673 3323 1724 καὶ
3362 1672 3461 1743 τὴν
3505 1675 3585 1735 εἰς
3620 1673 3856 1745 Χριστὸν

2283 1763 2630 1834 βλασφημίαν
2686 1762 2883 1826 αὐτοῦ,
2932 1762 3020 1815 διὰ
3072 1763 3307 1834 σπουδῆς
3344 1764 3703 1833 ποιουμένων.
3764 1764 3854 1818 Ἑν

2279 1852 2453 1923 τούτῳ
2477 1853 2533 1905 δὲ
2558 1852 2828 1915 Διονύσιος
2859 1851 3083 1923 τελευτᾷ
3103 1893 3117 1916 ,
3162 1852 3302 1905 κατὰ
3326 1853 3387 1905 τὸ
3417 1852 3713 1906 δωδέκατον
3738 1853 3857 1919 ἔτος

2278 1947 2377 2016 τῆς
2404 1944 2694 2017 Γαλλιηνοῦ
2730 1945 3023 2015 βασιλείας,
3059 1945 3299 2017 προστὰς
3331 1945 3431 2015 τῆς
3460 1948 3578 1998 κατ’
3608 1945 3855 2010 Ἀλεξάν-

2279 2036 2462 2108 δρειαν
2495 2039 2799 2108 ἐπισκοπῆς
2827 2037 3001 2091 ἐτεσιν
3035 2038 3401 2091 ἑπτακαίδεκα
3423 2052 3437 2066 ·
3464 2038 3763 2108 διαδέχεται
3796 2038 3855 2091 δὲ

2280 2130 2440 2184 αὑτὸν
2489 2130 2761 2201 Μάξιμος.
2818 2130 3113 2201 Γαλλιηνοῦ
3162 2130 3219 2184 δὲ
3271 2130 3357 2199 ἐφ’
3398 2129 3541 2193 ὅλοις
3592 2132 3859 2194 ἐνιαυτοῖς

2282 2223 2668 2276 πεντεκαίδεκα
2690 2224 2788 2293 τὴν
2804 2220 2974 2294 ἀρχὴν
2998 2222 3418 2293 κεκρατηκότος.
3434 2222 3699 2285 Κλαύδιος
3727 2239 3860 2275 κατ-

2282 2315 2414 2385 έστη
2458 2314 2721 2385 διάδοχος.
2756 2314 3017 2386 Δεύτερον
3048 2315 3104 2368 δὲ
3152 2307 3306 2378 οὗτος
3335 2312 3559 2367 διελθὼν
3588 2314 3727 2378 ἔτος.
3756 2314 3861 2368 Αύ-

2285 2405 2523 2478 ρηλιανῷ
2555 2406 2877 2478 μεταδίδωσι
2906 2406 3004 2477 τὴν
3031 2406 3348 2477 ἠγεμονίαν.

2788 2500 3183 2552 ΚΕΦΑΛΜΟΝ
3222 2501 3350 2552 KG’.

2288 2590 2480 2656 Ὅπως
2508 2593 2541 2645 ό
2564 2591 2808 2658 Παῦλος
2835 2590 3142 2660 ἐλεγχθεὶς
3171 2590 3288 2643 ὑπὸ
3318 2590 3670 2658 Μα.1χ1ωνός
3702 2607 3865 2656 τινες

2355 2682 2807 2819 (ἢτὸΕο-οςριοὲὲιῖν
2859 2680 3287 2749 πρεσϐυτέρου,
3318 2679 3691 2748 ἐξεκηρύχθη
3720 2678 3859 2749 (Nic.

2416 2790 2430 2804 .
2524 2791 2537 2804 .
2577 2767 2649 2814 γι,
2766 2796 2778 2805 .

2416 2790 2430 2804 .
2472 2767 2537 2804 ιι.
2577 2767 2778 2814 v1.25).

2358 2843 2496 2898 Καθ’
2522 2844 2581 2898 δν
2623 2844 2735 2911 (Π)
2762 2843 3078 2906 τελευταίας
3110 2842 3573 2913 συγκροτηθείσης
3599 2841 3866 2895 πλείστων

2288 2935 2425 2988 ὅσων
2451 2935 2762 2988 ἐπισκόπων
2802 2933 3019 2987 συνόδου
3039 2972 3054 2995 ,
3084 2932 3355 3004 φωραθεὶς
3396 2935 3489 2986 καὶ
3522 2934 3658 3003 πρὸς
3687 2934 3869 2987 ἁπάν-

2287 3042 2397 3078 των
2418 3026 2519 3096 ἤδη
2549 3024 2736 3095 σαφῶς
2762 3022 3170 3091 καταγνωσθεὶς
3195 3023 3527 3094 ὲτεροδοξίαν
3551 3027 3580 3078 ὁ
3602 3026 3701 3093 τῆς
3725 3023 3868 3077 κατὰ

2302 3118 2634 3187 Ἀντιόχειαν
2668 3116 2927 3187 αἱρέσεως
2956 3115 3216 3186 ἀρχηγὸς,
3242 3118 3341 3185 τῆς
3382 3116 3486 3167 ὑπὸ
3516 3116 3608 3169 τὸν
3639 3115 3871 3187 ούρανδί

615 3227 709 3267 sus
731 3209 848 3265 falsi
880 3209 1148 3280 dogmatis
1181 3222 1325 3268 reus,
1364 3206 1430 3259 ab
1463 3205 1716 3257 universa
1744 3218 1864 3270 quae
1911 3205 2011 3256 sub
2044 3204 2186 3259 C(elo
2213 3202 2254 3260 C

2213 3202 2254 3260 C
2290 3208 2583 3279 καθολικῆς
2635 3206 2960 3277 Ἐκκλησίας
3018 3207 3471 3278 ἀποηρύττεται.
3524 3206 3772 3261 Μάλιστα
3820 3206 3867 3259 δ’

613 3314 701 3359 est
726 3302 965 3358 Ecclesia
989 3299 1256 3355 catholica
1276 3296 1588 3352 eliminatus
1617 3306 1719 3349 est.
1752 3295 2033 3362 Praecipue
2061 3310 2190 3350 vero

615 3395 767 3448 illum
795 3392 1057 3463 coarguit,
1085 3400 1139 3444 et
1168 3392 1338 3443 latere
1371 3388 1678 3457 cupientem
1715 3385 2018 3441 confutavit
2052 3385 2190 3440 Mal-

617 3487 778 3542 chion
808 3485 1051 3554 quidam,
1082 3485 1166 3536 vir
1194 3481 1583 3537 disertissimus
1603 3520 1619 3542 ,
1656 3479 1854 3549 quippe
1883 3480 1974 3547 qui
2010 3479 2191 3548 saplti-

619 3578 770 3631 stica:
791 3576 930 3644 apud
965 3571 1304 3627 Antiochiam
1335 3569 1536 3624 schola:
1563 3568 1877 3638 praefuerat,
1915 3577 1969 3623 et
1999 3571 2089 3638 qui
2118 3574 2187 3627 ob

621 3692 878 3746 scribitur
907 3692 961 3745 in
986 3707 1051 3745 eo
1074 3693 1281 3753 codice,
1307 3705 1428 3744 cum
1457 3689 1658 3758 vulgati
1684 3688 1903 3743 codices
1933 3688 2186 3744 Nicoma-

623 3764 785 3817 chum
813 3763 1117 3829 praeferant.
1146 3760 1219 3812 lta
1250 3760 1411 3815 etiam
1442 3762 1700 3829 scriptum
1730 3759 1907 3829 inveni
1936 3762 1986 3812 in
2019 3762 2192 3816 altero

625 3848 732 3885 nou
774 3826 999 3885 minoris
1042 3829 1386 3898 antiquitatis
1417 3830 1605 3883 codice
1647 3827 1707 3898 (ζ.
1739 3826 1976 3883 Justelli.

697 3901 810 3971 (16)
845 3901 1005 3954 Κατὰ
1041 3896 1281 3971 καιροὺς
1312 3898 1623 3971 διαφόρως.
1663 3896 1866 3971 Omnes
1895 3900 2065 3954 nostri
2098 3916 2192 3954 co-

627 3966 911 4026 dicesqu
937 3985 1199 4039 consensu
1240 3970 1440 4023 habent
1468 3966 1622 4039 κατὰ
1673 3967 1898 4039 καιρούς
1943 3971 2189 4038 (vulgati,

628 4039 862 4110 καιρόν).
893 4039 1077 4110 ltaque
1104 4038 1328 4110 libenter
1354 4038 1648 4091 scriberem
1675 4037 1818 4090 κατὰ
1833 4037 2195 4110 καιροὺςδια-

629 4107 850 4182 φόρους,
888 4107 1187 4182 cuiusmodi
1224 4123 1468 4182 errorem
1497 4121 1672 4182 supra
1702 4107 2028 4182 notavimus.
2071 4114 2192 4164 l'lu-

631 4176 718 4234 res
745 4191 891 4234 certe
936 4177 1141 4250 synodi
1182 4178 1444 4238 adversus
1497 4176 1719 4229 Paulum
1774 4178 2191 4250 Samo_satenum

631 4250 863 4304 diversis
894 4247 1228 4317 temporibus
1272 4257 1610 4317 congregatze
1640 4255 1787 4312 sunt,
1833 4258 1892 4301 ut
1922 4247 2193 4303 Eusebius

630 4319 964 4387 Rulinnsque
1015 4326 1301 4371 testantur.
1348 4318 1498 4382 Quod
1550 4327 1729 4370 autem
1791 4319 2039 4386 sequitur
2098 4319 2194 4373 καὶ

2289 3300 2450 3351 αὑτὸν
2503 3298 2732 3361 εὐθύνας
2794 3298 3264 3367 ἐπικρυπτόμενον
3314 3297 3558 3368 διήλεγξε
3608 3297 3870 3369 Μαλχίων

2292 3391 2404 3462 (l8)
2431 3431 2444 3451 ,
2496 3390 2636 3461 ἀνὴρ
2674 3389 2744 3443 τά
2789 3405 2847 3441 τε
2892 3387 3026 3441 ἄλλα
3070 3388 3269 3455 λόγιος,
3316 3389 3410 3441 καὶ
3459 3388 3711 3458 σοφιστοῦ
3759 3388 3871 3441 τῶν

2292 3485 2377 3537 ἐπ’
2424 3483 2749 3551 Ἀντιοχείας
2791 3480 3115 3551 Ἑλληνικῶν
3156 3480 3553 3551 παιδευτηρίων
3590 3481 3874 3553 διατριϐῆς

2295 3574 2592 3645 προεστὼς,
2634 3573 2696 3626 οὐ
2736 3572 2841 3644 μὴν
2876 3572 3011 3626 ἀλλὰ
3057 3573 3151 3626 καὶ
3196 3573 3262 3626 δι’
3290 3572 3732 3643 ὑπερϐάλλουσαν
3771 3576 3875 3644 τῆς

2297 3712 2387 3748 nos
2414 3693 2537 3758 160,
2566 3694 2630 3744 ab
2665 3691 2969 3745 orthodoxi:
2997 3694 3249 3757 episcopis
3268 3692 3600 3745 anathemate
3626 3693 3875 3746 condem-

2301 3775 2444 3817 nato.
2478 3763 2727 3830 Scriptus
2757 3761 2973 3830 estihic
3017 3762 3231 3816 liIn-llus
3267 3762 3548 3816 consulatu
3577 3760 3874 3820 Theodosii

2297 3834 2528 3899 Augusti
2586 3847 2683 3886 xm
2741 3839 2795 3885 et
2856 3829 3217 3885 Valentiniani
3254 3847 3337 3893 ill,
3373 3846 3518 3884 anno
3576 3841 3869 3900 antequam

2297 3903 2538 3973 synodus
2585 3902 2638 3973 in
2685 3902 2819 3954 urbe
2861 3900 3073 3968 Epheso
3102 3911 3533 3973 congregaretur.
3557 3901 3641 3956 Ab
3678 3915 3743 3954 eu
3779 3903 3876 3973 igi-

2303 3971 2392 4025 tur
2422 3972 2702 4025 consulatu
2752 3973 2794 4022 si
2846 3981 2997 4024 retro
3043 3971 3417 4024 numeraveris
3457 3985 3630 4024 annos
3654 3971 3875 4028 centum

2303 4053 2357 4095 et
2388 4043 2671 4109 sexaginta
2699 4041 2923 4099 solidos,
2954 4041 3163 4094 incides
3196 4041 3249 4093 in
3279 4036 3874 4109 consulat'umClaudii

2299 4120 2354 4166 et
2400 4111 2639 4168 Paterni,
2676 4112 2767 4178 qui
2824 4117 2908 4163 est
2956 4123 3134 4163 annus
3189 4110 3390 4164 Christi
3453 4109 3580 4163 270.
3637 4108 3875 4164 Proinde

2300 4181 2542 4253 synodus
2573 4179 2913 4253 Antiochena
2962 4180 3016 4253 in
3066 4194 3172 4248 qua
3220 4179 3511 4231 damnatus
3542 4188 3628 4234 est
3650 4178 3875 4253 Paulus,

2300 4247 2559 4303 convenit
2598 4249 2829 4302 Claudio
2869 4257 2924 4302 et
2974 4247 3208 4301 Paterno
3247 4264 3417 4313 coss.,
3471 4264 3618 4302 anno
3667 4250 3877 4304 Christi

2300 4322 2426 4375 270.
2457 4319 2633 4387 Atque
2668 4318 2741 4372 ita
2771 4322 2923 4387 ponit
2966 4318 3239 4372 Marianus
3280 4322 3479 4374 Scotus
3506 4329 3564 4373 et
3609 4318 3882 4372 Herman-

631 4378 932 4467 πολλάκις
966 4388 1015 4442 id
1052 4378 1541 4467 minimemiosum
1572 4396 1669 4467 est
1718 4401 1784 4439 ac
1837 4378 2192 4467 superﬂuum.
2226 4412 2271 4467 ι)
2302 4403 2403 4444 nus
2427 4378 2833 4467 Con_iractus_'in
2863 4386 3157 4467 Chronian
3181 4389 3532 4467 Sednomnem
3568 4390 3881 4467 dubitatio:

634 4459 765 4513 Nam
806 4470 858 4515 et
884 4459 1064 4528 plures
1089 4457 1324 4528 diversis
1348 4455 1689 4528 temporibus
1721 4458 1955 4527 synodos
1979 4469 2198 4513 coactas

635 4530 802 4584 fuisse
833 4527 908 4583 ait
941 4527 1226 4590 Eusebius,
1261 4537 1315 4581 et
1345 4527 1398 4579 in
1432 4540 1753 4596 unaquaque
1775 4528 1983 4596 synodo
2016 4529 2199 4596 plures

636 4599 803 4655 fuisse
835 4599 1106 4652 sessiones
1138 4599 1251 4652 sive
1280 4597 1545 4668 actiones.
1578 4595 1758 4648 Prima
1784 4595 2001 4665 quidem
2020 4595 2198 4668 syno-

637 4673 739 4722 dus
772 4669 1074 4722 Antiochiae
1114 4680 1300 4721 contra
1342 4664 1565 4735 Paulum
1593 4664 1918 4735 congregata
1948 4678 2031 4720 est
2061 4664 2203 4720 anno

637 4738 864 4792 Gallieni
892 4753 990 4801 xu,
1025 4736 1108 4790 cui
1148 4738 1402 4806 praesedit
1441 4733 1831 4806 Firmiliaunst
1863 4736 1927 4789 de
1947 4753 2055 4806 qua
2082 4738 2204 4791 vide

636 4807 926 4863 Baronium
954 4806 1019 4858 ad
1043 4803 1240 4859 annum
1279 4805 1480 4860 Christi
1511 4803 1619 4857 265
1644 4814 1697 4858 et
1718 4805 1845 4858 ‘266.

710 4877 820 4948 (l7)
852 4877 1003 4948 Had:
1022 4875 1122 4948 ὃν.
1144 4876 1436 4948 Subaudiri
1481 4883 1659 4948 potest
1697 4875 1907 4948 καιρόν,
1935 4876 2205 4948 quomodo

641 4944 785 5016 loqui
815 4945 1252 5001 soletEusebius.
1284 4944 1437 5010 Quod
1456 4948 1500 4997 si
1532 4944 1654 5012 quis
1683 4944 2023 5015 Αὐρηλιανόν
2054 4946 2206 4999 malit

643 5015 981 5087 intelligere,
1037 5016 1285 5087 equidem
1325 5028 1432 5067 non
1485 5027 1813 5087 ntagnOpere
1867 5015 2201 5085 repugnabo.

643 5085 750 5141 Sed
786 5102 853 5140 ex
890 5086 973 5140 his
1007 5085 1186 5140 verbis
1220 5086 1270 5138 id
1311 5093 1519 5138 tantum
1572 5084 1765 5155 contici
1810 5084 2209 5155 potest,’syuo-

643 5159 767 5211 dum
822 5156 1214 5209 Antiochenam
1260 5154 1484 5208 exordio
1531 5154 1868 5223 principatus
1921 5154 2203 5209 Aureliani

644 5227 952 5296 contigisse.
980 5225 1208 5296 Proinde
1237 5239 1341 5278 non
1366 5224 1642 5296 assentior
1666 5223 1923 5296 Bai-onio,
1952 5225 2048 5296 qui
2068 5224 2208 5278 hanc

644 5291 907 5369 synodum
933 5295 1097 5350 refert
1128 5308 1271 5347 anno
1303 5308 1338 5369 ιι
1368 5293 1667 5369 Aureliani.
1698 5291 1803 5369 ξεξᾴ
1834 5291 2053 5369 Baroiiii
2080 5307 2206 5346 seu-

644 5363 868 5422 téntiam
899 5382 1119 5434 prorsus
1154 5366 1353 5417 evertit
1378 5363 1667 5417 concilium
1702 5363 2051 5434 Ephesinum,
2079 5378 2200 5432 pag.

641 5436 772 5501 228,
800 5433 1124 5491 υιιὶίΡειιιΙιιε
1154 5434 1546 5487 Samosatenus
1575 5434 1861 5487 damnatus
1888 5433 2089 5487 dicitur
2117 5447 2210 5485 au-

648 5519 699 5562 te
729 5522 902 5561 annos
930 5514 1148 5560 centum
1178 5513 1233 5557 et
1261 5505 1565 5572 sexaginta.
1614 5502 1707 5555 Sic
1751 5505 1893 5557 enim
1948 5503 2109 5556 habet
2145 5502 2211 5555 li-

646 5575 820 5631 bellus
864 5574 1282 5629 contestationis
1321 5573 1451 5627 cleri
1476 5572 2067 5642 Constantinopolitani
2103 5587 2204 5640 pu-

646 5646 784 5701 blice
819 5647 873 5700 in
907 5644 1149 5701 Ecclesia
1191 5643 1503 5713 propositus
1524 5685 1539 5711 ,
1566 5643 1711 5713 guod
1753 5642 2036 5696 Nestorius
2070 5643 2211 5713 ejus-

645 5719 761 5770 dem
793 5718 1065 5771 sententia:
1092 5714 1160 5770 sit
1193 5710 1314 5769 eum
1347 5710 1524 5768 Paulo
1550 5710 1916 5779 Samosateno,
1946 5719 2067 5768 ante
2094 5710 2208 5767 Van-

2309 4475 2433 4514 nem
2468 4459 2656 4511 adimit
2695 4458 2920 4526 epistola
2968 4458 3228 4528 synodica
3287 4458 3512 4511 Patrum
3555 4459 3878 4513 Antiocheni

2301 4530 2544 4591 caucilii,
2569 4542 2691 4596 quae
2721 4529 2884 4580 missa
2913 4542 3037 4599 esse
3061 4529 3261 4580 dicitur
3289 4530 3356 4580 ad
3413 4528 3731 4599 Dionysium
3770 4528 3885 4583 Ro-

2305 4614 2522 4651 manum
2565 4599 2901 4665 episcopum.
2936 4596 3068 4650 Cum
3121 4599 3267 4651 enim
3306 4608 3521 4651 constet
3555 4596 3881 4667 Dionysium

2303 4682 2498 4736 papam
2563 4676 2833 4736 mortuum
2877 4681 2997 4720 esse
3035 4669 3321 4721 consulatu
3353 4668 3560 4721 Claudii
3593 4679 3648 4720 et
3690 4667 3881 4721 Pater-

2307 4735 2469 4789 ni’vn
2498 4737 2611 4791 Cal.
2667 4735 2973 4797 ianuarias,
3004 4738 3296 4791 concilium
3338 4738 3735 4791 Antlochenum
3797 4753 3887 4792 se-

2305 4809 2420 4861 rius
2458 4808 2683 4860 omnino
2741 4809 3061 4875 congregari
3117 4823 3227 4861 non
3262 4810 3457 4874 potuit.
3501 4808 3567 4860 At
3614 4806 3888 4862 Baronius

2306 4877 2393 4940 qui
2431 4877 2723 4929 concilium
2763 4876 3170 4930 Antioeheuum
3232 4876 3447 4931 confert
3498 4877 3550 4929 in
3587 4892 3791 4930 annum
3842 4893 3887 4932 ιι

2305 4945 2609 5007 Aureliani,
2644 4960 2869 4999 necesse
2902 4946 3096 4999 habuit
3130 4948 3521 5017 pontiﬁcatum,
3546 4946 3791 5017 Dionysii
3827 4948 3883 5001 in

2306 5031 2426 5066 eum
2459 5030 2628 5083 usque
2661 5030 2861 5067 annum
2909 5018 3225 5081 producere,
3275 5026 3465 5071 contra
3498 5016 3658 5069 tidem
3692 5016 3886 5070 libro-

2311 5099 2427 5136 rum
2463 5084 2852 5149 pontiﬁcalium
2904 5086 3120 5139 Damasi
3147 5097 3204 5139 et
3235 5086 3533 5139 Anastasii.
3567 5086 3707 5151 Quid
3738 5091 3886 5154 quod

2311 5169 2456 5207 anno
2495 5170 2533 5207 ιι
2579 5155 2857 5208 Aureliani
2877 5154 3075 5209 bellum
3104 5158 3154 5209 in
3177 5158 3403 5210 Oriente
3435 5166 3646 5225 gestum
3675 5159 3892 5211 estaud-

2306 5238 2499 5278 versus
2533 5225 2851 5285 Zenobiam,
2891 5236 3048 5293 capta
3107 5242 3231 5279 cum
3280 5226 3402 5279 aliis
3428 5227 3655 5280 urbibus
3692 5228 3894 5280 Antio-

2309 5295 2454 5353 chia,
2486 5296 2623 5349 adeo
2675 5305 2732 5347 ut
2766 5297 3009 5364 synodus
3057 5299 3439 5366 episcoporum
3476 5310 3543 5350 eo
3573 5311 3718 5349 anno
3763 5311 3894 5351 cou-

2309 5367 2519 5433 gregari
2558 5379 2661 5416 non
2699 5366 2958 5430 potuerit.

2380 5434 2490 5503 (l8)
2524 5434 2830 5503 Μαλχίων.
2866 5434 3127 5489 Leontius
3149 5436 3201 5488 iu
3241 5435 3381 5489 libro
3411 5432 3651 5489 tContra
3698 5436 3899 5490 Nesto—

2311 5505 2468 5567 rium,
2496 5505 2654 5558 atfert
2681 5508 2985 5574 fragmenta
3003 5507 3248 5573 quamdam
3276 5521 3341 5560 ex
3359 5507 3730 5572 disputatione
3752 5507 3892 5562 Mat-

2311 5574 2524 5647 ghionis
2576 5575 2837 5647 adversus
2869 5574 3118 5647 fautum
3198 5578 3663 5647 Sannosatensgm.
3730 5580 3893 5647 Apud

2311 5643 2700 5697 Theodoritum
2756 5645 2810 5696 in
2867 5644 2962 5699 lib.
2991 5660 3028 5698 ιι
3079 5646 3472 5699 Hiereticarum
3527 5643 3894 5711 Fabularum,

2310 5712 2597 5786 Μολαχίων
2632 5715 2895 5770 scribitur
2939 5716 3222 5771 mendose.
3268 5715 3366 5772 Hic
3413 5730 3479 5771 ex
3512 5716 3896 5774 contulatione

2785 6372 2859 6378 τ
3433 6342 3445 6356 .
3849 6046 4220 6386 Δ
