4220 6432
412 392 515 450 Ἰὓθ

1411 394 1763 451 HISTORle
1805 394 2362 451 ECCLESIASTICAE
2404 394 2533 450 Lm.
2566 359 2691 450 νη.

3578 400 3683 455 710

409 511 490 572 είς
515 510 746 580 Χριστὸν
795 513 1033 576 πίστεως
1057 512 1424 584 γνησιότητα,
1474 516 1870 586 πρεσϐυτερίου
1901 515 1986 585 τῆς

2107 516 2228 569 litici
2258 516 2424 586 279
2476 516 2807 571 Christianae
2862 514 3260 585 sinceritatem,
3313 515 3368 571 in
3416 516 3538 586 ejus
3574 517 3681 573 laci

408 599 596 655 αὐτόθι
636 605 929 674 παροικίας
948 605 1247 677 ἠξιωμένος
1269 623 1282 635 ·
1324 598 1479 670 οὗτός
1501 606 1567 674 γέ
1597 624 1677 659 τοι
1706 609 1997 677 ἐπισημει-

404 690 651 761 ουμένων
690 694 1088 765 ταχυγράφων,
1121 695 1350 765 ζήτησιν
1377 696 1515 765 πρὸς
1547 696 1707 750 αὐτὸν
1733 696 1998 767 ἐνστησά-

410 799 571 854 μενος
596 785 662 855 ἢν
687 787 780 839 καὶ
802 787 880 849 εἰς
901 786 1061 858 δεῦρο
1083 786 1391 858 φερομένην
1417 784 1599 857 ἴσμεν,
1625 786 1787 857 μόνος
1809 787 1996 857 ἴσχυσε

405 871 514 924 τῶν
561 872 735 927 ἄλλων
786 875 1079 947 κρυψίνουν
1122 875 1253 930 ὄντα
1289 876 1383 930 καὶ
1430 876 1707 947 ἀπατηλὸν
1761 878 1997 950 φοράσαι

405 964 498 1017 τὸν
530 964 834 1036 ἄνθρωπον.

944 1057 1342 1110 ΚΕΦΑΛΑῘΟΝ
1371 1058 1449 1113 Λ’.

405 1154 545 1221 Περὶ
566 1151 677 1221 τῆς
691 1152 839 1206 κατὰ
871 1148 1465 1215 Παύλουέπιστολῆς
1496 1149 1618 1205 τῶν
1645 1153 1995 1208 ἐπισκόπων

800 1222 940 1291 (Nic.
971 1221 1040 1273 Η.
1072 1221 1131 1273 Ε.
1162 1237 1235 1280 \‘l,
1267 1221 1359 1281 29,
1399 1222 1511 1285 50).

477 1312 623 1369 Μίαν
654 1313 717 1384 δὴ
747 1310 839 1366 οὖν
865 1313 929 1365 ἐκ
963 1314 1148 1382 κοινῆς
1180 1310 1407 1383 γνώμης
1439 1315 1487 1367 οἱ
1520 1314 1614 1367 ἐπὶ
1645 1315 1810 1369 ταύτὸ
1853 1332 1991 1385 συγ..

402 1405 793 1477 κεκροτημένοι
830 1404 1085 1474 ποιμένες
1123 1404 1547 1476 διαχαράξαντες
1586 1407 1873 1479 ἐπιστολὴν
1912 1411 1991 1474 εἰς

403 1498 696 1569 πρόσωπον
757 1496 846 1549 τοῦ
899 1513 958 1549 τε
1002 1496 1287 1567 Ῥωμαίων
1341 1498 1643 1551 ἐπισκόπου
1685 1500 1985 1565 Διονυσίου,

402 1590 498 1644 καὶ
523 1588 773 1659 Μαξίμου
806 1588 900 1642 τοῦ
932 1589 1052 1641 κατ’
1091 1589 1517 1662 Ἀλεξάνδρειαν,
1547 1592 1640 1644 ἐπὶ
1672 1594 1851 1657 πάσας
1883 1593 1992 1645 δια-

401 1680 706 1752 πέμπονται
756 1682 853 1744 τὰς
901 1681 1204 1753 ἐπαρχίας,
1240 1681 1337 1751 τὴν
1375 1682 1553 1734 αὐτῶν
1596 1683 1829 1755 σπουδὴν
1875 1689 1989 1749 τοῖς

400 1775 537 1826 πᾶσι
567 1774 805 1845 φανερὰν
836 1772 1208 1837 καθιστάντες,
1255 1775 1348 1827 καὶ
1378 1777 1472 1827 τοῦ
1502 1774 1716 1829 Παύλου
1750 1775 1846 1847 τὴν
1873 1776 1987 1829 διὰ-

401 1883 632 1936 στροφον
676 1866 1033 1937 ὲτεροδοξίαν,
1078 1866 1334 1936 ἐλέγχους
1376 1884 1435 1921 τε
1475 1867 1569 1921 καὶ
1595 1870 1890 1940 ἐρωτήσεις
1919 1868 1985 1932 ἃς

2103 606 2344 662 Ecclesia
2382 607 2707 677 presbyterii
2748 608 3008 661 honorem
3035 615 3154 660 erat
3203 616 3550 665 consecutus.
3584 608 3687 665 llic

2102 697 2271 768 igitur
2306 699 2570 753 adversus
2605 698 2832 752 Paulum
2869 706 3122 767 suscepta
3164 697 3550 767 diSputatione,
3582 715 3680 755 ex-

2100 788 2431 856 cipientibus
2462 800 2658 844 cuncta
2697 791 2932 843 notariis
2958 797 3102 857 (quae
3133 790 3352 859 quidem
3386 791 3681 860 disputatio

2098 881 2392 935 etiamnum
2428 881 2667 952 exstat),
2702 883 2948 939 occultos
3008 883 3248 938 hominis
3294 897 3491 940 sensus
3528 883 3681 940 frau-

2097 973 2303 1042 desque
2328 972 2588 1041 detegere
2610 973 2760 1027 solus
2789 974 3028 1027 omnium
3062 975 3256 1029 valuit.

2667 1065 2895 1120 CAPUT
2934 1065 3105 1119 XXX.

2376 1155 2454 1210 De
2475 1157 2698 1226 epistola
2736 1158 2929 1227 synodi
2957 1171 3142 1213 contra
3175 1158 3426 1216 Paulum.

2165 1314 2368 1371 Omnes
2407 1318 2592 1385 itaque
2649 1317 2700 1370 in
2758 1332 2925 1372 unum
2963 1321 3273 1388 congregati
3344 1323 3621 1377 antistites
3653 1363 3671 1389 ,

2096 1424 2257 1461 unam
2291 1422 2359 1463 ex
2388 1409 2667 1462 communi
2689 1411 2958 1463 sententia
2984 1412 3053 1466 ad
3079 1411 3391 1482 Dionysium
3414 1413 3673 1469 Romanae

2094 1499 2246 1553 urbis
2277 1499 2622 1568 episcopum,
2679 1508 2735 1553 et
2784 1499 2850 1553 ad
2903 1499 3196 1554 Maximum
3247 1501 3673 1557 Alexandrinum

2092 1590 2435 1657 scripserunt
2478 1589 2766 1660 epistolam
2806 1631 2822 1655 ,
2856 1605 3089 1661 eamque
3137 1593 3204 1646 ad
3239 1607 3428 1648 omnes
3480 1593 3675 1649 deinde

2093 1680 2403 1750 provincias
2432 1683 2881 1748 transmiserunt,
2918 1693 3028 1738 tttm
3065 1693 3122 1737 ut
3153 1685 3391 1739 studium
3425 1699 3582 1739 suum
3609 1701 3676 1740 ac

2091 1770 2426 1839 diligentiam
2480 1771 2735 1825 omnibus
2777 1772 3144 1839 declararent,
3201 1782 3313 1826 tum
3354 1783 3409 1828 ut
3442 1789 3673 1844 perver-

2093 1879 2211 1917 sum
2241 1863 2395 1918 Pauli
2420 1865 2639 1935 dogma,
2693 1863 3099 1920 confutationes
3137 1880 3356 1937 quoque
3384 1876 3440 1920 et
3479 1866 3671 1936 dispu-

400 1951 538 2023 πρὸς
581 1951 742 2007 αὐτὸν
784 1953 1244 2024 ἀνακεκινήκασι,
1282 1955 1377 2007 καὶ
1409 1954 1489 2009 ἔτι
1520 1956 1611 2008 τὸν
1650 1958 1826 2011 πάντα
1874 1957 1985 2027 βίον

2091 1956 2323 2009 taliones
2351 1955 2614 2011 adversus
2643 1955 2795 2009 illum
2832 1955 3071 2022 habitas,
3102 1935 3467 2026 cunctamque
3495 1935 3678 2012 homi-

396 2059 457 2096 τε
489 2044 584 2096 καὶ
621 2042 822 2115 τρόπον
859 2044 953 2098 τοῦ
992 2044 1184 2116 ἀνδρὸς
1222 2045 1608 2116 διηγούμενοι·
1647 2048 1707 2112 ἐξ
1734 2041 1809 2101 ὧν
1843 2049 1980 2119 μνή-

401 2152 508 2206 μης
539 2135 724 2189 ἕνεκεν
751 2135 932 2200 καλῶς
961 2136 1151 2207 ἀνέχοι
1169 2136 1371 2202 ταύτας
1399 2138 1577 2192 αὐτῶν
1601 2142 1693 2194 ἐπὶ
1720 2140 1813 2194 τοῦ
1843 2158 1985 2213 παρ-

396 2227 549 2290 όντος
591 2227 819 2281 διελθεῖν
861 2228 960 2292 τὰς
1002 2230 1213 2298 φωνάς·

471 2338 489 2370 t
514 2320 771 2391 Διονυσίῳ
787 2321 879 2374 καὶ
894 2321 1131 2393 Μαξίμῳ
1146 2323 1366 2386 καὶτοῖς
1382 2323 1523 2378 κατά
1540 2323 1638 2395 τὴν
1655 2326 1982 2397 οἰκουμένην

397 2409 532 2463 πᾶσι
547 2410 819 2464 συλλειτου
826 2415 974 2483 ργοῖς
987 2413 1141 2484 ἡμῶν
1154 2414 1473 2478 ἐπισκόποις
1488 2416 1582 2469 καὶ
1596 2416 1983 2489 πρεσϐυτέροις

393 2502 490 2555 καὶ
520 2503 806 2567 διακόνοις,
842 2504 936 2557 καὶ
960 2507 1104 2577 πάσῃ
1134 2508 1199 2577 τῇ
1233 2506 1334 2560 ὑπὸ
1355 2506 1446 2560 τὸν
1470 2508 1697 2577 οὐρανὸν
1719 2509 1978 2582 καθολικῇ

407 2592 722 2665 Ἐκκλησία,
752 2595 970 2658 Ἕλενος
994 2596 1090 2651 καὶ
1118 2596 1423 2665 Ὑμέναιος,
1460 2600 1554 2652 καὶ
1579 2598 1856 2670 Θεόφιλος,
1886 2603 1982 2656 καὶ

394 2684 708 2750 Θεότεκνος,
727 2686 820 2740 καὶ
832 2687 1103 2759 Μάξιμος,
1123 2689 1386 2761 Πρόκλος,
1404 2691 1450 2742 Ν
1460 2691 1656 2762 ικόμας
1674 2694 1765 2746 καὶ
1794 2694 1981 2749 Αἱλια-

393 2777 484 2843 νὸς
500 2779 734 2849 (19),καὶ
752 2780 981 2844 Παῦλος,
1001 2782 1095 2834 καὶ
1111 2780 1379 2846 Βώλανος,
1398 2783 1982 2856 καὶΠρωτογένηςκαὶ

405 2870 600 2941 Ἱέραξ,
621 2873 715 2925 καὶ
737 2871 1015 2942 Εὐτύχιος,
1031 2873 1125 2926 καὶ
1153 2873 1450 2945 Θεόδωρος,
1478 2875 1573 2928 καὶ
1588 2875 1868 2946 Μαλχίων.
1890 2876 1981 2930 καὶ

394 2960 642 3025 Λούκιος,
661 2962 756 3015 καὶ
787 2963 836 3014 οἰ
866 2962 1042 3015 λοιποὶ
1065 2962 1264 3025 πάντες
1288 2966 1336 3016 οἱ
1373 2963 1470 3016 σὺν
1501 2966 1633 3036 ἡμῖν
1656 2965 1980 3036 παροικοῦν-

394 3069 486 3115 τες
496 3052 596 3116 τὰς
610 3054 775 3121 ἐγγὺς
795 3053 977 3117 πόλεις
997 3054 1090 3107 καὶ
1115 3054 1241 3124 ἔθνη
1258 3053 1550 3108 ἐπίσκοποι
1571 3057 1665 3109 καὶ
1679 3056 1981 3128 πρεσϐύτε-

397 3161 500 3216 ροι.
533 3144 628 3198 καὶ
659 3145 914 3205 διάκονοι,
952 3147 1047 3200 καὶ
1086 3147 1142 3199 αἱ
1180 3146 1497 3218 Ἐκκλησίαι
1530 3145 1642 3219 (20)
1687 3149 1780 3202 τοῦ
1820 3148 1954 3202 Θεοῦ

394 3240 698 3310 ἀγαπητοῖς
726 3238 974 3306 ἀδελφοῖς
995 3239 1052 3290 ἐν
1084 3238 1273 3309 Κυρίῳ
1292 3239 1526 3309 χαίρειν.
1555 3258 1574 3289 ι
1600 3238 1821 3302 Τούτοις
1840 3239 1977 3311 μετά
2004 3289 2045 3345 C

394 3330 604 3402 βραχέα
644 3330 958 3398 ἐπιλέγουσι
1004 3328 1209 3382 ταῦτα·
1258 3349 1275 3381 t
1300 3331 1720 3403 Ἐπεστέλλομεν
1759 3333 1816 3387 δὲ
1859 3333 1976 3405 ἅμα

391 3421 489 3477 καὶ
510 3422 928 3493 παρεκαλοῦμεν
957 3420 1184 3485 πολλοὺς
1217 3422 1310 3475 καὶ
1351 3421 1459 3475 τῶν
1496 3423 1716 3494 μακρὰν
1750 3425 1974 3478 ἐπισκό-

393 3531 511 3568 πων
531 3554 545 3579 ,
586 3514 677 3566 ἐπὶ
708 3512 806 3583 τὴν
838 3512 1132 3584 θεραπείαν
1170 3516 1269 3584 τῆς
1310 3514 1687 3587 θανατηφόρου
1716 3516 1973 3571 διδασκαοσ

390 3602 531 3666 λίας,
557 3601 745 3673 ὥσπερ
766 3602 859 3655 καὶ
880 3601 1152 3655 Διονύσιον
1178 3602 1268 3654 τὸν
1299 3604 1390 3656 ἐπὶ
1415 3604 1513 3673 τῆς
1549 3603 1973 3675 Ἀλεξανδρείας,

391 3696 486 3749 καὶ
504 3694 848 3765 Φιρμιλιανὸν
880 3694 970 3748 τὸν
996 3693 1103 3747 ἀπὸ
1136 3696 1234 3765 τῆς
1260 3695 1680 3759 Καππαδοκίας,
1710 3698 1837 3760 τοὺς
1873 3715 1976 3767 μα-

390 3787 649 3856 καρίτας·
681 3781 754 3840 ὧν
790 3789 818 3840 ὁ
869 3787 966 3856 μὲν
1005 3785 1318 3839 ἐπέστειλεν
1359 3789 1438 3851 εἰς
1480 3785 1579 3858 τὴν
1621 3788 1970 3859 Ἀντιόχειαν,

389 3879 482 3932 τὸν
522 3878 764 3950 ἡγεμόνα
791 3881 892 3949 τῆς
923 3879 1132 3948 πλάνης
1163 3879 1281 3931 οὐδὲ
1326 3881 1683 3951 προσρήσεως
1708 3879 1969 3946 ἀξιώσας,

390 3972 510 4026 οὐδὲ
548 3970 684 4042 πρὸς
735 3971 1024 4043 πρόσωπον
1070 3969 1289 4042 γράψας
1334 3970 1486 4041 αὐτῷ
1532 3971 1677 4041 (21),
1724 3971 1862 4025 ἀλλὰ
1904 3974 1970 4043 τῇ

389 4064 653 4137 παροικίᾳ
687 4063 834 4136 πάσῃ
872 4062 940 4138 ἧς
983 4064 1077 4117 καὶ
1119 4064 1182 4117 τὸ
1220 4063 1553 4135 ἀντίγραφον
1593 4063 1969 4135 ὑπετάξαμεν·

388 4158 418 4212 ὁ
449 4157 505 4209 δὲ
541 4156 890 4229 Φιρμιλιανὸς
922 4156 1017 4210 καὶ
1059 4155 1142 4220 δὶς
1182 4155 1542 4226 ἀφικόμενος,
1588 4154 1833 4224 κατέγνω
1870 4156 1969 4226 μὲν

387 4247 496 4303 τῶν
547 4248 638 4302 ὑπ’
682 4249 892 4303 ἐκείνου
945 4247 1480 4318 καινοτομουμένων,
1539 4247 1616 4311 ὡς
1668 4246 1824 4317 ἴσμεν
1878 4248 1973 4301 καὶ

391 4338 775 4414 μαρτυροῦμεν
795 4341 845 4392 oi
868 4340 1320 4411 παραγενόμενοι,
1350 4341 1445 4393 καὶ⁵
1465 4339 1614 4394 ἄλλοι
1643 4341 1828 4395 πολλοὶ
1856 4359 1973 4394 συνε-

390 4432 587 4498 ίσασιν,
616 4432 1084 4503 ἐπαγγειλαμένου
1125 4432 1181 4486 δὲ
1225 4432 1646 4503 μεταθήσεσθαι,
1674 4432 1971 4496 πιστεύσας

388 4527 484 4581 καὶ
514 4526 741 4589 ἐλπίσας
767 4527 895 4581 ἄνευ
924 4526 1070 4590 τινὸς
1100 4526 1227 4598 περὶ
1260 4526 1352 4579 τὸν
1381 4525 1538 4595 λόγον
1565 4525 1827 4595 λοιδορίας
1856 4524 1968 4595 (‘22)

2088 2046 2172 2100 nis
2198 2046 2368 2100 vitam
2410 2061 2473 2101 ac
2509 2062 2689 2102 mores
2729 2057 3088 2118 exponerent.
3123 2047 3295 2104 Porro
3330 2048 3565 2119 ipsamet
3598 2050 3669 2103 il-

2085 2139 2262 2193 lorum
2293 2139 2483 2203 verba,
2511 2140 2579 2193 ad
2629 2148 2940 2208 perpetuam
2974 2149 3314 2210 posterorum
3348 2142 3673 2197 memoriam

2085 2246 2190 2287 non
2224 2232 2625 2285 incommodum
2656 2231 2823 2285 fuerit
2856 2232 2947 2288 hic
2976 2231 3206 2287 referre.

2159 2340 2181 2374 ι
2219 2322 2474 2394 Dionysio
2503 2333 2557 2376 et
2579 2322 2836 2386 Maximo,
2868 2331 2923 2377 et
2953 2323 3205 2377 omnibus
3232 2336 3329 2393 per
3348 2322 3668 2377 universum

2082 2415 2269 2471 orbem
2294 2415 2685 2469 connninistris
2715 2414 2938 2479 nosuis,
2969 2414 3245 2483 episcopis
3266 2453 3281 2475 .
3322 2415 3671 2485 presbyteris

2083 2519 2137 2563 et
2165 2508 2452 2568 diaconis:
2514 2518 2568 2560 ct
2612 2505 2878 2561 universae
2908 2504 3167 2560 Ecclesia:
3217 2505 3513 2561 catholicae
3545 2521 3670 2576 quae

2083 2599 2182 2653 sub
2211 2598 2349 2652 caelo
2378 2605 2480 2658 εει,
2517 2594 2750 2649 llclenus
2776 2602 2832 2648 et
2876 2593 3222 2662 Hymenaeus,
3273 2592 3614 2659 Theophilus
3645 2633 3662 2660 ,

2083 2689 2444 2754 Theotecnus,
2472 2690 2760 2752 Maximus,
2783 2687 3068 2748 Proculus,
3087 2685 3364 2750 Nicomas,
3393 2684 3670 2757 Elianus,

2082 2781 2302 2848 Paulus,
2327 2782 2589 2846 Bolanus,
2628 2780 2968 2848 Protogenes
2995 2817 3010 2843 ,
3064 2775 3265 2831 Hierax
3293 2817 3309 2841 ,
3341 2776 3675 2847 Eutychius,

2083 2873 2400 2935 Theodorus
2428 2883 2482 2929 et
2507 2872 2800 2938 Malchiou,
2833 2880 2889 2925 et
2907 2870 3129 2931 Lucius,
3160 2878 3215 2922 et
3251 2869 3443 2938 reliqui
3478 2883 3671 2924 omnes

2080 2967 2171 3035 qui
2210 2966 2495 3020 nobiscum
2524 2972 2652 3019 sunt
2678 2963 2981 3017 vicinarum
3014 2961 3226 3013 urbium
3256 2971 3313 3014 et
3342 2956 3662 3029 provincia-

2082 3072 2200 3111 rum
2254 3056 2514 3127 episcopi,
2551 3054 2859 3125 presbyteri
2913 3067 2979 3106 ac
3017 3051 3268 3117 diaconi;
3317 3063 3372 3106 et
3410 3051 3671 3108 Ecclesia:

2085 3150 2200 3217 Dei,
2250 3148 2594 3204 charissimis
2652 3144 2919 3200 fratribus
2952 3144 3005 3198 in
3063 3143 3292 3197 Domino
3342 3142 3600 3198 salutem.
3638 3162 3661 3198 ι

2082 3242 2276 3296 Paucis
2307 3240 2504 3295 deinde
2532 3238 2858 3306 interjectis,
2878 3238 2996 3293 haec
3022 3236 3363 3306 subiungunt
3390 3250 3405 3289 :
3446 3253 3467 3288 ι
3507 3234 3658 3290 Scri-

2084 3333 2289 3401 psimus
2342 3332 2509 3385 etiam
2541 3331 2608 3385 ad
2643 3329 2956 3400 complures
2997 3322 3289 3398 episcopos
3313 3326 3528 3398 longius
3553 3327 3663 3383 dis-

2082 3424 2238 3487 sitos,
2263 3436 2468 3491 eosque
2496 3421 2701 3475 hortati
2735 3433 2928 3474 sumus
2973 3425 3032 3472 ut
3079 3418 3145 3473 ad
3185 3416 3422 3471 exitialis
3459 3417 3666 3472 doctri-

2085 3530 2167 3569 nte
2190 3513 2437 3569 morbum
2459 3512 2758 3567 curandum
2788 3510 3135 3565 accederent.
3166 3507 3298 3561 Nam
3339 3515 3395 3561 et
3431 3509 3497 3562 ad
3530 3506 3660 3563 Dio-

2079 3605 2291 3677 nysium
2342 3604 2797 3670 Alexandrinum,
2830 3613 2888 3657 et
2925 3602 2990 3656 ad
3040 3601 3418 3657 Firmilianum
3446 3600 3663 3671 Cappa-

2078 3697 2251 3753 docia:
2272 3696 2599 3761 antistitem,
2617 3695 2791 3749 beata:
2822 3693 3218 3749 recordationis
3242 3694 3412 3758 viros,
3445 3692 3663 3748 litteras

2075 3787 2343 3842 dedimus.
2379 3786 2618 3851 Quorum
2651 3783 2740 3839 ille
2768 3783 2989 3853 scripsit
3015 3783 3234 3851 quidem
3260 3782 3608 3837 Antiochiam
3637 3805 3653 3854 ;

2077 3880 2169 3935 sed
2191 3877 2398 3934 erroris
2427 3877 2621 3932 ducem
2658 3892 2724 3931 ne
2775 3876 3105 3930 salutatione
3151 3875 3374 3946 quidem
3406 3874 3661 3947 dignatus

2079 3979 2197 4036 est;
2234 3984 2414 4038 neque
2458 3970 2526 4024 ad
2572 3984 2694 4023 eum
2737 3969 3081 4032 nominatim,
3119 3982 3304 4022 verum
3336 3969 3402 4020 ad
3435 3967 3656 4022 univer-

2077 4078 2193 4117 sam
2218 4059 2664 4116 Antiochensium
2696 4059 2999 4115 Ecclesiam
3044 4060 3255 4115 litteras
3288 4060 3654 4123 suasdirexit,

2075 4169 2306 4225 quarum
2337 4153 2504 4208 etiam
2532 4155 2839 4223 exemplum
2866 4152 2954 4208 hic
2992 4152 3341 4220 subiecimus.
3382 4151 3656 4207 Firmilia-

2072 4266 2174 4303 nus
2196 4263 2329 4304 vero
2358 4262 2482 4301 cum
2518 4247 2604 4302 bis
2655 4245 3009 4300 Antiochiam
3055 4246 3334 4309 venisset,
3368 4242 3656 4301 damnavit

2074 4339 2294 4410 quidem
2353 4337 2623 4406 dogmatis
2653 4336 2722 4390 ab
2758 4335 2853 4389 illo
2902 4333 3099 4389 invecti
3131 4334 3451 4394 novitatem,
3478 4341 3538 4387 ut
3567 4345 3651 4388 te-

2076 4442 2285 4485 stamur
2311 4428 2478 4500 280
2512 4442 2612 4483 nos
2651 4428 2743 4497 qtti
2772 4425 3065 4491 adfuimus,
3090 4434 3147 4481 et
3194 4425 3285 4480 alii
3317 4424 3499 4494 plures
3521 4441 3652 4496 per-

2079 4524 2206 4578 inde
2246 4539 2309 4577 ac
2347 4502 2448 4576 nos
2502 4520 2707 4590 Optime
2742 4529 2964 4573 norunt.
2993 4517 3099 4574 Sed
3138 4532 3261 4572 cum
3298 4517 3385 4573 ille
3416 4526 3652 4591 mutatu-

386 4664 536 4719 Pauli
579 4662 918 4718 Samosaleni
955 4672 1157 4716 tantam
1210 4662 1438 4731 gloriam
1473 4663 1685 4725 retulit,
1710 4673 1772 4715 ut
1803 4678 1865 4717 ea
1895 4660 1962 4715 de
1992 4664 2041 4722 ι)
2067 4669 2210 4714 settle
2242 4656 2843 4731 etiampilebt’smaxt‘ma
2881 4665 3054 4724 parte,
3096 4665 3204 4708 etc.
3254 4653 3402 4709 Idem
3447 4653 3649 4726 legitur

387 4749 548 4789 causa
576 4735 630 4788 itt
661 4733 980 4800 menologiis
1007 4732 1319 4788 Graecorum
1342 4733 1599 4788 meruerit
1626 4733 1960 4798 consecrari,

391 4805 480 4859 die
511 4819 677 4857 xxvm
707 4803 980 4857 Octobris.

434 4820 480 4857 le
511 4819 677 4857 XXVI"
707 4818 980 4857 UCIOI)I'IS.

519 4873 571 4908 ιιι
612 4873 885 4908 Alliam-An
935 4872 1077 4908 Vnin
1154 4872 1461 4908 Διηὴοκυοζρ
1514 4872 1570 4908 1η
1612 4872 1750 4908 nnrlrl
1806 4872 1869 4908 M-

462 4873 571 4998 829)
602 4873 905 4954 Αὶνζιανός.
935 4872 1119 4941 Vulg.,
1146 4872 1480 4943 Αἰμιλιανός.
1514 4871 1571 4925 lu
1612 4872 1770 4926 codd.
1802 4870 1920 4925 Maz
1951 4911 1966 4935 ,

388 4944 464 5000 Fu
508 4982 549 5007 .,
585 4944 751 4997 δεινιι.
787 4952 843 4997 et
872 4942 1012 4997 Med.
1043 4943 1293 5008 Αἱλιανός
1334 4945 1550 5011 legitur.
1589 4942 1812 4995 Ruﬁnus
1834 4957 1968 5011 quo-

389 5029 498 5083 que
531 5014 808 5068 Αῖίίαηιιηι
838 5021 1017 5076 vocat,
1050 5026 1212 5081 atque
1253 5016 1328 5067 ita
1380 5012 1496 5067 fere
1536 5012 1870 5083 Ntrepltorns
1913 5022 1970 5065 et

392 5084 701 5157 Syncellus.
725 5083 995 5157 caeterum
1019 5084 1614 5157 Athanasius_in_libro_
1637 5082 1712 5135 De
1740 5083 1959 5157 synodi:

389 5153 617 5210 Arimini
665 5165 714 5206 et
770 5153 1047 5214 δείξαι-ἕω,
1086 5163 1314 5207 testatur
1357 5155 1408 5205 in
1448 5153 1551 5208 hac
1582 5153 1800 5222 Synodo
1851 5168 1953 5206 nx

390 5225 562 5279 fuisse
584 5226 774 5279 Patres
827 5223 922 5292 qui
960 5222 1184 5277 Paulum
1225 5223 1664 5278 Samosatensetn
1696 5223 1965 5290 deposue-

391 5305 537 5351 runt.

460 5363 574 5431 (20)
620 5364 970 5418 Ἐπίσκοποι
993 5361 1096 5415 καὶ
1131 5361 1519 5431 πρεσϐύτεροι
1546 5360 1644 5415 καὶ
1670 5360 1960 5423 διάκονοι,

388 5432 977 5502 καὶαιἘκκλησιάι.
1044 5432 1288 5486 Notanda
1343 5444 1428 5486 est
1483 5432 1747 5502 imprimis
1802 5433 1964 5499 hujus

388 5506 631 5574 epistolae
669 5500 976 5572 inscriptio,
1019 5518 1141 5570 quae
1165 5517 1272 5555 non
1323 5503 1499 5556 solum
1556 5500 1958 5574 episcoporum,

389 5570 484 5630 sed
524 5570 960 5644 presbyterorum
988 5584 1045 5628 et
1067 5576 1446 5644 diaconorum,
1479 5570 1963 5644 atqt_te_atleo_ple-

393 5646 479 5698 bis
511 5639 899 5712 ipsius'nomen
936 5643 1218 5712 praeﬁxum
1273 5642 1536 5696 continet.
1564 5639 1766 5712 Eodem
1802 5640 1965 5712 plane

389 5709 551 5769 modo
594 5715 651 5768 in
694 5717 840 5768 Actis
894 5709 1330 5782 C'artltanigensis
1369 5712 1579 5780 synodi,
1613 5711 1700 5764 cui
1748 5709 1964 5777 praefuit

388 5786 695 5854 Cyprianus
722 5799 735 5835 :
766 5783 898 5837 Cum
935 5785 991 5836 in
1023 5781 1188 5837 unum
1233 5781 1963 5854 Cartltagine__conuettissent

385 5851 615 5927 episcopi
672 5854 911 5925 plurimi,
948 5869 1070 5909 cum
1111 5855 1428 5923 presbyter"
1450 5862 1499 5906 et
1532 5851 1799 5915 diaconis,
1822 5864 1961 5919 pra:-

2070 4732 2125 4785 in
2156 4730 2388 4782 concilio
2413 4729 2768 4781 Eliheritano.

2135 4798 2249 4872 (21)
2274 4797 2429 4851 Οὐδὲ
2457 4798 2608 4865 πρὸς
2631 4796 2957 4872 aptiqsz
3001 4790 3237 4872 γράψας
3273 4790 3465 4872 αὐτῷ..
3486 4794 3644 4852 Falsa

2064 4864 2151 4925 est
2180 4864 2346 4936 igitur
2379 4882 2442 4923 ac
2482 4864 2824 4937 supposititia
2873 4864 3101 4932 epistula
3136 4864 3376 4937 Dionysii
3403 4864 3644 4920 Alexan-

2065 4935 2210 4995 drini
2241 4940 2309 4993 ad
2342 4935 2565 4990 Paulum
2601 4938 3226 5001 Satnosatensem,qu:e
3256 4935 3397 4987 edita
3446 4945 3531 4990 est
3586 4937 3642 4989 in

2067 5020 2214 5064 torno
2259 5008 2331 5061 XI
2361 5006 2703 5060 Bibliotheca:
2730 5016 3034 5056 sanctorum
3063 5000 3288 5057 Patrum
3320 5020 3423 5058 una
3459 5021 3582 5059 cum
3608 5021 3645 5061 Χ

2062 5078 2530 5149 propositionibus
2597 5075 2745 5149 Pauli
2790 5074 3273 5149 ἓιιηιομιεηεὶει,Δ
3302 5085 3358 5149 et
3399 5075 3643 5149 Dionysii

2061 5140 2129 5203 ad
2160 5140 2257 5204 eas
2288 5146 2752 5212 responsionihus.
2790 5142 2924 5213 Nam
2965 5140 3154 5196 Patres
3183 5142 3401 5213 quidem
3444 5140 3635 5199 Antio-

2062 5218 2218 5273 clteni
2256 5210 2498 5276 concilii,
2555 5215 2828 5268 allit‘tnant
2882 5210 3360 5283 Dionysitttttlnon
3421 5214 3644 5270 dedisse

2061 5290 2272 5345 litteras
2303 5287 2369 5339 ad
2425 5284 2688 5346 Paulum,-
2711 5283 2805 5337 sed
2855 5281 3063 5334 tantum
3091 5282 3156 5335 ad
3201 5281 3500 5337 Ecclesiam
3530 5285 3641 5336 An-

2061 5359 2417 5413 tiochensem.
2447 5353 2503 5408 In
2528 5354 2617 5409 illa
2655 5363 2831 5423 autem
2868 5352 3093 5423 epistola
3122 5352 3510 5423 quaeDionysii
3532 5366 3639 5423 no-

2060 5428 2207 5482 mine
2234 5426 2511 5497 publicata
2545 5431 2651 5487 est,
2688 5422 2975 5497 Dionysius
3004 5422 3089 5497 bis
3130 5421 3298 5476 Paulo
3351 5421 3641 5497 scripsisse

2061 5492 2278 5552 dicitur.
2318 5497 2425 5552 Sed
2475 5510 2575 5552 nec
2616 5494 2799 5563 Stylusr
2834 5492 3085 5561 epistola:
3114 5506 3201 5563 Aac
3247 5492 3637 5563 responsionis,

2059 5566 2287 5637 reliquis
2324 5566 2563 5636 Dionysii
2617 5561 2860 5637 scriptis
2894 5561 3202 5630 respondet.
3246 5561 3445 5637 itaque
3482 5574 3637 5637 _opus

2061 5628 2197 5692 illud
2224 5628 2590 5689 adulterinum
2631 5628 2771 5695 esse,
2811 5632 2882 5686 ob
2928 5628 3022 5686 eas
3062 5645 3198 5700 quas
3229 5628 3369 5683 dixi'
3394 5628 3638 5683 rationes

2058 5708 2194 5762 mihi
2225 5707 2545 5775 persuadeo,
2592 5702 2716 5775 licet
2754 5701 3018 5775 Baronius
3047 5714 3167 5755 eam
3218 5700 3506 5767 epistolam
3538 5715 3639 5770 pro

2057 5791 2187 5833 vera
2219 5771 2284 5829 ac
2305 5789 2571 5865 germana
2603 5771 2637 5825 h
2660 5772 2878 5825 ibuerit.

2134 5846 2242 5865 ΙΙ)οὶ
2336 5849 2353 5865 Δ
2373 5860 2477 5865 _---_
2527 5844 2643 5865 ._.-_.l
2662 5861 2682 5865 _
2739 5839 2862 5865 ..-μὶ

2130 5846 2244 5919 (22)
2305 5835 2477 5899 ’Ἄνευ
2523 5844 2684 5907 τινὸς
2733 5839 2867 5909 περὶ
2922 5837 3029 5893 τὸν
3080 5837 3267 5908 λόγον
3308 5835 3632 5908 λοιδορίας.

2658 6112 2685 6137 ς
