4220 6406
334 301 611 401 ἰιτι⁸

1397 332 1747 389 HISTORIA“.
1786 329 2346 386 ECCLESIASTICA‘.
2388 328 2513 383 LIB.
2558 328 2670 383 ΥΠ.

3552 330 3656 386 724

422 462 519 529 οὐχ
558 456 633 521 ὼς
660 456 894 528 Χριστοῦ
929 454 1199 527 μαθητὴς,
1235 452 1502 523 σήκρητόν
1537 468 1596 502 τε
1631 450 1740 520 (52)
1764 490 1779 513 ,
1805 449 1991 519 ὥσπερ
2022 458 2066 512 Α

1985 469 1991 497 ι
2022 458 2066 512 Α
2098 449 2277 503 studio
2330 459 2696 510 consectatur,
2744 448 2873 500 nihil
2921 446 3066 500 aliud
3099 462 3260 515 quam
3289 447 3501 501 inanem
3535 452 3651 517 glo-

423 554 472 605 οἰ
523 550 617 603 τοῦ
668 551 872 619 κόσμου
915 548 1170 619 ἄρχοντες
1195 586 1209 609 ,
1263 544 1399 614 ἔχων
1444 560 1504 595 τε
1552 544 1643 595 καὶ
1693 539 1988 610 ὀνομάζων,

431 640 603 694 παίων
635 639 693 691 δὲ
737 641 801 709 τῇ
845 639 987 710 χειρὶ
1032 637 1121 690 τὸν
1153 637 1355 708 μηρὸν,
1401 636 1494 689 καὶ
1536 635 1596 686 τὸ
1636 633 1783 703 βῆμα
1826 631 1993 703 ἀράτ-

425 748 533 785 των
593 732 705 792 τοῖς
768 729 935 790 ποσὶ,
999 728 1090 780 καὶ
1150 730 1262 790 τοῖς
1325 726 1398 798 μὴ
1466 724 1782 790 ἐπαινοῦσι,
1860 724 1990 793 μηδὲ

429 824 617 892 ῶσπερ
646 824 703 875 ὲν
723 824 835 884 τοῖς
864 820 1107 891 θεάτροις
1131 818 1468 873 κατασείουσι
1489 820 1605 879 ταῖς
1626 815 1834 878 ὀθόναις
1858 815 1991 885 (55),

433 913 555 984 μηδ’
585 909 815 965 ἐκϐοῶσί
837 927 896 961 τε
935 910 1027 961 καὶ
1059 906 1368 977 ἀναπηδῶσι
1411 905 1552 958 κατά
1585 905 1652 958 τὰ
1696 903 1835 957 αὐτὰ
1883 904 1992 965 τοῖς

429 1005 565 1074 ἀμφ’
627 1002 785 1056 αὑτὸν
833 999 1155 1062 στασιώταις
1197 999 1418 1069 ἀνδράσι
1468 1015 1526 1049 τε
1584 997 1678 1050 καὶ
1730 996 1989 1064 γυναίοις,

429 1094 687 1163 ἀκόσμως
716 1090 886 1154 οὕτως
918 1089 1304 1161 ἀκροωμένοις,
1333 1089 1444 1150 τοῖς
1472 1086 1515 1139 δ’
1545 1082 1635 1149 οὖν
1667 1086 1743 1149 ὡς
1767 1088 1823 1139 ὲν
1859 1085 1991 1155 οἴκῳ

431 1182 569 1237 Θεοῦ
609 1180 997 1254 σεμνοπρεπῶς
1030 1181 1123 1234 καὶ
1162 1179 1435 1240 εὐτάκτως
1462 1177 1769 1240 ἀκούουσιν,
1815 1178 1989 1229 ἐπιτι-

437 1272 551 1343 μῶν
585 1274 678 1327 καὶ
718 1271 1029 1344 ἐνυϐρίζων,
1061 1271 1155 1325 καὶ
1185 1273 1263 1333 εἰς
1293 1273 1418 1334 τοὺς
1449 1268 1779 1331 ἀπελθόντας
1804 1270 1868 1321 ἐκ
1895 1267 1989 1320 τοῦ

434 1360 551 1432 βίου
584 1360 768 1413 τούτου
809 1359 1074 1431 παροινῶν
1102 1357 1371 1429 ὲξηγητάς
1399 1359 1492 1412 τοῦ
1525 1358 1679 1426 λόγου
1722 1357 1992 1427 φορτικῶς

432 1454 495 1508 ὲν
521 1453 599 1524 τῷ
630 1450 812 1520 κοινῷ,
855 1451 950 1502 καὶ
977 1448 1465 1521 μγαλορῤημονῶν
1493 1451 1620 1520 περὶ
1647 1446 1861 1511 ἑαυτοῦ,
1892 1464 1991 1501 κα-

434 1541 612 1613 θάπερ
661 1542 762 1594 οὐκ
812 1539 1126 1607 ἐπίσκοπος,
1185 1541 1319 1594 ἀλλὰ
1374 1541 1633 1610 σοφιστὴς
1678 1538 1772 1593 καὶ¹
1826 1538 1985 1606 mg-

431 1633 680 1703 ψαλμοὺς
716 1632 773 1685 δὲ
802 1632 928 1696 τοὺς
974 1633 1072 1703 μὲν
1108 1635 1187 1696 εἰς
1228 1633 1318 1686 τὸν
1348 1632 1551 1703 Κύριον
1590 1629 1746 1701 ἡμῶν
1786 1628 1989 1699 Ἰησοῦν

432 1723 665 1795 Χριστὸν
710 1723 958 1787 παύσας,
997 1723 1073 1787 ὡς
1110 1723 1174 1794 δὴ
1222 1724 1519 1796 νεωτέρους
1574 1722 1668 1774 καὶ
1713 1721 1990 1792 νεωτέρων

2094 539 2227 590 riam
2254 549 2495 603 captans,
2524 546 2577 589 et
2596 552 2840 604 pompam
2862 534 3138 597 all'ectans,
3167 535 3651 603 atquehnjusmndi

2093 629 2299 681 artibus
2329 628 2538 680 animos
2570 629 2942 695 imperitorum
2993 628 3463 696 perterrefaciens.
3518 628 3651 683 Nam

2092 726 2146 770 et
2175 718 2408 770 tribunal
2433 728 2487 769 et
2512 718 2794 771 sublimem
2817 718 3093 781 thronum,
3127 732 3231 770 non
3261 728 3318 771 ιιι
3341 719 3540 773 Christi
3571 721 3656 772 di-

2093 808 2329 876 scipulus
2354 810 2453 862 sibi
2488 810 2597 876 ipse
2617 809 2935 875 construxit,
2955 817 3008 862 et
3032 818 3324 874 secretum,
3347 811 3565 878 perinde
3591 826 3654 864 ac

2093 899 2378 953 saeculares
2401 901 2768 968 magistratus,
2786 900 2857 952 ita
2872 900 3199 968 appellatum
3217 902 3426 953 habuit.
3441 902 3519 955 Ad
3539 902 3651 956 hrec

2092 988 2269 1042 femur
2298 1004 2455 1041 manu
2505 999 2785 1057 percutere
2816 999 2868 1042 et
2894 990 3129 1043 tribunal
3182 993 3407 1060 pedibus
3440 992 3654 1062 pulsare

2091 1080 2252 1149 281
2284 1079 2491 1132 solitus.
2528 1078 2630 1133 Eos
2648 1094 2778 1134 vero
2803 1080 2896 1148 qui
2925 1097 3029 1133 non
3059 1080 3358 1146 laudarent,
3388 1098 3486 1137 nec
3517 1085 3653 1137 utin

2093 1168 2322 1222 theatris
2368 1167 2482 1222 ﬁeri
2532 1168 2669 1224 solet
2702 1171 2878 1224 oraria
2917 1179 3289 1234 concuterent,
3330 1188 3504 1242 neque
3548 1190 3652 1227 una

2091 1277 2215 1315 cum
2240 1260 2543 1316 fautoribus
2567 1261 2758 1331 ipsius,
2787 1262 2919 1316 viris
2947 1277 3011 1317 ac
3036 1261 3370 1316 mulierculis
3403 1264 3656 1319 indecore

2091 1354 2521 1408 auscultantibus
2571 1353 2945 1408 exclamarent
2984 1362 3149 1423 atque
3206 1355 3504 1417 exsilirent,
3560 1357 3654 1411 Sed

2091 1463 2212 1501 cum
2239 1447 2504 1515 gravitate
2537 1461 2602 1499 ac
2637 1446 2901 1501 modestia
2924 1446 3065 1501 sicut
3096 1447 3148 1500 in
3178 1448 3337 1501 domo
3377 1448 3470 1507 Dei
3500 1449 3656 1505 decet

2090 1537 2363 1604 audirent,
2409 1538 2725 1607 increpabat
2766 1546 2820 1591 et
2865 1538 3206 1593 contumeliis
3254 1537 3539 1596 amt-iebat.
3592 1545 3657 1597 Et

2092 1627 2227 1683 alios
2256 1629 2469 1696 quidem
2507 1628 2641 1697 legis
2669 1640 2866 1684 nostras
2891 1631 3138 1686 doctores.
3158 1630 3268 1701 jam
3306 1636 3414 1688 vita
3441 1636 3658 1689 functos

2092 1719 2400 1787 petulanter
2434 1720 2486 1772 in
2516 1720 2779 1774 concione
2802 1721 3121 1778 lacerabat:
3156 1723 3222 1778 de
3252 1740 3310 1780 se
3331 1733 3511 1779 autem
3544 1726 3659 1793 ipse

422 1792 640 1884 ,ἀνδρῶν
691 1816 1115 1884 συγγράμματα,
1164 1792 1250 1877 εἰς
1301 1792 1488 1866 ἑαυτὸν
1535 1811 1592 1864 δὲ
1640 1813 1697 1864 ὲν
1744 1810 1880 1882 μέσῃ
1922 1813 1988 1881 τῇ
2021 1792 2065 1848 Β

2021 1792 2065 1848 Β
2098 1808 2380 1878 magnifice
2406 1809 2748 1878 loquebatur,
2783 1825 2888 1865 non
2928 1822 2989 1868 ut
3011 1829 3316 1884 episcopus,
3346 1817 3442 1870 sed
3484 1827 3543 1869 ut
3566 1792 3658 1868 so-

445 1903 758 1975 Ἐκκλησίᾳ,
789 1907 853 1976 τῇ
900 1903 1104 1975 μεγάλῃ
1126 1903 1219 1956 τοῦ
1249 1905 1440 1973 Πάσχα
1482 1902 1661 1973 ἡμέρᾳ
1690 1901 1997 1973 ψαλμῳδεῖν

431 1995 694 2058 γυναῖκας
725 1993 1174 2064 παρασκευάζων,
1204 1985 1277 2045 ὧν
1304 1993 1397 2046 καὶ
1429 1990 1663 2054 ἀκούσας
1685 1990 1749 2044 ἄν
1775 2008 1860 2054 τις
1884 1989 2001 2064 φρι-

425 2081 606 2150 ξειεν·
652 2082 739 2137 οἷα
785 2085 1036 2147 καὶτοὺς
1078 2083 1419 2155 θωπεύοντας
1470 2082 1629 2136 αὑτὸν
1670 2082 1999 2147 ἐπισκόπους

418 2175 542 2229 τῶν
571 2173 783 2247 ὁμόρων
817 2176 1000 2248 ἀγρῶν
1029 2176 1138 2244 (54)
1168 2193 1225 2227 τε
1264 2176 1357 2228 καὶ
1397 2173 1619 2238 πόλεων,
1651 2174 1744 2227 καὶ
1765 2173 2001 2244 πρεσϐυ-

417 2267 622 2337 τέρους
650 2268 705 2319 ὲν
732 2270 853 2330 ταῖς
880 2266 1016 2338 πρὸς
1049 2268 1137 2319 τὸν
1165 2266 1289 2319 λαὸν
1321 2264 1559 2334 ὁμιλίαις
1579 2264 1800 2335 καθίησι
1823 2263 1999 2318 διαλέ-

427 2359 655 2426 γεσθαι.
684 2358 786 2411 Τὸν
820 2359 915 2428 μὲν
935 2358 1042 2428 γὰρ
1066 2358 1190 2410 Υἱὸν
1218 2356 1311 2409 τοῦ
1343 2357 1475 2411 Θεοῦ
1509 2359 1568 2410 ού
1595 2354 1840 2427 βούλεται
1876 2373 1999 2409 συν-

414 2447 715 2518 ομολογεῖν
755 2446 812 2513 ἐξ
859 2447 1085 2519 ούρανοῦ
1115 2447 1551 2517 κατεληλυθέναι,
1594 2448 1677 2500 ἵνα
1705 2464 1756 2499 τι
1800 2445 2000 2516 προλα-

420 2540 620 2603 ϐόντες
645 2540 752 2593 τῶν
777 2538 1075 2609 μελλόντων
1099 2538 1475 2609 τραφήσεσθαι
1501 2537 1698 2608 θῶμεν·
1723 2538 1816 2590 καὶ
1842 2536 1999 2590 τοῦτο

420 2632 496 2684 οὐ
538 2631 680 2701 λόγῳ
731 2628 871 2700 ψιλῷ
924 2628 1236 2700 ῥηθήσεται,
1294 2629 1406 2682 ἀλλ’
1444 2628 1503 2694 ἐξ
1547 2626 1621 2683 ὧν
1675 2628 1999 2699 ἐπέμψαμεν

424 2722 837 2792 ὑπομνημάτων
869 2721 979 2791 (55)
1005 2721 1275 2789 δείκνυται
1309 2720 1658 2790 πολλαχόθεν,
1681 2721 1779 2791 οὐχ
1800 2720 1999 2790 ἥκιστα

423 2814 497 2884 δὴ
540 2814 671 2866 ὅπου
718 2812 863 2880 λέγει
909 2812 1114 2883 Ἰησοῦν
1147 2813 1381 2884 Χριστὸν
1421 2812 1685 2866 κάτωθεν.
1727 2811 1791 2863 Οἱ
1830 2810 1886 2863 δὲ
1918 2811 1998 2873 εἰς

426 2906 595 2959 αὐτὸν
618 2905 910 2974 ψάλλοντες
949 2905 1042 2958 xui.
1074 2903 1511 2975 ἐγκωμιάζοντες
1536 2906 1593 2956 ἐν
1614 2902 1692 2974 τῷ
1722 2901 1856 2972 λαῷ,
1901 2902 1999 2969 ἄγ-

427 2992 590 3061 ⁶γελον
616 2992 706 3045 τὸν
732 2993 903 3062 ἀσεῧῆ
926 2992 1241 3046 διδάσκαλον
1271 2994 1474 3046 ἑαυτῶν
1498 2992 1557 3057 ἐξ
1582 2992 1810 3063 οὐρανοῦ
1834 3008 1996 3045 κατε-

427 3083 717 3155 ληλυθέναι
748 3084 981 3152 λέγουσι.
1016 3085 1125 3137 Καὶ
1177 3084 1350 3138 ταῦτα
1377 3087 1438 3138 οὐ
1467 3084 1684 3146 κωλύει,
1727 3083 1862 3137 ἀλλά
1904 3083 1996 3137 καὶ

428 3174 744 3245 λεγομένοις
778 3176 1038 3246 πάρεστιν
1065 3179 1093 3228 ὁ
1122 3178 1485 3248 ὑπερήφανος.
1524 3177 1634 3240 Τὰς
1669 3178 1724 3231 δὲ
1754 3176 2000 3229 συνεισά-

430 3283 596 3328 οιτους
644 3266 753 3337 (56)
798 3267 959 3320 αὐτοῦ
998 3271 1283 3335 γυναῖκας,
1337 3269 1410 3330 ὡς
1468 3269 1756 3340 Ἀντιοχεῖς
1801 3267 2000 3338 ὀνομά-

436 3442 564 3496 dunt
611 3443 798 3496 Patres
842 3444 1157 3499 Autioclteni
1190 3443 1400 3499 concilii
1437 3445 1487 3497 in
1528 3440 1697 3498 Paulo
1735 3446 1985 3511 episcopo

434 3512 758 3577 Antiocbim,
796 3527 897 3565 non
936 3516 1076 3580 quod
1102 3515 1352 3567 thronum
1390 3513 1661 3569 habuerit.
1706 3514 1816 3567 lloc
1840 3516 1982 3567 enim

434 3581 649 3648 insigne
678 3592 796 3634 erat
825 3582 1221 3650 episcoporum,
1250 3595 1308 3636 ut
1355 3584 1405 3635 in
1441 3583 1638 3635 throno
1681 3597 1774 3637 seu
1807 3584 1989 3637 cathe-

436 3649 836 3720 drasederent.
868 3651 966 3715 Qui
993 3649 1233 3718 mosjam
1264 3654 1384 3706 inde
1415 3653 1483 3705 ab
1514 3652 1822 3720 apostolicis
1849 3662 1991 3704 tem-

474 3719 660 3772 oribus
694 3719 996 3774 invaluerat
1027 3723 1080 3774 in
1111 3722 1368 3776 Ecclesia.
1401 3719 1559 3774 Certe
1591 3720 1775 3775 Jacobi
1809 3722 1990 3775 fratris

460 3787 651 3842 )omiui
695 3789 964 3860 thronum,
1014 3791 1400 3860 Hierosolymis
1453 3790 1628 3844 adhuc
1683 3806 1776 3845 sua
1830 3801 1991 3845 :etate

431 3869 710 3911 servatum
748 3859 913 3916 fuisse
943 3869 1172 3917 testatur
1194 3859 1458 3914 Eusebius
1490 3861 1540 3913 in
1573 3863 1749 3927 capite
1783 3861 1866 3922 18,
1895 3876 1988 3914 su-

436 3942 556 3995 pra.
588 3929 642 3981 ld
678 3930 839 3997 igitur
868 3933 919 3984 in
962 3932 1125 3987 Paulo
1158 3940 1421 3986 damnant
1464 3930 1746 3985 memorati
1778 3930 1988 3992 Patres,

438 3999 579 4065 quod
612 4000 839 4052 tritmnal
891 4002 991 4054 sibi
1038 4005 1241 4056 exstrui
1289 4011 1532 4055 curasset
1563 4000 1615 4055 in
1650 3999 1910 4063 ecclesia,
1939 4010 1993 4052 et

440 4067 494 4138 in
515 4082 579 4119 eo
606 4069 852 4121 thronum
878 4071 1158 4125 sublimem
1181 4072 1282 4126 sibi
1303 4071 1596 4124 statuisset.
1627 4071 1794 4125 Recte
1816 4070 1995 4138 itaque

439 4137 664 4190 ﬂuiinus
697 4140 838 4192 hunc
871 4139 1047 4193 locum
1082 4142 1152 4194 ita
1176 4141 1370 4195 vertit:
1398 4140 1463 4193 In
1488 4140 1706 4193 ecclesia
1734 4156 1848 4193 vero
1888 4137 1989 4193 tri-

437 4206 598 4258 bunal
633 4209 732 4259 sibi
763 4208 924 4279 multo
952 4210 1114 4263 altius
1142 4226 1300 4279 quam
1328 4210 1498 4279 fuerat
1523 4212 1741 4273 exstrui,
1770 4220 1818 4262 et
1848 4212 1993 4264 thro-

439 4289 564 4348 num
606 4281 663 4328 in
707 4277 1075 4348 excelsioribus
1104 4277 1352 4332 collocari
1372 4277 1544 4348 jubet.
1598 4280 1844 4347 Episcopi
1874 4281 1991 4348 qui-

438 4343 560 4417 dem
588 4347 847 4417 sedebant
877 4347 929 4400 in
958 4349 1217 4404 cathedra
1250 4343 1406 4417 paulo
1438 4343 1829 4417 altiore—quam
1874 4343 1994 4404 r'eli-

2095 1899 2273 1966 pbista
2308 1900 2525 1969 quidam
2564 1909 2619 1955 et
2659 1902 2941 1970 impostor.
2972 1906 3111 1973 Quin
3141 1908 3304 1962 etiam
3341 1909 3578 1977 psalmos
3606 1911 3657 1964 in

2097 1989 2360 2045 honorem
2414 1991 2624 2046 Domini
2678 1990 2807 2050 Jesu
2834 1996 3037 2052 Christi
3084 1997 3205 2052 cani
3255 1999 3463 2064 solitos,
3504 2004 3659 2069 quasi

2097 2079 2339 2135 novellos
2367 2089 2423 2135 et
2465 2095 2497 2135 a
2549 2084 2945 2139 recentioribu's
2988 2084 3296 2140 hominibus
3324 2089 3661 2156 compositos

2099 2170 2353 2226 abolevit.
2382 2170 2636 2228 Mulieres
2659 2184 2839 2230 autem
2876 2191 3072 2245 magno
3105 2175 3327 2233 Pascbse
3348 2178 3435 2233 die
3465 2181 3518 2233 in
3547 2195 3663 2234 me-

2098 2265 2184 2319 dia
2207 2264 2440 2320 ecclesia
2474 2265 2716 2334 psalmos
2749 2270 3009 2337 quosdam
3036 2283 3233 2324 canere
3267 2270 3334 2324 ad
3372 2271 3457 2325 sui
3489 2271 3662 2340 ipsius

2096 2353 2307 2408 laudem
2349 2355 2614 2424 instituit;
2658 2359 2799 2427 quod
2828 2359 3043 2428 quidem
3076 2360 3419 2415 audientibus
3468 2363 3663 2418 horro-

2098 2460 2213 2499 rem
2235 2445 2427 2501 merito
2452 2447 2758 2504 iucusserit.
2791 2449 3085 2519 Episcopos
3113 2465 3327 2519 quoque
3354 2451 3663 2506 vicinorum

2097 2551 2357 2605 pagorum
2385 2547 2441 2593 et
2480 2539 2763 2594 civitatum
2784 2580 2800 2604 ,
2840 2556 2942 2596 nec
2975 2556 3081 2596 non
3114 2550 3168 2597 et
3199 2543 3546 2614 presbyteros
3574 2561 3665 2600 as-

2098 2635 2400 2681 sentatores
2450 2643 2581 2684 suos
2627 2631 2900 2695 submisit,
2930 2631 3022 2701 qui
3058 2632 3109 2684 in
3152 2632 3266 2687 suis
3310 2633 3378 2687 ad
3408 2633 3666 2703 populum

2098 2717 2452 2774 concionihus
2473 2721 2660 2775 eadem
2687 2719 2753 2775 de
2777 2721 2894 2790 ipso
2921 2722 3300 2790 praedicarent.
3324 2722 3537 2777 Etenim
3569 2723 3664 2779 Fi-

2102 2808 2231 2863 lium
2261 2809 2356 2865 Dei
2391 2825 2422 2865 e
2445 2811 2586 2866 coelo
2618 2813 2965 2867 descendisse
2994 2813 3274 2869 nobiscum
3304 2814 3551 2870 confiteri
3580 2832 3667 2871 re-

2099 2900 2237 2964 nuit,
2262 2911 2324 2955 ut
2354 2901 2555 2972 aliquid
2583 2901 2758 2957 obiter
2783 2904 3176 2971 praemittamus
3200 2919 3266 2960 ex
3291 2905 3357 2961 iis
3380 2923 3499 2977 quae
3523 2906 3666 2963 infra

2098 2991 2320 3047 uberius
2353 3005 2714 3060 exponentur.
2763 2991 2947 3063 Neque
2996 2994 3049 3047 id
3091 2994 3321 3064 simplici
3366 2999 3668 3053 assertione

2102 3091 2309 3151 nostra,
2347 3085 2439 3138 sed
2474 3099 2539 3139 ex
2571 3084 2701 3153 ipsis
2729 3099 2847 3153 qua:
2880 3084 2946 3139 ad
2974 3099 3068 3140 vos
3090 3084 3335 3141 misimus
3358 3090 3522 3155 gestis
3554 3105 3664 3144 non

2103 3173 2274 3229 semel
2321 3173 2645 3239 declaratur,
2700 3174 2936 3229 maxime
2984 3190 3113 3229 vero
3169 3175 3259 3230 ubi
3313 3177 3445 3231 dicit
3480 3177 3666 3233 Jesum

2105 3266 2376 3322 Christum
2407 3283 2437 3323 e
2466 3278 2608 3322 terra
2643 3276 2821 3323 ortum
2869 3266 3057 3323 fuisse.
3089 3269 3159 3321 At
3201 3282 3330 3322 vero
3362 3269 3437 3322 illi
3486 3275 3578 3339 qui
3612 3272 3663 3324 in

2095 3459 2243 3498 mum
2284 3443 2524 3499 omnium
2584 3444 2759 3497 oraria
2810 3443 3020 3498 dedisse
3069 3442 3271 3511 populo
3309 3443 3552 3497 Romano
3596 3445 3665 3497 ad

2092 3513 2355 3567 favorem.
2379 3513 2702 3567 Aurelianus
2730 3512 2891 3580 igitur
2924 3514 2974 3565 id
3000 3520 3283 3577 acceperat
3304 3513 3374 3565 ab
3403 3513 3655 3567 0rienta~

2099 3582 2259 3643 libus,
2308 3583 2400 3651 qui
2450 3583 2608 3652 longe
2659 3592 2786 3635 ante
2834 3584 3006 3650 ipsmn
3054 3583 3251 3652 orariis
3283 3584 3349 3635 ad
3387 3598 3505 3635 eam
3547 3599 3662 3636 rem

2098 3650 2418 3715 utebantur,
2467 3662 2521 3705 ut
2548 3650 2729 3705 'docet
2769 3652 2856 3705 hic
2905 3654 3072 3715 locus,
3105 3659 3154 3703 et
3200 3650 3563 3705 Philostratus
3607 3654 3663 3706 in

2096 3736 2218 3788 cap.
2252 3722 2308 3785 5,
2337 3722 2431 3775 lib.
2466 3736 2481 3773 1
2514 3720 2588 3774 De
2616 3723 2720 3773 vita
2775 3720 3056 3787 Apollonii,
3082 3725 3306 3789 loquens
3330 3721 3395 3774 de
3429 3721 3668 3776 Tarsen-

2097 3789 2270 3851 sibus,
2299 3802 2352 3844 et.
2384 3792 2477 3845 Dio
2500 3790 2591 3843 lib.
2622 3805 2709 3843 LXI
2741 3790 2793 3843 in
2831 3791 2956 3843 fine.

2167 3859 2281 3929 (54)
2325 3854 2722 3925 Ἑπισκόπους
2749 3858 2867 3912 τῶν
2909 3858 3140 3928 ὁμόρων
3180 3856 3397 3926 ἀγρῶν,
3455 3859 3663 3915 Chore-

2098 3928 2347 4005 piscopos
2384 3930 2697 4005 intelligere
2753 3930 2985 4005 videtur.
3030 3929 3143 4005 Eos
3168 3934 3333 4005 enim
3362 3929 3667 4005 distinguit

2097 3999 2323 4070 epistola
2346 3998 2416 4070 ab
2449 3997 2724 4070 episcopis
2744 3999 2991 4070 Aut-hinni.
3028 3997 3138 4055 Hos
3164 4003 3330 4070 igitur
3359 4004 3410 4055 in
3446 3997 3665 4060 concio-

2102 4068 2260 4138 nibus
2294 4066 2675 4138 adgpopulum,
2712 4066 2914 4121 similia
2958 4089 3021 4126 ac
3061 4066 3312 4126 mulieres
3356 4073 3474 4126 illas
3517 4075 3664 4138 psal-

2100 4136 2236 4210 trias
2270 4138 2337 4191 de
2366 4136 2531 4192 Paulo
2556 4138 3038 4210 dixisseasserunt
3075 4141 3283 4205 Patres,
3319 4144 3461 4210 quod
3498 4136 3663 4197 Chri-

2096 4207 2493 4264 stonhorsonus
2516 4221 2622 4260 non
2647 4205 2936 4264 intellexit.

2167 4274 2281 4348 (35)
2321 4274 2798 4348 Ὺᾳομηυιάτων.
2848 4279 3001 4346 Quod
3031 4293 3190 4347 supra
3226 4280 3658 4343 observavimus,

2095 4345 2281 4401 errare
2310 4345 2476 4418 vulgo
2501 4347 2827 4416 interpretes
2859 4345 2913 4403 in
2946 4345 3116 4418 hujus
3133 4352 3289 4418 vocis
3339 4351 3661 4418 explicatio-

431 4413 530 4483 qui
580 4416 900 4486 presbyteri,
924 4426 983 4470 ut
1010 4413 1475 4473 dicernus’adiib.
1515 4433 1544 4470 x
1570 4457 1585 4479 ,
1621 4413 1713 4471 sed
1761 4417 1991 4472 tribunal
2026 4413 2070 4467 Β
2097 4432 2184 4486 ne,
2216 4418 2269 4471 id
2301 4413 2659 4486 perspicuum
2683 4418 2742 4470 ﬁt
2776 4418 2877 4472 hoc
2909 4413 3049 4472 loco.
3096 4417 3232 4471 Nam
3278 4427 3333 4471 et
3363 4413 3576 4486 Langus
3605 4430 3662 4471 et

434 4496 545 4558 non
579 4485 866 4558 habebant.
892 4485 1079 4542 Postea
1109 4502 1235 4541 vero
1272 4487 1613 4558 invaluerunt
1644 4487 1842 4558 absida:
1870 4504 1996 4558 gra-

439 4553 579 4625 data;
606 4565 659 4606 et
689 4556 963 4625 exhedrae,
995 4559 1060 4609 de
1104 4558 1298 4624 quibus
1340 4557 1660 4611 Ambrosius
1698 4553 1996 4625 loquuntur

436 4628 496 4671 et
553 4623 886 4690 Augustinus
934 4644 947 4679 :
993 4623 1132 4693 quae,
1176 4628 1392 4695 quidem
1428 4641 1458 4679 a
1491 4628 1746 4680 tribunali
1774 4623 1995 4697 parum

438 4687 775 4744 differebant.

479 4701 775 4747 merchant.

509 4758 801 4831 (52)_Vulg.
830 4760 1136 4831 σήκρητον
1153 4762 1222 4818 δέ
1245 4774 1297 4818 et
1326 4779 1449 4818 mox
1478 4765 1672 4818 παίων
1697 4782 1780 4818 τε.
1814 4764 1868 4818 1η
1903 4778 1997 4820 co-

436 4820 559 4908 dice
604 4820 779 4908 Mam;
799 4820 1034 4908 Μθᾲξιιὶ
1073 4834 1206 4908 Fuit.
1247 4835 1438 4908 legitur
1462 4835 1734 4908 σήκρητόν
1771 4851 1863 4908 τε,
1907 4851 1994 4889 re-

438 4900 875 4973 ctius_ut0pinor.
894 4900 997 4956 Sed
1020 4919 1140 4957 mox
1161 4900 1439 4973 legen‘dum
1461 4900 1545 4958 est
1564 4900 1737 4957 παίων
1765 4904 1843 4967 δέ,
1867 4919 1994 4969 ηοιι,

438 4967 879 5046 utvulgoedittim
893 4982 995 5046 est,
1012 4989 1090 5025 τε.
1110 4967 1262 5046 tam}
1290 4973 1596 5046 locum_non
1619 4967 1998 5046 intellegerunt

439 5040 759 5104 interpretes
790 5042 1060 5096 Musculus
1111 5054 1165 5096 et
1218 5040 1767 5109 Christophorsonus.
1798 5042 1996 5098 Secre’

438 5113 552 5181 tum
586 5110 860 5181 proprium
912 5121 1029 5163 erat
1061 5113 1475 5180 magistratuum
1511 5122 1566 5165 et
1597 5113 1864 5181 majorum
1900 5112 1993 5181 ju-

439 5174 646 5255 dicum;
683 5174 834 5234 locus
875 5180 1083 5255 scilicet
1131 5174 1358 5255 interior
1387 5174 1699 5255 _pra:torii,'
1735 5174 1996 5255 cancellis

438 5248 699 5321 munitus,
733 5263 797 5321 ac
827 5248 959 5321 velis
988 5250 1243 5317 obpansis
1293 5248 1555 5314 inclusus,
1589 5251 1643 5304 in
1682 5265 1791 5321 quo
1820 5252 1995 5320 magi-

438 5318 976 5390 stratuisedehaut,
1023 5323 1147 5373 dum
1180 5334 1394 5375 reorum
1444 5332 1645 5390 causas
1696 5318 1998 5390 cognosce-

438 5383 741 5507 ggusgide
766 5401 887 5456 qua:
914 5389 1094 5444 notavi
1128 5390 1196 5444 ad
1236 5391 1415 5445 Amm.
1444 5387 1742 5444 Marcellini
1767 5383 1872 5445 lib.
1901 5404 1994 5455 xv,

435 5463 560 5522 pag.
582 5463 671 5509 87.
1730 5478 1733 5483 ⁴

506 5522 635 5597 (55)-
650 5525 1046 5581 Κᾱτασείουσι
1073 5527 1204 5593 ταῖς
1227 5528 1483 5594 ὀθόναις.
1507 5527 1760 5582 Solebant
1789 5527 1917 5583 olim
1943 5528 1997 5582 in

440 5588 1034 5668 theatris_s_pectatores
1075 5600 1127 5651 in
1156 5588 1370 5668 signum
1410 5588 1614 5652 favoris
1646 5600 1826 5668 orat-ia
1861 5613 1997 5651 con-

436 5669 640 5734 cutere.
685 5663 816 5718 Vide
853 5681 972 5734 qua:
1001 5663 1585 5725 notavit'Casaubonus
1611 5670 1676 5720 ad
1705 5666 1996 5734 Vopiscam

437 5681 640 5715 tmere.
691 5681 816 5718 vute
892 5682 972 5719 uae
1001 5681 1205 5721 notavtt
1231 5681 1585 5725 uasaubonus
1611 5681 1676 5720 au
1713 5681 1996 5734 vopiscnm

437 5726 493 5784 in
531 5681 979 5790 Aurelianoﬁlbi
1015 5736 1277 5807 Vopiscus
1319 5738 1453 5792 dicit
1499 5737 1850 5793 Aurelianum
1885 5740 2000 5815 prif

713 5822 987 5888 Ρλτιιοι..
1034 5826 1153 5890 Gn.
1197 5829 1343 5892 XX.

2095 4484 2370 4541 Musculus
2408 4484 2464 4541 et
2492 4486 3023 4554 Cbristophorsonus
3063 4488 3463 4539 commentarios
3488 4484 3660 4541 inter-

2096 4556 2292 4624 pretati
2350 4565 2496 4621 sunt,
2549 4571 2673 4611 cum
2724 4566 2842 4610 acta
2870 4571 2966 4611 seu
3012 4566 3157 4624 gesta
3203 4567 3414 4608 vertere
3452 4556 3662 4609 debuis-

2095 4636 2234 4680 sent.
2301 4625 2435 4679 Acta
2490 4625 2818 4695 autemrilla
2872 4626 3073 4695 synodi
3114 4624 3476 4695 Antiocheam
3522 4626 3657 4679 nihil

2095 4694 2238 4749 aliud
2265 4704 2423 4749 erant
2455 4709 2618 4763 quam
2674 4692 2977 4763 disputatio
3027 4692 3342 4747 Malchionis
3393 4694 3658 4763 adversus

2095 4764 2318 4817 Paulum
2357 4762 2934 4832 Samosatenum,qu:e
2963 4778 3010 4832 ari
3037 4764 3263 4817 notariis
3293 4773 3516 4831 excepta
3543 4762 3660 4818 fue-

2096 4842 2205 4896 rat,
2228 4844 2285 4888 ut
2310 4848 2480 4902 supra,
2499 4834 2635 4887 dixit
2662 4831 2944 4887 Eusebius.
2975 4831 3051 4885 Ex
3078 4833 3142 4885 iis
3170 4833 3318 4902 Actis
3349 4832 3657 4887 testimonia

2096 4904 2336 4972 quedam
2359 4901 2564 4970 profert
2589 4903 2850 4958 Leontius
2876 4903 3164 4972 Byzantius
3190 4903 3242 4955 in
3274 4901 3369 4958 lib.
3420 4916 3481 4955 ιιι
3520 4902 3658 4955 Con-

2097 4980 2189 5041 tra,
2221 4968 2552 5036 Nestorium,
2596 4987 2767 5040 eaque
2811 4968 3143 5041 distinguere
3170 4973 3381 5024 videtur
3414 4986 3443 5023 a
3476 4973 3658 5041 dispu-

2100 5040 2303 5095 tatione
2338 5041 2653 5096 Malchionis
2682 5051 2869 5096 contra
2900 5040 3153 5105 Paulum,
3197 5041 3289 5095 ubi
3337 5042 3501 5094 etiam
3559 5040 3674 5095 do-‘

2097 5118 2217 5163 ctus
2243 5111 2511 5177 interpres
2543 5113 2945 5164 commentarios
2977 5111 3163 5165 vertit.

2167 5178 2281 5249 (56)
2313 5178 2772 5246 Συνεισάκτους.
2794 5181 2931 5249 Quid
2961 5189 3145 5235 essent
3178 5177 3517 5234 συνείσακτοι
3540 5193 3658 5233 ιπιιι-

2096 5248 2281 5313 lieres,
2304 5249 2416 5318 jam
2442 5251 2649 5318 pridem
2678 5252 2883 5304 notavit
2908 5248 3145 5305 Joannes
3200 5249 3415 5319 Langus
3447 5251 3529 5301 vir
3555 5249 3658 5302 do-

2097 5319 2372 5372 ctissimus
2398 5321 2464 5372 ad
2503 5319 2702 5372 librum
2731 5335 2783 5373 vr
2842 5319 3130 5387 Nicephori
3162 5334 3294 5387 cap.
3314 5319 3403 5384 50,
3429 5327 3484 5371 et
3525 5326 3659 5387 post

2098 5332 2372 5372 cussunus
2398 5332 2464 5372 au
2503 5332 2702 5372 uorum
2731 5335 2783 5373 vr
2843 5332 3130 5387 mcepnon
3162 5334 3279 5386 cap.
3315 5332 3403 5384 au,
3429 5332 3484 5371 et
3571 5332 3657 5370 ost

2098 5388 2247 5442 illum
2286 5388 2482 5442 Beatus
2514 5388 2811 5442 Rhenanus
2836 5389 2902 5443 ad
2927 5388 3128 5444 librum
3166 5403 3237 5441 vn
3267 5385 3467 5439 Rufini.
3504 5332 3657 5452 ΟΡυο-

2098 5472 2219 5511 rum
2244 5457 2416 5511 doctis
2443 5459 2912 5513 observationibus
2940 5456 3075 5512 nihil
3101 5469 3184 5512 est
3208 5457 3350 5526 quod
3374 5455 3655 5510 addamus.

2100 5526 2419 5597 Huiusmodi
2472 5527 2727 5581 mulieres
2750 5544 2779 5579 a
2814 5528 3028 5582 clericis
3061 5528 3222 5597 vulgo
3257 5539 3472 5597 sorores
3495 5537 3659 5597 _voca-_

2098 5598 2318 5652 bantur.
2351 5593 2413 5649 Id
2448 5612 2532 5649 me
2573 5597 2756 5651 docuit
2788 5612 2958 5651 canon
2984 5598 3017 5649 5
3069 5593 3279 5650 (ιοιῐοὶιὶὶ
3308 5594 3530 5653 Nicami,
3564 5593 3655 5659 qui

2100 5667 2154 5718 in
2195 5666 2561 5719 vetustissimo
2596 5668 2783 5721 codice
2828 5667 3141 5720 Cor-beiensi
3173 5667 3314 5719 hanc
3368 5665 3532 5714 habet
3576 5666 3660 5713 tn-

2101 5736 2449 5806 scriptionem
2481 5751 2495 5789 :
2523 5734 2604 5792 De
2664 5736 3096 5805 subintroduclis,
3145 5736 3197 5790 id
3250 5740 3349 5797 est,
3397 5731 3659 5801 adoptivis

3353 5821 3432 5885 23
