4220 6400
540 309 644 364 7ιῦ

1246 308 1516 366 EUSEBII
1556 310 2036 367 CASSARIENSIS
2074 310 2226 368 OPP.
2268 310 2448 366 PARS
2485 311 2526 369 Ι.
2569 343 2630 354 -
2676 309 3066 368 HlS’l‘ORlCA.

3699 309 3805 363 7i5

483 441 489 474 ε
532 425 652 493 ejus
680 427 944 481 honorem
974 425 1210 495 psalmos
1242 440 1466 494 canunt,
1489 440 1544 486 et
1567 445 1751 485 coram
1773 432 1973 502 populo
1993 447 2116 487 eum

2223 431 2398 496 ζουσι,
2435 431 2530 484 καὶ
2568 429 2676 484 τῶν
2711 435 2841 502 περὶ
2881 432 3044 486 αὑτὸν
3077 429 3461 503 πρεσϐυτέρων
3493 431 3589 485 καὶ
3621 431 3805 486 διακό-

472 580 483 594 ⁸
534 518 921 587 depraedicant,
957 517 1134 587 ipsum
1165 535 1327 589 quem
1368 521 1663 591 impietatis
1687 522 1968 579 doctorem
2012 525 2110 579 ha-

533 608 796 672 buerunt,
849 611 1101 680 angelum
1155 625 1277 666 esse
1324 613 1512 668 dicunt
1560 630 1592 669 e
1631 615 1774 670 cmlo
1803 615 2105 685 delapsum.

533 697 708 770 Atque
738 701 850 755 haec
879 700 965 756 ille
987 703 1229 758 omnium
1253 704 1532 759 hominum
1561 706 1982 775 superbissimus
2000 722 2109 762 non

533 792 802 860 prohibet,
831 794 924 848 sed
957 795 1186 850 interest
1221 797 1335 865 ipsc
1367 811 1492 852 cum
1523 798 1806 854 dicuntur.
1855 799 1993 866 Quid
2024 800 2110 853 hic

533 883 740 939 referre
763 885 1497 955 attinetsubintroductas,ut
1523 890 1849 946 Antiocheni
1882 901 2105 956 vocant,

532 975 805 1041 mulieres,
856 987 964 1032 tam
998 978 1167 1046 ipsius
1196 995 1360 1048 quam
1410 981 1852 1051 presbyterorum
1890 982 2008 1051 ejus
2045 998 2109 1038 ac

529 1067 923 1124 diaconorum?
950 1069 1004 1124 in
1035 1071 1238 1139 quibus
1281 1087 1388 1126 non
1438 1073 1540 1126 hoc
1589 1071 1784 1138 solum,
1815 1074 1910 1127 sed
1939 1073 2104 1129 etiam

532 1157 632 1211 alia
670 1158 993 1213 insanabilia
1054 1159 1308 1224 crimina,
1356 1174 1591 1229 quorum
1624 1163 1882 1218 conscius
1923 1172 2008 1218 est
2052 1175 2108 1220 et

529 1263 758 1318 quorum
777 1252 923 1320 ipsos
947 1265 1069 1306 reos
1089 1265 1211 1307 esse
1237 1253 1494 1317 convicit,
1516 1252 1870 1308 nihilominus
1895 1255 2027 1324 tegit
2042 1271 2107 1311 ac

529 1341 856 1406 dissimulat,
881 1351 938 1395 ut
959 1340 1080 1398 illos
1105 1343 1207 1398 sibi
1231 1342 1494 1399 obnoxios
1521 1345 1716 1400 habeat
1740 1363 1753 1400 :
1784 1355 1951 1416 utque
1977 1349 2102 1402 dum

528 1434 633 1488 sibi
663 1435 796 1504 ipsis
827 1445 1098 1502 metuunt,
1134 1436 1307 1507 ipsum
1339 1437 1412 1492 ob
1447 1451 1509 1491 ea
1540 1452 1661 1508 qua:
1697 1439 1859 1509 impie
1899 1434 2012 1511 agit
2039 1457 2105 1496 ac

530 1525 774 1594 loquitur
795 1541 1056 1583 accusare
1086 1543 1192 1582 non
1223 1529 1478 1584 audeant.
1521 1532 1600 1584 Ad
1635 1533 1749 1588 inec
1776 1533 1983 1590 divitiis
2011 1551 2105 1591 eos

530 1616 898 1686 locupletavit.
934 1618 1098 1688 Cujus
1123 1621 1201 1677 rei
1229 1636 1394 1677 causa
1432 1622 1591 1678 abiis
1617 1625 1707 1693 qui
1742 1625 1870 1680 talia
1901 1643 2102 1683 concu-

530 1709 747 1774 piscunt
779 1721 992 1765 amatur
1023 1722 1187 1782 atque
1206 1714 1519 1782 suspicitur.
1561 1715 1725 1782 Quid,
1763 1718 2099 1789 inquam,at-

2219 541 2346 588 νων,
2377 518 2460 587 οἷς
2491 524 2585 576 καὶ
2610 523 2768 576 τοῦτο
2800 525 2894 576 καὶ
2925 522 2994 575 τὰ
3025 522 3160 576 ἄλλα
3195 523 3572 593 ἁμαρτήματα
3603 523 3802 578 ἀνίατα

2217 615 2346 669 ὄντα
2379 615 2736 686 συγκρύπτει,
2767 616 3018 680 συνειδὼς
3052 616 3146 668 καὶ
3177 615 3402 683 ἐλέγξας
3423 616 3573 681 ὅπως
3600 617 3800 680 αὐτοὺς

2219 707 2500 778 ὑπόχρεως
2547 707 2667 778 ἔχῃ,
2721 708 2846 778 περὶ
2880 700 2953 760 ὧν
2995 706 3172 774 λόγοις
3225 709 3320 760 καὶ
3367 705 3549 777 ἔργοις
3597 705 3798 768 ἀδικεῖ,

2219 798 2296 868 μὴ
2340 798 2651 870 τολμῶντας
2698 801 3020 868 κατηγορεῖν
3063 797 3139 868 τῷ
3179 797 3297 850 καθ’
3343 797 3572 860 ἑαυτοὺς
3612 796 3795 867 φόδῳ·

2216 890 2354 943 ἀλλὰ
2396 892 2488 943 καὶ
2521 890 2805 954 πλουσίους
2839 891 3142 959 ἀπέφηνεν·
3186 889 3270 958 ἐφ’
3316 882 3361 958 ᾧ
3403 887 3541 960 πρὸς
3573 883 3683 942 τῶν
3725 889 3799 944 τὰ

2214 981 2439 1037 τοιαῦτα
2477 983 2779 1054 ζηλούντων
2820 982 3050 1050 φιλεῖται
3099 983 3192 1034 καὶ
3239 980 3608 1051 θαυμάζεται·
3643 979 3696 1033 τί
3727 980 3796 1034 ἂν

2214 1075 2386 1128 ταῦτα
2431 1077 2769 1146 γράφοιμεν;
2841 1073 3211 1143 Ἐπιστάμεθα
3247 1073 3324 1136 δὲ,
3371 1072 3666 1143 ἀγαπητοὶ,
3709 1073 3797 1126 ὅτι

2213 1169 2305 1222 τὸν
2351 1169 2645 1222 ἐπίσκοπον
2685 1169 2780 1220 καὶ
2825 1167 2885 1219 τὸ
2939 1168 3200 1237 ἱερατείον
3248 1166 3396 1219 ams
3442 1165 3794 1237 παράδειγμα

2212 1254 2352 1313 εἶναι
2394 1259 2478 1312 δεῖ
2508 1258 2582 1329 τῷ
2614 1257 2806 1327 πλήθει
2847 1258 3063 1310 πάντων
3098 1255 3277 1308 καλῶν
3310 1254 3519 1326 ἔργων·
3550 1253 3647 1307 καὶ
3670 1253 3792 1306 οὐδὲ

2211 1351 2388 1404 ἐκεῖνο
2432 1347 2752 1418 ἀγνοοῦμεν,
2789 1348 2902 1399 ὅσοι
2948 1345 3050 1397 ὑπὸ
3082 1343 3176 1396 τοῦ
3209 1343 3548 1411 συνεισάγειν
3579 1343 3794 1406 ἑαυτοῖς

2211 1444 2474 1513 γυναῖκας
2495 1439 2768 1504 ἐξέπεσον
2798 1441 2846 1491 οἱ
2875 1437 2918 1490 δ’
2953 1435 3386 1505 ύπωπτεύθησαν
3404 1453 3416 1465 °
3449 1435 3592 1488 ὥστε
3623 1438 3719 1490 καὶ
3741 1437 3792 1490 εί

2210 1536 2324 1607 δοίη
2356 1535 2466 1606 (57)
2503 1550 2588 1597 τις
2634 1529 2782 1600 αύτῷ
2830 1527 2892 1582 τὸ
2936 1531 3100 1600 μηδὲν
3141 1527 3368 1596 ἀσελγὲς
3414 1531 3605 1593 ποιεῖν,
3655 1528 3794 1584 ἀλλά

2210 1630 2308 1700 τήν
2348 1616 2439 1696 γε’
2465 1625 2720 1678 ὑπόνοιαν
2769 1626 2869 1693 τὴν
2917 1624 2982 1675 ἐκ
3018 1622 3113 1676 τοῦ
3157 1622 3401 1674 τοιούτου
3463 1623 3792 1693 πράγματος

2213 1720 2486 1792 φυομένην
2528 1719 2694 1789 ἐχρῆν
2735 1716 3117 1788 εὐλαϐηθῆναι,
3170 1715 3243 1785 μή
3277 1731 3396 1767 τινα
3440 1713 3788 1789 σκανδαλίσῃ,

531 1802 667 1854 tinet
693 1802 807 1856 hasc
830 1803 1104 1859 scribere?
1137 1804 1352 1861 Scimus
1376 1809 1584 1877 utique,
1616 1809 1820 1864 fratres
1856 1809 2100 1866 dilectis-
2134 1804 2137 1856 ξ

2204 1817 2330 1880 τοὺς
2374 1814 2430 1868 δὲ
2478 1815 2570 1867 καὶ
2625 1811 2907 1884 μιμεῖσθαι
2959 1809 3351 1882 προτρέψηται.
3394 1808 3521 1873 Πῶς
3564 1808 3674 1881 γὰρ
3721 1809 3793 1864 ἂν

528 1892 674 1959 simi,
721 1892 1033 1964 episcopum
1087 1906 1145 1951 et
1194 1897 1512 1954 universum
1559 1900 1791 1966 elerum,
1833 1904 2102 1957 bonorum

527 2000 752 2056 operum
775 1988 1084 2059 exemplum
1110 1989 1440 2046 multitudini
1473 1993 1718 2062 pmbere
1747 1993 1965 2050 debere.
1999 1994 2104 2050 Ne-

523 2093 633 2148 que
662 2078 794 2135 illud
847 2080 1184 2150 ignoramus,
1218 2095 1354 2154 quOt
1382 2097 1447 2139 ex
1491 2085 1755 2151 ejusmodi
1809 2085 2102 2142 mulierum

525 2172 889 2227 contubernio
918 2173 1118 2241 partim
1147 2173 1202 2229 in
1225 2189 1469 2246 praeceps
1495 2174 1632 2245 lapsi
1656 2175 1788 2241 sint,
1817 2177 2013 2246 partim
2050 2179 2100 2231 in

524 2263 890 2333 suspicionem
914 2263 1397 2334 venerintJlaque
1425 2267 1641 2320 etiamsi
1663 2266 1790 2335 quis
1818 2282 2103 2323 concesse-

525 2355 600 2409 rit
636 2354 768 2410 nihil
804 2354 873 2409 ab
907 2369 974 2409 eo
1004 2365 1165 2425 turpe
1203 2355 1368 2426 282
1401 2354 1690 2419 committi,
1737 2356 2100 2426 suspicionem

527 2456 704 2500 tamen
736 2461 860 2516 quae
895 2446 1020 2502 inde
1068 2447 1217 2502 nasci
1269 2449 1430 2513 solet,
1470 2447 1630 2502 vitari
1663 2448 1982 2516 oportebat,
2035 2464 2102 2503 ne

524 2551 852 2606 quemquam
875 2536 1195 2604 oll‘cnderet,
1227 2551 1362 2592 neve
1391 2538 1606 2607 aliquos
1637 2537 1705 2591 ad
1738 2537 2099 2592 imitationem

526 2628 608 2680 sui
637 2635 978 2697 provocarat.
1009 2627 1130 2693 Quo
1149 2629 1292 2683 enim
1330 2629 1489 2683 modo
1525 2624 1831 2694 increrabit
1855 2625 2020 2681 alium
2048 2634 2102 2681 et

527 2719 841 2774 admonebit
881 2728 996 2774 uta
1037 2719 1393 2789 frequentiori
1437 2717 1680 2774 mulieris
1709 2716 2102 2772 consuetudine

525 2810 820 2878 abstineat,
855 2826 924 2866 ne
965 2811 1110 2868 forte
1159 2820 1384 2868 corruat
1421 2812 1562 2866 sicut
1601 2809 1866 2881 scriptum
1894 2821 2018 2865 est:
2053 2808 2102 2865 Is

524 2903 618 2973 qui
644 2917 807 2958 unam
839 2904 1058 2974 quidem
1083 2903 1194 2973 jam
1229 2905 1455 2971 dimisit,
1490 2905 1626 2961 duas
1653 2919 1784 2960 vero
1811 2913 1974 2960 aetate
1997 2901 2099 2959 ﬁo-

524 3003 710 3052 rentes
759 3003 815 3054 et
852 2996 1024 3053 forma
1051 2997 1380 3068 conspicuas
1423 3011 1607 3053 secum
1655 2996 1845 3064 habet,
1876 3005 1931 3054 et
1964 3012 2100 3067 quo-

2207 1901 2553 1972 ὲπιπλήξειεν
2603 1900 2638 1971 ἢ
2697 1899 3067 1968 νουθετήσειεν
3115 1898 3335 1970 ἓτερον,
3387 1897 3463 1969 μὴ
3513 1915 3790 1966 συγκατα-

2205 1994 2413 2048 ϐαίνειν
2456 1993 2711 2046 ὲπιπλέον
2751 1993 2830 2056 εἰς
2859 1991 3055 2045 ταύτὸν
3095 1991 3312 2059 γυναικὶ
3345 1989 3419 2061 μὴ
3463 1989 3650 2061 ὀλισθῇ
3685 2007 3790 2059 φυ-

2204 2083 2560 2155 λαττόμενον,
2608 2083 2685 2146 ὡς
2715 2083 3026 2152 γέγραπται
3077 2081 3208 2151 (58),
3251 2081 3310 2146 ὃς
3358 2098 3444 2144 τις
3498 2081 3629 2152 μίαν
3688 2081 3789 2151 μὲν

2203 2177 2512 2247 ἀπέστησεν
2549 2175 2670 2247 ἤδη,
2711 2174 2804 2228 δύο
2843 2174 2900 2228 δὲ
2947 2173 3302 2245 ἀκμαζούσας
3351 2173 3444 2225 καὶ
3488 2172 3788 2243 εὐπρεπεῖς

2202 2271 2302 2340 τὴν
2330 2268 2451 2338 ὄψιν
2481 2267 2595 2338 ἔχει
2637 2266 2753 2338 μεθ’
2796 2265 3010 2329 ἑαυτοῦ,
3047 2265 3150 2318 κᾶν
3179 2264 3316 2336 ἀπίῃ
3348 2281 3474 2329 που,
3518 2280 3790 2334 συμπερι-

2204 2358 2380 2430 φέρει,
2434 2357 2530 2410 καλ⁵
2581 2356 2754 2410 ταῦτα
2814 2354 3036 2426 τρυςιςῶν
3099 2355 3193 2408 καὶ
3244 2353 3785 2426 ὑπερεμπιμπλάμε-

2203 2467 2290 2514 νος
2325 2450 2474 2521 (59);
2524 2442 2623 2502 Ὧν
2665 2449 2827 2502 ἓνεκα
2873 2447 3189 2511 στενάζουσι
3233 2447 3332 2517 μὲν
3371 2447 3464 2499 καὶ⁸
3505 2445 3788 2518 ὀδύρονται

2203 2543 2403 2607 πάντες
2454 2541 2587 2596 καθ’
2627 2542 2874 2604 ἑαυτοὺς,
2913 2540 3056 2593 οὕτω
3115 2540 3172 2592 δὲ
3219 2537 3318 2610 τὴν
3361 2537 3652 2610 τυραννίδα
3692 2540 3790 2592 καὶ

2200 2628 2517 2683 δυναστείαν
2556 2628 2720 2683 αὐτοῦ
2768 2628 3124 2700 πεφόόηνται,
3171 2627 3314 2680 ὥστε
3341 2630 3668 2698 κατηγορεῖν
3710 2630 3786 2700 μὴ

2201 2722 2424 2793 τολμᾷν.
2472 2721 2633 2775 Ἀλλὰ
2671 2721 2844 2775 ταῦτα
2879 2722 2997 2792 μὲν,
3039 2721 3115 2784 ὼς
3160 2722 3594 2792 προειρήκαμεν,
3629 2720 3789 2774 talibu-

2201 2829 2290 2866 νεν
2327 2813 2392 2867 ἄν
2433 2830 2516 2875 τις
2553 2811 2645 2866 τὸν
2691 2813 2882 2884 ἄνδρα,
2921 2813 2984 2866 τὸ
3025 2811 3157 2881 γοῦν
3202 2813 3458 2884 φρόνημα
3497 2811 3787 2866 καθολικδν

2199 2903 2411 2975 ἔχοντα,
2446 2905 2541 2960 καὶ
2576 2903 3188 2976 συγκαταριθμούμενον
3219 2906 3371 2974 ἡμῖν,
3409 2902 3501 2957 τὸν
3539 2903 3596 2958 δὲ
3632 2902 3787 2976 ἐξορ-

2200 2995 2508 3066 χησάμενον
2542 2993 2604 3049 τὸ
2649 2998 2948 3067 μυστήριον
2982 2995 3077 3048 καὶ
3105 2994 3531 3066 ἐμπομπεύοντα
3563 2996 3674 3067 (40)
3716 2997 3784 3068 τῇ

523 3105 740 3159 cunque
783 3089 1152 3160 proﬁciscitur
1203 3089 1604 3155 circumducit;
1670 3089 1834 3198 idque
1885 3088 2137 3195 deliciis‘

2205 3088 2379 3160 μιαρᾷ
2403 3086 2612 3158 αἱρέσει
2641 3087 2707 3157 τῇ
2757 3087 3002 3158 Ἀρτεμᾷ
3029 3085 3113 3156 (τί
3140 3087 3248 3158 γὰρ
3272 3087 3332 3140 ού
3361 3087 3466 3158 χρὴ
3507 3087 3660 3157 μόλις
3690 3087 3786 3141 τὶν

524 3182 771 3238 dilllnens
818 3191 874 3237 et
907 3181 1080 3253 epulis
1118 3195 1238 3239 sese
1273 3183 1637 3253 ingurgitans.
1677 3174 1772 3236 liis
1809 3181 1876 3237 de
1915 3182 2098 3236 causis

521 3290 712 3332 omnes
737 3275 951 3346 quidem
982 3274 1122 3344 apud
1151 3287 1211 3329 se
1244 3273 1498 3343 privatim
1533 3273 1903 3343 ingemiscunt
1931 3282 2096 3342 atque

522 3366 797 3434 suspirant
825 3382 840 3419 :
872 3365 968 3419 sed
1003 3365 1303 3434 potentiam
1335 3363 1454 3433 ejus
1485 3379 1549 3419 ac
1583 3364 1926 3436 tyrannidem
1956 3365 2094 3419 adeo

521 3455 903 3520 reformidant,
926 3445 993 3508 ut
1014 3468 1273 3510 accusare
1301 3454 1450 3509 illum
1475 3469 1579 3509 non
1603 3455 1858 3511 audeant.
1892 3452 2094 3510 Verum

521 3548 591 3605 de
622 3548 709 3604 his
739 3548 881 3604 sicut
923 3556 1079 3603 antea
1121 3546 1379 3610 diximus,
1414 3547 1816 3603 examinaverit
1857 3545 2095 3604 fortasse

523 3641 722 3712 aliquis
744 3653 796 3696 et
822 3643 876 3696 in
910 3641 1177 3710 judicium
1207 3643 1482 3696 vocaverit
1510 3640 1783 3697 hominem
1809 3639 2093 3696 catholicae

520 3731 900 3802 professionis,
934 3732 1202 3801 nobisque
1245 3731 1370 3788 ﬁdei
1399 3747 1460 3787 ac
1503 3731 1790 3788 ministerii
1829 3731 2094 3788 societate

523 3823 899 3892 cunjunctum.
928 3825 1011 3879 Ab
1038 3825 1142 3880 hoc
1169 3839 1301 3880 vero
1331 3826 1422 3896 qui
1456 3825 1669 3894 prodito
1691 3834 1854 3894 atque
1883 3822 2097 3891 ejurato

523 3918 807 3986 religionis
835 3924 1036 3973 nostrae
1074 3917 1340 3988 mysterio
1383 3917 1452 3970 ad
1479 3916 1868 3973 exsecrandum
1907 3923 2094 3970 trans-

523 4137 815 4191 sororibus.
837 4135 922 4191 ‘Ex
960 4135 1156 4203 quibus
1184 4133 1498 4202 explicanda
1521 4141 1607 4188 est
1631 4131 1714 4203 lex_
1747 4129 2086 4203 Honoriijl,

523 4208 578 4260 in
623 4209 809 4262 codice
852 4197 1085 4268 Theod.,
1127 4205 1193 4259 de
1239 4197 1506 4271 episcopis
1567 4212 1623 4256 et
1665 4200 1880 4255 clericis
1911 4197 2088 4271 :Eum

522 4276 612 4348 qui
642 4270 1592 4348 probabilem_saculo__disciplinam
1629 4273 1760 4348 agit,
1792 4270 2086 4348 decolorgri

517 4340 788 4425 consortio
824 4346 1046 4425 sororiae
1073 4343 1443 4425 appellationis
1481 4358 1584 4425 non
1611 4343 1777 4425 decet,
1834 4349 1942 4425 etc.
1998 4340 2087 4393 Sic

2205 3181 2416 3252 πατέρα
2449 3179 2613 3234 αὐτοῦ
2659 3179 2972 3251 δηλῶσαι;)
3010 3180 3162 3234 οὐδὲν
3200 3180 3309 3233 δεῖν
3346 3179 3630 3251 ἡγούμεθα
3662 3181 3786 3235 τοὺ-

2205 3287 2314 3327 των
2346 3273 2472 3336 τοὺς
2508 3270 2799 3341 λογισμοὺς
2841 3273 3112 3325 ἀπαιτεῖν.
3161 3289 3181 3322 ›
3218 3266 3328 3323 Εἶτ’
3370 3271 3462 3324 ἐπὶ
3502 3270 3644 3324 τέλει
3681 3271 3786 3340 τῆς

2203 3366 2493 3436 ἐπιστολῆς
2530 3365 2681 3418 ταῦτ’
2709 3364 3085 3434 ἐπιλέγουσινο
3125 3384 3145 3416 ι
3199 3364 3657 3435 Ἦναγκάσθημεν
3687 3360 3786 3420 οὖν

2201 3458 2654 3528 ἀντιτασσόμενον
2699 3456 2862 3510 αὐτὸν
2903 3455 2981 3527 τῷ
3026 3453 3143 3526 Θεῷ
3192 3457 3283 3509 κα)⁵
3318 3457 3394 3526 μὴ
3439 3455 3655 3509 εἴκοντα
3691 3459 3787 3510 ὲκει

2201 3547 2555 3620 κηρύξαντες,
2588 3547 2776 3619 ἓτερον
2803 3546 2918 3600 ἀντ’
2951 3546 3116 3600 αὑτοῦ
3148 3548 3215 3617 τῇ
3248 3545 3508 3617 καθολικῇ
3552 3546 3786 3619 Ἐκκλη-

2199 3642 2292 3714 σία
2339 3641 2678 3710 καταστῆσαι
2727 3638 3025 3692 ἐπίσκοπον
3072 3636 3208 3692 Θεοῦ
3257 3637 3501 3708 προνοίᾳ,
3552 3637 3628 3700 ὡς
3685 3654 3784 3691 πε-

2199 3733 2489 3804 πείσμεθα,
2523 3732 2615 3785 τὸν
2649 3730 2742 3786 τοῦ
2781 3731 3086 3802 μακαρίτου
3123 3729 3234 3801 (41)
3268 3726 3650 3802 Δημητριανοῦ
3685 3731 3783 3785 καὶ

2201 3824 2480 3893 ἐπιφανῶς
2521 3823 2853 3896 προστάντος
2886 3822 2994 3894 πρὸ
3023 3821 3212 3875 τούτου
3245 3821 3346 3891 τῆς
3378 3821 3550 3890 αὐτῆς
3589 3840 3782 3894 παροι-

2203 3915 2327 3980 κίας
2367 3914 2480 3969 υἱὸν
2517 3914 2721 3985 Δόμνον
2769 3913 2942 3968 ἅπασι
2982 3914 3093 3974 τοῖς
3140 3911 3441 3982 πρέπουσιν
3491 3913 3782 3985 ὲπισκόπῳ

2197 4129 2335 4188 Maz.
2351 4129 2552 4186 etFuk.
2571 4131 2826 4186 scribitur
2846 4128 3466 4200 ὑπερεμπιμπλάμενος,
3490 4143 3654 4200 quam
3680 4145 3780 4184 vo.

2193 4214 2310 4254 cem
2353 4217 2459 4256 non
2490 4202 2872 4257 intellexerunt
2909 4198 3250 4268 interpretes.
3289 4198 3541 4269 Arguunt
3585 4198 3777 4256 Patres

2195 4269 2444 4340 Paulum,
2481 4273 2622 4340 quod
2675 4271 2946 4325 formosas
2977 4271 3262 4340 rmuliercs
3321 4284 3536 4340 semper
3587 4285 3776 4325 secum

2193 4339 2458 4420 haberet;
2501 4339 2673 4420 idque
2697 4342 2826 4394 luxu
2891 4339 3168 4420 (Πίριιςεῃς.⁵
3206 4341 3259 4420 i_n
3296 4339 3424 4420 vino
3456 4349 3616 4406 atque
3640 4356 3779 4411 epu-

521 4417 687 4471 etiam
717 4418 930 4472 devotae
958 4415 1068 4469 Deo
1106 4409 1345 4483 virgines
1373 4413 1633 4483 quosdam
1657 4410 1758 4466 sibi
1789 4421 2087 4466 extraneos
2119 4417 2162 4471 υ
2194 4411 2928 4483 lissese_ingnrgitans,qn:e
2961 4410 3201 4483 libidinis
3224 4409 3663 4483 incentiva_sunt.

522 4486 926 4557 adjungebant,
959 4500 1098 4555 quos
1160 4482 1361 4557 fratres
1384 4482 1620 4557 ’“vocare
1671 4489 2085 4557 consueverant.

519 4549 1022 4626 Quam'nequitiain
1048 4552 1827 4626 perstringitHieronymus_in
1861 4549 2087 4626 epistola

523 4619 591 4680 a‘d
657 4619 1007 4681 Eustochium
1048 4619 1119 4678 de
1177 4619 1424 4677 custodia
1478 4619 1810 4690 virginitatis
1848 4619 2090 4674 :Frater

521 4709 754 4747 sororem
784 4697 1033 4765 virginem
1057 4695 1267 4748 deserit.
1298 4691 1546 4748 Cwlibem
1571 4692 1772 4765 spernit
1805 4692 1949 4765 uirgo
1970 4705 2090 4760 ger-

521 4776 772 4818 manum:
800 4761 1021 4832 fratrem
1053 4765 1242 4833 quierit
1281 4774 1608 4833 extraneum.
1660 4761 1726 4814 Et
1759 4777 1879 4833 curn
1920 4761 1976 4813 in
2003 4776 2091 4814 eo-

521 4834 641 4902 dem
673 4831 946 4902 proposito
965 4831 1076 4887 esse
1122 4848 1177 4886 se
1212 4831 1481 4896 simulent,
1518 4831 2090 4902 quaruntralienorum

517 4900 1058 4966 spiritale'solatt'um,
1084 4913 1138 4954 ut
1175 4905 1316 4956 domi
1351 4903 1571 4956 habeant
1597 4901 1810 4956 carnale
1835 4915 2090 4954 commer-

520 4971 682 5026 cium.
705 4971 1032 5039 Dicebantur
1057 4971 1221 5026 etiam
1252 4981 1655 5027 commanentes
1675 4969 1938 5039 ejusmodi
1967 4984 2088 5039 inu-

519 5045 703 5095 lieres.
733 5038 826 5097 Sic
851 5039 999 5096 enim
1045 5040 1364 5096 inscribitur
1392 5056 1567 5096 canon
1614 5036 1717 5094 ille‘
1750 5039 1962 5095 concilii
1996 5036 2090 5091 Ni-

523 5109 663 5163 caeni
702 5111 756 5164 in
806 5110 1176 5165 vetustissimo
1224 5111 1346 5166 cod.
1398 5112 1460 5166 (ἶ.
1489 5109 1721 5174 Justelli,
1745 5107 1823 5164 De
1863 5124 2091 5164 comma-

519 5178 782 5234 nentlbus.
806 5179 1076 5249 Agapetas
1097 5193 1312 5249 quoque
1332 5195 1427 5235 eas
1449 5181 1714 5235 vocabant
1736 5189 1870 5235 teste
1898 5177 2089 5232 Hiero-

516 5264 687 5320 nymo
709 5249 920 5320 indicta
935 5249 1179 5320 epistola,
1199 5253 1294 5320 ubi
1318 5251 1588 5320 acerrime
1610 5251 1660 5304 in
1677 5265 1769 5305 eas
1791 5249 2085 5320 invehitur.

588 5320 703 5389 (57)
741 5319 844 5386 Ὧς
860 5318 1060 5389 ’τε-καὶ
1091 5321 1145 5372 ει
1183 5317 1341 5389 δοίη.
1370 5319 1590 5373 Rectius
1622 5322 1674 5373 in
1698 5320 1886 5374 codice
1911 5317 2088 5389 Μυκη

514 5389 654 5449 Fuk.
678 5387 733 5445 et
759 5387 1130 5459 Medtlegitur
1154 5388 1230 5454 ὥς
1253 5391 1303 5443 τ’
1327 5393 1376 5444 εἰ
1402 5391 1497 5443 καὶ
1517 5389 1654 5459 δοίη.
1690 5390 1868 5458 Atque
1891 5389 1963 5442 ita
1999 5387 2085 5439 M-

514 5464 785 5584 lc‘ep’hort'us
814 5469 871 5514 et
903 5458 1221 5532 Syncellus,
1255 5461 1355 5516 nisi
1403 5462 1546 5529 quod
1582 5458 1946 5529 apostrophen
1981 5472 2086 5511 non

555 5547 580 5581 a
623 5545 690 5584 en
721 5567 736 5584 .

555 5541 736 5585 abem.

584 5598 697 5669 (58)
747 5599 845 5666 Ὦς
869 5597 1210 5670 γέγραπται.
1239 5596 1496 5670 lntelligit
1523 5598 1700 5654 locum
1735 5598 1826 5671 qui
1856 5598 2085 5654 habetur

515 5666 566 5722 in
594 5666 721 5737 cap.
751 5666 1273 5726 xxv'Eeclesiastici.

497 5822 510 5829 ἢ
587 5739 702 5810 (59)
734 5738 887 5810 Vulg.
917 5740 1538 5814 ὑπερεμπιπλάμεγος.
1573 5738 1762 5796 Melius
1807 5740 1861 5796 in
1899 5737 2087 5797 codice
2129 5812 2164 5826 _'

2262 4481 2374 4549 (40)
2426 4477 2966 4550 Ἐἱπομπεύοκταη
3005 4477 3339 4548 Nicephorus
3390 4479 3775 4550 etSynceilus

2193 4548 2392 4605 habent
2418 4551 2902 4621 ἐμπομπεύει-αντα.
2935 4548 3044 4621 Sed
3074 4550 3140 4621 in
3179 4550 3376 4621 codice
3414 4548 3551 4621 Μυζζ
3574 4591 3589 4614 ,
3633 4549 3771 4607 Fuk.

2191 4634 2257 4691 ac
2279 4621 2421 4691 Med.
2454 4618 2894 4691 'eu'rtopmuovca
2921 4618 3183 4691 scribitur
3203 4661 3218 4686 ,
3247 4620 3469 4691 rectius.
3499 4620 3773 4691 _Ca:terum

2191 4690 2245 4745 in
2277 4690 2434 4758 hujus
2460 4688 2565 4744 loci
2597 4688 2847 4744 versione
2873 4688 3229 4757 corrigendus
3273 4699 3355 4743 est
3401 4689 3633 4744 Ruﬁnus
3667 4692 3778 4750 hoc

2191 4763 2354 4814 modo
2385 4777 2401 4814 :
2427 4759 2528 4813 Hic
2549 4777 2666 4831 vero
2693 4761 2786 4831 qui
2816 4762 3064 4831 abjnrato
3084 4759 3206 4827 fidei
3229 4759 3478 4831 mysterio
3508 4762 3579 4831 ad
3599 4761 3776 4827 pollu-

2191 4831 2449 4884 tissimaut
2473 4847 2528 4884 se
2560 4829 2784 4883 Artenue
2811 4830 3050 4898 Ita'resim
3083 4831 3324 4882 contulit.
3360 4829 3426 4882 Et
3458 4829 3619 4898 paulo
3650 4841 3777 4898 post

2192 4901 2280 4953 ubi
2312 4901 2561 4970 leguntur
2587 4900 2700 4970 haec
2727 4900 2890 4954 verba
2916 4917 2928 4951 :
2958 4897 3059 4970 llic
3084 4915 3203 4953 vero
3236 4901 3326 4966 qui
3351 4897 3602 4967 indignus
3627 4897 3780 4954 trabi-

2190 4977 2276 5024 tus
2295 4969 2503 5024 estesse
2523 4971 2575 5022 in
2606 4969 2842 5023 Ecclesia
2867 4969 3147 5035 catholica,
3170 4970 3448 5023 anathema
3482 4970 3774 5026 scribatur.

2193 5039 2336 5110 Lego
2369 5041 2596 5094 Artemw
2616 5039 2830 5110 scribat,
2873 5050 2933 5110 ut
2964 5038 3368 5110 ferescriptnm
3416 5041 3620 5093 habent
3664 5040 3776 5095 duo

2192 5108 2542 5164 vetustissimi
2589 5109 2827 5164 codices.
2885 5108 2963 5163 Ex
3022 5109 3219 5178 quibus
3261 5109 3425 5162 etiam
3481 5109 3773 5176 sequentia

2190 5182 2510 5248 corrigenda
2549 5190 2674 5233 sunt
2721 5179 2774 5232 in
2812 5179 2958 5232 hunc
2999 5180 3255 5233 modum:
3288 5179 3515 5232 Artemw
3551 5181 3774 5246 scribat,

2189 5263 2237 5302 et
2262 5250 2407 5302 illius
2437 5250 2650 5302 haeresis
2680 5260 2962 5302 sectatores
2985 5251 3031 5302 ei
3055 5251 3458 5303 communicent.
3499 5249 3592 5303 Sic
3623 5249 3772 5302 enim

2193 5319 2356 5372 habet
2379 5319 2626 5373 Graecum
2657 5320 2936 5388 exemplar
2957 5319 3220 5387 epistolae.
3262 5333 3328 5372 cx
3353 5334 3459 5389 quo
3491 5319 3606 5389 haec
3632 5333 3772 5372 con-

2192 5404 2346 5444 versa
2381 5401 2524 5444 sunt.
2565 5393 2742 5457 Atque
2791 5391 2868 5441 ita
2931 5389 3131 5443 diserte
3179 5388 3438 5456 scriptum
3472 5388 3638 5443 habet
3674 5403 3774 5442 ve-

2191 5460 2522 5514 tustissimus
2551 5462 2722 5513 codex
2750 5458 2928 5513 lluﬁni
2961 5459 3014 5512 in
3043 5458 3366 5514 bibliotheca
3402 5460 3459 5514 S.
3486 5458 3770 5514 Germani.

2262 5529 2375 5599 (41)
2421 5528 2530 5583 Τοῦ
2561 5530 2913 5598 μακαρίτου.
2939 5529 2993 5581 In
3033 5530 3228 5584 codice
3278 5526 3771 5599 Medicamfuke-

2192 5597 2422 5670 tianoget
2458 5597 2758 5670 Maz’arino,
2797 5610 2852 5654 et
2896 5600 3034 5667 apud
3067 5599 3430 5668 Nicephorum
3461 5597 3775 5670 etSyncel-

2192 5670 2314 5745 lum_
2350 5668 2544 5745 legitur
2585 5669 2677 5723 τοῦ
2710 5669 3000 5745 μακαρίου,
3029 5685 3128 5728 nec
3182 5667 3411 5728 multum
3443 5667 3611 5726 refert
3649 5671 3774 5720 υῑιό

2191 5740 2353 5798 modo
2375 5740 2666 5798 scribatur.
