4220 6404
491 324 594 378 719

1199 320 1469 378 EL'SEBII
1506 321 1990 379 CASSARIENSIS
2026 320 2181 377 OPP.
2221 320 2406 377 PARS
2442 321 2487 379 I.
2527 352 2596 363 —
2636 321 3037 379 HISTORICA.

3662 324 3765 384 τιεί)

489 457 689 513 magna
722 456 846 497 cum
896 440 1057 496 laude
1087 443 1335 497 eamdem
1365 444 1505 498 rexit
1533 443 1859 510 Ecclesiam,
1899 444 2062 499 lilium

2177 441 2431 512 βασιλεὺς
2458 442 2763 515 ἐντευχθεὶς
2790 445 3147 516 Αὑρηλιανὸς,
3180 447 3481 503 αἰσιώτατα
3512 449 3643 522 περὶ
3683 454 3747 508 οὗ

490 536 796 600 Damnum;
839 536 1017 589 virum
1050 536 1305 591 omnibus
1346 550 1470 606 qua:
1506 538 1823 606 episcopum
1876 537 2073 593 decent

487 629 707 684 dotibus
730 637 1077 683 exornatum.
1110 628 1265 696 Quod
1298 629 1522 700 quidem
1564 629 1771 684 idcirco
1800 629 1957 684 vobis
1990 630 2069 684 si-

484 718 889 790 gniﬁcavimus,
920 729 981 775 ut
1011 730 1067 775 et
1098 721 1165 774 ad
1197 736 1321 776 eum
1345 721 1624 788 scribatis,
1646 733 1703 776 et
1731 720 1801 775 ab
1826 736 1892 776 eo
1918 735 2072 776 com-

485 810 879 866 municatorias
920 809 1136 866 litteras
1164 812 1473 882 accipiatis.
1507 809 1606 866 llic
1638 826 1769 867 vero
1805 811 1872 864 ad
1906 812 2069 865 Arte-

483 915 630 955 mam
660 902 884 970 scribat,
933 904 979 957 si
1030 903 1208 969 lubet;
1240 913 1295 957 et
1321 905 1414 973 qui
1451 904 1730 958 Artemam
1759 913 2065 968 sectantur,

482 1007 608 1048 cum
645 1006 712 1049 eo
751 996 1173 1050 communicent.
1207 995 1272 1049 Et
1309 997 1423 1052 haec
1469 994 1688 1064 quidem
1728 1009 1758 1047 a
1791 995 1949 1049 nobis
1981 995 2070 1048 hic

484 1085 660 1141 relata
692 1086 822 1141 sint.
848 1088 1016 1157 lgitttr
1039 1104 1161 1141 cum
1191 1086 1392 1144 Paulus
1424 1105 1450 1140 ο
1484 1097 1633 1141 recta
1667 1086 1772 1141 [ide
1814 1087 1975 1141 simul
2013 1099 2068 1141 et

481 1180 799 1249 episcopatu
830 1181 1431 1245 excidisset.Domnus,
1451 1181 1735 1236 utdictum
1764 1188 1865 1246 est,
1897 1179 2069 1235 adiui-

480 1272 866 1328 nistrationetn
919 1272 1313 1328 Antiochensis
1336 1273 1597 1329 Ecclesia:
1645 1275 1913 1345 suscepit.
1955 1275 2067 1330 Sed

479 1377 604 1417 cum
641 1362 843 1420 Paulus
874 1379 906 1419 e
940 1364 1101 1419 domo
1151 1364 1395 1420 ecclesia:
1437 1366 1749 1422 nullatenus
1800 1370 2068 1422 excedere

480 1455 646 1511 vellet
666 1495 683 1519 ,
705 1455 1082 1526 interpellatus
1106 1457 1403 1526 imperator
1418 1458 1745 1513 Aurelianus
1763 1459 2068 1515 rectissime

483 1549 587 1602 hoc
627 1548 902 1617 negotium
934 1546 1277 1615 dijudicavit,
1306 1548 1374 1603 iis
1413 1549 1633 1603 domum
1682 1549 1821 1604 tradi
1870 1552 2064 1619 praecio

478 1640 660 1708 piens,
686 1637 884 1707 quibus
904 1639 1078 1695 Italici
1102 1640 1423 1696 Christianae
1458 1640 1742 1712 religionis
1787 1642 2065 1698 antistites

479 1741 538 1785 et
582 1731 861 1786 lloutanus
892 1732 1183 1801 episcopus
1227 1734 1550 1787 scriberent.
1602 1732 1716 1789 Hoc
1764 1735 1926 1789 modo
1979 1735 2066 1789 vir

2175 534 2452 606 πρακτέου
2479 534 2744 603 διείληφε,
2772 535 2983 599 τούτοις
3002 540 3186 607 νεῖμαι
3213 543 3564 610 προστάττων
3579 542 3672 597 τὸν
3694 538 3763 596 οἶ-

2173 642 2287 690 κον,
2305 623 2389 689 οἷς
2407 626 2474 680 ἂν
2494 627 2544 679 οἱ
2571 626 2714 680 κατά
2736 625 2833 698 τὴν
2871 628 3099 683 Ἰταλίαν
3123 630 3217 683 καλ⁵
3236 631 3334 703 τὴν
3364 632 3651 703 Ῥωμαίων
3671 633 3766 688 πό-

2172 717 2255 770 λιν
2276 718 2566 771 ὲπίσκοποι
2589 718 2682 771 τοῦ
2699 719 2968 790 δόγματος
2994 722 3382 781 ἐπιστέλλοιεν.
3413 724 3571 779 Οὕτω
3585 725 3719 798 δῆτα
3733 732 3762 782 ὁ

2174 810 2549 881 προδηλωθεὶς
2577 811 2718 883 ἀνὴρ
2763 812 2904 883 μετά
2935 814 3035 885 τῆς
3078 814 3316 887 ἐσχάτης
3354 817 3618 890 αἰσχύνης
3656 820 3761 875 ὑπὸ

2170 899 2272 969 τῆς
2319 901 2591 971 κοσμικῆς
2635 902 2811 973 ἀρχῆς
2860 902 3207 971 ἐξελαύνεται
3250 907 3351 978 τῆς
3409 909 3756 981 Ἐκκλησίας.

2171 1006 2422 1070 Τοιοῦτος
2468 1009 2569 1079 μέν
2601 1011 2663 1079 γέ
2688 1027 2771 1074 τις
2799 1008 2867 1083 ἦν
2893 1012 2955 1066 τὸ
2979 1015 3236 1085 τηνικάδε
3265 1017 3393 1088 περὶ⁵
3419 1019 3569 1089 ἡμᾶς
3594 1020 3624 1073 ὁ
3651 1019 3760 1073 Δύ-

2171 1100 2423 1170 ρηλιανός
2443 1117 2455 1130 ’
2497 1101 2791 1173 προϊούσης
2823 1102 2867 1156 δ’
2910 1106 3059 1177 αύτῷ
3091 1108 3189 1179 τῆς
3232 1109 3428 1179 ἀρχῆς,
3463 1111 3673 1166 ἀλλοῖόν
3704 1129 3759 1167 τι

2171 1191 2301 1262 περὶ
2330 1192 2488 1262 ἡμῶν
2522 1198 2821 1267 φρονήσας,
2856 1197 2957 1269 ἤδη
2990 1199 3102 1251 τισὶ
3150 1199 3385 1270 βουλαῖς,
3424 1201 3502 1267 ῶς
3541 1202 3607 1257 ἂν
3634 1204 3757 1259 διω-

2168 1282 2308 1353 γμὸν
2343 1285 2466 1338 καθ’
2501 1286 2660 1357 ήμῶν
2692 1290 2956 1361 ἐγείρειεν
2983 1290 3308 1345 ἀνεκινεῖτο’
3339 1292 3508 1358 πολύς
3534 1312 3595 1349 τε
3622 1291 3691 1368 ἦν
3725 1299 3757 1351 6

2168 1374 2321 1445 παρὰ
2361 1376 2494 1428 πᾶσι
2522 1378 2653 1448 περὶ
2679 1377 2870 1433 τούτου
2905 1379 3081 1449 λόγος.
3114 1383 3394 1438 Μέλλοντα
3427 1384 3484 1438 δέ
3516 1385 3615 1458 ήδη
3659 1388 3756 1441 καὶ

2170 1467 2355 1537 σχεδὸν
2386 1470 2561 1522 εἰπεῖν
2586 1472 2698 1535 τοῖς
2723 1471 2846 1526 καθ’
2872 1474 2903 1544 ή
2912 1473 3028 1544 μῶν
3048 1476 3371 1548 γράμμασιν
3394 1478 3756 1551 ὑποσημειού-

2171 1576 2350 1629 μενον,
2387 1558 2508 1614 θεία
2536 1561 2776 1632 μέτεισιν
2797 1564 2945 1636 δίκη,
2977 1569 3263 1639 μονονουχὶ
3291 1568 3349 1635 ἐξ
3370 1568 3631 1637 ἀγκώνων
3652 1569 3755 1641 τῆς

2166 1651 2536 1723 ἐγχειρήσεως
2578 1652 2740 1706 αὑτὸν
2785 1655 3187 1726 ἀποδεσμοῦσα,
3227 1657 3499 1731 λαμπρῶς
3533 1677 3592 1713 τε
3640 1663 3755 1726 τοῖς

2168 1747 2304 1799 πᾶσι
2358 1748 2592 1818 συνορᾷν
2644 1750 3002 1821 παριστῶσα,
3047 1752 3123 1815 ὼς
3179 1751 3376 1806 οὔποτε
3432 1754 3627 1823 γένοιτ’
3683 1754 3753 1809 ἂν

479 1839 644 1891 supra
683 1835 1020 1878 memoratus
1042 1840 1165 1879 cum
1196 1840 1412 1880 summo
1434 1826 1700 1881 dedecore
1726 1840 1822 1896 per
1837 1825 2062 1881 satcula-

2171 1834 2420 1908 ῥᾳστώνη
2598 1837 2695 1892 τοῦ
2726 1804 2853 1910 ⁸βίον
2885 1804 3120 1912 ἄρχουσι
3328 1804 3757 1916 τῶν.

480 1930 597 1969 rem
620 1924 946 1984 potestatem
975 1916 1044 1970 ab
1074 1916 1311 1972 ecclesia
1338 1917 1664 1971 exturbatus
1694 1925 1798 1993 est:
1835 1917 1915 1970 Ac
1955 1927 2065 1970 tum

477 2007 702 2078 quidem
733 2023 860 2081 erga
890 2019 1105 2065 nostros
1138 2009 1302 2082 283
1336 2010 1419 2065 sic
1449 2009 1679 2065 affectus
1721 2019 1842 2065 erat
1887 2010 2066 2064 Aure-

478 2102 681 2157 lianus.
709 2099 974 2157 Processu
1011 2117 1141 2157 vero
1172 2102 1438 2172 temporis
1467 2101 1626 2157 aliter
1652 2103 1719 2156 de
1749 2100 1907 2155 nobis
1934 2116 2063 2156 sen-

481 2195 644 2260 tiens,
682 2195 1045 2267 quorumdam
1072 2194 1321 2251 consiliis
1349 2194 1518 2265 coepit
1551 2193 1753 2265 impelli
1785 2203 1846 2249 ut
1877 2209 2067 2264 perse-

476 2286 756 2342 cutionem
778 2287 1041 2343 adversus
1064 2296 1283 2342 nostros
1315 2295 1705 2341 commoveret.
1739 2284 1974 2355 Jamque
1999 2299 2065 2339 ea

477 2377 545 2432 de
584 2391 644 2432 re
690 2375 895 2432 multus
926 2377 1129 2447 ubique
1168 2392 1355 2432 rumor
1378 2378 1763 2448 spargebatur.
1791 2376 1900 2433 Sed
1938 2392 2062 2431 eum

475 2476 727 2538 paratum
748 2468 886 2537 jam,
910 2479 965 2524 et
984 2470 1300 2538 compositis
1316 2479 1511 2524 contra
1548 2484 1648 2524 nos
1672 2469 1889 2535 edictis,
1910 2478 1969 2524 ut
1989 2472 2062 2524 ita

476 2561 1207 2627 dixerim,subscribentem,
1226 2562 1433 2631 ulta_est
1450 2562 1631 2617 divina
1647 2562 2062 2632 justitia,~quasi

474 2653 776 2708 constricto
810 2654 995 2709 cubito
1038 2667 1293 2709 conatum
1334 2655 1450 2724 ejus
1501 2655 1833 2724 reprimens,
1865 2655 2061 2710 simul-

474 2761 583 2813 que
607 2745 861 2801 omttibus
911 2747 1255 2816 apertissime
1285 2747 1600 2813 ostendens,
1637 2746 1771 2800 nihil
1818 2761 2057 2816 unquam

473 2837 637 2905 hujus
665 2838 856 2893 mundi
895 2839 1237 2909 principibus
1267 2840 1531 2894 adversus
1557 2839 1760 2894 Christi
1791 2838 2063 2896 Ecclesias

471 2928 662 2995 licere,
688 2929 790 2984 nisi
818 2932 1210 3001 propugnatrix
1230 2929 1323 2986 Dei
1352 2934 1573 2986 dextera
1599 2947 1801 2987 arcano
1824 2933 2061 3002 quodam

473 3039 539 3078 ac
587 3022 797 3079 caelesti
837 3023 1046 3093 judicio
1079 3024 1144 3078 ad
1185 3025 1599 3094 castigationem
1642 3035 1697 3079 et
1725 3023 2062 3081 emendatio-

474 3131 600 3172 nem
632 3127 897 3183 nostram,
930 3119 1129 3187 quibus
1172 3118 1273 3188 ipsi
1306 3119 1484 3172 visum
1520 3126 1609 3172 est
1641 3117 1976 3187 temporibus
2008 3118 2062 3174 id

2169 1926 2296 1980 στοῦ
2327 1928 2654 1999 ἐκκλησιῶν,
2689 1931 2764 2002 μὴ
2789 1932 2911 2003 οὐχὶ
2936 1934 3035 2004 τῆς
3065 1934 3387 2006 ὑπερμάχου
3419 1935 3602 2007 χειρὸς
3633 1935 3755 2010 θείᾳ

2167 2021 2263 2073 και,
2288 2021 2525 2093 οὐρανίῳ
2562 2023 2769 2095 κρίσει,
2797 2023 3048 2089 παιδείας
3077 2026 3241 2080 ἕνεκα
3271 2028 3365 2082 καὶ
3391 2028 3754 2100 ἐπιστροφῆς.

2167 2111 2289 2166 καθ’
2314 2112 2407 2177 οὓς
2434 2113 2499 2167 ἂν
2533 2113 2672 2185 αὐτὴ
2706 2114 2992 2185 δοκιμάζοι
3031 2119 3278 2188 καιροὺς,
3311 2119 3458 2174 τοῦτ’
3486 2120 3756 2174 ἐπιτελεῖ-

2169 2201 2292 2255 σθαι
2341 2204 2751 2276 συγχωρούσης.
2789 2206 2975 2258 Ἐτεσι
3022 2206 3154 2274 γοῦν
3186 2207 3246 2272 ἐξ
3286 2210 3636 2281 κρατήσαντα
3661 2209 3757 2266 τὸν

2166 2294 2500 2366 Αὑρηλιανὸν
2546 2296 2851 2367 διαδέχεται
2899 2296 3141 2367 Προϐος·
3200 2300 3294 2354 καὶ
3340 2299 3527 2354 τοῦτον
3582 2300 3753 2373 δήπου

2167 2388 2278 2450 τοῖς
2331 2386 2466 2451 ἴσοις
2511 2387 2973 2459 ἐπικατασχόντα,
3027 2390 3211 2462 Κάρος
3265 2391 3380 2463 ἅμα
3432 2409 3548 2456 τοις
3597 2393 3758 2446 παισὶ

2166 2478 2390 2549 Καρίνῳ
2437 2477 2532 2531 καὶ
2573 2479 2938 2550 Νουμεριανῷ
2983 2480 3288 2552 διαδέχεται
3322 2481 3474 2554 (45)’
3510 2481 3673 2537 πάλιν
3702 2482 3759 2537 τ’

2166 2567 2232 2624 αὖ
2264 2571 2585 2624 καὶτούτων
2613 2571 2722 2624 οὐδ’
2755 2572 2897 2635 ὅλοις
2930 2573 3107 2643 τρισὶν
3137 2575 3399 2639 ἐνιαυτοῖς
3434 2574 3723 2646 διαγενομέ
3751 2605 3759 2616 ο

2163 2677 2290 2724 νων,
2327 2660 2534 2730 μέτεισι
2568 2660 2636 2713 τὰ
2660 2660 2760 2731 τῆς
2788 2663 3084 2732 ἡγεμονίας
3125 2665 3206 2727 εἰς
3249 2663 3630 2736 Διοκλητιανὸν
3659 2668 3757 2721 καὶ

2162 2753 2289 2814 τοὺς
2325 2753 2441 2822 μετ’
2479 2753 2638 2806 αὐτὸν
2668 2754 3115 2824 εἰσποιηθέντας’
3166 2758 3254 2825 ἐφ’
3291 2751 3366 2812 ὧν
3394 2760 3422 2810 ὁ
3453 2758 3576 2812 καθ’
3604 2760 3755 2832 ἡμᾶς

2167 2844 2502 2897 συντελεῖται
2527 2845 2770 2917 διωγμὸς
2806 2847 2940 2918 (46),
2975 2849 3070 2903 καὶ
3099 2850 3132 2921 ἡ
3163 2851 3285 2903 κατ’
3325 2850 3489 2907 αὐτὸν
3520 2852 3630 2906 τῶν
3662 2853 3757 2906 ἐκ-

2164 2935 2400 3005 κλησιῶν
2438 2936 2776 3009 καθαίρεσις.
2835 2940 2995 2994 Ἀλλὰ
3032 2941 3143 3012 γὰρ
3182 2943 3364 3015 μικρῷ
3398 2945 3589 2999 τούτου
3620 2946 3756 3018 πρό-

2163 3044 2322 3098 τερον
2372 3028 2464 3082 τὸν
2512 3031 2605 3083 ἐπὶ
2658 3032 2876 3103 Ῥώμης
2921 3034 3220 3090 ἐπίσκοπον
3261 3037 3535 3093 Διονύσιον
3574 3038 3759 3092 ἐτεσιν

2162 3122 2320 3175 ἐννέα
2364 3121 2638 3177 διελθόντα
2675 3126 2773 3196 τὴν
2814 3125 3187 3199 λειτουργίαν,
3220 3128 3523 3202 διαδέχεται
3561 3129 3751 3202 Φῆλιξ.

474 3210 597 3266 ﬁeri
650 3212 983 3281 permiserit.
1042 3212 1215 3267 Porro
1250 3227 1373 3267 cum
1421 3211 1748 3267 Aurelianus
1792 3214 2061 3270 sexennio
2108 3213 2398 3285 imperiunm
2453 3219 2743 3283 tenuisset,
2796 3220 2850 3274 in
2875 3219 2991 3289 ejus
3017 3221 3196 3276 locum
3220 3222 3486 3278 successit
3511 3220 3748 3277 Probus.

471 3305 579 3375 Qui
603 3306 832 3361 totidem
863 3307 1023 3361 annis
1055 3308 1266 3378 imperii
1296 3306 1774 3363 administratione
1804 3307 2153 3378 perfunctus,
2185 3309 2385 3364 Carum
2418 3326 2539 3364 cum
2566 3312 2768 3368 Carino
2794 3322 2849 3368 et
2874 3311 3206 3369 Numeriano
3228 3313 3351 3370 ﬁliis
3380 3329 3753 3371 successorem

473 3400 719 3470 reliquit.
749 3398 811 3455 Hi
844 3416 966 3456 cunt
1003 3417 1068 3457 ne
1093 3404 1388 3458 triennium
1417 3402 1641 3472 quidem
1709 3416 1763 3456 tn
1814 3402 2131 3472 principatu
2162 3404 2497 3474 explessent,
2544 3421 2727 3460 rerum
2785 3421 2994 3461 summa
3034 3407 3216 3462 delata
3256 3416 3340 3462 est
3385 3405 3750 3473 Diocletiano,

474 3500 654 3570 iisque
687 3498 781 3568 qui
809 3510 1003 3569 postea
1028 3504 1094 3554 ad
1120 3501 1334 3571 imperii
1391 3500 1715 3557 societatem
1762 3499 1918 3553 asciti
1977 3508 2125 3554 sunt.
2180 3499 2421 3565 Quorum
2460 3502 2798 3571 temporibus
2827 3503 3061 3558 maxima
3090 3502 3176 3558 illa
3217 3513 3526 3558 nostrorum
3561 3516 3755 3573 perse-

472 3599 644 3663 cutio,
673 3597 944 3665 simulque
978 3596 1337 3651 ecclesiarum
1390 3595 1611 3650 eversio
1661 3604 1974 3665 perpetrata
2006 3605 2117 3649 est.
2157 3593 2427 3650 Caeterum
2459 3600 2619 3665 paulo
2646 3606 2771 3652 ante
2804 3598 2919 3652 haec
2952 3607 3197 3668 tempora
3229 3608 3446 3653 mortuo
3472 3578 3749 3669 Dionysio,

471 3693 565 3762 qui
598 3706 791 3746 novem
830 3690 988 3745 annis
1015 3688 1271 3741 Rotnanae
1296 3688 1449 3741 urbis
1468 3687 1839 3757 episcOpatum
1879 3687 2311 3753 administrarat,
2349 3686 2497 3741 Felix
2534 3688 2587 3742 itt
2628 3687 2745 3757 ejus
2777 3689 2955 3742 locum
2985 3688 3311 3744 substitutus
3339 3695 3444 3744 est.

1032 3779 1262 3836 CAPUT
1300 3777 1493 3832 XXXI.

475 3876 555 3931 De
602 3873 1015 3929 Manicha'orum
1058 3887 1235 3925 errore
1277 3871 1368 3940 qui
1413 3881 1537 3925 tunc
1582 3873 1811 3940 primum
1843 3879 2059 3925 exortus

1219 3954 1291 3995 εει
1298 3980 1312 3994 .

538 4039 744 4093 'lisdetn
782 4035 1122 4106 temporibus
1160 4033 1249 4089 ille
1281 4034 1481 4088 merito
1515 4033 1695 4088 dictus
1736 4031 1957 4097 Manes,
2005 4032 2058 4087 id

473 4143 559 4188 est
602 4131 865 4195 furiosus,
924 4129 1017 4198 qui
1076 4127 1466 4183 daamoniacam
1521 4126 1771 4181 haeresim
1824 4125 2059 4180 nominis

476 4226 560 4280 sui
586 4223 853 4289 condidit,
878 4231 1123 4276 armatus
1154 4221 1388 4285 insania,
1420 4221 1490 4274 ab
1505 4217 1818 4274 adversario
1842 4217 1935 4271 Dei
1959 4215 2060 4271 Sa-

480 4329 604 4371 tana
643 4315 714 4370 ad
747 4314 1043 4369 multorum
1088 4312 1371 4368 hominum
1417 4310 1717 4381 perniciem
1764 4307 2058 4378 productus

472 4420 574 4464 est.
607 4405 708 4463 llic
754 4407 808 4462 in
853 4405 1105 4461 universa
1135 4402 1351 4458 vivendi
1397 4403 1609 4457 ratione
1648 4416 1773 4457 cum
1807 4414 2060 4455 sermone

474 4500 596 4568 ipso
619 4496 1008 4552 tummoribus
1036 4494 1327 4557 barbarus,
1358 4502 1415 4547 et
1442 4499 1633 4561 suapte
1658 4499 1855 4545 natura
1887 4489 2060 4545 furio-

470 4605 571 4648 sus
617 4605 683 4647 ac
732 4590 1144 4653 daemoniacus,
1198 4587 1286 4643 his
1324 4596 1691 4642 consentanea
1741 4598 2057 4655 aggressus,

456 4663 716 4754 lseip'sum
748 4683 1026 4740 Christum
1057 4683 1264 4753 ﬁngere
1294 4681 1547 4736 instituit.
1579 4678 1644 4732 Et
1667 4692 1811 4732 nunc
1837 4676 2053 4746 quidem

469 4774 814 4831 Paracletum
866 4789 948 4837 se,
991 4773 1293 4841 ipsumque
1344 4770 1611 4841 Spiritum
1654 4778 1903 4825 sanctum
1935 4782 2056 4823 esse

470 4864 826 4934 praedicabat,
851 4872 1049 4932 praeter
1070 4862 1340 4916 insaniam
1372 4862 1627 4929 superbia
1653 4859 1821 4915 etiam
1853 4859 2050 4914 elatus.

471 4955 628 5010 Nunc
644 4969 794 5018 vero,
814 4956 966 5021 quasi
994 4952 1273 5017 Christus,
1295 4951 1583 5007 duodecim
1612 4950 1915 5021 discipulos
1933 4946 2064 5005 novi

470 5046 742 5115 dogmatis
763 5053 1045 5100 consortes
1062 5044 1313 5113 eligebat.
1353 5042 1486 5098 Cum
1518 5041 1682 5111 igitur
1705 5039 1842 5096 l‘alsa
1874 5050 1928 5095 et
1951 5042 2053 5094 int-

541 5231 655 5307 (45)
688 5230 1449 5307 Νουμεριανῷώδιαδέχεται.
1478 5229 1688 5307 Ultim_a_
1710 5243 1812 5307 vox
1844 5228 1992 5286 abest
2021 5246 2051 5284 a

468 5298 647 5359 tritius
676 5298 1187 5358 nostris'codicibus
1211 5298 1371 5363 Μέιί..
1391 5302 1533 5355 Med.
1566 5310 1621 5355 et
1647 5298 1882 5363 lt‘uk.,ct
1909 5311 2058 5356 recte

468 5374 757 5429 subaudiri
814 5384 988 5445 potest
1026 5389 1147 5428 cunt
1195 5373 1311 5445 jam
1370 5372 1731 5445 praecesserit.
1772 5372 1828 5425 In
1866 5372 2058 5445 iisdem

467 5446 774 5511 codicibus,
809 5441 1036 5514 perinde
1064 5460 1127 5498 ac
1171 5441 1223 5497 in
1252 5442 1541 5514 Saviliano
1573 5445 1847 5514 scriptum
1879 5441 2061 5514 inveni

467 5516 585 5585 αμα
634 5511 823 5587 παισὶν
866 5516 1091 5587 Καρινῳ
1129 5514 1226 5568 καὶ
1251 5511 1607 5585 Νουμεριανῷ
1648 5511 1765 5569 sine
1810 5512 2062 5568 articulo.

466 5587 597 5657 Item
627 5586 686 5639 δέ
706 5603 808 5640 που
846 5586 1199 5657 ποιιδή-που.

541 5656 655 5727 (46)
702 5658 755 5708 Ὀ
787 5659 918 5709 καθ’
946 5652 1175 5725 ἡμᾶς...
1210 5653 1482 5727 διωγμόςι
1506 5653 1597 5709 Sic
1634 5654 1695 5727 in
1730 5653 1893 5727 codd.
1914 5652 2057 5709 Med.

468 5725 712 5797 et_Maz.
744 5728 978 5797 legitur,
1019 5738 1186 5781 recte.
1231 5725 1514 5797 Quantodo
1574 5726 1738 5797 etiam
1790 5726 2058 5797 scriptum

463 5794 672 5859 habent
696 5797 855 5853 codd.
884 5795 1018 5855 Fuit.
1041 5808 1093 5857 ct
1117 5797 1282 5857 Savil.
1318 5794 1494 5873 Vulg”
1522 5795 1703 5869 ήμῶν.

2679 3779 3076 3833 ΚΕΦΑΛΑΙΟΝ
3112 3780 3238 3834 AA'.

2115 3819 2127 3841 ⁸
2163 3870 2304 3936 ηερι
2334 3865 2443 3935 τῆς
2470 3867 2590 3923 τῶν
2620 3819 3345 3938 Μὲι“,ζ’,ἒιῖξιζὲἓὲὲρἑὲιὶεου
3376 3870 3757 3943 διαστροφῆς

2232 3938 2363 4005 ἄρτι
2396 3940 2529 3993 τότε
2560 3888 2903 4008 ἀρξαώης
2940 3939 3079 4008 (Nic.
3115 3939 3188 3993 Η.
3218 3941 3283 3996 Ε.
3338 3957 3410 4007 Vt,
3445 3943 3671 4008 51,52).

2232 3938 2363 4005 ἄρτι
2396 3940 2529 3993 τότε
2560 3938 2903 4008 ἀρξαμένης
2940 3939 3079 4009 (Nic.
3115 3939 3188 3993 Η.
3218 3941 3283 3996 E.
3338 3957 3410 4007 Vl,
3445 3938 3671 4014 51,32}.

2246 4031 2335 4083 Ἐν
2366 4030 2538 4102 τούτῳ
2569 4032 2665 4085 καὶ
2694 4034 2723 4085 ὁ
2754 4032 2962 4095 Μανεὶς
2992 4033 3092 4095 τὰς
3126 4033 3349 4113 φρένας,
3378 4034 3668 4107 ἐπώνυμός
3685 4045 3751 4094 τι

2162 4121 2261 4194 τῆς
2297 4118 2665 4193 δαιμονιώσης
2714 4122 2979 4193 αἱρέσεως
3025 4122 3158 4195 (47),
3200 4123 3298 4195 τὴν
3339 4124 3435 4178 τοῦ
3487 4125 3748 4199 λογισμοῦ

2162 4215 2526 4286 παρατροπὴν
2554 4213 2948 4281 καθωπλίζετο,
2982 4215 3078 4269 τοῦ
3105 4216 3360 4287 δαίμονος
3383 4217 3549 4272 αὑτοῦ
3574 4218 3749 4290 δήπου

2160 4304 2255 4358 τοῦ
2296 4304 2572 4377 θεομάχου
2606 4306 2833 4359 Σατανᾶ
2875 4305 2969 4359 ἐπὶ
3015 4305 3163 4380 λύμῃ
3201 4306 3413 4361 πολλῶν
3454 4308 3546 4362 τὸν
3577 4308 3752 4381 ἄνδρα

2164 4396 2433 4470 προὸεὸλη
2443 4397 2624 4469 μένου.
2656 4396 2942 4470 Βάρδαρος
2973 4398 3110 4468 δῆτα
3142 4398 3233 4453 τὸν
3261 4397 3374 4469 βίον
3409 4399 3559 4472 αὐτῷ
3604 4400 3748 4474 λόγῳ

2162 4488 2258 4541 καὶ
2282 4489 2499 4559 τρόπῳ,
2529 4488 2630 4559 τήν
2660 4505 2720 4541 τε
2756 4488 2919 4558 φύσιν
2951 4488 3263 4560 δαιμονικός
3294 4508 3378 4555 τις
3407 4489 3482 4544 ῶν
3516 4493 3609 4546 καὶ
3643 4511 3751 4563 μα-

2162 4579 2385 4651 νιώδης,
2417 4580 2684 4635 ἀκόλουθα
2723 4581 2935 4646 τούτοις
2976 4582 3264 4654 ἐγχειρῶν,
3310 4583 3545 4655 Χριστὸν
3581 4585 3748 4639 αὐτὸν

2163 4672 2539 4744 μορφάζεσθαι
2591 4672 2871 4745 ἐπειρᾶτο,
2925 4673 3047 4727 τοτέ
3096 4674 3196 4745 μὲν
3246 4674 3338 4729 τὸν
3385 4675 3746 4748 Παράκλητον

2159 4765 2255 4819 καὶ
2280 4765 2413 4818 αὐτὸ
2441 4765 2504 4818 τὸ
2550 4763 2776 4837 Πνεῦμα
2818 4766 2879 4819 τὸ
2920 4766 3076 4832 ἅγιον
3108 4766 3271 4831 αὐτὸς
3310 4768 3500 4821 ἐαυτὸν
3535 4771 3747 4841 ἀνακη-

2160 4855 2388 4927 ρύττων,
2424 4860 2520 4912 καὶ
2552 4857 2889 4930 τυφούμενος
2918 4875 2982 4926 γε
3015 4859 3108 4912 ἐπὶ
3147 4861 3215 4930 τῇ
3248 4858 3416 4930 μανίᾳ
3450 4859 3587 4928 (48),
3620 4861 3745 4915 τοτὲ

2154 4949 2213 5002 δὲ
2243 4943 2333 5003 οἷα
2360 4949 2617 5019 Χριστὸς,
2652 4949 2900 5021 μαθητὰς
2930 4948 3137 5004 δώδεκα
3176 4951 3465 5015 κοινωνοὺς
3493 4950 3595 5020 τῆς
3625 4969 3748 5005 και-

2156 5044 2412 5114 νοτομίας
2462 5043 2809 5116 αἱρούμενος.
2861 5043 3119 5115 Δόγματά
3166 5061 3230 5113 γε
3276 5043 3384 5116 μὴν
3433 5043 3605 5116 ψευδῆ
3650 5047 3747 5101 καὶ

2237 5230 2348 5302 (47)
2367 5229 2524 5298 Vulg.
2540 5232 2964 5301 δαιμονιώδους
2976 5232 3277 5303 αἱρέσεως.
3297 5231 3355 5287 In
3373 5231 3558 5303 codice
3574 5230 3743 5303 Regio

2165 5300 2949 5376 εςέἱιιί⁷ιιιτ-δαιμονιῦσης,Λιιις
2985 5300 3196 5376 monuit
3241 5306 3402 5376 etiam
3437 5301 3573 5376 Rob.
3616 5300 3744 5376 Ste-

2165 5372 2395 5442 phanus.
2432 5372 2536 5428 Sed
2567 5372 2624 5427 in
2662 5372 3032 5429 vetustissimo
3070 5374 3259 5429 codice
3302 5372 3575 5427 Mazarino
3601 5372 3740 5442 scri-

2164 5441 2314 5516 ptum
2344 5442 2521 5516 inveni
2544 5442 3218 5516 δαῳονιώσης,(ιιιοῐηούο
3252 5442 3414 5499 etiam
3465 5441 3662 5513 legitur
3684 5441 3741 5496 in

2169 5511 2329 5567 codd.
2357 5511 2472 5567 Fuk
2518 5528 2580 5568 ac
2613 5511 2910 5570 Saviliano.

2237 5582 2351 5652 (48)
2397 5585 2773 5654 Τυφούμει·ός
2804 5602 2870 5655 γε
2890 5584 2989 5638 ἐπὶ
3028 5581 3103 5653 τῇ
3119 5584 3323 5654 μανίᾳ.
3368 5580 3521 5655 Hunc
3558 5581 3741 5636 locum

2164 5669 2272 5708 non
2307 5655 2687 5724 intellexerunt
2721 5654 3065 5724 iutcrpretes.
3102 5655 3328 5708 lluliuus
3369 5654 3585 5721 quidem
3616 5664 3742 5724 ver-

2165 5725 2230 5778 tit
2254 5734 2302 5777 et
2336 5723 2505 5777 elatus
2536 5726 2764 5779 insania.
2814 5722 2907 5779 Sic
2961 5726 3106 5779 enim
3144 5725 3342 5779 habent
3384 5722 3735 5791 tnanuscripti

2169 5796 2403 5861 codices.
2435 5794 2545 5863 Nec
2576 5795 2734 5854 aliter
2772 5794 3047 5855 Masculus
3086 5806 3140 5853 et
3188 5794 3753 5863 Christophorsouus;
