4220 6396
457 390 556 446 721

1438 384 1797 444 HISTORIA]
1839 385 2406 444 ECCLESIASTICE
2442 383 2571 440 LIB.
2612 381 2727 437 VII.

3610 374 3714 430 7‘22

453 508 587 565 ἄθεα
627 508 691 561 ὲκ
732 507 937 580 μυρίων
982 506 1092 561 τῶν
1124 503 1399 577 πρόπαλαι
1447 505 1836 577 ἀπεσϐηκυιῶν
1880 505 2035 577 alpes

2140 505 2227 573 pia
2255 504 2504 572 dogmata
2534 517 2601 557 ex
2620 500 2786 555 variis
2807 497 3108 553 barresibus
3123 495 3450 568 jampridem
3471 494 3715 550 exstinc-

455 617 593 656 σεων
622 600 731 672 (49)
765 599 1235 672 συμπεφορημένα
1268 596 1560 662 καττύσας,
1594 600 1660 652 ὲκ
1684 599 1783 669 τῆς
1808 598 2033 670 Περσῶν

453 692 547 747 ἐπὶ
573 692 673 763 τὴν
703 691 827 747 καθ’
856 693 1007 763 ἡμᾶς
1052 689 1377 762 οἰκουμένην
1417 689 1606 763 ὥσπερ
1641 688 1764 744 τινὰ
1795 690 2032 762 θανατη-

453 786 618 859 φόρον
667 784 743 840 ίδν
790 785 1162 859 ὲξωμόρξατο·
1223 785 1316 852 ἀφ’
1371 776 1433 837 οὗ
1487 781 1551 855 δὴ
1604 783 1667 836 τὸ
1716 784 2033 853 Μανιχαίων

452 877 711 942 δυσσεϐὲς
740 877 933 949 ὄνομα,
969 879 1082 940 τοῖς
1108 875 1321 939 πολλοῖς
1364 874 1531 929 εἰσέτι
1567 874 1663 929 νῦν
1696 873 2031 939 ἐπιπολάζει.

454 970 690 1041 τοιαύτη
726 970 825 1040 μὲν
851 967 946 1023 οὖν
974 971 1007 1041 ἡ
1047 969 1142 1022 καὶ
1170 968 1333 1038 τῆσδε
1364 967 1462 1037 τῆς
1504 965 1857 1037 ψευδωνύμου
1896 965 2036 1035 γνώ-

458 1083 594 1130 σεως
623 1063 899 1129 ὑπόθεσις,
934 1061 1077 1116 κατὰ
1114 1063 1240 1125 τοὺς
1270 1060 1671 1133 δεδηλωμένους
1698 1058 2035 1128 ὑποφυείσης

456 1158 699 1232 χρόνους.

965 1247 1359 1302 ΚΕΦΑΛΑῘΟΝ
1409 1246 1531 1299 AB’.

455 1341 603 1416 Περὶ.
635 1339 755 1395 τῶν
791 1339 930 1416 ama:
972 1338 1133 1416 ἡμᾶς
1171 1338 1394 1416 αὐτοὺ-ς
1446 1336 1902 1416 διαπρειόςὼςτων
1921 1335 2039 1416 ⁵έκ-

527 1405 977 1491 Ξιέησιαστικῶτς
1000 1405 1277 1491 Ἀνδρῶν,
1309 1405 1593 1491 ⁴ςίνιςςςτεί
1614 1405 1830 1491 ἀύτῶν

528 1476 639 1548 τῆξ
669 1480 787 1534 τῶν
830 1476 1174 1547 ἐκκλησιῶν
1224 1478 1575 1547 πολιορκίας
1606 1478 1848 1547 ἔμειναν
1892 1476 2034 1547 (Nic.

527 1550 600 1605 Η.
627 1549 694 1604 lt”.
728 1567 803 1614 γι,
831 1550 923 1614 54,
944 1550 1057 1619 57).

1088 1641 1188 1712 τῆς
1228 1639 1516 1710 Ῥωμαίων
1550 1638 1860 1710 προστάντα
1915 1636 2037 1689 Ἐκ-

456 1732 686 1805 κλησίας
737 1732 881 1786 ἔτεσι
929 1732 1113 1794 πέντε,
1164 1730 1493 1801 Εὑτυχιανδς
1549 1729 1882 1799 διαδέχεται·
1930 1727 2037 1780 οὐδ’

2134 600 2205 654 tis
2235 597 2364 651 hinc
2394 595 2521 651 inde
2565 594 2794 649 collecta
2838 591 3300 653 consarcinasset,
3330 602 3394 642 ea
3452 595 3711 657 tanquam

2134 693 2296 749 letale
2340 692 2614 763 quoddam
2649 690 2799 743 virus
2840 701 2905 741 ex
2952 683 3173 740 Perside
3213 681 3380 755 284
3426 684 3481 738 in
3524 679 3713 736 orbem

2135 786 2441 840 Romanum
2485 781 2694 839 effudit.
2742 780 2821 834 Ex
2869 791 2978 847 quo
3016 775 3243 845 impium
3294 772 3716 829 Manichaeorum

2136 890 2331 931 nomen
2356 883 2629 935 exortum,
2656 870 2841 926 multis
2870 870 2923 923 iu
2952 867 3085 923 locis
3107 866 3174 922 ad
3197 864 3342 921 hunc
3369 878 3543 934 usque
3571 861 3714 916 diem

2136 968 2421 1024 exuberat.
2477 962 2751 1035 Ejusmodi
2813 959 2914 1014 fuit
2969 958 3126 1029 origo
3188 954 3513 1011 adulterinae
3570 950 3719 1007 illius

2135 1061 2422 1123 doctrinae,
2440 1071 2559 1127 quae
2580 1070 2740 1124 supra
2770 1051 3091 1107 memoratis
3113 1045 3449 1118 temporibus
3468 1042 3717 1100 emersit.

2668 1235 2896 1293 CAPUT
2938 1233 3157 1289 XXXII.

2140 1333 2217 1389 De
2248 1333 2372 1388 uiris
2402 1329 2768 1385 ecclesiasticis
2802 1328 2891 1394 qui
2924 1336 3102 1380 nostra
3134 1334 3287 1379 relate
3326 1325 3638 1393 ﬂoruerunt,
3664 1330 3713 1375 et

2206 1405 2425 1474 quinam
2460 1418 2524 1454 ea:
2554 1400 2682 1467 ipsis
2729 1393 2891 1467 usque
2923 1396 2991 1452 ad
3021 1396 3340 1451 eversionem
3374 1393 3715 1447 ecclesiarum

2208 1472 2588 1543 superfuerinl.

2211 1627 2325 1695 Qua
2364 1635 2684 1697 tempestate
2717 1641 2838 1680 cum
2872 1624 3026 1680 Felix
3053 1625 3291 1694 quinque
3320 1624 3480 1679 annis
3516 1621 3721 1679 Roma-

2141 1734 2266 1774 nam
2311 1719 2670 1789 gubernasset
2707 1716 3032 1780 Ecclesiam,
3076 1715 3445 1786 Eutycbianus
3492 1714 3547 1769 in
3598 1713 3718 1784 ejus

455 1824 595 1890 ὅλοις
618 1823 675 1877 δὲ
710 1823 874 1895 μησὶν
908 1817 1062 1887 οὗτος
1093 1821 1224 1876 δέκα
1278 1822 1394 1892 (50)
1426 1821 1811 1891 διαγενόμενος
1831 1860 1845 1886 ,
1892 1818 2038 1888 Γαΐῳ

2142 1809 2319 1864 locum
2346 1810 2633 1864 successit.
2661 1807 2762 1875 Qui
2786 1808 2875 1863 vix
2899 1809 3088 1863 decem
3115 1808 3395 1863 mensibus
3425 1807 3479 1861 in
3509 1807 3721 1876 episeo-

456 1915 535 1987 τῷ
562 1914 682 1969 καθ’
713 1909 860 1986 ἡμᾶς
900 1914 1217 1969 καταλείπει
1243 1913 1336 1967 τὸν
1367 1913 1585 1984 κλῆρον.
1614 1912 1725 1966 Καὶ
1762 1911 1951 1973 τούτου
1980 1909 2039 1964 δὲ

454 2008 600 2080 ἀμφὶ
630 2008 697 2063 τὰ
730 2009 1122 2063 πεντεκαίδεκα
1152 2008 1246 2080 έτη
1280 2007 1635 2081 προστάντος,
1668 2004 2039 2079 Μαρκελλῖνος

455 2100 690 2173 κατέστη
720 2101 981 2172 διάδοχος,
1012 2100 1069 2155 ὃν
1109 2101 1202 2154 καὶ
1223 2100 1383 2153 αὑτὸν
1406 2102 1433 2153 ὀ
1458 2099 1695 2169 διωγμὸς
1716 2097 2037 2169 κατείληφε.

455 2194 613 2248 Κατὰ
635 2193 823 2247 τούσδε
848 2193 947 2265 τῆς
986 2191 1301 2263 Ἀντιοχέων
1334 2193 1640 2263 ἐπισκοπῆς
1673 2191 1809 2262 μετὰ
1837 2190 2038 2261 Δόμνον

463 2288 700 2360 ἡγήσατο
731 2288 991 2358 Τίμαιος·
1027 2287 1086 2339 δν
1116 2287 1144 2338 ὁ
1187 2286 1308 2340 καθ’
1347 2288 1494 2357 ἡμᾶς
1526 2285 1797 2349 διεδέξατο
1838 2284 2041 2356 Κύριλ-

454 2379 563 2443 λος.
591 2378 728 2432 Καθ’
757 2378 816 2431 ὃν
840 2376 1116 2450 Δωρόθεον
1148 2377 1260 2448 (51)
1290 2378 1581 2451 πρεσϐείου
1615 2378 1709 2431 τοῦ
1742 2378 1883 2432 κατὰ
1923 2379 2041 2432 Ἀν-

452 2471 692 2541 τιόχειαν
718 2470 1023 2542 ἠξιωμένον
1048 2470 1157 2524 τῶν
1184 2471 1441 2542 τηνικάδε
1474 2470 1653 2539 λόγιον
1681 2470 1849 2541 ἄνδρα
1862 2470 2042 2539 Δἐγνω-

458 2580 577 2635 μεν.
616 2564 910 2627 Φιλόκαλος
951 2563 995 2616 δ’
1029 2558 1182 2627 οὗτος
1209 2564 1339 2636 περὶ
1368 2564 1435 2617 τὰ
1469 2564 1591 2619 θεῖα
1641 2564 1902 2633 γεγονὼς,
1944 2562 2040 2617 καὶ

452 2654 552 2724 τῆς
594 2651 859 2724 Ἑϐραίων
906 2653 1217 2726 ἐπεμελήθη
1270 2653 1549 2727 γλώττης,
1585 2654 1661 2718 ὡς
1706 2654 1799 2708 καὶ
1850 2655 2041 2717 αὐταῖς

452 2743 575 2805 ταῖς
619 2740 936 2814 Ἑϐραϊκαῖς
964 2746 1202 2816 γραφαῖς
1244 2744 1626 2816 ἐπιστημόνως
1665 2744 2036 2815 ἐντυγχάνειν.

453 2826 563 2885 Ἦν
581 2832 625 2887 δ’
654 2828 807 2899 οὗτος
844 2834 955 2888 τῶν
985 2835 1221 2907 μάλιστα
1254 2836 1577 2908 ἐλευθερίων
1625 2836 1760 2908 (52),
1800 2854 2039 2908 προπαιε

452 2922 600 2986 δείας
636 2941 695 2977 τε
726 2928 827 2996 τῆς
858 2926 979 2980 καθ’
1021 2926 1287 2998 ’Έλληνας
1328 2928 1429 2981 οὐκ
1463 2929 1715 2998 ἄμοιρος,
1744 2927 1841 2999 τὴν
1876 2926 2039 2998 φύσιν

454 3011 513 3075 δὲ
559 3014 733 3081 ἄλλως
765 3016 1040 3090 εὐνοῦχος,
1076 3018 1220 3072 οὕτω
1267 3019 1527 3090 πεφυκὼς
1577 3019 1636 3085 ἐξ
1674 3020 1843 3091 αὐτῆς
1882 3019 2038 3089 γενέ-

456 3124 623 3172 σεως·
664 3107 739 3172 ὡς
770 3108 862 3161 καὶ
896 3107 1121 3178 βασιλέα
1154 3107 1243 3162 διὰ
1283 3107 1441 3163 τοῦτο
1473 3106 1583 3162 οἷόν
1621 3126 1674 3163 τι
1708 3106 2035 3183 παράδοξον,

453 3198 614 3254 αὑτὸν
657 3198 1065 3264 οἰκειώσασθαι,
1115 3200 1210 3254 καὶ
1259 3200 1490 3271 τιμῆσαί
1527 3218 1591 3271 γε
1631 3202 1899 3273 ἐπιτροπῇ
1938 3201 2040 3272 τῆς

2142 1914 2270 1975 patu
2292 1903 2609 1964 transactis,
2640 1901 2791 1967 Caio,
2821 1900 2914 1970 qui
2950 1908 3133 1955 nostra
3159 1909 3320 1954 aztate
3345 1899 3502 1964 vixit,
3531 1899 3716 1954 sedem

2140 2011 2293 2051 suam
2316 1993 2658 2064 reliquit.llic
2678 2009 2799 2049 cum
2823 1993 2979 2047 annis
3000 1992 3222 2047 circiter
3264 1991 3577 2061 quindecim
3609 1990 3721 2044 Ec-

2141 2090 2321 2146 clesiae
2350 2086 2673 2156 praefuisset,
2694 2100 3069 2141 successorem
3100 2085 3291 2139 habuit
3310 2082 3678 2139 Marcellinum
3702 2100 3718 2137 :

2140 2182 2195 2236 in
2225 2180 2380 2247 cujus
2427 2180 2591 2234 etiam
2626 2189 2866 2249 tempora
2906 2177 3100 2231 incidit
3147 2177 3471 2248 persecutio.
3524 2176 3718 2231 Iisdem

2144 2270 2482 2345 temporibus
2510 2272 2862 2326 Antioclteua!
2885 2269 3145 2325 Ecclesiae
3176 2279 3296 2339 post
3328 2269 3597 2324 Domuum
3629 2267 3724 2321 'l‘i-

2144 2365 2561 2435 mmus’prtefuit
2587 2382 2603 2419 :
2627 2365 2712 2418 cui
2736 2364 2999 2417 successit
3031 2372 3219 2417 nostra
3253 2362 3516 2417 memoria
3545 2359 3724 2433 Cyril-

2141 2458 2246 2514 lus.
2286 2455 2399 2511 Sub
2436 2456 2538 2511 hoc
2583 2454 2915 2511 Dorotbeum
2949 2456 3125 2508 virum
3164 2452 3569 2522 doctissimum,
3608 2451 3721 2507 An-

2143 2548 2409 2605 tiochense
2443 2558 2570 2602 tunc
2606 2546 2865 2601 Ecclesia!
2915 2547 3297 2616 presbyterum
3342 2544 3716 2613 cognovimus.

2142 2639 2244 2707 Qui
2280 2655 2401 2696 cum
2437 2638 2872 2695 studiosissimus
2901 2648 3046 2693 esset
3083 2652 3364 2694 sacrarum
3402 2637 3720 2706 Scriptura-

2142 2748 2285 2798 rum,
2326 2731 2651 2788 Hebraicam
2680 2746 2897 2801 quoque
2925 2732 3162 2805 linguam
3188 2731 3475 2798 addidicit,
3505 2731 3644 2786 adeo
3666 2738 3726 2785 ut

2143 2828 2289 2895 ipsos
2317 2826 2481 2880 etiam
2522 2824 2820 2881 Hebraicos
2852 2826 3071 2882 codices
3118 2825 3449 2896 peritissime
3491 2824 3722 2896 legeret.

2142 2916 2380 2971 Eratbic
2407 2915 2624 2986 ingenio
2642 2916 2934 2972 admodum
2958 2916 3198 2981 liberali,
3226 2928 3283 2973 et
3307 2917 3725 2973 humanioribus

2141 3008 2442 3078 disciplinis
2459 3009 2701 3077 apprime
2719 3011 2999 3077 eruditus;
3020 3019 3277 3066 caeterum
3300 3010 3369 3064 ab
3387 3009 3505 3081 ipso
3530 3007 3727 3063 matris

2142 3113 2299 3160 utero
2337 3109 2639 3158 eunuchus.
2668 3102 2823 3159 Unde
2853 3114 2908 3159 et
2938 3104 3238 3174 imperator
3268 3113 3524 3172 tanquam
3558 3101 3725 3155 mira-

2142 3195 2265 3250 culo
2290 3194 2719 3264 obstupefactus,
2749 3211 2873 3251 eum
2894 3196 2947 3251 in
2983 3195 3404 3252 familiaritatem
3441 3208 3596 3249 suam
3627 3193 3722 3247 ad-

452 3288 597 3352 ιιμτὰ
633 3288 807 3361 Τύρον
854 3289 1121 3361 ἁλουργοῦ
1166 3291 1364 3363 βαφῆς.
1406 3292 1609 3345 Τούτου
1658 3292 1893 3363 μετρίως
1937 3292 2036 3358 τὰς

2141 3288 2321 3353 scivit,
2349 3296 2404 3342 ct
2433 3286 2612 3357 baphii
2632 3288 2779 3357 quod
2805 3297 2889 3343 est
2916 3289 3056 3358 apud
3082 3288 3287 3360 Tyrum
3310 3295 3720 3359 procuratorem

452 3378 676 3453 Γραφὰς
702 3381 795 3435 ἐπὶ
818 3383 917 3451 τῆς
956 3376 1283 3451 Ἐκκλησίας
1309 3382 1667 3453 διηγουμένου
1702 3382 2037 3452 κατηκούσα-

524 3542 639 3616 (i9)
692 3542 1131 3616 ngsgé'nxvuinc
1182 3543 1493 3616 αἱρέσεων.
1526 3545 1584 3616 In
1650 3544 1809 3616 codd.
1858 3542 2037 3616 Maz_.,

453 3610 595 3685 Med.
622 3610 705 3685 (et
746 3610 880 3685 Fuk.
915 3614 1195 3685 scriptum
1220 3610 1320 3685 est
1355 3632 1368 3668 :
1413 3614 1507 3685 καὶ
1553 3615 1618 3666 ὲκ
1671 3614 1877 3685 μυρίων
1927 3614 2035 3667 τῶν

454 3681 730 3757 πρόπαλαι
756 3681 1146 3757 ἀπέσϐη-κάτων
1174 3682 1348 3757 ἀθέων
1381 3684 1641 3757 αίρέσεων
1673 3681 2036 3757 συμπεφορηο

457 3752 627 3825 μένα.
647 3752 754 3807 Nec
780 3754 937 3807 aliter
960 3752 1156 3825 legisse
1177 3754 1392 3808 videtur
1419 3752 1667 3815 Rufinus,
1686 3752 1776 3824 qui
1807 3752 1886 3808 sic
1915 3752 2038 3810 rei.

456 3823 522 3894 tit
553 3840 567 3876 :
597 3823 855 3889 Dogmata
875 3824 1040 3875 stulta
1076 3832 1125 3894 et
1145 3825 1305 3893 impia
1339 3842 1371 3877 ιι
1402 3826 1619 3879 diversis
1645 3823 1923 3890 Itasretic'is,
1942 3826 2035 3894 qui

447 3893 755 3965 jamprius
784 3894 1032 3965 exstincti
1079 3893 1607 3965 fuerant,mutuata
1657 3893 2030 3949 disseminans.

526 3962 640 4034 (50)
677 3964 883 4031 Mnalr
908 3959 1088 4035 οὗτορ
1124 3963 1291 4035 δέκα.
1320 3964 1431 4019 lmo
1459 3965 1829 4035 Eutycbianus
1875 3966 2033 4020 annis

453 4043 600 4099 octo,
626 4035 904 4089 mensibus
925 4034 1177 4088 undecim
1221 4034 1519 4089 Romanam
1549 4033 1691 4090 rexit
1709 4033 2028 4099 Ecclesiam,

453 4114 514 4158 ut
545 4113 631 4159 est
690 4103 742 4158 in
774 4114 957 4159 vetere
999 4103 1137 4159 libro
1182 4103 1259 4157 De
1295 4106 1629 4172 pontiﬁcibus
1668 4104 1941 4168 Romanis,
1976 4106 2028 4160 in

452 4189 563 4246 quo
592 4173 719 4227 anni
752 4173 1067 4246 pontificum
1116 4189 1145 4227 a
1195 4173 1404 4229 Callisti
1448 4175 1790 4243 pontiﬁcatu,
1827 4185 1885 4229 ut
1915 4175 2023 4246 jam

452 4245 589 4308 dixi,
625 4246 829 4314 optime
874 4244 1066 4312 digesti
1097 4252 1243 4311 sunt,
1287 4260 1384 4312 per
1418 4247 1665 4300 consules
1698 4248 1798 4299 sub
1830 4244 2024 4312 quibus

452 4316 645 4370 sedere
691 4323 978 4384 coeperunt
1031 4325 1087 4369 et
1121 4314 1223 4370 sub
1272 4315 1471 4383 quibus
1504 4316 1803 4371 desierunt.
1856 4317 2028 4370 Euse-

452 4386 575 4439 bius
601 4384 764 4455 igitur
783 4394 1113 4457 octo_annos
1141 4386 1343 4439 ademit
1367 4384 1733 4456 Eutycbiano,
1769 4394 1825 4440 et
1855 4384 2028 4457 Xysto

450 4469 546 4509 eos
582 4453 861 4522 perperam
908 4453 1131 4526 largitus
1159 4464 1263 4520 est,
1297 4466 1354 4509 ut
1385 4453 1546 4523 supra
1581 4457 1787 4510 uo‘tavi.

536 4525 649 4591 (51)
702 4526 1016 4591 Δωρόθεον.
1087 4527 1351 4580 Duronius
1418 4527 1470 4579 in
1536 4526 1783 4579 Notation

536 4526 649 4596 (51)
702 4526 1016 4592 Δωρόθεον.
1087 4527 1351 4580 Duronius
1418 4527 1470 4579 in
1536 4526 1910 4579 Notationibus
1959 4526 2025 4579 ad

450 4592 895 4667 Martyrologium
919 4593 1248 4667 Romanum,
1303 4596 1444 4650 hunc
1469 4596 1791 4667 Dorotbeum
1813 4596 2028 4667 pres_by.,-

454 4663 627 4719 terum
680 4663 1010 4729 Antiochia},
1046 4667 1299 4720 eumdem
1350 4680 1472 4720 esse
1506 4666 1737 4719 credidit
1768 4680 1890 4718 cum
1925 4663 2032 4721 Do-

451 4736 646 4805 rotb_eo
668 4732 795 4805 Tyri
824 4734 1164 4804 presbytero,
1187 4736 1343 4805 cujus
1385 4736 1586 4790 mentio
1620 4734 1681 4788 fit
1705 4734 1789 4787 die
1815 4734 1848 4789 5
1870 4750 2029 4805 men-

451 4807 530 4858 sis
556 4802 729 4859 .lunii.
755 4802 924 4869 Quem
956 4802 1171 4859 Baronii
1209 4802 1453 4860 errorem
1484 4807 1596 4874 jam
1632 4806 1841 4859 notavit
1868 4803 2032 4859 Blon-

450 4874 700 4947 dellusin
720 4873 979 4947 Apologia
997 4891 1095 4946 pro
1121 4877 1387 4947 sententia
1410 4873 1744 4947 Hieronymi,
1764 4875 2027 4947 pag.27_«it

451 4943 558 4998 Sed
613 4944 739 4997 dum
791 4943 957 4998 alium
998 4943 1386 5013 'reprchendit
1439 4943 1784 5009 Blondellus,
1838 4943 2029 5000 iuultu

448 5014 669 5081 gravius
716 5014 945 5083 ipsemet
998 5016 1222 5070 erravit.
1280 5017 1606 5071 Dorotbeum
1665 5018 1809 5069 enim
1845 5017 2023 5070 Antio-

448 5086 705 5155 cliensem
733 5085 1128 5153 presbyterum,
1152 5086 1216 5139 de
1231 5100 1338 5155 quo
1362 5086 1448 5141 hic
1482 5086 1722 5155 loquitur
1743 5085 2027 5153 Eusebius,

448 5153 727 5209 confundit
759 5168 884 5207 cum
942 5155 1214 5210 Dorotbeo
1250 5153 1596 5210 cubiculario
1630 5158 1775 5224 -imp.
1814 5156 2024 5211 Diocle-

452 5224 609 5295 tiani,
638 5224 793 5295 cujus
846 5226 1164 5295 martyrium
1216 5226 1544 5280 describitur
1579 5229 1648 5280 ab
1703 5227 1933 5280 Eusebio
1967 5226 2023 5280 in

450 5292 543 5348 lib.
582 5310 697 5366 vui.
729 5294 841 5366 Ego
869 5292 1003 5349 vero
1032 5310 1136 5348 non
1166 5296 1378 5366 dubitor
1404 5297 1535 5366 quin
1560 5296 1669 5351 duo
1696 5295 1899 5350 fuerint
1930 5297 2029 5350 Do-

448 5365 660 5435 rotbei;
693 5364 827 5418 alter
856 5366 1141 5435 presbyter
1168 5364 1590 5432 Antiochensis;
1625 5368 1763 5420 alter
1800 5368 2018 5421 cubicu-

446 5431 620 5489 larius
664 5431 953 5506 eunuchus
990 5431 1331 5506 Diocletiani.
1372 5435 1537 5506 quue
1578 5437 1902 5492 certissimis
1930 5450 2023 5489 ar-

451 5504 726 5577 gumentis
765 5506 939 5577 a_strui
969 5516 1167 5575 potest.
1219 5504 1578 5577 Rrimoge’nim
1618 5507 1904 5577 presbyter
1934 5507 2024 5562 ille

450 5573 836 5647 Antiochensis
863 5573 1071 5647 martyr
1098 5592 1203 5631 non
1232 5576 1356 5647 fuit.
1392 5575 1552 5631 Certe
1585 5573 1847 5631 Eusebius
1877 5576 1927 5632 id
1954 5578 2023 5631 de

447 5642 542 5697 illo
565 5658 675 5718 non
703 5644 857 5718 dicit,
889 5642 1069 5718 neque
1100 5649 1153 5718 in
1191 5648 1293 5702 hoc
1318 5646 1457 5718 loco,
1480 5662 1661 5718 neque
1689 5647 1742 5699 in
1770 5646 2020 5718 libavrtt,

445 5727 570 5780 cap.
609 5714 712 5786 55,,
732 5715 822 5768 ubi
851 5714 1254 5772 ecclesiasticos
1300 5717 1447 5773 viros
1506 5714 1753 5771 recenset
1792 5716 1884 5786 qui
1914 5717 2019 5786 illa

445 5784 833 5861 persecutione
876 5789 1198 5861 martyrium
1255 5787 1649 5861 subierant.l*;t
1697 5784 1878 5861 tamen
1911 5785 2021 5840 Lu-

440 5854 662 5922 _cianum
706 5854 1127 5915 Autiocltensem
1159 5860 1536 5930 presbyterum
1557 5858 1678 5915 illic
1724 5856 2015 5913 nominat:

2144 3380 2447 3437 constituit.
2488 3379 2643 3436 llunc
2692 3396 2791 3436 nos
2822 3396 3011 3437 sacras
3050 3381 3366 3451 Scripturas
3406 3381 3460 3434 in
3492 3378 3726 3434 ecclesia

2146 3557 2255 3599 non
2275 3540 2582 3598 omissurus
2632 3540 2819 3610 utique
2850 3539 3179 3610 Dorotbeum
3203 3538 3521 3610 magistrum
3540 3551 3721 3610 suum,

2142 3615 2189 3670 si
2222 3613 2269 3669 is
2321 3611 2639 3680 martyrium
2675 3608 3002 3680 pertulisset.
3048 3608 3250 3680 Deinde
3279 3608 3579 3680 presbyter
3611 3608 3752 3661 An--

2145 3683 2433 3739 tiochenus
2464 3678 2770 3736 Dorotbeus
2820 3681 2905 3735 vir
2937 3679 3038 3734 fuit
3086 3678 3315 3744 nobilis,
3352 3687 3405 3733 et
3443 3678 3727 3746 magistra-

2145 3764 2259 3833 tum
2293 3754 2462 3833 gessit
2520 3765 2807 3833 antequam
2858 3752 3148 3833 presbyter
3191 3750 3372 3833 fieret.
3397 3748 3562 3833 Alter.
3590 3763 3723 3833 vero

2140 3819 2447 3878 Doroibeus
2467 3819 2679 3878 servilis
2709 3820 2809 3875 fuit
2835 3819 3195 3884 conditionis,
3223 3828 3413 3887 utpote
3440 3819 3720 3873 cubicula-

2139 3894 2256 3948 rius
2301 3894 2604 3948 eunuchus.
2654 3892 2893 3960 Denique
2929 3891 3080 3960 prior
3106 3891 3193 3946 ille
3242 3890 3560 3960 Dorotbeus,
3597 3903 3722 3956 pre-

2140 3964 2329 4034 sbyter
2353 3963 2455 4017 fuit
2493 3959 2830 4033 temporibus
2882 3959 3067 4032 Gyrilli
3094 3960 3332 4030 episcopi
3367 3959 3719 4034 _Antioebeni.

2139 4029 2371 4105 Cy'rillus
2394 4043 2572 4105 autem
2606 4029 2795 4088 sedere
2823 4029 2991 4101 coepit
3012 4034 3085 4087 ab
3111 4029 3255 4105 anno
3283 4044 3336 4105 tv
3372 4031 3502 4105 i_mp_.
3532 4029 3716 4105 [ξι-οδί,

2140 4099 2452 4173 nfansitque
2474 4104 2537 4157 ad
2565 4119 2764 4158 annum
2798 4099 2969 4172 usque
3010 4119 3122 4158 xvn
3168 4101 3509 4173 Diocletiani.
3538 4099 3714 4173 Pona-

2135 4189 2256 4229 mus
2313 4171 2492 4245 igitur
2528 4174 2851 4245 Dorotbeum
2883 4171 3281 4245 presbyterum
3341 4171 3540 4245 fuisse
3564 4171 3711 4226 circa

2133 4239 2368 4299 exordii?
2408 4243 2758 4315 episcopatus
2809 4239 3019 4315 Cyrilli,
3065 4239 3119 4298 id
3166 4252 3250 4315 est
3283 4243 3383 4297 sub
3417 4239 3596 4315 Probo
3624 4252 3719 4315 aut

2129 4315 2232 4369 sub
2262 4316 2423 4370 Caro.
2445 4311 2456 4314 ’
2481 4311 2624 4368 Fieri
2675 4330 2780 4370 non
2848 4311 3025 4383 potest
3071 4323 3132 4368 ut
3163 4314 3303 4367 idem
3336 4321 3522 4382 postea
3553 4311 3719 4367 fuerit

2130 4385 2501 4441 cubicularius
2528 4384 2872 4439 Diocletiani.
2901 4383 3092 4453 Neque
3118 4383 3264 4438 enim
3293 4397 3360 4437 ex
3381 4383 3717 4453 presbyteris

2136 4454 2273 4509 fiunt
2301 4455 2642 4523 cubicularii,
2676 4469 2798 4509 cum
2831 4468 2933 4510 nec
2972 4450 3342 4523 ecclesiastica
3374 4450 3580 4523 regula,
3615 4466 3716 4508 nec

702 4522 2025 4624 ἂῗξέῗεὲῖηέἷῗῖἓω¹ἷΞωΞ¹¹ηη¹Ϊ2¹ἓὲῖῖἶ¹ὶίἓῗῗοιὲθ
2059 4565 2106 4624 o
2132 4526 2273 4624 ξῗὲῖο
2295 4526 2500 4624 lilii.”
2518 4522 3716 4624 'i’iai'.Efﬁ'fﬁf’mp'ffliie'i3233233353.?!

2129 4595 2242 4664 jam
2294 4603 2469 4649 aetate.
2522 4595 2603 4649 Ad
2636 4593 2952 4650 cubiculum
2996 4593 3178 4648 autem
3224 4593 3528 4664 principum
3559 4596 3713 4661 pueri

2134 4662 2231 4719 aut
2256 4665 2636 4720 adolescentes
2669 4665 2887 4719 formosi
2910 4665 3274 4731 eligebantur.
3302 4662 3456 4731 Quod
3481 4662 3527 4716 si
3559 4664 3714 4717 dixe-

2134 4681 2231 4719 aut
2256 4681 2636 4720 aumescentes
2669 4681 2887 4719 Iormom
2910 4681 2981 4719 eu
3023 4681 3274 4719 euantur.
3302 4681 3456 4731 quoa
3481 4681 3527 4716 su
3559 4681 3714 4717 uixe-

2133 4734 2211 4790 ris
2237 4734 2567 4789 Dorotbeum
2618 4734 2924 4804 principatu
2976 4681 3296 4789 giocletiani
3345 4733 3549 4788 factum
3592 4748 3714 4789 esse

2130 4808 2532 4877 presbyterum,
2560 4806 2749 4860 eadem
2783 4813 2980 4877 manet
2996 4803 3316 4877 difﬁcultas;
3349 4804 3623 4877 quomodo
3644 4820 3713 4859 ex

2130 4873 2450 4946 presbytero
2473 4876 2646 4929 factus
2673 4876 2745 4930 sit
2772 4875 3157 4931 cubicularius.
3184 4875 3393 4945 Quippe
3431 4889 3502 4928 ex
3546 4873 3715 4946 Euse-

2131 4946 2221 5015 bio
2246 4945 2475 5015 aliisque
2518 4956 2752 5011 constat,
2785 4947 3114 5000 Dorotbeum
3148 4947 3273 5000 dum
3318 4953 3463 5001 esset
3486 4945 3714 5015 cubicu-

2130 5014 2300 5069 larius
2357 5014 2411 5069 et
2461 5015 2684 5086 iuiaula
2736 5016 3041 5086 principum
3089 5014 3716 5086 versaretur,subiisse

2131 5087 2476 5157 martyrium.
2531 5085 2747 5140 Fefellil
2789 5085 3145 5157 Blondellum,
3177 5087 3357 5157 primo
3382 5085 3601 5157 quidem
3638 5088 3715 5140 si-

2130 5154 2379 5211 militudo
2398 5157 2707 5228 nominum:
2727 5156 2921 5211 deinde
2953 5159 3100 5226 quod
3140 5154 3370 5228 uterque
3396 5154 3712 5228 eunuchus,

2129 5233 2358 5297 uterque
2410 5227 2611 5282 charus
2668 5223 2990 5297 imperatori
3032 5228 3205 5283 fuisse
3240 5223 3463 5284 dicitur.
3508 5223 3713 5280 Verum

2127 5294 2566 5352 animadvertere
2596 5294 2860 5352 debuerat
2912 5296 3239 5361 Blondellus,
3273 5298 3391 5353 lieri
3419 5312 3527 5351 non
3553 5310 3712 5364 posse

2127 5375 2186 5419 ut
2222 5367 2363 5439 idem
2404 5367 2564 5422 simul
2595 5377 2745 5424 esset
2791 5368 3075 5439 presbyter
3100 5378 3156 5423 et
3179 5368 3550 5439 cubicularius
3588 5379 3604 5419 :
3636 5367 3711 5439 si-

2123 5436 2239 5518 mul
2268 5451 2455 5520 sacras
2479 5439 2693 5494 litteras
2716 5439 2771 5493 in
2791 5436 3037 5495 ecclesia
3071 5448 3390 5511 exponeret,
3415 5446 3470 5492 et
3496 5438 3553 5492 in
3584 5436 3708 5490 aula

2125 5518 2434 5577 principum
2462 5518 2799 5564 versaretur.
3470 5575 3481 5577 _
3552 5538 3557 5541 '

2196 5575 2323 5652 (52’
2355 5577 2481 5633 Τῶν
2500 5578 2774 5649 μάλιστα
2813 5581 3186 5652 έᾷευθερίων.
3220 5577 3390 5652 Magis
3434 5575 3609 5652 placet
3645 5589 3707 5630 ea

2123 5647 2566 5719 lectio’quam‘in
2602 5653 2761 5707 codd.
2814 5650 2954 5707 Med.
3019 5647 3072 5707 et
3120 5651 3256 5706 Μαι.
3301 5647 3500 5718 reperi,
3533 5648 3584 5701 id
3621 5658 3711 5719 est

2122 5717 2414 5789 liberaliter
2455 5722 2732 5776 educatus.
2750 5721 2841 5777 Sic
2872 5732 3020 5778 certe
3049 5723 3246 5789 legitur
3275 5717 3442 5775 etiam
3466 5720 3520 5774 in
3548 5717 3711 5774 codd.

2121 5788 2256 5845 ιιύιί.
2296 5800 2349 5847 et
2392 5790 2688 5850 Saviliano.
2733 5793 2888 5864 Vulg.
2923 5788 3243 5864 ἐλευθέρων.
