4220 6452
464 367 573 426 725

1453 368 1803 427 HISTORIA)
1841 370 2402 430 ECCLESIASTICAE
2440 373 2572 433 LIB.
2611 373 2727 430 VII.

3615 373 3724 431 Ἰἓϐ

466 486 766 559 μαχοῦντος
798 485 1014 558 στρατῷ
1042 486 1178 557 (56),
1204 487 1378 562 ταύτῃ
1408 505 1469 542 τε
1505 491 1863 561 τυγχάνοντος
1899 493 2038 545 ἀπο-

2141 496 2369 564 provide.
2395 496 2748 566 excogitavit.
2775 493 2962 550 Altera
2994 506 3122 555 pars
3152 491 3394 549 civitatis
3417 504 3541 549 cum
3565 505 3723 547 exer—

461 581 771 653 λιορκήτου,
820 580 912 635 τὸν
945 581 1205 637 Εὐσέϐιον
1234 582 1348 654 (ἔτι
1389 584 1498 657 γὰρ
1527 579 1666 639 εἶναι
1705 587 1826 640 τότε
1854 585 2039 640 αὐτόθι

463 672 570 746 πρὸ
599 673 701 744 τῆς
728 675 821 729 ἐπὶ
850 675 1052 747 Συρίαν
1080 677 1550 751 μεταναστάσεως)
1572 680 1631 734 ἐν
1652 683 1765 745 τοῖς
1788 678 2041 752 ἀπολιορ-

464 762 651 834 κήτοις
671 763 823 829 ὅντα,
857 765 1001 837 μέγα
1041 783 1100 820 τε
1131 765 1289 832 κλέος
1329 767 1423 822 καὶ
1442 768 1722 841 διαϐόητον
1751 769 1923 841 ὄνομα
1951 768 2044 839 μέ-

463 871 556 929 χρι
577 855 673 910 καὶ
697 855 792 911 τοῦ
824 856 1108 938 Ῥωμαίων
1130 860 1503 931 στρατηλάτου
1528 878 1696 934 κεκτη
1706 864 1885 933 μένον,
1912 863 2040 937 περὶ

463 944 573 1001 τῶν
602 944 744 1018 λιμῷ
770 946 1229 1021 διαφθειρομένων
1254 950 1395 1005 κατὰ
1419 952 1520 1023 τὴν
1544 952 1860 1024 πολιορκίαν
1898 954 2042 1025 πέμ-

463 1037 571 1113 ψας
598 1039 629 1091 ό
666 1039 969 1105 Ἀνατόλιος
999 1040 1327 1096 ἐκδιδάσκει.
1370 1043 1429 1097 '0
1452 1044 1509 1098 δὲ
1544 1043 1733 1115 μαθὼν
1765 1047 2040 1119 σωτηρίαν

463 1130 574 1196 τοῖς
595 1130 704 1185 ἀπὺ
735 1130 845 1185 τῶν
877 1131 1150 1204 πολεμίων
1173 1134 1491 1205 αὐτομόλοις
1520 1138 1845 1208 παρασχεῖν,
1878 1136 1955 1202 ὡς
1982 1140 2041 1192 ἐν

465 1222 697 1297 μεγίστῃ
730 1223 912 1297 χάριτι
934 1224 1141 1297 δωρεᾶς
1174 1226 1265 1281 τὸν
1305 1226 1593 1299 Ῥωμαίων
1625 1230 1932 1302 στρατηγὸν
1956 1231 2042 1286 eti-

366 1392 369 1395 _
462 1316 655 1368 τεῖται.
710 1314 822 1369 Καὶ
869 1318 970 1386 τῆς
1010 1315 1288 1383 ἀξιώσεως
1327 1336 1392 1388 γε
1446 1318 1644 1390 τυχὼν,
1687 1320 1928 1392 ἐμφανὲς
1963 1319 2041 1393 τῷ

473 1403 763 1478 Ἀνατολίῳ
794 1405 1135 1478 καθίστησιν.
1182 1409 1242 1462 '0
1273 1409 1330 1463 δὲ
1362 1409 1560 1465 αὐτίκα
1580 1409 1680 1483 τὴν
1710 1412 2041 1482 ἐπαγγελίαν

461 1495 772 1567 δεξάμενος,
802 1496 997 1569 βουλὴν
1027 1498 1139 1553 τῶν
1176 1484 1568 1573 Ἀλεξανδρέων
1601 1501 1943 1572 συναγαγὼν,
1970 1503 2041 1558 τὰ

462 1587 565 1659 μὲν
596 1588 787 1663 πρῶτα
814 1589 1023 1655 πάντας
1064 1589 1219 1662 ἠξίου
1252 1591 1472 1665 φιλικὴν
1512 1592 1698 1649 δοῦναι
1749 1595 2043 1666 Ῥωμαίοις

460 1677 675 1757 δεξιὰν,
704 1680 780 1746 ὡς
809 1680 856 1734 δ’
905 1682 1287 1755 άγριαίνοντας
1332 1685 1425 1738 ἐπὶ
1471 1683 1550 1756 τῷ
1591 1684 1735 1759 λόγῳ
1780 1686 2039 1751 συνεῖδεν,

458 1768 575 1822 ἀλλ’
602 1769 664 1823 οὐ
704 1768 880 1843 τούτῳ
911 1788 996 1840 γε,
1030 1772 1216 1844 φησὶν,
1266 1771 1564 1839 ἀντιλέξειν
1605 1773 1726 1827 ποθ’
1758 1775 1903 1846 ὑμᾶς
1928 1774 2040 1829 οῖο-

459 1878 580 1933 μαι,
610 1863 659 1916 εἱ
686 1863 812 1927 τοὺς
840 1865 1128 1938 περιττοὺς
1153 1864 1247 1919 καὶ
1279 1867 1413 1937 ἡμῖν
1444 1866 1628 1929 αὐτοῖς
1656 1865 1865 1938 οὐδαμῆ
1908 1884 2043 1938 χρη-

457 1950 673 2021 σίμους,
700 1946 931 2025 γραῖδας
958 1956 1055 2011 καὶ
1087 1957 1257 2027 νήπια
1284 1959 1381 2013 καὶ
1425 1957 1761 2030 πρεσϐύτας,
1791 1959 2041 2015 ἐκδοῦναι

456 2042 641 2098 πυλῶν
677 2044 783 2110 ἔξω
820 2044 1059 2116 βαδίζειν
1098 2048 1220 2102 ὅποι
1261 2050 1358 2105 καὶ
1387 2049 1660 2122 βούλοιντο
1705 2052 2039 2124 συμϐουλεύ-

455 2157 637 2213 σαιμι.
676 2143 743 2197 Τί
785 2143 897 2217 γὰρ
935 2145 1000 2218 δὴ
1027 2145 1253 2212 τούτους
1291 2148 1373 2213 είς
1403 2150 1581 2222 μάτην
1619 2151 1743 2206 ὅσον
1772 2149 1926 2206 οὔπω
1952 2168 2041 2205 τε-

455 2232 817 2306 θνηξομένους
860 2240 994 2305 παρ’
1029 2239 1243 2305 ἑαυτοῖς
1272 2240 1526 2313 ἔχοιμενς
1565 2243 1620 2299 τί
1655 2243 1711 2297 δὲ
1739 2243 1865 2309 τοὺς
1905 2245 2040 2300 ἀνα-

456 2327 666 2399 πήρους
693 2329 790 2383 καὶ
818 2329 889 2385 τὰ
918 2330 1145 2404 σώματα
1181 2332 1614 2406 λελωϐημένους,
1638 2335 1719 2409 τῷ
1756 2334 1900 2408 λιμῷ
1941 2353 2043 2390 κα-

457 2418 820 2492 τατρύχομεν,
841 2423 1065 2495 τρέφειν
1089 2423 1208 2479 δέον
1233 2427 1426 2497 μόνους
1449 2428 1652 2502 ἄνδρας
1680 2430 1776 2484 καὶ
1801 2430 2039 2497 νεανίας,

452 2510 551 2565 καὶ
575 2511 667 2565 τὸν
698 2513 996 2583 ἀναγκαῖον
1041 2516 1214 2588 πυρὸν
1253 2522 1366 2583 τοῖς
1398 2519 1491 2572 ἐπὶ
1533 2520 1751 2593 φυλακῇ
1794 2523 1898 2594 τῆς
1948 2522 2042 2576 πό-

455 2603 592 2668 λεως
648 2604 978 2677 ἐπιτηδείοις
1012 2609 1370 2682 ταμιεύεσθαι
1413 2610 1563 2684 (57);
1608 2612 1883 2679 Τοιούτοις
1929 2616 2041 2669 τισί

454 2700 734 2768 λογισμοῖς
764 2698 963 2765 πείσας
986 2701 1046 2755 τὸ
1088 2702 1383 2777 συνέδριον,
1431 2704 1610 2778 ψῆφον
1649 2707 1867 2779 πρῶτος
1907 2708 2041 2764 ἀνα-

455 2788 588 2853 στὰς
640 2790 885 2863 ἐκφέρει,
928 2794 1039 2846 πᾶν
1085 2794 1148 2848 τὸ
1192 2798 1260 2868 τῇ
1305 2796 1562 2869 στρατείᾳ
1613 2796 1690 2870 μὴ
1734 2798 2040 2873 ἐπιτήδειον

453 2879 562 2933 εῖτε
600 2880 813 2954 ἀνδρῶν
850 2884 959 2938 εῐτε
988 2885 1271 2954 γυκαικῶν
1309 2888 1488 2958 γένος,
1522 2888 1778 2944 ἀπολύειν
1815 2893 1916 2963 τῆς
1943 2894 2041 2948 πό-

454 2970 610 3037 λεως,
637 2974 718 3028 ὅτι
745 2974 881 3046 μηδὲ
912 2979 1313 3049 καταμένουσιν
1341 2982 1523 3046 αὐτοῖς
1549 2981 1643 3035 καὶ
1669 2984 1750 3047 είς
1781 2982 1842 3037 τὸ
1867 2983 2041 3057 ἄχρη-

453 3078 578 3117 στον
610 3064 669 3120 ἐν
695 3068 760 3138 τῇ
805 3067 958 3122 πόλει
988 3068 1374 3142 διατρίϐουσιν,
1404 3074 1561 3140 ἐλπὶς
1596 3074 1662 3131 ἂν
1688 3075 1900 3146 γένοιτο
1935 3093 2042 3132 σω-

2140 585 2531 641 citu.Romano
2567 586 2838 642 societate
2887 584 3173 654 conjuncta
3216 593 3358 654 erat,
3390 600 3454 642 ac
3490 587 3723 658 proinde

2141 678 2367 734 minime
2403 679 2650 735 obsessa.
2678 678 2736 733 ln
2772 676 2877 733 hac
2904 676 3228 733 versabalur
3251 675 3525 733 Eusebius
3552 674 3719 751 (nou-

2141 769 2270 824 dum
2297 769 2443 825 enim
2471 771 2537 824 ad
2560 778 2746 839 partes
2778 766 2956 840 Syriae
2982 765 3362 838 migraverat),
3392 765 3550 837 cujus
3576 765 3724 823 cele-

2140 859 2239 917 bre
2260 875 2456 917 nomen
2484 868 2540 916 et
2564 859 2797 931 insignis
2821 858 2991 930 gloria
3020 858 3086 914 ad
3110 871 3273 914 aures
3294 857 3458 914 etiam
3485 855 3719 912 Romani

2142 952 2297 1008 ducis
2325 959 2670 1024 pervenerat.
2688 950 2844 1007 Hunc
2857 950 3146 1008 Anatolius
3164 950 3331 1007 misso
3350 949 3492 1006 clam
3525 947 3720 1003 nuntio

2141 1043 2430 1099 certiorem
2463 1042 2595 1097 facit
2624 1042 2691 1097 de
2712 1056 2942 1099 numero
2968 1056 3154 1099 eorum
3188 1041 3283 1112 qui
3315 1040 3459 1097 fame
3486 1039 3542 1096 in
3570 1037 3718 1094 obsi-

2142 1137 2305 1193 dione
2335 1136 2643 1193 interirent.
2661 1134 2779 1204 Quo
2803 1145 3084 1207 comperto
3109 1134 3379 1191 Eusebius
3408 1150 3438 1189 a
3466 1132 3722 1189 Romano

2144 1228 2283 1285 duce
2331 1227 2555 1283 maximi
2608 1227 2858 1284 beneﬁcii
2907 1227 3028 1284 loco
3076 1226 3387 1299 postulavit,
3429 1234 3489 1282 ut
3528 1226 3597 1283 iis
3625 1220 3718 1297 qui

2143 1322 2485 1393 transfugere
2512 1319 2581 1375 ab
2612 1319 2863 1376 hostibus
2885 1317 3109 1384 vellent,
3134 1316 3564 1374 incolumitatem
3588 1331 3720 1372 con-

2141 1413 2382 1469 cederet.
2418 1409 2474 1465 ld
2506 1424 2630 1467 cum
2657 1409 3025 1479 impetrasset.
3061 1409 3246 1465 statim
3293 1407 3547 1466 Anatolio
3576 1406 3717 1463 indi-

2141 1505 2309 1560 cavit.
2332 1501 2450 1568 llle,
2470 1501 2834 1575 promissione
2863 1502 3023 1557 ducis
3049 1501 3283 1558 libenter
3316 1508 3566 1570 accepta,
3596 1498 3722 1554 Ale-

2140 1595 2470 1652 xandrinum
2505 1601 2774 1651 convocat
2806 1601 3078 1650 senatum.
3110 1594 3187 1648 Ac
3221 1591 3458 1663 primum
3493 1591 3718 1662 quidem

2142 1685 2374 1741 suadere
2394 1683 2560 1756 coepit
2587 1685 2864 1751 omnibus,
2887 1691 2948 1739 ut
2965 1697 3091 1739 eum
3116 1681 3378 1737 Romanis
3402 1682 3457 1736 in
3490 1683 3718 1753 gratiam

2144 1777 2410 1833 redirent.
2445 1774 2553 1834 Sed
2594 1791 2717 1832 cum
2745 1775 2870 1831 illos
2915 1773 3227 1845 hujusmodi
3273 1772 3462 1828 verbis
3490 1783 3720 1836 exaspe-

2144 1878 2293 1924 ratos
2316 1867 2529 1924 videret
2552 1885 2567 1925 :
2592 1867 2663 1921 At
2692 1866 2796 1922 hoc
2823 1875 2996 1934 certe,
3025 1865 3221 1936 inquit,
3245 1876 3588 1935 nequaquam
3621 1876 3720 1918 vos

2142 1959 2387 2015 arbitror
2417 1958 2818 2031 repudiaturos,
2842 1956 2893 2012 si
2919 1956 3077 2013 vobis
3105 1969 3328 2011 suasero
3378 1963 3439 2010 ut
3460 1967 3724 2023 superva-

2143 2067 2302 2107 cnam
2343 2058 2507 2123 atque
2543 2050 2789 2107 inutilem
2821 2048 3071 2115 turbam,
3104 2062 3243 2104 anus
3274 2047 3494 2105 scilicet
3536 2054 3592 2103 et
3636 2047 3724 2103 in-

2142 2143 2319 2200 ianles
2355 2158 2422 2200 ac
2448 2157 2629 2208 senes,
2653 2152 2808 2198 extra
2835 2149 3025 2212 portas
3046 2140 3200 2196 abire
3228 2126 3336 2211 quo
3357 2138 3544 2195 volent
3574 2138 3724 2195 sina-

2145 2236 2234 2290 tis.
2264 2234 2404 2302 Quid
2425 2235 2572 2290 enim
2599 2233 2731 2290 istos
2748 2232 3083 2305 jamjamque
3104 2230 3401 2286 morituros
3419 2228 3724 2285 retinemus

2143 2326 2462 2382 nobiscum?
2493 2324 2604 2382 Cur
2627 2339 2724 2381 eos
2762 2322 2859 2395 qui
2889 2321 3169 2379 debilitato
3201 2320 3417 2391 penitus
3456 2335 3522 2375 ac
3553 2317 3722 2374 muti-

2141 2418 2253 2476 luto
2298 2427 2427 2475 sunt
2465 2432 2716 2487 corpore.
2761 2415 2904 2471 fame
2950 2414 3172 2484 insuper
3209 2413 3552 2479 conﬁcimus,
3593 2425 3721 2467 cum

2140 2513 2289 2569 viros
2326 2512 2595 2569 duntaxat
2627 2525 2691 2566 ac
2716 2508 2949 2582 juvenes
2975 2508 3123 2563 alere
3147 2511 3417 2577 oporteat,
3442 2514 3498 2559 et
3528 2519 3720 2561 neces-

2140 2605 2344 2661 sarium
2374 2602 2707 2661 frumentum
2745 2600 2835 2666 iis,
2857 2599 2947 2670 qui
2977 2598 3043 2656 ad
3081 2597 3234 2654 urbis
3264 2598 3569 2654 custodiam
3604 2597 3722 2651 ido-

2140 2696 2228 2753 nei
2257 2691 2775 2768 sunt,dispensare?
2799 2688 3121 2759 llujusmodi
3151 2688 3459 2745 rationibus
3479 2704 3602 2744 cum
3636 2702 3723 2743 se-

2140 2797 2327 2842 natum
2354 2786 2408 2841 in
2436 2785 2767 2843 sententiam
2793 2797 2951 2840 suam
2982 2780 3360 2853 pertraxisset,
3377 2780 3494 2852 ipse
3515 2781 3724 2851 primus

2141 2892 2441 2949 exsurgens
2484 2884 2695 2947 censet,
2729 2890 2949 2932 omnem
2987 2872 3263 2931 imbellem
3314 2871 3720 2929 multitudinem

2141 2980 2249 3026 tam
2278 2971 2448 3043 286
2465 2969 2638 3025 virilis
2661 2981 2823 3038 quam
2848 2965 3132 3022 muliebris
3147 2980 3314 3023 sexus
3331 2980 3399 3022 ex
3416 2967 3549 3022 urbe
3564 2966 3725 3021 emit-

2140 3063 2360 3118 tendam
2385 3076 2541 3130 esse;
2567 3061 2768 3131 quippe
2797 3074 2922 3116 cum
2950 3058 3019 3114 iis
3041 3059 3086 3115 si
3118 3058 3324 3116 diutius
3344 3066 3720 3125 remanerent,

452 3152 667 3226 τηρίας,
702 3156 839 3229 πρὸς
868 3156 963 3212 τοῦ
991 3159 1153 3231 λιμοῦ
1182 3161 1724 3238 διαφθαρησομένοις.
1761 3165 1947 3239 Ταύτῃ
1981 3166 2038 3221 δὲ

2142 3162 2199 3212 et
2242 3153 2554 3211 nullatenus
2598 3153 3128 3223 reipublicaeﬁtiles
3173 3158 3545 3217 morarentur,
3572 3150 3723 3205 nulla

452 3243 562 3299 τῶν
587 3244 792 3301 λοιπῶν
827 3247 1083 3303 ἁπάντων
1124 3254 1191 3324 τῇ
1228 3252 1390 3325 βουλῇ
1439 3255 2035 3329 συγκατατεθειμένων,

454 3337 653 3410 μικροῦ
701 3337 812 3393 δεῖν
853 3342 981 3405 τοὺς
1013 3342 1224 3407 πάντας
1269 3343 1379 3399 τῶν
1426 3345 1900 3419 πολιορκουμένων
1930 3349 2041 3405 διε-

454 3425 701 3493 σώσατο,
736 3429 796 3482 ἐν
834 3431 1074 3504 πρώτοις
1113 3434 1213 3504 μὲν
1248 3435 1375 3499 τοὺς
1406 3436 1515 3490 ἀπὸ
1541 3440 1640 3509 τῇς
1688 3438 2035 3512 Ἐκκλησίας,

452 3517 646 3573 ἔπειτα
676 3519 734 3574 δέ
763 3522 855 3575 καὶ
884 3521 992 3575 τῶν
1022 3523 1197 3578 ἄλλων
1233 3524 1343 3579 τῶν
1377 3527 1520 3582 κατὰ
1546 3527 1644 3601 τὴν
1676 3529 1831 3584 πόλιν
1856 3532 2039 3586 πᾶσαν

453 3610 690 3682 ἡλικίαν,
720 3611 1120 3685 διαδιδράσκειν
1146 3617 1619 3691 προμηθούμενος,
1648 3622 1707 3677 οὐ
1742 3622 1902 3693 μόνον
1929 3624 2039 3680 τῶν

452 3703 598 3759 κατὰ
623 3704 723 3776 τὴν
762 3704 944 3777 ψῆφον
972 3708 1327 3780 δεδογμένων.
1368 3713 1446 3783 Τῇ
1486 3712 1544 3768 δὲ
1582 3713 1793 3770 τούτων
1826 3716 2039 3788 προφά-

453 3811 561 3861 σει,
603 3797 699 3851 καὶ
739 3798 965 3870 μυρίους
1001 3798 1196 3864 ἄλλους
1231 3801 1535 3875 λεληθότως
1562 3806 1881 3875 γυναικείαν
1918 3824 2039 3863 στο-

453 3886 552 3960 λὴν
583 3889 1050 3961 άμπισχομένους,
1097 3891 1315 3966 νύκτωρ
1356 3911 1416 3949 τε
1444 3898 1512 3969 τῇ
1553 3897 1765 3954 ἐκείνου
1797 3899 2037 3972 φροντίδι

450 3977 561 4033 τῶν
607 3979 791 4035 πυλῶν
832 3981 1095 4049 ἐξιόντας,
1130 3984 1229 4039 καὶ
1267 3986 1361 4040 ἐπὶ
1400 3985 1501 4059 τὴν
1550 3988 1837 4061 Ῥωμαίων
1868 4008 2036 4064 στρα-

449 4068 572 4124 τιὰν
611 4069 919 4141 ὁρμῶντας.
966 4071 1141 4128 Ἔνθα
1175 4075 1305 4141 τοὺς
1331 4075 1542 4143 πάντας
1577 4079 1970 4152 ὑποδεχόμενος
2007 4085 2037 4136 ό

449 4159 731 4229 Εὐσέϐιος,
765 4163 974 4236 πατρὸς
1022 4166 1117 4219 καὶ
1161 4167 1347 4240 ἰατροῦ
1386 4169 1564 4242 δίκην,
1613 4173 2037 4245 κεκακωμένους

448 4254 514 4308 ἐκ
542 4258 641 4327 τῆς
675 4257 892 4328 μακρᾶς
925 4256 1242 4330 πολιορκίας
1276 4258 1412 4330 (58),
1438 4261 1527 4316 διὰ
1566 4262 1751 4336 πάσης
1780 4265 2036 4337 προνοίας

449 4347 546 4401 καὶ
581 4345 880 4420 θεραπείας
929 4349 1214 4405 ἀνεκτᾶτο.
1267 4352 1537 4408 Τοιούτων
1582 4355 1618 4427 ή
1660 4356 1804 4412 κατὰ
1840 4357 2035 4412 Λαοδί-

448 4454 604 4493 κειαν
658 4440 955 4512 Ἐκκλησία
997 4441 1091 4497 δύο
1137 4442 1336 4515 ἐφεξῆς
1367 4445 1513 4500 κατὰ
1545 4446 1794 4520 διαδοχὴν
1821 4447 2028 4523 ἠξιώθη

2141 3263 2269 3318 spes
2305 3247 2500 3305 salutis
2526 3255 2858 3317 superesset,
2875 3245 3020 3301 fame
3041 3246 3232 3315 utique
3253 3241 3542 3313 perituris.
3569 3239 3723 3297 lianc

2139 3343 2468 3400 sententiam
2494 3356 2618 3397 cum
2653 3354 2846 3397 omnes
2876 3338 2968 3409 qui
2997 3339 3050 3393 in
3069 3346 3266 3393 senatu
3291 3343 3447 3392 erant
3469 3348 3724 3404 compro-

2137 3435 2388 3500 bassent,
2406 3433 2693 3489 universos
2721 3430 2836 3487 fere
2856 3430 3116 3487 obsessos
3142 3425 3430 3483 Anatolius
3456 3426 3720 3482 servavit.

2138 3524 2379 3582 Primum
2404 3525 2547 3581 enim
2574 3537 2796 3594 operam
2815 3520 2958 3578 dedit
2984 3532 3044 3576 ut
3075 3527 3275 3576 nostrae
3291 3516 3570 3587 religionis
3593 3516 3721 3584 viri,

2141 3617 2339 3675 deinde
2362 3627 2423 3675 ut
2450 3616 2542 3671 alii
2575 3616 2742 3671 etiam
2771 3612 3063 3686 cujuslibet
3097 3611 3298 3678 aetatis,
3330 3625 3432 3666 nec
3460 3610 3497 3666 ii
3524 3611 3724 3668 dunta-

2138 3717 2234 3763 xat
2258 3706 2458 3777 quibus
2489 3714 2713 3763 senatus
2742 3704 3023 3761 licentiam
3057 3702 3307 3770 dederat,
3330 3704 3523 3758 verum
3552 3702 3722 3758 etiam

2137 3800 2229 3855 alii
2262 3799 2446 3871 plures
2475 3797 2787 3872 hujusmodi
2814 3797 3043 3855 obtentu
3093 3794 3332 3851 latenter
3367 3793 3719 3865 aul'ugerent,

2137 3891 2391 3949 muliebri
2421 3901 2576 3948 veste
2611 3890 2806 3957 induti,
2839 3896 3115 3958 noctuque
3137 3896 3294 3942 extra
3326 3886 3570 3943 civitatis
3594 3901 3722 3957 νοτε

2139 3994 2224 4039 tas
2236 3986 2354 4056 ejus
2375 3999 2543 4054 opera
2564 3982 2830 4049 educti,et
2849 3980 2917 4036 ad
2937 3979 3306 4035 Romanorum
3325 3988 3506 4041 castra
3535 3988 3720 4034 trans-

2139 4074 2337 4145 gressi.
2410 4073 2487 4129 lbi
2541 4069 2815 4127 Eusebius
2861 4076 3089 4125 cunctos
3137 4069 3419 4145 excipiens
3461 4068 3720 4125 diuturna

2135 4165 2424 4222 obsidione
2456 4171 2784 4228 maceratus,
2818 4163 2972 4235 quasi
3008 4162 3229 4234 quidam
3259 4170 3414 4232 pater
3446 4173 3509 4215 ac
3541 4161 3720 4215 medi-

2136 4272 2236 4314 cus
2265 4257 2415 4314 omni
2440 4270 2576 4312 cura
2606 4270 2672 4312 ac
2694 4256 3040 4327 providentia
3071 4254 3363 4310 recreavit.
3394 4250 3720 4321 liujusmodi

2137 4352 2273 4407 duos
2303 4359 2553 4421 pastores
2577 4350 2834 4405 continua
2862 4346 3009 4404 serie
3040 4340 3151 4403 sibi
3172 4333 3557 4414 succedentes,
3579 4343 3721 4400 Lao-

2136 4442 2375 4500 dicensis
2393 4443 2638 4501 Ecclesia
2661 4442 2849 4501 divino
2885 4451 3021 4496 nutu
3054 4441 3247 4496 sortita
3274 4449 3378 4506 est.
3415 4452 3538 4494 cum
3566 4446 3718 4493 uter-

448 4531 745 4601 ποιμένων,
778 4533 876 4587 σὺν
911 4531 1032 4604 θείᾳ
1057 4531 1370 4606 προμηθείᾳ
1413 4534 1551 4606 μετὰ
1590 4516 2030 4610 τὸν-*δηλωθέντα

2137 4548 2240 4605 que
2261 4549 2453 4596 eorum
2483 4545 2613 4607 post
2633 4533 2932 4604 supradicti
2957 4532 3082 4589 belli
3111 4544 3351 4602 tempora
3380 4547 3448 4588 ex
3478 4530 3719 4589 Alexan-

448 4620 685 4693 πόλεμον
723 4624 788 4677 ἐκ
829 4626 929 4697 τῆς
978 4622 1372 4697 ’Δλεξανδρέων
1416 4626 1626 4693 πόλεως
1668 4629 1761 4682 ἐπὶ
1800 4629 1869 4684 τὰ
1905 4630 2030 4703 τῇδε

450 4712 911 4784 μετεληλυθότων.
943 4716 1018 4770 οὐ
1062 4717 1161 4788 μὲν
1191 4713 1285 4773 οὖν
1312 4719 1652 4791 ἐσπουδάσθη
1696 4720 1926 4778 πλεῖστα
1950 4721 2030 4795 τῷ
2062 4768 2065 4771 .

458 4805 749 4876 ’Δνατολίῳ
780 4807 1222 4881 συγγράμματα,
1261 4810 1497 4866 τοσαῦτα
1527 4812 1573 4868 δ’
1603 4814 1684 4876 είς
1725 4813 1873 4885 ἡμᾶς
1905 4814 2030 4888 ἐλή-

444 4895 573 4949 λυθε
592 4936 608 4964 ,
636 4895 703 4949 δι’
736 4890 811 4952 ὧν
840 4896 1007 4951 αὑτοῦ
1048 4899 1388 4971 καταμαθεῖν
1426 4899 1651 4955 δυνατὸν
1682 4900 1821 4973 ὁμοῦ
1865 4902 1930 4957 τό
1966 4919 2027 4957 τε

442 4986 622 5058 λόγιον
653 4989 747 5043 καὶ
780 4989 1122 5061 πλυμαθές,
1159 4993 1219 5047 ἐν
1261 4988 1344 5057 οἷς
1389 4993 1625 5065 μάλιστα
1661 4993 1730 5048 τά
1761 4995 1890 5068 περὶ
1927 4994 2024 5049 τοῦ

444 5081 637 5152 Πάσχα
679 5082 907 5147 δόξαντα
939 5083 1284 5156 παρίστησιν.
1336 5086 1454 5156 Ἀφ’
1493 5079 1572 5143 ὧν
1616 5087 1912 5157 ἀναγκαῖον
1957 5088 2032 5144 ἂν.

515 5235 630 5312 (56)
656 5235 743 5312 Τῷ
773 5235 1072 5312 Ῥωμαϊκῷ
1101 5240 1567 5311 συμμαχοῦντος
1603 5241 1861 5312 στρατῷ.
1885 5243 2022 5298 Dum

443 5307 698 5382 Claudius
713 5308 862 5382 imp.
877 5311 1156 5382 adversus
1177 5307 1444 5382 barbaros
1469 5307 1755 5382 pugnaret,
1770 5307 2029 5381 Zenobia,

442 5378 613 5451 misso
632 5376 815 5451 Zabdu
857 5380 993 5451 duce
1020 5394 1143 5434 cum
1193 5381 1396 5451 ingenti
1440 5376 1673 5451 militum
1705 5376 1888 5451 manu,
1926 5376 2025 5437 ad;

442 5397 613 5432 llllSSO
633 5397 815 5432 nanda
857 5397 993 5434 once
1020 5397 1143 5434 cum
1193 5397 1246 5435 ιιι
1287 5397 1396 5435 enu
1440 5397 1673 5437 multum
1705 5398 1888 5451 manu,
1926 5397 2017 5437 att-

437 5447 664 5527 juvante
687 5448 851 5502 etiam
869 5447 1178 5531 .Timogene
1206 5397 1491 5573 έςέριίο,
1524 5450 1824 5523 Egyptum
1853 5467 2017 5508 occu-

441 5524 696 5573 navut.et
724 5521 1039 5573 orestdtutn
1083 5521 1290 5573 Alexan
1338 5523 1433 5573 riae
1476 5521 1758 5573 imposuit.
1816 5522 2017 5573 Verum

441 5518 616 5591 pavit,
640 5518 1055 5591 etpragsidiutn
1083 5518 1433 5576 Alexandriae
1476 5518 1758 5591 imposuit.
1816 5522 2017 5578 Verum

441 5587 654 5661 Probus
668 5586 795 5661 ‘dux
819 5589 1251 5661 Romanusmum
1278 5590 1455 5658 copiis
1470 5586 1671 5661 quibus
1691 5591 2017 5661 imperabat,

441 5656 715 5737 adjunctis
751 5660 857 5737 sibi
918 5656 1868 5737 Egyptjis_quotquo_t'Palmyrenis
1911 5656 2016 5716 mi;

444 5726 591 5807 Liuie
626 5726 924 5807 favebant“,
959 5726 1156 5807 eosab
1180 5726 1420 5807 Ergpr
1449 5726 1701 5807 depulit;
1720 5740 1781 5807 ut
1830 5740 2018 5807 narrat

441 5794 693 5855 Zosimus
714 5808 768 5854 et
793 5797 964 5856 Pollio
996 5800 1049 5855 in
1079 5794 1694 5875 Claudiof'l’unc'igitur
1719 5799 2014 5858 Bruchiqu

2131 4628 2293 4683 drina
2327 4627 2460 4684 urbe
2502 4630 2554 4684 in
2588 4627 2805 4699 Syriam
2841 4626 3211 4698 migravissct.
3247 4624 3522 4682 Cancrum
3566 4625 3716 4680 Ana-

2134 4714 2298 4773 toliu's
2322 4731 2429 4773 non
2477 4717 2767 4775 admodum
2794 4715 2999 4773 multos
3029 4715 3337 4786 composuit
3376 4717 3566 4773 libros.
3607 4714 3717 4773 Ve-

2130 4826 2251 4866 rum
2276 4824 2344 4865 ex
2379 4810 2447 4866 iis
2473 4811 2566 4881 qui
2597 4811 2664 4867 ad
2691 4825 2790 4866 nos
2816 4817 3208 4882 pervenerunt,
3240 4808 3609 4881 eloquentiam
3635 4812 3714 4866 si-

2130 4902 2243 4957 mul
2289 4909 2346 4959 et
2387 4902 2749 4974 multiplicem
2782 4903 2904 4974 ejus
2941 4902 3308 4959 eruditionem
3342 4903 3559 4960 abunde
3587 4903 3715 4959 licet

2133 5008 2499 5064 cognoscere;
2530 4994 2801 5065 prmeipue
2834 5009 2964 5051 vero
2993 5010 3060 5050 ex
3104 4995 3171 5049 iis
3204 4995 3259 5049 in
3301 4995 3502 5066 quibus
3553 5010 3711 5052 suam

2134 5086 2203 5142 de
2232 5086 2439 5143 Pascha
2465 5088 2795 5145 sententiam
2825 5087 3139 5145 conﬁrmat.
3188 5086 3346 5144 Unde
3374 5088 3540 5144 etiam
3572 5104 3713 5145 non-

2122 5247 2257 5305 mihi
2285 5248 2499 5304 videtttr
2526 5242 2808 5300 obsessum
2837 5243 3006 5300 fuisse
3031 5258 3062 5300 a
3105 5243 3389 5301 Romanis.

2195 5318 2311 5392 (57)
2354 5314 2761 5392 Ταμέςύεσθαι.
2797 5314 2937 5392 Male
2973 5314 3503 5392 Christophorsonus
3540 5316 3708 5372 vertit

2123 5383 2452 5459 congeram:
2474 5384 2608 5459 Nam
2624 5383 3000 5459 emundanda:
3033 5388 3254 5455 proprie
3285 5396 3389 5449 est,
3422 5400 3545 5439 Clllll
3579 5402 3708 5459 par.

2124 5454 2363 5514 cim'onia
2389 5454 2638 5511 adtnetiri
2672 5454 2737 5510 ac
2773 5454 3091 5524 dispensare
3128 5470 3431 5521 annonam;
3457 5456 3601 5523 quod
3650 5457 3702 5509 in

2127 5530 2360 5600 penuria
2389 5528 2505 5600 lieri
2527 5526 2673 5600 solet
2694 5534 2750 5580 et
2784 5526 2838 5600 in
2875 5526 3273 5600 obsidionibus.

2195 5599 2312 5667 (58)
2360 5599 2456 5651 Ἐκ
2479 5593 2591 5663 τῆς
2630 5595 2868 5666 μακρᾶς
2915 5595 3285 5664 πολιορκίας.
3341 5592 3705 5667 "ieratiymus

2123 5669 2179 5724 iu
2203 5662 2466 5724 Chronico
2495 5662 2677 5738 plures
2705 5662 2806 5735 per
2832 5662 3006 5724 annos
3039 5662 3368 5738 prouectam
3414 5662 3702 5719 esse'scri-

2126 5740 2203 5795 bit
2234 5738 2452 5794 Bruchii
2479 5735 2837 5806 obsidionem.

2972 5911 3051 5924 ”¹--
3083 5910 3092 5922 1
