4220 6420
528 304 633 361 727
1239 309 1509 365 EUSEBII
1548 310 2018 368 CASSARIENSIS
2054 310 2206 366 OPP.
2247 308 2425 363 PARS
2458 308 2500 364 1.
2543 339 2610 349 —
2650 302 3041 362 HISTORICA.
3662 304 3767 363 128

527 425 675 482 nulla
701 427 810 482 hoc
836 426 957 481 loco
998 424 1204 479 referre
1233 441 1412 494 operm
1441 428 1675 494 pretium
1704 428 1885 491 fuerit,
1910 444 1978 481 ex
2013 443 2105 481 ca-
2132 431 2179 486 A

1910 444 1978 481 ex
2013 443 2105 481 ca-
2132 431 2179 486 Α
2208 424 2314 494 εἴη,
2346 424 2598 476 τοιούτων
2632 424 2723 476 ἐπὶ
2753 423 2845 477 τοῦ
2881 422 3149 491 παρόντος
3186 419 3569 493 μνημονεῦσαι.

529 520 764 573 nonibus
791 516 1137 587 paschalibus
1162 516 1419 572 Anatolii.
1452 518 1630 574 Habes
1656 520 1821 589 igitur
1850 520 1902 571 in
1923 523 2098 587 primo

2214 516 2312 568 Ἐκ
2364 514 2480 569 τῶν
2532 516 2663 583 περὶ
2735 515 2842 569 τοῦ
2903 514 3119 581 Πάσχα
3192 514 3526 568 Ἀνατολίου
3590 515 3764 568 Wd-

527 624 677 663 anno
711 608 1042 663 novilunium
1069 608 1223 675 primi
1256 611 1481 674 mensis,
1515 610 1660 678 quod
1692 617 1853 677 caput
1890 617 1975 664 est
2011 620 2095 662 to-

1448 624 1481 674 ς,
1515 610 1660 678 quod
1692 617 1853 677 caput
1890 617 1975 664 est
2011 620 2095 662 ιο·
2824 623 2945 658 νων
2985 604 3114 674 (59).

526 702 639 753 tius
668 699 858 754 circuli
888 698 1258 754 novemdecim
1282 714 1564 764 annorum,
1601 702 1895 755 secundum
1922 698 2087 768 Egy-

2276 720 2293 749 σ
2328 700 2510 768 Ἔχεις
2539 699 2715 751 τοίνυν
2742 696 2853 768 (60)
2887 699 2944 749 ὲν
2979 696 3056 764 τῷ
3078 694 3276 766 πρώτῳ
3304 695 3413 747 ἔτει
3444 692 3541 765 τὴν
3562 710 3761 763 νουμη-

524 791 668 856 ptins
697 790 914 857 quidem
942 790 1027 843 die
1045 790 1297 844 vicesima
1316 799 1467 843 sexta
1500 790 1702 843 mensis
1718 788 2091 852 Phamenoth;

521 881 675 950 juxta
709 878 1027 934 Macedones
1051 895 1179 934 vero
1222 882 1312 935 die
1340 881 1599 935 vicesimo
1627 881 1863 935 secundo
1891 880 2093 935 mensis

526 972 707 1043 Dystri
736 989 749 1026 :
787 980 848 1025 ut
881 981 1060 1025 autem
1094 972 1319 1025 Romani
1355 973 1619 1028 dicerent.
1648 983 1773 1026 ante
1805 970 1946 1026 diem
1992 987 2091 1024 nn-

2195 789 2312 842 νίαν
2350 788 2441 840 τοῦ
2472 785 2686 858 πρώτου
2720 784 2906 856 μηνὸς,
2938 785 3058 854 ἥτις
3081 784 3295 855 ἁπάσης
3324 785 3471 837 ἐστὶν
3497 783 3638 854 ἀρχὴ
3661 783 3759 851 τῆς

2195 877 2851 949 ὲννεακαιδεκαετηρίδος,
2890 882 2955 947 τῇ
3008 876 3130 929 καθ’
3163 875 3488 945 Αἰγυπτίους
3523 875 3618 946 μὲν
3654 876 3759 929 Φα-

2197 969 2371 1040 μενὼο
2399 969 2504 1039 (61)
2533 970 2667 1040 ἕκτῃ
2694 968 2787 1022 καὶ
2816 967 3011 1029 εἰκάδι,
3041 966 3181 1021 κατὰ
3204 966 3260 1019 δὲ
3282 967 3407 1029 τοὺς
3433 965 3757 1020 Μακεδόνων

524 1062 795 1115 decimum
816 1057 1182 1117 Kalendarum
1202 1061 1487 1129 Aprilium.
1515 1060 1684 1115 Porro
1704 1060 1756 1113 in
1779 1060 2092 1129 supradicta

2088 1084 2092 1113 ι
2195 1062 2387 1131 μῆνας,
2423 1060 2659 1131 Δύστρου
2696 1060 2924 1130 δευτέρᾳ
2948 1060 3041 1112 καὶ
3066 1059 3260 1123 εἰκάδι,
3285 1058 3361 1122 ὡς
3394 1057 3439 1111 δ’
3465 1059 3531 1112 ἂν
3556 1059 3754 1112 εἴποιεν

522 1155 611 1207 die
643 1154 902 1208 vicesima
933 1162 1086 1207 sexta
1118 1152 1322 1208 mensis
1364 1151 1737 1216 Phamenoth,
1771 1150 1851 1205 sol
1893 1151 2092 1220 reperi-

2090 1180 2092 1187 π
2204 1151 2481 1221 Ῥωμαῖοι,
2504 1152 2609 1221 πρὸ
2625 1150 2817 1203 ἕνδεκα
2836 1149 3128 1204 Καλανδῶν
3165 1149 3472 1221 Ἀπριλίων.
3501 1150 3756 1222 Εὖρίσκε-

523 1254 611 1297 tur
638 1259 743 1299 non
770 1245 930 1299 modo
957 1245 1189 1314 primum
1214 1245 1491 1314 ingressus
1516 1250 1875 1313 segmentum,
1897 1256 2087 1296 verum
2188 1266 2189 1275 ι

2085 1263 2087 1294 ι
2188 1258 2278 1295 ται
2326 1241 2382 1293 δὲ
2419 1245 2448 1295 ό
2491 1241 2640 1312 ἥλιος
2696 1244 2752 1295 ἐν
2803 1244 2867 1312 τῇ
2926 1239 3263 1313 προκειμένῃ
3310 1239 3570 1310 Φαμενὼθ
3617 1240 3751 1312 ἕκτῃ

519 1337 684 1392 etiam
702 1346 957 1407 quartum
994 1336 1046 1388 in
1069 1349 1133 1390 ea
1156 1335 1297 1389 diem
1320 1349 1665 1404 percurrens.
1699 1332 1849 1387 Hanc
1875 1341 2085 1400 partem

2188 1336 2281 1387 καὶ
2320 1334 2493 1387 εἰκάδι
2519 1335 2580 1387 οὐ
2614 1333 2772 1405 μόνον
2808 1333 3002 1397 ἐπιϐὰς
3042 1332 3134 1385 τοῦ
3185 1331 3398 1404 πρώτου
3447 1334 3751 1404 τμήματος,

520 1428 754 1495 primum
791 1426 1311 1486 dodccatemnrium.
1343 1433 1399 1479 et
1419 1424 1820 1493 aequinoctium,
1852 1432 1905 1477 et
1937 1436 2087 1476 men-

2187 1426 2298 1481 ἀλλ’
2343 1426 2441 1497 ἤδη
2491 1427 2584 1479 καὶ
2612 1427 2875 1498 τετάρτην
2906 1426 3120 1497 ἡμέραν
3161 1426 3218 1478 ἐν
3262 1424 3410 1495 αὐτῷ
3440 1425 3754 1497 διαπορευό-

517 1520 661 1573 sium
696 1518 933 1583 initium,
965 1527 1019 1571 et
1059 1525 1219 1587 caput
1260 1516 1474 1578 circuli,
1505 1525 1560 1569 et
1597 1528 1845 1568 carceres
1890 1526 2087 1567 cursus

2082 1529 2087 1562 ι
2190 1534 2366 1586 μενος.
2403 1518 2572 1571 Τοῦτο
2598 1518 2653 1571 δὲ
2691 1517 2751 1570 τὸ
2788 1518 3002 1588 τμῆμα,
3036 1516 3248 1587 πρῶτον
3282 1515 3748 1589 δωδεκατημόριον

516 1611 858 1679 planetarum
900 1623 1095 1663 vocare
1124 1608 1322 1664 solent.
1358 1606 1488 1673 Quae
1534 1619 1661 1659 vero
1699 1606 1836 1659 hanc
1874 1611 2083 1673 partem

2186 1611 2277 1662 καὶ
2323 1608 2654 1680 ἰσημερινὸν,
2699 1610 2791 1661 καὶ
2823 1608 3005 1680 μηνῶν
3036 1607 3231 1679 ἀρχὴν,
3267 1608 3361 1660 καὶ
3389 1607 3627 1678 κεφαλὴν
3654 1607 3750 1660 τοῦ

516 1700 765 1770 proxime
813 1697 1108 1760 antecedit,
1151 1695 1277 1751 ﬁnis
1323 1694 1588 1749 mensium
1639 1703 1693 1749 et
1745 1700 2083 1763 segmentum

2187 1699 2407 1764 κύκλου,
2443 1700 2535 1753 κα)⁵
2578 1700 2769 1768 ἄφεσιν
2799 1699 2891 1753 τοῦ
2922 1697 3029 1751 τῶν
3083 1698 3368 1768 πλανητῶν
3407 1699 3605 1771 δρόμου
3635 1698 3746 1763 (62)

516 1765 919 1853 duodecimum,
950 1798 1007 1842 et
1034 1788 1280 1841 ultimum
1323 1785 1842 1845 dodccatemorium,
1878 1791 1934 1837 et
1973 1790 2078 1836 tero
2111 1765 2153 1819 Β

2111 1765 2153 1819 Β
2183 1789 2366 1843 καλεῖν
2413 1765 2661 1843 εἰώθασι·
2695 1789 2755 1842 τὸ
2785 1790 2841 1843 δὲ
2889 1790 2995 1861 πρὸ
3038 1765 3256 1848 τούτου..
3298 1765 3481 1860 μηνῶν
3509 1765 3745 1861 -ἓσχατοδ

516 1881 696 1935 minus
719 1880 977 1934 circuitus
999 1878 1338 1947 planetarum
1356 1886 1600 1931 vocatur.
1616 1874 1973 1944 Quamobrem
1989 1873 2081 1938 qui

514 1969 747 2036 primum
783 1982 1022 2023 mensem
1071 1966 1125 2020 itt
1178 1981 1240 2019 ea
1267 1975 1536 2031 statuunt,
1559 1976 1612 2020 et
1647 1974 1898 2037 quartam
1932 1963 2081 2017 deci-

512 2073 656 2112 mam
685 2057 848 2127 287
880 2056 1149 2125 paschalis
1166 2055 1285 2109 festi
1316 2071 1379 2108 ex
1414 2070 1477 2110 ea
1521 2056 1816 2119 deducunt,
1846 2069 1940 2108 eos
1975 2068 2078 2108 non

513 2150 858 2204 mediocriter
872 2162 1058 2203 errare
1073 2148 1427 2201 allirmamus.
1446 2146 1622 2215 Atque
1638 2146 1751 2199 haec
1764 2144 1945 2214 opinio
1972 2160 2078 2197 non

511 2255 541 2294 a
577 2240 733 2294 nobis
761 2240 991 2308 primum
1015 2240 1319 2308 excogitata
1347 2247 1464 2303 est;
1489 2239 1583 2291 sed
1613 2253 1641 2290 a
1669 2234 2079 2305 priscisludteis

507 2332 672 2386 etiam
703 2339 829 2385 ante
866 2328 1069 2385 Christi
1095 2330 1385 2383 adventum
1418 2327 1655 2399 cognita,
1683 2337 1739 2383 et
1764 2328 1828 2381 ab
1861 2327 1927 2380 iis
1958 2326 2080 2379 uili,

508 2430 700 2490 genter
738 2423 1023 2477 observata
1047 2428 1150 2475 est.
1189 2419 1353 2488 quue
1375 2433 1441 2473 ex
1474 2417 1735 2483 Philonis,
1752 2416 1968 2486 Iosephi
2015 2432 2077 2471 ac

509 2512 692 2567 Musaei
721 2511 899 2566 verbis
932 2510 1057 2564 licet
1089 2522 1441 2578 cognoscere.
1484 2506 1669 2577 Neque
1703 2522 1771 2564 ex
1815 2508 1901 2562 his
1938 2507 2076 2561 dun-

509 2612 677 2668 taxat,
706 2618 894 2657 verum
922 2603 1089 2656 etiam
1132 2617 1194 2656 ex
1243 2600 1815 2670 aliigantiquioribus,
1867 2598 2076 2653 duobus

505 2695 716 2750 scilicet
742 2694 1212 2762 Agathobulis,qui
1240 2693 1485 2762 magistri
1514 2691 1874 2762 cognominati
1903 2698 2028 2745 sunt
2054 2729 2071 2754 ,

505 2796 557 2841 et
583 2784 918 2850 Aristobulo,
946 2785 1066 2839 viro
1098 2786 1568 2853 praestantissimo.
1600 2785 1846 2853 quiunus
1878 2780 1979 2837 fuit
2007 2798 2072 2837 ex

506 2878 613 2931 illis
637 2876 991 2946 Septuaginta
1052 2876 1181 2931 viris
1215 2877 1307 2945 qui
1347 2891 1502 2931 sacra
1541 2873 1889 2930 Hebraeorum
1920 2873 2071 2927 volu-

504 2969 649 3023 mina
673 2969 724 3022 in
750 2968 1019 3023 Ptolemaei
1047 2968 1383 3038 Philadelphi
1415 2977 1470 3024 et
1492 2968 1731 3037 parentis
1754 2967 1922 3037 ipsius
1947 2981 2072 3033 gra-

507 3061 637 3114 tiam
672 3058 863 3115 Graeco
886 3074 1137 3115 sermone
1178 3059 1522 3128 interpretati
1556 3067 1682 3113 sunt
1714 3078 1726 3111 :
1773 3068 1826 3113 et
1871 3058 1963 3127 qui
1998 3058 2064 3112 li-

502 3154 630 3209 bros
655 3154 1094 3223 explanatiouum
1124 3155 1260 3225 legis
1306 3153 1556 3208 Mosaicze
1602 3151 1796 3207 iisdem
1843 3152 2066 3222 regibus

501 3248 850 3317 nuncupavit.
885 3247 945 3303 lli
976 3250 1099 3303 dum
1120 3247 1418 3303 solutiones
1449 3244 1682 3299 aiferunt
1705 3245 2065 3314 quaestionum

502 3340 552 3393 iu
581 3340 846 3405 Exodum,
874 3342 1026 3395 aiunt
1058 3348 1282 3395 cunctos
1313 3337 1516 3407 pariter
1543 3335 1754 3390 Pascha
1782 3334 2066 3390 immolare

499 3432 697 3488 debere
725 3441 844 3502 post
880 3432 1265 3502 azqninoctium
1314 3444 1536 3484 vernum
1575 3428 1629 3482 in
1684 3427 1860 3483 medio
1902 3427 2061 3497 primi

568 3611 678 3681 (59)
706 3613 814 3681 Ἐκ
839 3608 1105 3681 τῶν’περὶ
1126 3612 1233 3667 τοῦ
1273 3610 1483 3681 Πάσχα
1527 3609 1871 3665 Ἀνατολίου
1902 3610 2077 3665 κανό-

497 3680 638 3735 νων.
674 3680 800 3737 Hac
822 3684 984 3754 verba
1019 3680 1057 3734 ιι
1078 3683 1287 3754 reliquo
1317 3680 1529 3754 Eusebii
1568 3691 1715 3754 textu
1762 3681 2068 3754 separanda

499 3762 651 3805 sunt.
684 3753 822 3805 Sunt
856 3753 998 3804 enim
1030 3751 1212 3805 instar
1237 3751 1376 3805 tituli
1420 3751 1724 3817 cujusdam,
1755 3764 1865 3818 quo
1906 3752 2070 3803 deno-

499 3831 647 3875 tatur
698 3835 928 3890 sequens
973 3820 1336 3891 fragmentum
1385 3821 1614 3875 alterius
1678 3834 1801 3874 esse
1845 3821 2072 3891 scripto-

498 3905 596 3944 τις.

570 3958 680 4033 (60)
716 3958 869 4028 Vulg.
895 3959 1271 4033 ἔχειγτοίνρν.
1296 3959 1395 4013 Hic
1428 3959 1702 4033 subaudiri
1728 3962 1937 4033 aliquid
1953 3975 2066 4015 ma-

499 4029 753 4084 nifestum
788 4040 890 4084 est.
917 4031 1438 4097 Christophorsonus
1478 4028 1693 4093 quidem
1718 4028 1911 4087 festum
1943 4046 2066 4098 pas-

498 4099 653 4153 chale
694 4100 973 4154 subaudiri
1015 4099 1382 4163 existimavit;
1434 4099 1579 4167 quod
1622 4110 1707 4153 est
1748 4102 2064 4157 absurdum.

495 4167 682 4237 Neque
732 4169 880 4224 enim
924 4169 1131 4223 Pascha
1165 4168 1358 4222 incidit
1407 4168 1475 4238 in,
1511 4167 1846 4225 novilunium
1905 4170 2062 4238 primi

499 4239 721 4311 mensis.
758 4239 870 4311 Ego
910 4254 1039 4311 vero
1061 4238 1315 4311 existimo
1350 4237 1695 4292 scribendum
1720 4256 1843 4295 esse
1871 4237 2013 4311 ἔχεις
2048 4258 2062 4294 :

495 4308 577 4362 vel
608 4318 756 4362 certe
780 4307 869 4377 ἔχε
909 4309 959 4362 in
996 4307 1336 4376 imperativo.

565 4377 647 4465 ιδ]
659 4377 998 4465 lituis-.3719
1172 4377 1664 4465 διιυετῖξογςέιέτ
1693 4380 1986 4465 Φξμξνώθο
2008 4381 2063 4463 tn
2098 4411 2141 4465 ι)

495 4447 834 4518 muld.'Med.,
862 4447 979 4501 Fuk
1014 4456 1067 4501 et
1084 4447 1353 4502 Mazarino
1380 4448 1712 4518 legiturcﬁv.
1743 4447 1848 4518 Sed
1886 4454 2063 4505 omni-

494 4517 999 4591 no__l_egendum_est
1020 4520 1110 4591 τῇ,
1148 4526 1207 4571 ιιι
1231 4519 1507 4591 sequentia
1543 4516 1932 4591 demonstrant.

564 4584 677 4657 (62)
717 4588 827 4641 Καὶ
870 4584 1157 4655 ἀφεσιῶἰ..
1210 4587 1318 4640 τοῦ
1363 4586 1605 4655 δρόμου.
1679 4589 1825 4641 Hauc
1873 4605 2060 4644 vocem

496 4672 599 4708 non
651 4658 1029 4711 intellexerunt
1066 4658 1675 4725 interpretes..'A<pectg
1714 4660 1937 4724 proprie
1980 4670 2062 4713 est

493 4735 811 4795 transenna,
869 4741 936 4780 ex
970 4742 1074 4794 qua
1109 4728 1433 4795 emittuntur
1459 4729 1757 4795 quadrigae,
1812 4739 1867 4780 ιιι
1915 4741 2061 4783 recte

496 4796 705 4863 notavit
739 4794 980 4863 Scaliger
1031 4797 1082 4847 in
1127 4796 1267 4848 notis
1295 4798 1360 4849 ad
1395 4794 1692 4857 Manilium,
1757 4813 1877 4863 pag.
1935 4798 2058 4854 1'26.

493 4862 732 4936 Primum
770 4862 934 4936 igitur
971 4863 1465 4918 dodecatemorium
1511 4862 1806 4936 vocabatur
1844 4867 2056 4936 ἄφεσις,

492 4932 636 5001 quod
674 4934 742 4984 ah
776 4933 868 4985 illo
892 4942 1145 5003 tanquam
1172 4949 1200 4986 ιι
1232 4936 1543 5003 carceribus
1573 4935 1835 5003 inciperet
1868 4932 2060 4993 cursus

494 5004 870 5076 planetarum;
900 5001 1090 5076 ἄφεσις
1123 5017 1262 5076 ergo
1283 5002 1434 5076 idem
1482 5001 1734 5076 est‘quod
1768 5005 2055 5076 ἀφετηρία.

567 5069 677 5142 (65)
717 5072 855 5123 Κατ’
880 5069 1535 5142 αὑτὴνᾲλαμόάνοντας.
1568 5069 1801 5126 Omnino
1820 5069 2060 5129 scriben-

494 5140 621 5194 duin
672 5150 757 5211 est
808 5142 928 5193 κατ’
980 5140 1157 5211 αὐτὸ,⁸
1200 5153 1258 5196 ut
1287 5143 1399 5209 jam
1441 5142 1649 5210 pridem
1696 5143 2055 5211 conjeceram.

491 5212 668 5278 Atque
699 5209 769 5263 ita
799 5210 1108 5263 emendavit
1129 5208 1385 5264 Petavius
1412 5208 1465 5263 in
1492 5208 2059 5267 animadversionibus

492 5283 557 5331 ad
590 5279 977 5347 Epiphanium,
1008 5295 1129 5348 pag.
1167 5279 1399 5342 190,ubi
1432 5281 1575 5333 hunc
1605 5282 1841 5334 Anatolii
1879 5282 2054 5336 locum

490 5349 774 5421 diligenter
809 5350 1047 5418 exponit.
1083 5349 1137 5421 lin
1175 5363 1301 5421 quo,
1324 5350 1492 5421 etiam
1541 5353 1861 5421 exponendo
1903 5365 2058 5421 egre-

488 5412 893 5487 giat'uﬂopcram'
915 5420 1133 5472 navavit
1180 5412 1425 5484 Egidius
1453 5412 1772 5475 Buchérius.

560 5485 675 5558 (64)
699 5485 709 5487 ἡ
729 5486 1100 5558 Ἀμςροτέρων
1166 5487 1625 5555 Ἀτιιθοϐούλων.
1698 5490 1839 5543 Duos
1890 5489 2055 5544 fuisse

489 5556 858 5627 Agathobulos
892 5566 1250 5627 cognomento
1290 5558 1559 5627 doctores,
1609 5558 1800 5611 scribit
1851 5562 2055 5615 Anato-

491 5624 617 5679 lius.
667 5629 771 5680 Sed
796 5628 937 5695 quod
964 5624 1062 5680 eos
1086 5626 1313 5681 Philone
1359 5636 1413 5680 et
1461 5624 1697 5694 Josepho
1730 5630 2054 5684 vetustiores

491 5694 640 5758 facit,
676 5694 865 5751 verear
903 5712 969 5751 ne
995 5697 1247 5765 opinione
1275 5711 1370 5751 sua
1401 5696 1571 5751 falsus
1608 5700 1694 5750 sit.
1733 5698 1867 5752 Nam
1913 5701 2053 5769 Agav

2182 1882 2275 1936 xui.
2303 1883 2494 1952 τμῆμα
2525 1881 2839 1945 δωδέκατον,
2886 1881 2979 1936 καὶ
3027 1882 3328 1936 τελευταῖον
3373 1881 3737 1953 δωδεκατημό-

2182 1990 2317 2042 ριον,
2349 1975 2442 2026 καὶ
2466 1972 2616 2037 τέλος
2650 1972 2749 2043 τῆς
2780 1971 2889 2025 τῶν
2917 1973 3205 2044 πλανητῶν
3236 1973 3505 2045 περιόδου.
3537 1974 3627 2027 Διὸ
3655 1977 3747 2029 καὶ

2177 2067 2303 2129 τοὺς
2331 2066 2388 2118 ἐν
2419 2064 2568 2135 αὐτῷ
2596 2064 2909 2135 τιθεμνους
2947 2064 3037 2117 τὸν
3079 2063 3292 2136 πρῶτον
3320 2065 3485 2135 μῆνα,
3525 2065 3618 2118 καὶ
3648 2066 3744 2135 τὴν

2176 2157 2769 2229 τεσσαρεσκαιδεκάτην
2799 2154 2892 2208 τοῦ
2928 2156 3116 2225 Πάσχα
3163 2156 3283 2208 κατ’
3327 2156 3496 2228 αὐτὴν
3535 2156 3746 2228 λαμϐά-

2177 2266 2360 2313 νοντας
2392 2249 2526 2319 (65),
2565 2250 2625 2301 οὐ
2664 2247 2875 2319 μικρῶς
2904 2248 3009 2301 οὐδ’
3055 2248 3130 2311 ώς
3178 2247 3366 2319 ἔτυχεν
3411 2250 3744 2319 ἁμαρτάνειν

2177 2340 2373 2409 φαμέν.
2418 2341 2570 2393 Ἔστι
2612 2340 2655 2393 δ’
2688 2341 2785 2410 οὐχ
2826 2339 3089 2411 ἡμέτερος
3134 2331 3288 2403 οὗτος
3333 2340 3563 2409 ὁηλόγος.
3614 2343 3744 2394 Ἰου-

2174 2430 2341 2494 δαίοις
2375 2431 2430 2483 δὲ
2478 2429 2802 2499 ἐγινώσκετο
2830 2433 2944 2495 τοῖς
2996 2430 3161 2484 πάλαι
3198 2431 3294 2484 καὶ
3339 2431 3444 2502 πρὸ
3482 2432 3738 2503 Χριστοῦ,

2175 2522 2496 2592 ἐφυλάττετὸ
2520 2540 2575 2575 τε
2612 2522 2747 2593 πρὸς
2777 2523 2950 2575 αὐτῶν
2991 2522 3242 2592 μάλιστα.
3283 2522 3491 2576 Μαθεῖν
3523 2522 3567 2576 δ’
3594 2524 3740 2576 ἔστιν

2172 2615 2237 2666 ἐκ
2268 2613 2375 2665 τῶν
2416 2614 2521 2666 ὑπὸ
2563 2614 2814 2677 Φίλωνος,
2869 2612 3151 2683 Ἰωσήπου,
3200 2614 3477 2667 Μουσαίου
3510 2613 3739 2683 λεγομέ-

2171 2721 2277 2757 νων
2293 2722 2305 2734 '
2342 2706 2434 2757 καὶ
2461 2705 2520 2757 οὐ
2552 2706 2725 2774 μόνων
2746 2703 2969 2766 τούτων,
2994 2703 3130 2759 ἀλλὰ
3154 2705 3248 2759 καὶ
3274 2705 3381 2758 τῶν
3410 2704 3490 2758 ἔτι
3518 2704 3741 2758 παλαιοί

2169 2788 2361 2860 τέρων,
2397 2791 2717 2863 ἀμφοτέρων
2779 2791 3179 2858 Ἀγαθοϐούλων
3226 2791 3335 2863 (64)
3370 2793 3478 2845 τῶν
3511 2794 3738 2866 ἐπίκλην

2169 2880 2517 2943 διδασκάλων,
2564 2881 2968 2953 Ἀριστοϐούλου
3005 2882 3098 2935 τοῦ
3127 2883 3264 2937 πάνυ
3294 2884 3430 2951 (65),
3464 2884 3521 2948 ὃς
3547 2887 3603 2938 ἐν
3627 2889 3739 2948 τοῖς

2181 2969 2576 3041 Ἐϐδομήκοντα
2606 2972 3019 3041 κατειλεγμένος
3046 2977 3157 3038 τοῖς
3180 2974 3277 3038 τὰς
3299 2975 3449 3045 ἱερὰς
3473 2977 3565 3028 καὶ
3590 2976 3737 3039 θείας

2179 3059 2439 3132 Ἐϐραίων
2473 3063 2839 3134 ἐρμηνεύσασι
2868 3063 3106 3134 Γραφὰς,
3137 3065 3455 3137 Πτολεμαίῳ
3478 3065 3555 3136 τῷ
3577 3066 3736 3121 Φιλα-

2171 3151 2346 3224 δέλφῳ
2377 3153 2572 3224 καὶτῷ
2610 3154 2797 3208 τούτου
2830 3155 3015 3227 πατρὶ,
3051 3157 3144 3211 καὶ
3173 3157 3387 3227 βίϐλους
3409 3158 3737 3232 gemma;

2171 3246 2265 3300 τοῦ
2296 3246 2573 3312 Μωῡσέως
2600 3248 2764 3318 νόμου
2807 3251 2921 3313 τοῖς
2951 3250 3129 3313 αὐτοῖς
3169 3249 3555 3321 προσεφώνησε
3587 3251 3737 3321 βασι-

2172 3336 2372 3392 λεῦσιν.
2396 3331 2555 3392 Οὗτοι
2579 3340 2646 3393 τὰ
2676 3340 2978 3411 ζητούμενα
3007 3340 3141 3395 κατὰ
3168 3342 3263 3413 τὴν
3288 3339 3462 3407 ἔξοδον
3490 3341 3736 3397 ἐπιλύον-

2169 3444 2280 3493 τες,
2324 3429 2455 3497 φασὶ
2485 3428 2594 3482 δεῖν
2621 3432 2687 3484 τὰ
2732 3430 3052 3501 διαϐατήρια
3092 3430 3239 3485 θύειν
3267 3431 3461 3503 ἐπίσης
3493 3432 3734 3496 ἅπαντας

2176 3612 2426 3665 lltohulus
2449 3612 2798 3680 philosophus
2829 3612 3005 3666 ﬂoruit
3032 3615 3361 3669 temporibus
3395 3617 3645 3680 Adriani,
3674 3627 3733 3672 ut

2171 3681 2662 3803 geribitHEusebius
2690 3686 2742 3736 in
2785 3683 3062 3744 Chronico,
3117 3697 3163 3736 et
3205 3701 3269 3738 ex
3324 3687 3413 3740 illo
3470 3686 3733 3757 Georgius

2210 3763 2347 3803 ἲνιιρθ
2392 3767 2472 3803 Its.

2210 3763 2472 3821 J'tIPeIIIIS.

2238 3820 2347 3889 (65)
2393 3822 2847 3889 Ἀριστοϐούλου
2876 3822 2981 3875 τοῦ
3019 3822 3198 3876 πάνυ.
3256 3825 3478 3879 Ruﬁnus
3522 3826 3731 3879 Aristo-

2168 3890 2351 3961 bulum
2382 3906 2449 3943 ex
2473 3892 2718 3946 Paueade
2742 3895 3151 3956 interpretatur.
3180 3895 3326 3961 gravi
3364 3910 3571 3949 errore.
3624 3896 3730 3951 Sed

2165 3957 2418 4012 Ruﬁnum
2454 3961 2585 4014 nihil
2623 3976 2824 4024 moror,
2857 3962 3009 4025 cujus
3032 3957 3212 4017 versit)
3250 3964 3551 4017 innumeris
3582 3982 3731 4019 men-

2168 4029 2250 4083 dis
2281 4027 2477 4082 referta
2520 4039 2620 4084 est.
2648 4028 2814 4085 Miror
2852 4030 3210 4100 Scaligerum,
3258 4034 3346 4100 qui
3382 4033 3432 4086 in
3473 4035 3730 4088 Animad-

2167 4100 2486 4169 versionjbus
2514 4100 2852 4161 Eusebianis,
2877 4115 2999 4169 pag.
3039 4100 3161 4161 t50.
3204 4102 3440 4156 Anatolii
3469 4106 3628 4158 verba
3662 4121 3731 4160 ex

2166 4182 2328 4238 prava
2358 4167 2538 4221 Rufini
2560 4167 3004 4238 interpretatione
3018 4172 3338 4238 corrigenda
3362 4187 3481 4225 esse
3496 4177 3726 4227 censuit.

2168 4237 2310 4307 Beda
2334 4253 2549 4305 quoque
2577 4239 2627 4291 in
2644 4238 2779 4290 libro
2798 4237 2872 4290 De
2891 4243 3092 4292 ratione
3108 4237 3358 4307 coinputi,
3374 4256 3591 4306 pravam
3619 4242 3730 4296 Ru-

2171 4306 2263 4358 ﬁni
2307 4308 2810 4373 interpretationem
2866 4309 2940 4360 ita
2995 4306 3229 4364 secutus
3262 4313 3454 4363 scribit
3512 4330 3525 4364 :
3577 4312 3728 4367 Sicut

2169 4390 2348 4427 eorum
2399 4376 2718 4444 antiquiores
2771 4377 3133 4443 Agathobulus
3164 4389 3211 4432 et
3260 4380 3323 4431 ab
3376 4396 3436 4433 eo
3487 4384 3728 4435 eruditus

2169 4445 2498 4518 Aristobulus
2522 4443 2875 4518 etPanioda.
2899 4448 2985 4518 qui
3012 4463 3148 4518 unus
3166 4463 3230 4500 ex
3254 4449 3361 4503 illis
3388 4447 3727 4518 Septuaginta

2185 4514 2474 4586 senioribus
2514 4515 2631 4586 fuit,
2667 4517 2759 4586 qui
2806 4516 2953 4586 missi
3002 4515 3210 4586 fuerant
3260 4534 3293 4569 α
3349 4514 3724 4586 pontiﬁcibus,

2167 4594 2273 4634 ctc.
2317 4581 2538 4637 Videtur
2572 4584 2711 4637 Beda
2772 4581 3134 4645 existimasse.
3186 4581 3723 4645 Paniadam‘nomen

2169 4652 2332 4723 fuisse
2356 4654 2633 4723 proprium
2663 4654 2942 4720 scriptoris
2969 4654 3162 4711 Judtei.
3215 4656 3351 4723 Quia
3405 4657 3615 4713 scilicet
3670 4662 3725 4715 in

2168 4722 2352 4793 codice
2378 4720 2558 4793 Ruﬁni
2589 4736 2696 4790 quo
2732 4723 2980 4776 utebatur
3004 4762 3019 4787 ,
3052 4720 3313 4793 scriptum
3358 4737 3476 4781 erat
3517 4729 3724 4783 Aristo-

2168 4790 2321 4864 b_utt_ts
2346 4800 2394 4843 et
2424 4789 2685 4864 PaniadaJ
2717 4793 2986 4864 quomodo
3018 4789 3181 4864 etiam
3210 4795 3407 4864 legitur
3444 4797 3496 4849 in
3543 4810 3723 4852 vetus-

2168 4858 2398 4935 tissimo_
2420 4861 2606 4935 codice
2635 4858 2970 4935 Parisiensis
3005 4858 3289 4935 Ecclesia?
3308 4866 3396 4933 qui
3432 4881 3597 4935 penes
3638 4883 3727 4925 me

2166 4940 2269 5003 est,
2303 4942 2358 4981 et
2388 4931 2437 4981 iu
2457 4929 2899 5003 Corbeiensi_ttott
2950 4932 3174 5003 minoris
3203 4929 3485 5003 vetustatis
3504 4938 3721 5003 codice,

2165 5000 2255 5065 qui
2288 5013 2430 5051 nunc
2457 5009 2539 5051 est
2571 4999 2623 5051 iu
2663 4999 2983 5055 bibliotheca
3021 5001 3203 5058 Sancti
3241 5002 3514 5058 Germani.
3550 4999 3721 5061 Cane;

2167 5082 2284 5143 rum
2312 5066 2623 5143 quodhunc
2640 5068 3009 5143 Aristobulum
3024 5087 3187 5143 unum
3213 5070 3379 5128 fuisse
3400 5091 3470 5143 ex
3502 5074 3723 5143 Septua-

2167 5138 2312 5213 ginta
2356 5138 2660 5213 senioribus
2690 5139 3347 5213 scribit_Anatolius,iid
3391 5138 3716 5213 jampridem

2165 5205 2431 5279 refutavit
2449 5206 2693 5279 Scaliger
2723 5208 2776 5279 in
2809 5223 2875 5264 eo
2900 5209 3020 5264 loco
3044 5224 3200 5279 quem
3224 5205 3408 5266 citavi.
3446 5205 3611 5269 Porro
3631 5216 3717 5270 hic

2160 5275 2498 5350 Aristobulus
2521 5276 2835 5350 διδάσκαλος
2892 5275 3494 5350 etiam—cognominatus
3525 5294 3625 5349 est,
3658 5295 3717 5337 ut

2164 5345 2499 5421 scribiturin
2542 5346 2634 5421 lib.
2665 5348 2710 5401 ll
2742 5345 3186 5421 Machabazorum',
3231 5365 3351 5420 cap.
3395 5368 3433 5413 ι,
3488 5366 3551 5406 eo
3575 5345 3715 5421 quod

2161 5414 2436 5488 Ptolemaei
2456 5417 2594 5485 regis
2623 5419 2875 5487 magister
2906 5416 3111 5488 fuisset.
3142 5414 3326 5488 Neque
3354 5424 3498 5475 enim
3527 5414 3719 5477 assen-

2163 5484 2592 5558 t_ior_Scaligero,
2623 5484 2881 5558 qui'huuc
2906 5484 3302 5553 Aristobulum,
3331 5490 3484 5558 cujus
3512 5494 3719 5545 mentio

2163 5555 2222 5606 tit
2268 5554 2327 5627 in
2374 5555 2605 5627 historia
2643 5554 3123 5627 ’Machabteorum,
3179 5554 3463 5627 distinguit
3513 5561 3581 5614 ab
3624 5561 3715 5613 illo

2117 5645 2131 5660 ι
2165 5625 2520 5699 peripatetico
2562 5626 2895 5699 philosopho,
2926 5627 3017 5699 qui
3047 5642 3175 5699 suos
3207 5628 3261 5682 in
3309 5625 3483 5698 legem
3513 5628 3715 5699 Moysis

2159 5696 2578 5751 commentarios
2629 5695 2919 5753 Ptolemaeo
2946 5695 3311 5753 "Philometori
3356 5695 3708 5768 nuncupavit.
