4220 6392
406 367 527 423 729”

1400 368 1752 426 HISTORle
1792 369 2344 429 ECCLESIASTICXE
2386 374 2512 430 LIB.
2555 375 2667 432 νη.

3548 381 3655 437 730

413 482 551 556 μετὰ
591 484 879 556 ίσημερίαν
911 483 1151 555 ἐαρινὴν,
1182 481 1472 555 μεσοῦντος
1495 483 1591 536 τοῦ
1631 484 1847 555 πρώτου
1881 500 1985 553 μη-
2015 487 2038 543 ,Δ

2040 489 2059 542 ι
2089 488 2311 541 mensis.
2341 487 2393 541 Id
2427 499 2607 542 autem
2636 491 2903 563 contingit
2931 506 3052 547 cum
3076 492 3157 548 sol
3186 494 3415 562 primam
3441 506 3651 564 partem

407 580 518 639 νός·
540 575 696 634 τοῦτο
714 575 772 630 δὲ
793 577 1161 647 εὑρίσκεσθαι,
1183 576 1245 629 τὸ
1263 576 1478 648 πρῶτον
1502 578 1694 648 τμῆμα
1717 576 1810 628 τοῦ
1832 575 1986 645 ἡλια-

410 665 528 730 κοῦ,
559 666 698 737 qui);
727 684 872 731 τινες
905 668 1085 722 αὐτῶν
1123 667 1430 739 ὠνόμασαν,
1464 667 1738 739 ζωοφόρου
1779 666 1981 719 κύκλου

411 756 697 823 διεξιόντος
741 758 913 830 ἡλίου.
953 760 1010 812 '0
1055 759 1111 812 δὲ
1163 759 1567 829 Ἀριστόϐουλος
1606 757 1980 830 προστίθησιν,

411 848 487 912 ὡς
513 848 598 918 εἴη
626 846 931 919 ἐξαναγκης
960 852 1027 920 τῇ
1059 849 1168 901 τῶν
1203 848 1566 920 διαϐατηρίων
1595 848 1752 917 ἑορτῇ
1782 847 1855 917 μὴ
1888 845 1985 914 μό-

411 955 502 991 νον
525 938 618 991 τδν
661 939 810 1009 ἥλιον
845 939 907 992 τὸ
955 939 1265 1010 ἰσημερινὸν
1308 936 1722 1008 διαπορεύεσθαι
1763 937 1979 1006 τμῆμα,

412 1030 504 1084 καὶ
526 1030 624 1102 τήν
657 1030 887 1101 σελήνην
912 1030 991 1087 δέ.
1027 1030 1148 1083 Τῶν
1180 1029 1290 1101 γὰρ
1325 1028 1651 1101 ίσημερινῶν
1677 1027 1981 1099 τμημάτων

410 1121 578 1175 ὅντων
603 1120 716 1186 δύο,
746 1120 841 1175 τοῦ
872 1122 970 1191 μὲν
999 1120 1239 1192 ὲαρινοῦ,
1260 1119 1355 1174 τοῦ
1382 1120 1439 1173 δὲ
1468 1118 1859 1191 μετοπωρινοῦ,
1886 1118 1981 1172 καὶ

410 1212 840 1285 διαμετρούντων
874 1211 1099 1281 ἄλληλα,
1126 1211 1366 1282 δοθείσης
1389 1229 1448 1264 τε
1468 1211 1567 1282 τῆς
1592 1209 1701 1263 τῶν
1721 1208 1979 1280 διαϐατη-

413 1305 543 1375 ρίων
576 1304 787 1374 ἡμέρας
817 1305 884 1373 τῇ
926 1302 1490 1374 τεσσαρεσκαιδεκάτῃ
1532 1299 1626 1353 τοῦ
1660 1300 1826 1370 μηνὸς
1858 1298 1978 1370 μεθ’

412 1394 677 1463 ἑσπέραν,
732 1392 1012 1462 ἑστήξεται
1061 1392 1157 1461 μὲν
1206 1391 1401 1461 σελήνη
1451 1389 1547 1460 τὴν
1592 1390 1838 1443 ἐναντίαν
1886 1390 1981 1443 καὶ

408 1486 698 1557 διάμετρον
725 1482 802 1553 τῷ
846 1484 981 1554 ἡλίῳ
1030 1484 1236 1537 στάσιν.
1282 1483 1490 1552 Ὥσπερ
1532 1477 1624 1535 οὖν
1669 1481 1875 1545 ἔξεστιν
1920 1483 1977 1534 ὲν

408 1581 527 1642 ταῖς
577 1577 929 1648 πανσελήνοις
967 1577 1131 1647 ὁρᾷν·
1176 1576 1391 1629 ἔσονται
1427 1575 1483 1626 δὲ
1516 1577 1543 1627 ὁ
1587 1574 1706 1645 μὲν,
1738 1572 1877 1625 κατὰ
1916 1571 1980 1625 τὸ

410 1670 621 1741 ὲαρινὸν
667 1668 978 1741 ἰσημερινὸν
1010 1670 1038 1722 ό
1067 1667 1218 1739 ἥλιος
1247 1667 1462 1738 τμῆμα,
1495 1668 1527 1737 ή
1562 1666 1637 1730 δὲ,
1674 1664 1978 1735 ὲξανάγκης

407 1762 547 1816 κατὰ
577 1762 637 1815 τὸ
667 1760 1065 1833 φθινοπωρινὸν
1125 1758 1437 1830 ἰσημερινὸν
1488 1758 1522 1828 ἠ
1580 1756 1794 1827 σελήνη.
1842 1751 1975 1809 Οἶδα

407 1853 634 1906 πλεῖστα
666 1852 760 1905 καὶ
789 1850 921 1905 ἄλλα
970 1850 1106 1921 πρὸς
1158 1849 1336 1903 αὐτῶν
1362 1848 1645 1917 λεγόμενα,
1684 1848 1838 1901 τοῦτο
1874 1848 1972 1919 μὲν

406 1943 626 2008 πιθανὰ,
659 1942 815 1997 τοῦτο
851 1942 907 1994 δὲ
944 1940 1085 1994 κατὰ
1109 1940 1205 2003 τὰς
1234 1939 1502 2011 κυριακὶις
1536 1939 1833 2003 ἀποδείξεις
1858 1938 1967 2009 (66)

405 2032 700 2101 προϊόντα,
739 2032 806 2084 δι’
851 2024 927 2083 ὧν
988 2029 1337 2100 παριστάνειν
1384 2028 1676 2098 πειρῶνται
1721 2028 1817 2099 τὴν
1874 2028 1968 2082 τοῦ

404 2124 597 2194 Πάσχα
641 2124 735 2177 καὶ
778 2122 887 2175 τῶν
932 2122 1154 2192 ἀζύμων
1199 2120 1390 2193 ἑορτὴν
1432 2121 1541 2174 δεῖν
1593 2122 1808 2184 πάντως
1854 2122 1969 2192 μετ’

406 2214 692 2284 ἰσημερίαν
733 2210 992 2281 ἄγεσθαι·
1038 2210 1275 2282 παρίημι
1315 2211 1372 2264 δὲ
1415 2211 1514 2274 τὰς
1562 2212 1813 2276 τοιαύτας
1863 2212 1971 2266 τῶν

402 2306 728 2372 ἀποδείξεων
767 2306 898 2368 ὔλας
942 2305 1221 2360 ἀπαιτῶνο
1257 2300 1301 2372 ᾧ
1332 2303 1445 2375 (67)
1496 2304 1824 2377 περιῄρηται
1874 2305 1971 2376 μὲν

401 2400 462 2453 τὸ
493 2399 585 2451 ἐπὶ
606 2397 700 2451 τοῦ
726 2398 1004 2462 Μωῦσέως
1033 2398 1181 2469 νόμῳ
1205 2397 1485 2468 κάλυμμα,
1520 2396 1973 2468 ἀνακεκαλυμμέ-

400 2507 477 2561 νῳ
507 2489 563 2543 δὲ
594 2488 672 2559 τῷ
707 2487 980 2559 προσώπῳ
1010 2488 1192 2542 λοιπὸν
1212 2489 1315 2560 ’ἤδη
1345 2490 1577 2560 Χριστὸν
1603 2490 1694 2543 καὶ
1730 2490 1801 2544 τὰ
1834 2491 1968 2560 Χρι-

403 2579 527 2634 στοῦ
551 2580 637 2632 ἀεὶ
665 2578 1118 2648 κατοπτρίζεσθαι
1143 2580 1439 2651 μαθήματά
1460 2597 1518 2633 τε
1538 2581 1630 2634 καὶ
1650 2581 1967 2652 παθήματα.

400 2672 507 2725 Τοῦ
552 2672 608 2724 δὲ
639 2671 731 2725 τὸν
770 2670 984 2743 πρῶτον
1020 2671 1151 2742 παρ’
1197 2671 1467 2744 Ἑϐραίοις
1506 2672 1649 2743 μῆνα
1690 2675 1816 2745 περὶ
1851 2676 1972 2742 terq-

403 2760 597 2832 μερίαν
620 2755 779 2827 εῖναι,
817 2761 1195 2831 παραστατικὰ
1220 2762 1314 2815 καὶ
1346 2761 1414 2814 τὰ
1447 2764 1504 2814 ἐν
1537 2762 1619 2833 τῷ
1663 2762 1831 2834 Ἑνὼχ
1856 2763 1969 2833 (68)

404 2851 764 2923 μαθήματα.»
825 2851 935 2904 Καὶ
980 2852 1348 2923 ἀριθμητικὰς
1400 2853 1455 2907 δὲ
1510 2854 1896 2909 καταλέλοιπεν
1942 2857 1971 2908 ὁ

400 2944 562 3007 αὐτὸς
606 2946 663 2996 ὲν
703 2943 845 3007 ὅλοις
883 2942 1017 2997 δέκα
1050 2945 1474 3016 συγγράμμασιν
1508 2946 1811 3014 εἰσαγωγὰς
1840 2945 1967 3015 (69).

401 3036 494 3090 καὶ
523 3035 658 3089 ἄλλα
687 3036 955 3107 δείγματα
980 3036 1079 3107 τῆς
1112 3038 1237 3109 περὶ
1265 3036 1333 3090 τὰ
1356 3035 1473 3089 θεῖα
1495 3036 1690 3107 σχολῆς
1719 3055 1776 3090 τε
1806 3035 1969 3090 αὑτοῦ

400 3128 494 3179 καὶ
522 3126 894 3197 πολυπειρίας.
921 3126 1107 3196 Τούτῳ
1151 3126 1365 3198 πρῶτος
1394 3130 1422 3181 ὁ
1454 3127 1553 3197 τῆς
1598 3127 1969 3182 Παλαιπινῶν
1996 3162 2044 3225 c

400 3216 733 3288 Καισαρείας
755 3217 1051 3282 ἐπίσκοπος
1076 3217 1394 3283 Θεότεκνος,
1428 3222 1615 3291 χεῖρας
1640 3221 1719 3283 εἰς
1750 3222 1974 3274 ἐπισκο-

402 3309 511 3377 πὴν
543 3306 871 3370 ὲπιτέθεικε,
904 3308 1148 3379 διάδοχον
1178 3308 1372 3363 ἑαυτοῦ
1409 3309 1547 3380 μετὰ
1587 3309 1839 3381 τελευτὴν
1870 3326 1970 3363 πο-

405 3398 636 3470 ριεῖσθαι
663 3401 730 3470 τῇ
768 3398 872 3468 ίδίᾳ
905 3398 1165 3470 παροικίᾳ
1191 3399 1581 3469 προμνώμενος
1604 3399 1736 3470 (70).
1769 3401 1880 3454 Καὶ
1905 3400 1972 3473 δὴ

404 3492 498 3545 ἐπὶ
528 3491 755 3563 σμικρόν
777 3507 896 3543 τινα
918 3490 1106 3561 χρόνον
1126 3492 1293 3561 ἄμφω
1317 3491 1415 3561 τῆς
1439 3491 1607 3561 αὐτῆς
1626 3489 1973 3563 προύστησαν

416 3580 735 3651 Ἔκκλησξας
751 3581 882 3651 (71)·
916 3580 1051 3634 ἀλλὰ
1100 3580 1208 3650 γὰρ
1247 3582 1339 3634 ἐπὶ
1376 3581 1476 3652 τὴν
1516 3582 1840 3652 Ἀντιόχειαν
1876 3583 1974 3654 τῆς

403 3672 546 3731 κατὰ
578 3672 789 3725 Παύλου
820 3674 1034 3727 συνόδου
1064 3673 1354 3744 καλούσης,
1385 3674 1483 3744 τὴν
1500 3673 1806 3727 Λαοδικέων
1825 3673 1976 3727 πόλιν

403 3761 614 3834 παριὼν
632 3762 745 3834 (72)
786 3762 920 3835 πρὸς
964 3763 1073 3816 τῶν
1113 3763 1356 3831 ἀδελφῶν
1393 3762 1578 3817 αὐτόθι
1621 3763 1975 3834 κοιμηθέντος

478 3959 625 4031 (66)⁴
665 3958 963 4028 Κυριακὰς
1014 3960 1406 4031 ἀποδείξεις..
1447 3960 1967 4031 Christophorsonus

400 4029 913 4103 vertit'ratas.__Sic
951 4031 1133 4103 κυρίαι
1175 4032 1323 4096 δόξαι
1359 4029 1611 4103 dicuntur
1654 4045 1685 4085 a
1741 4030 1966 4087 Graecis.

400 4100 628 4155 Rufinus
656 4098 1001 4153 ualidissimas
1020 4098 1331 4154 ussertiones
1363 4101 1547 4154 vertit.

469 4169 581 4241 (67)
621 4168 778 4237 Vulg.
806 4169 957 4235 ὕλας
981 4170 1082 4224 ἀπ’
1102 4159 1420 4241 αὐτῶνῷν.
1447 4169 1624 4241 Nostri
1638 4169 1873 4241 quinque
1890 4185 1976 4241 co-

402 4237 681 4295 dices'uuo
710 4254 974 4293 consensu
1011 4240 1267 4305 scriptum
1307 4238 1507 4293 habent
1548 4237 1679 4302 ὕλας
1702 4240 1972 4295 ἀπαιτῶν.

403 4309 510 4365 Sed
529 4310 582 4363 in
605 4308 792 4363 codice
820 4308 988 4377 Regio
1002 4311 1188 4363 eadem
1214 4324 1369 4360 manu
1394 4309 1703 4375 adnotatur,
1728 4310 1975 4364 scriben-

402 4380 528 4434 dum
572 4393 692 4432 esse
734 4377 831 4430 ἀπ’
886 4376 1086 4431 αὐτῶν.
1134 4377 1292 4431 Certe
1347 4378 1442 4430 ἀπ’
1479 4376 1660 4431 αὐτῶν
1695 4378 1974 4445 legendum

401 4464 547 4513 esse,
578 4463 644 4517 εξ
672 4450 1027 4515 sequentibus
1062 4457 1305 4513 apparet.
1339 4445 1459 4500 Nisi
1478 4450 1620 4517 enim
1650 4450 1722 4500 ita
1757 4450 1971 4517 legeris,

402 4510 855 4589 quareret-esea
897 4532 1015 4583 qua:
1050 4510 1350 4589 sequuntur
1375 4517 1539 4571 verba
1582 4510 1657 4589 ὧν
1710 4510 1976 4589 πρὶῄρηέ

398 4584 512 4650 ται.
546 4597 652 4640 etc.
686 4584 792 4639 Sed
835 4602 1000 4647 nunc,
1023 4600 1079 4639 re
1128 4587 1391 4639 attentius
1435 4588 1743 4642 examinata
1770 4584 1794 4650 ,’
1833 4584 1975 4643 scri-

400 4656 638 4727 bendum
673 4670 867 4709 censeo
899 4655 1030 4718 ὔλας
1070 4655 1345 4709 ἀπαιτῶν·
1369 4649 1416 4725 ᾧ
1446 4649 1816 4727 περιῄρηται,
1869 4669 1975 4713 etc.

401 4725 869 4795 quueetseusus
900 4736 952 4778 et
980 4736 1274 4795 syntaxeos
1305 4729 1443 4780 ratio
1472 4725 1731 4795 postulat.

472 4792 585 4865 (68)
635 4793 732 4865 ’E_‘r
754 4792 833 4857 τῷ
874 4792 1079 4862 Ἑνώχ.
1108 4793 1277 4865 μου
1309 4792 1495 4865 Enocb
1523 4799 1721 4850 citatur
1754 4810 1783 4848 a
1840 4794 1976 4850 Juda

399 4864 453 4917 in
488 4863 723 4933 Ep’islola
763 4867 1055 4934 canonica.
1105 4863 1238 4918 Erat
1278 4864 1420 4934 liber
1445 4866 1828 4934 apocryplms,
1881 4881 1977 4919 uec

401 4931 548 4989 inter
580 4933 872 4998 canonicos
927 4931 1272 4988 Hebraeorum
1326 4931 1497 4989 libros
1543 4931 1813 5002 receptus.
1868 4935 1976 4988 Sed

402 5013 582 5058 tamen
611 5002 863 5071 apostoli,
902 5018 1198 5070 eorumque
1225 5004 1477 5071 exemplo
1511 5004 1720 5072 antiqui
1763 5004 1973 5067 Patres,

404 5073 714 5129 testimonia
748 5087 814 5125 ex
839 5074 1167 5142 apocryphis
1193 5075 1435 5141 proferre
1467 5090 1574 5127 nou
1621 5074 1974 5140 dubitarunt;

401 5158 464 5198 ea
502 5143 712 5198 scilicet
742 5155 862 5209 qua
888 5140 954 5194 ad
989 5140 1337 5195 astruendatn
1370 5143 1652 5196 veritatem
1697 5144 1974 5208 facerent,

400 5227 468 5267 ex
498 5212 565 5268 iis
589 5212 872 5281 eligentes.
909 5211 1041 5265 Vide
1071 5209 1361 5281 Georgium
1386 5210 1694 5281 Syncellum
1731 5214 1782 5266 in
1809 5212 1980 5266 Chro-

398 5282 679 5407 gicomubi
718 5279 1055 5335 luculentum
1090 5279 1458 5351 fragmentum
1507 5280 1666 5335 aﬂert
1712 5296 1783 5337 ex
1820 5282 1977 5337 libris

449 5366 549 5405 noc
595 5391 612 5406 .

449 5366 612 5406 I'IOCD.

473 5420 583 5490 (69)
606 5419 1011 5490 Ἀριθμητικὰς
1046 5422 1183 5473 είσα

401 5488 1019 5573 ξῃιο-τςθεολοοςούμενα-
1040 5490 1140 5573 τῆς
1174 5488 1568 5573 ἀριθμητικῆς,
1616 5488 1979 5558 excerpta—ex

400 5559 558 5613 libris
582 5557 820 5612 Anatolii
858 5557 1271 5613 Institutionu'm
1299 5557 1777 5614 arithmetic-arum.

472 5625 587 5697 (70)
628 5626 1072 5697 Προμνώμενος.
1105 5627 1161 5682 ln
1194 5630 1352 5685 codd.
1386 5630 1547 5693 Med.,
1592 5625 1899 5690 Fuk.,Sav.
1924 5635 1978 5682 et

403 5695 542 5767 Mat.
568 5695 770 5766 legitur
803 5695 1183 5767 προνούμενος.
1248 5698 1352 5754 Sed
1399 5702 1599 5753 rectior
1638 5707 1723 5751 est
1766 5698 1977 5767 vulgata

1380 5459 1395 5473 .
1438 5421 1667 5474 Exstant
1714 5421 1978 5490 hodieque

404 5765 585 5825 lectio.
630 5765 793 5837 quam
828 5765 1240 5838 codex—Regius
1276 5780 1330 5823 et
1387 5769 1723 5840 Νἰορρὶιονιιε
1776 5765 1977 5821 cout‘ir--
2018 5798 2033 5807 κ

2082 579 2297 643 solaris,
2322 591 2430 643 aut.
2448 591 2505 636 ut
2525 584 2745 650 quidam
2777 586 3080 645 nominant,
3098 586 3305 640 zodiaci
3321 586 3509 641 circuli
3538 602 3655 655 per-

2082 670 2273 723 currit.
2301 669 2461 724 Addit
2506 682 2766 740 praeterea
2818 673 3185 739 Aristobulus,
3225 675 3279 729 in
3323 674 3651 732 celebranda

2082 760 2323 829 paschali
2353 760 2651 818 festivitate
2696 765 3008 819 necessario
3043 766 3096 820 id
3146 765 3377 835 requiri,
3425 777 3487 822 ut
3543 782 3651 823 non

2081 852 2243 905 modo
2271 850 2370 914 sol,
2425 853 2517 906 sed
2577 862 2632 908 et
2696 854 2821 909 luna
2877 868 3211 926 segmentum
3271 856 3653 927 teqtiinoctiale

2080 952 2382 1009 percurrat.
2421 940 2553 995 Nam
2582 958 2703 997 cum
2738 946 2841 1000 duo
2858 947 2965 1000 sint
3005 957 3278 1017 segmenta
3313 949 3656 1017 mquinoetia-

2081 1031 2176 1095 lia,
2206 1030 2436 1087 alterum
2461 1048 2711 1097 vernum,
2736 1035 3345 1105 alterum‘autumnale;
3377 1055 3551 1110 eaque
3581 1056 3650 1097 ex

2080 1124 2345 1179 diametro
2373 1123 2474 1179 sibi
2532 1125 2772 1181 vicissim
2830 1129 3114 1197 opposita:
3166 1144 3395 1201 cumque
3426 1114 3650 1202 quarta-

2079 1215 2286 1270 deaima
2313 1217 2427 1272 dies
2453 1218 2655 1273 mensis
2682 1220 2747 1273 ad
2775 1234 3060 1289 vesperum
3094 1223 3333 1292 paschali
3374 1224 3514 1281 festo
3561 1241 3651 1279 as-

2078 1304 2286 1373 signata
2318 1307 2408 1367 sit,
2436 1306 2561 1361 luna
2586 1308 2805 1377 quidem
2846 1325 2910 1363 ex
2948 1311 3177 1365 adverso
3222 1313 3322 1367 soli
3358 1317 3646 1378 consistet,

2080 1396 2531 1463 quemadmodum
2557 1399 2740 1453 videre
2771 1410 2854 1453 est
2884 1401 2935 1454 in
2971 1401 3305 1470 pleniluniis.
3334 1405 3409 1459 Ac
3434 1406 3512 1459 sol
3539 1406 3653 1473 qui-

2079 1488 2200 1542 dem
2251 1503 2475 1543 veruum
2516 1489 2893 1556 arquinoctiale
2955 1503 3296 1561 segmentum
3352 1496 3648 1557 obtinebit,

2079 1580 2204 1634 luna
2231 1596 2362 1634 vero
2387 1591 2722 1649 segmentum
2753 1583 3078 1638 autumnalis
3117 1586 3428 1654 :equinoctii
3460 1601 3653 1641 neces-

2077 1673 2235 1725 sario
2250 1671 2559 1740 occupabit.
2594 1670 2719 1727 Scio
2759 1681 2813 1726 et
2846 1672 2950 1727 alia
2982 1674 3153 1728 multa
3207 1676 3275 1730 ab
3318 1676 3508 1731 iisdem
3540 1686 3653 1731 tra-

2081 1761 2159 1826 di,
2185 1761 2379 1827 partim
2421 1761 2741 1827 probabilia.
2764 1763 2960 1831 partim
2980 1762 3302 1818 certissimis
3322 1764 3653 1818 demonstra-

2009 1829 2049 1883 Β
2077 1853 2315 1906 tionibus
2344 1852 2620 1916 conclusa,
2642 1829 2839 1921 quibus
2858 1867 2917 1907 se
2944 1862 3131 1921 putant
3161 1855 3446 1909 evidenter
3463 1864 3651 1909 osten-

2072 1943 2224 2005 dere,
2242 1941 2452 1996 Pascha
2471 1951 2523 1995 et
2539 1940 2730 1994 festum
2749 1942 3074 2011 Azymorum
3090 1944 3314 1996 omnino
3330 1953 3450 2012 post
3479 1944 3653 2013 atqui-

2074 2033 2314 2086 noctium
2362 2046 2482 2086 esse
2507 2031 2917 2085 celebrandum.
2959 2028 3156 2084 Verum
3186 2030 3491 2100 hujusmodi
3552 2032 3651 2086 de-

2073 2124 2528 2177 monstrationem
2601 2122 2810 2190 copiam
2881 2123 3104 2189 exigere
3166 2121 3648 2188 praetermittimus,

2070 2215 2266 2283 quibus
2317 2211 2558 2266 velamen
2603 2211 2849 2266 Mosaicae
2910 2212 3045 2281 legis
3093 2213 3330 2267 ablatum
3396 2224 3479 2269 est
3529 2232 3543 2268 :
3593 2223 3650 2269 et

2069 2304 2264 2371 quibus
2288 2303 2523 2357 revelata
2549 2304 2659 2371 jam
2681 2303 2821 2358 facie
2867 2304 3149 2359 Christum
3180 2304 3497 2374 Christique
3543 2307 3642 2359 do-

2072 2396 2303 2451 ctrinam
2342 2403 2394 2448 et
2421 2396 3028 2472 passionemotanquam
3064 2395 3117 2449 in
3144 2396 3362 2465 speculo
3396 2397 3650 2464 deinceps

2073 2485 2267 2539 intueri
2307 2485 2449 2539 licet.
2491 2484 2754 2538 Ca-terum
2805 2486 3039 2554 primum
3075 2500 3314 2540 mensem
3364 2486 3503 2554 apud
3544 2486 3641 2542 He-

2071 2580 2244 2634 Ιπιιεοε
2292 2579 2437 2633 circa
2485 2579 2866 2646 aequinoctium
2910 2577 3151 2645 incipere
3195 2576 3481 2631 manifeste
3520 2592 3647 2631 con-

2072 2672 2328 2734 vincitur,
2362 2669 2443 2722 vel
2477 2669 2635 2723 exiis
2670 2670 2954 2739 praeceptis
2994 2684 3113 2738 qua:
3142 2668 3194 2722 in
3235 2668 3372 2722 libro
3427 2667 3651 2724 Henoch

2072 2764 2346 2834 leguntur.
2395 2760 2538 2816 Idem
2590 2776 2752 2831 porro
2802 2761 3084 2815 Anatolius
3146 2760 3311 2816 etiam
3353 2760 3537 2815 decem
3582 2761 3654 2815 li-

2073 2858 2199 2911 bros
2245 2854 2638 2908 institutionum
2684 2852 3185 2920 arithmeticarum,
3232 2852 3398 2907 multa
3438 2867 3653 2922 quoque

2073 2946 2176 3001 alia
2209 2961 2321 3000 stite
2356 2945 2409 2999 in
2460 2944 2634 2999 sacris
2667 2942 2892 2997 Litteris
2923 2943 3215 3015 diligentiae
3247 2955 3413 3013 atque.
3451 2946 3653 2999 doctri—

2076 3054 2158 3093 na)
2188 3037 2356 3108 288
2401 3044 2750 3089 monumenta
2788 3035 2943 3089 nobis
3011 3037 3249 3103 reliquit.
3293 3036 3428 3092 Huic
3474 3038 3652 3092 Theo-

2075 3138 2286 3192 tecuus,
2312 3126 2577 3181 Caesarea:
2635 3122 2931 3177 Palmstiua
2966 3125 3273 3193 episcopus,
3298 3125 3503 3194 primus
3538 3141 3652 3179 ma-

2075 3235 2179 3276 nus
2204 3219 2480 3288 imposuit,
2526 3230 2759 3285 eumque
2808 3217 3121 3284 episcopum
3172 3216 3446 3270 ordinavit
3481 3236 3495 3271 :
3525 3233 3649 3271 suc-

2076 3324 2348 3368 cessorem
2394 3309 2542 3362 illum
2601 3307 2857 3362 Ecclesia:
2907 3322 3020 3362 sua:
3071 3307 3427 3376 despondeus.
3476 3309 3651 3362 Ambo

2078 3412 2230 3458 certe
2278 3400 2678 3470 aliquantisper
2722 3399 2965 3453 eamdem
3009 3397 3297 3453 ecclesiam
3349 3397 3509 3451 simul
3551 3414 3649 3465 gu-

2078 3494 2395 3546 bernaruut.
2429 3489 2625 3543 Postea
2655 3504 2784 3543 vero
2808 3503 2931 3541 cum
2958 3503 3081 3543 eum
3115 3488 3356 3559 synodus
3380 3490 3648 3545 adversus

2077 3581 2302 3636 Paulum
2339 3591 2666 3650 congregata
2704 3579 3044 3633 Antiochiam
3086 3588 3389 3646 evocassct,
3418 3594 3515 3651 per
3552 3596 3649 3634 ur-

2076 3674 2203 3728 bem
2238 3671 2559 3726 Laodiceam
2591 3673 2694 3725 iter
2726 3670 2955 3734 faciens,
2986 3685 3016 3723 a
3050 3670 3317 3727 fratribus
3357 3671 3503 3726 illius
3542 3672 3648 3728 loci

2078 3773 2294 3819 mortuo
2321 3772 2445 3819 tunc
2472 3762 2708 3817 Eusebio
2747 3762 3001 3819 detentus
3030 3773 3132 3817 est.
3161 3762 3426 3819 Defuncto
3453 3764 3649 3819 deinde

2074 3969 2244 4015 mant.
2278 3961 2416 4026 Quin
2451 3959 2615 4015 etiam
2654 3958 2707 4013 in
2743 3959 2928 4014 codice
2962 3959 3130 4028 Regio
3160 3960 3261 4015 hoc
3284 3961 3548 4016 scliolium
3577 3963 3644 4019 ad

2075 4036 2374 4102 marginem
2406 4030 2643 4102 legitur:
2672 4029 2948 4102 atpogsvﬁw
2969 4030 3456 4102 προμνηστεύεται.

2148 4098 2228 4170 (τι
2241 4106 2259 4171 ⁵ὶ
2283 4102 2487 4171 Ἄμφω
2515 4099 2626 4168 τῆς
2641 4098 2831 4166 αὐτῆς
2851 4098 3249 4170 προῦὰτὴσὰν
3263 4102 3645 4168 Ἐκκλησίας.

2076 4168 2134 4223 In
2159 4168 2552 4240 'co'dicer’Maz.
2593 4173 2705 4223 haec
2731 4180 2987 4240 notantur
3024 4174 3090 4225 ad
3115 4168 3121 4170 “
3144 4172 3441 4240 marginem
3478 4188 3494 4224 :
3524 4173 3648 4235 Πῶς

2077 4241 2185 4313 καὶ,
2204 4239 2438 4293 ἐνταῦθα
2466 4239 2922 4313 μίαςᾼὲπισκοπῆς
3076 4237 3440 4313 προύστησαν.
3467 4241 3518 4293 Id
3542 4254 3644 4305 esu,

2086 4308 2218 4363 Vide
2244 4308 2507 4378 quomodo
2547 4310 2709 4362 etiam
2753 4311 2835 4361 [sic
2867 4308 2960 4362 imi
2989 4308 3239 4364 Ecclesia:
3282 4308 3385 4363 duo
3418 4314 3647 4376 praefue-

2081 4390 2206 4432 runt
2248 4382 2499 4448 episcopi.
2541 4379 2793 4446 lntelligit
2832 4391 3010 4434 autem
3054 4380 3373 4434 scholiastes
3419 4381 3649 4433 Alexan-

2079 4451 2234 4501 drum
2268 4490 2283 4515 ,
2333 4449 2425 4518 qui
2494 4464 2597 4501 una
2655 4465 2777 4503 cum
2838 4449 3091 4505 Narcisso
3153 4449 3645 4517 Hierosolymorum

2079 4520 2362 4587 episcopus
2410 4519 2532 4581 fuit,
2596 4529 2652 4573 ut
2690 4519 2746 4572 in
2783 4518 2923 4573 libro
2954 4535 3008 4573 tv
3075 4528 3303 4573 testatur
3363 4519 3643 4573 Eusebius.

2081 4588 2205 4642 llaec
2263 4599 2391 4642 sunt
2439 4588 2805 4642 vetustissima
2847 4588 3089 4658 exempla
3138 4588 3536 4658 coadjutorum,
3587 4599 3648 4643 ut

2081 4674 2225 4713 nunc
2249 4668 2469 4720 vocant,
2496 4660 2891 4727 episcoporum.
2937 4656 3039 4724 Qui
3089 4671 3209 4711 cum
3246 4656 3311 4710 ad
3348 4657 3641 4711 sublevan-

2081 4731 2203 4780 dam
2265 4726 3038 4797 episcoporumsenectutem
3101 4726 3339 4780 instituti
3410 4728 3642 4793 primum

2082 4798 2334 4860 fuissent,
2374 4813 2433 4850 re
2456 4807 2639 4861 postea
2680 4797 2730 4849 iu
2780 4797 3230 4850 consuetudinem
3268 4813 3445 4857 versa,
3499 4797 3642 4850 nulla

2080 4869 2412 4921 necessitate
2441 4867 2491 4920 id
2526 4868 2797 4935 exigente,
2832 4881 2929 4933 per
2953 4867 3178 4932 gratiam
3214 4877 3269 4920 et
3294 4866 3644 4922 ambitionem

2079 4937 2253 5007 creari
2277 4937 2633 5007 cmpere._cui
2669 4935 2831 4999 malo,
2852 4950 2924 5007 ne
2944 4935 3153 5007 [mugilis
3183 4945 3449 5004 serperet,
3472 4952 3650 4991 reme-

2081 5003 2225 5058 dium
2260 5006 2489 5060 a’ttulere.
2515 5004 2701 5058 Patres
2731 5005 2946 5059 concilii
2977 5003 3338 5060 S'a‘rdicensis.

2150 5074 2260 5147 (72)
2301 5072 2837 5147 Aqoatxéw_xd.ttr
3144 5075 3287 5129 Idem
3316 5076 3385 5147 de
3414 5075 3647 5131 Eusebio

2078 5144 2445 5215 Alesa'udrino
2493 5144 2679 5215 retulit
2730 5145 3009 5215 Eusebius
3049 5145 3102 5198 in
3160 5145 3427 5215 principio
3488 5147 3646 5215 hujus

2082 5214 2309 5283 capitis:
2346 5213 2498 5285 illum
2533 5212 2759 5279 scilicet,
2774 5228 2907 5285 cum
2947 5213 3014 5269 ad
3052 5212 3315 5285 synodum
3338 5212 3647 5285 Antioche-

2079 5282 2205 5354 nam
2265 5298 2384 5352 qua:
2435 5284 2702 5354 adversus
2771 5282 2994 5337 Paulum
3054 5282 3384 5354 congregata
3435 5284 3643 5354 fuerat,

2079 5352 2354 5423 profectus
2378 5362 2559 5423 esset,
2593 5352 2649 5407 in
2678 5355 2854 5408 reditu
2894 5352 3182 5423 exceptum
3220 5369 3346 5423 esse
3378 5370 3409 5407 ιι
3441 5352 3641 5423 Laedi-

2080 5422 2355 5487 censibus,
2409 5421 2793 5492 ejusqueiloci
2843 5421 3155 5492 episcopum
3191 5421 3431 5492 factum.
3490 5421 3645 5477 Nune

2079 5506 2213 5546 vero
2240 5493 2382 5547 idem
2410 5493 2601 5547 scribit
2640 5491 2709 5547 de
2742 5492 2996 5547 Anatolio
3019 5491 3201 5560 {quod
3241 5491 3384 5544 nulla
3433 5492 3645 5545 ratione

2081 5561 2294 5633 defendi
2336 5576 2495 5633 posse
2527 5561 2657 5633 mihi
2682 5562 2918 5617 videtur.
2947 5562 3099 5633 Quod
3126 5561 3170 5633 si
3197 5561 3320 5628 quis
3341 5560 3508 5633 dicat,
3525 5560 3655 5633 AEuf

2080 5632 2289 5700 sebiqu
2314 5628 2498 5699 paucis
2527 5631 2714 5687 diebus
2756 5640 2878 5700 post
2914 5631 3310 5685 ordinationem
3354 5628 3464 5681 fato
3511 5630 3642 5700 fun-

2080 5709 2227 5754 ctum
2265 5698 2467 5766 fuisse,
2492 5702 2651 5769 eique
2698 5698 3008 5755 Anatolium
3048 5701 3337 5754 succedere
3379 5698 3640 5766 potuisse,

2083 5771 2459 5826 auctoritatem
2486 5768 2796 5840 Hieronymi
2827 5771 2874 5825 ei
2902 5782 3264 5839 oppouemus,
3312 5769 3402 5836 qui
3434 5781 3576 5825 anno
3599 5784 3639 5825 tt
