4220 6468
526 367 629 423 7.31

1242 365 1512 423 EUSEBII
1550 365 2027 423 CESARIENSIS
2063 365 2214 421 OPP.
2252 363 2438 421 PARS
2472 366 2517 422 1.
2550 341 2628 409 ¹--
2662 365 3051 424 HISTORICA.

3667 369 3773 427 73‘!

529 481 809 549 Anatolio,
834 489 1139 551 postremus
1170 488 1297 536 ante
1344 479 1776 550 persecutionem
1816 477 2104 547 episcopus
2129 481 2178 537 Α

2129 481 2178 537 Α
2202 475 2463 531 Εὑσεϐίου
2491 476 2850 549 κεκράτηται,
2878 478 2973 531 καὶ
2994 474 3090 531 τοῦ
3130 476 3430 532 ’Δνατολίου
3458 476 3517 532 δὲ
3542 477 3633 533 τὴν
3660 479 3772 551 βίον

530 575 771 644 ejusdem
819 572 1063 628 ecclesiae
1097 570 1272 625 factus
1295 579 1379 625 est
1413 568 1759 639 Stephanus;
1799 569 1882 623 vir
1930 566 2098 637 philo-

530 666 735 735 sophiae
758 663 974 734 quidem
1021 674 1074 719 et
1102 663 1417 720 Graecarum
1478 662 1884 730 disciplinarum
1935 673 2103 714 causa

533 772 781 829 magnam
810 756 949 826 apud
988 756 1186 809 multos
1231 753 1457 825 gloriam
1509 759 1833 808 consecutus
1867 768 1881 803 :
1916 762 2102 803 verum

529 861 654 917 erga
688 847 847 902 ﬁdem
884 845 1091 903 Christi
1141 844 1284 900 haud
1314 843 1538 913 perinde
1594 842 1779 895 animo
1833 839 2102 894 allectus:

530 937 987 1009 quemadmodum
1040 936 1368 1008 procedente
1416 933 1817 1005 persecutionis
1862 942 2106 1002 tempore

532 1027 821 1084 manifeste
850 1027 1180 1084 declaratum
1208 1035 1313 1093 est,
1340 1040 1448 1096 quo
1475 1026 1764 1080 simulator
1793 1026 1995 1093 potius,
2052 1034 2108 1078 et

528 1118 759 1187 ignavus
797 1125 960 1189 atque
1012 1118 1269 1182 imbellis,
1323 1133 1483 1187 quam
1532 1132 1697 1171 verus
1753 1116 2106 1185 philosophus

529 1210 801 1280 apparuit.
824 1210 892 1265 At
925 1225 1028 1264 non
1054 1206 1262 1265 idcirco
1293 1210 1499 1264 ruitura
1530 1218 1649 1263 erat
1674 1207 1937 1263 Ecclesia.
1970 1204 2105 1260 Nam

530 1302 794 1356 continuo
825 1316 945 1356 eam
971 1302 1210 1357 restituit
1233 1309 1396 1370 atque
1429 1301 1759 1355 instauravit
1815 1299 2106 1368 episcopus

529 1393 676 1448 sedis
701 1393 847 1449 illius
878 1394 947 1447 ab
973 1393 1093 1463 ipso
1136 1392 1383 1447 omnium
1411 1393 1702 1447 Servatore
1733 1391 1842 1446 Deo
1881 1390 2100 1446 ordina-

533 1492 620 1540 tus
648 1483 1004 1539 Theodotus:
1033 1484 1122 1554 qui
1159 1484 1400 1539 nominis
1428 1484 1508 1537 sui
1547 1492 1601 1559 et
1636 1481 1960 1552 episcopalis
1999 1480 2110 1535 olli-

529 1573 600 1627 cii
631 1574 917 1628 veritatem
964 1574 1129 1630 rebus
1188 1575 1320 1643 ipsis
1376 1574 1643 1629 exhibuit.
1699 1574 1778 1629 Ac
1825 1573 2107 1628 medicina:

531 1664 749 1733 quidem
781 1679 902 1735 quae
942 1665 994 1720 in
1019 1666 1344 1735 corporibus
1390 1665 1648 1720 curandis
1687 1664 1956 1729 consistit,
1976 1679 2107 1719 .om-

531 1756 681 1810 nium
708 1754 824 1809 sine
854 1754 1229 1809 controversia
1249 1755 1619 1824 peritissimus
1644 1753 1747 1809 fuit
1775 1770 1790 1808 :
1822 1755 1876 1809 in
1902 1756 2105 1810 anima-

532 1860 653 1899 rum
684 1854 863 1900 autem
903 1846 1221 1910 curatione,
1256 1845 1460 1899 nullum
1519 1846 1623 1901 sibi
1655 1860 1836 1916 parem
1891 1846 2104 1906 habuit.

534 1936 708 1991 Tanta
744 1949 863 1991 erat
908 1937 1146 1991 hominis
1197 1937 1529 2000 humanitas,
1573 1938 1864 1993 sinceritas
1914 1940 2104 2003 animi,

531 2028 812 2085 miseratio
874 2039 932 2085 et
983 2029 1222 2083 studium
1270 2029 1321 2081 in
1375 2028 1697 2096 adjuvandis
1732 2029 1805 2082 iis
1860 2031 1950 2099 qui
2004 2044 2109 2099 0pc

532 2120 700 2188 ipsius
732 2119 1061 2189 indigerent.
1084 2118 1229 2173 Idem
1264 2118 1317 2172 in
1345 2119 1540 2173 divinis
1580 2119 1883 2188 disciplinis
1915 2123 2108 2174 admo-

531 2210 657 2262 dum
693 2211 1017 2263 exercitatus
1050 2206 1168 2263 fuit.
1198 2207 1263 2261 Et
1306 2207 1614 2278 hujusmodi
1648 2209 1864 2277 quidem
1896 2211 2111 2265 exstitit

530 2300 860 2355 Theodotus.
893 2301 1048 2370 Apud
1083 2299 1386 2355 Czcsaream
1454 2314 1582 2356 vero
1634 2300 1936 2357 Palaestina:
1988 2311 2109 2373 post

529 2391 735 2445 obitum
765 2391 1083 2453 Theotecni,
1117 2391 1208 2460 qui
1243 2390 1535 2446 Ecclesiam
1564 2390 1713 2446 illam
1741 2407 1949 2447 summa
1980 2408 2106 2448 cum

530 2498 659 2536 cura
704 2484 1120 2554 gttberneverat,
1167 2475 1738 2552 successit'Agapius.
1770 2484 1938 2552 Quem
1987 2487 2108 2555 qui-

530 2575 655 2628 dem
684 2573 975 2644 plurimum
1008 2574 1171 2626 etiam
1201 2572 1501 2635 laborasse,
1525 2584 1579 2628 et
1606 2576 1787 2646 populi
1823 2577 1907 2630 cui
1938 2592 2109 2646 praee-

534 2673 621 2719 rat
651 2665 951 2720 commodis
988 2665 1219 2735 benigne
1259 2666 1620 2731 consuluisse,
1668 2677 1997 2738 cunctosque
2043 2683 2107 2724 ac

530 2758 835 2829 praesertim
871 2774 1135 2828 pauperes
1164 2758 1498 2814 liberalitate
1540 2775 1633 2813 sua
1666 2761 1979 2816 sublevasse
2013 2776 2107 2816 no-

532 2850 731 2904 vimus.
764 2848 933 2917 Hujus
958 2862 1198 2918 tempore
1220 2849 1582 2919 Pamphilum,
1606 2853 1781 2905 virum
1812 2853 2111 2907 disertissi-

532 2954 704 3005 mum,
730 2939 948 3008 vitaque
976 2947 1032 2993 et
1060 2938 1313 3006 operibus
1347 2952 1471 2993 vere
1505 2940 2009 3010 philosophantem,
2050 2942 2104 2995 iu

534 3032 722 3087 eadem
756 3031 987 3087 ecclesia
1016 3031 1253 3086 vidimus
1291 3031 1597 3101 presbyteri
1645 3033 1849 3087 honore
1879 3034 2106 3088 decora-

2208 568 2655 637 μεταλλάξαντος,
2698 569 2801 640 τῆς
2845 570 3024 623 ὲκεῖσε
3070 569 3361 640 παροικίας
3398 568 3627 635 ὕστατος
3664 571 3774 626 τῶν

2206 657 2313 729 πρὸ
2337 658 2431 712 τοῦ
2467 657 2706 730 διωγμοῦ
2746 658 3067 714 καθίσταται
3106 659 3373 731 Στέφανος
3388 677 3402 691 ·
3453 660 3628 730 λόγων
3675 664 3775 734 μιν

2206 749 2508 819 φιλοσόφων
2554 749 2650 803 κα)⁸
2700 750 2797 821 τῆς
2843 749 3011 822 ἄλλης
3061 751 3192 823 παρ’
3234 750 3458 823 Ἕλλησι
3504 751 3773 819 παιδείας,

2206 840 2357 911 παρὰ
2372 844 2484 905 τοῖς
2501 841 2713 906 πολλοῖς
2726 842 3083 912 θαυμασθεὶς,
3100 843 3198 913 οὐχ
3216 841 3417 914 ὁμοίως
3437 858 3502 911 γε
3535 844 3643 916 μὴν
3660 844 3773 916 (75)

2205 933 2336 1005 περὶ
2377 935 2475 1007 τὴν
2521 934 2672 988 θείαν
2716 933 2897 987 πίστιν
2939 933 3356 1005 διατεθειμένος,
3399 933 3476 998 ὡς
3515 933 3778 1005 προῖὼνό

2204 1025 2298 1079 τοῦ
2331 1025 2569 1096 διωγμοῦ
2619 1026 2808 1096 καιρὸς
2842 1025 3168 1097 ἀπήλεγξεν,
3211 1026 3410 1099 εἴρωνα
3441 1025 3640 1097 μᾶλλον
3668 1026 3776 1081 6st-

2205 1116 2295 1170 λόν
2324 1134 2386 1169 τε
2420 1118 2514 1171 καὶ
2549 1117 2826 1189 ἄνανδρον,
2860 1119 3006 1189 ἥπερ
3032 1116 3207 1189 ἀληθῆ
3242 1116 3527 1187 φιλόσοφον
3562 1117 3779 1172 ἀποδει-

2207 1206 2303 1274 ξας
2335 1209 2425 1262 τὸν
2456 1208 2644 1281 ἄνδρα.
2679 1213 2754 1264 Οὺ
2801 1210 2907 1281 μὴν
2943 1210 3036 1264 ἐπὶ
3073 1209 3247 1281 τούτῳ
3272 1226 3338 1278 γε
3378 1210 3775 1283 καταστρέφειν

2206 1297 2406 1370 ἤμελλε
2453 1299 2521 1352 τὰ
2574 1300 2675 1369 τῆς
2730 1299 3077 1371 Ἐκκλησίας,
3135 1298 3454 1371 ἀνορθοῦται
3509 1300 3557 1354 δ’
3612 1300 3774 1368 αὐτὰ,

2206 1391 2343 1463 πρὸς
2387 1390 2551 1445 αὐτοῦ
2598 1389 2734 1444 Θεοῦ
2774 1391 2869 1444 τοῦ
2911 1392 3127 1446 πάντων
3170 1390 3422 1462 Σωτῆρος
3443 1389 3554 1462 (74)
3580 1391 3778 1446 αὐτίκα

2204 1484 2303 1555 τῆς
2329 1484 2514 1538 αὐτόθι
2555 1483 2845 1553 παροικίας
2876 1484 3171 1547 ἐπίσκοπος
3204 1482 3557 1554 ἀναδειχθεὶς,
3589 1483 3776 1539 Θεόδο-

2205 1591 2317 1637 τος,
2351 1575 2668 1645 πράγμασιν
2692 1576 2875 1637 αὐτοῖς
2902 1574 3041 1645 ἀνὴρ
3068 1576 3163 1628 καὶ
3190 1574 3251 1627 τὺ
3282 1572 3471 1645 κύριον
3492 1574 3661 1647 ὕνομα
3682 1576 3787 1629 καὶ.

2204 1664 2297 1717 τὸν
2332 1665 2625 1718 ἐπίσκοπον
2655 1661 3050 1734 ἑπαληθεύσας.
3098 1662 3368 1733 ’ἰατρικῆς
3401 1662 3500 1733 μὲν
3534 1662 3643 1737 γὰρ
3670 1678 3777 1716 σωσ

2210 1758 2393 1828 μάτων
2432 1757 2737 1828 ἀπεφέρετο
2777 1757 2847 1810 τὰ
2878 1754 3069 1827 πρῶτα
3095 1756 3196 1827 τῆς
3227 1756 3556 1828 ἐπιστήμης,
3591 1755 3788 1828 ψυχῶν

2205 1851 2263 1905 δὲ
2286 1849 2702 1923 θεραπευτικῆς,
2723 1842 2834 1912 οἷος
2853 1847 2973 1902 οὐδὲ
2993 1847 3150 1911 ἄλλος
3170 1847 3266 1902 ἀνθ
3273 1846 3470 1920 ρώπων
3493 1847 3787 1918 ἐτύγχανε,

2207 1942 2642 2012 φιλανθρωπίας,
2684 1939 3067 2011 γνησιιὴητος,
3111 1938 3489 2009 συμπαθείας,
3541 1937 3778 2009 σπουδῆς

2206 2034 2308 2103 τῆς
2333 2033 2442 2086 τῶν
2471 2036 2597 2103 παρ’
2634 2031 2796 2085 αὐτοῦ
2840 2031 3109 2101 δεομένων
3140 2029 3251 2100 (75)
3280 2029 3545 2099 ὡφελείας
3568 2029 3789 2085 ἒνεκενμ

2206 2123 2348 2176 Πολὺ
2378 2123 2433 2176 δὲ
2455 2119 2525 2195 ἦν
2552 2121 2698 2192 αὐτῷ
2728 2122 2820 2175 καὶ
2846 2121 2906 2174 τὸ
2934 2120 3061 2190 περὶ
3087 2119 3157 2173 τὰ
3182 2120 3298 2173 θεία
3332 2118 3631 2190 μαθήματα
3650 2134 3779 2171 συν-

2207 2213 2531 2283 ησκημένον.
2578 2208 2743 2276 Οὗτος
2786 2212 2885 2283 μὲν
2929 2210 2994 2282 δὴ
3023 2209 3266 2274 τοιοῦτος
3306 2205 3395 2281 ἦν.
3437 2210 3524 2263 Ἐν
3568 2211 3781 2264 Καισα-

2210 2306 2332 2375 ρείᾳ
2360 2304 2415 2357 δὲ
2440 2305 2537 2375 τῆς
2563 2303 2925 2373 Παλαιστίνης
2955 2301 3348 2356 σπουδαιότατα
3371 2300 3661 2354 Θεότεκνον
3680 2300 3780 2373 τὴν

2206 2396 2512 2466 ἐπισκοπὴν
2552 2393 2848 2458 διελθόντα,
2895 2393 3154 2460 Ἀγάπιος
3206 2390 3535 2461 διαδέχεται·
3583 2390 3642 2444 ὃν
3685 2391 3781 2444 καὶ

2206 2486 2376 2540 πολλὰ
2428 2487 2647 2555 καμεῖν,
2701 2485 3078 2554 γνησιωτάτην
3133 2499 3194 2536 τε
3240 2482 3494 2553 πρόνοιαν
3539 2480 3640 2551 τῆς
3683 2480 3779 2536 τοῦ

2205 2575 2334 2631 λαοῦ
2361 2576 2692 2646 προστασίας
2714 2576 2872 2646 ἴσμεν
2896 2574 3282 2646 πεποιημένον,
3309 2573 3535 2644 πλουσίᾳ
3553 2590 3612 2626 τε
3636 2574 3780 2645 χειρὶ

2206 2667 2423 2720 πάντων
2486 2665 2721 2735 μάλιστα
2779 2665 3023 2735 πενήτων
3073 2662 3564 2735 ὲπιμεμελημὲνον.
3622 2664 3782 2718 Κατὰ

2203 2756 2392 2810 τοῦτον
2418 2754 2847 2826 ὲλλογιμώτατον
2873 2753 3020 2825 αὐτῷ
3045 2772 3104 2807 τε
3137 2754 3236 2825 βίῳ
3262 2754 3550 2823 φιλόσοφον
3581 2753 3777 2825 ἀληθῆν

2206 2850 2496 2921 πρεσόείου
2527 2850 2626 2920 τῆς
2654 2848 2841 2902 αὐτόθι
2887 2847 3181 2919 παροικίας
3213 2847 3531 2918 ἠξιωμένον,
3561 2846 3780 2917 Πάμφι-

2204 2945 2295 2998 λον
2327 2943 2603 3014 ἔγνωμεν·
2634 2941 2692 2995 ὃν
2736 2940 2917 3004 ὁποῖός
2945 2934 3028 3005 τις
3058 2935 3126 3012 ἦν
3157 2940 3251 2994 καὶ
3286 2938 3407 2993 ὃθεν
3439 2937 3779 3011 ὁρμώμενος,

2205 3037 2267 3091 οὐ
2301 3036 2539 3107 σμικρᾶς
2566 3033 2631 3087 ἂν
2656 3032 2865 3102 γένοιτο
2894 3030 3086 3102 δηλοῦν
3113 3029 3417 3094 ὑποθέσεως
3440 3047 3454 3061 ο
3485 3030 3692 3083 ἕκαστα
3722 3029 3789 3085 δὲ.

534 3130 671 3176 tum.
710 3121 809 3190 Qui
839 3123 924 3177 vir
955 3124 1131 3193 qualis
1158 3135 1494 3193 quantusque
1522 3126 1815 3190 exstiterit,
1852 3141 1958 3181 non
1990 3127 2106 3181 cxi-
2133 3144 2176 3203 ς

2133 3144 2176 3203 c
2209 3126 2303 3181 τοῦ
2346 3127 2465 3181 κατ’
2512 3123 2675 3179 αὐτὸν
2728 3123 2842 3194 βίου
2891 3123 2985 3176 καὶ
3036 3117 3106 3194 ἧς
3164 3123 3526 3192 συνεστήσατο
3574 3119 3788 3192 διατριο

532 3213 621 3282 gui
659 3214 900 3283 profecto
924 3216 997 3269 sit
1028 3217 1210 3283 operis
1262 3230 1553 3285 exponere.
1611 3215 1808 3271 Verum
1858 3232 1955 3273 nos
1997 3219 2110 3273 siu-

533 3303 659 3370 Rula
688 3318 811 3375 quae
834 3305 901 3359 ad
956 3305 1104 3361 illius
1142 3307 1312 3360 vitam
1339 3316 1395 3360 et
1440 3308 1506 3361 ad
1535 3308 1774 3363 scholam
1805 3308 1872 3362 ab
1919 3312 2107 3364 eodem

533 3393 836 3449 institutam
893 3396 1209 3463 pertinent;
1248 3397 1399 3449 varia
1437 3409 1653 3466 quoque
1705 3397 2107 3451 confessionum

532 3487 827 3540 certamina
855 3487 1251 3556 persecutionis
1285 3501 1525 3557 tempore
1547 3489 1618 3544 ab
1652 3503 1717 3543 eo
1746 3488 2009 3553 tolerata;
2045 3503 2110 3543 ac

533 3586 806 3646 postremo
836 3579 1159 3651 martyrium
1201 3594 1308 3650 qtto
1354 3588 1652 3636 coronatus
1685 3588 1792 3643 est,
1841 3578 2107 3650 peculiari

532 3752 809 3875 ﬁttg'etliaui
875 3756 1068 3811 scribit
1103 3775 1118 3810 :
1152 3754 1411 3811 Eusebius
1477 3754 1811 3812 Laodicenus
1880 3757 2102 3829 insignis

571 3840 600 3874 a
639 3840 665 3875 e
693 3840 777 3875 ur.

571 3834 886 3965 αῗὲἕςτὸῠχ
920 3895 1145 3965 ὁμοίως
1174 3912 1239 3965 γε
1262 3893 1408 3964 μήν.
1435 3895 1662 3951 Ruﬁnus
1692 3905 1745 3951 ct
1770 3895 2107 3965 Nicephorus

533 3960 649 4035 haec
676 3960 973 4035 νέτὺειρείό
1017 3960 1343 4035 intelligunt,
1409 3968 1568 4035 quasi
1626 3968 1813 4022 dicere
1868 3960 2105 4021 voluerit

533 4031 819 4106 Eusebius,
869 4031 1218 4106 Stephanum
1243 4035 1384 4106 haud
1422 4031 1649 4103 perinde
1694 4051 1759 4092 ac
1805 4037 2104 4106 praedeces-

533 4116 686 4174 sores
717 4104 903 4170 ipsius,
933 4118 1060 4173 erga
1089 4104 1246 4158 {idem
1280 4105 1445 4160 fuisse
1479 4104 1815 4160 animatum.
1838 4108 1949 4174 Ego
1974 4121 2103 4160 vero

533 4173 615 4245 sic
654 4171 914 4245 intelligo,
956 4171 1062 4245 non
1104 4175 1330 4241 perinde
1359 4191 1485 4245 erga
1526 4178 1683 4230 [idem
1712 4192 1775 4230 ac
1813 4171 1942 4245 erga
1978 4177 2101 4244 phi-

531 4241 833 4365 }osophiam
861 4250 917 4297 et
948 4242 1291 4299 Graecanicas
1319 4241 1630 4315 disciplinas
1663 4245 1814 4300 illum
1843 4241 2101 4300 allectum

561 4326 720 4365 uisse.

756 4380 915 4449 Πρὸς
956 4382 1143 4437 αὐτοῦ
1171 4381 1318 4437 Θεοῦ
1358 4382 1465 4438 τοῦ
1508 4382 1750 4437 πάντων
1806 4382 2101 4451 Σωτῆρος.

2208 3219 2309 3288 ϐῆς
2344 3217 2477 3288 (76),
2521 3215 2649 3279 τούς
2690 3231 2750 3268 τε
2796 3213 2936 3267 κατὰ
2977 3212 3067 3266 τὸν
3112 3212 3349 3283 διωγμὸν
3400 3211 3459 3266 ἐν
3506 3210 3781 3282 διαφόροις

2205 3309 2516 3379 ὁμολογίαις
2540 3306 2753 3375 ἀγῶνας
2775 3303 2961 3367 αὑτοῦ,
2982 3304 3078 3357 καὶ
3095 3302 3154 3356 ὃν
3182 3302 3277 3357 ἐπὶ
3300 3303 3465 3356 πᾶσιν
3483 3301 3781 3371 ἀνεδήσατο

2205 3399 2301 3452 τοῦ
2337 3398 2633 3469 μαρτυρίου
2671 3396 2955 3465 στέφανον,
2984 3394 3043 3446 ὲν
3071 3394 3176 3463 ἰδίᾳ
3201 3396 3267 3464 τῇ
3298 3394 3425 3465 περὶ
3451 3391 3616 3447 αὐτοῦ
3649 3392 3781 3446 διει-

2205 3491 2453 3561 λὴφαμεν
2493 3488 2743 3542 ὑποθέσει
2781 3486 2915 3558 (77).
2979 3484 3115 3538 Ἀλλ’
3162 3478 3316 3548 οὗτος
3356 3484 3453 3555 μὲν
3492 3482 3601 3536 τῶν
3651 3482 3779 3553 τῇδε

2207 3578 2674 3651 θαυμασιώτατος.
2722 3577 2811 3633 Ἐν
2853 3574 2912 3630 δὲ
2937 3575 3049 3641 τοῖς
3082 3573 3313 3645 μάλιστα
3337 3573 3461 3629 καθ’
3490 3573 3638 3646 ἡμᾶς
3661 3572 3777 3645 (τε)

2283 3756 2394 3828 (76)
2434 3748 2547 3824 Ἦς
2584 3755 3011 3828 συνεστήσατο
3057 3750 3375 3828 διατριϐῆς.
3412 3752 3563 3828 ,ιιωο
3608 3753 3777 3828 verba

2213 3822 2484 3882 Mtisculus
2516 3822 2585 3881 ita
2614 3828 2778 3880 vertit
2812 3844 2825 3879 :
2859 3826 2928 3879 In
2958 3842 3060 3894 qua
3092 3825 3270 3877 schola
3300 3824 3573 3894 institutus
3597 3822 3773 3891 fuerit.

2210 3897 2736 3964 Christophorsonus
2764 3910 2914 3957 vero,
2947 3893 3169 3948 Muscult
3205 3893 3449 3964 vestigiis
3497 3894 3775 3964 insistens,

2211 3968 2374 4021 vertit
2405 3962 2571 4031 :‘Qua
2603 3967 2806 4019 ratione
2857 3966 3152 4018 institutus.
3215 3963 3329 4030 Ego
3362 3977 3496 4031 vero
3533 3962 3773 4017 scholam

2220 4034 2531 4090 Ctesaretea
2563 4033 2848 4101 Pamphilo
2895 4034 3200 4087 institutam
3246 4030 3506 4101 intelligo.
3561 4032 3637 4101 De
3687 4033 3775 4085 bi-

2209 4106 2478 4160 bliotheca
2510 4100 2834 4158 Cmsariensi
2873 4116 2902 4156 a
2934 4101 3219 4170 Pamphilo
3247 4100 3547 4170 composita
3577 4100 3775 4156 Hiero-

2210 4189 2405 4244 nymus
2436 4177 2488 4229 in
2517 4171 2772 4244 catalogo
2802 4171 2892 4226 ubi
2944 4175 3011 4227 de
3046 4162 3299 4228 Matthaao
3342 4162 3603 4241 loquitur,
3634 4179 3692 4226 et
3718 4171 3774 4225 in

2208 4242 2437 4313 epismla
2467 4244 2534 4297 ad
2561 4242 2889 4313 ilarcellam.

2281 4313 2390 4384 (77)
2444 4313 2538 4366 Ἐν
2578 4311 2697 4379 ίδίᾳ
2723 4310 3026 4366 ὑποθέσει.
3057 4308 3784 4384 MaleChristophorsonus

2209 4378 2382 4437 vertit
2431 4384 2485 4435 in
2536 4378 2778 4450 separato
2819 4385 3047 4443 quodam
3082 4381 3279 4436 libello.
3330 4378 3473 4434 Nam
3506 4383 3773 4436 Eusebius

532 4446 661 4523 Haec
694 4446 853 4523 verba
888 4446 1162 4523 Masculus
1193 4465 1247 4508 et
1287 4455 1817 4523 Christophorsouus
1862 4446 2102 4506 referunt
2138 4513 2173 4523 _
2212 4463 2325 4508 tres
2351 4453 2520 4507 libros
2546 4446 2612 4505 de
2637 4449 2762 4523 Vita
2784 4450 3044 4523 Pamphili
3080 4453 3392 4519 scripserat,
3440 4461 3499 4505 ttt
3544 4460 3775 4523 testatur

533 4522 601 4594 ad
625 4521 846 4594 verbum
885 4522 1208 4594 ἁνορθοῦται
1231 4564 1245 4586 ,
1279 4536 1333 4578 et
1363 4513 1484 4593 post
1509 4513 1610 4577 'eas
1633 4538 1803 4594 _v_or'es
1829 4532 2102 4594 punctum
2138 4513 2180 4568 ῐ)
2211 4523 2573 4594 Hieronymus
2598 4532 2715 4594 tum
2752 4520 2805 4594 in
2837 4513 2972 4594 libro
3003 4519 3080 4574 De
3101 4513 3440 4594 scriptoribus
3456 4520 3775 4576 ecclesiasti-

533 4590 697 4643 hnale
726 4590 1115 4660 apposuerunt.
1146 4597 1238 4649 Sic
1263 4590 1407 4648 enim
1437 4594 1602 4647 vertit
1633 4591 1907 4660 Mus-culus
1935 4608 1947 4645 :
1974 4590 2103 4645 Cum

531 4669 705 4731 autem
745 4659 840 4731 sub
877 4678 936 4715 eo
969 4664 1346 4731 periclitatum:
1379 4672 1546 4716 essent
1580 4678 1662 4715 res
1705 4659 1991 4726 Ecclesia,
2039 4662 2104 4714 ab

532 4731 648 4795 ipso
672 4727 1059 4784 DeoSerratore
1083 4737 1319 4787 omnium
1346 4741 1652 4786 sustentata?
1685 4745 1829 4784 sum.
1873 4730 2103 4785 Musculi

531 4798 839 4855 versionem
874 4812 1093 4856 secutus
1123 4816 1206 4858 est
1229 4804 1779 4867 Christophorsonus.
1805 4801 1916 4868 Ego
1946 4816 2099 4864 vero,

533 4871 881 4941 re_attentius
910 4874 1239 4937 examinata,
1259 4872 1426 4941 verba
1467 4871 1551 4923 illa
1571 4871 1707 4941 πρὸς
1738 4870 1905 4941 αὐτοῦ
1958 4869 2104 4941 ᾹΘεοῠ

535 4936 816 5012 referenda
848 4953 968 5012 esse
1007 4956 1202 4997 censeo
1225 4936 1310 4995 ad
1337 4936 1631 5003 ἐπίσκοπος
1662 4939 2018 5012 ἀναδειχθείς,
2048 4952 2108 5012 ut

533 5020 728 5081 sensus
759 5009 832 5081 sit
871 5011 1134 5081 ejusmodi
1165 5028 1178 5064 :
1206 5012 1336 5065 Nam
1379 5012 1640 5065 continuo
1684 5009 1994 5065 Theodotus
2034 5011 2106 5064 ab

535 5077 652 5145 ipso
677 5076 920 5133 omnium
938 5076 1230 5135 Servatore
1278 5082 1387 5136 Deo
1416 5083 1700 5148 episcopus
1729 5081 1887 5147 illius
1918 5080 2105 5136 Eccle-

536 5149 632 5200 siae
662 5148 990 5219 declaratus,
1030 5158 1223 5204 cuncta
1257 5151 1512 5204 restituit.
1542 5149 1753 5204 Fefellit
1778 5153 2105 5219 interpretes

532 5218 884 5297 pravanbnjus
914 5219 1440 5297 loci_iuterpunctio_,
1468 5233 1587 5297 qui?
1614 5222 1775 5297 etiam
1795 5222 1849 5274 in
1882 5218 2105 5290 seriptis

534 5286 823 5370 codicibus
862 5286 1166 5369 reperitur}
1196 5286 1262 5370 et
1291 5305 1391 5344 vox
1414 5286 1762 5361 ἀνορθοῠται,
1788 5305 1950 5359 quam
1984 5286 2107 5361 pas-

533 5366 651 5410 stve
680 5366 819 5410 sumi
852 5366 1254 5413 existimarunt.

605 5426 717 5500 (75)
758 5425 876 5500 Τῆς
916 5425 1035 5500 τῶν
1064 5430 1200 5500 παρ’
1252 5428 1439 5483 αὑτοῦ
1476 5426 1792 5500 δεομένων.
1846 5429 1912 5500 In,
1944 5430 2103 5500 codd.

533 5493 806 5564 Hedicke,
833 5496 972 5569 lf‘uk.
1012 5507 1067 5569 et
1108 5493 1246 5569 Hal.
1297 5493 1774 5569 scriptutn'reperi
1807 5499 1956 5554 ετῶν
2003 5499 2107 5569 τῆς

532 5568 663 5637 παρ’
694 5566 1156 5638 αὑτοῦᾼδεομένων
1183 5566 1442 5638 ὠφελίας,
1473 5584 1637 5638 quam
1664 5566 1956 5624 lectionem
1987 5566 2106 5623 vui-

532 5631 1129 5707 gat'te_antcferet'tdam
1175 5631 1327 5707 puto.
1394 5631 1507 5693 δῆθ’
1538 5639 1684 5707 enim
1739 5642 2104 5695 construenda

533 5704 805 5780 sunthaec
828 5706 992 5780 verba
1027 5723 1043 5765 ε
1072 5704 1235 5762 ἕνεκα
1264 5708 1374 5765 τῶν
1407 5706 1678 5780 δεομένων
1704 5707 1803 5779 τῆς
1844 5708 1975 5780 παρ’
2009 5709 2106 5763 αὐ-

532 5773 627 5828 τοῦ
647 5773 948 5847 ὠφελείας.ι

2207 4594 2306 4656 cis,
2338 4588 2447 4647 tum
2481 4592 2535 4644 in
2575 4590 2829 4657 Apologia
2855 4590 3106 4645 adversus
3130 4588 3399 4658 Ruﬁnum.

2276 4662 2389 4732 (78)
2443 4662 2538 4714 Ἐν
2558 4658 2626 4714 δὲ
2643 4658 2766 4724 τοῖς
2777 4658 3047 4732 μάλιστα
3061 4661 3189 4715 καθ’
3213 4658 3390 4728 ἡμᾶς.
3421 4659 3477 4716 Id
3500 4670 3608 4725 est,
3629 4662 3772 4716 inter

2206 4731 2300 4785 eos
2325 4731 2453 4785 vero
2484 4732 2574 4798 qui
2600 4734 2820 4799 propius
2853 4731 2919 4782 ad
2957 4741 3191 4786 nostram
3211 4745 3382 4799 usque
3403 4741 3615 4785 aetatem
3646 4746 3773 4798 per-

2204 4797 2710 4869 venerunt.’Neque
2726 4800 2866 4854 enim
2897 4801 3165 4869 assentior
3187 4797 3429 4856 Musculo
3449 4812 3502 4856 et
3525 4797 3773 4855 Christo-

2206 4872 2516 4941 phorsono,
2552 4868 2641 4938 q'ui
2670 4883 2855 4941 vocem
2897 4868 3144 4941 μάλιστα
3171 4871 3412 4941 referunt
3436 4872 3502 4924 ad
3530 4887 3773 4925 σπανιω-

2206 4938 2422 5004 τάτους.
2460 4942 2674 5010 Pierius
2709 4939 2856 4993 enirn
2890 4938 3259 5010 etMeletius,
3301 4938 3368 4993 de
3414 4941 3610 5010 quibus
3644 4955 3772 4995 mox

2207 5010 2449 5080 loquitur
2480 5008 2747 5080 Eusebius
2768 5048 2783 5071 ,
2818 5011 2884 5080 ad
2915 5009 3264 5080 Constantini
3306 5008 3476 5079 usque
3530 5021 3771 5079 tempora

2204 5078 2480 5137 viicrunt.
2521 5079 2596 5133 De
2622 5078 2803 5133 Pierio
2836 5079 2963 5148 vide
3000 5078 3399 5148 Hieronymum
3424 5089 3479 5134 et
3517 5078 3770 5136 Photium

2206 5151 2262 5205 in
2300 5148 2623 5203 Bibliotheca
2673 5148 2807 5202 Eum
2851 5147 3077 5204 Ruﬁnus
3132 5146 3238 5201 non
3286 5146 3525 5203 Pierium
3586 5159 3768 5214 vocat,

2208 5220 2303 5274 sed
2338 5219 2604 5273 llierium.
2639 5216 2731 5272 Sic
2758 5218 2903 5272 enim
2936 5219 3193 5274 scribitur
3222 5220 3274 5272 in
3299 5232 3431 5274 mss.
3463 5220 3643 5275 Ruﬁni
3666 5259 3683 5283 ,
3716 5229 3774 5273 et

2206 5290 2260 5343 in
2288 5299 2472 5343 vetere
2502 5287 2881 5356 Martyrologio
2910 5287 3146 5342 Romano
3186 5289 3271 5342 die
3312 5302 3366 5342 tv
3423 5287 3769 5344 Novembris.

2206 5358 2602 5428 Qttodiquidem
2626 5358 3075 5428 _Martyrologium
3110 5360 3343 5412 maxima
3381 5368 3532 5428 parte
3563 5375 3627 5414 ex
3659 5357 3775 5411 Ru-

2208 5423 2299 5483 lini
2334 5423 2701 5482 Ecclesiastica
2719 5423 3288 5498 Itis'toria'descriptum
3310 5423 3432 5482 esse
3458 5428 3769 5498 observavi;

2210 5500 2486 5553 translatis
2510 5502 2673 5551 etiam
2700 5499 2752 5552 in
2784 5497 2913 5553 illttd
2951 5496 3163 5566 tuendis
3198 5512 3318 5566 qua:
3341 5498 3480 5562 apud
3510 5496 3771 5552 Ruﬁnum

2207 5567 2711 5637 leguntur.ltaque
2757 5566 2958 5622 frustra
2988 5565 3313 5637 Rosweidus
3357 5578 3515 5621 vetus
3561 5577 3772 5637 marty-

2208 5639 2474 5706 rologium
2502 5636 2805 5693 llomanum
2838 5638 2940 5691 hoc
2965 5650 3090 5706 esse
3123 5636 3487 5706 existimavit;
3517 5650 3639 5690 cum
3674 5636 3775 5690 nec

2206 5704 2364 5762 vetus
2387 5708 2478 5771 sit,
2503 5720 2603 5760 nec
2637 5708 2957 5760 Romanum.
3010 5704 3145 5760 Nam
3185 5706 3231 5760 si
3272 5705 3574 5760 Romanum
3604 5712 3771 5765 esset,

2208 5777 2354 5832 solos
2395 5788 2662 5847 martyres
2709 5776 2798 5845 qui
2844 5778 3027 5845 Romae
3075 5775 3393 5833 colebantur
3440 5787 3773 5830 commemo-
