4220 6402
395 341 490 397 ἰιι

1337 334 1701 398 HISTORIA:
1735 334 2298 398 ECCLESIASTICIE
2341 338 2480 399 LIB.
2523 340 2675 399 VIII.

3573 338 3678 396 7i!

392 459 558 512 πᾶσιν
589 455 905 530 ἐπιτρόποις
938 459 1042 513 οιαὶ
1084 457 1349 531 ἡγεμόσιν
1376 458 1649 531 ἀποδοχῆς
1690 460 1785 514 καὶ
1817 462 1987 535 θεραει

2096 462 2220 519 ruit.
2251 462 2385 518 lluic
2412 463 2788 534 adjuugendus
2811 472 2896 518 est
2927 463 3315 520 celeberrimus
3353 463 3445 520 ille
3465 462 3679 534 Gorgo-

392 550 554 616 πείας
580 552 675 606 καὶ
700 550 999 618 δεξιώσεως
1019 552 1081 606 οὐ
1109 553 1209 624 τῆς
1237 550 1508 623 τυχούσης
1532 548 1601 624 ἦν
1634 552 1768 626 ὁρᾷν
1800 555 1987 621 ἀξιου-

396 642 592 715 μένους
623 642 757 715 (90).
801 644 926 709 Πῶς
956 643 1000 697 δ’
1043 644 1110 698 ἄν
1154 661 1239 707 τις
1267 644 1585 717 διαγράψειε
1620 645 1718 709 τάς
1755 646 1986 718 μυριάν-

391 735 552 808 δρους
584 734 800 800 ἐκείνας
839 736 1258 805 ἐπισυναγωγάς
1286 736 1396 807 (91)
1431 738 1529 791 καὶ
1556 737 1626 791 τά
1668 737 1847 810 πλήθη
1874 737 1986 793 τῶν

388 831 536 885 κατὰ
558 832 740 885 πᾶσαν
762 830 913 884 πόλιν
934 831 1338 902 ἀθροισμάτων,
1366 832 1465 896 τάς
1497 850 1557 885 τε
1592 834 1900 905 ἐπισήμους
1926 835 1985 888 ἐν

390 925 504 988 τοῖς
533 924 985 996 προσευκτηρίοις
1012 923 1317 994 συνδρομὰς
1346 940 1360 990 ;
1393 917 1468 979 ὧν
1500 924 1566 995 δὴ
1610 925 1773 978 ἕνεκα
1815 925 1987 996 μηδα-

396 1017 512 1089 μῶς
536 1015 618 1071 ἐτι
644 1019 758 1081 τοῖς
783 1016 1033 1080 παλαιοῖς
1066 1016 1497 1088 οἰκοδομήμασιν
1521 1016 1874 1089 ἀρκούμενοι,
1896 1019 1987 1071 εύ-

395 1109 548 1183 ρείας
574 1109 652 1173 είς
678 1108 880 1172 πλάτος
923 1109 1026 1163 ἀνά
1060 1109 1239 1172 πάσας
1264 1108 1363 1169 τὰς
1394 1109 1578 1173 πόλεις
1612 1111 1676 1164 ἐκ
1716 1108 1984 1181 θεμελίων

393 1200 626 1256 ἀνίστων
673 1199 1016 1271 Ἑκκλησίας.
1052 1199 1235 1254 Ταῦτα
1251 1200 1308 1253 δὲ
1333 1203 1446 1265 τοῖς
1474 1202 1686 1274 χρόνοις
1701 1203 1983 1275 προϊόντα,

382 1293 662 1368 ὁσημέραι
695 1310 755 1347 τε
780 1295 861 1355 εἰς
887 1291 1115 1363 αὔξησιν
1143 1293 1239 1345 καὶ
1273 1293 1504 1364 μέγεθος
1534 1295 1863 1358 ἐπιδιδόντα,
1903 1295 1988 1349 ού-

392 1385 745 1459 δεὶςιάνεῖργε
777 1384 990 1456 φθόνος,
1017 1384 1140 1439 οὐδὲ
1171 1402 1255 1451 τις
1289 1385 1498 1457 δαίμων
1526 1388 1763 1461 πονηρὸς
1789 1383 1900 1453 οἷός
1927 1405 1986 1441 τε

394 1472 462 1548 ἦν
491 1476 827 1548 βασκαίνειν,
851 1475 959 1530 οὐδ’
982 1473 1285 1548 ἀνθρώπων
1310 1476 1625 1541 ἐπιϐουλαῖς
1654 1475 1906 1541 κωλύειν,
1927 1477 1987 1541 ἐς

395 1569 518 1625 ὅσον
546 1571 580 1639 ή
617 1568 735 1622 θεία
762 1568 857 1621 καὶ
883 1567 1133 1640 οὐράνιος
1165 1568 1288 1639 χεὶρ
1333 1566 1535 1621 ἐσκεπὲ
1578 1585 1637 1621 τε
1665 1568 1764 1623 καὶ
1790 1567 1987 1640 ἐφρού-

399 1676 501 1733 ρει,
527 1655 616 1715 old
642 1660 707 1732 δὴ
738 1659 887 1728 ἄξιον
910 1661 1040 1716 ὄντα
1066 1660 1159 1715 τὸν
1185 1661 1385 1731 ἑαυτῆς
1412 1661 1540 1715 λαόν
1565 1678 1579 1691 ·
1611 1662 1688 1724 ὡς
1717 1661 1774 1715 δὲ
1801 1663 1865 1715 ἐκ
1887 1663 1987 1733 τῆς

390 1752 490 1806 ἐπὶ
525 1751 685 1807 πλέον
709 1752 1041 1824 ἐλευθερίας,
1067 1755 1163 1807 ἐπὶ
1188 1753 1493 1825 χαυνότητα
1520 1753 1616 1807 καὶ
1649 1752 1886 1825 νωθρίαν
1917 1752 1987 1807 τά

2089 553 2234 619 nius,
2267 563 2321 607 et
2347 555 2661 624 quicunque
2712 552 2804 606 alii
2837 554 2907 609 ob
2941 568 3248 610 sermonem
3280 554 3373 610 Dei
3425 555 3676 609 eamdem

2085 659 2209 699 cum
2238 644 2359 700 istis
2394 644 2623 714 gloriam
2649 657 2777 701 sunt
2825 649 3126 702 consecuti.
3173 646 3440 702 Similiter
3470 658 3525 701 et
3556 646 3676 701 sin—

2087 738 2232 807 gulis
2287 738 2663 794 Ecclesiarum
2716 741 3052 795 antistitibus
3093 755 3362 794 summum
3391 740 3675 804 honorem,

2085 830 2290 886 cultum
2324 844 2388 884 ac
2415 829 2853 885 benevolentiam
2882 831 2949 886 ab
2980 833 3237 887 omnibus
3291 840 3401 885 tam
3450 832 3677 899 privatis
3722 854 3728 861 ο

2085 939 2246 994 quam
2269 924 2679 993 provinciarum
2708 924 3016 978 rectoribus
3045 922 3247 979 deferri
3277 923 3528 979 vidisses.
3554 921 3675 977 lam

2086 1030 2215 1070 vero
2247 1016 2370 1085 quis
2399 1013 2851 1069 innumerabilem
2899 1015 3177 1069 hominum
3222 1013 3464 1085 quotidie
3497 1018 3563 1068 ad
3613 1014 3678 1067 ii-

2086 1108 2207 1162 dem
2239 1107 2444 1161 Christi
2479 1105 2911 1173 confugiendum
2956 1107 3191 1172 turbam,
3234 1106 3356 1176 quis
3387 1121 3674 1184 numerum

2085 1200 2439 1254 ecclesiarum
2470 1200 2523 1252 in
2552 1199 2785 1268 singulis
2818 1199 3070 1263 urbibus,
3099 1198 3223 1266 quis
3280 1198 3518 1252 illustres
3583 1213 3680 1266 p0-

2085 1291 2336 1362 pulorum
2363 1305 2666 1346 concursus
2695 1292 2748 1347 iu
2774 1290 2981 1346 aedibus
3012 1292 3210 1355 sacris,
3241 1291 3517 1345 cumulate
3544 1305 3672 1358 pos-

2086 1383 2157 1436 sit
2187 1380 2543 1436 describere?
2568 1378 2688 1447 Quo
2718 1381 2920 1435 factum
2955 1393 3040 1435 est
3080 1390 3159 1444 ut,
3190 1380 3387 1449 priscis
3432 1379 3681 1436 aediliciis

2084 1473 2194 1542 jam
2226 1486 2333 1527 non
2363 1472 2628 1537 contenti,
2656 1472 2711 1525 in
2747 1472 2982 1543 singulis
3010 1473 3235 1528 urbibus
3291 1475 3562 1543 spatiosas
3608 1473 3679 1530 ab

2087 1567 2220 1636 ipsis
2240 1566 2614 1624 fundamentis
2645 1575 3001 1622 exstruerent
3035 1567 3329 1645 ecclesias.
3352 1571 3529 1637 Atque
3561 1568 3679 1625 haec

2086 1673 2378 1730 progressu
2408 1661 2672 1728 temporis
2700 1660 3085 1725 increscentia,
3126 1670 3181 1714 et
3206 1661 3447 1729 quotidie
3476 1661 3529 1715 in
3558 1676 3678 1715 ma-

2080 1747 2172 1818 jus
2194 1764 2259 1805 ac
2285 1750 2477 1806 melius
2534 1750 2895 1821 proficientia,
2924 1765 3025 1806 nec
3068 1751 3205 1805 livor
3239 1750 3381 1808 ullus
3415 1760 3677 1821 atteterc,

395 1848 518 1902 καθ’
542 1848 693 1920 ἡμᾶς
729 1845 1143 1918 μετηλλάττετο,
1171 1846 1347 1901 ἄλλων
1377 1845 1555 1912 ἄλλοις
1595 1845 1987 1919 διαφθονουμὲ-

2098 1859 2201 1899 nec
2227 1843 2532 1912 malignitas
2556 1841 2817 1895 dannouis
2841 1838 3132 1905 fascinare,
3163 1856 3262 1896 nec
3287 1841 3567 1896 hominum
3593 1843 3677 1895 in-

385 1956 504 1994 'va
545 1938 643 1992 καὶ
672 1937 1217 2010 διαλοιδορουμένων,
1250 1939 1344 1992 καὶ
1389 1937 1674 2009 μονονουχὶ
1701 1937 1859 2009 ήμῶν
1889 1937 1988 1992 ai»

393 2030 502 2084 τῶν
525 2030 734 2095 ἑαυτοῖς
755 2029 1283 2101 προσπολεμούντων
1311 2027 1520 2093 ὅπλοις,
1554 2031 1605 2082 εί
1637 2027 1780 2082 οὕτω
1808 2028 1984 2099 τύχοι,

387 2122 490 2176 καὶ
508 2120 698 2193 δόρασι
723 2123 835 2185 τοῖς
858 2119 946 2175 διὰ
969 2120 1165 2191 λόγων,
1180 2121 1458 2193 ἀρχόντων
1486 2137 1547 2173 τε
1573 2120 1801 2192 ἄρχουσι
1820 2136 1989 2191 προσ-

399 2212 734 2287 ρηγνύντων,
764 2214 859 2269 καὶ
883 2213 1030 2268 λαῶν
1084 2214 1178 2268 ἐπὶ
1219 2213 1384 2278 λαοὺς
1418 2212 1984 2278 καταστασιαζόντων,

394 2303 498 2375 τῆς
547 2322 607 2358 τε
646 2305 988 2377 ὑποκρίσεως
1041 2305 1252 2374 ἀφάτου
1298 2306 1393 2357 καὶ
1437 2304 1537 2374 τῆς
1569 2302 1856 2375 εἰρωνείας
1895 2304 1990 2358 ἐπὶ

394 2395 646 2451 πλεῖστον
674 2398 796 2451 ὅσον
828 2397 1028 2461 κακίας
1061 2396 1384 2470 προϊούσης,
1409 2396 1445 2467 ή
1484 2395 1586 2467 μὲν
1626 2395 1691 2467 δὴ
1718 2393 1839 2449 Θεία
1869 2394 1991 2468 κρί-

398 2504 484 2553 σις
514 2484 601 2542 οἶα
641 2488 794 2559 φίλον
834 2489 972 2561 αὐτῇ
1004 2489 1423 2561 πεφεισμένως,
1460 2487 1570 2541 τῶν
1603 2486 1991 2560 ἀθροισμάτων

396 2580 479 2636 ἐτι
521 2582 1007 2655 συγκροτουμένων
1046 2582 1231 2655 ἡρέμα
1276 2582 1371 2636 καὶ
1419 2580 1657 2653 μετρίως
1693 2582 1793 2653 τὴν
1822 2581 1991 2652 αὐτῆς

397 2674 703 2745 ἐπισκοπὴν
731 2673 1000 2738 ἀνεκίνει,
1032 2676 1097 2729 ἐκ
1138 2673 1246 2728 τῶν
1287 2674 1349 2728 ἐν
1392 2672 1708 2745 στρατείαις
1745 2672 1993 2743 ἀδελφῶν

398 2763 807 2837 καταρχομένου
855 2765 951 2819 τοῦ
1003 2764 1268 2837 διωγμοῦ.
1332 2764 1421 2828 Ὦς
1480 2765 1525 2818 δ’
1572 2763 1993 2834 ἀνεπαισθήτως

398 2854 614 2926 ἔχοντες
636 2895 650 2921 ,
680 2856 779 2926 οὐχ
805 2856 953 2920 ὅπως
970 2856 1203 2927 εὐμενὲς
1233 2856 1328 2910 καὶ
1356 2856 1513 2909 ἵλεων
1538 2855 1986 2927 καταστήσεσθαι

397 2946 460 3001 τδ
486 2949 637 3003 Θεῖον
682 2947 1146 3021 προύθυμούμεθα
1166 2990 1181 3015 ,
1212 2943 1301 3002 οἷα
1343 2947 1399 3000 δέ
1440 2965 1586 3011 τινες
1613 2946 1763 3002 ἄθεοι
1790 2945 1994 3019 ἀφρόν-

398 3054 558 3094 τιστα
581 3039 678 3094 καὶ
701 3040 1044 3097 ἀνεπίσκοπα
1066 3042 1136 3096 τά
1162 3040 1285 3095 καθ’
1314 3041 1463 3112 ἡμᾶς
1488 3039 1802 3111 ἡγούμενοι,
1826 3037 1994 3101 ἄλλας

390 3132 487 3218 ἐπ’
520 3130 708 3196 ἄλλαις
752 3133 1147 3205 προσετίθεμεν
1196 3133 1398 3197 κακίας
1423 3150 1436 3163 ·
1484 3134 1538 3186 οἳ
1591 3150 1651 3186 τε
1707 3132 1990 3196 δοκοῦντες

400 3221 559 3296 ἡμῶν
596 3224 853 3296 ποιμένες
879 3226 973 3279 τὸν
1001 3225 1099 3296 τῆς
1136 3224 1447 3288 θεοσεϐείας
1487 3223 1687 3295 θεσμὸν
1727 3222 1990 3296 παρωσά-

400 3334 578 3388 μενοι,
614 3320 734 3383 ταῖς
776 3318 913 3389 πρὸς
937 3318 1202 3389 ἀλλήλους
1227 3319 1588 3387 ἀνεφλέγοντο
1614 3316 1990 3386 φιλονεικίαις,

400 3409 539 3463 αὑτά
569 3410 634 3481 δὴ
664 3408 838 3464 ταῦτα
872 3409 1030 3479 μόνα,
1051 3408 1151 3473 τὰς
1173 3409 1354 3481 ἐριδας
1377 3410 1472 3462 καὶ
1490 3408 1591 3472 τὰς
1621 3407 1872 3471 ἀπειλὰς,
1901 3407 1991 3460 τόν

400 3513 461 3553 τε
494 3498 657 3569 ζῆλον
698 3500 792 3553 κα)¹
824 3498 886 3553 τὺ
927 3498 1062 3572 πρὸς
1107 3499 1373 3569 ἀλλήλους
1406 3499 1563 3569 ἔχθος
1600 3516 1659 3552 τε
1693 3499 1789 3553 καὶ
1835 3500 1993 3569 μῖσος

401 3589 761 3658 ἐπαύξοντες,
789 3586 880 3646 οἷά
903 3608 964 3644 τε
998 3591 1322 3664 τυραννίδας
1359 3592 1458 3656 τὰς
1488 3591 1783 3663 φιλαρχίας
1830 3590 1996 3644 meo-

409 3701 526 3753 μως
551 3683 945 3748 διεκδικοῦντες
980 3682 1091 3755 (92)
1113 3699 1127 3715 ο
1155 3683 1277 3737 τότε
1302 3682 1365 3755 δὴ
1396 3683 1516 3737 τότε
1551 3683 1697 3737 κατά
1734 3683 1833 3754 τὴν
1861 3683 2001 3753 φάσ-

405 3790 610 3830 κουσαν
635 3773 730 3829 τοῦ
768 3775 1032 3847 Ἰερεμίου
1066 3774 1270 3847 φωνὴν,
1301 3793 1321 3826 ι
1383 3774 1724 3843 Ἐγνόφωσεν
1763 3777 1822 3828 ἐν
1860 3775 1998 3846 ὀργῇ

405 3864 572 3920 αὐτοῦ
597 3864 802 3938 Κύριος
821 3866 921 3939 τὴν
950 3865 1230 3939 θυγατέρα
1255 3863 1393 3919 Σιὼν
1414 3905 1430 3931 ,
1461 3865 1556 3919 καὶ
1578 3864 1909 3937 κατέρριψεν
1938 3864 1999 3929 ἐξ

404 3957 636 4032 ούρανοῦ
668 3958 750 4023 είς
780 3959 884 4030 γῆν
921 3958 1164 4030 δόξασμα
1209 3957 1460 4031 Ἰσραὴλ,
1507 3958 1611 4011 οὐκ
1657 3957 1904 4028 ἐμνήσθη
1936 3972 1996 4009 τε

404 4050 699 4105 ὑποποδίου
727 4050 905 4105 ποδῶν
928 4049 1094 4105 αὐτοῦ
1131 4051 1189 4105 ἐν
1218 4050 1403 4122 ἡμέρᾳ
1429 4050 1599 4121 ὀργῆς
1631 4048 1829 4103 αὑτοῦ·
1860 4047 1999 4103 ἀλλά

408 4143 502 4198 καὶ
522 4143 879 4198 κατεπόντισε
900 4141 1103 4216 Κύριος
1128 4142 1303 4197 πάντα
1325 4141 1397 4196 τὰ
1419 4140 1597 4213 ὡραῖα
1637 4139 1876 4212 Ἰσραὴλ,
1902 4141 2000 4193 καὶ

409 4236 626 4292 καθεῖλε
658 4236 867 4301 πάντας
894 4236 1020 4300 τοὺς
1051 4235 1339 4308 φραγμοὺς
1364 4232 1553 4287 αὑτοῦ.
1587 4251 1607 4286 ι
1642 4232 1802 4286 Κατά
1828 4248 1889 4285 τε
1930 4229 2001 4284 τὰ

410 4330 469 4383 ἐν
496 4327 748 4399 Ψαλμοῖς
775 4325 1245 4400 προθεσπισθέντα
1263 4364 1280 4391 ,
1313 4343 1333 4378 t
1368 4324 1724 4397 Κατέστρεψε
1757 4321 1854 4394 τὴν
1882 4323 2021 4377 δια-’

411 4419 583 4491 θήκην
606 4418 701 4474 τοῦ
727 4419 916 4474 δούλου
949 4416 1136 4486 αὐτοῦ,
1165 4417 1260 4471 καὶ
1293 4415 1634 4488 ἐϐεϐήλωσεν
1663 4417 1744 4479 εἰς
1773 4415 1879 4486 γῆν
1910 4413 2001 4468 διὰ

480 4533 529 4566 ⁸⁵
562 4534 764 4592 Thren.
791 4550 854 4602 tt,
887 4534 941 4590 1.

2099 1933 2252 1989 8ίάίὲ
2267 1931 2552 2000 prohibere
2575 1944 2813 1998 unquam
2836 1937 3145 1997 potuerunt,
3166 1930 3404 2000 quandiu
3429 1933 3676 2002 omnipo—

2096 2024 2260 2080 tentis
2277 2022 2367 2075 Dei
2388 2022 2607 2075 dextera
2628 2020 2884 2090 populum
2909 2035 3091 2084 suum,
3118 2030 3305 2090 utpote
3335 2022 3426 2077 tali
3448 2023 3672 2093 dignum

2103 2114 2377 2186 praesidio,
2403 2115 2535 2167 texit
2558 2122 2719 2177 atque
2741 2112 3016 2166 custodiit.
3045 2110 3149 2167 Sed
3174 2129 3296 2167 cum
3324 2129 3388 2168 ex
3412 2116 3581 2170 nimia
3610 2117 3675 2171 li-

2104 2204 2317 2260 bertate
2357 2203 2411 2257 in
2447 2201 2825 2274 negligentiam
2862 2217 2926 2256 ac
2953 2202 3217 2257 desidiam
3256 2205 3494 2275 prolapsi
3522 2222 3676 2263 esse-

2098 2311 2244 2363 mus,
2278 2311 2402 2351 cum
2433 2296 2571 2349 alter
2604 2294 2760 2348 alteri
2787 2293 3028 2349 invidere
3053 2304 3216 2365 atque
3241 2297 3542 2354 obtrectare
3571 2314 3658 2354 cm

2091 2398 2301 2467 pisset;
2336 2410 2460 2450 cum
2490 2395 2636 2450 inter
2662 2408 2762 2449 nos
2786 2392 2944 2463 quasi
2978 2391 3120 2447 bella
3172 2391 3432 2446 intestina
3467 2402 3687 2459 gerere-

2092 2503 2230 2553 mus,
2255 2486 2439 2543 verbis
2462 2495 2720 2557 tanquam
2747 2484 2916 2539 armis
2935 2483 3262 2553 quibusdam
3283 2481 3561 2550 hastisque
3586 2495 3686 2535 nos

2092 2588 2280 2634 mutuo
2301 2577 2650 2633 vulnerantes
2676 2595 2692 2644 ;
2719 2591 2843 2632 cum
2868 2575 3151 2630 antistites
3185 2574 3449 2629 adversus
3465 2570 3687 2627 antisti-

2097 2678 2199 2736 les,
2226 2668 2411 2738 populi
2434 2668 2488 2722 in
2522 2667 2754 2739 populos
2774 2666 2980 2733 collisi,
3002 2665 3183 2737 jurgia
3204 2680 3268 2719 ac
3287 2663 3552 2719 tumultus
3570 2660 3690 2732 agi-

2094 2772 2295 2829 tarent,
2323 2761 2562 2831 denique
2589 2776 2712 2816 cum
2740 2757 2893 2816 fraus
2923 2768 2978 2814 et
3001 2758 3278 2814 simulatio
3312 2755 3383 2811 ad
3415 2769 3691 2811 summum

2093 2855 2314 2911 malitia:
2359 2852 2576 2909 culmen
2608 2852 2962 2916 adolevisset,
3010 2860 3125 2906 tum
3183 2849 3368 2904 divina
3411 2846 3551 2902 ultio
3584 2844 3691 2901 levi

2093 2946 2344 3013 brachio,
2378 2952 2439 3000 ut
2470 2943 2634 3010 solet,
2668 2944 2885 3015 integro
2914 2943 3093 2998 adhuc
3123 2940 3385 2996 Ecclesiae
3438 2946 3589 2994 statu
3634 2944 3694 2991 et

2097 3040 2334 3095 ﬁdeliqu
2383 3038 2561 3094 turbis
2614 3036 2788 3092 libere
2840 3036 3316 3100 convenientibus,
3369 3032 3574 3088 sensim
3625 3045 3694 3087 ac

2095 3131 2377 3186 moderate
2408 3129 2462 3183 in
2514 3142 2616 3184 nos
2645 3126 2814 3198 cepit
2871 3128 3351 3192 animadvertere;
3399 3137 3528 3179 orsa
3576 3120 3693 3191 pri-

2099 3237 2248 3277 mum
2273 3220 2660 3291 persecutione
2712 3219 2781 3272 ab
2809 3217 2877 3273 iis
2901 3218 2998 3287 qui
3031 3215 3364 3271 militabant.
3395 3215 3532 3269 Cum
3562 3224 3693 3268 vero

2100 3328 2263 3372 sensu
2294 3314 2448 3369 omni
2506 3312 2776 3379 destituti,
2815 3312 2885 3367 de
2920 3308 3190 3381 placando
3218 3307 3316 3362 Dei
3351 3305 3574 3361 numine
3623 3319 3695 3360 ne

2100 3407 2467 3479 cogitaremus
2495 3406 2748 3476 quidem;
2784 3406 2918 3475 quin
2950 3402 3132 3473 potius
3179 3401 3356 3455 instar
3398 3399 3693 3468 impiorum

2099 3502 2461 3570 quorumdam
2491 3513 2582 3554 res
2606 3501 2876 3555 humanas
2903 3496 3052 3552 nulla
3080 3493 3450 3550 sollicitudine
3475 3506 3542 3547 ac
3569 3505 3694 3562 pro-

2098 3591 2341 3647 videntia
2379 3591 2672 3662 gubernari
2702 3592 2841 3655 rati,
2881 3590 2991 3645 alia
3025 3587 3269 3658 quotidie
3307 3584 3539 3641 crimina
3571 3582 3698 3639 aliis

2101 3681 2460 3751 adﬁceremus
2488 3700 2502 3736 :
2531 3698 2655 3738 cum
2684 3691 2933 3752 pastores
2976 3679 3172 3744 nostri,
3195 3687 3384 3746 spreta
3413 3673 3696 3746 religionis

2102 3775 2312 3846 regula,
2337 3775 2542 3831 mutuis
2573 3775 2737 3847 293
2774 3775 2918 3829 inter
2944 3788 3004 3827 se
3037 3768 3478 3827 contentionibus
3503 3768 3695 3822 decer-

2103 3870 2307 3932 tarent,
2332 3863 2471 3919 nihil
2502 3862 2650 3919 aliud
2683 3879 2849 3935 quam
2890 3861 3096 3932 iurgia,
3144 3858 3344 3925 minas,
3391 3857 3699 3914 ammlatio-

2105 3970 2253 4022 nem,
2282 3955 2409 4011 odia
2436 3972 2513 4011 .ac
2545 3965 2764 4011 mutuas
2822 3952 3144 4008 inimicitias
3190 3949 3530 4021 amplilicare
3574 3957 3697 4004 stu-

2105 4047 2317 4115 dentes,
2359 4048 2729 4119 principatum
2783 4046 2941 4118 quasi
2992 4042 3346 4116 tyrannidem
3404 4042 3697 4112 quamdam

2103 4139 2518 4195 contentissime
2546 4140 2652 4194 sibi
2686 4137 3037 4193 vindicantes
3068 4151 3082 4189 :
3115 4143 3246 4190 tunc
3295 4133 3513 4188 demum
3541 4130 3700 4198 juxta

2100 4229 2303 4285 dictum
2323 4229 2575 4286 Ieremia
2588 4231 2636 4263 “
2664 4249 2678 4284 :
2722 4247 2742 4282 ι
2772 4225 3096 4285 Obscuravit
3124 4225 3384 4280 Dominus
3415 4222 3470 4277 in
3499 4223 3579 4276 ira
3599 4234 3698 4276 sua

2101 4322 2268 4378 tiliam
2300 4322 2452 4391 Sion,
2482 4333 2539 4380 et
2571 4323 2771 4391 dejecit
2803 4323 2870 4377 de
2910 4320 3053 4376 cado
3091 4318 3322 4389 gloriam
3351 4314 3518 4371 Israel
3551 4330 3567 4368 :
3596 4327 3700 4367 nec

2104 4415 2424 4472 recordatus
2467 4425 2556 4473 est
2587 4414 2817 4472 scabelli
2862 4412 3061 4484 pedum
3096 4424 3320 4467 suorum
3359 4409 3416 4463 iu
3459 4406 3550 4462 die
3597 4402 3701 4459 ira:

486 4650 599 4723 (90)
622 4654 779 4727 Vulg.
816 4654 1150 4724 ἀνθρώποις
1163 4653 1261 4727 καί
1282 4653 1560 4727 ἡγεμόσι.
1581 4651 1640 4707 1η
1653 4651 1810 4727 codd.
1827 4649 1945 4727 Med
1955 4692 1992 4715 .,

2107 4646 2556 4727 [ιιιιιιεβὶειξορολε⁹
2572 4639 2967 4727 ἐπιμαρτρρῷν
2998 4637 3074 4727 ὡς
3095 4637 3184 4691 διά
3206 4635 3307 4719 τῆς
3331 4632 3498 4727 αξτοῢ
3515 4649 3701 4720 ’σπου-

414 4722 978 4796 Γυιι.,8ον.ἐιξιιοὶ,
1008 4726 1269 4796 scribitur
1292 4722 1641 4796 «apsum
1668 4722 1998 4795 ἐπιτρόποις

415 4801 510 4874 καὶ
537 4790 799 4871 ἡγεμόσιν
847 4795 1126 4874 ’ἀποδοχῆς
1153 4790 1222 4866 ἦν
1246 4790 1391 4874 δρᾷῆ
1416 4790 1811 4874 ἀξιουμένους,
1854 4807 2003 4874 rese-

416 4871 524 4927 ctis
559 4864 662 4925 sei
705 4867 912 4923 voculis
950 4864 1426 4937 quiem—vulgatis
1464 4864 1797 4924 editionibus
1840 4877 1898 4920 et
1941 4864 2000 4919 in

415 4940 606 4997 codice
633 4938 805 5004 Regio
834 4937 1111 5006 leguntur.

486 5008 600 5083 (91)
673 5004 1200 5083 Ἔπισυῶιατωτξᾴςη
1250 5004 1524 5083 Mu_sculus
1598 5004 1767 5060 vertit
1814 5018 2001 5059 nume-

417 5077 1041 5152 rosas'aggregationes;
1073 5077 1623 5146 Christophorsonus,
1681 5083 1994 5129 conuentus.

420 5151 608 5208 Utitur
638 5150 742 5207 hac
774 5162 908 5205 voce
946 5145 1144 5201 Paulus
1183 5147 1237 5200 in
1279 5147 1521 5215 Epistola
1557 5148 1606 5201 ll
1667 5148 1733 5215 ad
1764 5144 1999 5215 Thessa-

421 5222 744 5294 lonicenses,
756 5233 876 5294 cap.
899 5233 940 5273 ιι
964 5213 1588 5294 ὶἘ-ριιγτῷμενήδὲ-ὑμᾷ-ς,
1603 5214 1844 5294 ἀδελφοὶ,
1857 5213 2002 5294 ὑπὲρ

416 5291 521 5364 τῆς
565 5286 870 5375 παρουσίας
899 5286 996 5343 τοῦ
1046 5286 1256 5358 Κυρίου
1297 5286 1472 5394 ἡμῶν
1513 5286 1688 5359 ἰησοῦ
1732 5286 1995 5357 Χριστοῦ,

420 5366 511 5394 ...Α
543 5364 702 5394 4......”
728 5357 1146 5394 ὲπ.κιιυηνι.ινῖ·ερ
1178 5359 1263 5394 ἐπ’
1294 5375 1326 5394 η
1352 5358 1456 5394 retin
1511 5357 1565 5394 Id
1605 5368 1684 5394 uel
1718 5372 1730 5386 ι
1770 5374 1788 5394 ι
1826 5355 1995 5394 “non.

420 5355 517 5418 atd‘t
543 5355 702 5435 ἡμῶν
726 5355 1152 5435 ἐπισυναγωγῆς
1177 5359 1263 5411 ἐπ’
1293 5355 1476 5435 αὑτόν.
1511 5355 1586 5412 Μ’
1605 5368 1687 5435 est
1718 5372 1730 5409 :
1770 5355 1800 5435 t'_
1823 5355 2002 5435 ltoga-

425 5427 755 5488 nius'autem
789 5447 909 5496 vos,
940 5427 1154 5491 fratres,
1194 5443 1292 5499 per
1316 5429 1609 5499 adventum
1648 5427 1863 5481 Domini
1896 5440 1996 5480 που

421 5504 524 5557 stri
554 5501 684 5559 Jesu
709 5500 937 5566 Christi,
965 5509 1022 5556 et
1061 5511 1160 5569 per
1184 5496 1429 5555 nostram
1466 5496 1741 5569 adipsum
1769 5509 1998 5569 congre-

423 5574 719 5642 gationem.
743 5590 765 5625 ι
794 5564 1171 5642 Ἐπισυνάγειν
1190 5571 1411 5642 proprie
1425 5574 1511 5623 est
1526 5564 1805 5642 dispersos
1829 5564 1997 5642 variis

425 5635 496 5697 Ex
536 5644 670 5699 locis
704 5643 760 5697 in
802 5658 968 5697 unum
1014 5635 1311 5708 colligere:
1334 5639 1455 5707 Quo
1490 5651 1657 5692 sensu
1704 5635 1999 5706 Dionysius

426 5713 836 5769 Corinthiorum
867 5713 1153 5781 episcOpus
1183 5712 1236 5764 in
1276 5709 1514 5781 Epistula
1537 5709 1607 5762 ad
1632 5708 1997 5781 Athenienses

428 5797 550 5839 cam
577 5796 764 5840 vocem
802 5776 1066 5855 usuipat,‘
1088 5783 1155 5839 de
1181 5776 1460 5849 Quadrato
1490 5778 1722 5851 loquens
1751 5776 1997 5833 Atheua-

2103 4718 2199 4784 δῆς
2227 4704 2722 4784 ἐπισυναχθέντων,
2741 4704 2842 4784 καὶ
2859 4704 2972 4784 ’τῆς
3000 4709 3239 4784 πίστεως
3257 4704 3701 4784 ’ἀναζωπύρησιν

2104 4736 2133 4772 ο
2172 4736 2199 4781 ς
2227 4736 2722 4784 επισυναχυεντων,
2746 4736 2842 4765 και
2872 4736 2972 4780 της
3000 4736 3236 4770 Ἶιιυτιιωθ
3268 4736 3696 4778 υινυιξωίιυίηιυεν

2104 4736 2805 4859 είληχότωνκμυωμνειικι
2841 4782 3027 4859 refert
3070 4779 3342 4859 Eusebius
3387 4778 3439 4859 in
3478 4777 3591 4859 lib._
3620 4790 3696 4842 tv,

2108 4845 2263 4927 cap'."
2290 4857 2381 4911 ‘25.
2424 4845 2568 4927 Male
2618 4853 2788 4924 igitur
2832 4847 3548 4927 Christophorsonus_ltoc_
3574 4845 3700 4927 loco

2114 4949 2134 4980 ι
2168 4916 2472 4985 conventus
2502 4944 2522 4977 ι
2552 4916 2968 4989 intErpretatur.
2998 4916 3359 4975 Stibditenim
3392 4916 3696 4989 Eusebius.

2108 4998 2296 5053 καὶτὰ
2319 4995 2500 5067 πλήθη
2528 4993 2637 5067 τῶν
2664 4988 3070 5067 ἀθροισμάτων,
3093 4990 3283 5067 τάς-τε
3307 4988 3617 5067 ἐπισήμους
3641 4988 3701 5041 ἐν

2105 5072 2222 5133 τοῖς
2252 5060 2712 5139 προσευκτηρίοις
2738 5060 3326 5139 συνδρομάς-εκιυὶμυε
3352 5060 3702 5139 verbts‘cou-

2106 5126 2311 5195 ven-tus.
2337 5126 2746 5191 ecclesiasticos
2792 5126 2953 5188 haud
2982 5126 3159 5186 dubie
3198 5131 3472 5199 designat.
3519 5126 3701 5194 Quare

2104 5224 2210 5265 vox
2260 5204 2704 5274 ἐπιωναγωγάς,
2760 5204 2907 5257 aliud
2962 5200 3237 5274 signiﬁcet
3281 5213 3509 5274 necesse
3546 5206 3631 5251 est
3683 5212 3697 5274 :_

2103 5269 2555 5361 congregationes
2592 5269 2830 5361 scilicet,
2856 5272 3104 5361 utndix'i‘,
3156 5284 3345 5349 eorum
3382 5269 3483 5361 qui
3528 5270 3700 5361 sedari

2102 5336 2513 5406 Chrisu'nuem
2540 5336 2872 5414 adiungunt.
2907 5343 3001 5396 Sic
3029 5341 3343 5414 Dionysius
3373 5336 3703 5414 Alexandri-

2101 5403 2317 5476 nus'in
2381 5418 2522 5472 libro
2575 5403 2627 5469 ιῖ
2673 5403 2748 5469 02
2789 5403 3230 5482 promissionibtis
3276 5412 3539 5482 adversus
3602 5403 3704 5482 N3-

2143 5473 2317 5553 otctn,
2368 5486 2522 5557 cujus
2560 5486 2730 5542 Verba
2775 5473 2946 5539 refert
3012 5480 3282 5539 Eusebius
3318 5482 3375 5535 in
3413 5479 3589 5548 capite
3625 5473 3704 5532 23

2127 5563 2197 5617 ib.
2224 5574 2322 5613 vn.

2204 5630 2345 5701 (92),
2391 5627 2711 5701 ίἘκθύμως
2761 5620 3234 5701 διεκδικοᾷντες,
3302 5618 3429 5701 dum
3487 5613 3703 5701 scilicet

2107 5692 2353 5772 episcopi
2389 5700 2532 5772 inter
2569 5692 2629 5752 se
2669 5692 2884 5772 certant
2926 5698 2993 5747 de
3037 5692 3263 5746 honoris
3308 5694 3700 5761 pratrogattva,

2103 5768 2204 5857 aut
2234 5768 2529 5847 de‘liuibus
2551 5768 2920 5841 parteciar‘um
2945 5779 3195 5821 suarum.
