4220 6426
518 312 625 382 ἾιἾ

1227 322 1494 379 EUSEBII
1532 322 2010 380 CxESAliIENSlS
2047 323 2197 378 (lPP.
2239 324 2426 380 PARS
2465 324 2505 380 Ι.
2545 318 2614 366 -ὲ
2654 323 3048 385 HISTORICA.

3675 332 3778 388 748

521 441 666 498 Sueri
693 456 821 497 vero
851 439 1066 497 codices
1093 439 1324 495 ﬂammis
1362 442 1572 497 absumi
1596 442 1932 510 jubebantur
1957 460 1969 495 :
2006 450 2087 494 ιιι-
2116 483 2124 501 Α

2190 460 2333 507 νους,
2368 442 2614 513 ἀτίμους,
2637 444 2763 507 τοὺς
2799 443 2857 497 δὲ
2887 445 2945 497 ἐν
2973 444 3260 509 οἰκετίαις,
3293 446 3344 498 εἰ
3378 445 3689 516 ἐπιμένοιεν
3714 449 3774 503 ἐν

520 548 627 608 qu‘e
667 537 917 592 honorati
951 537 1165 607 quidem
1203 536 1429 590 infamia
1483 546 1841 600 notarentur;
1892 535 2087 605 plebeii

517 643 650 686 vero
681 627 936 684 libertate
977 626 1374 697 spoliarentur,
1404 627 1450 682 si
1493 627 1547 681 in
1587 626 1915 682 Christiana:
1963 626 2088 681 ﬁdei

516 720 798 790 proposito
846 719 1300 786 permansissent.
1334 716 1400 771 Et
1433 717 1664 786 primum
1700 717 1918 787 quidem
1959 731 2088 770 con—

516 820 601 865 tra
631 824 731 867 nos
753 809 991 866 edictum
1019 808 1325 877 huiusmodi
1351 809 1471 866 fuit.
1499 808 1608 865 Sed
1641 824 1748 863 non
1777 809 1945 863 multo
1966 815 2090 878 post

513 899 636 955 aliae
683 914 875 956 rursus
914 898 1110 955 littera:
1148 908 1615 970 supervenerunt,
1664 899 1866 969 quibus
1927 914 2088 954 man-

513 992 746 1048 dabatur
783 1000 846 1047 ut
887 1006 1077 1047 omnes
1121 994 1451 1064 ubicumque
1484 991 1851 1047 Ecclesiarum
1903 992 2078 1046 antis-

511 1085 674 1152 tites,
711 1084 960 1155 {primum
1006 1085 1225 1155 quidem
1275 1084 1680 1151 conjicerentur
1728 1084 1783 1137 in
1826 1081 2085 1147 vincula;

2190 537 2258 605 τῇ
2287 533 2379 587 τού
2408 536 2836 607 Χριστιανισμοῦ
2882 536 3177 608 προθέσει,
3219 537 3531 609 ἐλευθερίας
3572 544 3778 612 στερεῖ-

2193 626 2317 678 σθαι
2352 625 2459 696 (99)
2502 627 2963 698 προαγορεύοντα.
3013 630 3125 682 Kal.
3181 630 3215 700 ἠ
3262 629 3360 699 μὲν
3407 629 3599 702 πρώτη
3655 632 3778 686 καθ’
3816 682 3822 689 .

2195 713 2355 784 ἡμῶν
2382 712 2586 784 γραφὴ,
2609 715 2831 787 τοιαύτη
2858 732 2948 779 τις
2973 710 3070 787 ἦν’
3097 717 3215 788 μετ’
3237 718 3297 770 ού
3321 717 3456 771 πολὺ
3490 718 3548 772 δὲ
3578 720 3780 791 ἐτέρων

2197 807 2663 876 ἐπιφοιτησάντων
2696 807 3039 878 γραμμάτων
3056 849 3072 874 ,
3099 809 3493 880 προσετάττετο
3520 811 3646 874 τοὺς
3669 809 3779 864 τῶν

2195 897 2498 969 ἐκκλησιῶν
2529 897 2824 971 προέδρους
2852 900 3060 964 πάντας
3081 902 3206 965 τοὺς
3228 901 3369 955 κατὰ
3392 902 3568 956 πάντα
3588 903 3775 970 τόπον,

2196 989 2389 1060 πρῶτα
2419 989 2518 1061 μὲν
2550 990 2771 1061 δεσμοῖς
2800 991 3208 1063 παραδίδοσθαι,
3240 989 3340 1049 εἷθ’
3368 993 3596 1069 ὕστερον
3625 998 3776 1070 πάσῃ

2196 1085 2410 1156 μηχανῇ
2442 1083 2590 1138 θύειν
2618 1082 3105 1154 ἐξαναγκάζεσθαι.

509 1177 708 1233 deinde
735 1191 870 1233 vero
892 1176 1013 1237 .diis
1059 1175 1395 1240 sacriﬁcare,
1428 1174 1682 1232 omnibus
1723 1175 1903 1231 modis
1932 1184 2281 1246 cogerentur.

1123 1268 1354 1326 CAPUT
1389 1268 1479 1324 ιιι.

565 1363 643 1420 De
672 1364 837 1419 variis
877 1365 1223 1444 certaminum
1250 1363 1534 1443 generibus
1559 1362 1747 1432 quibus
1777 1371 2038 1432 martyres

946 1436 1003 1487 in
1042 1436 1400 1503 persecutione
1427 1442 1721 1487 certarunt.

579 1527 718 1582 Tum
743 1542 877 1583 vero
908 1527 1287 1602 quamplurimi
1308 1527 1680 1583 Ecclesiarum
1706 1536 1947 1583 rectores
1962 1542 2088 1598 gra-

506 1620 732 1675 vissima
803 1620 1075 1691 supplicia
1141 1620 1309 1676 alacri
1377 1619 1564 1675 animo
1625 1620 1905 1690 perpessi,
1957 1620 2083 1674 illu-

507 1711 699 1767 strium
752 1712 1113 1768 certaminum
1167 1716 1485 1782 spectacula
1535 1712 1925 1767 exhibuerunt.
1972 1711 2082 1766 Alii

2722 1268 3120 1327 ΚΕΦΑΛΔῙΟΝ
3152 1273 3227 1330 Γ’.

2193 1359 2335 1428 Περί
2377 1360 2485 1415 τοῦ
2538 1362 2763 1436 τρόπου
2807 1360 3119 1436 τῶν-.-κατὰ
3150 1363 3269 1436 ςόν
3314 1363 3575 1436 διωγμόν
3616 1366 3771 1436 ἠγω-

2532 1430 2836 1500 νισμένων
2869 1432 3010 1502 (Nic.
3032 1433 3104 1486 Η.
3135 1434 3207 1488 Ε.
3238 1450 3334 1498 vn,
3357 1430 3436 1506 4).

2263 1522 2395 1575 Τότε
2421 1521 2485 1594 δὴ
2512 1518 2605 1576 οὖν
2646 1523 2769 1577 τότε
2798 1524 3037 1579 πλεῖστοι
3068 1525 3169 1597 μὲν
3195 1526 3309 1579 ὅσοι
3333 1526 3443 1580 τῶν
3465 1526 3773 1598 ἐκκλησιῶν

2190 1612 2479 1685 ἄρχοντες,
2522 1614 2720 1679 δειναῖς
2771 1616 2975 1680 αἰκίαις
3023 1614 3318 1688 προθύμως
3357 1616 3769 1689 ἐναθλήσαντες,

2194 1705 2443 1776 μεγάλων
2473 1705 2698 1775 ἀγώνων
2734 1707 2975 1779 ἱστορίας
2998 1707 3362 1773 ἐπεδείξαντο,
3403 1709 3587 1781 μυρίοι
3611 1709 3656 1763 δ’
3686 1709 3799 1771 άλ-ι

505 1816 722 1873 quoque
750 1818 859 1859 non
886 1802 1234 1874 pauci,fracti
1265 1803 1465 1858 animis
1491 1818 1557 1859 ac
1587 1803 1878 1867 debilitati,
1907 1804 2086 1874 primo
2120 1808 2124 1861 1

2186 1795 2266 1850 λοι
2291 1796 2389 1867 τὴν
2423 1797 2601 1867 ψυχὴν
2631 1798 2739 1851 ὑπὸ
2776 1797 2976 1861 δειλίας
3007 1802 3517 1871 προναρκήσαντες,
3552 1801 3776 1871 προχείο

505 1895 693 1951 statim
735 1896 943 1966 impetu
966 1909 1081 1965 prae
1110 1894 1308 1949 timore
1328 1893 1712 1949 conciderunt.
1749 1893 1828 1949 Ex
1854 1895 2081 1964 reliquis

502 1988 653 2042 varia
708 1987 941 2059 quisque
982 1996 1381 2043 tormentorum
1429 2003 1627 2059 genera
1664 1998 1925 2058 expertus
1954 1999 2078 2043 est:

502 2078 593 2143 hic
616 2078 847 2150 ﬂagellis
871 2078 1161 2145 concisus;
1195 2078 1286 2133 ille
1321 2080 1610 2133 tormentis
1645 2077 2079 2133 intolerabilibus

501 2177 558 2224 et
587 2166 805 2240 ungulis
848 2166 1221 2224 excruciatus.
1264 2164 1475 2232 Quibus
1516 2166 1570 2220 in
1617 2164 1902 2235 suppliciis
1937 2174 2082 2219 non-ﬁ

499 2259 634 2316 nulli
662 2260 828 2317 etiam
852 2259 1164 2314 miserrimo
1191 2258 1385 2313 mortis
1413 2270 1613 2328 genere
1660 2257 1941 2311 interiere.
1968 2254 2079 2311 Alii

502 2351 633 2407 item
686 2351 793 2407 alio
835 2350 996 2406 modo
1036 2359 1317 2405 certamen
1358 2363 1515 2402 suum
1564 2355 1915 2417 peregerunt.
1981 2345 2081 2400 Hic

499 2442 960 2498 contrudentibus
1000 2454 1128 2496 eum
1168 2437 1491 2509 quibusdam
1516 2477 1532 2500 ,
1577 2446 1632 2491 et
1657 2439 1725 2491 ad
1759 2437 1968 2507 impura
2015 2450 2082 2491 ac

501 2533 710 2591 nefaria
738 2532 1008 2590 sacriﬁcia
1056 2531 1494 2597 admoventibus,
1524 2530 1677 2600 quasi
1713 2528 2080 2584 sacriﬁcasset

501 2623 899 2689 dimittebatur,
942 2624 1155 2678 tametsi
1188 2636 1377 2678 revera
1420 2621 1646 2675 minime
1692 2620 2076 2675 sacriﬁcassct.

498 2717 653 2771 Alius
682 2729 811 2769 vero
840 2728 963 2769 cum
991 2727 1167 2782 neque
1189 2727 1415 2783 prorsus
1443 2713 1508 2765 ad
1533 2726 1683 2765 aram
1710 2711 2065 2774 accessisset,

501 2821 678 2879 neque
705 2805 991 2877 profanum
1025 2806 1327 2877 quidquam
1363 2804 1652 2873 attigisset,
1688 2802 1964 2858 nonnullis
1995 2812 2078 2857 ta-

500 2914 622 2956 men
654 2900 829 2971 ipsum
853 2897 1193 2955 sacriﬁcasse
1215 2897 1540 2960 dicentibus,
1573 2898 1716 2951 hanc
1743 2895 2074 2951 calumniam

498 2994 715 3050 silentio
742 2990 1094 3048 dissimulans
1131 2989 1477 3044 abscedebat.
1517 2985 1580 3042 Hi
1607 2987 1854 3043 semivivi
1888 3002 2075 3042 corre-

495 3086 575 3158 pti
606 3095 774 3156 atque
813 3081 1057 3138 humeris
1092 3082 1421 3151 gestantium
1453 3081 1674 3147 sublati,
1709 3079 2073 3150 projicieban-

497 3147 587 3235 iur
621 3147 930 3233 tit-mortui.
970 3174 1051 3231 llli
1082 3147 1227 3228 humi
1257 3172 1419 3243 295
1444 3147 1724 3243 jaccnles,
1744 3147 1841 3242 per
1863 3173 2069 3243 longis-
2095 3147 2139 3204 ο

495 3272 695 3325 simum
746 3268 980 3338 spatium
1023 3266 1252 3337 pedibus
1296 3266 1682 3330 trahebantur,
1711 3275 1767 3320 et
1792 3265 1939 3319 inter
1973 3279 2069 3320 eos

494 3363 585 3433 qui
620 3361 1066 3417 saeriﬁcavcrant
1096 3359 1575 3427 computabantur.
1600 3358 1754 3412 Alius
1791 3373 1923 3413 vero
1950 3357 2068 3413 ela-

495 3453 769 3519 mabat,et
807 3460 1066 3507 contenta
1092 3465 1226 3506 voce
1260 3451 1568 3505 testabatur
1594 3465 1653 3505 se
1683 3449 1952 3505 sacriﬁcia
1984 3465 2072 3504 re-

493 3544 743 3615 pudiare.
769 3544 923 3600 Alius
961 3542 1332 3599 Christianum
1376 3557 1437 3598 se
1480 3557 1603 3597 esse
1636 3541 2068 3608 vociferahatur,

492 3636 751 3693 salutaris
773 3635 935 3705 hujus
965 3635 1201 3689 nominis
1219 3632 1623 3689 confessionem
1651 3648 1761 3703 prae
1786 3648 1846 3688 se
1865 3634 2067 3689 ferens.

491 3725 647 3781 Alius
675 3724 806 3780 item
850 3738 912 3778 se
945 3737 1047 3779 nec
1079 3723 1450 3787 sacriﬁcasse,
1484 3738 1587 3777 nec
1629 3723 2069 3777 sacriﬁcaturum

492 3830 736 3884 unquam
771 3814 1096 3870 afﬁrmabat.
1129 3816 1234 3872 Sed
1267 3826 1322 3870 et
1348 3815 1404 3870 hi
1445 3829 1476 3870 a
1510 3828 1800 3870 numerosa
1834 3813 2068 3869 militum

494 3922 659 3963 manu
695 3907 763 3962 ad
802 3907 855 3962 id
896 3916 1333 3975 comparatorum
1368 3907 1565 3976 pugnis
1601 3905 1656 3959 in
1693 3920 1754 3960 os
1784 3905 1908 3961 caesi
1933 3944 1951 3970 ,
2003 3919 2070 3961 ac

493 3997 656 4054 silere
687 3996 898 4064 coacti,
928 3996 1082 4069 genis
1111 3995 1372 4065 omnique
1410 3993 1554 4050 facie
1578 3994 1902 4049 verberibus
1934 4009 2069 4049 con-

493 4099 615 4145 tusa
648 4089 914 4146 violenter
950 4088 1382 4158 expellebantur.
1418 4087 1571 4142 Adeo
1617 4086 1840 4156 pietatis
1883 4086 2068 4144 hostes

490 4196 792 4253 permagna
824 4181 1012 4250 utique
1027 4179 1392 4244 aestimabant,
1426 4179 1473 4232 si
1502 4178 1554 4232 id
1584 4176 1727 4248 quod
1754 4177 2064 4243 voluerant,

488 4274 787 4348 perfecisse
807 4272 1008 4329 saltem
1039 4270 1381 4326 viderentur.
1408 4268 1610 4325 Verum
1645 4269 1761 4324 haec
1800 4269 2066 4326 adversus

563 4458 867 4552 $99)}???
891 4456 1455 4552 §?.éﬁ.°’mé?‘€::;
1476 4454 2077 4552 i'ffffft’ffﬁf’ﬁﬁ“
2105 4494 2153 4552 ο

493 4527 917 4587 σθὶιιζιὶιιίῑιιιιε
936 4530 1099 4582 vertit
1131 4548 1145 4580 :
1178 4546 1198 4579 ι
1239 4527 1294 4581 Si
1336 4528 1457 4595 quis
1488 4540 1771 4579 servorum
1818 4540 2072 4591 perman-

494 4604 656 4657 sisset
681 4599 1059 4663 Christianus,
1076 4600 1375 4654 libertatem
1398 4596 1652 4664 consequi
1680 4609 1784 4648 non
1807 4605 2010 4664 posset.
2042 4618 2060 4649 ι

495 4673 669 4738 Quem
740 4684 961 4725 sensum
1036 4681 1254 4724 secutus
1319 4667 1539 4738 videtur
1604 4664 1942 4738 Nieephorus
2011 4666 2066 4722 in

494 4735 595 4796 lib.
628 4754 725 4805 vn,
764 4754 817 4793 c.
872 4738 930 4794 ὅ.
974 4738 1069 4793 Sic
1119 4738 1264 4792 enim
1314 4737 1618 4805 Eusebianﬁa
1681 4735 1848 4805 verba
1898 4750 2068 4805 expo-

495 4812 658 4867 suit:
703 4803 803 4863 καὶ
856 4808 981 4872 τοὺς
1041 4808 1260 4871 οἰκέτας
1323 4804 1722 4878 ἐξομνυμένους
1784 4803 2068 4878 ἐλευθερίᾳ

496 4882 683 4952 τιμᾷν,
717 4878 824 4934 Sed
845 4880 970 4952 haec
1010 4878 1386 4952 interpretatio
1418 4878 1551 4928 ferri
1584 4884 1937 4952 _non._potest.
1977 4879 2069 4933 Sic

497 4944 642 5006 enim
663 4948 1034 5024 imperfectum
1061 4944 1251 5004 fuisset
1283 4944 1636 5024 imperatoris
1666 4945 1928 5024 edictum,
1959 4961 2068 5016 quo

500 5014 759 5076 honorati
779 5022 1047 5073 duntaxat
1114 5028 1172 5075 et
1212 5014 1373 5072 servi
1397 5014 1774 5081 comprehensi
1812 5014 2066 5080 fuissent,

500 5093 646 5147 nulla
690 5090 1023 5160 plebeiorum
1073 5104 1138 5144 ac
1198 5089 1523 5160 rusticorum
1575 5085 2064 5160 mentione__l'_acta.

497 5161 650 5217 Adde
672 5154 815 5228 Quod
839 5162 883 5214 si
911 5174 1007 5229 per
1032 5161 1158 5223 τοὺς
1194 5160 1251 5212 ἐν
1283 5156 1545 5217 οἰκετίαις
1584 5156 1727 5229 servi
1760 5154 2070 5226 intelligun-

501 5243 608 5298 tur,
655 5225 1081 5301 ineptum—esset
1125 5231 1330 5301 dicere,
1373 5237 1430 5280 ut
1461 5225 1605 5280 servi
1633 5225 1903 5301 libertate
1940 5225 2070 5294 Spo-

500 5293 962 5370 lientur.'Neque
1018 5301 1162 5355 enim
1218 5299 1495 5370 libertate
1530 5293 1760 5370 spoliari
1809 5293 2065 5370 possunt,

497 5370 791 5444 quamnon
823 5365 1046 5444 habent.
1081 5371 1355 5444 ﬂoccum
1409 5365 1880 5444 animadvertisset
1905 5366 2065 5444 Chri-

497 5436 909 5513 stophorsonus,
938 5443 1064 5506 τοὺς
1086 5442 1145 5494 ἐν
1171 5437 1430 5513 οἰκετίαις
1468 5436 1776 5513 ¢__privatos_
1812 5452 1831 5486 ι
1879 5437 2063 5513 vertit.

498 5506 611 5586 Ego
644 5524 859 5569 actores
883 5506 937 5567 et
964 5521 1345 5586 procuratores
1376 5506 1643 5586 intelligo,
1686 5506 1786 5586 qui
1820 5507 2066 5586 patronis

497 5576 573 5638 et"
586 5576 977 5653 potentioribus
1001 5582 1134 5635 viris
1162 5576 1841 5653 ministrabantLSicinfra
1865 5590 1985 5653 cap.
2008 5576 2065 5638 6,

495 5644 623 5717 τοὺς
654 5656 712 5707 ἐν
735 5653 1037 5725 βασιλικαῖς
1067 5648 1328 5725 οἰκετείαις
1355 5657 1511 5725 vocat
1543 5644 1808 5725 Eusebius
1848 5648 2067 5725 cubicu-

502 5713 667 5794 larios
731 5713 1092 5794 imperatoris.
1172 5721 1280 5794 Sed
1334 5719 1543 5794 optime
1584 5713 1855 5794 _Zouaras_
1924 5716 2068 5794 hunc

503 5792 722 5859 Eusebii
774 5783 952 5852 locum
1000 5791 1266 5868 esposuit.
1329 5783 1464 5845 Nam
1518 5783 1644 5850 τοὺς
1697 5783 1755 5839 ὲν
1807 5784 2066 5850 οἰκετίαις

2188 1904 2296 1960 ρως
2319 1886 2491 1951 οὕτως
2514 1888 2621 1942 ἀπὸ
2651 1888 2875 1960 πρώτης
2899 1888 3265 1960 ἐξησθένησαν
3292 1890 3626 1962 προσϐολῆςο
3658 1892 3772 1948 τῶν

2182 1981 2241 2034 δὲ
2264 1981 2465 2034 λοιπῶν
2487 1981 2715 2044 ἕκαστος
2738 1981 2855 2052 ετδη
2877 1984 3112 2055 διάφορα
3134 1984 3383 2055 βασάνων
3411 1986 3768 2058 ἐνήλλαττεν*

2182 2075 2211 2126 ὁ
2242 2073 2341 2144 μὲν
2371 2073 2622 2144 μάστιξιν
2655 2074 2998 2146 αἰκιζόμενος
3034 2076 3095 2129 τὸ
3122 2076 3316 2147 σῶμα,
3350 2079 3378 2130 ὁ
3409 2079 3467 2132 δὲ
3499 2079 3774 2150 στρεϐλώ-

2185 2174 2300 2213 σεσι
2329 2160 2423 2213 καὶ
2462 2159 2681 2232 ξεσμοίς
2722 2163 3156 2236 ἀνυπομονήτοις
3199 2166 3638 2238 τιμωρούμενος*
3681 2168 3771 2240 ἐφ’

2179 2247 2262 2317 οἷς
2292 2252 2367 2324 (1)
2400 2253 2501 2325 ἤδη
2540 2255 2687 2319 τινὲς
2728 2256 2828 2309 οὐκ
2872 2258 3045 2310 αἴσιον
3098 2256 3480 2330 ἀπηνέγκαντο
3512 2258 3609 2313 τοῦ
3651 2258 3771 2331 βίου

2181 2344 2353 2408 τέλος.
2374 2345 2559 2399 Ἀλλοι
2586 2347 2633 2400 δ’
2650 2345 2717 2401 αὖ
2749 2348 2913 2403 πάλιν
2941 2349 3114 2413 ἄλλως
3131 2348 3224 2404 τὸν
3252 2350 3439 2420 ἀγῶνα
3462 2351 3766 2425 διεξῄεσαν·

2178 2437 2208 2490 ὁ
2236 2437 2333 2508 μὲν
2356 2437 2465 2510 γάρ
2490 2455 2577 2503 τις
2603 2439 2806 2512 ἐτέρων
2830 2440 2921 2513 βίᾳ
2951 2441 3334 2496 συνωθούντων
3361 2442 3455 2496 καὶ
3474 2446 3596 2507 ταῖς
3619 2461 3772 2515 παμ-

2183 2530 2399 2600 μιάροις
2420 2531 2515 2584 καὶ
2543 2531 2796 2601 ἀνάγνοις
2822 2535 3203 2605 προσαγόντων
3230 2535 3463 2602 θυσίαις,
3497 2536 3574 2601 ὡς
3604 2537 3765 2592 τεθυ-

2179 2616 2291 2683 κὼς
2336 2620 2733 2693 ἀπηλλάττετο,
2767 2624 2862 2676 καὶ
2889 2626 2938 2676 εἰ
2977 2625 3051 2695 μὴ
3083 2623 3326 2688 τεθυκὼς
3351 2621 3454 2697 ἦν·
3487 2628 3516 2679 ὁ
3545 2626 3604 2680 δὲ
3634 2628 3762 2700 μηθ’

2176 2709 2313 2774 ὅλως
2344 2713 2748 2783 προσπελάσας,
2779 2715 2914 2786 μηδέ
2943 2732 3090 2779 τινος
3135 2716 3364 2785 ἐναγοῦς
3392 2718 3761 2789 ἐφαψάμενος.

2176 2803 2473 2874 εἰρηκότων
2503 2805 2547 2858 δ’
2576 2805 2776 2876 ἐτέρων
2804 2807 2887 2859 ὅτι
2923 2806 3177 2872 τεθύκοι,
3220 2811 3397 2880 σιωπῇ
3447 2809 3629 2881 φέρων
3668 2811 3767 2884 τὴν

2177 2898 2538 2965 συκοφαντίαν
2565 2898 2731 2968 ἀπῄει
2748 2915 2762 2928 ·
2788 2897 2943 2963 ἄλλος
2969 2899 3239 2971 ἡμιθανὴς
3263 2900 3571 2972 αἰρόμενος,
3594 2902 3671 2965 ὡς
3694 2903 3765 2958 ἂν

2176 2986 2276 3059 ἤδη
2312 2989 2504 3060 νεκρὸς
2531 2991 2840 3063 ἐρρίπτετο.
2868 2992 2978 3046 Καί
3009 3009 3093 3055 τις
3122 2990 3189 3047 αὖ
3222 2994 3398 3048 πάλιν·
3418 2996 3505 3048 ἐπ’
3534 2994 3768 3064 ἐδάφους

2176 3080 2449 3151 κείμενος,
2485 3082 2701 3154 μακρὰν
2734 3083 2965 3154 ἐσύρετο
2992 3084 3107 3139 τοῖν
3132 3086 3344 3153 ποδοῖν,
3394 3089 3452 3141 ἐν
3477 3087 3765 3146 τεθυκόσιν

2175 3171 2358 3233 αὐτοῖς
2400 3170 2808 3243 λελογισμένος·
2838 3175 2866 3226 ὁ
2891 3173 2947 3227 δέ
2983 3191 3068 3238 τις
3093 3175 3253 3240 ἐϐόα,
3313 3175 3407 3229 καὶ
3439 3176 3651 3249 μεγάλῃ
3683 3177 3767 3232 δι-

2175 3264 2515 3336 εμαρτύρετο
2541 3269 2691 3338 φωνῇ
2717 3267 2814 3337 τῆς
2847 3266 3040 3332 θυσίας
3072 3266 3171 3338 τὴν
3195 3269 3422 3339 ἄρνησιν
3440 3284 3454 3299 ⁸
3484 3270 3580 3325 καὶ
3604 3269 3766 3335 ἄλλος

2175 3356 2497 3425 Χριστιανὸς
2527 3351 2667 3411 εἶναι
2704 3359 2995 3429 ἐκεκράγει
3015 3398 3031 3424 ,
3061 3360 3130 3430 τῇ
3161 3358 3258 3413 τοῦ
3288 3362 3556 3433 σωτηρίου
3585 3377 3759 3433 προσ-

2181 3448 2420 3518 ρήματος
2448 3449 2706 3520 ὁμολογίᾳ
2731 3449 3182 3521 λαμπρυνάμενος
3199 3467 3214 3480 ·
3244 3450 3432 3523 ἐτερος
3455 3451 3517 3506 τὺ
3564 3453 3639 3525 μὴ
3672 3468 3765 3507 τε·

2179 3538 2402 3593 θυκέναι
2439 3542 2575 3612 μήτε
2617 3541 2800 3594 θύσειν
2846 3542 2978 3595 ποτὲ
3012 3542 3319 3598 διετείνετο.
3355 3545 3544 3614 Ὅμως
3582 3544 3629 3598 δ’
3662 3540 3781 3599 οὖν·

2175 3630 2269 3682 καὶ
2295 3630 2401 3683 οἵδε
2434 3631 2754 3704 πολυχειρίᾳ
2777 3632 2877 3704 τῆς
2901 3632 3009 3685 ἐπὶο
3020 3633 3179 3686 τοῦτο
3218 3633 3560 3704 τεταγμένης
3586 3650 3758 3704 στρα-

2173 3723 2435 3794 τιωτικῆς
2477 3724 2833 3797 παρατάξεως
2862 3724 3002 3778 κατά
3042 3725 3306 3796 στόματος
3343 3725 3625 3796 παιόμενοι
3661 3726 3763 3781 καὶ

2176 3815 2689 3888 κατασιγαζόμενοι,
2714 3817 2859 3871 κατά
2881 3834 2941 3871 τε
2973 3817 3265 3889 προσώπου
3298 3819 3394 3872 καὶ
3419 3818 3662 3889 παρειῶν
3678 3818 3759 3889 (2)

2174 3908 2518 3979 τυπτόμενοι.
2554 3908 2690 3981 μετά
2724 3908 2845 3981 βίας
2893 3908 3210 3974 ἐξωθοῦντα.
3243 3908 3431 3975 Οὕτως
3474 3910 3536 3976 ἐξ
3582 3910 3756 3966 anav—

2172 4016 2263 4064 τος
2298 4002 2374 4072 (5)
2400 4004 2448 4055 οἱ
2479 4002 2579 4072 τῆς
2604 4001 2913 4065 θεοσεϐείας
2945 4000 3133 4074 ἐχθροὶ
3162 4002 3222 4055 τὸ
3258 4003 3436 4058 δοκεῖν
3470 4004 3753 4073 ἡνυκέναι,

2173 4094 2304 4165 περὶ
2332 4092 2527 4147 πολλοῦ
2569 4093 2826 4149 ἐτίθεντο.
2868 4093 3009 4148 Ἀλλ’
3036 4095 3096 4148 οὐ
3136 4095 3231 4148 καὶ
3273 4096 3415 4149 κατά
3440 4095 3550 4149 τῶν
3584 4097 3757 4165 ἁγίων

2172 4184 2357 4249 αὐτοῖς
2395 4180 2685 4257 μαρτύρων
2729 4185 2899 4238 ταῦτα
2936 4184 3281 4256 προύχώρει’
3316 4180 3391 4240 ὧν
3427 4187 3508 4251 εἰς
3549 4187 3755 4259 ἀκριϐῆ

2170 4277 2423 4350 διήγησιν
2449 4278 2533 4342 τίς
2555 4277 2621 4333 ἂν
2646 4280 2778 4350 ἡμῖν
2802 4278 3114 4351 ἐξαρκέσειε
3140 4276 3329 4346 λόγος;

2183 4457 2578 4524 interpretatur
2631 4453 2859 4523 privatae
2881 4452 3221 4524 conditionis
3271 4452 3539 4524 homines.
3564 4450 3753 4524 Verba

2177 4528 2294 4596 ejus
2326 4520 2451 4596 sunt
2471 4545 2483 4579 :
2507 4520 2648 4596 Τοὺς
2677 4524 2776 4596 μὲν
2800 4520 2982 4596 ἀξίαις
3006 4523 3038 4594 ἢ
3066 4522 3378 4596 στρατείαις
3404 4522 3756 4596 κατειλεγμέ-

2171 4592 2315 4660 νους,
2344 4595 2556 4666 ἀτίμως
2582 4592 3104 4666 Δἐξελαύνεσθαι-καί.
3134 4592 3238 4666 τῆς
3276 4592 3459 4666 ἀξίας,
3503 4594 3605 4666 καὶ
3638 4592 3754 4665 τῆς

2173 4662 2480 4738 στρατείαςζ
2514 4664 2642 4738 τοίας
2672 4663 2931 4738 δέτύχης
2961 4662 3240 4738 ἰδιώτιδος,
3270 4662 3609 4719 δουλοῦσθαι.

2244 4731 2323 4809 (Ι)
2364 4734 2493 4809 Ἐφ’.
2530 4731 2642 4809 οἷς.
2700 4734 2754 4787 Id
2803 4731 2935 4809 eaq
2963 4750 2982 4783 ι
3037 4734 3090 4809 in
3130 4735 3357 4809 quibus
3385 4734 3686 4809 tormentis.
3722 4751 3745 4787 ι

2170 4801 2326 4873 Quod
2350 4801 2457 4858 non
2480 4805 2861 4859 intellexerunt
2885 4801 2935 4857 Μ
2942 4801 3160 4856 useulus
3202 4812 3257 4858 et
3296 4803 3753 4873 Christophorso-

2170 4872 2295 4933 nus.
2334 4875 2439 4929 Sed
2487 4873 2827 4942 Nicephorus
2883 4874 2936 4927 in
2958 4873 3050 4927 lib.
3082 4887 3178 4940 vn,
3215 4886 3338 4944 cap.
3373 4872 3431 4938 4,
3465 4874 3609 4928 hunc
3640 4873 3749 4931 Eu-

2170 4947 2303 5003 sebii
2331 4946 2507 5013 locum
2540 4946 2744 5013 Optime
2766 4945 3037 5013 exposuit.

2242 5016 2320 5087 (2)
2346 5010 2601 5087 Κατάλτε
2637 5010 2965 5087 προσώπου
3003 5012 3103 5067 καὶ
3130 5010 3408 5087 παρειῶν.
3444 5011 3749 5087 Plumhatis

2172 5084 2343 5142 caeses
2397 5084 2660 5153 intelligo,
2711 5086 2779 5138 de
2835 5099 2941 5151 quo
2989 5085 3253 5153 supplicio
3297 5084 3350 5138 in
3402 5084 3752 5151 passionibus

2173 5167 2494 5225 martyrum,
2522 5170 2626 5208 non
2656 5168 2780 5208 raro
2818 5157 2880 5211 ﬁt
2912 5159 3135 5225 mentio.
3165 5152 3297 5225 Nam
3333 5168 3457 5225 cum
3482 5153 3748 5225 Eusebius

2172 5223 2439 5295 martyres
2464 5225 2657 5293 pugnis
2682 5238 2851 5278 caesos
2904 5238 3027 5278 esse
3069 5224 3181 5295 jam
3206 5294 3209 5295 ν
3233 5223 3620 5295 dixerit,_hine
3646 5238 3747 5278 ne-

2170 5290 2411 5349 cessario
2439 5290 2738 5363 intelligere
2761 5294 3020 5349 debemus
3051 5290 3344 5363 plumbatis
3374 5293 3430 5347 in
3454 5290 3600 5348 facie
3626 5308 3750 5349 ver-

2169 5363 2405 5420 beratos.
2439 5362 2648 5432 Alioqui
2680 5375 2823 5419 esset
2845 5362 3190 5432 ταυτολογία.

2242 5436 2319 5506 (3)
2359 5434 2454 5500 Ἐξ
2482 5428 2850 5506 ἅνπὰντοςτνιη
2875 5436 3014 5488 libro
3043 5428 3120 5487 De
3147 5432 3470 5506 martyribus
3494 5428 3747 5486 Pala'sti-

2177 5503 2281 5571 nui,
2300 5503 2394 5560 ubi
2423 5505 2586 5558 multa
2611 5521 2675 5558 ex
2722 5505 2959 5557 Historia
2986 5503 3340 5574 ecclesiastica
3372 5503 3561 5556 iisdetn
3614 5516 3750 5574 penu

2168 5578 2350 5631 verbis
2381 5584 2720 5645 repetuntur,
2755 5575 2954 5645 legitur
2988 5574 3052 5626 ἐκ
3090 5573 3313 5645 παντός,
3350 5571 3753 5645 qnod_es_t'ele-_-

2170 5647 2403 5714 gantius.
2443 5641 2555 5701 ’Sic
2604 5641 2832 5701 autem'
2864 5643 3040 5701 Graeci
3107 5643 3315 5711 dicunt,
3369 5643 3513 5712 quod
3568 5641 3749 5695 Latini

2177 5733 2195 5768 ι
2236 5717 2441 5788 utique.
2483 5732 2505 5768 ι
