4220 6448
541 450 646 504 ’ῖὸὄ

1493 446 1841 504 HISTORle
1882 444 2446 503 ECCLT-ISIASTICIE
2487 443 2614 498 LIB.
2659 439 2796 496 VIII.

3680 433 3783 485 751

537 567 682 622 λεῖτο
729 570 802 623 Ού
830 570 1048 641 χείρονα
1088 571 1144 624 δὲ
1171 571 1264 624 καὶ
1292 570 1358 623 τὰ
1391 571 1532 624 κατὰ
1571 572 1699 635 τοὺς
1727 571 1946 634 λοιποὺς
1968 570 2115 635 ὄντα,

2186 614 2197 633 ,
2223 570 2422 640 tyrium
2450 567 2606 620 unius
2631 580 2696 618 ex
2731 559 3075 632 imperatoris
3097 555 3470 620 cubiculariis,
3504 554 3788 626 dignipm-

535 658 691 728 λόγου
738 660 1038 730 φειδόμενοι
1071 662 1439 732 συμμετρίας,
1473 660 1898 732 παραλείψομέν,
1925 660 2115 715 τοσοῦ·

534 767 625 804 τον
658 753 1060 823 ἱστορήσαντες,
1078 752 1153 815 ὡς
1183 753 1211 805 ὃ
1239 770 1303 821 γε
1332 754 1605 825 Δωρόθεος
1634 754 1725 807 καὶ
1747 753 1776 803 ὁ
1811 752 2113 824 Γοργόνιος,

535 842 743 910 ἑτέροις
782 843 899 913 ἅμα
941 843 1149 897 πλείοσι
1182 844 1282 915 τῆς
1332 845 1621 916 βασιλικῆς
1655 845 1952 909 οίκετείας,
1979 845 2117 916 μετὰ

532 936 660 997 τοὺς
690 933 1062 1006 πολυτρόπους
1087 936 1304 1004 ἀγῶνας
1336 936 1515 1008 βρόχῳ
1544 936 1641 1008 τὴν
1677 936 1821 1008 ζωὴν
1852 938 2115 1007 μεταλλά-

535 1019 742 1087 ξαντες,
772 1024 871 1092 τῆς
900 1024 1084 1076 ἐνθέου
1124 1025 1280 1095 νίκης
1321 1026 1702 1096 ἀπηνέγκαντο
1733 1026 1981 1097 βραδεῖα.
2027 1027 2115 1078 Ἐν

531 1110 706 1183 τούτῳ
728 1112 827 1182 τῆς
852 1112 992 1166 κατὰ
1017 1113 1387 1184 Νικομήδειαν
1415 1115 1740 1188 Ἐκκλησίας
1766 1118 1792 1169 ὁ
1818 1115 2116 1187 τηνικαῦτα

532 1202 812 1273 προεστὼς
839 1203 1119 1274 ’Λνθιμος,
1151 1204 1237 1258 διὰ
1266 1205 1365 1277 τὴν
1405 1208 1485 1270 είς
1511 1204 1746 1279 Χριστὸν
1789 1209 2112 1280 μαρτυρίαν,

528 1293 627 1364 τὴν
655 1294 892 1367 κεφαλὴν
926 1297 1327 1368 ἀποτέμνεται·
1363 1297 1539 1370 τούτῳ
1574 1299 1631 1353 δὲ
1674 1299 1877 1369 πλῆθος
1918 1300 2115 1370 ἄθρουν

534 1384 825 1455 μαρτύρων
855 1385 1234 1456 προστίθεται,
1263 1388 1363 1442 οὐκ
1404 1384 1499 1441 οἷδ’
1537 1390 1686 1452 ὅπως
1727 1390 1784 1441 ὲν
1825 1390 1936 1452 τοῖς
1974 1388 2116 1444 κατά

528 1474 627 1544 τὴν
659 1475 1023 1547 Νικομήδειαν
1049 1477 1355 1549 βασιλείοις,
1385 1483 1663 1553 πυρκαϊᾶς
1834 1484 1892 1535 ὲν
1926 1484 2115 1549 αὑταῖς

529 1563 593 1635 δὴ
625 1569 744 1629 ταῖς
780 1569 1018 1640 ἡμέραις
1056 1570 1321 1643 ἁφθείσης
1347 1589 1361 1604 ·
1403 1573 1469 1644 ἣν
1500 1572 1624 1627 καθ’
1665 1558 1917 1630 ὑπόνοιαν
1945 1573 2112 1645 ψευδῆ

528 1656 666 1729 πρὸς
692 1657 800 1711 τῶν
829 1660 1113 1730 ἡμετέρων
1136 1663 1548 1734 ἐπιχειρηθῆναι
1569 1665 1726 1735 λόγου
1748 1665 2111 1729 διαδοθέντος,

528 1751 778 1821 παγγενῆ
810 1753 1049 1823 σωρηδὸν
1077 1753 1340 1827 βασιλικῷ
1369 1757 1597 1829 νεύματι
1632 1758 1741 1812 τῶν
1774 1760 1899 1830 τῇδε
1930 1760 2115 1814 θεοσε-

527 1840 658 1905 ϐῶν,
685 1841 734 1892 oi
769 1841 867 1912 μὲν
902 1841 1044 1910 ξίφει
1070 1846 1524 1915 κατωφάττοντο,
1547 1851 1595 1900 ot
1624 1848 1681 1902 δὲ
1701 1849 1788 1902 διὰ
1812 1850 1984 1919 πυρὸς
2006 1853 2121 1904 ἐτε-

2221 658 2363 714 fecto
2387 674 2484 712 suo
2512 655 2748 710 nomine.
2778 651 2971 708 Petrus
2993 651 3137 704 enim
3165 648 3255 703 ille
3278 648 3596 703 vocabatur.
3628 642 3784 698 Reli-

2220 764 2448 820 quorum
2491 763 2616 801 vero
2647 744 2907 815 martyria
2939 743 3107 797 nihilo
3136 739 3417 802 inferiora,
3454 748 3633 793 tamen
3654 738 3784 791 bre-

2218 841 2404 898 vitatis
2444 840 2626 895 sludio
2674 838 2762 892 hic
2805 838 3139 893 omittemus.
3185 833 3242 889 Id
3287 842 3495 887 tantum
3536 828 3789 885 retulisse

2217 932 2479 999 sulliciet,
2517 932 2661 1002 quod
2702 931 3004 985 Dorotheus
3038 937 3091 983 et
3136 926 3445 996 Gorgonius
3491 939 3599 980 una
3655 936 3784 978 cum

2216 1021 2338 1075 aliis
2368 1021 2614 1090 pluribus
2642 1020 2732 1089 qui
2766 1019 2818 1073 in
2844 1019 3049 1088 palatio
3083 1017 3505 1081 ministrabant,
3537 1022 3659 1084 post
3683 1027 3785 1068 cu-

2213 1111 2408 1180 jusque
2433 1111 2576 1165 modi
2603 1110 2930 1174 certamina,
2950 1109 3101 1164 elisis
3126 1107 3317 1179 laqueo
3348 1107 3613 1171 faucibus,
3642 1104 3784 1159 divi-

2218 1220 2298 1257 me
2324 1205 2561 1258 victoria:
2595 1203 2872 1272 praemium
2900 1201 3076 1271 adepti
3111 1209 3257 1254 sunt.
3293 1199 3446 1253 Tunc
3473 1200 3638 1254 etiam
3671 1198 3785 1253 An-

2218 1295 2708 1355 thitnus,Ecclesiae
2753 1292 3178 1348 Nicomediensis
3204 1291 3524 1362 episcopus,
3554 1290 3623 1344 ob
3653 1305 3785 1342 ron-

2216 1388 2506 1445 fessionem
2536 1388 2738 1442 Christi
2778 1389 2830 1442 in
2872 1386 3059 1441 eadem
3101 1386 3235 1441 urbe
3278 1384 3455 1453 capite
3503 1391 3785 1436 truncatus

2216 1488 2317 1535 est.
2355 1477 2491 1534 Huic
2515 1477 2767 1548 adjuncta
2796 1488 2879 1532 est
2911 1479 3100 1546 ingens
3140 1485 3445 1547 martyrum
3475 1472 3779 1528 multitudo.

2217 1570 2426 1639 Quippe
2457 1570 2645 1623 iisdem
2693 1568 3105 1631 diebus,nescio
3145 1582 3253 1635 quo
3287 1582 3417 1622 casu
3444 1605 3460 1631 ,
3496 1567 3550 1620 in
3585 1567 3786 1635 palatio

2214 1661 2510 1717 excitatum
2545 1667 2665 1715 erat
2704 1659 3035 1715 incendium.
3076 1661 3246 1731 Cujus
3278 1674 3401 1714 cum
3439 1670 3656 1714 nostros
3688 1671 3787 1710 au-

2215 1768 2395 1814 ctores
2432 1755 2599 1812 fuisse
2644 1752 2887 1823 publicus
2932 1771 3118 1811 rumor
3163 1756 3296 1811 falsa
3347 1754 3658 1824 suspicione
3701 1750 3787 1819 ja-

2215 1859 2457 1915 ctasset,
2507 1851 2777 1920 imperiali
2815 1848 2965 1918 jussu
3021 1856 3285 1918 quotquot
3339 1847 3449 1903 illic
3498 1853 3658 1901 erant
3692 1846 3785 1900 Del

525 1931 783 1986 λειοῦντο.
823 1934 951 1987 Ὅτε
995 1933 1153 2002 λόγος
1199 1914 1343 2007 ἔχει,
1376 1937 1654 2010 προθυμίᾳ
1696 1939 1818 2010 θείᾳ
1858 1914 1969 1993 τινὶ
2014 1943 2109 1994 καὶ

2213 1943 2481 2010 cultores,
2522 1942 2818 1997 acervatim
2845 1957 2968 1997 cum
2998 1942 3113 1995 suis
3147 1939 3400 2004 familiis,
3442 1938 3532 1994 alii
3580 1937 3783 2009 gladio,

528 2025 768 2095 λρρήτῳ,
794 2024 993 2096 ἄνδρας
1021 2025 1137 2097 ἅμα
1162 2025 1406 2095 γυναιξὶν
1434 2027 1528 2080 ἐπὶ
1558 2028 1658 2101 τὴν
1696 2029 1874 2099 πυρὰν
1907 2029 2110 2084 καθάλ-

524 2114 745 2168 λεσθαι⁸
789 2114 1048 2187 δήσαντες
1086 2116 1143 2169 δὲ
1184 2118 1235 2171 oi
1279 2116 1463 2188 δήμιοι
1506 2117 1635 2173 ἄλλο
1675 2136 1726 2172 τι
1774 2118 1977 2188 πλῆθος
2021 2119 2113 2172 ἐπὶ

527 2208 783 2275 σκάφαις,
811 2209 924 2270 τοῖς
953 2206 1259 2271 θαλαττίοις
1287 2209 1685 2281 ὲναπέρῤιπτον
1727 2208 1926 2280 βυθοῖς.
1973 2212 2112 2276 Τοὺς

524 2296 583 2350 δέ
611 2315 673 2366 γε
702 2297 1014 2366 βασιλικοὺς
1039 2300 1175 2370 μετὰ
1215 2301 1443 2356 θάνατον
1478 2301 1703 2365 παῖδας,
1741 2304 1810 2373 γῇ
1842 2302 1983 2356 κατὰ
2012 2304 2113 2375 τῆς

526 2388 912 2459 προσηκούσης
936 2390 1159 2461 κηδείας
1186 2391 1591 2464 παραδοθέντας
1611 2431 1626 2454 ,
1660 2388 1816 2457 αὖθις
1849 2394 1927 2460 ἐξ.
1944 2395 2115 2466 ὑπαρ-

526 2476 628 2547 κῆς
679 2478 1040 2549 ἀνορύξαντες
1073 2482 1435 2553 ὲναπορρῖψαι
1481 2481 1727 2554 θαλάσσῃ
1778 2484 1873 2537 καὶ
1913 2484 2111 2548 αὐτοὺς

525 2567 692 2639 ᾤοντο
717 2569 825 2623 δεῖν
869 2572 919 2623 οἱ
963 2573 1340 2644 νενομισμένοι
1380 2574 1674 2639 δεσπόται,
1721 2576 1795 2641 ὡς
1838 2574 1904 2628 ἂν
1937 2576 2011 2647 μὴ
2052 2578 2110 2630 έν

529 2660 805 2729 μνήμασιν
833 2661 1229 2734 ἀποκειμένους
1252 2665 1604 2738 προσκυνοῖὲν
1632 2683 1797 2730 τινες,
1833 2667 1988 2731 θεοὺς
2015 2670 2111 2722 αύ-

524 2751 672 2812 τοὺς,
706 2750 781 2813 ὣς
802 2769 865 2821 γε
896 2753 1085 2824 ᾤοντο,
1115 2754 1473 2826 λογιζόμενοι.
1507 2758 1616 2809 Καὶ
1645 2757 1713 2810 τὰ
1761 2758 1860 2828 μὲν
1890 2759 1983 2811 ἐπὶ
2008 2760 2110 2830 τῆς

526 2839 897 2911 Νικομηδείας
915 2844 1056 2898 κατὰ
1086 2843 1184 2916 τὴν
1204 2846 1378 2918 ἀρχὴν
1404 2848 1833 2904 ἀποτελεσθέντα
1854 2849 1948 2904 τοῦ
1981 2851 2109 2905 διω-

524 2931 690 3000 γμοῦ,
721 2935 963 2989 τοιαῦτα.
1007 2938 1121 2990 Οὐκ
1152 2941 1232 3003 είς
1262 2940 1473 3011 μακρὸν
1510 2941 1568 2994 δὲ
1607 2941 1809 3015 ἑτέρων
1849 2942 1990 2997 κατὰ
2010 2944 2110 3016 τὴν

525 3023 817 3096 Μελιτινὴν
841 3027 954 3095 (15)
980 3026 1121 3081 οὕτω
1146 3027 1486 3101 καλουμένην
1513 3030 1717 3102 χώραν,
1741 3031 1835 3085 καὶ
1858 3027 1925 3085 αὖ
1948 3032 2109 3087 πάλιν

525 3112 701 3167 ἄλλων
729 3116 871 3184 ἀμφὶ
901 3117 998 3190 τὴν
1037 3120 1237 3192 Συρίαν
1270 3121 1379 3193 (id)
1422 3122 1718 3193 ὲπιφυῆναι
1754 3126 1821 3196 τῇ
1867 3122 2110 3197 βασιλείᾳ

527 3207 970 3278 πεπειραμένων,
1002 3211 1130 3273 τοὺς
1162 3211 1467 3280 πανταχόσε
1495 3212 1602 3266 τῶν
1631 3214 1936 3286 ἐκκλησιῶν
1969 3232 2108 3286 προ.
2133 3248 2178 3307 c

528 3297 768 3361 εστῶτας
825 3300 1069 3370 εἱρκταῖς
1115 3303 1209 3356 καὶ
1251 3302 1470 3373 δεσμοῖς
1517 3304 1721 3376 ὲνεῖραι
1776 3305 2105 3377 πρόσταγμα

526 3386 717 3454 ἐφοίτα
748 3387 1041 3458 βασιλικόν.
1071 3393 1178 3445 Καὶ
1209 3388 1278 3464 ἦν
1309 3397 1344 3465 ή
1372 3393 1470 3447 θέα
1505 3394 1613 3448 τῶν
1640 3396 1735 3449 ἐπὶ
1766 3395 1977 3460 τούτοις
2016 3413 2105 3465 γι-

528 3479 768 3545 νομένων
787 3482 983 3535 πᾶσαν
1021 3483 1269 3555 διήγησιν
1300 3485 1706 3557 ὑπεραίρουσα,
1739 3487 1933 3560 μυρίου
1969 3487 2106 3558 πλή-

530 3568 657 3633 θους
682 3572 743 3624 ὲν
768 3573 931 3625 παντὶ
956 3574 1106 3646 τόπῳ
1138 3576 1620 3649 καθειργνυμένου,
1645 3578 1738 3632 καὶ
1763 3578 1834 3633 τὰ
1855 3571 2102 3651 πανταχῆ

528 3660 877 3736 δεσμωτήρια
898 3666 1239 3738 ἀνδροφόνοις
1256 3671 1351 3724 καὶ
1375 3670 1751 3743 τυμϐωρύχοις
1773 3670 1941 3725 πάλαι
1972 3671 2104 3743 πρό-

528 3770 685 3825 τερον
723 3756 1200 3832 ἐπεσκευασμένα,
1240 3763 1360 3817 τότε
1405 3762 1754 3835 πληρούντων
1792 3765 2104 3819 ἐπισκόπων

570 3934 712 4018 ,(12)
748 3936 1071 4018 Πυρκατᾶς.
1110 3941 1187 3994 De
1224 3943 1328 3997 hoc
1378 3944 1642 4018 incendio
1670 3943 1813 4018 quod
1851 3940 2101 3997 Nicome-

529 4005 632 4079 diu:
666 4005 896 4079 Contigit
923 4026 1070 4065 anno
1112 4028 1126 4064 ι
1156 4014 1567 4078 persecutionis,
1595 4005 1718 4067 vide
1753 4014 1960 4067 illustre
1990 4023 2099 4066 tes-

532 4077 1190 4152 timonium'Constantini
1230 4082 1357 4152 imp.
1388 4083 1441 4137 iu
1473 4082 1734 4139 Oratione
1773 4084 1841 4139 ad
1875 4093 2096 4138 Sancto-

528 4160 647 4218 rum
679 4158 879 4202 cretum
914 4151 1089 4216 capite
1112 4151 1422 4218 penulti'mo.
1677 4189 1685 4198 -

600 4217 728 4289 (t5)!
749 4219 910 4274 Κατὰ
940 4218 1058 4287 τὴν
1100 4217 1446 4289 Μελιτινήν.
1486 4221 1543 4276 In
1589 4222 1956 4278 vetustissimo
2004 4237 2090 4277 co-

528 4285 647 4364 dice
681 4287 813 4342 Maz.
843 4285 1412 4364 scribitnrMsltzlqu
1436 4301 1665 4364 accentu
1698 4294 1749 4364 in
1775 4292 2091 4364 pennltima.

531 4354 672 4435 Drbs
698 4368 752 4412 et
784 4359 1035 4435 regio_ita
1078 4362 1219 4435 dicta
1260 4354 1445 4416 est'in
1478 4362 1689 4435 minore
1717 4354 1993 4435 Armenia,
2035 4370 2095 4415 ut

525 4428 635 4505 jam
687 4430 891 4505 notavi.
926 4428 1096 4505 Dorro
1147 4431 1502 4505 d_e__tyrann0'
1537 4432 1629 4502 qui
1665 4432 1717 4485 in
1759 4448 1824 4487 ea
1872 4432 2095 4502 regione

530 4499 812 4568 imperium
843 4499 1090 4568 arripuit,
1133 4499 1423 4564 nihil'legi.

600 4566 709 4636 (lt)
750 4566 979 4639 Ἄλλων
1003 4569 1150 4639 ἀμφὶ
1186 4570 1301 4639 τὴν
1329 4572 1573 4639 Συρίαν.
1605 4570 1905 4639 Eugenium
1938 4570 2086 4626 intel-

2211 2033 2443 2089 ﬂammis
2484 2034 2575 2088 alii
2611 2032 2918 2101 consumpti
2963 2030 3198 2100 periere.
3240 2030 3394 2084 Tunc
3423 2028 3603 2083 divina
3650 2042 3787 2095 qua-

2210 2123 2336 2179 dam
2378 2122 2664 2176 alacritate
2709 2135 2830 2189 qute
2878 2120 3061 2175 verbis
3103 2118 3362 2187 explicari
3421 2132 3525 2172 non
3570 2125 3783 2185 potest,

2211 2212 2413 2268 conciti
2442 2212 2542 2265 viri
2569 2210 2730 2266 simul
2757 2225 2823 2265 ac
2866 2211 3142 2277 mulieres,
3182 2209 3237 2264 in
3275 2210 3557 2263 ardentem
3594 2221 3784 2273 rogum

2210 2304 2469 2361 insiliisse
2505 2304 2784 2359 dicuntur.
2830 2302 2997 2373 298
3027 2302 3179 2357 Alios
3211 2315 3427 2370 quoque
3469 2300 3787 2353 innumera-

2209 2397 2349 2453 biles
2371 2398 2584 2451 vinctos
2616 2402 2673 2449 et
2699 2394 2921 2464 scaphis
2947 2393 3252 2460 impositos,
3273 2390 3560 2446 carniﬁces
3584 2389 3638 2442 in
3661 2404 3786 2459 pro-

2186 2474 2433 2538 t'undum
2470 2497 2617 2537 mare
2656 2482 2956 2553 projecere.
3005 2481 3109 2536 Sed
3149 2492 3205 2537 et
3231 2494 3463 2551 corpora
3508 2480 3782 2546 regiorum

2211 2575 2696 2639 cubiculariorum,
2736 2589 2856 2642 qua:
2884 2581 3007 2644 post
3033 2581 3263 2627 mortem
3294 2572 3637 2627 convenienti
3669 2583 3785 2624 tra-

2210 2664 2323 2719 dita
2351 2663 2571 2719 fuerant
2598 2661 2916 2732 sepulturae,
2959 2659 3059 2731 ipsi
3094 2675 3284 2715 eorum
3322 2657 3548 2729 legitimi
3580 2656 3784 2711 domini

2209 2756 2329 2812 erui
2351 2769 2417 2810 ex
2439 2755 2689 2824 sepulcro
2716 2763 2771 2809 et
2800 2755 2853 2809 in
2884 2768 3031 2808 mare
3054 2752 3244 2824 projici
3273 2759 3527 2822 oportere
3552 2762 3787 2804 censue-

2212 2856 2360 2917 runt,
2392 2864 2460 2902 ne
2482 2850 2606 2917 quis
2635 2847 2757 2903 illos
2795 2846 3062 2916 sepulcris
3101 2845 3383 2912 conditos,
3417 2857 3518 2915 pro
3549 2842 3651 2897 diis
3675 2881 3692 2908 ,
3728 2848 3791 2894 ut

2211 2941 2311 3011 ipsi
2351 2941 2570 3010 quidem
2617 2940 3005 3010 opinabantur,
3051 2949 3352 3007 reputans,
3408 2936 3461 2990 in
3510 2944 3784 3006 posterum

2211 3033 2484 3089 adoraret.
2510 3032 2577 3087 Et
2603 3032 2716 3086 haec
2733 3032 2953 3100 quidem
2982 3032 3036 3086 in
3069 3031 3189 3101 ipso
3210 3029 3606 3101 persecutionis
3632 3043 3788 3084 exor-

2210 3122 2299 3178 dio
2319 3120 2650 3178 Nicomedia:
2671 3132 2822 3192 gesta
2847 3131 2994 3177 sunt.
3027 3120 3297 3178 Caeterum
3327 3121 3488 3189 paulo
3507 3130 3627 3190 post
3660 3135 3785 3175 cum

2209 3216 2300 3271 alii
2330 3216 2381 3271 in
2425 3215 2664 3270 Melitina
2699 3214 2972 3270 Armenia:
3003 3215 3242 3286 regione,
3278 3214 3368 3268 alii
3402 3214 3454 3268 in
3491 3214 3649 3284 Syria
3681 3213 3785 3267 ἰση-

2210 3309 2423 3378 perium
2481 3310 2724 3378 arripere
2765 3308 2949 3362 conati
2991 3316 3213 3372 essent,
3259 3305 3657 3377 promulgatum
3698 3315 3784 3359 est

2206 3400 2557 3469 imperatoris
2596 3399 2856 3462 edictum,
2881 3407 3146 3453 utomnes
3181 3397 3382 3465 ubique
3412 3394 3781 3450 Ecclesiarum

2206 3489 2484 3545 antistites
2521 3489 2685 3544 vincti
2727 3489 2782 3544 in
2834 3501 3115 3545 carcerem
3163 3488 3537 3542 truderentur.
3577 3485 3782 3541 Earum

2206 3595 2338 3637 vero
2381 3594 2564 3635 rerum
2613 3595 2736 3650 quae
2773 3588 2961 3650 postea
3005 3578 3170 3633 factae
3207 3586 3335 3633 sunt
3371 3577 3740 3648 spectaculum
3763 3615 3779 3640 ,

2205 3688 2421 3730 omnem
2456 3688 2681 3743 prorsus
2723 3672 2938 3727 dicendi
2981 3673 3194 3742 c0piam
3232 3669 3559 3740 superabat;
3583 3668 3783 3738 quippe

2206 3776 2330 3818 cum
2364 3760 2783 3817 innumerabilis
2805 3759 3007 3831 ubique
3043 3758 3322 3816 hominum
3356 3755 3644 3811 multitudo
3678 3772 3778 3812 cu-

2205 3940 2292 3996 via
2316 3941 2419 4006 usi,
2457 3954 2620 4010 agros
2656 3949 3021 4007 vastaverant,
3070 3940 3309 4007 vinoque
3338 3956 3401 3996 ac
3442 3940 3617 4011 epulis
3658 3955 3780 3997 sese

2205 4011 2690 4080 ingurgitaverant.
2720 4011 2839 4077 Quo
2876 4019 3156 4080 comperto
3187 4011 3605 4074 Antiocltenses,
3642 4028 3779 4080 pau-

2204 4081 2422 4134 citatem
2446 4081 2676 4133 militum
2723 4081 3150 4149 ebrietatemque
3186 4082 3459 4147 despectui
3488 4081 3776 4147 habentes,

2202 4149 2472 4217 lapidibus
2506 4165 2571 4203 ac
2609 4151 2872 4219 cujusque
2914 4151 3057 4207 modi
3096 4151 3242 4215 telis,
3288 4151 3422 4217 ipsis
3456 4150 3778 4206 mulieribus

2202 4219 2603 4291 adjuvantibus,
2636 4230 2743 4274 tam
2775 4231 3062 4291 tyrannum
3092 4220 3143 4272 in
3167 4221 3421 4289 palatium
3443 4219 3774 4291 tendentem,

2202 4304 2365 4360 quant
2402 4289 2599 4344 milites
2623 4289 2813 4345 omnes
2841 4290 3267 4345 interfecerunt:
3291 4291 3362 4343 ita
3398 4299 3457 4344 ut
3481 4289 3610 4358 περὶ
3625 4290 3779 4360 πρῶ-

2196 4375 2290 4411 τον
2317 4357 2484 4411 ὕπνον
2518 4360 2662 4413 circa
2694 4360 2922 4428 primam
2957 4360 3220 4428 vigiliam,
3244 4374 3405 4414 nemo
3436 4375 3502 4413 ex
3533 4357 3777 4427 ipsis—su-

2199 4438 2461 4498 peressct.
2495 4429 2564 4481 At
2599 4429 3014 4498 imperator,qui
3047 4430 3271 4483 multam
3316 4430 3548 4496 gratiam
3581 4429 3778 4486 Antio-

2200 4499 2493 4553 chensibus
2527 4500 2727 4553 habere
2754 4498 3050 4562 debuisset,
3080 4499 3131 4551 in
3164 4498 3546 4552 Antiochensis
3586 4506 3641 4551 et
3675 4499 3775 4554 Se-

2200 4566 2469 4639 leucensis
2492 4568 2699 4639 ordinis
2726 4568 2993 4639 principes
3014 4567 3192 4637 gladio
3224 4568 3628 4639 animadvertit,
3648 4584 3774 4623 cum

527 4616 1573 4718 ιῑρξι,ἐιιιῖἷίἰξἑῂτῇῗῦἒεῦἰίῇιιῖιῆῗῖῐῶἰί
1607 4616 2093 4718 asia-3:63;.
2124 4616 2170 4671 Ῑ)
2200 4616 3440 4718 ;.;c'i.‘a".'.;.§j._n{attegiasEnnaeas;
3459 4616 3774 4718 1313:4655”

529 4710 707 4783 tndem
754 4706 956 4783 gessit.—
1006 4707 1198 4783 Totam
1249 4710 1530 4783 historiam
1588 4706 1777 4765 narrat
1830 4706 2091 4783 Libanius

532 4782 641 4825 tum
673 4778 722 4826 in
759 4778 1018 4850 Oratione
1042 4781 1108 4833 ad
1140 4779 1504 4850 Theodosium
1536 4791 1659 4850 post
1692 4780 2092 4836 reconciliatio-

530 4858 674 4924 nem:
719 4861 842 4913 pag.
875 4845 1001 4924 ῥυ,
1029 4857 1140 4924 tuin
1182 4851 1233 4903 in
1264 4845 1602 4924 ᾼηιὶρείιὶέο,
1632 4866 1757 4924 pag.
1799 4850 1925 4906 565.
1960 4850 2092 4914 Qui-

528 4911 956 4987 busjitiigendus
985 4930 1065 4971 est
1090 4917 1238 4972 locus
1261 4919 1500 4987 ejusdem
1524 4911 1735 4975 Libanii
1757 4937 1822 4975 ex
1846 4911 2094 4976 oratione

526 4984 593 5061 ad
634 4983 997 5061 Theodosium
1037 4987 1103 5061 de
1134 4983 1399 5061 seditione
1425 4991 1784 5053 Antiochena,
1809 5006 1930 5060 pag.
1964 4991 2086 5045 599.

526 5050 657 5133 Erat
701 5055 921 5133 quidam
939 5057 1248 5133 ___tr_ihunus
1280 5060 1586 5133 _Se|euci:e,
1646 5050 2092 5133 ηοηιῖιίίΕιιεο-

523 5124 672 5198 nius,
734 5125 843 5198 qui_
872 5124 1141 5198 militibus
1205 5128 1511 5197 quingentis
1565 5124 1689 5184 erat
1743 5124 2089 5198 praepositus.

522 5189 620 5246 llis
664 5189 798 5260 aptis
831 5194 885 5249 id
926 5189 1237 5268 injunctum'
1266 5189 1406 5265 erat,
1428 5205 1510 5252 tut
1537 5213 1600 5254 os
1633 5189 1826 5268 portus
1855 5189 2091 5253 aditum-

521 5277 628 5331 que
655 5275 1002 5338 excavarent.
1040 5265 1239 5320 Milites
1264 5283 1388 5321 cum
1416 5270 1505 5323 ditt
1541 5265 1816 5338 noctuque
1854 5270 1972 5324 sine
2010 5269 2092 5322 in-

526 5334 864 5408 termissione
883 5334 1214 5400 laborarent,
1233 5352 1375 5408 aegre
1405 5340 1455 5392 id
1474 5334 2090 5408 ferentem—praepositum

522 5417 680 5455 suum
716 5405 791 5477 ad
831 5406 1118 5472 imperium
1152 5405 1541 5474 capessendum
1576 5405 1906 5477 compellunt
1946 5424 2095 5463 mor-

521 5479 644 5548 tetn_
666 5474 978 5532 minitantes
1028 5478 1130 5531 nisi
1163 5478 1293 5546 ipsis
1331 5493 1612 5532 assensum
1648 5474 1934 5548 praeberet.
1976 5478 2093 5533 Hoc

520 5543 681 5617 modo
717 5556 942 5617 coactus
988 5543 1255 5609 tribunus,
1300 5562 1534 5617 purpura
1556 5562 1620 5600 ex
1649 5543 1951 5603 simulacro
1994 5548 2089 5603 Dei

521 5613 820 5687 cujuspiam
846 5617 1091 5687 abrepta,
1121 5613 1418 5687 imperator
1437 5616 1739 5683 salutatur;
1763 5633 1884 5672 mox
1906 5618 2094 5673 Antio-

519 5683 699 5761 chiam
733 5683 1014 5761 quietum
1039 5683 1288 5756 praesidio
1318 5688 1750 5761 militum_vacua
1779 5696 1917 5761 erat,
1941 5697 2090 5761 ratus

519 5756 563 5801 si
620 5766 738 5826 eam
782 5756 885 5811 sibi
931 5757 1224 5826 adjungere
1266 5767 1467 5824 posset,
1522 5756 1812 5826 plurimum
1858 5758 2090 5825 inceptis

520 5821 882 5900 profuturam,
926 5821 1613 5900 subitoitendit,“canitque
1658 5829 1802 5900 circa
1835 5821 2087 5900 occasum

524 5892 652 5946 solis
680 5906 929 5967 occupat.
954 5896 1023 5951 At
1055 5896 1440 5965 milites,solita
1465 5892 1559 5968 per
1590 5906 1764 5955 totum
1792 5898 1896 5954 iter
1922 5899 2084 5953 lasci-

2193 4715 2249 4761 et
2294 4722 2427 4760 avus
2468 4706 2707 4770 Libanii,
2755 4707 2929 4761 forma
2979 4707 3304 4774 conspicuus
3343 4716 3397 4761 et
3443 4709 3774 4774 proceritate

2192 4779 2459 4846 corporis,
2493 4786 2577 4846 est
2610 4777 2987 4845 interemptus.
3013 4776 3231 4846 Haece:
3274 4790 3397 4846 pag.
3428 4776 3529 4831 411
3567 4786 3622 4830 et
3644 4777 3771 4832 563.

2193 4844 2365 4900 Porro
2388 4845 2649 4900 Libanius
2672 4848 2724 4899 in
2757 4847 3002 4900 oratione
3035 4846 3103 4900 ad
3134 4844 3504 4901 Theodosium
3532 4846 3598 4901 de
3629 4849 3772 4902 sedi-

2197 4917 2364 4982 tione,
2395 4933 2495 4971 nos
2535 4918 2690 4970 docet
2725 4917 2869 4969 hunc
2900 4916 3173 4969 tribunum
3207 4916 3437 4971 militum
3478 4916 3772 4972 Seleucen-

2194 4986 2333 5038 simn
2373 4988 2584 5056 dictum
2623 5000 2747 5041 esse
2793 4985 3130 5054 Eugenium;
3172 4987 3549 5056 imperatorem
3588 4997 3769 5041 autem

2195 5069 2337 5126 esse,
2359 5055 2777 5119 Diocletianum,
2808 5071 2969 5124 quem
3007 5055 3258 5111 Dioclem
3275 5071 3410 5112 vero
3441 5072 3504 5110 ac
3533 5058 3770 5126 genuino

2193 5124 2414 5178 nomine
2440 5126 2542 5186 (sic
2588 5126 2733 5177 enim
2784 5126 2987 5195 dictum
3028 5135 3121 5195 est
3154 5136 3292 5181 teste
3324 5124 3557 5181 Victoris
3588 5124 3773 5195 Epito-

2191 5196 2294 5263 me)
2322 5208 2387 5248 eo
2441 5195 2557 5249 loco
2606 5195 2686 5247 his
2722 5193 2976 5263 appellat.
3016 5194 3108 5250 Sic
3138 5197 3281 5249 enim
3320 5197 3443 5252 ait:
3479 5196 3536 5250 Ὁ
3564 5193 3771 5250 sum.

2193 5262 2583 5353 seeae.
2610 5280 2694 5353 9?:
2713 5266 2863 5353 rei.
2884 5264 2987 5353 ῖδγ,
3034 5265 3455 5353 ῆναικαςιιένογ,
3490 5266 3767 5353 Εέδγένιτθνο

2193 5334 2288 5408 καὶ
2324 5332 2422 5408 τὴν
2449 5334 2794 5408 ξκᾲΣικελίας
2834 5334 2995 5406 δεῦρο
3041 5332 3381 5408 μετὰ-μέθης
3425 5332 3627 5406 ἄφιξιν,
3657 5348 3765 5388 etc.

2193 5402 2338 5474 Lego
2362 5402 2429 5458 ἔκ
2453 5403 2793 5471 Σελευκείας,
2839 5414 2897 5459 ιιι
2930 5402 2993 5459 ex
3029 5402 3150 5460 aliis
3182 5402 3398 5461 Liberali
3436 5402 3572 5461 locis
3602 5421 3769 5472 supra

2194 5476 2509 5548 memoratis
2534 5485 2773 5532 constat.
2810 5476 2994 5530 Habes
3023 5476 3188 5546 igitur
3224 5477 3436 5548 tyranni
3461 5490 3655 5548 nomen
3683 5484 3768 5548 at-

2192 5558 2299 5616 que
2322 5544 2626 5610 historiam,
2661 5561 2826 5616 quam
2861 5561 2957 5600 nos
2992 5543 3149 5614 primi
3189 5543 3260 5600 ei
3304 5543 3514 5600 Libanii
3558 5543 3766 5598 oratio-

2192 5613 2351 5686 nibus
2375 5616 2636 5686 eruimus.
2661 5613 2897 5686 Tempus
2935 5613 3065 5669 vero
3087 5631 3194 5685 quo
3219 5616 3489 5686 Engenius
3526 5616 3764 5686 tyranni-

2191 5682 2313 5737 dem
2344 5685 2587 5752 arripere
2616 5682 2843 5741 conattis
2867 5695 2972 5749 est,
2996 5687 3084 5740 hic
3105 5682 3344 5739 'Eusebii
3396 5685 3548 5738 locus
3587 5683 3768 5736 deria-

2191 5761 2302 5815 rat.
2335 5754 2672 5812 Diocletiano
2697 5756 2902 5821 scilicet
2926 5756 3099 5811 octies
3125 5766 3179 5809 et
3208 5755 3532 5810 Maximiano
3567 5754 3769 5824 septies

2191 5836 2335 5880 COSS.
