4220 6456
506 405 609 461 757

501 619 583 681 είς
623 615 831 688 μακρόν
863 615 1183 686 γινόμενον,
1230 615 1417 685 θαῦμα
1453 618 1713 687 παρεῖχεν
1757 617 1819 670 οὐ
1862 616 2093 688 σμικρὸν

501 712 614 774 τοῖς
645 707 968 777 Θεωμένοις,
1001 708 1143 764 ὥστε
1172 708 1272 779 ἥδη
1303 707 1390 761 διὰ
1418 709 1478 761 τὸ
1509 708 1792 778 ἄπρακτον
1818 707 1913 761 τού
1945 707 2097 779 πρώ-

500 816 631 860 του,
678 798 930 870 δεύτερον
979 799 1074 853 καὶ
1119 798 1301 870 τρίτον
1334 799 1734 870 προσαφίεσθαι
1775 799 1857 853 ἐνὶ
1891 799 1985 854 καὶ
2015 799 2095 869 τῷ

503 888 652 961 αύτῷ
680 889 915 963 μάρτυρι
953 888 1160 962 θηρίον.
1192 890 1627 962 Καταπλαγῆναι
1670 890 1716 944 δ’
1768 885 1838 962 ἦν
1869 889 1968 962 τὴν
2003 890 2097 944 ἐπὶ

501 982 711 1059 τούτοις
742 982 1010 1053 ἀπτόητον
1037 982 1146 1036 τῶν
1177 981 1338 1055 ίερῶν
1369 984 1592 1037 ἐκείνων
1633 984 1955 1057 καρτερίαν,
1998 983 2097 1037 “ml.

502 1077 602 1149 τὴν
642 1078 699 1130 ὲν
739 1076 951 1147 σώμασι
980 1074 1119 1139 νέοις
1149 1073 1445 1148 βεϐηκυῖαν
1478 1077 1573 1131 καὶ
1604 1077 1963 1149 ἀδιάτρεπτον
2013 1076 2099 1130 ἕν-

507 1185 715 1222 στασιν.
757 1167 966 1238 Ἐώρας
992 1166 1124 1236 γοῦν
1162 1168 1379 1239 ἡλικίαν
1411 1168 1520 1222 οὐδ’
1558 1168 1694 1222 ὅλων
1728 1166 1865 1222 ἐτῶν
1895 1169 2092 1230 εἴκοσι,

504 1260 628 1330 δίχα
658 1257 871 1330 δεσμῶν
901 1258 1133 1324 ἑστῶτος
1160 1259 1304 1324 νέου,
1335 1260 1430 1313 καί¹
1463 1258 1564 1324 τὰς
1605 1261 1703 1330 μὲν
1737 1262 1926 1332 χεῖρας
1958 1263 2096 1330 ἐφα-

507 1349 764 1413 πλοῦντος
796 1351 875 1413 είς
912 1348 1147 1421 σταυροῦ
1189 1349 1395 1415 τύπον,
1446 1348 1856 1420 ἀκαταπλήκτῳ
1903 1350 1960 1404 δὲ
2004 1351 2099 1405 καὶ

506 1439 738 1510 ἀτρεμεῖ
762 1438 968 1511 διανοίᾳ
1000 1441 1121 1503 ταῖς
1149 1439 1284 1511 πρὸς
1315 1439 1375 1492 τὸ
1397 1440 1551 1493 Θεῖον
1582 1438 1908 1509 σχολαίτατα
1933 1456 2097 1493 τετα-

511 1530 674 1610 μένου
704 1530 898 1595 λιταῖς,
933 1530 1053 1602 μηδ’
1089 1530 1238 1595 ὅλως
1267 1548 1327 1584 τε
1368 1529 1764 1603 μεθισταμένου
1811 1530 1932 1601 μηδ’
1963 1532 2099 1585 ἀπο-

506 1624 779 1690 κλίνοντός
806 1642 896 1679 ποι
922 1625 1018 1679 τοῦ
1052 1624 1180 1679 ἔνθα
1210 1626 1452 1695 εἱστήκει
1497 1624 1694 1689 τόπου,
1742 1626 1959 1698 ἄρκτων
2005 1626 2100 1679 καὶ

508 1718 826 1789 παρδάλεων
856 1717 1025 1788 θυμοῦ
1056 1717 1151 1777 καὶ
1175 1717 1404 1773 θανάτου
1440 1716 1711 1771 πνεόντων
1731 1757 1745 1782 ,
1782 1718 1878 1775 καὶ
1910 1717 2100 1786 σχεδὸν

508 1808 678 1879 αὐτῆς
704 1807 1134 1879 καθαπτομένων
1156 1806 1322 1862 αὑτοῦ
1346 1806 1447 1879 τῆς
1480 1808 1704 1879 σαρκὸς,
1733 1808 1849 1861 ἀλλ’
1875 1809 1975 1862 οὐκ
2003 1804 2099 1862 οἷδ’

507 1901 656 1964 ὅπως
690 1901 808 1974 θείᾳ
839 1902 934 1955 καὶ
961 1901 1258 1973 ἀπορρήτῳ
1287 1899 1515 1970 δυνάμει
1558 1901 1842 1972 μονονουχὶ
1867 1918 2100 1974 φραττο-
2134 1879 2178 1936 Β

510 1994 690 2063 μένων
716 1993 774 2046 τὸ
810 1993 1004 2064 στόμα,
1028 1993 1123 2047 καὶ
1148 1988 1303 2061 αὖθις
1333 1991 1843 2067 παλινδρομούντων
1873 1995 1953 2056 εἰς
1982 1993 2104 2046 τού-

507 2085 671 2143 πίσω.
709 2086 822 2140 Καὶ
865 2079 1022 2150 οὗτος
1069 2084 1169 2157 μὲν
1213 2080 1307 2139 οὗν
1336 2084 1575 2149 τοιοῦτός
1602 2102 1686 2149 τις
1729 2079 1816 2157 ἦν.
1850 2083 2020 2140 Πάλιν
2057 2083 2102 2137 δ’

505 2176 574 2237 ἂν
622 2177 844 2249 ἐτέρους
884 2171 1052 2242 εῖδες,
1084 2176 1248 2231 πέντε
1289 2175 1398 2253 γὰρ
1444 2177 1493 2229 οἱ
1537 2176 1736 2240 πάντες
1786 2176 2101 2247 ἐτύγχανον,

506 2271 837 2343 ἠγριωμένῳ
856 2270 1043 2342 ταύρῳ
1066 2268 1540 2342 παραϐληθέντας,
1559 2270 1617 2333 ὃς
1637 2271 1762 2333 τοὺς
1787 2269 1885 2341 μὲν
1908 2269 2103 2333 ἄλλους

504 2361 617 2414 τῶν
644 2361 844 2427 ἔξωθεν
874 2361 1242 2433 προσιόντων,
1274 2363 1390 2424 τοῖς
1432 2360 1662 2433 κέρασιν
1705 2363 1787 2425 είς
1835 2361 1927 2417 τὸν
1961 2361 2105 2432 ἀέρα

510 2448 719 2519 ῥίπτων
739 2448 1151 2521 διεσπάραττεν,
1166 2448 1472 2521 ἡμιθνῆτας
1496 2449 1746 2523 αἴρεσθαι
1759 2449 2099 2517 καταλιπὼν,

509 2541 603 2593 ἐπὶ
637 2540 832 2611 μόνους
879 2540 938 2594 δὲ
978 2540 1134 2612 θυμῷ
1173 2541 1268 2595 καὶ
1311 2541 1509 2617 ἀπειλῇ
1549 2543 1677 2603 τοὺς
1708 2543 1887 2618 ίεροὺς
1915 2542 2104 2616 ὁρμῶν

512 2636 820 2707 μάρτυρας,
852 2636 970 2689 οὐδὲ
1002 2635 1321 2706 πλησιάζειν
1350 2637 1535 2700 αὐτοῖς
1560 2631 1674 2701 οἷός
1701 2653 1760 2690 τε
1792 2632 1881 2708 ἦν,
1914 2637 2105 2708 κυρίτ-

507 2743 616 2780 των
648 2726 706 2780 δὲ
733 2729 845 2791 τοῖς
879 2729 1004 2781 ποσὶ
1036 2726 1150 2800 (19)
1181 2729 1276 2782 καὶ
1302 2731 1416 2792 τοῖς
1457 2728 1650 2800 κέρασι
1701 2729 1829 2800 τῇδε
1878 2729 2103 2784 κάκεῖσε

507 2820 810 2892 χρώμενος,
843 2824 938 2876 καὶ
978 2822 1067 2876 διὰ
1113 2823 1240 2888 τοὺς
1282 2823 1391 2878 τῶν
1438 2825 1733 2896 καυτήρων
1779 2823 2104 2896 ὲρεθισμοὺς

510 2911 685 2985 θυμοῦ
718 2916 813 2968 καὶ
839 2915 1072 2986 ἀπειλῆς
1101 2916 1299 2983 πνέων,
1330 2920 1410 2981 εἰς
1440 2918 1684 2972 τούπίσω
1713 2918 1850 2991 πρὸς
1877 2918 1977 2989 τῆς
2023 2920 2103 2971 ἰε-

511 3007 611 3077 ρᾶς
642 3005 955 3060 ἀνθείλκετο
983 3007 1282 3079 Προνοίας-
1315 3007 1392 3073 ὡς
1423 3009 1561 3081 μηδὲ
1585 3008 1777 3063 τούτου
1806 3009 1971 3081 μηδὲν
1995 3026 2103 3080 μη-

508 3094 699 3165 δαμῶς
734 3096 932 3161 αὐτοὺς
960 3097 1336 3169 ἀδικήσαντος,
1370 3090 1537 3171 ἕτερα
1594 3098 1729 3153 ἄττα
1778 3100 1961 3162 αὐτοῖς
2007 3101 2106 3154 ἐπ’

509 3187 764 3257 αφίεσθαι
786 3187 970 3260 θηρία.
991 3188 1156 3253 Τέλος
1177 3189 1241 3259 δὴ
1257 3185 1351 3251 οὖν
1379 3191 1516 3262 μετά
1536 3189 1637 3254 τάς
1660 3190 1841 3255 δεινὰς
1863 3190 1959 3245 καὶ
1987 3208 2108 3244 ποι-

510 3277 669 3343 κίλας
700 3278 908 3333 τούτων
934 3278 1272 3351 προσϐολάς,
1308 3281 1450 3351 ξίφει
1501 3282 1947 3350 κατασφαγέντες
1989 3282 2100 3353 (20)

510 3370 565 3425 οῑ
590 3371 811 3435 πάντες,
836 3370 959 3424 ἀντὶ
984 3372 1088 3444 γῆς
1114 3373 1208 3426 καὶ⁵
1236 3374 1424 3444 τάφων
1451 3376 1565 3439 τοῖς
1596 3373 1903 3439 θαλαττίοις
1925 3392 2104 3447 παρα·

513 3460 745 3523 δίδονται
775 3461 1004 3532 κύμασι.

1472 402 1827 461 ΗιΒΤΟῐΠίΕ
1868 404 2435 461 ΕεειιειΑεΤιεΑῖ
2475 406 2606 463 LIB.
2648 403 2787 461 VIII.

499 524 731 603 ομένων,
749 522 845 576 καὶ
867 517 933 577 αὖ
963 521 1123 576 πάλιν
1154 522 1233 586 είς
1257 521 1499 575 τούπίσω
1522 523 1865 596 χωρούντων.
1907 525 1973 577 Ὃ
2003 525 2098 577 καὶ

2205 525 2272 579 tis
2308 526 2553 581 manibus
2586 541 2681 582 eas
2713 528 2764 580 in
2798 522 3119 595 semetipsos
3147 526 3519 596 provocabant
3546 522 3779 599 (idenim
3866 520 3883 531 ’

3676 404 3780 461 158

2201 614 2381 670 facere
2405 616 2759 686 jubebantur)
2797 630 2865 671 ne
2894 617 3238 686 contigerunt
3271 617 3513 687 quidem.
3552 616 3667 672 lmo
3708 618 3785 671 in-

2199 709 2411 762 terdum
2467 708 2684 777 quidem
2738 708 2792 761 in
2842 722 2939 761 eos
2986 707 3321 775 irruebant;
3375 708 3473 764 sed
3531 709 3784 777 protinus

2199 799 2355 869 quasi
2405 800 2589 855 divina
2626 803 2864 871 quadam
2895 801 3105 856 virtute
3139 800 3371 871 repulsae
3396 841 3412 865 ,
3443 810 3591 857 retro
3621 802 3784 857 cede-

2198 891 2357 948 bant.
2386 892 2517 959 Quae
2551 908 2674 948 cum
2716 894 2926 949 diutius
2960 893 3156 950 ﬁerent
3185 933 3201 960 ,
3236 909 3344 950 non
3389 894 3653 950 mediocri
3685 895 3784 949 ad-

2200 984 2491 1041 miratione
2547 985 2710 1041 deﬁxi
2758 997 2916 1042 erant
2961 997 3304 1056 spectatores
3357 1005 3385 1049 ε,
3424 987 3560 1042 adeo
3609 996 3669 1041 ut
3714 987 3786 1043 ob

2200 1091 2417 1132 cassum
2446 1086 2505 1132 et
2536 1076 2751 1132 inanem
2782 1079 2986 1147 prioris
3032 1080 3219 1135 bestia:
3256 1081 3569 1144 incursum,
3612 1078 3784 1133 altera

2199 1183 2391 1223 rursus
2419 1181 2484 1223 ac
2528 1170 2689 1225 tertia
2743 1169 2799 1224 in
2854 1186 3018 1225 unum
3070 1172 3432 1241 eumdemque
3481 1179 3787 1241 martyrem

2200 1258 2561 1313 emitteretur.
2615 1257 2801 1314 Mirari
2852 1268 2981 1314 tunc
3029 1261 3231 1316 licebat
3282 1260 3607 1331 intrepidam
3659 1274 3788 1329 erga

2200 1347 2319 1402 haec
2349 1356 2663 1403 sanctorum
2697 1351 3088 1416 constantiam,
3123 1360 3177 1406 et
3202 1350 3453 1405 stabilem
3488 1359 3654 1419 atque
3698 1350 3789 1403 iu-

2202 1454 2527 1496 concussam
2565 1442 2617 1496 iu
2669 1442 2874 1498 teneris
2914 1442 3250 1514 corporibus
3285 1442 3454 1496 animi
3502 1440 3791 1497 fortitudi-

2203 1547 2348 1587 nem.
2383 1530 2592 1602 Quippe
2634 1532 2871 1587 vidisses
2902 1540 3029 1588 tunc
3062 1530 3530 1588 adolescentulum
3567 1529 3789 1592 vixdum

2204 1624 2523 1679 vicesimum
2547 1625 2726 1679 aetatis
2754 1639 2955 1678 annum
2994 1624 3331 1693 ingressum,
3363 1618 3573 1692 absque
3599 1621 3793 1676 vincu-

2204 1716 2273 1773 lis
2316 1726 2551 1772 stantem
2586 1736 2600 1773 :
2631 1725 2686 1773 et
2722 1717 2973 1773 manibus
2999 1716 3052 1772 in
3080 1717 3264 1772 crucis
3293 1713 3529 1771 formam
3579 1728 3791 1784 expan-

2205 1810 2301 1876 sis,
2337 1809 2604 1880 ﬁrmoque
2630 1819 2684 1865 et
2730 1810 3005 1880 impavido
3037 1811 3222 1864 animo
3267 1807 3633 1871 attentissime
3681 1807 3793 1862 Deo

2205 1903 2641 1972 supplicantem;
2680 1920 2779 1961 nec
2812 1905 2881 1961 ab
2913 1920 2980 1961 eo
3015 1905 3071 1959 in
3123 1919 3232 1974 quo
3265 1909 3496 1960 steterat
3545 1900 3669 1956 loco
3700 1916 3791 1955 re-

2205 1992 2486 2048 cedentem
2518 2003 2613 2048 aut
2659 1995 2930 2053 ullatenus
2962 1996 3325 2053 declinantem
3360 2013 3377 2050 :
3408 2010 3533 2050 cum
3567 1992 3791 2048 interim

2204 2083 2321 2138 ursi
2361 2092 2417 2140 et
2444 2088 2598 2157 pardi
2634 2087 2872 2145 furorem
2906 2084 2971 2146 ac
2997 2100 3229 2145 mortem
3260 2087 3501 2146 anhelitu
3534 2086 3652 2156 ipso
3680 2085 3793 2154 spi-

2206 2183 2393 2232 rantes
2417 2216 2434 2244 ,
2470 2180 2714 2237 membra
2765 2179 2912 2237 illius
2941 2197 3080 2252 pene
3102 2181 3215 2253 jam
3248 2179 3520 2235 morsibus
3566 2178 3792 2231 invade-

2205 2275 2349 2319 rent.
2380 2266 2484 2333 Qui
2520 2271 2923 2336 tamen,nescio
2951 2286 3057 2341 quo
3088 2279 3250 2340 pacto
3277 2311 3294 2338 ,
3339 2266 3661 2328 constrictis
3709 2265 3792 2318 di-

2204 2355 2328 2412 vina
2363 2361 2597 2425 quadam
2625 2372 2680 2417 et
2708 2376 2912 2417 arcana
2958 2361 3160 2415 virtute
3209 2360 3451 2436 ipsorum
3493 2355 3743 2413 faucibus
3769 2395 3791 2423 ,

2206 2466 2352 2514 retro
2381 2456 2632 2527 protinus
2676 2455 3062 2510 abscedebant.
3110 2453 3175 2507 Et
3214 2453 3306 2508 hic
3330 2452 3547 2523 quidem
3592 2464 3651 2506 se
3676 2462 3796 2520 ges-

2203 2549 2278 2605 sit
2307 2550 2409 2605 isto
2439 2565 2600 2620 quem
2638 2548 2877 2604 diximus
2909 2532 3091 2604 modo.
3125 2545 3335 2605 Rursus
3368 2560 3500 2599 vero
3540 2542 3676 2599 alios
3703 2541 3790 2596 vi-

2205 2639 2380 2695 disses
2411 2637 2589 2710 (erant
2627 2640 2772 2693 enim
2802 2651 2992 2692 omnes
3022 2651 3252 2692 numero
3273 2631 3535 2706 quinque)
3567 2631 3794 2691 elIerato

2205 2732 2448 2799 obiectos
2476 2741 2635 2784 tauro
2664 2769 2680 2796 ,
2717 2730 2811 2800 qui
2845 2732 2977 2785 alios
3005 2730 3224 2800 quidem
3254 2744 3319 2783 ex
3355 2727 3653 2782 inﬁdelium
3691 2742 3794 2780 uu-

2207 2837 2361 2878 mero
2390 2823 2649 2878 cornibus
2678 2822 2732 2875 in
2766 2822 3001 2877 sublime
3041 2821 3280 2893 iactatos
3328 2819 3677 2889 discerpebat
3727 2832 3792 2872 ac

2206 2914 2500 2972 semiviros
2527 2915 2890 2985 seportaudos
2923 2915 3306 2984 relinquebat:
3342 2915 3410 2969 ad
3438 2912 3585 2969 solos
3612 2919 3794 2967 autem

2207 3021 2396 3063 Sacros
2414 3017 2703 3078 martyres,
2741 3021 2866 3060 cum
2912 3006 2965 3060 in
3002 3020 3098 3060 eos
3131 3003 3321 3061 furens
3346 3010 3402 3059 et
3432 3003 3797 3058 minabundus

2210 3100 2464 3166 irrueret,
2501 3115 2569 3155 ne
2594 3099 2855 3155 accedere
2892 3098 3111 3167 quidem
3164 3104 3398 3167 poterat.
3427 3094 3534 3150 Sed
3565 3094 3798 3164 pedibus

2212 3199 2410 3245 terram
2437 3191 2711 3262 quatiens,
2747 3200 2802 3244 et
2841 3191 2944 3245 hac
2977 3187 3341 3256 illacjactans
3370 3201 3604 3252 cornua,
3630 3196 3797 3255 atque

2208 3282 2278 3338 ob
2312 3283 2599 3339 candentis
2628 3282 2757 3337 ferri
2788 3279 3035 3337 stimulos
3059 3280 3223 3352 300
3254 3280 3494 3334 furorem
3525 3293 3590 3332 ac
3615 3279 3796 3333 minas

2211 3373 2450 3441 spirans,
2482 3371 2841 3427 nihilominus
2888 3369 3072 3425 divina
3117 3369 3418 3424 obsistente
3450 3367 3795 3437 providentia

2213 3475 2362 3521 retro
2405 3464 2783 3519 avertebatur.
2817 3463 3053 3519 Proinde
3099 3477 3223 3518 cum
3276 3460 3589 3516 nullatenus
3614 3460 3684 3515 ab
3728 3473 3797 3513 eo

513 3552 631 3607 Iasi
670 3563 891 3618 essent,
957 3555 1076 3611 aliae
1135 3572 1326 3612 rursus
1376 3556 1428 3610 in
1480 3556 1602 3611 illos
1647 3556 1904 3611 immissa:
1949 3565 2078 3610 sunt
2133 3555 2343 3623 bestiae,
2406 3558 2645 3613 Tandem
2699 3550 3110 3626 denique'post
3165 3552 3495 3624 multiplices
3546 3560 3602 3607 et
3656 3553 3792 3607 bor-

517 3646 718 3702 reudos
765 3646 1065 3703 bestiarum
1124 3650 1379 3704 incursus
1448 3650 1632 3705 cuncti
1698 3651 1882 3723 gladio
1952 3649 2237 3719 confossi,
2291 3652 2530 3723 sepulcri
2598 3652 2719 3707 loco
2790 3651 3019 3706 marinis
3073 3647 3380 3722 gurgitibus
3429 3644 3794 3701 commendati

516 3744 665 3792 sunt.

1052 3836 1454 3892 ΚΕΦΑΛΑΙΟΝ
1486 3839 1569 3895 Η’.

514 3925 656 3995 Περὶ
688 3925 809 3981 τῶν
845 3928 998 3984 κατὰ
1025 3927 1143 3996 τὴν
1158 3929 1462 3998 Αἴγυπτον
1499 3929 1638 3999 (Nic.
1677 3930 1748 3989 Η.
1794 3930 1859 3985 Ε.
1900 3948 1993 3997 VII,
2029 3932 2106 4005 8).

579 4017 692 4073 Kal.
729 4019 970 4084 τοιοῦτος
1019 4020 1118 4091 μὲν
1162 4023 1191 4075 ὁ
1236 4020 1387 4090 ἀγὼν
1430 4021 1538 4076 τῶν
1585 4025 1728 4082 κατὰ
1762 4023 1936 4095 Τύρον
1983 4027 2108 4090 τοὺς

516 4111 660 4186 ὑπὲρ
718 4112 1003 4184 εὐσεβείας
1056 4114 1251 4178 ἄθλους
1324 4113 1717 4186 ἐνδειξαμένων
1768 4117 2106 4186 Αἰγυπτίων.

512 4201 827 4276 Θαυμάσειε
857 4205 901 4258 δ’
920 4204 985 4259 ἄν
1024 4222 1110 4269 τις
1146 4203 1325 4259 αὐτῶν
1354 4206 1448 4261 καὶ
1478 4208 1606 4270 τοὺς
1636 4206 1730 4260 ἐπὶ
1770 4207 1869 4277 τῆς
1898 4208 2104 4273 οἰκείας

516 4296 619 4367 γῆς
654 4297 1134 4368 μαρτυρήσαντας·
1167 4296 1297 4351 ἔνθα
1322 4296 1502 4368 μυρίοι
1530 4297 1622 4351 τὸν
1647 4298 1878 4371 ἀριθμὸν
1910 4300 2102 4372 ἄνδρες

474 4444 477 4445 ,
515 4385 632 4456 ἅμα
660 4385 875 4455 γυναιξὶ
902 4387 995 4441 καὶ
1018 4389 1224 4452 παισὶν,
1256 4388 1398 4460 ὑπὲρ
1426 4389 1525 4460 τῆς
1550 4388 1643 4442 τοῦ
1666 4391 1917 4463 Σωτῆρος
1942 4392 2101 4462 ἡμῶν

514 4477 862 4544 διδασκαλίας
903 4478 998 4534 τοῦ
1042 4476 1377 4553 προσκαίρου
1418 4483 1518 4554 ζῇν
1569 4484 2099 4555 καταφρονήσαντες,

514 4568 804 4641 διαφόρους
839 4571 1135 4642 ὑπέμειναν
1182 4571 1467 4638 θανάτους.
1510 4575 1572 4627 Οἱ
1614 4573 1712 4646 μὲν
1742 4574 1920 4627 αὐτῶν
1965 4574 2103 4646 μετὰ

2801 3839 3037 3915 (ιΑΡιΙΤ¹
3066 3838 3199 3896 vni.

2503 3932 2578 3988 De
2614 3935 2681 3988 iis
2709 3935 2798 4004 qui
2825 3933 2880 3987 in
2912 3931 3148 4002 {Egypto
3176 3930 3322 3999 passi
3353 3936 3502 3984 sunt.

2280 4023 2602 4096 llujusmodi
2651 4024 2754 4086 fuit
2800 4032 3076 4077 certamen
3124 4018 3504 4091 Egyptiorum
3534 4058 3550 4083 ,
3599 4016 3693 4085 qui
3740 4015 3797 4072 in

2158 4186 2163 4187 ί
2210 4117 2341 4172 urbe
2371 4118 2515 4187 Tyro
2546 4131 2646 4189 pro
2688 4117 2890 4185 pietate
2924 4096 3161 4197 gloriose
3205 4112 3566 4168 dimicarunt.
3609 4109 3714 4165 Sed
3743 4117 3802 4164 et

2212 4207 2334 4262 illos
2361 4206 2646 4278 Egyptios
2676 4208 2767 4277 qui
2806 4200 3312 4282 domi'martyrium
3360 4200 3602 4273 perpessi
3631 4209 3757 4255 sunt
3780 4237 3796 4263 ,

2214 4300 2412 4353 merito
2439 4301 2564 4370 quis
2594 4300 2917 4355 admiretur.
2952 4297 3071 4353 Illic
3117 4297 3264 4352 enim
3311 4295 3412 4351 viri
3452 4308 3617 4364 prope
3645 4293 3803 4349 innu-

2211 4393 2502 4449 merabiles
2552 4408 2678 4447 cum
2714 4392 2980 4447 uxoribus
3008 4400 3062 4444 et
3087 4389 3296 4455 liberis,
3340 4402 3440 4458 pro
3481 4384 3797 4441 Servaloris

2213 4485 2383 4538 nostri
2414 4483 2663 4539 doctrina
2704 4482 3053 4552 temporalem
3097 4481 3240 4535 hanc
3268 4478 3441 4533 vitam
3489 4474 3794 4545 aspernati,

2211 4580 2356 4632 varia
2390 4578 2581 4634 mortis
2605 4591 2807 4648 genera
2838 4576 3222 4630 sustinuerunt
3258 4590 3272 4626 :
3305 4569 3400 4625 alii
3422 4568 3644 4641 quidem
3674 4578 3798 4637 post

516 4658 750 4732 ξεσμοὺς
777 4664 870 4715 καὶ¹
899 4662 1259 4735 στρεϐλώσεις
1294 4664 1562 4735 μάστιγάς
1589 4682 1648 4718 τε
1688 4665 2100 4736 χαλεπωτάτοις,

2210 4667 2442 4738 ungulas
2469 4682 2534 4723 ac
2569 4664 2842 4729 ﬁdiculas,
2873 4672 2997 4734 post
3037 4659 3420 4717 crudelissima
3453 4659 3685 4715 verbera
3739 4667 3798 4715 et

515 4753 610 4805 καὶ
641 4753 841 4823 μυρίας
868 4754 1034 4819 ἄλλας
1063 4755 1312 4821 ποικίλας
1340 4758 1436 4811 καὶ
1469 4758 1702 4828 φρικτὰς
1730 4758 1959 4812 ἀκοῦσαι
1999 4757 2098 4829 βα·-

517 4844 711 4908 σάνους
743 4846 877 4918 πυρὶ
920 4847 1334 4920 παραδοθέντες,
1371 4851 1420 4904 οί
1454 4849 1513 4904 δὲ
1559 4850 1783 4920 πελάγει
1824 4851 2099 4924 καταδρο-

514 4934 847 5006 χθισθέντες,
883 4939 1031 4994 ἄλλοι
1056 4939 1115 4993 δὲ
1144 4941 1426 5013 εὐθαρσῶς
1454 4945 1568 5006 τοῖς
1592 4943 1963 5015 ἀποτέμνουσι
1996 4944 2097 5008 τὰς

514 5026 723 5081 ἑαυτῶν
746 5030 1126 5100 προτείναντες
1157 5032 1423 5108 κεφαλὰςι
1454 5035 1502 5087 οί
1535 5033 1593 5088 δὲ
1624 5035 1719 5089 καὶ
1740 5035 2099 5090 ἐναποθανόν-

513 5134 606 5181 τες
629 5121 750 5183 ταῖς
782 5120 1053 5191 βασάνοις,
1079 5123 1256 5195 ἕτεροι
1285 5123 1344 5177 δὲ
1374 5123 1518 5197 λιμῷ
1544 5124 1931 5197 διαφθαρέντες
1951 5142 1967 5157 ·
2002 5126 2096 5180 καὶ

514 5208 663 5264 ἄλλοι
687 5211 849 5266 πάλιν
876 5213 1448 5281 ἀνασκολοπισθέντες,
1482 5217 1532 5271 οί
1574 5215 1672 5289 μὲν
1705 5216 1846 5272 κατὰ
1884 5216 1947 5271 τὸ
1971 5215 2100 5272 σύν-

510 5301 643 5374 ηθες
672 5307 785 5369 τοῖς
827 5305 1175 5378 κακούργοις,
1215 5307 1267 5361 οί
1304 5307 1364 5362 δὲ
1412 5308 1506 5363 καὶ
1545 5308 1803 5381 χειρόνως
1832 5308 2101 5373 ἀνάπαλιν

583 5557 698 5628 (l9)
720 5558 1020 5627 Κυρίττων
1039 5557 1108 5612 δὲ
1131 5556 1257 5626 τοῖς
1277 5560 1444 5613 ποσί.
1461 5556 1616 5613 Hunc
1633 5558 1811 5614 locum
1830 5557 2100 5629 Nicepho-

511 5628 979 5751 rus‘iinterpolavit
1001 5641 1057 5685 et
1079 5629 1134 5685 in
1162 5644 1385 5686 sensum
1431 5644 1657 5701 prorsus
1702 5629 1938 5685 alienum
1963 5628 2096 5685 con-

511 5712 608 5751 ver
638 5716 648 5751 I
682 5733 698 5747 .

511 5712 698 5752 νοτιιι.

581 5769 695 5841 (ευ)
726 5768 891 5839 Ξίφει
912 5768 1415 5841 κατασφαγέντες.
1443 5769 1661 5839 Langus
1680 5769 1843 5825 vertit
1882 5786 1903 5823 ι
1930 5768 2091 5840 jugu-

514 5835 627 5905 lati,
665 5859 683 5890 ο
732 5835 897 5912 recte,
926 5835 1253 5912 mequidem
1289 5835 1486 5899 sentio.
1520 5835 1632 5899 uss
1666 5844 1812 5901 enim
1850 5835 2091 5907 eratfut

2210 4761 2393 4816 varios
2428 4761 2548 4829 ipso
2588 4758 2753 4815 etiam
2802 4757 2948 4812 dictu
2979 4753 3287 4810 horrendos
3316 4752 3601 4807 cruciatus
3636 4749 3796 4813 llam-

2209 4852 2314 4906 mis
2340 4849 2615 4920 absumpti
2647 4867 2660 4902 :
2696 4848 2789 4902 alii
2825 4861 2959 4903 vero
2988 4846 3045 4901 in
3079 4860 3228 4900 mare
3255 4844 3513 4900 demersi.
3537 4842 3641 4897 Alii
3671 4857 3797 4897 car-

2208 4941 2462 4997 niﬁcibus
2507 4939 2686 5010 capita
2723 4952 2821 4992 sua
2852 4935 3184 5006 amputanda
3232 4931 3404 4987 alacri
3442 4929 3628 4985 animo
3655 4944 3801 4998 prae-

2207 5037 2465 5091 buerunt.
2500 5029 2754 5087 Nonnulli
2806 5028 3096 5084 tormentis
3130 5025 3264 5096 ipsis
3314 5022 3627 5087 immortui;
3670 5021 3796 5092 qui-

2204 5128 2327 5182 dam
2363 5128 2507 5180 fame
2540 5123 2871 5191 consumpti.
2913 5120 3016 5175 Alii
3046 5119 3287 5188 denique
3308 5116 3363 5170 in
3402 5129 3621 5170 crucem
3648 5113 3792 5179 acti;

2207 5235 2336 5290 pars
2381 5234 2447 5273 eo
2499 5218 2660 5272 modo
2703 5231 2811 5286 quo
2863 5213 3099 5270 maleﬁci
3149 5211 3315 5283 vulgo
3350 5207 3528 5278 suﬁigi
3564 5205 3790 5261 solent:

2210 5325 2338 5382 pars
2371 5310 2614 5366 atrocius
2639 5348 2654 5373 ,
2686 5308 2866 5379 capite
2900 5309 3153 5362 deorsum
3182 5316 3342 5359 verso
3368 5299 3540 5359 clavis
3568 5295 3792 5362 conﬁxi,

2208 5558 2550 5636 confectores
2604 5556 3053 5636 immittet-eatur,
3109 5549 3461 5636 quinnoxios
3510 5548 3565 5631 in
3621 5562 3789 5636 arena

2205 5628 2539 5698 iugularem,
2568 5635 2816 5698 utsupra
2844 5616 3143 5698 observ-avi
3173 5619 3262 5676 ubi
3294 5621 3364 5674 de
3402 5620 3655 5698 passione
3685 5616 3791 5698 P_o-

2202 5688 2433 5769 iyé'arpi.
2469 5688 2613 5769 Cave
2643 5688 2807 5765 igitur
2830 5694 3110 5751 existimes
3139 5688 3414 5760 martyres
3446 5688 3569 5746 illos
3607 5689 3791 5759 capite

2199 5766 2479 5826 truncatas
2503 5766 2688 5823 fuisse.
