4220 6396
482 397 593 455 759

1186 396 1459 454 EUSEBII
1498 396 1982 454 CESARIENSIS
2016 395 2171 453 OPP.
2213 395 2395 453 PARS
2431 395 2454 451 ι
2523 424 2584 440 ο·
2621 397 3015 457 HISTORICA.

3621 403 3725 463 760

484 529 539 574 et
569 519 673 575 vivl
708 533 774 575 eo
816 535 986 589 usque
1038 520 1278 586 servati,
1311 521 1485 590 quoad
1530 521 1584 575 in
1620 520 1755 593 ipsis
1787 519 2047 592 patibulis

2159 519 2444 592 κατωκάρα
2493 520 2963 592 προσηλωθέντες,
3012 519 3339 594 τηρούμενοί
3389 539 3448 576 τε
3502 520 3725 597 ζῶντες,

485 614 627 669 fame
655 613 1014 669 interiissent.

1074 726 1306 782 CAPUT
1343 725 1439 781 IX.

762 814 839 870 De
865 817 929 870 iis
957 816 1048 887 qui
1076 818 1130 871 in
1166 819 1423 872 Thebaide
1446 818 1590 887 passi
1622 825 1765 871 sunt.

553 906 751 959 Verum
802 921 1020 963 omnem
1059 907 1275 963 dicendi
1308 910 1517 976 copiam
1549 917 1809 978 superant
1835 910 2048 965 crueia-

480 1006 576 1064 tus,
603 999 679 1052 illi
711 1014 775 1054 ac
805 999 1021 1056 dolores
1051 1015 1189 1071 quos
1240 1003 1381 1071 apud
1413 1001 1744 1057 Thebaidem
1783 1014 2048 1073 martyres

478 1090 843 1159 pertulerunt,
876 1091 1060 1148 acutis
1093 1093 1252 1149 testis
1289 1093 1413 1147 vice
1441 1092 1762 1162 ungularum
1792 1094 2047 1151 adhibitis

488 1190 600 1235 toto
632 1196 860 1252 corpore
906 1182 973 1237 ad
1019 1193 1247 1239 mortem
1295 1199 1471 1253 usque
1500 1184 1749 1239 lacerati.
1798 1183 2049 1242 Mulieres

484 1289 614 1329 vero
643 1274 814 1329 altero
842 1275 978 1345 pede
1011 1276 1253 1347 religatae
1285 1278 1546 1333 sublimes
1593 1278 1770 1345 capite
1795 1278 2045 1334 deorsum

478 1377 741 1436 vergente
769 1405 787 1432 ,
820 1367 1090 1424 machinis
1121 1369 1440 1439 quibusdam
1475 1370 1530 1425 in
1563 1370 1730 1424 altum
1775 1370 2002 1425 sublata:
2031 1410 2047 1436 ,

479 1456 747 1527 nudisque
798 1473 863 1514 ac
912 1474 1137 1529 prorsus
1165 1461 1381 1516 intectis
1410 1462 1733 1530 corporibus
1757 1502 1773 1527 ,
1808 1462 2050 1518 foedissi-

478 1558 627 1598 mum
682 1544 847 1601 simul
896 1555 1059 1616 atque
1110 1546 1624 1604 inhumanissimum
1676 1550 2047 1620 spectaculum

2151 609 2327 665 εἰσότε
2355 611 2449 663 καὶ
2481 612 2568 664 ἐπ’
2594 610 2772 666 αὑτῶν
2802 612 2990 683 ίκρίων
3014 611 3156 683 λιμῷ
3182 611 3546 684 διαφθαρεῖεν.

2688 724 3083 778 ΚΕΦΑΛΑῙΟΝ
3114 725 3192 781 8'.

2263 815 2403 882 Περὶ
2433 813 2552 869 τῶν
2581 815 2731 869 κατὰ
2760 814 3016 881 Θηϐαΐδα
3049 814 3188 887 (Nic.
3221 814 3291 871 Η.
3315 816 3384 871 Ε.
3415 817 3604 889 vn,8).

2219 907 2406 961 Πάντα
2432 907 2475 961 δ’
2500 907 2786 979 ὑπεραίρει
2810 906 2985 975 λόγον,
3013 909 3109 961 καὶ
3128 907 3195 972 ἀς
3219 908 3514 980 ὑπέμειναν
3538 908 3724 975 αἰκίας

2148 997 2243 1053 καί⁹
2271 998 2567 1069 ἀλγηδόνας
2597 999 2647 1051 οἱ
2674 997 2813 1054 κατά
2831 997 3072 1070 Θηϐαΐδα
3109 1000 3402 1072 μάρτυρες,
3436 1001 3723 1073 ὀστράκοις

2148 1089 2267 1144 ἀντὶ
2298 1090 2502 1158 ὀνύχων
2527 1089 2645 1142 ὅλον
2666 1088 2727 1142 τὸ
2756 1090 2913 1162 σῶμα
2945 1091 3037 1144 καὶ
3069 1090 3260 1162 μέχρις
3289 1089 3607 1163 ἀπαλλαγῆς
3630 1089 3723 1144 τοῦ

2150 1180 2265 1251 βίου
2295 1179 2773 1251 καταξαινόμενοι,
2806 1180 3005 1250 γύναιά
3033 1197 3094 1234 τε
3126 1184 3240 1235 τοῖν
3277 1181 3459 1236 ποδοῖν
3503 1181 3563 1246 ἐξ
3606 1179 3728 1246 ἐνὸς

2148 1272 2627 1343 ἀποδεσμοὺμενα,
2675 1272 2924 1343 μετέωρά
2959 1289 3021 1326 τε
3050 1272 3145 1326 καὶ
3180 1271 3389 1341 διαέρια
3424 1271 3536 1342 (21)
3575 1272 3726 1326 κάτω

2149 1363 2387 1436 κεφαλὴν
2416 1364 2715 1435 μαγγάνοις
2744 1364 2885 1417 τισὶν
2915 1365 2994 1427 εἰς
3033 1362 3167 1433 ὕψος
3210 1362 3544 1434 ἀνελκόμενα
3565 1403 3580 1428 ,
3624 1378 3727 1431 γυ-

2152 1458 2302 1528 μνοῖς
2347 1473 2406 1510 τε
2449 1455 2728 1520 παντελῶς
2766 1458 2860 1510 καὶ
2898 1456 3021 1527 μηδ’
3050 1456 3579 1528 ὲπικεκαλυμμένοις
3612 1455 3728 1520 τοῖς

2150 1547 2399 1618 σώμασι,
2428 1546 2556 1601 θέαν
2583 1546 2788 1617 ταύτην
2816 1548 3100 1618 αἰσχίστην
3131 1548 3226 1603 καὶ
3255 1548 3473 1601 πάντων
3512 1546 3730 1617 ὠμοτά-

476 1635 691 1690 cunctis
735 1636 1072 1692 intuentibus
1101 1639 1472 1709 prmbuernnt.
1509 1639 1617 1695 Alii
1648 1657 1837 1697 rursus
1864 1641 1928 1696 ad
1960 1658 2048 1696 ar—

418 1720 434 1787 ξ
476 1723 645 1779 bores
678 1733 734 1781 et
762 1741 944 1782 ramos
971 1727 1181 1798 alligati
1227 1729 1504 1785 interiere.
1553 1729 1689 1784 Nam
1736 1747 1857 1785 cum
1888 1733 2052 1786 robu~

2147 1655 2247 1709 την
2290 1639 2382 1692 καὶ
2449 1637 2954 1711 ἁπανθρωποτάτην
2990 1641 3103 1702 τοῖς
3138 1639 3336 1711 ὁρῶσιν
3380 1639 3550 1693 ἅπασι
3590 1654 3726 1709 παρ-

2149 1732 2443 1803 εσχημένα.
2479 1731 2661 1784 Ἀλλοι
2693 1730 2737 1783 δ’
2766 1725 2834 1784 αὖ
2872 1729 3034 1783 πάλιν
3073 1731 3312 1802 δένδρεσι
3341 1730 3437 1783 καὶ
3464 1730 3729 1802 πρέμνοις

478 1818 751 1873 stissimos
783 1834 965 1874 ramos
986 1818 1212 1876 inﬂexos
1243 1822 1697 1880 machinamentis
1723 1827 2046 1896 quibusdam

941 1909 983 1928 .._
1152 1922 1189 1928 ν,
1267 1912 1415 1928 ---
1588 1926 1595 1928 .
1926 1919 1959 1928 ..

2159 1822 2549 1895 ἐναπέθνησκον
2575 1822 2948 1895 δεσμούμενοι.
2991 1823 3130 1888 Τοὺς
3168 1822 3278 1895 γάρ
3308 1822 3542 1894 μάλιστα
3571 1824 3729 1894 στερ-

478 1909 533 1964 ἰη
564 1924 727 1964 unum
759 1910 909 1966 coire
939 1909 1233 1976 fecissent,
1266 1912 1424 1984 301
1462 1926 1761 1987 martyrum
1794 1919 2050 1976 cruribus

2159 1916 2408 1989 ροτάτους
2431 1916 2539 1969 τῶν
2559 1915 2765 1970 κλάδων
2797 1918 3064 1988 μηχαναῖς
3091 1931 3232 1968 τισιν
3260 1914 3353 1968 ἐπὶ
3383 1913 3576 1967 ταὺτὸν
3602 1929 3729 1966 συν-

478 2003 736 2073 utrinque
777 2002 845 2057 ad
891 2018 987 2058 eos
1035 2003 1275 2074 religatis
1301 2044 1318 2069 ,
1367 2021 1552 2061 ramos
1579 2008 1633 2062 in
1669 2011 1946 2078 pr0prinm
1989 2026 2053 2066 ac

2159 2008 2394 2070 Dammae;
2414 2046 2428 2071 ,
2466 2007 2545 2070 είς
2572 2006 2811 2078 ἐκάτερά
2838 2023 2898 2058 τε
2925 2005 3131 2060 τούτων
3158 2005 3227 2058 τὰ
3256 2004 3381 2061 ,τῶν
3435 2002 3729 2075 μαρτύρων

479 2096 781 2156 naturalem
810 2098 976 2156 situm
1003 2096 1213 2157 reverti
1242 2098 1497 2155 sinebant
1520 2141 1535 2163 ,
1570 2109 1629 2155 ut
1672 2103 1912 2156 membra
1954 2116 2051 2158 eo-

2159 2100 2521 2163 Ξιποτείνοντες
2568 2098 2768 2171 σκέλη,
2812 2099 2893 2163 είς
2933 2098 3029 2170 τὴν
3070 2097 3277 2151 ἑαυτῶν
3324 2097 3553 2166 ¹ἠφίεσαν
3603 2094 3731 2158 τοὺς

479 2205 600 2243 rum
631 2191 893 2249 adversus
925 2207 1064 2262 quos
1097 2192 1214 2249 base
1240 2195 1689 2264 excogitaverant
1716 2236 1731 2262 ,
1758 2209 1864 2251 uno
1890 2194 2052 2250 simul

2159 2189 2374 2254 κλάδους
2402 2189 2660 2262 φέρεσθαι
2697 2189 2891 2259 φύσιν,
2932 2190 3130 2262 ἄθρουν
3156 2189 3263 2242 τῶν
3295 2189 3471 2260 μελῶν
3499 2188 3733 2241 διασπα-
3835 2217 3844 2226 ·

482 2282 682 2352 impetu
720 2283 1183 2354 discerperentur.
1213 2285 1390 2356 Atque
1415 2285 1533 2341 haec
1563 2288 1746 2341 omnia
1777 2302 1881 2343 non
1914 2303 2050 2357 pau-

2159 2281 2287 2352 σμὸν
2339 2280 2459 2335 καθ’
2498 2274 2573 2335 ὧν
2622 2281 2775 2336 ταῦτ’
2820 2282 3158 2352 ἐνεχείρουν,
3208 2280 3565 2344 ἐπινοοῦντες.
3619 2278 3732 2334 Καὶ

477 2373 559 2427 cis
599 2372 796 2428 diebus
823 2389 923 2429 nec
949 2375 1146 2445 exiguo
1178 2376 1444 2441 temporis
1478 2378 1675 2445 spatio,
1710 2377 1803 2431 sed
1839 2378 2053 2447 prolixo

2159 2370 2324 2425 ταῦτά
2363 2389 2426 2441 γε
2473 2372 2650 2428 πάντα
2687 2374 2975 2445 ἐνηργεῖτο
3000 2373 3101 2427 οὑκ
3128 2373 3213 2426 ἐπ’
3235 2372 3421 2441 ὀλίγας
3457 2371 3669 2444 ⁴ἡμέρας
3693 2369 3730 2443 ἢ

478 2461 689 2528 aliquot
708 2476 975 2517 annorum
994 2464 1269 2519 curriculo
1295 2464 1551 2520 continue
1565 2474 1871 2536 perpetrata
1890 2477 2015 2521 sunt
2034 2486 2049 2523 :

2159 2463 2339 2533 χρόνον
2363 2463 2484 2517 τινὰ
2515 2464 2720 2537 βραχὺν
2739 2504 2754 2528 ,
2788 2465 2901 2518 ἀλλ’
2924 2466 3017 2518 ἐπὶ
3052 2465 3260 2536 μακρὸν
3286 2465 3422 2518 ὅλων
3448 2464 3584 2517 ἐτῶν
3610 2463 3731 2517 διά·

481 2567 605 2607 cum
641 2568 785 2608 nunc
828 2552 975 2621 deni,
1021 2553 1291 2609 interdum
1325 2555 1500 2610 viceni
1537 2566 1591 2611 et
1617 2557 1878 2627 amplius;
1914 2572 2051 2612 non-

2159 2571 2365 2627 στημα,
2401 2556 2494 2611 ὁτὲ
2537 2557 2635 2628 μὲν
2670 2556 2929 2609 πλειόνων
2963 2556 2996 2628 ἢ
3036 2556 3197 2621 δέκα,
3232 2556 3321 2609 ὁτὲ
3353 2556 3407 2609 δὲ
3436 2556 3578 2625 ὑπὲρ
3608 2554 3734 2620 τοὺς

479 2659 756 2713 nunquam
792 2644 860 2699 ad
899 2646 1121 2717 triginta
1155 2661 1331 2716 usque
1374 2654 1432 2701 et
1463 2647 1777 2717 sexaginta;
1810 2647 2052 2718 quando-

2159 2649 2326 2703 εἴκοσι
2375 2648 2466 2703 τὸν
2514 2647 2744 2723 ἀριθμὸν
2798 2648 3240 2719 ἀναιρουμένων,
3296 2648 3482 2702 ἄλλοτε
3529 2646 3587 2701 δὲ
3635 2645 3735 2719 οὐχ

481 2749 588 2802 que
619 2745 674 2790 et
706 2736 921 2792 centeni
954 2738 1053 2792 viri
1085 2738 1251 2815 simul
1279 2754 1344 2793 ac
1375 2739 1630 2795 mulieres
1657 2754 1778 2795 cum
1812 2742 2050 2811 parvulis

2159 2734 2313 2812 ἧττον
2337 2739 2431 2793 καλ⁵
2459 2739 2768 2811 τριάκοντα,
2789 2738 2891 2810 ήδη
2922 2739 2980 2792 δὲ
3009 2737 3173 2808 ἐγγύς
3204 2755 3305 2791 που
3328 2737 3423 2792 καὶ
3450 2736 3733 2808 ἐξήκοντα,

483 2841 595 2881 uno
638 2827 726 2882 die
777 2828 1237 2894 interﬁcerentur,
1273 2831 1439 2886 variis
1474 2846 1538 2887 ac
1570 2847 1668 2901 per
1707 2834 1854 2888 vices
1881 2833 2049 2888 alter-

2159 2832 2250 2887 xui.
2301 2832 2462 2886 πάλιν
2506 2831 2693 2885 ἄλλοτε
2728 2830 2920 2884 ἑκατὸν
2958 2833 3016 2884 ὲν
3049 2830 3231 2902 ἡμέρᾳ
3266 2832 3365 2902 μιᾷ
3396 2830 3587 2899 ἄνδρες
3618 2828 3736 2899 ἃμα

480 2918 629 2975 natis
674 2918 955 2989 suppliciis
1004 2920 1224 2976 addicti.
1260 2920 1374 2977 Nos
1423 2937 1640 2993 quoque
1682 2939 1805 2979 cum
1842 2925 1894 2979 in
1946 2924 2055 2982 illis

2159 2923 2348 2995 κομιδῆ
2377 2923 2590 2995 νηπίοις
2610 2923 2705 2977 καὶ
2730 2922 2972 2992 γυναιξὶν
2998 2922 3317 2987 ἐκτείνοντο,
3347 2922 3618 2984 ποικίλαις
3643 2920 3738 2976 καὶ

475 3012 724 3081 partibus
758 3012 1100 3083 degeremus,
1130 3028 1295 3083 quam
1326 3014 1586 3084 plurimos
1609 3016 1903 3071 acervatim
1945 3032 2055 3073 uno

2159 3015 2603 3081 ἐναλλαττοὺσαις
2633 3016 2923 3087 τιμωρίαις
2949 3012 3453 3086 καταδικαζόμενοι.
3497 3015 3738 3085 ’ἱστορή-

479 3104 570 3160 die
618 3125 630 3161 :
686 3104 823 3160 alios
866 3106 1085 3175 quidem
1127 3106 1308 3175 capite
1358 3116 1682 3172 truncatus,
1737 3109 1874 3167 alios
1931 3127 2056 3169 vero

2159 3125 2331 3180 σαμεν
2376 3108 2433 3162 δὲ
2470 3108 2566 3162 κα)⁵
2608 3107 2764 3161 αὑτοὶ
2791 3106 2902 3178 (22)
2938 3106 3030 3159 ἐπὶ
3070 3106 3179 3160 τῶν
3221 3107 3399 3159 τόπων
3433 3105 3737 3175 γενόμενοι,

476 3193 714 3255 ﬂammis
766 3197 995 3252 traditos
1029 3197 1288 3253 vidimus.
1323 3199 1472 3253 Adeo
1516 3207 1582 3254 ut
1612 3199 1777 3271 gladii
1813 3202 1916 3271 ipsi
1962 3203 2055 3260 he-

2159 3199 2375 3265 πλείους
2401 3200 2613 3271 ἀθρόως
2640 3198 2781 3254 κατά
2814 3199 2943 3270 μίαν
2977 3198 3209 3269 ἡμέραν,
3237 3199 3361 3253 τοὺς
3389 3197 3486 3269 μὲν
3518 3197 3617 3267 τῆς
3649 3212 3741 3250 κε-

477 3288 825 3354 betarentur,
867 3295 921 3343 et
968 3288 1178 3343 caedere
1222 3288 1454 3358 amplius
1487 3303 1595 3345 non
1626 3289 1868 3348 valentes
1900 3293 2055 3349 fran-

480 3392 778 3449 gerentur;
840 3380 1052 3452 ipsique
1097 3381 1389 3436 carnifices
1434 3381 1645 3438 viribus
1695 3382 2053 3453 fatiscentes,

478 3473 581 3528 sibi
614 3473 845 3528 invicem
879 3473 1256 3529 succederent.
1283 3473 1401 3542 Quo
1431 3475 1650 3545 quidem
1683 3487 1926 3549 tempore
1954 3479 2057 3533 mi-

477 3564 705 3620 rabilem
735 3566 787 3619 in
810 3566 1001 3634 primis
1036 3566 1202 3620 animi
1235 3568 1483 3623 ardorem
1509 3609 1526 3637 ,
1560 3564 1793 3639 vereque
1818 3570 2054 3637 divinam

477 3657 733 3711 virlttlem
781 3667 839 3712 et
885 3657 1230 3714 alacritatem
1283 3673 1475 3714 eorum
1529 3661 1620 3730 qui
1675 3663 1728 3716 in
1778 3663 2056 3719 Christum

480 3749 575 3803 Dei
608 3748 995 3814 crediderant,
1045 3750 1217 3805 oculis
1251 3752 1453 3805 nostris
1482 3753 1888 3822 conspeximus.
1933 3755 2059 3812 Ete-

479 3841 596 3896 nim
641 3839 862 3893 vixdum
892 3843 1159 3894 adversus
1194 3842 1401 3906 primos
1442 3841 1551 3896 lata
1596 3852 1712 3897 erat
1742 3848 2012 3902 sententia
2042 3887 2058 3913 ,

482 3947 606 3985 cum
650 3931 741 3985 alii
773 3930 992 3985 aliunde
1037 3936 1101 3988 ad
1136 3935 1373 3989 tribunal
1431 3932 1632 4004 judicis
1667 3940 2058 4007 prosilierunt,

480 4022 827 4079 Christianos
856 4038 975 4078 sese
1006 4024 1265 4080 confessi.
1309 4025 1376 4080 Et
1405 4028 1642 4095 pericula
1676 4030 1892 4099 quidem
1923 4047 2059 4085 cun-

480 4125 680 4183 ctaque
700 4114 1112 4169 multiformium
1144 4123 1538 4172 tormentorum
1566 4135 1761 4190 genera
1787 4122 1936 4191 parvi
1962 4123 2063 4178 du-

481 4205 680 4260 eebant
713 4207 992 4275 :supremi
1022 4222 1151 4262 vero
1190 4211 1432 4263 omnium
1468 4209 1718 4266 Numinis
1763 4213 1970 4268 cultum
2003 4214 2063 4268 li-

480 4300 611 4352 ltera
642 4313 777 4353 voce
812 4296 1017 4368 absque
1048 4299 1158 4355 ullo
1194 4311 1338 4354 metu
1371 4301 1798 4371 proﬁtebantur;
1850 4315 1903 4360 et
1936 4322 2059 4360 cum

480 4389 680 4459 gaudio
721 4399 885 4459 atque
916 4391 1217 4457 hilaritate,
1254 4393 1495 4447 ridentes
1521 4394 1813 4463 capitalem
1844 4407 2062 4451 senten-

483 4482 616 4534 tiam
667 4482 1014 4549 excipiebant
1057 4502 1069 4538 :
1119 4485 1254 4538 adeo
1302 4494 1362 4538 ut
1401 4484 1454 4538 in
1507 4484 1718 4541 laudem
1766 4487 2062 4544 conditoris

2157 3290 2332 3361 φαλῆς
2363 3290 2640 3362 ἀποτομὴν
2671 3290 3098 3361 ὑπομείναντας,
3132 3290 3257 3354 τοὺς
3283 3288 3338 3342 δέ
3373 3288 3471 3360 τὴν
3512 3288 3598 3341 διὰ
3633 3303 3738 3341 πυ·-

2157 3382 2253 3456 ρὸς
2295 3383 2563 3453 τιμωρίαν
2582 3400 2596 3414 ·
2645 3382 2721 3447 ὡς
2748 3381 3117 3453 ἀμϐλύνεσθαι
3148 3379 3439 3450 φονεύοντα
3468 3380 3560 3433 τὸν
3588 3377 3739 3451 σίδη-

2158 3493 2285 3549 ρον,
2317 3474 2613 3530 ἀτονοῦντά
2636 3491 2695 3528 τε
2721 3472 3041 3528 διαθλᾶσθαι
3061 3514 3074 3538 ,
3107 3471 3302 3535 αὐτούς
3331 3489 3391 3525 τε
3427 3472 3553 3534 τοὺς
3588 3471 3743 3523 ἀναι-

2159 3568 2385 3644 ροῦντας
2429 3569 2877 3641 ἀποκάμνοντας,
2926 3565 3217 3638 ἀμοιϐαδὸν
3259 3564 3520 3635 ἀλλήλους
3564 3561 3742 3616 διαδέ-

2156 3662 2370 3735 χεσθαι.
2404 3664 2534 3717 Ὅτε
2565 3664 2658 3718 καὶ
2687 3662 3147 3734 θαυμασιωτάτην
3175 3660 3371 3732 ὁρμὴν,
3397 3657 3547 3712 Θείαν
3577 3674 3636 3710 τε
3664 3657 3741 3723 ὡς

2158 3757 2374 3826 ἀληθῶς
2403 3756 2631 3827 δύναμιν
2664 3757 2759 3809 κα)⁸
2786 3754 3095 3826 προθυμίαν
3133 3751 3239 3804 τῶν
3275 3752 3355 3813 είς
3386 3750 3476 3803 τὸν
3507 3748 3742 3820 Χριστὸν

2159 3847 2251 3901 τοῦ
2284 3848 2419 3901 Θεοῦ
2447 3846 2887 3900 πεπιστευκότων
2916 3843 3290 3914 συνεωρῶμεν.
3330 3842 3479 3911 Ἅμα
3516 3841 3645 3908 γοῦν
3673 3842 3739 3912 τῇ

2160 3938 2304 3993 κατά
2346 3938 2455 3993 τῶν
2500 3938 2778 4011 προτέρων
2824 3936 3130 4006 ἀποφάσει,
3185 3933 3472 4003 ἐπεπήδων
3523 3931 3744 3988 ἄλλοθεν

2160 4031 2307 4087 ἄλλοι
2352 4030 2431 4102 τῷ
2478 4031 2585 4102 πρὸ
2624 4029 2717 4083 τοῦ
2758 4027 3013 4083 δικαστοῦ
3054 4028 3255 4098 βήματι
3288 4026 3435 4092 (25),
3479 4026 3741 4096 Χριστιαέ

2161 4124 2283 4187 νοῦς
2319 4123 2458 4192 σφᾶς
2501 4120 2886 4193 ὁμολογοῦντες
2909 4161 2923 4185 ,
2966 4120 3332 4191 ἀφροντίστως
3367 4119 3466 4189 μὲν
3507 4116 3642 4187 πρὸς
3674 4116 3742 4169 τὰ

2160 4211 2310 4267 δεινά
2340 4212 2433 4267 καὶ
2458 4213 2584 4275 τοὺς
2612 4211 2719 4264 τῶν
2753 4208 3043 4263 πολυειδῶν
3076 4208 3321 4278 βασάνων
3361 4206 3596 4278 τρόπους
3625 4206 3714 4258 δια
3732 4233 3743 4244 -

2163 4304 2423 4374 κείμενοι,
2453 4302 2887 4371 ἀκαταπλήκτως
2926 4300 2984 4353 δὲ
3026 4298 3524 4371 παρρησιαζόμενοι
3554 4298 3647 4351 ἐπὶ
3673 4298 3740 4368 τῇ

2162 4398 2243 4458 είς
2267 4395 2358 4449 τὸν
2390 4394 2498 4447 τῶν
2526 4394 2662 4447 ὅλων
2689 4392 2821 4446 Θεὸν
2845 4392 3122 4463 εὐσεϐείᾳ,
3166 4392 3305 4461 μετά
3339 4408 3398 4444 τε
3439 4392 3617 4461 χαρᾶς
3647 4386 3744 4441 καὶ

2164 4487 2398 4556 γέλωτος
2429 4488 2524 4540 καὶ
2563 4484 2897 4556 εὐφροσύνης
2936 4485 3033 4556 τὴν
3068 4486 3302 4556 ὑστάτην
3333 4483 3607 4551 ἀπόφασιν
3647 4478 3740 4534 τοῦ

480 4575 725 4629 omnium
773 4574 867 4631 Dei
907 4576 1139 4646 psalmos
1172 4578 1512 4648 hymnosque
1543 4588 1597 4633 et
1632 4581 1930 4647 gratiarum
1968 4598 2061 4636 ac-

2166 4580 2397 4635 θανάτου
2445 4579 2900 4649 καταδεχόμενοι,
2938 4578 3077 4631 ὥστε
3120 4577 3373 4647 ψάλλειν,
3413 4576 3506 4629 καὶ
3541 4573 3744 4644 ὕμνους

481 4666 663 4721 tiones
717 4667 782 4721 ad
814 4678 1119 4724 extremum
1170 4685 1343 4737 usque
1393 4671 1643 4738 spiritum
1686 4673 2056 4730 concinerent.

483 4757 553 4811 Et
586 4758 639 4811 lii
682 4759 898 4827 quidem
947 4760 1305 4817 admiratione
1353 4763 1597 4831 profecto
1636 4762 1783 4832 digni
1831 4765 2056 4817 exstite-

482 4857 631 4902 runt.
670 4846 869 4902 Verum
922 4849 961 4905 ii
995 4851 1289 4906 maximam
1328 4867 1442 4922 pra:
1479 4854 1692 4908 cunctis
1734 4853 1945 4907 laudem
1976 4865 2061 4909 at-

484 4953 592 5008 que
620 4939 1029 4995 admirationem
1075 4951 1374 5010 merentur,
1402 4944 1495 5013 qui
1529 4944 1721 5012 opibus
1755 4958 1821 4998 ac
1858 4944 2063 5000 nobili-

487 5044 604 5090 tate
652 5032 922 5105 pollentes
946 5074 962 5101 ,
1008 5044 1064 5090 et
1097 5035 1167 5092 ob
1201 5037 1565 5108 eloquentiam
1608 5053 1673 5093 ac
1704 5036 2063 5108 philosophia:

560 5222 949 5293 (2|)Amépea.
995 5221 1356 5279 Monstrosam
1401 5223 1684 5279 lectionem
1716 5224 1807 5278 hic
1843 5225 2067 5279 exhibet

483 5296 855 5364 Nicephorius:
887 5310 951 5347 ex
997 5308 1105 5362 quo
1148 5304 1370 5364 apparet
1404 5294 1566 5364 illum,
1597 5295 2067 5364 depravatissitnis

487 5363 1024 5437 rliusebii_codicibus
1077 5379 1231 5418 usum
1291 5363 1481 5437 fuisse.
1528 5363 1801 5432 Nam’pro
1827 5364 2064 5437 διαέρια,

486 5436 654 5494 habet.
689 5430 780 5490 οἶά
805 5452 925 5489 τινα
952 5437 1142 5505 ἱερεῖα,
1171 5435 1514 5505 ιιιιοὰεεηςιι
1542 5430 1717 5505 caret.

560 5507 675 5576 (22)
707 5503 1129 5574 Ἰστορήσάμεν
1158 5503 1226 5576 δὲ
1249 5503 1348 5557 καὶ
1377 5504 1566 5558 αὐτοί.
1598 5505 1672 5558 Ex
1703 5505 1804 5576 hoc
1837 5504 1957 5558 loco
1988 5505 2072 5576 (Ιίτ

486 5573 714 5641 scimus,
747 5573 1036 5633 Eusebium
1069 5576 1119 5628 in
1146 5573 1385 5644 Egypto
1406 5573 1901 5644 versatumrl'nisse,
1924 5575 2067 5643 quod

488 5647 653 5699 t-tiam
676 5657 909 5703 testatur
933 5642 1563 5701 Tlteodorus‘Metochita
1594 5646 1645 5698 in
1676 5642 2020 5697 Collectaneis
2048 5658 2068 5697 :

491 5731 599 5787 quo
615 5718 730 5771 loco
753 5717 1003 5771 observat
1018 5730 1207 5787 (ληηιος
1226 5729 1332 5768 non
1352 5714 1508 5787 modo
1535 5713 1821 5787 Egyptios
1840 5755 1855 5781 ,
1884 5730 2068 5768 verum

492 5784 653 5844 ctiam
686 5801 777 5843 eos
798 5788 886 5859 qui
914 5787 964 5841 in
1005 5784 1239 5860 Egypto
1261 5785 1460 5843 versati
1484 5784 1907 5853 sunt,'intricata
1932 5799 2068 5858 qua-

2163 4672 2259 4726 καὶ
2290 4671 2636 4743 εὐχαριστίας
2674 4671 2754 4733 είς
2791 4669 2881 4722 τὸν
2923 4668 3031 4721 τῶν
3079 4668 3215 4721 ὅλων
3242 4666 3376 4719 Θεὸν
3422 4664 3615 4735 μέχρις
3644 4664 3744 4717 αὑ·-

2162 4761 2265 4831 τῆς
2313 4761 2549 4832 ἐσχάτης
2584 4759 2930 4829 ἀναπέμπειν
2972 4757 3263 4827 ἀναπνοῆς.
3306 4755 3607 4825 Θαυμάσιοι
3647 4752 3746 4823 μὲν

2162 4834 2257 4909 οὖν
2299 4855 2394 4908 καὶ
2427 4848 2599 4908 οὗτοι·
2634 4851 2924 4925 ἐξαιρέτως
2965 4850 3021 4903 δὲ
3051 4851 3245 4903 ἐκεῖνοι
3283 4847 3743 4918 θαυμασιώτεροι,

2163 4950 2213 5001 oi
2249 4946 2464 5016 πλούτῳ
2510 4945 2609 5015 μὲν
2648 4945 2742 4998 καὶ
2773 4943 3021 5014 εὐγενείᾳ
3051 4943 3145 4995 καὶ
3181 4940 3330 5014 δόξῃ,
3365 4940 3508 5010 λόγῳ
3547 4957 3608 4992 τε
3652 4937 3747 4992 καὶ

2167 5039 2454 5110 φιλοσοφίᾳ
2478 5037 2903 5110 διαπρέψαντες,
2946 5034 3123 5089 πάντα
3156 5049 3221 5102 γε
3256 5031 3363 5105 μὴν
3391 5030 3617 5104 δεύτερα
3654 5029 3744 5085 θέ-

2176 5226 2297 5279 dam
2330 5234 2383 5280 ct
2428 5227 2655 5281 obscura
2695 5227 2930 5281 dictione
2978 5226 3033 5281 in
3065 5226 3352 5281 scribendo
3400 5238 3529 5278 usus
3558 5223 3746 5279 fuisse.

2174 5294 2322 5350 Inter
2349 5312 2487 5365 quos
2534 5313 2641 5353 non
2696 5306 2971 5367 postremo
3015 5297 3132 5353 loco
3172 5305 3417 5353 recenset
3456 5292 3748 5350 Eusebium

2176 5376 2441 5422 DOSH'IIIII.

2248 5437 2362 5506 (εὖ)
2403 5438 2487 5503 Τῷ
2504 5437 2616 5505 πρὸ
2645 5435 2751 5490 τοῦ
2778 5434 3323 5504 δικαστοῦβὴματι.
3355 5434 3486 5489 Mira
3522 5430 3745 5506 locutio,

2177 5503 2410 5560 tribunal
2436 5503 2575 5574 quod
2618 5520 2702 5560 est
2724 5518 2850 5561 ante
2884 5508 3143 5577 judicent.
3168 5503 3338 5577 Bima
3365 5520 3496 5577 ergo
3520 5503 3750 5577 sumitur

2178 5524 2410 5560 trtuunat
2436 5524 2575 5574 qtlml
2618 5524 2702 5560 est
2724 5524 2850 5561 ante
2912 5524 3143 5561 ootcem.
3178 5524 3338 5577 υημα
3365 5524 3496 5574 ergo
3520 5524 3750 5556 smnuur

2178 5593 2275 5646 pro
2293 5578 2547 5642 gradibus
2568 5524 3026 5631 tribunalisilinc
3041 5576 3206 5644 judcx
3225 5580 3412 5631 sedere
3430 5575 3626 5646 dicitur
3643 5568 3751 5642 πρὸ

2175 5644 2269 5718 τοῦ
2301 5646 2578 5718 βήματος,Δ
2601 5647 2653 5700 id
2682 5660 2788 5718 est.
2828 5647 3226 5718 proAtribunali,
3259 5646 3341 5701 vel
3377 5660 3474 5716 pro
3506 5644 3747 5698 tribuna-

2176 5715 2336 5786 libus,
2356 5715 2427 5773 ἰιι
2455 5717 2543 5774 hic
2565 5715 2804 5788 loquitur
2828 5715 3078 5774 Ruﬁnus.
