4220 6434
464 432 572 486 765

1416 431 1769 491 HISTORIA}
1809 433 2375 491 ECCLESIASTICJE
2416 435 2545 491 LIB.
2586 433 2725 489 VIII.

3626 425 3731 484 768

462 548 713 622 φονεῦσιν
750 549 842 603 ἐπὶ
869 548 978 605 τῶν
1007 550 1255 623 πλευρῶν
1292 551 1451 623 μόνον
1471 592 1486 617 ,
1526 553 1663 608 ἀλλὰ
1690 555 1783 608 καὶ
1813 557 1913 625 τῆς
1940 571 2031 623 γα-

2102 576 2114 612 ι
2143 565 2264 628 post
2289 567 2496 625 tergum
2528 556 2787 611 revinctis
2808 595 2823 620 ,
2848 557 2915 610 ad
2944 553 3181 623 stipitem
3212 550 3680 621 suspendebantur
3706 565 3724 601 :

463 641 623 712 στρδς
648 640 741 692 καὶ
764 640 987 711 κνημῶν
1018 641 1113 694 καὶ
1136 641 1381 713 παρειῶν
1410 646 1522 706 τοῖς
1546 643 1905 714 ἀμυντηρίοις
1927 644 2049 697 ἐκό-

460 730 621 794 λαζον
639 729 772 799 (52)·
792 729 967 800 ἕτεροι
990 730 1047 784 δὲ
1074 730 1182 784 ἀπὸ
1202 732 1300 801 τῆς
1327 733 1488 794 στοᾶς
1516 735 1643 802 μιᾶς
1668 732 1850 802 χειρὸς
1882 730 2048 801 ἐξηρ-

459 822 684 893 τημένοι
714 820 1012 893 αἰωροῦντο
1032 862 1046 887 ,
1078 822 1257 893 πάσης
1288 822 1578 891 ἀλγηδόνος
1612 818 1920 893 δεινοτέραν
1949 822 2048 892 τὴν

460 916 567 969 ἀπὸ
604 915 712 968 τῶν
741 914 955 986 ἄρθρων
991 915 1084 967 καὶ
1125 913 1303 985 μελῶν
1333 914 1490 969 τάσιν
1520 914 1734 985 ἔχοντες
1757 932 1769 945 ·
1800 915 1948 969 ἄλλοι
1988 917 2047 970 δὲ

460 1009 596 1079 πρὸς
630 1011 742 1071 τοῖς
780 1009 954 1060 κίοσιν
982 1008 1387 1079 ἀντιπρόσωποι
1415 1008 1656 1069 ἐδοῦντο,
1688 1011 1749 1062 οὐ
1788 1008 2046 1080 βεϐηκόσι

457 1102 571 1161 τοῖς
602 1100 749 1164 ποσὶ,
774 1099 851 1170 τῷ
883 1099 938 1152 δὲ
971 1098 1126 1171 βάρει
1147 1100 1240 1153 τοῦ
1267 1099 1516 1171 σώματος
1543 1099 1876 1171 βιαζομένων
1907 1102 2045 1172 μετὰ

455 1191 664 1256 τάσεως
701 1192 1073 1261 ἀνελκομένων
1104 1192 1213 1246 τῶν
1251 1192 1484 1263 δεσμῶν.
1528 1194 1634 1246 Καὶ
1660 1194 1806 1249 τοῦθ’
1833 1194 2044 1265 ὑπέμε-

457 1298 567 1345 νον,
610 1284 710 1336 ούκ
736 1285 820 1354 ἐφ’
849 1285 970 1338 ὅσον
1001 1283 1437 1356 προσδιελέγετο,
1469 1286 1580 1338 οὐδ’
1603 1287 1785 1350 αὐτοῖς
1816 1287 2042 1356 ἐσχόλα-

458 1373 549 1439 ζεν
593 1375 621 1426 ό
663 1374 908 1446 ἡγεμὼν,
941 1375 1077 1429 ἀλλά
1113 1375 1395 1445 μονονουχὶ
1430 1375 1496 1429 δι’
1523 1376 1651 1446 ὅλης
1678 1378 1777 1448 τῆς
1805 1378 2040 1449 ἡμέρας.

459 1464 587 1516 Ὅτε
629 1464 736 1535 γὰρ
774 1466 868 1518 καὶ
896 1467 980 1534 ἐφ’
1009 1466 1227 1537 ἐτέρους
1272 1466 1587 1537 μετέϐαινε,
1618 1469 1729 1531 τοῖς
1756 1467 2044 1539 προτέροις

455 1555 852 1627 κατελίμπανεν
879 1557 1183 1630 ἐφεδρεύειν
1209 1560 1334 1622 τοὺς
1358 1560 1425 1629 τῇ
1468 1557 1687 1629 ἐξουσίᾳ
1724 1558 1889 1611 αὐτοῦ
1943 1559 2044 1612 ὐπ-

451 1648 849 1717 ηρετουμένους
871 1650 980 1721 (55)
1001 1688 1016 1712 ,
1046 1650 1101 1703 εἴ
1129 1667 1230 1703 που
1263 1667 1346 1713 τις
1370 1649 1622 1721 ἡττηθεὶς
1654 1649 1767 1703 τῶν
1795 1648 2043 1719 βασάνων

452 1738 707 1793 ἐνδιδόναι
735 1740 929 1803 ἐδόκει,
960 1742 1193 1810 ἀφειδῶς
1220 1742 1277 1795 δὲ
1308 1740 1547 1796 κελεύων
1571 1742 1663 1795 καὶ
1688 1744 1800 1805 τοῖς
1823 1743 2043 1808 δεσμοῖς

451 1832 731 1903 προσιέναι
762 1832 872 1903 (54)
892 1875 907 1899 ,
941 1834 1033 1887 καὶ
1065 1835 1201 1905 μετὰ
1230 1834 1403 1889 ταῦτα
1430 1833 1915 1906 ψυχορῤαγοῦντας
1943 1835 2040 1887 αῦ-

2149 664 2213 702 ac
2239 649 2437 703 deinde
2465 648 2718 702 universa
2751 646 3001 716 corporis
3033 645 3279 699 membra
3314 643 3583 699 machinis
3606 645 3729 713 qui-

2147 740 2373 795 busdam
2400 739 2872 795 distendebantur.
2904 737 3153 793 Posthmc
3182 745 3419 801 tortores
3458 736 3615 806 jussu
3638 734 3728 804 ju-

2148 834 2283 890 dicis
2317 834 2571 887 universo
2598 833 2813 902 corpori
2843 849 2858 896 ;
2903 846 3077 899 neque
3122 841 3180 883 ut
3225 829 3509 883 homicidis
3539 829 3722 895 solet,

2147 924 2407 980 lateribus
2438 924 2703 978 duntaxat
2736 941 2750 977 :
2781 922 2874 976 sed
2902 922 3065 976 etiam
3109 920 3321 986 ventri,
3352 919 3626 984 cruribus,
3659 933 3725 974 ac

2146 1017 2299 1087 genis
2325 1016 2600 1069 cruciatus
2637 1015 2832 1068 ferreis
2858 1013 3074 1083 ungulis
3099 1013 3451 1067 adhibebant.
3488 1011 3721 1077 Quidam

2148 1108 2320 1162 altera
2348 1122 2508 1160 manu
2534 1105 2602 1160 ad
2636 1105 2910 1175 porticum
2947 1104 3200 1174 suspendi
3234 1104 3572 1173 pendebant;
3603 1103 3723 1172 qui-

2146 1199 2246 1254 bus
2277 1198 2629 1254 articulorum
2660 1198 3141 1264 membrorumque
3175 1195 3418 1249 omnium
3454 1195 3720 1250 distensio

2145 1290 2337 1359 quOVis
2363 1291 2610 1346 cruciatu
2653 1295 2774 1344 erat
2817 1287 3092 1342 acerbior.
3127 1286 3231 1339 Alii
3265 1287 3506 1343 vultibus
3556 1287 3609 1340 in
3658 1299 3720 1340 se

2145 1390 2335 1433 mutuo
2358 1378 2639 1435 conversis
2665 1377 2733 1431 ad
2758 1376 3043 1431 columnas
3082 1375 3466 1445 alligabantur,
3494 1376 3721 1445 pedibus

2144 1468 2315 1523 solum
2360 1482 2467 1522 non
2501 1464 2979 1536 contingentibus;
3025 1465 3161 1519 adeo
3191 1473 3249 1518 ut
3278 1465 3495 1520 vincula
3536 1464 3720 1534 gravi-

2142 1570 2255 1616 tatc
2282 1575 2567 1629 corporum
2598 1559 2817 1621 adacta,
2850 1560 3033 1613 acrius
3063 1557 3505 1612 intenderentur.
3536 1557 3717 1625 Atque

2142 1653 2196 1708 id
2241 1653 2549 1708 tolerabant
2590 1665 2695 1705 non
2741 1653 2916 1707 solum
2953 1650 3194 1721 quandiu
3222 1664 3423 1720 praeses
3457 1663 3552 1704 eos
3582 1648 3719 1708 allo:

2143 1742 2428 1811 qnebatur,
2477 1751 2571 1794 aut
2621 1742 2911 1798 audiendis
2964 1742 3098 1811 ipsis
3135 1741 3405 1806 vacabat;
3458 1741 3552 1795 sed
3606 1749 3717 1795 toto

2144 1834 2529 1903 propemodum
2581 1834 2692 1889 die.
2757 1832 2891 1888 Nam
2954 1834 3044 1889 ubi
3103 1834 3171 1889 ad
3226 1833 3362 1889 alios
3416 1833 3717 1888 audiendos

448 1896 576 1987 τοὺς
612 1896 1077 1995 κατατιθεμένους·
1105 1928 1185 1991 είς
1228 1925 1328 1998 τὴν
1357 1896 1462 1998 γῆν
1504 1896 1789 1979 έλκεσθηαι·
1833 1896 2031 1997 οὐτγάρ

2102 1899 2473 1987 ιιιιιιιείθιιιι,
2521 1925 2807 1980 ministros
2849 1923 3009 1980 cilicii
3059 1925 3143 1979 sui
3192 1924 3576 1995 relinquebat,
3620 1924 3715 1995 qui

448 2008 586 2067 εἶναι
622 2013 724 2067 κᾶν
770 2015 935 2087 μέρος
975 2017 1161 2079 αὐτοῖς
1191 2017 1470 2087 φροντίδος
1505 2017 1634 2089 περὶ
1672 2014 1853 2088 ἡμῶν.
1894 2015 2035 2069 Ἀλλ’

446 2105 590 2159 οὕτω
647 2106 863 2160 ἐδόκουν
911 2106 1235 2161 διανοεῖσθαι
1279 2107 1414 2178 (55),
1474 2108 1570 2161 xui.
1616 2107 1912 2179 πράττειν,
1959 2106 2037 2170 ὡς

450 2198 642 2269 μηκέτ’
666 2198 856 2261 ὄντων,
883 2198 1088 2270 ταύτην
1109 2200 1367 2272 δευτέραν
1394 2200 1626 2270 βάσανον
1653 2200 1764 2270 (³56)
1794 2200 1886 2253 ἐπὶ
1913 2203 2035 2264 ταῖς

447 2292 682 2363 πληγαῖς
722 2292 831 2346 τῶν
876 2292 1212 2346 ὑπεναντίων
1251 2292 1614 2364 ἐφευρόντων.
1660 2287 1843 2346 τΗσιιν
1885 2291 1943 2345 δὲ
1983 2292 2035 2345 οἳ

382 2424 387 2431 .
412 2394 416 2399 ‘
446 2385 541 2436 καὶ
568 2382 705 2453 μετὰ
730 2385 857 2446 τοὺς
885 2384 1178 2454 αἰκισμοὺς
1207 2384 1299 2437 ἐπὶ
1328 2383 1420 2436 τοῦ
1454 2382 1610 2447 ξύλου
1644 2383 1889 2455 κείμενοι
1920 2382 2033 2453 (57)

443 2472 532 2526 διὰ
565 2473 675 2526 τῶν
698 2474 980 2546 τεσσάρων
1007 2474 1155 2528 ὀπῶν
1180 2474 1551 2545 διατεταμένοι
1579 2472 1747 2544 ἄμφω
1774 2474 1853 2526 τὼ
1882 2474 2031 2538 πόδε,

443 2557 522 2626 οἷς
547 2563 640 2617 καὶ
679 2564 798 2618 κατ’
827 2565 1070 2636 ἀνάγκην
1114 2567 1311 2630 αὐτοὺς
1346 2567 1441 2619 ἐπὶ
1484 2564 1581 2620 τοῦ
1620 2564 1778 2630 ξύλου
1811 2564 2036 2629 ὑπτίους

442 2648 601 2717 εἶναι,
633 2654 706 2726 μὴ
728 2656 1059 2728 δυναμένους
1085 2656 1174 2710 διὰ
1203 2657 1264 2711 τὸ
1288 2656 1486 2711 ἔναυλα
1511 2657 1580 2711 τὰ
1608 2656 1898 2729 τραύματα
1925 2656 2034 2710 ἀπὸ

441 2743 548 2798 τῶν
578 2745 801 2817 πληγῶν
848 2747 969 2801 καθ’
998 2748 1121 2802 ὅλου
1152 2747 1246 2801 τοῦ
1278 2749 1530 2819 σώματος
1558 2750 1732 2819 ἔχειν*
1771 2747 1948 2820 ἕτεροι
1974 2747 2033 2801 δὲ

439 2838 520 2899 εἰς
546 2836 808 2907 τοῦδαφος
826 2839 1084 2909 ῥιφέντες
1105 2879 1120 2902 ,
1151 2839 1358 2893 ἔκειντο
1384 2840 1490 2894 ὑπ’)
1521 2843 1619 2911 τῆς
1646 2839 1753 2893 τῶν
1783 2838 2034 2910 βασάνων

438 2928 639 2998 ἀθρόας
667 2930 992 3002 προσϐολῆς,
1019 2931 1324 3005 δεινοτέραν
1350 2932 1451 3003 τὴν
1475 2931 1598 3002 ὄψιν
1619 2934 1716 3003 τῆς
1746 2931 2032 3003 ἐνεργείας

437 3024 551 3084 τοῖς
597 3022 768 3092 ὁρῶσι
814 3022 1176 3094 παρέχοντες,
1222 3025 1473 3087 ποικίλας
1517 3024 1612 3078 κα)¹
1648 3022 1939 3096 διαφόρους
1970 3024 2030 3077 ἐν

435 3114 549 3175 τοῖς
595 3112 810 3183 σώμασι
855 3114 1113 3187 φέροντες
1164 3115 1274 3169 τῶν
1317 3117 1567 3188 βασάνων
1612 3116 1712 3180 τὰς
1760 3115 2024 3180 ἐπινοίας.

436 3201 652 3306 Τούτων
683 3203 856 3269 οὕτως
905 3206 1164 3276 ἐχόντων,
1206 3210 1256 3262 οἱ
1309 3209 1408 3278 μὲν
1453 3207 1858 3280 ἐναπέθνησκον
1903 3209 2025 3273 ταῖς
2049 3246 2095 3306 c

438 3287 727 3359 βασάνοις,
768 3296 832 3364 τῇ
871 3296 1137 3368 καρτερίᾳ
1179 3296 1640 3368 καταισχύναντες
1668 3297 1761 3351 τὸν
1793 3297 2026 3352 ἀντίπα-

435 3381 562 3435 λον’
603 3385 654 3437 oi
686 3384 744 3437 δὲ
787 3384 1081 3456 ἡμιθνῆτες
1113 3388 1170 3440 ἐν
1211 3386 1290 3457 τῷ
1330 3387 1692 3459 δεσμωτηρίῳ
1739 3387 2025 3456 συγκλειό-

440 3489 611 3542 μενοι,
648 3476 761 3545 μετ’
783 3476 844 3528 οὐ
875 3476 1074 3540 πολλὰς
1103 3476 1320 3548 ἡμέρας
1353 3480 1475 3541 ταῖς
1508 3479 1765 3549 ἀλγηδόσι
1806 3481 2027 3551 συνεχό-

438 3579 589 3632 μενοι
620 3564 952 3619 ἐτελειοῦντο
978 3606 991 3627 ,
1021 3567 1071 3619 οἱ
1115 3567 1173 3620 δέ
1214 3568 1393 3624 λοιποὶ
1420 3568 1522 3640 τῆς
1556 3569 1853 3641 θεραπείας
1892 3572 2024 3625 ἀνα-

435 3654 682 3724 κτήσεως
719 3656 1008 3727 τυχόντες,
1054 3658 1132 3731 τῷ
1174 3659 1352 3731 χρόνῳ
1390 3662 1486 3714 καὶ
1518 3665 1584 3733 τῇ
1629 3662 1730 3732 τῆς
1771 3663 2021 3734 φυλακῆς

432 3742 678 3816 διατριϐῇ
709 3745 1143 3821 θαρσαλεώτεροι
1174 3749 1471 3818 ἐγίγνοντο.
1509 3752 1665 3805 Οῦτω
1699 3753 1831 3821 γοῦν
1858 3754 2021 3826 ἡνίκα

434 3836 853 3907 προσετέτακτο,
894 3838 1159 3906 αἱρέσεως
1184 3841 1444 3912 κειμένης
1472 3842 1506 3915 ἦ
1542 3845 1893 3917 ἐφαψάμενον
1922 3848 2023 3919 τῆς

433 3927 662 3995 ἐναγοῦς
718 3927 909 4012 θυσίας
955 3931 1311 4004 ἀνενόχλητον
1361 3931 1503 3989 εἶναι
1529 3976 1544 4002 ,
1597 3939 1699 4008 τῆς
1744 3939 2018 4010 ἐπαράτου

431 4015 746 4089 ἐλευθερίας
777 4019 887 4091 (38)
931 4023 1064 4093 παρ’
1096 4023 1274 4080 αὐτῶν
1312 4025 1580 4096 τυχόντα,
1621 4027 1656 4101 ἢ
1694 4026 1769 4100 μὴ
1802 4027 2018 4097 θύοντα,

504 4171 618 4249 (32)
662 4173 1064 4249 ’Apmfrnplotc
1103 4175 1413 4249 ἐκόλαζον.
1451 4178 1792 4249 Nicephorus
1828 4196 2020 4239 emen-

435 4242 526 4323 dat
569 4244 927 4323 ἀμυντηρίοις
973 4245 1075 4309 τὰς
1130 4247 1403 4323 κολάσεις.
1465 4242 1631 4306 [lecte
1675 4264 1735 4306 ut
1765 4262 2015 4323 apparet.

444 4312 1006 4394 ’Apuvrﬂprat'autem
1051 4326 1181 4394 sunt
1233 4312 1464 4394 ungulae,
1511 4330 1572 4394 ut
1609 4331 1758 4394 recte
1787 4312 2018 4378 Ruﬁnus

433 4384 617 4437 vertit.
650 4384 1466 4462 Videnturtamenﬁpuvrﬁpta
1491 4391 1690 4461 aliquid
1732 4394 1853 4459 plus
1891 4408 2017 4448 esse

432 4466 593 4536 quam
651 4454 880 4536 ungulae.
919 4454 1054 4536 Nam
1106 4454 1409 4536 Hesychius
1447 4454 1803 4536 ἀμυντήριον,
1861 4461 2017 4532 ξίφος

429 4519 1112 4603 δίστομον.ιιιιθιρτθιιιιιιιῇ,
1147 4528 1196 4581 id
1214 4519 1582 4603 'est,gladiiun
1604 4519 2014 4601 utriuque'acu:

432 4599 573 4673 tum‘;
599 4594 736 4673 etin
759 4594 868 4673 hoc
891 4594 1468 4673 crudelitasjudiéum
1500 4612 1735 4673 notatur.
1764 4594 1854 4672 qui
1900 4619 2005 4656 non

432 4663 667 4713 contenti
695 4663 1028 4733 simplicibus
1056 4663 1295 4733 ungulis,
1324 4671 1606 4726 novaculis
1628 4673 1692 4725 ad
1732 4663 2010 4728 eiaranda

430 4740 741 4812 litat-(pulo.
775 4732 951 4812 latera
970 4732 1298 4812 tuebantur.

500 4799 613 4869 (55)
648 4799 793 4867 Τοὺς
801 4800 896 4881 Arii
927 4803 1750 4881 ἐξουσίᾳ-λύπηρετουμένους.
1780 4811 2012 4881 Appari-

430 4875 575 4951 tores
621 4886 714 4951 seu
760 4870 1019 4951 olliciales
1056 4870 1345 4951 intelligit:
1382 4882 1471 4946 qui
1504 4870 2007 4951 'pl‘:l:fet:'l0j\'tlgll-

426 4938 551 5022 stali
585 4940 1044 5022 obsequebantur.
1084 4945 1159 4998 De
1182 4938 1297 5022 huc
1324 4938 1475 5002 enim
1520 4938 1754 5022 loquitur
1790 4938 2008 5022 Philcas

425 5008 480 5087 in
519 5008 622 5087 hac
648 5010 901 5087 epistola,
933 5023 989 5087 et
1019 5015 1263 5087 ἡγεμόνα
1289 5032 1412 5071 eum
1439 5008 1614 5075 vocat'.
1646 5021 1818 5076 Porro
1855 5021 2007 5087 ἐξου-

424 5078 515 5162 σία
545 5077 737 5162 {crede
756 5077 1353 5162 majoribtis'judicibus
1369 5089 1588 5153 dicitur,
1610 5093 1700 5160 qui
1730 5077 2006 5147 habebant

416 5149 507 5230 jus
533 5149 904 5230 .glatlii;l_quac
950 5149 1144 5209 Latine
1168 5166 1412 5224 potestas
1446 5149 1773 5230 appellatur,
1824 5173 1884 5216 ut
1926 5163 2007 5217 ait

428 5217 871 5302 ylpianunguie
897 5238 1000 5277 vox
1031 5239 1098 5279 eo
1145 5217 1307 5302 sensu
1335 5217 1556 5302 saepius
1579 5217 1819 5286 occurrit
1859 5233 2001 5302 apud

419 5286 681 5371 {omnem
714 5286 1183 5371 Chrysosmmum.
1219 5286 1708 5371 Porrojyad'ectus
1739 5286 2001 5371 augusta-

420 5356 507 5420 lis,
533 5374 625 5440 ἐυ
673 5356 891 5440 quidem
933 5373 1350 5440 temporeerat
1386 5356 2004 5440 HlBPOCIBSLQIlgnlatl-

421 5429 640 5483 modum
695 5434 891 5488 scribit
942 5429 1280 5504 Epiphanius
1335 5439 1390 5491 in
1437 5440 1631 5495 liwresi
1670 5429 1999 5498 'Me'litiano-

419 5510 561 5551 tum.

482 5567 600 5651 (δὲ)
630 5568 762 5651 Τίοῗς
809 5570 1056 5651 δεσμοῖς
1102 5575 1438 5651 προσιέναι.
1483 5577 1633 5635 Nova
1668 5590 1725 5635 et
1755 5579 1998 5644 incolens

421 5639 552 5689 mihi
594 5640 808 5695 videtur
841 5639 955 5697 haec
990 5639 1219 5702 locutio.
1593 5687 1595 5690 ‹

457 5707 1093 5785 ’(55)ρῦτωλρδόκουνξ
1137 5715 1523 5773 διανοεῖσθαι.
1557 5718 1649 5774 Sic
1696 5723 1864 5776 nostri
1898 5737 1995 5778 co-

419 5773 761 5853 dicis-Ullam,
796 5780 941 5853 Med.
967 5797 1020 5838 et
1054 5784 1190 5842 Fuk.
1221 5787 1373 5853 Vulg.
1409 5773 1679 5844 οὕτωκαὶ
1708 5773 1848 5848 διαν.

491 5846 603 5917 (‘56)
639 5850 871 5922 Ταύτην
918 5852 1209 5927 δευτέραν
1250 5846 1552 5928 βάσανον.
1613 5846 1990 5932 Ιιιιριςιιιοιιοιιι

2140 2016 2415 2087 prioribus
2447 2015 2832 2083 imminerent;
2882 2016 2928 2071 si
2979 2016 3123 2071 forte
3158 2016 3280 2085 quis
3318 2025 3713 2072 tormentorum

2137 2107 2434 2162 acerbitate
2480 2106 2660 2163 victus
2701 2123 2732 2161 a
2762 2107 3045 2178 proposito
3079 2107 3384 2163 desciscere
3412 2108 3711 2164 videretur.

2135 2194 2468 2267 Juhebatque
2516 2210 2611 2252 eos
2657 2197 2870 2267 absque
2910 2197 3020 2252 ulla
3067 2197 3423 2253 miseratione
3472 2196 3714 2253 vinculis

2136 2287 2375 2357 stringi,
2421 2298 2476 2342 et
2527 2297 2710 2356 postea
2761 2303 2881 2342 cum
2924 2287 3037 2357 jam
3081 2288 3315 2341 animam
3352 2287 3711 2355 exhalarent,

2137 2378 2284 2433 humi
2316 2378 2556 2445 abiectos
2606 2379 2768 2434 trahi.
2800 2378 2986 2448 Neque
3037 2379 3182 2433 enim
3223 2378 3405 2434 aiebat
3429 2377 3515 2434 vel
3548 2377 3712 2451 mini-

2135 2486 2278 2524 mam
2328 2471 2499 2524 nostri
2553 2485 2743 2525 curam
2795 2470 3106 2526 habendam
3139 2483 3261 2526 esse
3297 2489 3314 2526 :
3356 2470 3451 2526 sed
3485 2479 3713 2526 cunctos

2132 2562 2214 2617 sic
2246 2560 2312 2631 de
2339 2562 2498 2617 nobis
2544 2562 2753 2617 sentire
2778 2602 2792 2626 ,
2824 2562 2904 2617 sic
2949 2577 3080 2632 erga
3126 2577 3226 2617 nos
3273 2576 3439 2632 agere
3468 2560 3667 2617 debere
3693 2601 3710 2626 ,

2132 2652 2290 2717 quasi
2326 2668 2432 2707 non
2467 2652 2701 2722 amplius
2735 2652 2988 2711 hormines
3014 2667 3280 2709 essemus.
3316 2652 3471 2708 Hunc
3500 2651 3713 2710 scilicet

2129 2745 2430 2799 secundum
2482 2747 2790 2800 cruciatum
2845 2754 2969 2815 post
3012 2744 3237 2801 verbera
3286 2744 3494 2801 inimici
3537 2745 3711 2800 nostri

2128 2837 2595 2907 excogitaverant.
2648 2836 2876 2904 Quidam
2929 2837 3094 2893 etiam
3150 2845 3274 2907 post
3327 2846 3595 2893 tormenta
3654 2837 3708 2890 in

2130 2941 2300 2984 nervo
2345 2929 2672 2999 iacuerunt;
2705 2929 2934 2998 pedibus
2965 2931 3031 2983 ad
3061 2936 3299 2999 quatuor
3341 2944 3514 2998 usque
3562 2927 3711 2984 fora-

2129 3024 2274 3077 mina
2319 3021 2664 3087 divaricatis;
2718 3022 2796 3077 ita
2845 3030 2906 3077 ut
2961 3021 3141 3091 supini
3189 3035 3311 3076 esse
3360 3029 3706 3091 cogerentur,

2126 3128 2250 3170 eum
2308 3112 2380 3169 ob
2431 3125 2688 3169 recentes
2740 3113 3018 3183 plagarum
3077 3112 3369 3167 cicatrices
3417 3126 3551 3181 quas
3591 3120 3706 3167 toto

2128 3218 2356 3275 corpore
2390 3205 2690 3275 gerebant,
2727 3214 2877 3259 stare
2918 3202 3145 3258 omnino
3175 3217 3283 3257 non
3312 3210 3565 3272 possent.
3599 3201 3705 3256 Alii

2132 3295 2284 3351 humi
2339 3294 2872 3366 projecti'jacebant
2921 3309 3033 3363 prae
3079 3293 3251 3347 nimia
3304 3302 3705 3350 tormentorum

2132 3385 2470 3447 acerbitate;
2505 3394 2561 3440 et
2590 3384 2762 3440 multo
2790 3386 3014 3454 gravius
3036 3397 3197 3453 quam
3229 3383 3354 3439 dum
3390 3385 3706 3439 cruciaren-

2131 3486 2220 3531 tur
2268 3476 2637 3546 spectaculum
2685 3475 3026 3531 intuentibus
3071 3473 3425 3543 praebebant,
3458 3474 3609 3527 varia
3643 3488 3709 3530 ac

2130 3567 2451 3637 multiplicia
2487 3578 2878 3624 tormentorum
2917 3565 3223 3635 excogitata
3262 3579 3459 3635 genera
3507 3580 3707 3634 corpo-

2128 3661 2282 3716 ribus
2325 3663 2440 3716 suis
2471 3660 2946 3716 circumferentes.
2985 3659 3116 3726 Quae
3165 3674 3288 3713 cum
3336 3660 3409 3713 ita
3442 3672 3705 3729 gereren-

2129 3761 2239 3818 tur,
2271 3754 2361 3808 alii
2409 3754 2460 3808 in
2492 3753 2625 3817 ipsis
2652 3752 2940 3806 tormentis
2965 3749 3318 3820 exspirabant
3343 3791 3359 3815 ,
3392 3751 3704 3806 constantia

2127 3858 2225 3899 sua
2257 3844 2516 3913 pudorem
2547 3844 2880 3898 incutientes
2916 3841 3258 3896 adversario.
3290 3839 3456 3912 305.
3480 3840 3586 3895 Alii
3614 3856 3705 3896 se-

2127 3939 2368 3992 mineces
2397 3938 2451 3990 in
2490 3950 2769 3991 carcerem
2802 3936 2979 4000 trusi,
3013 3934 3200 4004 paucis
3231 3944 3355 4004 post
3393 3934 3583 3989 diebus
3608 3933 3705 3988 do-

2125 4029 2334 4085 loribus
2360 4029 2601 4098 oppressi
2633 4028 2800 4082 vitam
2832 4027 3110 4082 (inierunt.
3150 4025 3360 4096 Reliqui
3394 4025 3702 4081 curantium

2118 4182 2396 4253 intelligit.
2441 4182 2659 4236 Primus
2695 4183 2840 4238 enim
2868 4183 3141 4253 cruciatus
3164 4189 3291 4253 erat
3315 4183 3602 4237 verberum
3631 4197 3701 4238 ac

2116 4246 2396 4322 plagarum
2432 4262 2486 4306 et
2514 4254 2861 4322 ungularum.
2898 4246 3183 4307 Secundus
3213 4263 3270 4306 ut
3294 4254 3442 4307 humi
3466 4253 3699 4322 depositi

2118 4326 2476 4377 traherentur
2504 4333 2558 4376 et
2588 4334 2936 4390 raptarentur
2969 4325 3019 4375 in
3041 4337 3343 4377 carcerem.

2186 4391 2300 4463 (57)
2336 4392 2461 4446 Ἐπὶ
2505 4391 2611 4446 τοῦ
2634 4389 2846 4463 ςξύλου
2887 4392 3170 4463 κείμενοι.
3201 4392 3442 4447 Pessime
3480 4389 3698 4463 Langus

2114 4461 2379 4516 catastam
2418 4463 2599 4518 vertit.
2631 4462 2729 4517 Hic
2758 4462 2903 4517 enim
2938 4461 2999 4514 τὸ
3019 4461 3171 4527 ξύλον
3188 4463 3347 4516 aliter
3376 4462 3611 4515 sumitur
3633 4478 3697 4517 ac

2114 4547 2300 4598 supra.
2324 4532 2459 4585 Nam
2491 4547 2653 4601 supra
2679 4532 2894 4602 quidem
2914 4534 3132 4601 ponitur
3154 4547 3251 4601 pro
3266 4530 3516 4600 equuleo,
3540 4542 3598 4585 ut
3628 4550 3695 4589 ex

2042 4586 2089 4646 ο
2115 4586 2319 4671 lltiliuo
2360 4586 2982 4657 monuii'nusfllicve'ro
3014 4616 3113 4671 pro
3152 4586 3588 4671 iterm-ponitur,
3640 4586 3693 4657 id

2111 4681 2218 4737 est,
2241 4668 2595 4740 compedibus
2623 4673 2835 4741 ligneis.
2871 4671 2943 4725 De
2968 4668 3500 4741 quaisigniﬁcatione
3528 4673 3693 4726 multa

2106 4742 2220 4812 jam
2255 4743 2367 4797 dixi
2399 4744 2452 4795 in
2475 4740 2850 4811 superiOribus
2871 4740 3043 4795 libris.
3074 4740 3251 4794 Latini
3286 4740 3692 4812 etiam‘liguum

2109 4810 2176 4866 eo
2210 4826 2377 4866 sensu
2411 4810 2684 4867 dixerunt.
2714 4813 2786 4866 De
2816 4813 2899 4865 his
2920 4812 3275 4879 compedibus
3308 4810 3691 4880 intelligendus

2109 4891 2196 4937 est
2239 4882 2392 4937 locus
2442 4882 2496 4936 in
2558 4884 2717 4943 Actis
2765 4890 3067 4951 martyrum
3119 4880 3372 4945 Tarachi,
3416 4879 3581 4934 Probi
3639 4892 3695 4936 et

2105 4951 2448 5006 Andronici:
2487 4970 2507 5003 ι
2546 4952 2679 5006 Cum
2710 4952 3029 5005 verberatus
3061 4959 3228 5015 esset,
3258 4964 3464 5018 praeses
3497 4952 3638 5004 dixit
3672 4966 3689 5005 :

2114 5022 2309 5077 Mittite
2341 5021 2419 5076 illi
2447 5022 2652 5076 ferrum
2673 5037 2771 5092 per
2790 5031 3028 5090 quatuor
3055 5020 3169 5075 loca
3201 5035 3517 5092 nervorum,
3538 5030 3593 5075 et
3614 5021 3692 5074 di-

2105 5094 2388 5161 mittentes
2419 5092 2655 5161 aliquam
2677 5091 2871 5145 curam
2897 5092 2946 5146 ei
2979 5105 3273 5161 apponere.
3298 5108 3319 5142 ι
3357 5091 3425 5145 Ει
3452 5091 3504 5144 in
3537 5092 3690 5146 Actis

2104 5159 2330 5232 Luciani
2354 5159 2626 5232 martyris.
2649 5161 2914 5232 Synesius
2930 5162 2982 5232 in
2997 5160 3245 5216 oratione
3266 5162 3337 5215 De
3354 5175 3521 5230 regno
3539 5177 3551 5210 :
3572 5160 3688 5232 ex):

2101 5230 2165 5284 οῦ
2195 5248 2258 5317 γε
2294 5230 2823 5317 μᾶλλονζκιιςῄᾴται
2845 5231 2981 5317 ’τῶν
3036 5232 3102 5312 ὲν.
3136 5233 3203 5302 τῇ
3242 5231 3689 5317 ,ποδοκάκέιη-τῴ

2103 5300 2436 5386 (pedite-Edita
2461 5301 2571 5355 τῶν
2608 5300 2801 5386 ξύλων.
2845 5301 3016 5386 Porro
3060 5300 3201 5356 sicut
3333 5304 3434 5357 hac
3482 5300 3687 5386 Ifhiled:

2101 5373 2329 5441 epistola
2354 5372 2510 5439 ξύλον
2542 5375 2701 5428 modo
2727 5389 2826 5441 pro
2848 5372 3079 5441 equuleo
3101 5372 3355 5439 sumitur,
3388 5372 3546 5427 modo
3586 5386 3686 5439 pro

2100 5457 2270 5496 nervo
2297 5461 2311 5495 :
2343 5444 2414 5496 ita
2452 5445 2504 5496 in
2531 5444 2684 5496 Actis
2714 5443 2985 5497 Theodori
3029 5444 3283 5512 martyris
3322 5457 3443 5510 qua:
3473 5442 3684 5512 habena

2102 5524 2192 5567 tur
2219 5512 2362 5581 apud
2393 5514 2612 5571 Suriutn
2643 5514 2734 5569 die
2762 5529 2819 5568 ιχ
2839 5510 3183 5577 Novembris,
3232 5512 3437 5583 lignum
3478 5510 3680 5580 duplici

2098 5583 2264 5637 modo
2291 5583 2577 5651 accipitur.

2169 5651 2280 5725 (58)
2313 5650 2430 5722 Τῆς
2455 5651 3146 5725 ἐπαρὰουίέλευθερίας.
3174 5650 3503 5725 Libertatem
3524 5665 3682 5705 voca-

2094 5720 2413 5787 bai'it,'cuut
2445 5720 2830 5793 quis—vinculis
2883 5720 3212 5786 solveretur,
3262 5729 3318 5773 et
3366 5720 3535 5775 libere
3572 5737 3680 5789 quo

2095 5794 2260 5848 vellet
2294 5794 2450 5849 abire
2494 5796 2788 5850 sineretur.
2828 5794 2960 5860 Quae
2993 5808 3097 5846 vox
3143 5809 3247 5845 non
3278 5804 3401 5844 raro
3438 5795 3680 5847 occurrit

2094 5866 2234 5936 apud
2270 5864 2578 5934 Eusebium,
2607 5881 2670 5922 ee
2701 5880 2862 5922 sensu
2902 5878 3063 5936 quem
3097 5862 3224 5916 dixi.
3247 5861 3339 5917 Sic
3366 5862 3568 5917 Arator
3624 5862 3676 5917 in
