4220 6398
479 394 576 450 167

1184 389 1459 448 EUSEBII
1497 390 1983 449 CAESARIENSIS
2019 392 2171 449 OPP.
2212 390 2397 450 PARS
2435 394 2477 449 Ι.
2517 426 2587 436 --
2623 392 3019 452 HISTORICA.

3649 395 3751 451 768

466 505 727 562 remediis
759 502 1043 560 rel‘ocillati
1066 542 1082 568 ,
1115 509 1362 572 tempore
1393 502 1509 574 ipso
1541 519 1605 559 ac
1635 504 1891 560 diuturna
1926 521 2052 562 car-

2166 507 2254 579 τὴν
2283 506 2379 561 ἐπὶ
2404 506 2619 579 θανάτῳ
2644 507 2800 579 δίκην
2825 507 3162 579 ἐκδέχεσθαι,
3190 508 3341 562 οὐδὲν
3366 507 3751 580 μελλήσαντες,

467 600 614 655 ceris
641 612 793 652 mora
829 596 1149 650 ﬁdentiores
1176 610 1428 650 evasere.
1479 594 1669 666 ltaque
1706 613 1829 651 cum
1861 609 2050 667 postea

463 689 791 759 juberentnr
823 685 1027 754 eligere
1054 693 1236 738 utrum
1264 684 1509 750 mallent,
1539 703 1606 741 an
1640 688 1907 742 contactis
1953 704 2052 743 nco

468 778 623 832 fariis
657 775 944 832 sacriﬁciis
973 775 1120 831 omni
1168 776 1415 831 molestia
1450 778 1671 832 liberari
1700 819 1715 841 ,
1745 789 1798 834 et
1838 780 2054 834 abomi-

468 871 664 926 nandae
712 868 1074 923 absolutionis
1104 871 1436 925 sententiam
1484 873 1554 925 ab
1583 872 1715 943 ipsis
1749 875 2051 944 consequi;

469 978 537 1015 an
572 975 701 1015 vero
730 960 1046 1015 sacriﬁcare
1078 963 1381 1017 abnuentes
1418 964 1598 1032 capite
1630 965 1873 1020 damnari
1900 984 1912 1019 :
1939 982 2058 1021 om-

471 1066 569 1105 nes
597 1050 733 1106 nihil
781 1052 1067 1117 cunctati,
1109 1051 1300 1106 libenti
1336 1052 1521 1107 animo
1558 1053 1623 1106 ad
1664 1065 1891 1109 mortem
1930 1072 2055 1124 pcr-

470 1152 753 1197 rexerunl.
785 1141 995 1211 Quippe
1022 1142 1196 1212 probe
1238 1151 1437 1196 norant
1478 1158 1599 1210 qua:
1627 1145 1678 1196 in
1712 1145 1883 1199 sacris
1910 1146 2055 1200 litte-

475 1232 552 1285 ris
609 1232 764 1287 nobis
800 1233 1110 1303 pnescripta
1135 1229 1178 1266 ⁸³
1214 1244 1361 1287 sunt.
1401 1251 1420 1284 ι
1464 1233 1565 1300 Qui
1598 1236 1741 1289 enim
1791 1236 2061 1291 sacriﬁcat

474 1323 579 1379 diis
626 1325 841 1388 alienis,
907 1326 984 1379 ait
1025 1325 1348 1394 Scriptura,
1391 1320 1866 1380 exterminabitur.
1920 1346 1938 1377 ι
1997 1326 2062 1381 Et

472 1413 667 1469 iterum
700 1432 718 1471 :
752 1434 773 1467 ι
807 1414 921 1470 Νοιι
968 1416 1197 1471 habebis
1230 1416 1357 1471 deos
1378 1416 1585 1471 alienos
1615 1428 1811 1484 pneter
1836 1419 2003 1473 nte".
2037 1439 2055 1471 ι

478 1506 610 1562 llaec
662 1517 795 1563 sunt
858 1524 988 1563 vere
1046 1509 1360 1579 philosophi
1423 1526 1522 1565 nec
1567 1512 1746 1566 minus
1777 1510 1869 1565 Dei
1900 1528 2063 1581 quam

473 1599 755 1668 sapientia:
796 1601 1058 1656 amatoris
1094 1604 1351 1673 martyris
1386 1603 1573 1667 verba,
1613 1620 1736 1675 quae
1791 1614 1921 1659 ante
1967 1622 2065 1660 ex-

2157 595 2414 667 ἁσμένως
2461 597 2555 650 ἐπὶ
2599 596 2691 650 τὸν
2739 597 2970 651 θάνατον
3002 597 3242 671 ἐχώρουν
3265 613 3282 628 ’
3319 597 3515 669 ᾔδεσαν
3547 599 3656 671 γὰρ
3681 599 3754 655 τὰ

2159 687 2263 741 ὑπὸ
2293 688 2402 741 τῶν
2437 688 2599 759 ἱερῶν
2628 690 2863 761 Γραφῶν
2893 692 3024 762 ἡμῖν
3052 690 3463 762 προορισθέντα.
3496 710 3516 743 ι
3553 693 3610 743 Ὀ
3642 692 3754 767 γὰρ

2165 778 2460 845 θυσιάζων,
2509 781 2677 851 φησὶ,
2722 781 2865 844 θεοῖς
2889 781 3117 852 ἑτέροις,
3148 779 3659 853 ἐξολοθρευθήσεται
3680 800 3694 814 ·
3724 801 3746 837 ι

2159 868 2286 923 καί·
2322 870 2477 922 «Ὅτι
2514 870 2613 922 οὐκ
2640 869 2853 924 ἔσονταί
2894 888 2976 924 σοι
3009 871 3121 924 θεοὶ
3144 872 3321 942 ἕτεροι
3356 871 3495 943 πλὴν
3539 872 3695 943 ἐμοῦ.
3723 893 3742 926 ι

2159 960 2423 1015 Τοιαῦται
2446 961 2541 1015 τοῦ
2573 962 2648 1026 ὡς
2689 961 2906 1032 ἀληθῶς
2947 962 3237 1031 φιλοσόφου
3269 980 3329 1016 τε
3364 962 3499 1034 ὁμοῦ
3537 966 3631 1018 καὶ
3664 983 3751 1030 φι-

2159 1052 2345 1107 λοθέου
2387 1055 2663 1126 μάρτυρος
2694 1056 2748 1107 αἱ
2783 1054 2981 1123 φωναὶ,
3017 1054 3084 1117 ἃς
3127 1055 3232 1125 πρὸ
3264 1054 3580 1118 τελευταίας
3611 1056 3749 1111 ἀκο-

2163 1145 2380 1213 φάσεως
2420 1146 2524 1198 ὑπὸ
2557 1146 2653 1217 τὴν
2682 1146 3023 1217 δεσμωτικὴν
3051 1146 3124 1199 ἔθ’
3152 1148 3411 1218 ὑπάρχων
3438 1148 3613 1214 τάξιν,
3642 1151 3754 1213 τοῖς

2162 1235 2307 1289 κατὰ
2340 1236 2440 1306 τὴν
2468 1236 2631 1289 αὑτοῦ
2662 1238 2954 1309 παροικίαν
2985 1238 3235 1309 ἀδελφοῖς
3265 1240 3611 1304 ἐπεστάλκει,
3638 1239 3754 1309 ἅμα

2166 1327 2264 1398 μὲν
2296 1328 2353 1381 ἐν
2382 1323 2464 1391 οἷς
2491 1323 2580 1398 ἦν,
2608 1328 2994 1399 ἀνατιθέμενος
3020 1330 3157 1397 (59),
3187 1330 3304 1400 ἅμα
3335 1329 3390 1382 δὲ
3420 1331 3515 1384 καὶ
3548 1347 3756 1402 παρορ-

2169 1419 2285 1491 μῶν
2315 1421 2513 1485 αὐτοὺς
2535 1422 2628 1474 ἐπὶ
2652 1420 2711 1473 τὸ
2736 1420 2905 1491 ἀπρὶξ
2930 1421 3150 1491 ἔχεσθαι
3175 1424 3271 1475 καὶ
3300 1423 3416 1491 μετ’
3443 1423 3608 1476 αὐτὸν
3632 1423 3754 1476 ὅσον

2165 1510 2320 1565 οὔπω
2366 1512 2855 1583 τελειωθησὸμενον
2879 1552 2894 1576 ,
2940 1516 3041 1581 τῆς
3084 1515 3142 1567 ὲν
3181 1514 3407 1585 Χριστῷ
3444 1514 3755 1578 θεοσεϐείας

2167 1603 2304 1675 (60).
2351 1604 2512 1658 Ἀλλὰ
2538 1605 2592 1657 τί
2620 1604 2725 1675 χρὴ
2755 1604 2928 1658 πολλὰ
2960 1604 3160 1675 λέγειν,
3189 1606 3287 1661 καὶ
3315 1607 3635 1677 καινοτέρας
3665 1608 3756 1660 ἐπὶ

476 1700 704 1745 tremam
768 1691 969 1761 judicis
1011 1694 1383 1760 sententiam,
1433 1696 1609 1752 adhuc
1702 1698 1755 1751 in
1820 1697 2063 1751 custodia

2168 1695 2511 1766 καινοτέραις
2536 1695 2644 1748 τῶν
2668 1695 2771 1749 ἀνὰ
2795 1697 3241 1769 τὴνοῐκουμὲνην
3268 1698 3587 1769 θεοπρεπῶν
3615 1716 3756 1770 μαρ-

483 1783 819 1839 constitutus
885 1786 953 1838 ad
1017 1785 1219 1841 fratres
1290 1786 1546 1842 Ecclesiae
1618 1803 1729 1843 sua:
1805 1791 2063 1860 scripsit;

2170 1786 2351 1858 τύρων
2408 1786 2666 1859 ἁθλήσεις
2720 1784 3148 1858 παρατίθεσθαι,
3207 1789 3303 1843 καὶ
3360 1789 3592 1859 μάλιστα
3646 1788 3756 1842 τῶν

475 1876 676 1949 partim
726 1890 835 1946 quo
886 1877 941 1931 in
990 1888 1136 1933 statu
1207 1890 1521 1934 versaretur
1575 1895 1899 1950 caponens;
1945 1897 2063 1951 par-

2166 1878 2349 1931 οὑκὲτι
2394 1878 2491 1948 μὲν
2537 1877 2699 1948 κοινῴ
2748 1877 2930 1948 νόμῳ,
2978 1878 3216 1949 πολέμου
3258 1877 3316 1932 δὲ
3360 1878 3547 1951 τρόπῳ
3580 1895 3755 1932 mm-

477 1965 577 2021 tim
650 1981 746 2021 eos
818 1968 1160 2036 adhortans,
1222 1978 1283 2024 ut
1348 1970 1607 2041 pietatem
1679 1972 1732 2026 in
1784 1970 2062 2027 Christum

2169 1970 2364 2042 λιορκη
2372 1970 2547 2040 μένων
2567 1986 2582 2033 ;

476 2064 638 2118 etiam
693 2073 815 2133 post
857 2064 1064 2122 obitum
1124 2081 1282 2121 suum
1330 2066 1556 2138 jamjam
1616 2067 2018 2132 imminentem,
2063 2068 2339 2123 mordicus
2394 2068 2713 2122 retinerent.
2767 2064 2873 2121 Sed
2913 2066 3042 2136 quid
3073 2082 3210 2137 opus
3255 2078 3339 2122 est
3389 2067 3593 2137 prolixa
3633 2082 3757 2120 ora-

480 2158 624 2212 tione
659 2158 758 2223 nti,
810 2167 867 2214 et
923 2159 1235 2215 divinorum
1283 2163 1375 2231 qui
1413 2177 1511 2231 per
1568 2164 1883 2218 universum
1929 2162 2122 2218 orbem
2166 2164 2332 2231 .passi
2388 2173 2513 2218 sunt
2564 2177 2862 2233 martyrum
2917 2178 3054 2217 nova
3108 2178 3325 2234 semper
3375 2167 3528 2219 novis
3565 2179 3754 2218 succe-

479 2249 659 2305 dentia
710 2250 1015 2308 certamina
1066 2251 1394 2321 exponere?
1444 2253 1747 2322 praesertim
1793 2267 1916 2307 eum
1975 2253 2052 2307 illi
2107 2268 2212 2308 non
2248 2252 2453 2323 vulgari
2507 2254 2690 2315 modo,
2755 2252 2851 2308 sed
2896 2253 3050 2322 quasi
3088 2255 3214 2324 jure
3263 2254 3393 2310 belli
3461 2268 3754 2328 oppugnati

477 2343 609 2399 sint.

1085 2433 1318 2492 CAPUT
1365 2436 1457 2491 XI.

754 2526 833 2581 De
863 2526 930 2582 iis
960 2545 1076 2598 qua:
1107 2532 1163 2586 in
1194 2529 1430 2602 Phrygia
1459 2545 1609 2602 gesta
1643 2542 1787 2587 sunt.

555 2615 717 2671 Certe
759 2620 951 2675 urbem
1004 2624 1295 2691 quamdam
1326 2623 1767 2680 Christianorum
1800 2626 1855 2681 in
1890 2626 2068 2698 Phry-

484 2706 598 2775 gia,
630 2706 829 2763 milites
848 2711 1046 2765 armati
1077 2712 1362 2769 obsidione
1389 2717 1715 2782 cinxerunt,
1759 2718 2071 2788 injectoque

488 2795 614 2851 iane
654 2806 818 2851 totam
855 2815 957 2851 una
989 2814 1110 2855 cum
1145 2800 1280 2856 viris
1308 2812 1358 2857 et
1390 2803 1710 2859 mulieribus
1736 2820 1802 2860 ac
1830 2806 2072 2874 parvulis

486 2884 765 2941 Christum
811 2890 1054 2945 oumium
1103 2891 1277 2948 Deum
1322 2894 1703 2950 invocantibus
1748 2912 2071 2952 concrema-

488 2988 639 3032 runt.
677 2976 825 3034 llanc
855 2980 1068 3037 scilicet
1104 2984 1174 3038 ob
1206 2997 1427 3040 causam
1452 3027 1467 3052 ,
1498 2986 1645 3056 quod
1680 2987 1920 3042 universi
1951 2987 2070 3057 ejus

488 3069 642 3125 urbis
693 3071 882 3127 incolae
926 3083 983 3128 et
1030 3084 1256 3131 curator
1284 3078 1399 3147 ipse
1432 3093 1500 3134 ac
1551 3078 1903 3151 magistratus
1946 3097 2067 3136 cum

488 3160 770 3219 honoratis
797 3164 1053 3223 omnibus
1082 3181 1145 3222 ac
1170 3167 1395 3238 plebeiis
1422 3209 1440 3235 ,
1481 3168 1830 3227 Christianos
1857 3187 1917 3227 se
1950 3187 2072 3229 esse

487 3251 718 3320 professi
745 3294 761 3320 ,
797 3257 1112 3313 sacriﬁcare
1143 3258 1464 3328 jubentibus
1492 3261 1639 3318 nullo
1670 3264 1831 3319 modo
1863 3264 2074 3320 obtem-

486 3344 777 3411 perabant.
822 3347 1051 3415 Quidam
1086 3352 1252 3406 etiam
1302 3354 1584 3411 Adauctus
1629 3357 1848 3412 nomine
1873 3398 1889 3422 ,
1921 3358 2075 3414 claro

490 3434 544 3488 in
600 3433 753 3491 Italia
803 3453 1004 3508 genere
1033 3450 1223 3510 ortus,
1253 3441 1499 3500 Romana
1545 3446 1809 3517 dignitate
1854 3450 2075 3519 coaspi-

490 3545 660 3598 caus,
691 3543 747 3588 et
779 3548 875 3602 per
918 3549 1114 3592 omnes
1144 3537 1410 3592 honorum
1441 3538 1644 3608 gradus
1690 3540 1744 3594 iu
1777 3540 2076 3611 imperato-

559 3673 605 3706 ⁸¹
640 3674 792 3731 Deut.
823 3691 940 3745 vm,
968 3679 1055 3736 l9.
1130 3679 1177 3715 ⁸¹
1201 3678 1373 3738 Exod.
1407 3697 1500 3749 xx,
1524 3681 1583 3737 5.

492 3787 634 3846 libro
667 3806 688 3846 ι
717 3792 1031 3861 Apostoticae
1053 3796 1330 3855 historias:

1295 3903 1453 3925 .......
1484 3866 1755 3922 damnatio
1768 3864 1907 3936 justi

856 3931 1096 3990 Libertas
1111 3948 1188 3993 est
1211 3936 1354 4005 facta
1384 3939 1508 3993 reis.

496 4000 555 4059 Id
582 4013 665 4059 est
697 4003 968 4059 absolutio
997 4015 1052 4060 et
1083 4000 1365 4062 relaiatio.

568 4074 683 4145 (59)
720 4073 1178 4145 Ἀνατιθέμενος.
1204 4076 1520 4145 Metaphora
1563 4075 1802 4141 videtur,
1846 4085 1904 4128 ut
1952 4090 2075 4127 cum

498 4142 681 4200 Latini
737 4144 945 4211 dicunt,
975 4142 1075 4201 'ad
1134 4142 1472 4218 posteritatis
1519 4148 1839 4203 memoriam
1884 4161 2075 4202 conse-

500 4230 594 4270 cra
602 4230 680 4269 re.

574 4283 685 4356 (40)
720 4282 838 4354 Τῆς
857 4285 928 4341 ἐν
953 4284 1186 4355 Χριστῷ
1224 4285 1581 4352 θεοσεϐείας.
1608 4284 1739 4341 Post
1767 4285 1880 4340 haec
1910 4284 2076 4339 verba

502 4353 1035 4427 Qltristophorsonu's
1073 4357 1228 4427 plura
1279 4358 1458 4426 capita
1496 4358 1749 4420 inseruit,
1774 4372 1841 4427 et
1878 4370 2073 4427 appen-

501 4423 627 4496 dice
654 4423 815 4494 quam
833 4428 901 4481 ad
932 4423 1135 4483 calcem
1168 4427 1328 4496 hujus
1349 4423 1474 4480 libri
1499 4427 1747 4481 ediderat
1786 4423 1923 4481 Rob.
1953 4426 2075 4479 Ste-

505 4495 739 4567 phanus.
792 4496 989 4567 Yerum
1034 4495 1302 4567 appendix
1350 4497 1461 4561 illa,
1498 4496 1636 4551 liber
1659 4506 1742 4551 est
1772 4497 2001 4565 integer,
2028 4502 2082 4548 et

2692 2441 3095 2494 ΚΕΦΑΛΑΙΟΝ
3133 2442 3235 2497 lA'.

2252 2533 2395 2602 Περὶ
2425 2533 2544 2595 τῶν
2580 2534 2729 2587 κατὰ
2758 2535 3020 2603 Φρυγίαν
3054 2532 3195 2604 (Nic.
3229 2533 3303 2588 11.
3347 2533 3412 2588 Ε.
3445 2550 3542 2598 vtt,
3573 2535 3684 2601 Ιθ).

2242 2626 2381 2697 Ἤδη
2412 2625 2544 2695 γοῦν
2592 2626 2719 2695 ὃλην
2768 2627 3111 2697 Χριστιανῶν
3161 2626 3420 2698 πολίχνην
3461 2626 3756 2699 αὔτανδρον

2169 2717 2312 2788 ἀμφὶ
2338 2721 2437 2789 τὴν
2462 2719 2704 2791 Φρυγίαν
2732 2719 2843 2790 (41)
2875 2719 2936 2771 ἐν
2964 2718 3151 2790 κύκλῳ
3191 2718 3576 2791 περιϐαλόντες
3604 2720 3758 2772 ὁπλῖ-

2168 2826 2280 2874 ται,
2334 2811 2446 2883 πῦρ
2495 2828 2553 2864 τε
2611 2811 2958 2880 ὑφάψαντες,
3015 2810 3354 2881 κατέφλεξαν
3400 2811 3599 2875 αὐτοὺς
3639 2812 3756 2881 ἅμα

2167 2902 2384 2973 νηπίοις
2418 2903 2513 2955 καὶ
2540 2903 2778 2971 γυναιξὶ,
2814 2903 2907 2955 τὸν
2953 2903 3048 2955 ἐπὶ
3085 2903 3305 2957 πάντων
3342 2902 3474 2956 Θεὸν
3521 2901 3757 2972 Χριστὸν

2169 2994 2605 3067 ἑπιὸοωμὲνουςο
2633 2998 2716 3050 ὅτι
2742 2996 2806 3067 δὴ
2847 2996 3123 3067 πανδημεὶ
3162 2996 3365 3058 πάντες
3393 2998 3441 3049 οἱ
3467 2994 3566 3066 τὴν
3603 2994 3757 3047 πόλιν

2171 3086 2466 3151 οἰκοῦντες,
2495 3087 2753 3159 λογιστὴς
2780 3104 2841 3140 τε
2877 3087 3040 3151 αὐτὸς
3067 3087 3159 3141 καὶ
3190 3085 3494 3157 στρατηγὸς
3523 3085 3632 3155 (49)
3659 3086 3757 3137 σὺν

2171 3178 2289 3241 τοῖς
2322 3177 2380 3230 ὲν
2410 3176 2556 3230 τέλει
2582 3178 2717 3231 πᾶσι
2746 3179 2842 3231 καὶ
2871 3178 2978 3248 ὅλῳ
3019 3178 3198 3250 δήμῳ,
3236 3173 3592 3241 Χριστιανονς
3620 3177 3758 3243 σφᾶς

2172 3269 2591 3341 ὁμολογοῦντες,
2650 3270 2759 3323 οὐδ’
2807 3270 3111 3324 ὁπωστιοῦν
3168 3273 3280 3334 τοῖς
3332 3269 3759 3340 προστάττοντιν

2175 3360 2580 3432 εἰδωλολατρεῖν
2608 3360 2990 3431 ὲπειθὰρχονν.
3030 3360 3139 3414 Καί
3180 3377 3262 3424 τις
3297 3358 3484 3429 ἕτερος
3525 3360 3761 3427 Ῥωμαῖ-

2175 3453 2279 3522 κῆς
2300 3450 2456 3516 ἀξίας
2477 3451 2897 3522 ἐπειλημμένος,
2928 3452 3228 3514 Ἀδαυκτος
3251 3450 3359 3518 (45)
3381 3449 3573 3518 ὄνομα,
3601 3446 3760 3514 γένος

2173 3543 2284 3598 τῶν
2328 3547 2462 3615 παρ’
2521 3544 2742 3607 Ἰταλοῖς
2792 3544 3110 3614 ἐπισήμων,
3157 3542 3246 3595 διὰ
3300 3541 3481 3611 πάσης
3533 3535 3756 3592 διελθὼν

2188 3809 2287 3848 nec
2310 3793 2647 3865 Nicepltorus
2669 3795 2869 3864 legisse
2896 3795 3026 3850 mihi
3060 3796 3328 3848 videntur.
3365 3794 3473 3847 Sed
3503 3804 3558 3847 et
3575 3793 3753 3860 capita

2188 3866 2310 3918 libri
2358 3866 2559 3929 octavi,
2596 3882 2714 3933 qua:
2746 3867 2846 3931 ipsi
2897 3865 3038 3919 libro
3066 3882 3133 3920 ex
3172 3882 3319 3919 more
3350 3866 3565 3932 praeﬁxa
3607 3875 3753 3927 sunt,

2182 3939 2318 3989 satis
2373 3937 2666 3990 admonere
2711 3946 2964 4003 potuerat
3022 3935 3596 4004 Christopltorsmtum,
3655 3950 3753 4004 ap-

2180 4006 2463 4072 pendicem
2527 4007 2675 4060 illam
2731 4007 2864 4059 nihil
2912 4005 2980 4059 ad
3034 4003 3532 4060 librum'octavum
3584 4003 3758 4073 perti-

2184 4090 2335 4130 nere.

2254 4144 2364 4216 (Η)
2401 4145 2573 4215 Ἀμφὶ
2624 4143 2739 4211 τὴν
2781 4144 3062 4215 Φρυγίαν.
3116 4144 3370 4198 Eamdem
3412 4157 3539 4216 rem
3576 4151 3760 4198 narrat

2186 4212 2523 4269 Lactantius
2583 4215 2635 4268 in
2698 4216 2793 4268 lih.
2828 4212 2924 4267 γ’
2964 4216 3370 4268 lustitutionum
3431 4213 3759 4277 divinarum,

2184 4301 2304 4354 cap.
2338 4301 2400 4350 ιι,
2427 4286 2515 4338 ubi
2547 4286 2661 4353 egit
2689 4286 2754 4337 de
2777 4282 3038 4350 iniustitia
3066 4285 3334 4354 judicum,
3366 4292 3760 4354 seuﬂrectorum

2185 4352 2499 4424 provinciaa,
2559 4352 2649 4422 qui
2704 4354 3042 4408 Christianos
3070 4352 3355 4421 suppliciis
3411 4352 3757 4424 allec-erant:

2192 4422 2211 4477 ι
2248 4426 2354 4479 Alii
2396 4425 2463 4478 ad
2487 4424 2837 4477 occidendum
2873 4425 3178 4493 praecipites
3204 4427 3563 4485 exstiterunt;
3618 4422 3761 4493 sicut

2189 4509 2330 4547 unus
2368 4495 2419 4547 in
2451 4492 2702 4563 Phrygia,
2737 4493 2827 4562 qui
2856 4492 3164 4546 universum
3198 4499 3448 4562 populqu
3480 4506 3603 4545 cum
3644 4492 3763 4561 ipso

503 4556 575 4635 ab
598 4556 765 4634 opere
801 4556 1485 4624 Historiw'Ecclesiasticie
1517 4576 1799 4635 separatus
1825 4585 1840 4620 :
1886 4556 1948 4619 in
1977 4556 2085 4631 quo
2115 4556 2164 4614 D
2190 4566 2394 4635 pariter
2424 4556 2804 4635 conventiculo
2829 4556 3221 4635 concremavit.
3261 4556 3279 4613 ἱ

506 4631 773 4708 Eusebius
812 4638 1089 4705 passiones
1139 4650 1438 4708 martyrum
1479 4631 1810 4708 falirs_tin:e,
1849 4651 1912 4689 ac
1945 4650 2083 4708 prte-

509 4704 697 4776 sertim
724 4704 986 4776 Pamphili
1018 4709 1102 4762 sui
1128 4704 1438 4774 descripsit.
1478 4706 1633 4760 Hunc
1656 4706 1851 4760 librum
1883 4705 2086 4758 studio-

509 4773 624 4843 sius
658 4773 875 4843 quidam
912 4778 1039 4832 huic
1060 4791 1253 4835 octavo
1284 4773 1537 4831 Historia:
1562 4776 1943 4830 Ecclesiasticu:
1992 4790 2086 4829 vo—

511 4840 701 4917 lumini
725 4845 1027 4913 subjeeerat
1058 4860 1277 4917 propter
1305 4848 1604 4917 argumenti
1638 4848 2081 4917 similitudinem:

510 4926 577 4965 ex
596 4912 753 4980 cujus
792 4912 977 4988 codice
1003 4912 1184 4972 caEter'i
1222 4912 1404 4988 postea
1452 4918 1818 4988 exscriptores
1851 4915 1998 4988 illum
2032 4916 2083 4969 in

514 4996 613 5036 sua
659 4986 986 5053 exemplaria
1032 4984 1461 5042 transfuderuut.
1508 4984 1671 5041 Certe
1727 4987 1777 5038 iu
1833 4984 2086 5040 oumibus

513 5054 900 5124 manuscriptis
935 5072 1071 5124 quos
1115 5059 1349 5113 vidimus
1389 5057 1540 5111 libris
1569 5066 1687 5122 post
1731 5058 1890 5112 ﬁuetn
1931 5054 2087 5119 lmjus

512 5124 690 5195 octavi
723 5123 847 5195 libri
897 5123 1183 5195 reperitur,
1239 5129 1380 5182 sicut
1427 5142 1455 5178 a
1507 5126 1642 5181 llob.
1678 5124 1957 5193 Stephano
2002 5135 2089 5178 est

513 5192 901 5266 editusaMale
959 5192 1129 5266 igitur
1194 5198 1323 5253 fecit
1379 5192 1923 5266 Christophorsonus,
1995 5195 2085 5261 qui

513 5275 638 5316 eum
689 5264 885 5318 librum
916 5264 1105 5321 contra
1144 5267 1300 5323 ﬁdem
1330 5270 1569 5321 omnium
1594 5264 1983 5333 exemplarium
2031 5267 2087 5317 in

511 5344 767 5389 octavum
791 5333 1044 5391 Historia:
1061 5336 1443 5391 Ecclesiastica:
1470 5336 1740 5399 volumen,
1772 5335 1923 5403 quasi
1944 5334 2087 5398 ejus-

513 5404 634 5458 dem
666 5415 876 5475 partem
912 5422 940 5476 a
966 5422 1066 5462 suo
1089 5421 1318 5476 corpore
1354 5406 1493 5460 male
1517 5407 1807 5468 divulsam,
1840 5404 2085 5476 intrusit,

513 5484 570 5528 et
596 5474 888 5531 lectoribus
917 5475 1096 5531 fucum
1142 5474 1292 5531 fecit.
1334 5476 1500 5530 Nemo
1531 5478 1674 5530 enim
1714 5487 1841 5527 ante
1880 5488 1981 5528 nos
2019 5474 2088 5527 de

517 5546 618 5600 hoc
637 5546 1122 5615 Christ0phorsoni
1164 5544 1406 5601 facinore
1437 5560 1503 5599 ne
1531 5547 1721 5600 leviter
1751 5547 1975 5615 quidem
1997 5560 2089 5598 su-

515 5619 756 5683 spicatus
781 5611 884 5671 est.
920 5617 1103 5686 Longe
1125 5616 1443 5684 prudentius
1471 5611 1780 5677 Masculus,
1814 5615 1905 5682 qui
1941 5611 2084 5670 Rob.

525 5688 787 5753 Stephani
818 5687 1095 5755 exemplar
1124 5697 1363 5750 secutus,
1394 5686 1591 5741 librum
1630 5698 1881 5740 octavum
1928 5692 2088 5751 prout

532 5769 829 5823 repererat,
867 5758 919 5809 in
945 5756 1195 5809 Latinttm
1218 5771 1521 5811 sermonem
1555 5756 2084 5823 c0ttvertit;iappen-

522 5822 696 5882 dicem
721 5842 899 5883 autem
926 5836 1092 5883 tutam
1121 5827 1491 5897 praetermisit,
1524 5841 1689 5899 quam
1731 5840 1830 5882 nec
1858 5822 2087 5881 Ruﬁnus

2261 4634 2374 4704 (42)
2403 4631 2702 4702 Λογιστής
2746 4648 2809 4685 τε
2849 4631 3167 4704 ainde-ﬁxa!
3207 4631 3562 4700 στρατηγός.
3577 4630 3759 4704 ‘Recte

2188 4700 2418 4759 Ruﬁnus
2473 4700 2774 4756 curatorem
2798 4711 2848 4757 et
2914 4703 3285 4769 magistratum
3334 4704 3517 4754 vertit.
3576 4701 3648 4753 De
3682 4700 3759 4753 Io-

2188 4776 2345 4844 gistis
2390 4788 2487 4827 seu
2535 4773 2878 4844 curatoribus
2904 4773 3208 4844 civitatum,
3264 4773 3384 4826 vide
3409 4770 3761 4844 quastiotavi

2189 4838 2256 4896 ad
2312 4846 2493 4899 Amm.
2549 4841 2844 4895 Marcellini
2906 4842 3098 4895 librum
3154 4858 3262 4905 xw,
3325 4838 3447 4909 pag.
3492 4841 3582 4895 56.
3624 4838 3762 4909 llinc

2188 4913 2743 4985 λογιστεύεινώςξῇιυι·
2775 4911 3047 4985 curatoris
3072 4910 3249 4985 ofﬁcio
3283 4908 3428 4980 inungi
3461 4910 3602 4985 apud
3636 4908 3759 4985 [this

2188 4980 2477 5037 lustratum
2524 4983 2577 5035 in
2599 4982 2692 5039 lib.
2720 4996 2736 5034 ι
2764 4980 2841 5035 De
2880 4980 2999 5035 Vita
3026 4983 3409 5049 sapitistarum,
3445 4981 3535 5034 ubi
3570 4980 3636 5033 de
3669 4980 3763 5033 Ni-

2189 5065 2309 5108 cete
2343 5053 2599 5112 loquitur.
2627 5051 2704 5123 De.
2726 5051 2993 5123 Strategis
3029 5066 3166 5123 quos
3196 5052 3371 5123 Latini
3406 5051 3763 5123 magistratus

2185 5124 2477 5186 vocabant,
2530 5122 2697 5175 multa
2735 5122 2862 5175 item
2910 5119 3090 5175 notavi
3137 5124 3203 5175 ad
3257 5122 3452 5174 l-ihrum
3506 5119 3757 5172 ultimum

2188 5194 2366 5247 Amm.
2403 5191 2721 5256 Marcellini,
2743 5207 2862 5259 qua:
2883 5206 3045 5245 nemo
3071 5202 3195 5245 ante
3224 5207 3322 5245 nos
3348 5191 3757 5244 observaverat.

2188 5262 2264 5316 De
2313 5266 2396 5318 his
2450 5262 2859 5331 magistratibus
2921 5261 3341 5331 municipalibus
3405 5259 3763 5331 intelligentiae

2188 5343 2316 5386 sant
2365 5326 2564 5387 litterae
2600 5343 2841 5394 senatus,
2887 5347 3025 5399 quas
3091 5326 3258 5385 rel'ert
3308 5330 3649 5398 Capitolinus
3705 5326 3762 5381 in

2188 5402 2481 5457 Maximino
2511 5421 2522 5455 :
2562 5419 2581 5451 ‹
2613 5401 2847 5456 Senatus
2881 5401 3220 5471 populusque
3252 5401 3410 5455 Rotu.
3455 5412 3760 5471 proconsu-

2189 5472 2347 5534 lihtts,
2386 5472 2723 5542 praesidibus.
2752 5468 2970 5541 legatis,
3010 5468 3260 5534 ducibus,
3292 5471 3551 5542 tribunis,
3594 5468 3763 5542 magi-

2189 5538 2472 5611 stratibus,
2505 5556 2567 5595 ac
2599 5538 2826 5611 singulis
2880 5541 3189 5595 civitatibus
3240 5552 3296 5595 et
3353 5538 3662 5608 municipiis
3704 5543 3761 5591 et

2187 5614 2418 5683 Oppidis,
2442 5623 2509 5683 et
2541 5610 2676 5683 vicis
2694 5610 2753 5665 et
2780 5611 3375 5683 castellisgsalutetnat

2260 5674 2373 5752 (45)
2407 5674 2572 5750 Vulg.
2596 5680 2884 5752 Addavxoq.
2909 5682 3126 5752 [lectius
3163 5681 3213 5732 in
3238 5680 3393 5752 codd.
3417 5677 3577 5741 Μυκη
3601 5674 3761 5737 Med,

2188 5754 2322 5808 Fuk.
2358 5750 2418 5807 et
2464 5750 2629 5805 Savil.
2654 5754 2913 5806 scribitur
2954 5751 3271 5815 Ἀδανκτος.
3309 5750 3607 5804 Adauctum
3639 5763 3765 5810 qun-

2190 5839 2293 5896 que
2327 5825 2486 5880 habet
2516 5822 2741 5877 [latinus
2775 5831 2830 5876 et
2864 5821 3158 5876 Ccdrenus.
3210 5822 3338 5891 Ejus
3372 5820 3574 5873 mentio
3622 5817 3673 5867 ﬁt
3708 5831 3759 5866 In
