  <div class='ocr_page' id='page_1' title='image "/cluster/home/n/w/nwhite01/storage/ocr_20150623/20:no.2/coo.31924054873009/396.png"; bbox 0 0 4220 6390; ppageno 0'>
   <div class='ocr_carea' id='block_1_1' title="bbox 414 350 513 405">
    <p class='ocr_par' dir='ltr' id='par_1_1' title="bbox 414 350 513 405">
     <span class='ocr_line' id='line_1_1' title="bbox 414 350 513 405; baseline 0.02 -2"><span class='ocrx_word' id='word_1_1' title='bbox 414 350 513 405; x_wconf 80' lang='lat'><strong>769</strong></span> 
     </span>
    </p>
   </div>
   <div class='ocr_carea' id='block_1_2' title="bbox 1395 342 2703 402">
    <p class='ocr_par' dir='ltr' id='par_1_2' title="bbox 1395 342 2703 402">
     <span class='ocr_line' id='line_1_2' title="bbox 1395 342 2703 402; baseline -0.001 -1"><span class='ocrx_word' id='word_1_2' title='bbox 1395 346 1748 402; x_wconf 60' lang='lat' dir='ltr'><strong>HISTORIA}:</strong></span> <span class='ocrx_word' id='word_1_3' title='bbox 1790 342 2350 399; x_wconf 69' lang='lat' dir='ltr'><strong>ECCLESIASTICAZ</strong></span> <span class='ocrx_word' id='word_1_4' title='bbox 2390 344 2521 399; x_wconf 87' lang='lat' dir='ltr'><strong>LIB.</strong></span> <span class='ocrx_word' id='word_1_5' title='bbox 2565 342 2703 400; x_wconf 72' lang='lat' dir='ltr'>VIII.</span> 
     </span>
    </p>
   </div>
   <div class='ocr_carea' id='block_1_3' title="bbox 3574 342 3682 400">
    <p class='ocr_par' dir='ltr' id='par_1_3' title="bbox 3574 342 3682 400">
     <span class='ocr_line' id='line_1_3' title="bbox 3574 342 3682 400; baseline 0.028 -4"><span class='ocrx_word' id='word_1_6' title='bbox 3574 342 3682 400; x_wconf 81' lang='lat'><strong>770</strong></span> 
     </span>
    </p>
   </div>
   <div class='ocr_carea' id='block_1_4' title="bbox 412 455 1994 539">
    <p class='ocr_par' dir='ltr' id='par_1_4' title="bbox 412 457 1994 539">
     <span class='ocr_line' id='line_1_4' title="bbox 412 457 1994 539; baseline -0.007 -19"><span class='ocrx_word' id='word_1_7' title='bbox 412 468 553 539; x_wconf 78' lang='grc' dir='ltr'>ἀνὴρ</span> <span class='ocrx_word' id='word_1_8' title='bbox 598 468 696 537; x_wconf 79' lang='grc' dir='ltr'><strong>τῆς</strong></span> <span class='ocrx_word' id='word_1_9' title='bbox 730 463 883 537; x_wconf 89' lang='grc' dir='ltr'><strong>παρά</strong></span> <span class='ocrx_word' id='word_1_10' title='bbox 932 461 1209 535; x_wconf 85' lang='grc' dir='ltr'>βασιλεῦσι</span> <span class='ocrx_word' id='word_1_11' title='bbox 1250 465 1437 534; x_wconf 74' lang='grc' dir='ltr'>τιμῆς,</span> <span class='ocrx_word' id='word_1_12' title='bbox 1485 461 1560 525; x_wconf 84' lang='grc' dir='ltr'><strong>ῶς</strong></span> <span class='ocrx_word' id='word_1_13' title='bbox 1604 462 1697 513; x_wconf 77' lang='grc' dir='ltr'><strong>καὶ</strong></span> <span class='ocrx_word' id='word_1_14' title='bbox 1744 459 1842 520; x_wconf 81' lang='grc' dir='ltr'><strong>τὰς</strong></span> <span class='ocrx_word' id='word_1_15' title='bbox 1874 457 1994 510; x_wconf 89' lang='grc' dir='ltr'>καθ-</span> 
     </span>
    </p>
   </div>
   <div class='ocr_carea' id='block_1_5' title="bbox 2091 455 3681 539">
    <p class='ocr_par' dir='ltr' id='par_1_5' title="bbox 2112 455 3681 528">
     <span class='ocr_line' id='line_1_5' title="bbox 2112 455 3681 528; baseline 0.003 -18"><span class='ocrx_word' id='word_1_16' title='bbox 2112 474 2229 510; x_wconf 89' lang='lat' dir='ltr'><strong>rum</strong></span> <span class='ocrx_word' id='word_1_17' title='bbox 2279 456 2483 527; x_wconf 81' lang='lat' dir='ltr'><strong>palatio</strong></span> <span class='ocrx_word' id='word_1_18' title='bbox 2524 465 2850 528; x_wconf 75' lang='lat' dir='ltr'><strong>provectus,</strong></span> <span class='ocrx_word' id='word_1_19' title='bbox 2884 455 3082 526; x_wconf 86' lang='lat' dir='ltr'><strong>quippe</strong></span> <span class='ocrx_word' id='word_1_20' title='bbox 3112 456 3204 527; x_wconf 88' lang='lat' dir='ltr'><strong>qui</strong></span> <span class='ocrx_word' id='word_1_21' title='bbox 3237 456 3681 527; x_wconf 89' lang='lat' dir='ltr'><strong>procurationem</strong></span> 
     </span>
    </p>
   </div>
   <div class='ocr_carea' id='block_1_6' title="bbox 410 549 2004 630">
    <p class='ocr_par' dir='ltr' id='par_1_6' title="bbox 410 549 2004 630">
     <span class='ocr_line' id='line_1_6' title="bbox 410 549 2004 630; baseline -0.009 -15"><span class='ocrx_word' id='word_1_22' title='bbox 410 562 534 616; x_wconf 80' lang='grc' dir='ltr'><strong>ό).ου</strong></span> <span class='ocrx_word' id='word_1_23' title='bbox 601 559 893 630; x_wconf 84' lang='grc' dir='ltr'><strong>διοικήσεις</strong></span> <span class='ocrx_word' id='word_1_24' title='bbox 912 556 1028 627; x_wconf 73' lang='grc' dir='ltr'><strong>(Μ)</strong></span> <span class='ocrx_word' id='word_1_25' title='bbox 1052 558 1149 626; x_wconf 86' lang='grc' dir='ltr'>τῆς</span> <span class='ocrx_word' id='word_1_26' title='bbox 1175 556 1305 626; x_wconf 81' lang='grc' dir='ltr'>παρ’</span> <span class='ocrx_word' id='word_1_27' title='bbox 1331 554 1513 615; x_wconf 81' lang='grc' dir='ltr'>αὐτοῖς</span> <span class='ocrx_word' id='word_1_28' title='bbox 1540 549 1880 621; x_wconf 75' lang='grc' dir='ltr'><strong>καλουμένης</strong></span> <span class='ocrx_word' id='word_1_29' title='bbox 1905 564 2004 620; x_wconf 85' lang='grc' dir='ltr'>μα-</span> 
     </span>
    </p>
   </div>
   <div class='ocr_carea' id='block_1_7' title="bbox 411 641 2002 724">
    <p class='ocr_par' dir='ltr' id='par_1_7' title="bbox 411 641 2002 724">
     <span class='ocr_line' id='line_1_7' title="bbox 411 641 2002 724; baseline -0.01 -16"><span class='ocrx_word' id='word_1_30' title='bbox 411 650 765 724; x_wconf 77' lang='grc' dir='ltr'>γιστρότητός</span> <span class='ocrx_word' id='word_1_31' title='bbox 823 648 934 719; x_wconf 70' lang='grc'><strong>(45)</strong></span> <span class='ocrx_word' id='word_1_32' title='bbox 975 665 1036 701; x_wconf 92' lang='grc' dir='ltr'><strong>τε</strong></span> <span class='ocrx_word' id='word_1_33' title='bbox 1092 648 1187 701; x_wconf 71' lang='grc' dir='ltr'><strong>καὶ</strong></span> <span class='ocrx_word' id='word_1_34' title='bbox 1229 644 1649 714; x_wconf 83' lang='grc' dir='ltr'>καθολικότητος</span> <span class='ocrx_word' id='word_1_35' title='bbox 1694 641 2002 713; x_wconf 80' lang='grc' dir='ltr'><strong>ἀμέμπτως</strong></span> 
     </span>
    </p>
   </div>
   <div class='ocr_carea' id='block_1_8' title="bbox 410 731 2000 808">
    <p class='ocr_par' dir='ltr' id='par_1_8' title="bbox 410 731 2000 808">
     <span class='ocr_line' id='line_1_8' title="bbox 410 731 2000 808; baseline -0.01 -9"><span class='ocrx_word' id='word_1_36' title='bbox 410 743 640 799; x_wconf 73' lang='grc' dir='ltr'>διελθεῖν</span> <span class='ocrx_word' id='word_1_37' title='bbox 660 782 675 805; x_wconf 94' lang='grc'><strong>,</strong></span> <span class='ocrx_word' id='word_1_38' title='bbox 716 741 811 798; x_wconf 72' lang='grc' dir='ltr'>ἐπὶ</span> <span class='ocrx_word' id='word_1_39' title='bbox 839 742 974 793; x_wconf 81' lang='grc' dir='ltr'>πᾶσι</span> <span class='ocrx_word' id='word_1_40' title='bbox 1007 738 1218 802; x_wconf 82' lang='grc' dir='ltr'><strong>τούτοις</strong></span> <span class='ocrx_word' id='word_1_41' title='bbox 1249 736 1557 808; x_wconf 68' lang='grc' dir='ltr'>διαπρέψας</span> <span class='ocrx_word' id='word_1_42' title='bbox 1585 737 1697 797; x_wconf 88' lang='grc' dir='ltr'>τοῖς</span> <span class='ocrx_word' id='word_1_43' title='bbox 1725 735 1782 786; x_wconf 89' lang='grc' dir='ltr'><strong>ἐν</strong></span> <span class='ocrx_word' id='word_1_44' title='bbox 1815 731 2000 785; x_wconf 87' lang='grc' dir='ltr'>θεοσε-</span> 
     </span>
    </p>
   </div>
   <div class='ocr_carea' id='block_1_9' title="bbox 412 822 1998 908">
    <p class='ocr_par' dir='ltr' id='par_1_9' title="bbox 412 822 1998 908">
     <span class='ocr_line' id='line_1_9' title="bbox 412 822 1998 908; baseline -0.009 -18"><span class='ocrx_word' id='word_1_45' title='bbox 412 837 537 908; x_wconf 70' lang='grc' dir='ltr'>ϐείᾳ</span> <span class='ocrx_word' id='word_1_46' title='bbox 570 832 957 907; x_wconf 80' lang='grc' dir='ltr'>κατορθώμασι</span> <span class='ocrx_word' id='word_1_47' title='bbox 992 832 1086 886; x_wconf 78' lang='grc' dir='ltr'><strong>καὶ</strong></span> <span class='ocrx_word' id='word_1_48' title='bbox 1113 833 1235 894; x_wconf 91' lang='grc' dir='ltr'>ταῖς</span> <span class='ocrx_word' id='word_1_49' title='bbox 1262 831 1342 893; x_wconf 86' lang='grc' dir='ltr'><strong>είς</strong></span> <span class='ocrx_word' id='word_1_50' title='bbox 1364 829 1456 882; x_wconf 84' lang='grc' dir='ltr'><strong>τὸν</strong></span> <span class='ocrx_word' id='word_1_51' title='bbox 1480 826 1713 900; x_wconf 84' lang='grc' dir='ltr'>Χριστὸν</span> <span class='ocrx_word' id='word_1_52' title='bbox 1737 823 1833 878; x_wconf 93' lang='grc' dir='ltr'><strong>τοῦ</strong></span> <span class='ocrx_word' id='word_1_53' title='bbox 1863 822 1998 877; x_wconf 89' lang='grc' dir='ltr'>Θεοῦ</span> 
     </span>
    </p>
   </div>
   <div class='ocr_carea' id='block_1_10' title="bbox 410 919 2002 999">
    <p class='ocr_par' dir='ltr' id='par_1_10' title="bbox 410 919 2002 999">
     <span class='ocr_line' id='line_1_10' title="bbox 410 919 2002 999; baseline -0.008 -19"><span class='ocrx_word' id='word_1_54' title='bbox 410 925 745 999; x_wconf 76' lang='grc' dir='ltr'>ὁμολογίαις,</span> <span class='ocrx_word' id='word_1_55' title='bbox 802 925 881 995; x_wconf 83' lang='grc' dir='ltr'><strong>τῷ</strong></span> <span class='ocrx_word' id='word_1_56' title='bbox 924 923 1020 977; x_wconf 91' lang='grc' dir='ltr'><strong>τοῦ</strong></span> <span class='ocrx_word' id='word_1_57' title='bbox 1087 920 1383 994; x_wconf 80' lang='grc' dir='ltr'>μαρτυρίου</span> <span class='ocrx_word' id='word_1_58' title='bbox 1446 919 1737 991; x_wconf 75' lang='grc' dir='ltr'>διαδήματι</span> <span class='ocrx_word' id='word_1_59' title='bbox 1779 932 2002 971; x_wconf 89' lang='grc' dir='ltr'>κατεκο-</span> 
     </span>
    </p>
   </div>
   <div class='ocr_carea' id='block_1_11' title="bbox 414 1008 1999 1089">
    <p class='ocr_par' dir='ltr' id='par_1_11' title="bbox 414 1008 1999 1089">
     <span class='ocr_line' id='line_1_11' title="bbox 414 1008 1999 1089; baseline -0.006 -17"><span class='ocrx_word' id='word_1_60' title='bbox 414 1018 632 1089; x_wconf 82' lang='grc' dir='ltr'>σμήθη,</span> <span class='ocrx_word' id='word_1_61' title='bbox 666 1017 752 1070; x_wconf 88' lang='grc' dir='ltr'>ἐπ’</span> <span class='ocrx_word' id='word_1_62' title='bbox 783 1016 955 1088; x_wconf 83' lang='grc' dir='ltr'>αὐτῆς</span> <span class='ocrx_word' id='word_1_63' title='bbox 987 1015 1088 1085; x_wconf 78' lang='grc' dir='ltr'>τῆς</span> <span class='ocrx_word' id='word_1_64' title='bbox 1135 1014 1232 1067; x_wconf 92' lang='grc' dir='ltr'><strong>τοῦ</strong></span> <span class='ocrx_word' id='word_1_65' title='bbox 1279 1010 1569 1067; x_wconf 77' lang='grc' dir='ltr'>καθολικοῦ</span> <span class='ocrx_word' id='word_1_66' title='bbox 1614 1009 1869 1083; x_wconf 82' lang='grc' dir='ltr'>πράξεως</span> <span class='ocrx_word' id='word_1_67' title='bbox 1907 1008 1999 1063; x_wconf 84' lang='grc' dir='ltr'>τὸν</span> 
     </span>
    </p>
   </div>
   <div class='ocr_carea' id='block_1_12' title="bbox 413 1106 1441 1182">
    <p class='ocr_par' dir='ltr' id='par_1_12' title="bbox 413 1106 1441 1182">
     <span class='ocr_line' id='line_1_12' title="bbox 413 1106 1441 1182; baseline -0.003 -19"><span class='ocrx_word' id='word_1_68' title='bbox 413 1111 552 1182; x_wconf 79' lang='grc' dir='ltr'>ὑπὲρ</span> <span class='ocrx_word' id='word_1_69' title='bbox 582 1108 865 1173; x_wconf 80' lang='grc' dir='ltr'>εὐσεϐείας</span> <span class='ocrx_word' id='word_1_70' title='bbox 902 1107 1205 1178; x_wconf 80' lang='grc' dir='ltr'>ὑπομείνας</span> <span class='ocrx_word' id='word_1_71' title='bbox 1234 1106 1441 1175; x_wconf 90' lang='grc' dir='ltr'>ἀγῶνα.</span> 
     </span>
    </p>
   </div>
   <div class='ocr_carea' id='block_1_13' title="bbox 932 1198 1471 1254">
    <p class='ocr_par' dir='ltr' id='par_1_13' title="bbox 932 1198 1471 1254">
     <span class='ocr_line' id='line_1_13' title="bbox 932 1198 1471 1254; baseline -0.006 0"><span class='ocrx_word' id='word_1_72' title='bbox 932 1199 1331 1254; x_wconf 80' lang='grc' dir='ltr'><strong>ΚΕΦΑΛΑΙΟΝ</strong></span> <span class='ocrx_word' id='word_1_73' title='bbox 1368 1198 1471 1251; x_wconf 85' lang='grc' dir='ltr'><strong>ῐΒ’.</strong></span> 
     </span>
    </p>
   </div>
   <div class='ocr_carea' id='block_1_14' title="bbox 411 1287 1998 1363">
    <p class='ocr_par' dir='ltr' id='par_1_14' title="bbox 411 1287 1998 1363">
     <span class='ocr_line' id='line_1_14' title="bbox 411 1287 1998 1363; baseline -0.004 -14"><span class='ocrx_word' id='word_1_74' title='bbox 411 1296 551 1363; x_wconf 76' lang='grc' dir='ltr'>Περὶ</span> <span class='ocrx_word' id='word_1_75' title='bbox 602 1296 906 1349; x_wconf 78' lang='grc' dir='ltr'><em>πλείστων</em></span> <span class='ocrx_word' id='word_1_76' title='bbox 942 1293 1159 1361; x_wconf 77' lang='grc' dir='ltr'>ἐτέρων</span> <span class='ocrx_word' id='word_1_77' title='bbox 1200 1291 1437 1360; x_wconf 77' lang='grc' dir='ltr'>ἀνδρῶν</span> <span class='ocrx_word' id='word_1_78' title='bbox 1464 1308 1529 1363; x_wconf 70' lang='grc' dir='ltr'><strong>τε</strong></span> <span class='ocrx_word' id='word_1_79' title='bbox 1562 1290 1663 1363; x_wconf 66' lang='grc' dir='ltr'>καὶ</span> <span class='ocrx_word' id='word_1_80' title='bbox 1695 1287 1998 1363; x_wconf 71' lang='grc' dir='ltr'>γυναικῶν</span> 
     </span>
    </p>
   </div>
   <div class='ocr_carea' id='block_1_15' title="bbox 484 1360 1922 1435">
    <p class='ocr_par' dir='ltr' id='par_1_15' title="bbox 484 1360 1922 1435">
     <span class='ocr_line' id='line_1_15' title="bbox 484 1360 1922 1435; baseline -0.002 -18"><span class='ocrx_word' id='word_1_81' title='bbox 484 1360 777 1434; x_wconf 64' lang='grc' dir='ltr'>διαφόρως</span> <span class='ocrx_word' id='word_1_82' title='bbox 817 1360 1245 1435; x_wconf 70' lang='grc' dir='ltr'><strong>ἠγωνισμένων</strong></span> <span class='ocrx_word' id='word_1_83' title='bbox 1283 1364 1421 1433; x_wconf 79' lang='lat' dir='ltr'><strong>(Nic.</strong></span> <span class='ocrx_word' id='word_1_84' title='bbox 1460 1361 1533 1417; x_wconf 82' lang='lat' dir='ltr'><strong>H.</strong></span> <span class='ocrx_word' id='word_1_85' title='bbox 1580 1362 1647 1414; x_wconf 84' lang='grc' dir='ltr'><strong>Ε.</strong></span> <span class='ocrx_word' id='word_1_86' title='bbox 1678 1376 1774 1423; x_wconf 84' lang='lat' dir='ltr'><strong>vn,</strong></span> <span class='ocrx_word' id='word_1_87' title='bbox 1812 1360 1922 1431; x_wconf 81' lang='grc' dir='ltr'><strong>Η).</strong></span> 
     </span>
    </p>
   </div>
   <div class='ocr_carea' id='block_1_16' title="bbox 483 1451 1999 1529">
    <p class='ocr_par' dir='ltr' id='par_1_16' title="bbox 483 1451 1999 1529">
     <span class='ocr_line' id='line_1_16' title="bbox 483 1451 1999 1529; baseline -0.003 -20"><span class='ocrx_word' id='word_1_88' title='bbox 483 1457 549 1509; x_wconf 89' lang='grc' dir='ltr'><strong>Τί</strong></span> <span class='ocrx_word' id='word_1_89' title='bbox 597 1473 663 1528; x_wconf 91' lang='grc' dir='ltr'><strong>με</strong></span> <span class='ocrx_word' id='word_1_90' title='bbox 691 1455 797 1529; x_wconf 84' lang='grc' dir='ltr'>χρὴ</span> <span class='ocrx_word' id='word_1_91' title='bbox 837 1455 931 1509; x_wconf 90' lang='grc' dir='ltr'><strong>νῦν</strong></span> <span class='ocrx_word' id='word_1_92' title='bbox 973 1455 1060 1508; x_wconf 84' lang='grc' dir='ltr'>ἐπ’</span> <span class='ocrx_word' id='word_1_93' title='bbox 1085 1455 1348 1526; x_wconf 85' lang='grc' dir='ltr'>ὀνόματος</span> <span class='ocrx_word' id='word_1_94' title='bbox 1386 1452 1494 1507; x_wconf 86' lang='grc' dir='ltr'><strong>τῶν</strong></span> <span class='ocrx_word' id='word_1_95' title='bbox 1544 1451 1747 1507; x_wconf 83' lang='grc' dir='ltr'>λοιπῶν</span> <span class='ocrx_word' id='word_1_96' title='bbox 1790 1468 1999 1523; x_wconf 83' lang='grc' dir='ltr'>μνημο-</span> 
     </span>
    </p>
   </div>
   <div class='ocr_carea' id='block_1_17' title="bbox 412 1542 1999 1620">
    <p class='ocr_par' dir='ltr' id='par_1_17' title="bbox 412 1542 1999 1620">
     <span class='ocr_line' id='line_1_17' title="bbox 412 1542 1999 1620; baseline -0.005 -19"><span class='ocrx_word' id='word_1_97' title='bbox 412 1545 609 1611; x_wconf 84' lang='grc' dir='ltr'>νεύειν,</span> <span class='ocrx_word' id='word_1_98' title='bbox 635 1547 669 1620; x_wconf 82' lang='grc' dir='ltr'>ἢ</span> <span class='ocrx_word' id='word_1_99' title='bbox 703 1547 763 1600; x_wconf 88' lang='grc' dir='ltr'><strong>τὸ</strong></span> <span class='ocrx_word' id='word_1_100' title='bbox 793 1545 996 1617; x_wconf 80' lang='grc' dir='ltr'>πλῆθος</span> <span class='ocrx_word' id='word_1_101' title='bbox 1023 1544 1133 1599; x_wconf 87' lang='grc' dir='ltr'><strong>τῶν</strong></span> <span class='ocrx_word' id='word_1_102' title='bbox 1161 1545 1371 1619; x_wconf 87' lang='grc' dir='ltr'>ἀνδρῶν</span> <span class='ocrx_word' id='word_1_103' title='bbox 1397 1544 1673 1616; x_wconf 84' lang='grc' dir='ltr'>ἀριθμεῖν,</span> <span class='ocrx_word' id='word_1_104' title='bbox 1706 1543 1739 1613; x_wconf 81' lang='grc' dir='ltr'><strong>ἢ</strong></span> <span class='ocrx_word' id='word_1_105' title='bbox 1774 1542 1872 1606; x_wconf 79' lang='grc' dir='ltr'><strong>τὰς</strong></span> <span class='ocrx_word' id='word_1_106' title='bbox 1899 1558 1999 1594; x_wconf 86' lang='grc' dir='ltr'>πο-</span> 
     </span>
    </p>
   </div>
   <div class='ocr_carea' id='block_1_18' title="bbox 412 1634 1996 1711">
    <p class='ocr_par' dir='ltr' id='par_1_18' title="bbox 412 1634 1996 1711">
     <span class='ocr_line' id='line_1_18' title="bbox 412 1634 1996 1711; baseline -0.004 -19"><span class='ocrx_word' id='word_1_107' title='bbox 412 1637 711 1711; x_wconf 85' lang='grc' dir='ltr'>λυτρόπους</span> <span class='ocrx_word' id='word_1_108' title='bbox 775 1638 961 1702; x_wconf 74' lang='grc' dir='ltr'>αἰκίας</span> <span class='ocrx_word' id='word_1_109' title='bbox 1021 1636 1440 1709; x_wconf 75' lang='grc' dir='ltr'>ἀναζωγραφεῖν</span> <span class='ocrx_word' id='word_1_110' title='bbox 1509 1636 1619 1689; x_wconf 89' lang='grc' dir='ltr'><strong>τῶν</strong></span> <span class='ocrx_word' id='word_1_111' title='bbox 1678 1634 1996 1705; x_wconf 80' lang='grc' dir='ltr'>θαυμασίων</span> 
     </span>
    </p>
   </div>
   <div class='ocr_carea' id='block_1_19' title="bbox 412 1726 1991 1803">
    <p class='ocr_par' dir='ltr' id='par_1_19' title="bbox 412 1726 1991 1803">
     <span class='ocr_line' id='line_1_19' title="bbox 412 1726 1991 1803; baseline -0.004 -19"><span class='ocrx_word' id='word_1_112' title='bbox 412 1729 646 1802; x_wconf 77' lang='grc' dir='ltr'>Χριστοῦ</span> <span class='ocrx_word' id='word_1_113' title='bbox 683 1730 997 1803; x_wconf 88' lang='grc' dir='ltr'>μαρτύρων,</span> <span class='ocrx_word' id='word_1_114' title='bbox 1029 1730 1149 1782; x_wconf 83' lang='grc' dir='ltr'>τοτὲ</span> <span class='ocrx_word' id='word_1_115' title='bbox 1183 1729 1279 1800; x_wconf 83' lang='grc' dir='ltr'><strong>μὲν</strong></span> <span class='ocrx_word' id='word_1_116' title='bbox 1312 1728 1533 1793; x_wconf 83' lang='grc' dir='ltr'>πέλυξιν</span> <span class='ocrx_word' id='word_1_117' title='bbox 1565 1726 1991 1798; x_wconf 86' lang='grc' dir='ltr'>ἀναιρουμένων,</span> 
     </span>
    </p>
   </div>
   <div class='ocr_carea' id='block_1_20' title="bbox 2102 548 3686 616">
    <p class='ocr_par' dir='ltr' id='par_1_20' title="bbox 2102 548 3686 616">
     <span class='ocr_line' id='line_1_20' title="bbox 2102 548 3686 616; baseline 0 -13"><span class='ocrx_word' id='word_1_118' title='bbox 2102 564 2327 604; x_wconf 77' lang='lat' dir='ltr'><strong>summa:</strong></span> <span class='ocrx_word' id='word_1_119' title='bbox 2360 551 2461 614; x_wconf 85' lang='lat' dir='ltr'><strong>rei,</strong></span> <span class='ocrx_word' id='word_1_120' title='bbox 2493 560 2546 604; x_wconf 90' lang='lat' dir='ltr'><strong>et</strong></span> <span class='ocrx_word' id='word_1_121' title='bbox 2571 548 2837 616; x_wconf 79' lang='lat' dir='ltr'><strong>magistri,</strong></span> <span class='ocrx_word' id='word_1_122' title='bbox 2869 557 2928 602; x_wconf 92' lang='lat' dir='ltr'><strong>ut</strong></span> <span class='ocrx_word' id='word_1_123' title='bbox 2954 558 3171 613; x_wconf 79' lang='lat' dir='ltr'><strong>vocant,</strong></span> <span class='ocrx_word' id='word_1_124' title='bbox 3193 563 3256 604; x_wconf 91' lang='lat' dir='ltr'><strong>ac</strong></span> <span class='ocrx_word' id='word_1_125' title='bbox 3296 549 3574 605; x_wconf 83' lang='lat' dir='ltr'><strong>rationalis</strong></span> <span class='ocrx_word' id='word_1_126' title='bbox 3598 548 3686 603; x_wconf 87' lang='lat' dir='ltr'><strong>of-</strong></span> 
     </span>
    </p>
   </div>
   <div class='ocr_carea' id='block_1_21' title="bbox 2104 640 3680 711">
    <p class='ocr_par' dir='ltr' id='par_1_21' title="bbox 2104 640 3680 711">
     <span class='ocr_line' id='line_1_21' title="bbox 2104 640 3680 711; baseline 0.001 -16"><span class='ocrx_word' id='word_1_127' title='bbox 2104 640 2288 695; x_wconf 80' lang='lat' dir='ltr'><strong>ﬁcium</strong></span> <span class='ocrx_word' id='word_1_128' title='bbox 2341 641 2696 710; x_wconf 82' lang='lat' dir='ltr'><strong>integerrime</strong></span> <span class='ocrx_word' id='word_1_129' title='bbox 2750 640 3009 708; x_wconf 80' lang='lat' dir='ltr'><strong>gessisset</strong></span> <span class='ocrx_word' id='word_1_130' title='bbox 3060 658 3073 694; x_wconf 89' lang='lat'><strong>:</strong></span> <span class='ocrx_word' id='word_1_131' title='bbox 3116 650 3323 711; x_wconf 65' lang='lat' dir='ltr'><strong>prmter</strong></span> <span class='ocrx_word' id='word_1_132' title='bbox 3373 641 3488 696; x_wconf 45' lang='lat' dir='ltr'><strong>hare</strong></span> <span class='ocrx_word' id='word_1_133' title='bbox 3542 657 3680 697; x_wconf 82' lang='lat' dir='ltr'><strong>om-</strong></span> 
     </span>
    </p>
   </div>
   <div class='ocr_carea' id='block_1_22' title="bbox 2102 731 3678 802">
    <p class='ocr_par' dir='ltr' id='par_1_22' title="bbox 2102 731 3678 802">
     <span class='ocr_line' id='line_1_22' title="bbox 2102 731 3678 802; baseline 0 -14"><span class='ocrx_word' id='word_1_134' title='bbox 2102 732 2193 788; x_wconf 86' lang='lat' dir='ltr'><strong>nia</strong></span> <span class='ocrx_word' id='word_1_135' title='bbox 2234 732 2421 786; x_wconf 88' lang='lat' dir='ltr'><strong>multis</strong></span> <span class='ocrx_word' id='word_1_136' title='bbox 2465 731 2627 802; x_wconf 81' lang='lat'><strong>305</strong></span> <span class='ocrx_word' id='word_1_137' title='bbox 2679 732 2960 800; x_wconf 66' lang='lat' dir='ltr'><strong>prmclaris</strong></span> <span class='ocrx_word' id='word_1_138' title='bbox 3000 733 3215 787; x_wconf 83' lang='lat' dir='ltr'><strong>actibus</strong></span> <span class='ocrx_word' id='word_1_139' title='bbox 3256 732 3401 787; x_wconf 90' lang='lat' dir='ltr'><strong>inter</strong></span> <span class='ocrx_word' id='word_1_140' title='bbox 3446 731 3631 788; x_wconf 89' lang='lat' dir='ltr'><strong>ﬁdeles</strong></span> <span class='ocrx_word' id='word_1_141' title='bbox 3661 772 3678 799; x_wconf 87' lang='lat'><strong>,</strong></span> 
     </span>
    </p>
   </div>
   <div class='ocr_carea' id='block_1_23' title="bbox 2100 822 3676 881">
    <p class='ocr_par' dir='ltr' id='par_1_23' title="bbox 2100 822 3676 881">
     <span class='ocr_line' id='line_1_23' title="bbox 2100 822 3676 881; baseline 0.001 -2"><span class='ocrx_word' id='word_1_142' title='bbox 2100 834 2158 879; x_wconf 87' lang='lat' dir='ltr'><strong>et</strong></span> <span class='ocrx_word' id='word_1_143' title='bbox 2214 824 2451 878; x_wconf 84' lang='lat' dir='ltr'><strong>nominis</strong></span> <span class='ocrx_word' id='word_1_144' title='bbox 2521 822 2727 877; x_wconf 85' lang='lat' dir='ltr'><strong>Christi</strong></span> <span class='ocrx_word' id='word_1_145' title='bbox 2784 823 3225 879; x_wconf 81' lang='lat' dir='ltr'><strong>confessionibus</strong></span> <span class='ocrx_word' id='word_1_146' title='bbox 3289 823 3611 879; x_wconf 78' lang='lat' dir='ltr'><strong>nobilitatus</strong></span> <span class='ocrx_word' id='word_1_147' title='bbox 3659 843 3676 881; x_wconf 91' lang='lat'><strong>:</strong></span> 
     </span>
    </p>
   </div>
   <div class='ocr_carea' id='block_1_24' title="bbox 2100 915 3677 987">
    <p class='ocr_par' dir='ltr' id='par_1_24' title="bbox 2100 915 3677 987">
     <span class='ocr_line' id='line_1_24' title="bbox 2100 915 3677 987; baseline 0 -14"><span class='ocrx_word' id='word_1_148' title='bbox 2100 919 2228 973; x_wconf 91' lang='lat' dir='ltr'><strong>dum</strong></span> <span class='ocrx_word' id='word_1_149' title='bbox 2272 915 2449 970; x_wconf 92' lang='lat' dir='ltr'><strong>adhuc</strong></span> <span class='ocrx_word' id='word_1_150' title='bbox 2490 915 2776 970; x_wconf 83' lang='lat' dir='ltr'><strong>rationalis</strong></span> <span class='ocrx_word' id='word_1_151' title='bbox 2825 915 3060 971; x_wconf 92' lang='lat' dir='ltr'><strong>ofﬁcium</strong></span> <span class='ocrx_word' id='word_1_152' title='bbox 3118 917 3546 984; x_wconf 83' lang='lat' dir='ltr'><strong>administraret,</strong></span> <span class='ocrx_word' id='word_1_153' title='bbox 3578 932 3677 987; x_wconf 89' lang='lat' dir='ltr'><strong>pro</strong></span> 
     </span>
    </p>
   </div>
   <div class='ocr_carea' id='block_1_25' title="bbox 2100 1007 3679 1081">
    <p class='ocr_par' dir='ltr' id='par_1_25' title="bbox 2100 1007 3679 1081">
     <span class='ocr_line' id='line_1_25' title="bbox 2100 1007 3679 1081; baseline 0.001 -17"><span class='ocrx_word' id='word_1_154' title='bbox 2100 1026 2230 1066; x_wconf 79' lang='lat' dir='ltr'><strong>vera</strong></span> <span class='ocrx_word' id='word_1_155' title='bbox 2276 1010 2478 1081; x_wconf 82' lang='lat' dir='ltr'><strong>pietate</strong></span> <span class='ocrx_word' id='word_1_156' title='bbox 2511 1007 2800 1064; x_wconf 88' lang='lat' dir='ltr'><strong>decertans</strong></span> <span class='ocrx_word' id='word_1_157' title='bbox 2845 1009 3093 1081; x_wconf 81' lang='lat' dir='ltr'><strong>martyrii</strong></span> <span class='ocrx_word' id='word_1_158' title='bbox 3139 1025 3342 1067; x_wconf 85' lang='lat' dir='ltr'><strong>corona</strong></span> <span class='ocrx_word' id='word_1_159' title='bbox 3378 1022 3679 1066; x_wconf 78' lang='lat' dir='ltr'><strong>exornatus</strong></span> 
     </span>
    </p>
   </div>
   <div class='ocr_carea' id='block_1_26' title="bbox 2099 1113 2203 1160">
    <p class='ocr_par' dir='ltr' id='par_1_26' title="bbox 2099 1113 2203 1160">
     <span class='ocr_line' id='line_1_26' title="bbox 2099 1113 2203 1160; baseline -0.029 0"><span class='ocrx_word' id='word_1_160' title='bbox 2099 1113 2203 1160; x_wconf 89' lang='lat' dir='ltr'><strong>est.</strong></span> 
     </span>
    </p>
   </div>
   <div class='ocr_carea' id='block_1_27' title="bbox 2690 1192 3073 1251">
    <p class='ocr_par' dir='ltr' id='par_1_27' title="bbox 2690 1192 3073 1251">
     <span class='ocr_line' id='line_1_27' title="bbox 2690 1192 3073 1251; baseline -0.016 0"><span class='ocrx_word' id='word_1_161' title='bbox 2690 1192 2920 1251; x_wconf 76' lang='lat' dir='ltr'><strong>CAPUT</strong></span> <span class='ocrx_word' id='word_1_162' title='bbox 2961 1193 3073 1247; x_wconf 79' lang='lat' dir='ltr'>XII.</span> 
     </span>
    </p>
   </div>
   <div class='ocr_carea' id='block_1_28' title="bbox 2103 1282 3681 1360">
    <p class='ocr_par' dir='ltr' id='par_1_28' title="bbox 2103 1282 3681 1360">
     <span class='ocr_line' id='line_1_28' title="bbox 2103 1282 3681 1360; baseline -0.004 -16"><span class='ocrx_word' id='word_1_163' title='bbox 2103 1289 2181 1344; x_wconf 77' lang='lat' dir='ltr'><strong>De</strong></span> <span class='ocrx_word' id='word_1_164' title='bbox 2202 1289 2443 1360; x_wconf 78' lang='lat' dir='ltr'><strong>pluribus</strong></span> <span class='ocrx_word' id='word_1_165' title='bbox 2482 1288 2610 1343; x_wconf 82' lang='lat' dir='ltr'><strong>uiris</strong></span> <span class='ocrx_word' id='word_1_166' title='bbox 2636 1298 2682 1341; x_wconf 87' lang='lat' dir='ltr'><strong>et</strong></span> <span class='ocrx_word' id='word_1_167' title='bbox 2717 1288 3050 1360; x_wconf 58' lang='lat' dir='ltr'><strong>mulier-imis,</strong></span> <span class='ocrx_word' id='word_1_168' title='bbox 3072 1286 3162 1353; x_wconf 88' lang='lat' dir='ltr'><strong>qui</strong></span> <span class='ocrx_word' id='word_1_169' title='bbox 3189 1285 3394 1338; x_wconf 78' lang='lat' dir='ltr'><strong>diverso</strong></span> <span class='ocrx_word' id='word_1_170' title='bbox 3432 1282 3681 1353; x_wconf 77' lang='lat' dir='ltr'><strong>martyrii</strong></span> 
     </span>
    </p>
   </div>
   <div class='ocr_carea' id='block_1_29' title="bbox 2594 1357 3180 1428">
    <p class='ocr_par' dir='ltr' id='par_1_29' title="bbox 2594 1357 3180 1428">
     <span class='ocr_line' id='line_1_29' title="bbox 2594 1357 3180 1428; baseline 0 -16"><span class='ocrx_word' id='word_1_171' title='bbox 2594 1374 2780 1428; x_wconf 82' lang='lat' dir='ltr'><strong>genere</strong></span> <span class='ocrx_word' id='word_1_172' title='bbox 2804 1357 3180 1412; x_wconf 70' lang='lat' dir='ltr'><strong>occubuerunt.</strong></span> 
     </span>
    </p>
   </div>
   <div class='ocr_carea' id='block_1_30' title="bbox 2168 1447 3681 1520">
    <p class='ocr_par' dir='ltr' id='par_1_30' title="bbox 2168 1447 3681 1520">
     <span class='ocr_line' id='line_1_30' title="bbox 2168 1447 3681 1520; baseline -0.003 -14"><span class='ocrx_word' id='word_1_173' title='bbox 2168 1451 2309 1519; x_wconf 87' lang='lat' dir='ltr'><strong>Quid</strong></span> <span class='ocrx_word' id='word_1_174' title='bbox 2354 1466 2497 1505; x_wconf 91' lang='lat' dir='ltr'><strong>nunc</strong></span> <span class='ocrx_word' id='word_1_175' title='bbox 2526 1466 2663 1520; x_wconf 89' lang='lat' dir='ltr'><strong>opus</strong></span> <span class='ocrx_word' id='word_1_176' title='bbox 2701 1459 2783 1505; x_wconf 90' lang='lat' dir='ltr'><strong>est</strong></span> <span class='ocrx_word' id='word_1_177' title='bbox 2822 1450 3058 1518; x_wconf 89' lang='lat' dir='ltr'><strong>reliquos</strong></span> <span class='ocrx_word' id='word_1_178' title='bbox 3091 1447 3410 1501; x_wconf 87' lang='lat' dir='ltr'><strong>nominatim</strong></span> <span class='ocrx_word' id='word_1_179' title='bbox 3442 1461 3681 1502; x_wconf 85' lang='lat' dir='ltr'><strong>comme-</strong></span> 
     </span>
    </p>
   </div>
   <div class='ocr_carea' id='block_1_31' title="bbox 2098 1542 3683 1607">
    <p class='ocr_par' dir='ltr' id='par_1_31' title="bbox 2098 1542 3683 1607">
     <span class='ocr_line' id='line_1_31' title="bbox 2098 1542 3683 1607; baseline -0.003 -8"><span class='ocrx_word' id='word_1_180' title='bbox 2098 1557 2334 1607; x_wconf 84' lang='lat' dir='ltr'><strong>morare,</strong></span> <span class='ocrx_word' id='word_1_181' title='bbox 2361 1553 2455 1597; x_wconf 89' lang='lat' dir='ltr'><strong>aut</strong></span> <span class='ocrx_word' id='word_1_182' title='bbox 2481 1542 2886 1597; x_wconf 81' lang='lat' dir='ltr'><strong>multitudinem</strong></span> <span class='ocrx_word' id='word_1_183' title='bbox 2928 1542 3209 1595; x_wconf 85' lang='lat' dir='ltr'><strong>hominum</strong></span> <span class='ocrx_word' id='word_1_184' title='bbox 3245 1555 3551 1605; x_wconf 88' lang='lat' dir='ltr'><strong>recensere,</strong></span> <span class='ocrx_word' id='word_1_185' title='bbox 3588 1549 3683 1595; x_wconf 90' lang='lat' dir='ltr'><strong>aut</strong></span> 
     </span>
    </p>
   </div>
   <div class='ocr_carea' id='block_1_32' title="bbox 2096 1633 3682 1704">
    <p class='ocr_par' dir='ltr' id='par_1_32' title="bbox 2096 1633 3682 1704">
     <span class='ocr_line' id='line_1_32' title="bbox 2096 1633 3682 1704; baseline -0.003 -14"><span class='ocrx_word' id='word_1_186' title='bbox 2096 1638 2279 1691; x_wconf 81' lang='lat' dir='ltr'><strong>varias</strong></span> <span class='ocrx_word' id='word_1_187' title='bbox 2316 1645 2714 1691; x_wconf 88' lang='lat' dir='ltr'><strong>tormentorum</strong></span> <span class='ocrx_word' id='word_1_188' title='bbox 2745 1634 2960 1704; x_wconf 85' lang='lat' dir='ltr'><strong>species</strong></span> <span class='ocrx_word' id='word_1_189' title='bbox 3001 1633 3272 1688; x_wconf 91' lang='lat' dir='ltr'><strong>orationis</strong></span> <span class='ocrx_word' id='word_1_190' title='bbox 3303 1633 3553 1702; x_wconf 89' lang='lat' dir='ltr'><strong>penicillo</strong></span> <span class='ocrx_word' id='word_1_191' title='bbox 3588 1635 3682 1686; x_wconf 77' lang='lat' dir='ltr'><strong>de-</strong></span> 
     </span>
    </p>
   </div>
   <div class='ocr_carea' id='block_1_33' title="bbox 2052 1727 3679 1800">
    <p class='ocr_par' dir='ltr' id='par_1_33' title="bbox 2052 1727 3679 1800">
     <span class='ocr_line' id='line_1_33' title="bbox 2052 1727 3679 1800; baseline -0.001 -17"><span class='ocrx_word' id='word_1_192' title='bbox 2052 1775 2070 1791; x_wconf 85' lang='lat'><strong>.</strong></span> <span class='ocrx_word' id='word_1_193' title='bbox 2098 1730 2362 1800; x_wconf 74' lang='lat' dir='ltr'><strong>pingere?</strong></span> <span class='ocrx_word' id='word_1_194' title='bbox 2405 1729 2619 1799; x_wconf 85' lang='lat' dir='ltr'><strong>Quippe</strong></span> <span class='ocrx_word' id='word_1_195' title='bbox 2663 1743 2784 1782; x_wconf 89' lang='lat' dir='ltr'><strong>cum</strong></span> <span class='ocrx_word' id='word_1_196' title='bbox 2823 1727 3125 1782; x_wconf 82' lang='lat' dir='ltr'><strong>admirandi</strong></span> <span class='ocrx_word' id='word_1_197' title='bbox 3162 1738 3450 1798; x_wconf 82' lang='lat' dir='ltr'><strong>martyres,</strong></span> <span class='ocrx_word' id='word_1_198' title='bbox 3482 1728 3679 1797; x_wconf 84' lang='lat' dir='ltr'><strong>partim</strong></span> 
     </span>
    </p>
   </div>
   <div class='ocr_carea' id='block_1_34' title="bbox 411 1815 1994 1893">
    <p class='ocr_par' dir='ltr' id='par_1_34' title="bbox 411 1817 1994 1893">
     <span class='ocr_line' id='line_1_34' title="bbox 411 1817 1994 1893; baseline -0.003 -17"><span class='ocrx_word' id='word_1_199' title='bbox 411 1817 499 1878; x_wconf 72' lang='grc' dir='ltr'>οἷα</span> <span class='ocrx_word' id='word_1_200' title='bbox 530 1821 720 1892; x_wconf 81' lang='grc' dir='ltr'>γέγονε</span> <span class='ocrx_word' id='word_1_201' title='bbox 740 1824 856 1885; x_wconf 86' lang='grc' dir='ltr'>τοῖς</span> <span class='ocrx_word' id='word_1_202' title='bbox 885 1823 971 1875; x_wconf 86' lang='grc' dir='ltr'>ἐπ’</span> <span class='ocrx_word' id='word_1_203' title='bbox 1004 1820 1263 1893; x_wconf 91' lang='grc' dir='ltr'>Ἀραϐίας</span> <span class='ocrx_word' id='word_1_204' title='bbox 1281 1861 1296 1885; x_wconf 92' lang='grc'><strong>,</strong></span> <span class='ocrx_word' id='word_1_205' title='bbox 1327 1821 1448 1874; x_wconf 84' lang='grc' dir='ltr'><strong>τοτέ</strong></span> <span class='ocrx_word' id='word_1_206' title='bbox 1477 1820 1535 1873; x_wconf 78' lang='grc' dir='ltr'>δὲ</span> <span class='ocrx_word' id='word_1_207' title='bbox 1566 1819 1633 1873; x_wconf 79' lang='grc' dir='ltr'>τὰ</span> <span class='ocrx_word' id='word_1_208' title='bbox 1657 1819 1823 1889; x_wconf 91' lang='grc' dir='ltr'>σκέλη</span> <span class='ocrx_word' id='word_1_209' title='bbox 1860 1834 1994 1871; x_wconf 89' lang='grc' dir='ltr'>κατ-</span> 
     </span>
    </p>
   </div>
   <div class='ocr_carea' id='block_1_35' title="bbox 2091 1815 3678 1893">
    <p class='ocr_par' dir='ltr' id='par_1_35' title="bbox 2098 1820 3678 1891">
     <span class='ocr_line' id='line_1_35' title="bbox 2098 1820 3678 1891; baseline -0.001 -14"><span class='ocrx_word' id='word_1_210' title='bbox 2098 1823 2389 1878; x_wconf 79' lang='lat' dir='ltr'><strong>securibus</strong></span> <span class='ocrx_word' id='word_1_211' title='bbox 2418 1822 2539 1877; x_wconf 67' lang='grc' dir='ltr'>εαξθί</span> <span class='ocrx_word' id='word_1_212' title='bbox 2582 1822 2712 1883; x_wconf 84' lang='lat' dir='ltr'><strong>sint,</strong></span> <span class='ocrx_word' id='word_1_213' title='bbox 2747 1830 2807 1875; x_wconf 94' lang='lat' dir='ltr'><strong>ut</strong></span> <span class='ocrx_word' id='word_1_214' title='bbox 2840 1820 2893 1873; x_wconf 92' lang='lat' dir='ltr'><strong>in</strong></span> <span class='ocrx_word' id='word_1_215' title='bbox 2926 1821 3125 1875; x_wconf 86' lang='lat' dir='ltr'><strong>Arabia</strong></span> <span class='ocrx_word' id='word_1_216' title='bbox 3176 1822 3405 1890; x_wconf 90' lang='lat' dir='ltr'><strong>contigit</strong></span> <span class='ocrx_word' id='word_1_217' title='bbox 3433 1840 3446 1875; x_wconf 93' lang='lat'>:</span> <span class='ocrx_word' id='word_1_218' title='bbox 3481 1821 3678 1891; x_wconf 78' lang='lat' dir='ltr'><strong>partim</strong></span> 
     </span>
    </p>
   </div>
   <div class='ocr_carea' id='block_1_36' title="bbox 412 1908 1991 1985">
    <p class='ocr_par' dir='ltr' id='par_1_36' title="bbox 412 1908 1991 1985">
     <span class='ocr_line' id='line_1_36' title="bbox 412 1908 1991 1985; baseline -0.003 -18"><span class='ocrx_word' id='word_1_219' title='bbox 412 1914 754 1985; x_wconf 86' lang='grc' dir='ltr'>αγνυμένων,</span> <span class='ocrx_word' id='word_1_220' title='bbox 809 1908 897 1967; x_wconf 72' lang='grc' dir='ltr'>οἷα</span> <span class='ocrx_word' id='word_1_221' title='bbox 945 1916 1058 1977; x_wconf 85' lang='grc' dir='ltr'>τοῖς</span> <span class='ocrx_word' id='word_1_222' title='bbox 1103 1914 1161 1965; x_wconf 87' lang='grc' dir='ltr'><strong>ἐν</strong></span> <span class='ocrx_word' id='word_1_223' title='bbox 1211 1912 1578 1984; x_wconf 73' lang='grc' dir='ltr'>Καππαδοκίᾳ</span> <span class='ocrx_word' id='word_1_224' title='bbox 1656 1908 1991 1982; x_wconf 85' lang='grc' dir='ltr'>συμϐέϐηκε,</span> 
     </span>
    </p>
   </div>
   <div class='ocr_carea' id='block_1_37' title="bbox 410 1995 1995 2075">
    <p class='ocr_par' dir='ltr' id='par_1_37' title="bbox 410 1995 1995 2075">
     <span class='ocr_line' id='line_1_37' title="bbox 410 1995 1995 2075; baseline -0.005 -17"><span class='ocrx_word' id='word_1_225' title='bbox 410 2004 507 2058; x_wconf 73' lang='grc' dir='ltr'><strong>καὶ</strong></span> <span class='ocrx_word' id='word_1_226' title='bbox 538 2004 669 2057; x_wconf 86' lang='grc' dir='ltr'>ποτὲ</span> <span class='ocrx_word' id='word_1_227' title='bbox 702 2005 802 2075; x_wconf 87' lang='grc' dir='ltr'><strong>μὲν</strong></span> <span class='ocrx_word' id='word_1_228' title='bbox 836 2002 978 2057; x_wconf 90' lang='grc' dir='ltr'><strong>κατά</strong></span> <span class='ocrx_word' id='word_1_229' title='bbox 1014 2001 1261 2072; x_wconf 84' lang='grc' dir='ltr'>κεφαλῆς</span> <span class='ocrx_word' id='word_1_230' title='bbox 1302 2004 1366 2055; x_wconf 87' lang='grc' dir='ltr'><strong>ἐκ</strong></span> <span class='ocrx_word' id='word_1_231' title='bbox 1396 2003 1509 2054; x_wconf 83' lang='grc' dir='ltr'>τοῖν</span> <span class='ocrx_word' id='word_1_232' title='bbox 1546 1998 1724 2054; x_wconf 84' lang='grc' dir='ltr'>ποδοῖν</span> <span class='ocrx_word' id='word_1_233' title='bbox 1754 2000 1834 2061; x_wconf 80' lang='grc' dir='ltr'><strong>είς</strong></span> <span class='ocrx_word' id='word_1_234' title='bbox 1862 1995 1995 2066; x_wconf 75' lang='grc' dir='ltr'>ὕψος</span> 
     </span>
    </p>
   </div>
   <div class='ocr_carea' id='block_1_38' title="bbox 409 2088 1997 2169">
    <p class='ocr_par' dir='ltr' id='par_1_38' title="bbox 409 2088 1997 2169">
     <span class='ocr_line' id='line_1_38' title="bbox 409 2088 1997 2169; baseline -0.005 -19"><span class='ocrx_word' id='word_1_235' title='bbox 409 2094 835 2169; x_wconf 86' lang='grc' dir='ltr'>ἁναρτωμένων,</span> <span class='ocrx_word' id='word_1_236' title='bbox 867 2094 961 2147; x_wconf 80' lang='grc' dir='ltr'><strong>καὶ</strong></span> <span class='ocrx_word' id='word_1_237' title='bbox 997 2090 1271 2165; x_wconf 87' lang='grc' dir='ltr'>μαλθακοῦ</span> <span class='ocrx_word' id='word_1_238' title='bbox 1308 2091 1480 2163; x_wconf 85' lang='grc' dir='ltr'>πυρὸς</span> <span class='ocrx_word' id='word_1_239' title='bbox 1524 2088 1634 2161; x_wconf 71' lang='grc'><strong>(46)</strong></span> <span class='ocrx_word' id='word_1_240' title='bbox 1663 2090 1997 2159; x_wconf 84' lang='grc' dir='ltr'>ὑποκαιομέ-</span> 
     </span>
    </p>
   </div>
   <div class='ocr_carea' id='block_1_39' title="bbox 408 2182 1995 2260">
    <p class='ocr_par' dir='ltr' id='par_1_39' title="bbox 408 2182 1995 2260">
     <span class='ocr_line' id='line_1_39' title="bbox 408 2182 1995 2260; baseline -0.006 -17"><span class='ocrx_word' id='word_1_241' title='bbox 408 2206 522 2252; x_wconf 87' lang='grc' dir='ltr'>νου,</span> <span class='ocrx_word' id='word_1_242' title='bbox 572 2188 652 2260; x_wconf 86' lang='grc' dir='ltr'><strong>τῷ</strong></span> <span class='ocrx_word' id='word_1_243' title='bbox 706 2186 1201 2260; x_wconf 83' lang='grc' dir='ltr'>παραπεμπομένῳ</span> <span class='ocrx_word' id='word_1_244' title='bbox 1251 2183 1444 2255; x_wconf 81' lang='grc' dir='ltr'>καπνῷ</span> <span class='ocrx_word' id='word_1_245' title='bbox 1498 2183 1597 2252; x_wconf 83' lang='grc' dir='ltr'>τῆς</span> <span class='ocrx_word' id='word_1_246' title='bbox 1654 2182 1995 2254; x_wconf 82' lang='grc' dir='ltr'>φλεγομένης</span> 
     </span>
    </p>
   </div>
   <div class='ocr_carea' id='block_1_40' title="bbox 411 2279 1995 2356">
    <p class='ocr_par' dir='ltr' id='par_1_40' title="bbox 411 2279 1995 2356">
     <span class='ocr_line' id='line_1_40' title="bbox 411 2279 1995 2356; baseline -0.003 -18"><span class='ocrx_word' id='word_1_247' title='bbox 411 2284 542 2356; x_wconf 75' lang='grc' dir='ltr'>ὕλης</span> <span class='ocrx_word' id='word_1_248' title='bbox 568 2286 1042 2356; x_wconf 86' lang='grc' dir='ltr'>ἀποπνιγομένων,</span> <span class='ocrx_word' id='word_1_249' title='bbox 1076 2279 1164 2338; x_wconf 73' lang='grc' dir='ltr'>οἷα</span> <span class='ocrx_word' id='word_1_250' title='bbox 1190 2285 1304 2347; x_wconf 88' lang='grc' dir='ltr'>τοῖς</span> <span class='ocrx_word' id='word_1_251' title='bbox 1330 2285 1387 2336; x_wconf 85' lang='grc' dir='ltr'><strong>ἐν</strong></span> <span class='ocrx_word' id='word_1_252' title='bbox 1420 2284 1563 2355; x_wconf 82' lang='grc' dir='ltr'>μέσῃ</span> <span class='ocrx_word' id='word_1_253' title='bbox 1589 2282 1699 2336; x_wconf 88' lang='grc' dir='ltr'><strong>τῶν</strong></span> <span class='ocrx_word' id='word_1_254' title='bbox 1731 2281 1995 2353; x_wconf 68' lang='grc' dir='ltr'>ποταμῶν</span> 
     </span>
    </p>
   </div>
   <div class='ocr_carea' id='block_1_41' title="bbox 410 2367 1996 2448">
    <p class='ocr_par' dir='ltr' id='par_1_41' title="bbox 410 2367 1996 2448">
     <span class='ocr_line' id='line_1_41' title="bbox 410 2367 1996 2448; baseline -0.003 -19"><span class='ocrx_word' id='word_1_255' title='bbox 410 2376 704 2448; x_wconf 84' lang='grc' dir='ltr'>ἐπηνέχθη,</span> <span class='ocrx_word' id='word_1_256' title='bbox 735 2376 865 2429; x_wconf 84' lang='grc' dir='ltr'>ποτὲ</span> <span class='ocrx_word' id='word_1_257' title='bbox 904 2376 961 2428; x_wconf 82' lang='grc' dir='ltr'>δὲ</span> <span class='ocrx_word' id='word_1_258' title='bbox 1004 2377 1156 2447; x_wconf 74' lang='grc' dir='ltr'>ῥῖνας</span> <span class='ocrx_word' id='word_1_259' title='bbox 1187 2374 1281 2428; x_wconf 72' lang='grc' dir='ltr'><strong>καὶ</strong></span> <span class='ocrx_word' id='word_1_260' title='bbox 1310 2367 1425 2427; x_wconf 80' lang='grc' dir='ltr'>ὦτα</span> <span class='ocrx_word' id='word_1_261' title='bbox 1457 2375 1552 2427; x_wconf 72' lang='grc' dir='ltr'><strong>κα)⁸</strong></span> <span class='ocrx_word' id='word_1_262' title='bbox 1584 2375 1773 2445; x_wconf 91' lang='grc' dir='ltr'>χεῖρας</span> <span class='ocrx_word' id='word_1_263' title='bbox 1812 2373 1996 2445; x_wconf 86' lang='grc' dir='ltr'>ἀκρω-</span> 
     </span>
    </p>
   </div>
   <div class='ocr_carea' id='block_1_42' title="bbox 409 2463 1994 2539">
    <p class='ocr_par' dir='ltr' id='par_1_42' title="bbox 409 2463 1994 2539">
     <span class='ocr_line' id='line_1_42' title="bbox 409 2463 1994 2539; baseline 0 -21"><span class='ocrx_word' id='word_1_264' title='bbox 409 2465 840 2539; x_wconf 80' lang='grc' dir='ltr'>τηριαζομένων,</span> <span class='ocrx_word' id='word_1_265' title='bbox 873 2465 945 2519; x_wconf 86' lang='grc' dir='ltr'><strong>τά</strong></span> <span class='ocrx_word' id='word_1_266' title='bbox 970 2481 1029 2519; x_wconf 86' lang='grc' dir='ltr'><strong>τε</strong></span> <span class='ocrx_word' id='word_1_267' title='bbox 1056 2465 1219 2519; x_wconf 87' lang='grc' dir='ltr'>λοιπά</span> <span class='ocrx_word' id='word_1_268' title='bbox 1244 2464 1339 2519; x_wconf 88' lang='grc' dir='ltr'><strong>τοῦ</strong></span> <span class='ocrx_word' id='word_1_269' title='bbox 1370 2464 1622 2535; x_wconf 88' lang='grc' dir='ltr'>σώματος</span> <span class='ocrx_word' id='word_1_270' title='bbox 1653 2464 1789 2536; x_wconf 86' lang='grc' dir='ltr'>μέλη</span> <span class='ocrx_word' id='word_1_271' title='bbox 1814 2482 1874 2518; x_wconf 89' lang='grc' dir='ltr'><strong>τε</strong></span> <span class='ocrx_word' id='word_1_272' title='bbox 1900 2463 1994 2518; x_wconf 76' lang='grc' dir='ltr'><strong>καὶ</strong></span> 
     </span>
    </p>
   </div>
   <div class='ocr_carea' id='block_1_43' title="bbox 415 2553 1992 2631">
    <p class='ocr_par' dir='ltr' id='par_1_43' title="bbox 415 2553 1992 2631">
     <span class='ocr_line' id='line_1_43' title="bbox 415 2553 1992 2631; baseline -0.001 -20"><span class='ocrx_word' id='word_1_273' title='bbox 415 2559 555 2630; x_wconf 83' lang='grc' dir='ltr'>μέρη</span> <span class='ocrx_word' id='word_1_274' title='bbox 587 2559 1087 2631; x_wconf 85' lang='grc' dir='ltr'>κρεουργουμένων,</span> <span class='ocrx_word' id='word_1_275' title='bbox 1119 2553 1207 2612; x_wconf 77' lang='grc' dir='ltr'>οἷα</span> <span class='ocrx_word' id='word_1_276' title='bbox 1234 2558 1304 2613; x_wconf 82' lang='grc' dir='ltr'>τὰ</span> <span class='ocrx_word' id='word_1_277' title='bbox 1329 2559 1416 2612; x_wconf 86' lang='grc' dir='ltr'>ἐπ’</span> <span class='ocrx_word' id='word_1_278' title='bbox 1456 2557 1860 2631; x_wconf 80' lang='grc' dir='ltr'>Ἀλεξανδρείας</span> <span class='ocrx_word' id='word_1_279' title='bbox 1888 2553 1992 2629; x_wconf 57' lang='lat' dir='ltr'><strong>ipa;</strong></span> 
     </span>
    </p>
   </div>
   <div class='ocr_carea' id='block_1_44' title="bbox 410 2648 1992 2722">
    <p class='ocr_par' dir='ltr' id='par_1_44' title="bbox 410 2648 1992 2722">
     <span class='ocr_line' id='line_1_44' title="bbox 410 2648 1992 2722; baseline -0.001 -21"><span class='ocrx_word' id='word_1_280' title='bbox 410 2648 478 2701; x_wconf 90' lang='grc' dir='ltr'>Τί</span> <span class='ocrx_word' id='word_1_281' title='bbox 498 2649 577 2701; x_wconf 86' lang='grc' dir='ltr'><strong>δεῖ</strong></span> <span class='ocrx_word' id='word_1_282' title='bbox 599 2648 706 2701; x_wconf 89' lang='grc' dir='ltr'><strong>τῶν</strong></span> <span class='ocrx_word' id='word_1_283' title='bbox 733 2651 819 2701; x_wconf 83' lang='grc' dir='ltr'>ἐπ’</span> <span class='ocrx_word' id='word_1_284' title='bbox 858 2651 1185 2721; x_wconf 86' lang='grc' dir='ltr'>Ἀντιοχείας</span> <span class='ocrx_word' id='word_1_285' title='bbox 1203 2648 1584 2722; x_wconf 77' lang='grc' dir='ltr'>ἀναζωπυρεῖν</span> <span class='ocrx_word' id='word_1_286' title='bbox 1611 2648 1710 2719; x_wconf 83' lang='grc' dir='ltr'><strong>τὴν</strong></span> <span class='ocrx_word' id='word_1_287' title='bbox 1748 2650 1992 2721; x_wconf 78' lang='grc' dir='ltr'>μνήμην,</span> 
     </span>
    </p>
   </div>
   <div class='ocr_carea' id='block_1_45' title="bbox 411 2741 1996 2815">
    <p class='ocr_par' dir='ltr' id='par_1_45' title="bbox 411 2741 1996 2815">
     <span class='ocr_line' id='line_1_45' title="bbox 411 2741 1996 2815; baseline 0.001 -22"><span class='ocrx_word' id='word_1_288' title='bbox 411 2741 671 2812; x_wconf 78' lang='grc' dir='ltr'>ἐσχάραις</span> <span class='ocrx_word' id='word_1_289' title='bbox 706 2742 879 2815; x_wconf 81' lang='grc' dir='ltr'>πυρὸς</span> <span class='ocrx_word' id='word_1_290' title='bbox 919 2743 1029 2815; x_wconf 78' lang='grc'><strong>(47)</strong></span> <span class='ocrx_word' id='word_1_291' title='bbox 1061 2744 1161 2797; x_wconf 86' lang='grc' dir='ltr'><strong>ούκ</strong></span> <span class='ocrx_word' id='word_1_292' title='bbox 1194 2744 1275 2807; x_wconf 86' lang='grc' dir='ltr'><strong>είς</strong></span> <span class='ocrx_word' id='word_1_293' title='bbox 1315 2742 1565 2806; x_wconf 88' lang='grc' dir='ltr'>θάνατον,</span> <span class='ocrx_word' id='word_1_294' title='bbox 1602 2741 1718 2796; x_wconf 83' lang='grc' dir='ltr'>ἀλλ’</span> <span class='ocrx_word' id='word_1_295' title='bbox 1750 2742 1844 2795; x_wconf 76' lang='grc' dir='ltr'><strong>ἐπὶ</strong></span> <span class='ocrx_word' id='word_1_296' title='bbox 1889 2759 1996 2812; x_wconf 84' lang='grc' dir='ltr'>μα-</span> 
     </span>
    </p>
   </div>
   <div class='ocr_carea' id='block_1_46' title="bbox 410 2829 1994 2905">
    <p class='ocr_par' dir='ltr' id='par_1_46' title="bbox 410 2829 1994 2905">
     <span class='ocr_line' id='line_1_46' title="bbox 410 2829 1994 2905; baseline 0.003 -25"><span class='ocrx_word' id='word_1_297' title='bbox 410 2829 519 2899; x_wconf 75' lang='grc' dir='ltr'>κρᾷ</span> <span class='ocrx_word' id='word_1_298' title='bbox 548 2830 788 2900; x_wconf 69' lang='grc' dir='ltr'>τιμωρία</span> <span class='ocrx_word' id='word_1_299' title='bbox 827 2834 1292 2904; x_wconf 87' lang='grc' dir='ltr'>κατοπτωμένων,</span> <span class='ocrx_word' id='word_1_300' title='bbox 1327 2832 1530 2905; x_wconf 87' lang='grc' dir='ltr'>ἐτέρων</span> <span class='ocrx_word' id='word_1_301' title='bbox 1576 2848 1636 2884; x_wconf 90' lang='grc' dir='ltr'><strong>τε</strong></span> <span class='ocrx_word' id='word_1_302' title='bbox 1670 2832 1864 2885; x_wconf 75' lang='grc' dir='ltr'>θᾶττον</span> <span class='ocrx_word' id='word_1_303' title='bbox 1894 2831 1994 2904; x_wconf 83' lang='grc' dir='ltr'>τὴν</span> 
     </span>
    </p>
   </div>
   <div class='ocr_carea' id='block_1_47' title="bbox 408 2917 1994 2996">
    <p class='ocr_par' dir='ltr' id='par_1_47' title="bbox 408 2917 1994 2996">
     <span class='ocr_line' id='line_1_47' title="bbox 408 2917 1994 2996; baseline 0.004 -25"><span class='ocrx_word' id='word_1_304' title='bbox 408 2917 589 2985; x_wconf 76' lang='grc' dir='ltr'>δεξιάν</span> <span class='ocrx_word' id='word_1_305' title='bbox 617 2921 795 2975; x_wconf 80' lang='grc' dir='ltr'>αὐτῶν</span> <span class='ocrx_word' id='word_1_306' title='bbox 828 2925 961 2996; x_wconf 78' lang='grc' dir='ltr'>πυρὶ</span> <span class='ocrx_word' id='word_1_307' title='bbox 988 2924 1306 2989; x_wconf 86' lang='grc' dir='ltr'>καθιέντων,</span> <span class='ocrx_word' id='word_1_308' title='bbox 1337 2924 1370 2995; x_wconf 79' lang='grc' dir='ltr'>ἢ</span> <span class='ocrx_word' id='word_1_309' title='bbox 1411 2924 1511 2995; x_wconf 80' lang='grc' dir='ltr'>τῆς</span> <span class='ocrx_word' id='word_1_310' title='bbox 1541 2923 1769 2993; x_wconf 76' lang='grc' dir='ltr'>ἐναγοῦς</span> <span class='ocrx_word' id='word_1_311' title='bbox 1801 2923 1994 2988; x_wconf 84' lang='grc' dir='ltr'>θυσίας</span> 
     </span>
    </p>
   </div>
   <div class='ocr_carea' id='block_1_48' title="bbox 408 3007 1999 3090">
    <p class='ocr_par' dir='ltr' id='par_1_48' title="bbox 408 3007 1999 3090">
     <span class='ocr_line' id='line_1_48' title="bbox 408 3007 1999 3090; baseline 0.008 -30"><span class='ocrx_word' id='word_1_312' title='bbox 408 3009 833 3083; x_wconf 76' lang='grc' dir='ltr'>ὲφατπομένων;</span> <span class='ocrx_word' id='word_1_313' title='bbox 873 3007 949 3067; x_wconf 83' lang='grc' dir='ltr'>ὧν</span> <span class='ocrx_word' id='word_1_314' title='bbox 981 3031 1125 3079; x_wconf 87' lang='grc' dir='ltr'>τινες</span> <span class='ocrx_word' id='word_1_315' title='bbox 1155 3015 1255 3087; x_wconf 78' lang='grc' dir='ltr'><strong>τὴν</strong></span> <span class='ocrx_word' id='word_1_316' title='bbox 1284 3018 1482 3088; x_wconf 89' lang='grc' dir='ltr'>πεῖραν</span> <span class='ocrx_word' id='word_1_317' title='bbox 1516 3015 1828 3085; x_wconf 85' lang='grc' dir='ltr'>φεύγοντες,</span> <span class='ocrx_word' id='word_1_318' title='bbox 1863 3017 1999 3090; x_wconf 73' lang='grc' dir='ltr'>πρὶν</span> 
     </span>
    </p>
   </div>
   <div class='ocr_carea' id='block_1_49' title="bbox 409 3102 1995 3179">
    <p class='ocr_par' dir='ltr' id='par_1_49' title="bbox 409 3102 1995 3179">
     <span class='ocr_line' id='line_1_49' title="bbox 409 3102 1995 3179; baseline 0.004 -24"><span class='ocrx_word' id='word_1_319' title='bbox 409 3102 611 3157; x_wconf 84' lang='grc' dir='ltr'>ἁλῶναι</span> <span class='ocrx_word' id='word_1_320' title='bbox 648 3107 743 3158; x_wconf 77' lang='grc' dir='ltr'><strong>καὶ</strong></span> <span class='ocrx_word' id='word_1_321' title='bbox 773 3106 851 3170; x_wconf 86' lang='grc' dir='ltr'><strong>είς</strong></span> <span class='ocrx_word' id='word_1_322' title='bbox 891 3110 1077 3179; x_wconf 82' lang='grc' dir='ltr'>χεῖρας</span> <span class='ocrx_word' id='word_1_323' title='bbox 1107 3108 1218 3161; x_wconf 86' lang='grc' dir='ltr'><strong>τῶν</strong></span> <span class='ocrx_word' id='word_1_324' title='bbox 1263 3107 1565 3162; x_wconf 85' lang='grc' dir='ltr'>ἐπιϐούλων</span> <span class='ocrx_word' id='word_1_325' title='bbox 1613 3107 1811 3175; x_wconf 88' lang='grc' dir='ltr'>ἐλθεῖν,</span> <span class='ocrx_word' id='word_1_326' title='bbox 1848 3109 1995 3164; x_wconf 81' lang='grc' dir='ltr'>ἄνω-</span> 
     </span>
    </p>
   </div>
   <div class='ocr_carea' id='block_1_50' title="bbox 379 3192 1988 3271">
    <p class='ocr_par' dir='ltr' id='par_1_50' title="bbox 379 3192 1988 3271">
     <span class='ocr_line' id='line_1_50' title="bbox 379 3192 1988 3271; baseline 0.003 -25"><span class='ocrx_word' id='word_1_327' title='bbox 379 3192 501 3260; x_wconf 82' lang='grc' dir='ltr'><strong>θεν</strong></span> <span class='ocrx_word' id='word_1_328' title='bbox 547 3196 606 3263; x_wconf 83' lang='grc' dir='ltr'>ἐξ</span> <span class='ocrx_word' id='word_1_329' title='bbox 650 3197 871 3266; x_wconf 72' lang='grc' dir='ltr'>ὑψηλῶν</span> <span class='ocrx_word' id='word_1_330' title='bbox 915 3199 1182 3269; x_wconf 85' lang='grc' dir='ltr'>δωμάτων</span> <span class='ocrx_word' id='word_1_331' title='bbox 1239 3199 1468 3262; x_wconf 79' lang='grc' dir='ltr'>ἑαυτοὺς</span> <span class='ocrx_word' id='word_1_332' title='bbox 1516 3200 1988 3271; x_wconf 78' lang='grc' dir='ltr'>κατεκρήμνισαν,</span> 
     </span>
    </p>
   </div>
   <div class='ocr_carea' id='block_1_51' title="bbox 408 3287 1992 3361">
    <p class='ocr_par' dir='ltr' id='par_1_51' title="bbox 408 3287 1992 3361">
     <span class='ocr_line' id='line_1_51' title="bbox 408 3287 1992 3361; baseline 0.002 -20"><span class='ocrx_word' id='word_1_333' title='bbox 408 3287 498 3343; x_wconf 80' lang='grc' dir='ltr'><strong>τὸν</strong></span> <span class='ocrx_word' id='word_1_334' title='bbox 552 3288 782 3343; x_wconf 89' lang='grc' dir='ltr'>θάνατον</span> <span class='ocrx_word' id='word_1_335' title='bbox 823 3289 1094 3361; x_wconf 76' lang='grc' dir='ltr'>ἅρπαγμα</span> <span class='ocrx_word' id='word_1_336' title='bbox 1144 3290 1361 3361; x_wconf 81' lang='grc' dir='ltr'>θέμενοι</span> <span class='ocrx_word' id='word_1_337' title='bbox 1404 3290 1505 3360; x_wconf 82' lang='grc' dir='ltr'>τῆς</span> <span class='ocrx_word' id='word_1_338' title='bbox 1552 3290 1663 3344; x_wconf 90' lang='grc' dir='ltr'><strong>τῶν</strong></span> <span class='ocrx_word' id='word_1_339' title='bbox 1716 3290 1992 3344; x_wconf 84' lang='grc' dir='ltr'>δυσσεϐῶν</span> 
     </span>
    </p>
   </div>
   <div class='ocr_carea' id='block_1_52' title="bbox 412 3376 1992 3452">
    <p class='ocr_par' dir='ltr' id='par_1_52' title="bbox 412 3376 1992 3452">
     <span class='ocr_line' id='line_1_52' title="bbox 412 3376 1992 3452; baseline 0.001 -21"><span class='ocrx_word' id='word_1_340' title='bbox 412 3376 732 3449; x_wconf 78' lang='grc' dir='ltr'>μοχθηρίας.</span> <span class='ocrx_word' id='word_1_341' title='bbox 768 3380 878 3431; x_wconf 78' lang='grc' dir='ltr'>Καί</span> <span class='ocrx_word' id='word_1_342' title='bbox 924 3378 1158 3450; x_wconf 71' lang='grc' dir='ltr'>τιξὶερὰ</span> <span class='ocrx_word' id='word_1_343' title='bbox 1185 3380 1280 3432; x_wconf 72' lang='grc' dir='ltr'>καὶ</span> <span class='ocrx_word' id='word_1_344' title='bbox 1318 3379 1595 3450; x_wconf 86' lang='grc' dir='ltr'>θαυμασία</span> <span class='ocrx_word' id='word_1_345' title='bbox 1635 3381 1735 3452; x_wconf 85' lang='grc' dir='ltr'><strong>τὴν</strong></span> <span class='ocrx_word' id='word_1_346' title='bbox 1762 3381 1862 3451; x_wconf 84' lang='grc' dir='ltr'>τῆς</span> <span class='ocrx_word' id='word_1_347' title='bbox 1891 3380 1992 3450; x_wconf 79' lang='grc' dir='ltr'><strong>ψυ-</strong></span> 
     </span>
    </p>
   </div>
   <div class='ocr_carea' id='block_1_53' title="bbox 409 3464 1990 3541">
    <p class='ocr_par' dir='ltr' id='par_1_53' title="bbox 409 3464 1990 3541">
     <span class='ocr_line' id='line_1_53' title="bbox 409 3464 1990 3541; baseline 0.004 -24"><span class='ocrx_word' id='word_1_348' title='bbox 409 3464 510 3534; x_wconf 73' lang='grc' dir='ltr'>χῆς</span> <span class='ocrx_word' id='word_1_349' title='bbox 537 3466 761 3537; x_wconf 80' lang='grc' dir='ltr'>ἀρετὴν,</span> <span class='ocrx_word' id='word_1_350' title='bbox 794 3468 856 3521; x_wconf 83' lang='grc' dir='ltr'>τὸ</span> <span class='ocrx_word' id='word_1_351' title='bbox 886 3468 941 3521; x_wconf 77' lang='grc' dir='ltr'><strong>δὲ</strong></span> <span class='ocrx_word' id='word_1_352' title='bbox 977 3469 1136 3539; x_wconf 86' lang='grc' dir='ltr'>σῶμα</span> <span class='ocrx_word' id='word_1_353' title='bbox 1162 3469 1321 3541; x_wconf 80' lang='grc' dir='ltr'>γυνὴ,</span> <span class='ocrx_word' id='word_1_354' title='bbox 1358 3470 1453 3522; x_wconf 77' lang='grc' dir='ltr'>καὶ</span> <span class='ocrx_word' id='word_1_355' title='bbox 1490 3470 1560 3523; x_wconf 82' lang='grc' dir='ltr'>τὰ</span> <span class='ocrx_word' id='word_1_356' title='bbox 1599 3470 1734 3525; x_wconf 82' lang='grc' dir='ltr'>ἀλλα</span> <span class='ocrx_word' id='word_1_357' title='bbox 1762 3470 1873 3524; x_wconf 87' lang='grc' dir='ltr'><strong>τῶν</strong></span> <span class='ocrx_word' id='word_1_358' title='bbox 1905 3472 1990 3524; x_wconf 86' lang='grc' dir='ltr'>ἐπ’</span> 
     </span>
    </p>
   </div>
   <div class='ocr_carea' id='block_1_54' title="bbox 422 3554 1991 3633">
    <p class='ocr_par' dir='ltr' id='par_1_54' title="bbox 422 3554 1991 3633">
     <span class='ocr_line' id='line_1_54' title="bbox 422 3554 1991 3633; baseline 0.004 -26"><span class='ocrx_word' id='word_1_359' title='bbox 422 3554 752 3626; x_wconf 82' lang='grc' dir='ltr'>Ἀντιοχείας</span> <span class='ocrx_word' id='word_1_360' title='bbox 779 3558 993 3631; x_wconf 84' lang='grc' dir='ltr'>πλούτῳ</span> <span class='ocrx_word' id='word_1_361' title='bbox 1021 3562 1113 3613; x_wconf 74' lang='grc' dir='ltr'><strong>καὶ</strong></span> <span class='ocrx_word' id='word_1_362' title='bbox 1138 3560 1288 3629; x_wconf 85' lang='grc' dir='ltr'>γένει</span> <span class='ocrx_word' id='word_1_363' title='bbox 1317 3560 1412 3613; x_wconf 81' lang='grc' dir='ltr'><strong>καὶ</strong></span> <span class='ocrx_word' id='word_1_364' title='bbox 1438 3559 1650 3633; x_wconf 76' lang='grc' dir='ltr'>εὐδοξίᾳ</span> <span class='ocrx_word' id='word_1_365' title='bbox 1681 3561 1830 3633; x_wconf 82' lang='grc' dir='ltr'><strong>παρά</strong></span> <span class='ocrx_word' id='word_1_366' title='bbox 1854 3563 1991 3617; x_wconf 82' lang='grc' dir='ltr'>πᾶσι</span> 
     </span>
    </p>
   </div>
   <div class='ocr_carea' id='block_1_55' title="bbox 410 3646 1990 3724">
    <p class='ocr_par' dir='ltr' id='par_1_55' title="bbox 410 3646 1990 3724">
     <span class='ocr_line' id='line_1_55' title="bbox 410 3646 1990 3724; baseline 0.006 -26"><span class='ocrx_word' id='word_1_367' title='bbox 410 3646 736 3720; x_wconf 79' lang='grc' dir='ltr'>βεϐοημένη,</span> <span class='ocrx_word' id='word_1_368' title='bbox 778 3651 983 3704; x_wconf 85' lang='grc' dir='ltr'>παίδων</span> <span class='ocrx_word' id='word_1_369' title='bbox 1016 3650 1280 3722; x_wconf 81' lang='grc' dir='ltr'>ξυνωρίδα</span> <span class='ocrx_word' id='word_1_370' title='bbox 1322 3651 1608 3723; x_wconf 84' lang='grc' dir='ltr'>παρθένων</span> <span class='ocrx_word' id='word_1_371' title='bbox 1653 3656 1718 3724; x_wconf 80' lang='grc' dir='ltr'>τῇ</span> <span class='ocrx_word' id='word_1_372' title='bbox 1750 3652 1846 3706; x_wconf 90' lang='grc' dir='ltr'><strong>τοῦ</strong></span> <span class='ocrx_word' id='word_1_373' title='bbox 1884 3652 1990 3706; x_wconf 84' lang='grc' dir='ltr'><strong>σώ-</strong></span> 
     </span>
    </p>
   </div>
   <div class='ocr_carea' id='block_1_56' title="bbox 409 3740 1987 3817">
    <p class='ocr_par' dir='ltr' id='par_1_56' title="bbox 409 3740 1987 3817">
     <span class='ocr_line' id='line_1_56' title="bbox 409 3740 1987 3817; baseline 0.006 -25"><span class='ocrx_word' id='word_1_374' title='bbox 409 3755 579 3810; x_wconf 85' lang='grc' dir='ltr'>ματος</span> <span class='ocrx_word' id='word_1_375' title='bbox 616 3740 736 3812; x_wconf 71' lang='grc' dir='ltr'><strong>ὥρᾳ</strong></span> <span class='ocrx_word' id='word_1_376' title='bbox 769 3743 863 3795; x_wconf 75' lang='grc' dir='ltr'><strong>καὶ</strong></span> <span class='ocrx_word' id='word_1_377' title='bbox 904 3744 1056 3815; x_wconf 76' lang='grc' dir='ltr'>ἀκμῇ</span> <span class='ocrx_word' id='word_1_378' title='bbox 1085 3745 1524 3816; x_wconf 82' lang='grc' dir='ltr'>διαπρεπουσῶν,</span> <span class='ocrx_word' id='word_1_379' title='bbox 1569 3744 1790 3817; x_wconf 81' lang='grc' dir='ltr'>θεσμοῖς</span> <span class='ocrx_word' id='word_1_380' title='bbox 1832 3748 1987 3801; x_wconf 78' lang='grc' dir='ltr'>εὐσε-</span> 
     </span>
    </p>
   </div>
   <div class='ocr_carea' id='block_1_57' title="bbox 407 3830 1986 3911">
    <p class='ocr_par' dir='ltr' id='par_1_57' title="bbox 407 3830 1986 3911">
     <span class='ocr_line' id='line_1_57' title="bbox 407 3830 1986 3911; baseline 0.008 -29"><span class='ocrx_word' id='word_1_381' title='bbox 407 3830 558 3895; x_wconf 71' lang='grc' dir='ltr'>ϐείας</span> <span class='ocrx_word' id='word_1_382' title='bbox 588 3831 1031 3906; x_wconf 70' lang='grc' dir='ltr'>ἀναθρεψαμένη,</span> <span class='ocrx_word' id='word_1_383' title='bbox 1060 3837 1247 3907; x_wconf 82' lang='grc' dir='ltr'>ἐπειδὴ</span> <span class='ocrx_word' id='word_1_384' title='bbox 1282 3837 1450 3901; x_wconf 81' lang='grc' dir='ltr'>πολὺς</span> <span class='ocrx_word' id='word_1_385' title='bbox 1479 3840 1507 3892; x_wconf 86' lang='grc' dir='ltr'><strong>ὁ</strong></span> <span class='ocrx_word' id='word_1_386' title='bbox 1538 3840 1667 3911; x_wconf 76' lang='grc' dir='ltr'>περὶ</span> <span class='ocrx_word' id='word_1_387' title='bbox 1696 3840 1865 3905; x_wconf 84' lang='grc' dir='ltr'>αύτὰς</span> <span class='ocrx_word' id='word_1_388' title='bbox 1900 3859 1986 3895; x_wconf 89' lang='grc' dir='ltr'>κι-</span> 
     </span>
    </p>
   </div>
   <div class='ocr_carea' id='block_1_58' title="bbox 405 3925 1987 4000">
    <p class='ocr_par' dir='ltr' id='par_1_58' title="bbox 405 3925 1987 4000">
     <span class='ocr_line' id='line_1_58' title="bbox 405 3925 1987 4000; baseline 0.005 -21"><span class='ocrx_word' id='word_1_389' title='bbox 405 3925 662 3996; x_wconf 86' lang='grc' dir='ltr'>νούμενος</span> <span class='ocrx_word' id='word_1_390' title='bbox 722 3926 936 3995; x_wconf 82' lang='grc' dir='ltr'>φθόνος,</span> <span class='ocrx_word' id='word_1_391' title='bbox 973 3928 1150 3982; x_wconf 89' lang='grc' dir='ltr'>πάντα</span> <span class='ocrx_word' id='word_1_392' title='bbox 1196 3930 1398 4000; x_wconf 84' lang='grc' dir='ltr'>τρόπον</span> <span class='ocrx_word' id='word_1_393' title='bbox 1443 3931 1741 4000; x_wconf 76' lang='grc' dir='ltr'>ἀνιχνεύων</span> <span class='ocrx_word' id='word_1_394' title='bbox 1787 3932 1987 3988; x_wconf 89' lang='grc' dir='ltr'>λανθα-</span> 
     </span>
    </p>
   </div>
   <div class='ocr_carea' id='block_1_59' title="bbox 402 4019 1989 4099">
    <p class='ocr_par' dir='ltr' id='par_1_59' title="bbox 402 4019 1989 4099">
     <span class='ocr_line' id='line_1_59' title="bbox 402 4019 1989 4099; baseline 0.004 -22"><span class='ocrx_word' id='word_1_395' title='bbox 402 4021 599 4087; x_wconf 90' lang='grc' dir='ltr'>νούσας</span> <span class='ocrx_word' id='word_1_396' title='bbox 662 4021 1097 4094; x_wconf 83' lang='grc' dir='ltr'>περιειργάζετο,</span> <span class='ocrx_word' id='word_1_397' title='bbox 1156 4019 1275 4077; x_wconf 78' lang='grc' dir='ltr'>εἶτα</span> <span class='ocrx_word' id='word_1_398' title='bbox 1328 4026 1416 4078; x_wconf 86' lang='grc' dir='ltr'>ἐπ’</span> <span class='ocrx_word' id='word_1_399' title='bbox 1460 4025 1765 4099; x_wconf 84' lang='grc' dir='ltr'>ἀλλοδαπῆς</span> <span class='ocrx_word' id='word_1_400' title='bbox 1817 4029 1989 4093; x_wconf 72' lang='grc' dir='ltr'>αὐτὰς</span> 
     </span>
    </p>
   </div>
   <div class='ocr_carea' id='block_1_60' title="bbox 402 4115 1989 4191">
    <p class='ocr_par' dir='ltr' id='par_1_60' title="bbox 402 4115 1989 4191">
     <span class='ocr_line' id='line_1_60' title="bbox 402 4115 1989 4191; baseline 0.003 -22"><span class='ocrx_word' id='word_1_401' title='bbox 402 4115 695 4190; x_wconf 87' lang='grc' dir='ltr'>διατρίϐειν</span> <span class='ocrx_word' id='word_1_402' title='bbox 733 4115 940 4187; x_wconf 84' lang='grc' dir='ltr'>μαθὼν,</span> <span class='ocrx_word' id='word_1_403' title='bbox 988 4117 1464 4188; x_wconf 67' lang='grc' dir='ltr'>πεφροντισμένως</span> <span class='ocrx_word' id='word_1_404' title='bbox 1507 4119 1600 4171; x_wconf 81' lang='grc' dir='ltr'><strong>ἐπὶ</strong></span> <span class='ocrx_word' id='word_1_405' title='bbox 1638 4120 1737 4191; x_wconf 76' lang='grc' dir='ltr'><strong>τὴν</strong></span> <span class='ocrx_word' id='word_1_406' title='bbox 1786 4122 1989 4175; x_wconf 86' lang='grc' dir='ltr'>Ἀντιό-</span> 
     </span>
    </p>
   </div>
   <div class='ocr_carea' id='block_1_61' title="bbox 405 4207 1988 4281">
    <p class='ocr_par' dir='ltr' id='par_1_61' title="bbox 405 4207 1988 4281">
     <span class='ocr_line' id='line_1_61' title="bbox 405 4207 1988 4281; baseline 0.003 -21"><span class='ocrx_word' id='word_1_407' title='bbox 405 4224 554 4278; x_wconf 87' lang='grc' dir='ltr'>χειαν</span> <span class='ocrx_word' id='word_1_408' title='bbox 608 4207 825 4271; x_wconf 81' lang='grc' dir='ltr'>ἐκάλει,</span> <span class='ocrx_word' id='word_1_409' title='bbox 874 4207 1106 4261; x_wconf 80' lang='grc' dir='ltr'>δικτύων</span> <span class='ocrx_word' id='word_1_410' title='bbox 1157 4208 1213 4261; x_wconf 85' lang='grc' dir='ltr'><strong>δὲ</strong></span> <span class='ocrx_word' id='word_1_411' title='bbox 1257 4208 1358 4279; x_wconf 73' lang='grc' dir='ltr'>ἤδη</span> <span class='ocrx_word' id='word_1_412' title='bbox 1409 4211 1813 4281; x_wconf 85' lang='grc' dir='ltr'>στρατιωτικῶν</span> <span class='ocrx_word' id='word_1_413' title='bbox 1858 4213 1988 4266; x_wconf 81' lang='grc' dir='ltr'>εἵσω</span> 
     </span>
    </p>
   </div>
   <div class='ocr_carea' id='block_1_62' title="bbox 405 4299 1989 4373">
    <p class='ocr_par' dir='ltr' id='par_1_62' title="bbox 405 4299 1989 4373">
     <span class='ocr_line' id='line_1_62' title="bbox 405 4299 1989 4373; baseline 0.003 -21"><span class='ocrx_word' id='word_1_414' title='bbox 405 4299 810 4371; x_wconf 79' lang='grc' dir='ltr'>περιϐέϐληντο,</span> <span class='ocrx_word' id='word_1_415' title='bbox 840 4302 898 4353; x_wconf 88' lang='grc' dir='ltr'><strong>ἐν</strong></span> <span class='ocrx_word' id='word_1_416' title='bbox 925 4301 1231 4372; x_wconf 77' lang='grc' dir='ltr'>ἀμηχάνοις</span> <span class='ocrx_word' id='word_1_417' title='bbox 1258 4302 1428 4373; x_wconf 77' lang='grc' dir='ltr'>αὐτὴν</span> <span class='ocrx_word' id='word_1_418' title='bbox 1458 4304 1554 4356; x_wconf 76' lang='grc' dir='ltr'><strong>καὶ</strong></span> <span class='ocrx_word' id='word_1_419' title='bbox 1580 4303 1775 4367; x_wconf 88' lang='grc' dir='ltr'>παῖδας</span> <span class='ocrx_word' id='word_1_420' title='bbox 1801 4304 1989 4357; x_wconf 86' lang='grc' dir='ltr'>θεασα-</span> 
     </span>
    </p>
   </div>
   <div class='ocr_carea' id='block_1_63' title="bbox 410 4391 1987 4469">
    <p class='ocr_par' dir='ltr' id='par_1_63' title="bbox 410 4391 1987 4469">
     <span class='ocr_line' id='line_1_63' title="bbox 410 4391 1987 4469; baseline 0.005 -25"><span class='ocrx_word' id='word_1_421' title='bbox 410 4392 565 4462; x_wconf 87' lang='grc' dir='ltr'>μένη,</span> <span class='ocrx_word' id='word_1_422' title='bbox 604 4394 699 4447; x_wconf 73' lang='grc' dir='ltr'><strong>καὶ</strong></span> <span class='ocrx_word' id='word_1_423' title='bbox 734 4391 802 4445; x_wconf 78' lang='grc' dir='ltr'>τὰ</span> <span class='ocrx_word' id='word_1_424' title='bbox 833 4392 1095 4463; x_wconf 88' lang='grc' dir='ltr'>μέλλοντα</span> <span class='ocrx_word' id='word_1_425' title='bbox 1125 4394 1184 4461; x_wconf 79' lang='grc' dir='ltr'>ἐξ</span> <span class='ocrx_word' id='word_1_426' title='bbox 1216 4395 1519 4467; x_wconf 83' lang='grc' dir='ltr'>ἀνθρώπων</span> <span class='ocrx_word' id='word_1_427' title='bbox 1553 4397 1702 4451; x_wconf 78' lang='grc' dir='ltr'>δεινὰ</span> <span class='ocrx_word' id='word_1_428' title='bbox 1732 4398 1810 4469; x_wconf 79' lang='grc' dir='ltr'>τῷ</span> <span class='ocrx_word' id='word_1_429' title='bbox 1842 4400 1987 4469; x_wconf 79' lang='grc' dir='ltr'>λόγῳ</span> 
     </span>
    </p>
   </div>
   <div class='ocr_carea' id='block_1_64' title="bbox 2095 1912 3678 1982">
    <p class='ocr_par' dir='ltr' id='par_1_64' title="bbox 2095 1912 3678 1982">
     <span class='ocr_line' id='line_1_64' title="bbox 2095 1912 3678 1982; baseline -0.001 -12"><span class='ocrx_word' id='word_1_430' title='bbox 2095 1912 2371 1970; x_wconf 81' lang='lat' dir='ltr'><strong>suﬁ&#39;ractis</strong></span> <span class='ocrx_word' id='word_1_431' title='bbox 2394 1914 2652 1971; x_wconf 90' lang='lat' dir='ltr'><strong>cruribus</strong></span> <span class='ocrx_word' id='word_1_432' title='bbox 2675 1913 3013 1977; x_wconf 87' lang='lat' dir='ltr'><strong>interierint,</strong></span> <span class='ocrx_word' id='word_1_433' title='bbox 3046 1913 3504 1982; x_wconf 88' lang='lat' dir='ltr'><strong>quemadmodum</strong></span> <span class='ocrx_word' id='word_1_434' title='bbox 3535 1915 3678 1968; x_wconf 72' lang='lat' dir='ltr'><strong>acci-</strong></span> 
     </span>
    </p>
   </div>
   <div class='ocr_carea' id='block_1_65' title="bbox 2096 2004 3680 2075">
    <p class='ocr_par' dir='ltr' id='par_1_65' title="bbox 2096 2004 3680 2075">
     <span class='ocr_line' id='line_1_65' title="bbox 2096 2004 3680 2075; baseline -0.001 -15"><span class='ocrx_word' id='word_1_435' title='bbox 2096 2007 2175 2060; x_wconf 93' lang='lat' dir='ltr'><strong>dit</strong></span> <span class='ocrx_word' id='word_1_436' title='bbox 2209 2006 2263 2060; x_wconf 92' lang='lat' dir='ltr'><strong>in</strong></span> <span class='ocrx_word' id='word_1_437' title='bbox 2293 2004 2674 2075; x_wconf 87' lang='lat' dir='ltr'><strong>Cappadocia;</strong></span> <span class='ocrx_word' id='word_1_438' title='bbox 2706 2004 2949 2060; x_wconf 87' lang='lat' dir='ltr'><strong>nonnulli</strong></span> <span class='ocrx_word' id='word_1_439' title='bbox 3000 2006 3181 2074; x_wconf 85' lang='lat' dir='ltr'><strong>capite</strong></span> <span class='ocrx_word' id='word_1_440' title='bbox 3216 2005 3473 2060; x_wconf 88' lang='lat' dir='ltr'><strong>deorsum</strong></span> <span class='ocrx_word' id='word_1_441' title='bbox 3516 2018 3680 2059; x_wconf 80' lang='lat' dir='ltr'><strong>verso</strong></span> 
     </span>
    </p>
   </div>
   <div class='ocr_carea' id='block_1_66' title="bbox 2096 2090 3678 2169">
    <p class='ocr_par' dir='ltr' id='par_1_66' title="bbox 2096 2090 3678 2169">
     <span class='ocr_line' id='line_1_66' title="bbox 2096 2090 3678 2169; baseline 0 -17"><span class='ocrx_word' id='word_1_442' title='bbox 2096 2090 2323 2169; x_wconf 82' lang='lat' dir='ltr'><strong>pedibus</strong></span> <span class='ocrx_word' id='word_1_443' title='bbox 2370 2098 2641 2168; x_wconf 84' lang='lat' dir='ltr'><strong>suspensi,</strong></span> <span class='ocrx_word' id='word_1_444' title='bbox 2680 2097 2788 2152; x_wconf 88' lang='lat' dir='ltr'><strong>leni</strong></span> <span class='ocrx_word' id='word_1_445' title='bbox 2837 2111 2899 2151; x_wconf 91' lang='lat' dir='ltr'><strong>ac</strong></span> <span class='ocrx_word' id='word_1_446' title='bbox 2925 2097 3156 2152; x_wconf 91' lang='lat' dir='ltr'><strong>remisso</strong></span> <span class='ocrx_word' id='word_1_447' title='bbox 3201 2098 3323 2169; x_wconf 86' lang='lat' dir='ltr'><strong>igne</strong></span> <span class='ocrx_word' id='word_1_448' title='bbox 3362 2097 3556 2152; x_wconf 88' lang='lat' dir='ltr'><strong>subtus</strong></span> <span class='ocrx_word' id='word_1_449' title='bbox 3584 2112 3678 2152; x_wconf 86' lang='lat' dir='ltr'><strong>ac-</strong></span> 
     </span>
    </p>
   </div>
   <div class='ocr_carea' id='block_1_67' title="bbox 2097 2187 3676 2261">
    <p class='ocr_par' dir='ltr' id='par_1_67' title="bbox 2097 2187 3676 2261">
     <span class='ocr_line' id='line_1_67' title="bbox 2097 2187 3676 2261; baseline -0.003 -14"><span class='ocrx_word' id='word_1_450' title='bbox 2097 2206 2285 2256; x_wconf 87' lang='lat' dir='ltr'><strong>censo,</strong></span> <span class='ocrx_word' id='word_1_451' title='bbox 2316 2189 2601 2261; x_wconf 84' lang='lat' dir='ltr'><strong>ﬂagrantis</strong></span> <span class='ocrx_word' id='word_1_452' title='bbox 2631 2188 2873 2243; x_wconf 65' lang='lat' dir='ltr'><strong>materiae</strong></span> <span class='ocrx_word' id='word_1_453' title='bbox 2904 2188 3052 2243; x_wconf 87' lang='lat' dir='ltr'><strong>fmuo</strong></span> <span class='ocrx_word' id='word_1_454' title='bbox 3079 2187 3328 2243; x_wconf 74' lang='lat' dir='ltr'><strong>suﬁ‘ocati</strong></span> <span class='ocrx_word' id='word_1_455' title='bbox 3366 2188 3496 2252; x_wconf 88' lang='lat' dir='ltr'><strong>sint,</strong></span> <span class='ocrx_word' id='word_1_456' title='bbox 3529 2202 3586 2244; x_wconf 90' lang='lat' dir='ltr'><strong>ut</strong></span> <span class='ocrx_word' id='word_1_457' title='bbox 3621 2189 3676 2243; x_wconf 91' lang='lat' dir='ltr'><strong>in</strong></span> 
     </span>
    </p>
   </div>
   <div class='ocr_carea' id='block_1_68' title="bbox 2094 2280 3677 2352">
    <p class='ocr_par' dir='ltr' id='par_1_68' title="bbox 2094 2280 3677 2352">
     <span class='ocr_line' id='line_1_68' title="bbox 2094 2280 3677 2352; baseline -0.002 -15"><span class='ocrx_word' id='word_1_458' title='bbox 2094 2282 2488 2352; x_wconf 80' lang='lat' dir='ltr'><strong>Mesopotamia</strong></span> <span class='ocrx_word' id='word_1_459' title='bbox 2509 2281 2713 2336; x_wconf 85' lang='lat' dir='ltr'><strong>factum</strong></span> <span class='ocrx_word' id='word_1_460' title='bbox 2741 2290 2824 2334; x_wconf 81' lang='lat' dir='ltr'><strong>est</strong></span> <span class='ocrx_word' id='word_1_461' title='bbox 2848 2297 2863 2348; x_wconf 92' lang='lat'><strong>;</strong></span> <span class='ocrx_word' id='word_1_462' title='bbox 2893 2280 2987 2334; x_wconf 89' lang='lat' dir='ltr'><strong>alii</strong></span> <span class='ocrx_word' id='word_1_463' title='bbox 3021 2295 3179 2347; x_wconf 90' lang='lat' dir='ltr'><strong>naso,</strong></span> <span class='ocrx_word' id='word_1_464' title='bbox 3200 2281 3445 2346; x_wconf 87' lang='lat' dir='ltr'><strong>auribus,</strong></span> <span class='ocrx_word' id='word_1_465' title='bbox 3476 2297 3539 2336; x_wconf 91' lang='lat' dir='ltr'><strong>ac</strong></span> <span class='ocrx_word' id='word_1_466' title='bbox 3564 2298 3677 2335; x_wconf 82' lang='lat' dir='ltr'><strong>ma-</strong></span> 
     </span>
    </p>
   </div>
   <div class='ocr_carea' id='block_1_69' title="bbox 2095 2373 3678 2443">
    <p class='ocr_par' dir='ltr' id='par_1_69' title="bbox 2095 2373 3678 2443">
     <span class='ocr_line' id='line_1_69' title="bbox 2095 2373 3678 2443; baseline -0.001 -13"><span class='ocrx_word' id='word_1_467' title='bbox 2095 2374 2255 2430; x_wconf 88' lang='lat' dir='ltr'><strong>nibus</strong></span> <span class='ocrx_word' id='word_1_468' title='bbox 2287 2373 2547 2438; x_wconf 89' lang='lat' dir='ltr'><strong>truncati,</strong></span> <span class='ocrx_word' id='word_1_469' title='bbox 2586 2374 2907 2442; x_wconf 70' lang='lat' dir='ltr'><strong>caztcrisque</strong></span> <span class='ocrx_word' id='word_1_470' title='bbox 2948 2374 3194 2443; x_wconf 89' lang='lat' dir='ltr'><strong>corporis</strong></span> <span class='ocrx_word' id='word_1_471' title='bbox 3228 2375 3488 2429; x_wconf 89' lang='lat' dir='ltr'><strong>membris</strong></span> <span class='ocrx_word' id='word_1_472' title='bbox 3518 2374 3678 2428; x_wconf 89' lang='lat' dir='ltr'><strong>muti-</strong></span> 
     </span>
    </p>
   </div>
   <div class='ocr_carea' id='block_1_70' title="bbox 2095 2464 3674 2536">
    <p class='ocr_par' dir='ltr' id='par_1_70' title="bbox 2095 2464 3674 2536">
     <span class='ocr_line' id='line_1_70' title="bbox 2095 2464 3674 2536; baseline -0.001 -15"><span class='ocrx_word' id='word_1_473' title='bbox 2095 2468 2190 2522; x_wconf 89' lang='lat' dir='ltr'><strong>lati</strong></span> <span class='ocrx_word' id='word_1_474' title='bbox 2218 2467 2331 2522; x_wconf 91' lang='lat' dir='ltr'><strong>sint</strong></span> <span class='ocrx_word' id='word_1_475' title='bbox 2357 2475 2523 2536; x_wconf 87' lang='lat' dir='ltr'><strong>atque</strong></span> <span class='ocrx_word' id='word_1_476' title='bbox 2547 2465 2777 2531; x_wconf 82' lang='lat' dir='ltr'><strong>concisi,</strong></span> <span class='ocrx_word' id='word_1_477' title='bbox 2808 2473 2866 2519; x_wconf 93' lang='lat' dir='ltr'><strong>ut</strong></span> <span class='ocrx_word' id='word_1_478' title='bbox 2908 2466 3136 2535; x_wconf 78' lang='lat' dir='ltr'><strong>contigit</strong></span> <span class='ocrx_word' id='word_1_479' title='bbox 3162 2464 3523 2519; x_wconf 49' lang='lat' dir='ltr'><strong>Alexandria.</strong></span> <span class='ocrx_word' id='word_1_480' title='bbox 3554 2464 3674 2520; x_wconf 86' lang='lat' dir='ltr'><strong>Jain</strong></span> 
     </span>
    </p>
   </div>
   <div class='ocr_carea' id='block_1_71' title="bbox 2096 2556 3679 2629">
    <p class='ocr_par' dir='ltr' id='par_1_71' title="bbox 2096 2556 3679 2629">
     <span class='ocr_line' id='line_1_71' title="bbox 2096 2556 3679 2629; baseline 0.001 -18"><span class='ocrx_word' id='word_1_481' title='bbox 2096 2574 2228 2614; x_wconf 80' lang='lat' dir='ltr'><strong>vero</strong></span> <span class='ocrx_word' id='word_1_482' title='bbox 2254 2573 2319 2614; x_wconf 88' lang='lat' dir='ltr'><strong>ea</strong></span> <span class='ocrx_word' id='word_1_483' title='bbox 2347 2574 2467 2629; x_wconf 73' lang='lat' dir='ltr'><strong>quae</strong></span> <span class='ocrx_word' id='word_1_484' title='bbox 2490 2558 2629 2628; x_wconf 89' lang='lat' dir='ltr'><strong>apud</strong></span> <span class='ocrx_word' id='word_1_485' title='bbox 2662 2556 3006 2612; x_wconf 84' lang='lat' dir='ltr'><strong>Antiochiam</strong></span> <span class='ocrx_word' id='word_1_486' title='bbox 3034 2566 3185 2629; x_wconf 90' lang='lat' dir='ltr'><strong>gesta</strong></span> <span class='ocrx_word' id='word_1_487' title='bbox 3217 2567 3369 2621; x_wconf 91' lang='lat' dir='ltr'><strong>sunt,</strong></span> <span class='ocrx_word' id='word_1_488' title='bbox 3388 2558 3514 2626; x_wconf 87' lang='lat' dir='ltr'><strong>quid</strong></span> <span class='ocrx_word' id='word_1_489' title='bbox 3540 2569 3679 2627; x_wconf 81' lang='lat' dir='ltr'><strong>opus</strong></span> 
     </span>
    </p>
   </div>
   <div class='ocr_carea' id='block_1_72' title="bbox 2096 2648 3679 2719">
    <p class='ocr_par' dir='ltr' id='par_1_72' title="bbox 2096 2648 3679 2719">
     <span class='ocr_line' id='line_1_72' title="bbox 2096 2648 3679 2719; baseline -0.003 -12"><span class='ocrx_word' id='word_1_490' title='bbox 2096 2660 2184 2708; x_wconf 91' lang='lat' dir='ltr'><strong>est</strong></span> <span class='ocrx_word' id='word_1_491' title='bbox 2206 2652 2262 2707; x_wconf 88' lang='lat' dir='ltr'><strong>in</strong></span> <span class='ocrx_word' id='word_1_492' title='bbox 2285 2651 2605 2707; x_wconf 90' lang='lat' dir='ltr'><strong>memoriam</strong></span> <span class='ocrx_word' id='word_1_493' title='bbox 2637 2650 2936 2706; x_wconf 77' lang='lat' dir='ltr'><strong>revocare?</strong></span> <span class='ocrx_word' id='word_1_494' title='bbox 2964 2650 3053 2705; x_wconf 91' lang='lat' dir='ltr'><strong>uhi</strong></span> <span class='ocrx_word' id='word_1_495' title='bbox 3081 2650 3172 2705; x_wconf 90' lang='lat' dir='ltr'><strong>alii</strong></span> <span class='ocrx_word' id='word_1_496' title='bbox 3197 2648 3475 2704; x_wconf 89' lang='lat' dir='ltr'><strong>craticulis</strong></span> <span class='ocrx_word' id='word_1_497' title='bbox 3503 2650 3679 2719; x_wconf 88' lang='lat' dir='ltr'><strong>impo-</strong></span> 
     </span>
    </p>
   </div>
   <div class='ocr_carea' id='block_1_73' title="bbox 2095 2739 3680 2809">
    <p class='ocr_par' dir='ltr' id='par_1_73' title="bbox 2095 2739 3680 2809">
     <span class='ocr_line' id='line_1_73' title="bbox 2095 2739 3680 2809; baseline -0.002 -12"><span class='ocrx_word' id='word_1_498' title='bbox 2095 2742 2208 2807; x_wconf 87' lang='lat' dir='ltr'><strong>siti,</strong></span> <span class='ocrx_word' id='word_1_499' title='bbox 2245 2756 2350 2796; x_wconf 90' lang='lat' dir='ltr'><strong>non</strong></span> <span class='ocrx_word' id='word_1_500' title='bbox 2402 2741 2469 2796; x_wconf 91' lang='lat' dir='ltr'><strong>ad</strong></span> <span class='ocrx_word' id='word_1_501' title='bbox 2512 2749 2744 2795; x_wconf 86' lang='lat' dir='ltr'><strong>mortem</strong></span> <span class='ocrx_word' id='word_1_502' title='bbox 2778 2754 2973 2809; x_wconf 88' lang='lat' dir='ltr'><strong>usque,</strong></span> <span class='ocrx_word' id='word_1_503' title='bbox 3018 2739 3113 2795; x_wconf 91' lang='lat' dir='ltr'><strong>sed</strong></span> <span class='ocrx_word' id='word_1_504' title='bbox 3148 2740 3216 2794; x_wconf 89' lang='lat' dir='ltr'><strong>ad</strong></span> <span class='ocrx_word' id='word_1_505' title='bbox 3266 2741 3680 2795; x_wconf 80' lang='lat' dir='ltr'><strong>diuturnitatem</strong></span> 
     </span>
    </p>
   </div>
   <div class='ocr_carea' id='block_1_74' title="bbox 2094 2814 3677 2903">
    <p class='ocr_par' dir='ltr' id='par_1_74' title="bbox 2094 2814 3677 2903">
     <span class='ocr_line' id='line_1_74' title="bbox 2094 2814 3677 2903; baseline -0.003 -14"><span class='ocrx_word' id='word_1_506' title='bbox 2094 2832 2350 2903; x_wconf 87' lang='lat' dir='ltr'><strong>supplicii</strong></span> <span class='ocrx_word' id='word_1_507' title='bbox 2389 2831 2758 2886; x_wconf 76' lang='lat' dir='ltr'><strong>terrebantur.</strong></span> <span class='ocrx_word' id='word_1_508' title='bbox 2816 2830 2922 2885; x_wconf 85' lang='lat' dir='ltr'><strong>Alii</strong></span> <span class='ocrx_word' id='word_1_509' title='bbox 2970 2832 3195 2887; x_wconf 81' lang='lat' dir='ltr'><strong>dextras</strong></span> <span class='ocrx_word' id='word_1_510' title='bbox 3242 2845 3372 2885; x_wconf 87' lang='lat' dir='ltr'><strong>suas</strong></span> <span class='ocrx_word' id='word_1_511' title='bbox 3409 2832 3463 2885; x_wconf 92' lang='lat' dir='ltr'><strong>in</strong></span> <span class='ocrx_word' id='word_1_512' title='bbox 3499 2814 3677 2901; x_wconf 71' lang='lat' dir='ltr'><strong>ignem</strong></span> 
     </span>
    </p>
   </div>
   <div class='ocr_carea' id='block_1_75' title="bbox 2095 2922 3681 2992">
    <p class='ocr_par' dir='ltr' id='par_1_75' title="bbox 2095 2922 3681 2992">
     <span class='ocr_line' id='line_1_75' title="bbox 2095 2922 3681 2992; baseline -0.001 -13"><span class='ocrx_word' id='word_1_513' title='bbox 2095 2925 2391 2979; x_wconf 88' lang='lat' dir='ltr'><strong>immittere</strong></span> <span class='ocrx_word' id='word_1_514' title='bbox 2429 2922 2767 2988; x_wconf 88' lang='lat' dir='ltr'><strong>maluerunt,</strong></span> <span class='ocrx_word' id='word_1_515' title='bbox 2806 2937 2970 2992; x_wconf 90' lang='lat' dir='ltr'><strong>quam</strong></span> <span class='ocrx_word' id='word_1_516' title='bbox 3004 2922 3167 2992; x_wconf 87' lang='lat' dir='ltr'><strong>impia</strong></span> <span class='ocrx_word' id='word_1_517' title='bbox 3215 2922 3508 2977; x_wconf 90' lang='lat' dir='ltr'><strong>libamenta</strong></span> <span class='ocrx_word' id='word_1_518' title='bbox 3546 2938 3681 2977; x_wconf 72' lang='lat' dir='ltr'><strong>ron-</strong></span> 
     </span>
    </p>
   </div>
   <div class='ocr_carea' id='block_1_76' title="bbox 2097 3010 3677 3082">
    <p class='ocr_par' dir='ltr' id='par_1_76' title="bbox 2097 3010 3677 3082">
     <span class='ocr_line' id='line_1_76' title="bbox 2097 3010 3677 3082; baseline -0.003 -13"><span class='ocrx_word' id='word_1_519' title='bbox 2097 3015 2327 3082; x_wconf 86' lang='lat' dir='ltr'><strong>tingerc.</strong></span> <span class='ocrx_word' id='word_1_520' title='bbox 2375 3010 2458 3068; x_wconf 76' lang='lat' dir='ltr'><strong>Ex</strong></span> <span class='ocrx_word' id='word_1_521' title='bbox 2504 3012 2703 3081; x_wconf 88' lang='lat' dir='ltr'><strong>quibus</strong></span> <span class='ocrx_word' id='word_1_522' title='bbox 2757 3011 3000 3067; x_wconf 90' lang='lat' dir='ltr'><strong>nonnulli</strong></span> <span class='ocrx_word' id='word_1_523' title='bbox 3050 3011 3353 3082; x_wconf 81' lang='lat' dir='ltr'><strong>periculum</strong></span> <span class='ocrx_word' id='word_1_524' title='bbox 3417 3011 3677 3077; x_wconf 75' lang='lat' dir='ltr'><strong>vitantes,</strong></span> 
     </span>
    </p>
   </div>
   <div class='ocr_carea' id='block_1_77' title="bbox 2095 3102 3678 3177">
    <p class='ocr_par' dir='ltr' id='par_1_77' title="bbox 2095 3102 3678 3177">
     <span class='ocr_line' id='line_1_77' title="bbox 2095 3102 3678 3177; baseline -0.001 -17"><span class='ocrx_word' id='word_1_525' title='bbox 2095 3107 2414 3177; x_wconf 86' lang='lat' dir='ltr'><strong>priusquam</strong></span> <span class='ocrx_word' id='word_1_526' title='bbox 2458 3116 2811 3174; x_wconf 86' lang='lat' dir='ltr'><strong>caperentur.</strong></span> <span class='ocrx_word' id='word_1_527' title='bbox 2859 3115 2917 3159; x_wconf 88' lang='lat' dir='ltr'><strong>et</strong></span> <span class='ocrx_word' id='word_1_528' title='bbox 2961 3104 3015 3158; x_wconf 92' lang='lat' dir='ltr'><strong>in</strong></span> <span class='ocrx_word' id='word_1_529' title='bbox 3067 3102 3447 3158; x_wconf 86' lang='lat' dir='ltr'><strong>insidiatorum</strong></span> <span class='ocrx_word' id='word_1_530' title='bbox 3483 3116 3678 3158; x_wconf 83' lang='lat' dir='ltr'><strong>manus</strong></span> 
     </span>
    </p>
   </div>
   <div class='ocr_carea' id='block_1_78' title="bbox 2095 3194 3678 3265">
    <p class='ocr_par' dir='ltr' id='par_1_78' title="bbox 2095 3194 3678 3265">
     <span class='ocr_line' id='line_1_78' title="bbox 2095 3194 3678 3265; baseline -0.002 -13"><span class='ocrx_word' id='word_1_531' title='bbox 2095 3197 2422 3264; x_wconf 87' lang='lat' dir='ltr'><strong>inciderent,</strong></span> <span class='ocrx_word' id='word_1_532' title='bbox 2468 3212 2537 3252; x_wconf 82' lang='lat' dir='ltr'><strong>ex</strong></span> <span class='ocrx_word' id='word_1_533' title='bbox 2589 3194 2919 3251; x_wconf 87' lang='lat' dir='ltr'><strong>sublimibus</strong></span> <span class='ocrx_word' id='word_1_534' title='bbox 2965 3194 3221 3250; x_wconf 89' lang='lat' dir='ltr'><strong>tabulatis</strong></span> <span class='ocrx_word' id='word_1_535' title='bbox 3266 3194 3574 3265; x_wconf 69' lang='lat' dir='ltr'><strong>prmcipites</strong></span> <span class='ocrx_word' id='word_1_536' title='bbox 3618 3209 3678 3250; x_wconf 87' lang='lat' dir='ltr'><strong>se</strong></span> 
     </span>
    </p>
   </div>
   <div class='ocr_carea' id='block_1_79' title="bbox 2094 3285 3677 3361">
    <p class='ocr_par' dir='ltr' id='par_1_79' title="bbox 2094 3285 3677 3361">
     <span class='ocr_line' id='line_1_79' title="bbox 2094 3285 3677 3361; baseline -0.006 -13"><span class='ocrx_word' id='word_1_537' title='bbox 2094 3292 2384 3354; x_wconf 88' lang='lat' dir='ltr'><strong>dederunt,</strong></span> <span class='ocrx_word' id='word_1_538' title='bbox 2407 3297 2631 3361; x_wconf 90' lang='lat' dir='ltr'><strong>propter</strong></span> <span class='ocrx_word' id='word_1_539' title='bbox 2657 3288 2947 3359; x_wconf 91' lang='lat' dir='ltr'><strong>impiorum</strong></span> <span class='ocrx_word' id='word_1_540' title='bbox 2976 3285 3235 3342; x_wconf 85' lang='lat' dir='ltr'><strong>malitiam</strong></span> <span class='ocrx_word' id='word_1_541' title='bbox 3261 3295 3492 3341; x_wconf 81' lang='lat' dir='ltr'><strong>mortem</strong></span> <span class='ocrx_word' id='word_1_542' title='bbox 3521 3286 3677 3341; x_wconf 87' lang='lat' dir='ltr'><strong>lucro</strong></span> 
     </span>
    </p>
   </div>
   <div class='ocr_carea' id='block_1_80' title="bbox 2094 3376 3679 3453">
    <p class='ocr_par' dir='ltr' id='par_1_80' title="bbox 2094 3376 3679 3453">
     <span class='ocr_line' id='line_1_80' title="bbox 2094 3376 3679 3453; baseline -0.006 -14"><span class='ocrx_word' id='word_1_543' title='bbox 2094 3384 2440 3453; x_wconf 80' lang='lat' dir='ltr'><strong>deputantes.</strong></span> <span class='ocrx_word' id='word_1_544' title='bbox 2471 3380 2729 3448; x_wconf 83' lang='lat' dir='ltr'><strong>Quaedam</strong></span> <span class='ocrx_word' id='word_1_545' title='bbox 2784 3380 2951 3435; x_wconf 88' lang='lat' dir='ltr'><strong>etiam</strong></span> <span class='ocrx_word' id='word_1_546' title='bbox 3005 3376 3349 3432; x_wconf 85' lang='lat' dir='ltr'><strong>sanctissima</strong></span> <span class='ocrx_word' id='word_1_547' title='bbox 3393 3376 3592 3430; x_wconf 79' lang='lat' dir='ltr'><strong>femina</strong></span> <span class='ocrx_word' id='word_1_548' title='bbox 3622 3386 3679 3430; x_wconf 88' lang='lat' dir='ltr'><strong>et</strong></span> 
     </span>
    </p>
   </div>
   <div class='ocr_carea' id='block_1_81' title="bbox 2092 3466 3677 3536">
    <p class='ocr_par' dir='ltr' id='par_1_81' title="bbox 2092 3466 3677 3536">
     <span class='ocr_line' id='line_1_81' title="bbox 2092 3466 3677 3536; baseline -0.006 -7"><span class='ocrx_word' id='word_1_549' title='bbox 2092 3473 2165 3529; x_wconf 90' lang='lat' dir='ltr'><strong>ob</strong></span> <span class='ocrx_word' id='word_1_550' title='bbox 2195 3472 2364 3527; x_wconf 91' lang='lat' dir='ltr'><strong>animi</strong></span> <span class='ocrx_word' id='word_1_551' title='bbox 2398 3470 2780 3527; x_wconf 79' lang='lat' dir='ltr'><strong>fortitudinem</strong></span> <span class='ocrx_word' id='word_1_552' title='bbox 2805 3468 3378 3536; x_wconf 89' lang='lat' dir='ltr'><strong>admirabilis,0pibus</strong></span> <span class='ocrx_word' id='word_1_553' title='bbox 3405 3482 3469 3522; x_wconf 90' lang='lat' dir='ltr'><strong>ac</strong></span> <span class='ocrx_word' id='word_1_554' title='bbox 3498 3466 3677 3536; x_wconf 85' lang='lat' dir='ltr'><strong>splen-</strong></span> 
     </span>
    </p>
   </div>
   <div class='ocr_carea' id='block_1_82' title="bbox 2093 3559 3677 3633">
    <p class='ocr_par' dir='ltr' id='par_1_82' title="bbox 2093 3559 3677 3633">
     <span class='ocr_line' id='line_1_82' title="bbox 2093 3559 3677 3633; baseline -0.004 -13"><span class='ocrx_word' id='word_1_555' title='bbox 2093 3566 2225 3620; x_wconf 90' lang='lat' dir='ltr'><strong>dore</strong></span> <span class='ocrx_word' id='word_1_556' title='bbox 2267 3563 2507 3633; x_wconf 85' lang='lat' dir='ltr'><strong>generis,</strong></span> <span class='ocrx_word' id='word_1_557' title='bbox 2549 3563 2800 3631; x_wconf 87' lang='lat' dir='ltr'><strong>bonaque</strong></span> <span class='ocrx_word' id='word_1_558' title='bbox 2850 3560 2902 3615; x_wconf 93' lang='lat' dir='ltr'><strong>in</strong></span> <span class='ocrx_word' id='word_1_559' title='bbox 2947 3559 3138 3630; x_wconf 85' lang='lat' dir='ltr'><strong>primis</strong></span> <span class='ocrx_word' id='word_1_560' title='bbox 3193 3559 3336 3613; x_wconf 87' lang='lat' dir='ltr'><strong>fama</strong></span> <span class='ocrx_word' id='word_1_561' title='bbox 3372 3559 3677 3615; x_wconf 65' lang='lat' dir='ltr'><strong>Antiochia:</strong></span> 
     </span>
    </p>
   </div>
   <div class='ocr_carea' id='block_1_83' title="bbox 2093 3650 3679 3725">
    <p class='ocr_par' dir='ltr' id='par_1_83' title="bbox 2093 3650 3679 3725">
     <span class='ocr_line' id='line_1_83' title="bbox 2093 3650 3679 3725; baseline -0.003 -15"><span class='ocrx_word' id='word_1_562' title='bbox 2093 3654 2449 3725; x_wconf 89' lang='lat' dir='ltr'><strong>percelebris,</strong></span> <span class='ocrx_word' id='word_1_563' title='bbox 2479 3669 2601 3725; x_wconf 63' lang='lat' dir='ltr'><strong>quae</strong></span> <span class='ocrx_word' id='word_1_564' title='bbox 2648 3656 2788 3708; x_wconf 87' lang='lat' dir='ltr'><strong>duas</strong></span> <span class='ocrx_word' id='word_1_565' title='bbox 2829 3652 2970 3706; x_wconf 87' lang='lat' dir='ltr'><strong>tilias</strong></span> <span class='ocrx_word' id='word_1_566' title='bbox 3013 3652 3253 3720; x_wconf 78' lang='lat' dir='ltr'><strong>virgines</strong></span> <span class='ocrx_word' id='word_1_567' title='bbox 3283 3652 3531 3722; x_wconf 90' lang='lat' dir='ltr'><strong>corporis</strong></span> <span class='ocrx_word' id='word_1_568' title='bbox 3564 3650 3679 3706; x_wconf 89' lang='lat' dir='ltr'><strong>for-</strong></span> 
     </span>
    </p>
   </div>
   <div class='ocr_carea' id='block_1_84' title="bbox 2094 3743 3676 3815">
    <p class='ocr_par' dir='ltr' id='par_1_84' title="bbox 2094 3743 3676 3815">
     <span class='ocr_line' id='line_1_84' title="bbox 2094 3743 3676 3815; baseline -0.001 -12"><span class='ocrx_word' id='word_1_569' title='bbox 2094 3765 2181 3803; x_wconf 89' lang='lat' dir='ltr'><strong>ma</strong></span> <span class='ocrx_word' id='word_1_570' title='bbox 2220 3756 2280 3804; x_wconf 89' lang='lat' dir='ltr'><strong>et</strong></span> <span class='ocrx_word' id='word_1_571' title='bbox 2314 3748 2492 3803; x_wconf 65' lang='lat' dir='ltr'><strong>aetatis</strong></span> <span class='ocrx_word' id='word_1_572' title='bbox 2520 3747 2654 3801; x_wconf 89' lang='lat' dir='ltr'><strong>ﬁore</strong></span> <span class='ocrx_word' id='word_1_573' title='bbox 2683 3754 3005 3815; x_wconf 62' lang='lat' dir='ltr'><strong>prastantes</strong></span> <span class='ocrx_word' id='word_1_574' title='bbox 3036 3743 3365 3800; x_wconf 62' lang='lat' dir='ltr'><strong>Christiana;</strong></span> <span class='ocrx_word' id='word_1_575' title='bbox 3398 3744 3676 3813; x_wconf 85' lang='lat' dir='ltr'><strong>religionis</strong></span> 
     </span>
    </p>
   </div>
   <div class='ocr_carea' id='block_1_85' title="bbox 2091 3837 3676 3911">
    <p class='ocr_par' dir='ltr' id='par_1_85' title="bbox 2091 3837 3676 3911">
     <span class='ocr_line' id='line_1_85' title="bbox 2091 3837 3676 3911; baseline 0.001 -19"><span class='ocrx_word' id='word_1_576' title='bbox 2091 3839 2382 3911; x_wconf 69' lang='lat' dir='ltr'><strong>prmeeptis</strong></span> <span class='ocrx_word' id='word_1_577' title='bbox 2411 3840 2724 3895; x_wconf 85' lang='lat' dir='ltr'><strong>instituerat</strong></span> <span class='ocrx_word' id='word_1_578' title='bbox 2756 3856 2770 3892; x_wconf 91' lang='lat'><strong>:</strong></span> <span class='ocrx_word' id='word_1_579' title='bbox 2806 3853 2933 3894; x_wconf 91' lang='lat' dir='ltr'><strong>cum</strong></span> <span class='ocrx_word' id='word_1_580' title='bbox 2969 3837 3214 3908; x_wconf 89' lang='lat' dir='ltr'><strong>plurimi,</strong></span> <span class='ocrx_word' id='word_1_581' title='bbox 3251 3838 3567 3894; x_wconf 81' lang='lat' dir='ltr'><strong>stimulante</strong></span> <span class='ocrx_word' id='word_1_582' title='bbox 3594 3840 3676 3908; x_wconf 88' lang='lat' dir='ltr'><strong>ip-</strong></span> 
     </span>
    </p>
   </div>
   <div class='ocr_carea' id='block_1_86' title="bbox 2091 3930 3672 4003">
    <p class='ocr_par' dir='ltr' id='par_1_86' title="bbox 2091 3930 3672 4003">
     <span class='ocr_line' id='line_1_86' title="bbox 2091 3930 3672 4003; baseline -0.001 -15"><span class='ocrx_word' id='word_1_583' title='bbox 2091 3948 2183 3989; x_wconf 90' lang='lat' dir='ltr'><strong>sos</strong></span> <span class='ocrx_word' id='word_1_584' title='bbox 2207 3932 2435 3998; x_wconf 76' lang='lat' dir='ltr'><strong>invidia,</strong></span> <span class='ocrx_word' id='word_1_585' title='bbox 2466 3947 2654 3988; x_wconf 89' lang='lat' dir='ltr'><strong>carum</strong></span> <span class='ocrx_word' id='word_1_586' title='bbox 2686 3931 2922 3987; x_wconf 88' lang='lat' dir='ltr'><strong>latebras</strong></span> <span class='ocrx_word' id='word_1_587' title='bbox 2951 3930 3224 3987; x_wconf 88' lang='lat' dir='ltr'><strong>curiosius</strong></span> <span class='ocrx_word' id='word_1_588' title='bbox 3247 3930 3672 4003; x_wconf 83' lang='lat' dir='ltr'><strong>investigarent;</strong></span> 
     </span>
    </p>
   </div>
   <div class='ocr_carea' id='block_1_87' title="bbox 2091 4023 3674 4096">
    <p class='ocr_par' dir='ltr' id='par_1_87' title="bbox 2091 4023 3674 4096">
     <span class='ocr_line' id='line_1_87' title="bbox 2091 4023 3674 4096; baseline -0.001 -15"><span class='ocrx_word' id='word_1_589' title='bbox 2091 4026 2291 4083; x_wconf 90' lang='lat' dir='ltr'><strong>deinde</strong></span> <span class='ocrx_word' id='word_1_590' title='bbox 2337 4036 2620 4096; x_wconf 87' lang='lat' dir='ltr'><strong>comperto</strong></span> <span class='ocrx_word' id='word_1_591' title='bbox 2664 4039 2761 4080; x_wconf 91' lang='lat' dir='ltr'><strong>eas</strong></span> <span class='ocrx_word' id='word_1_592' title='bbox 2806 4023 2950 4094; x_wconf 88' lang='lat' dir='ltr'><strong>apud</strong></span> <span class='ocrx_word' id='word_1_593' title='bbox 3001 4032 3223 4079; x_wconf 75' lang='lat' dir='ltr'><strong>exteros</strong></span> <span class='ocrx_word' id='word_1_594' title='bbox 3272 4023 3496 4094; x_wconf 87' lang='lat' dir='ltr'><strong>degere,</strong></span> <span class='ocrx_word' id='word_1_595' title='bbox 3525 4024 3674 4079; x_wconf 90' lang='lat' dir='ltr'><strong>omni</strong></span> 
     </span>
    </p>
   </div>
   <div class='ocr_carea' id='block_1_88' title="bbox 2090 4113 3667 4186">
    <p class='ocr_par' dir='ltr' id='par_1_88' title="bbox 2090 4113 3667 4186">
     <span class='ocr_line' id='line_1_88' title="bbox 2090 4113 3667 4186; baseline -0.003 -14"><span class='ocrx_word' id='word_1_596' title='bbox 2090 4116 2274 4172; x_wconf 90' lang='lat' dir='ltr'><strong>studio</strong></span> <span class='ocrx_word' id='word_1_597' title='bbox 2332 4125 2496 4186; x_wconf 86' lang='lat' dir='ltr'><strong>atque</strong></span> <span class='ocrx_word' id='word_1_598' title='bbox 2542 4129 2707 4186; x_wconf 91' lang='lat' dir='ltr'><strong>opera</strong></span> <span class='ocrx_word' id='word_1_599' title='bbox 2765 4113 3114 4171; x_wconf 82' lang='lat' dir='ltr'><strong>Antiochiam</strong></span> <span class='ocrx_word' id='word_1_600' title='bbox 3158 4128 3253 4170; x_wconf 93' lang='lat' dir='ltr'><strong>eas</strong></span> <span class='ocrx_word' id='word_1_601' title='bbox 3308 4124 3667 4182; x_wconf 81' lang='lat' dir='ltr'><strong>evocasseat;</strong></span> 
     </span>
    </p>
   </div>
   <div class='ocr_carea' id='block_1_89' title="bbox 2091 4207 3670 4279">
    <p class='ocr_par' dir='ltr' id='par_1_89' title="bbox 2091 4207 3670 4279">
     <span class='ocr_line' id='line_1_89' title="bbox 2091 4207 3670 4279; baseline 0.002 -18"><span class='ocrx_word' id='word_1_602' title='bbox 2091 4218 2379 4279; x_wconf 79' lang='lat' dir='ltr'><strong>postquam</strong></span> <span class='ocrx_word' id='word_1_603' title='bbox 2415 4209 2609 4264; x_wconf 90' lang='lat' dir='ltr'><strong>mulier</strong></span> <span class='ocrx_word' id='word_1_604' title='bbox 2657 4223 2782 4264; x_wconf 85' lang='lat' dir='ltr'><strong>sese</strong></span> <span class='ocrx_word' id='word_1_605' title='bbox 2810 4223 2877 4263; x_wconf 86' lang='lat' dir='ltr'><strong>ac</strong></span> <span class='ocrx_word' id='word_1_606' title='bbox 2924 4208 3067 4264; x_wconf 85' lang='lat' dir='ltr'><strong>ﬁlias</strong></span> <span class='ocrx_word' id='word_1_607' title='bbox 3099 4210 3152 4262; x_wconf 91' lang='lat' dir='ltr'><strong>in</strong></span> <span class='ocrx_word' id='word_1_608' title='bbox 3186 4207 3418 4262; x_wconf 88' lang='lat' dir='ltr'><strong>militum</strong></span> <span class='ocrx_word' id='word_1_609' title='bbox 3448 4207 3670 4277; x_wconf 82' lang='lat' dir='ltr'><strong>laqueos</strong></span> 
     </span>
    </p>
   </div>
   <div class='ocr_carea' id='block_1_90' title="bbox 2091 4300 3672 4371">
    <p class='ocr_par' dir='ltr' id='par_1_90' title="bbox 2091 4300 3672 4371">
     <span class='ocr_line' id='line_1_90' title="bbox 2091 4300 3672 4371; baseline -0.001 -15"><span class='ocrx_word' id='word_1_610' title='bbox 2091 4302 2345 4357; x_wconf 88' lang='lat' dir='ltr'><strong>incidisse</strong></span> <span class='ocrx_word' id='word_1_611' title='bbox 2375 4302 2570 4365; x_wconf 89' lang='lat' dir='ltr'><strong>sensit,</strong></span> <span class='ocrx_word' id='word_1_612' title='bbox 2622 4301 2688 4356; x_wconf 90' lang='lat' dir='ltr'><strong>ad</strong></span> <span class='ocrx_word' id='word_1_613' title='bbox 2733 4302 2970 4371; x_wconf 90' lang='lat' dir='ltr'><strong>inopiam</strong></span> <span class='ocrx_word' id='word_1_614' title='bbox 3008 4300 3224 4356; x_wconf 89' lang='lat' dir='ltr'><strong>consilii</strong></span> <span class='ocrx_word' id='word_1_615' title='bbox 3261 4300 3499 4365; x_wconf 85' lang='lat' dir='ltr'><strong>redacta,</strong></span> <span class='ocrx_word' id='word_1_616' title='bbox 3536 4300 3672 4354; x_wconf 87' lang='lat' dir='ltr'><strong>ﬁlias</strong></span> 
     </span>
    </p>
   </div>
   <div class='ocr_carea' id='block_1_91' title="bbox 2089 4390 3668 4464">
    <p class='ocr_par' dir='ltr' id='par_1_91' title="bbox 2089 4390 3668 4464">
     <span class='ocr_line' id='line_1_91' title="bbox 2089 4390 3668 4464; baseline -0.004 -16"><span class='ocrx_word' id='word_1_617' title='bbox 2089 4396 2323 4450; x_wconf 88' lang='lat' dir='ltr'><strong>allocuta</strong></span> <span class='ocrx_word' id='word_1_618' title='bbox 2364 4405 2469 4449; x_wconf 89' lang='lat' dir='ltr'><strong>est.</strong></span> <span class='ocrx_word' id='word_1_619' title='bbox 2500 4394 2568 4450; x_wconf 86' lang='lat' dir='ltr'><strong>Et</strong></span> <span class='ocrx_word' id='word_1_620' title='bbox 2593 4404 2797 4464; x_wconf 87' lang='lat' dir='ltr'><strong>quanta</strong></span> <span class='ocrx_word' id='word_1_621' title='bbox 2829 4393 2963 4463; x_wconf 88' lang='lat' dir='ltr'><strong>ipsis</strong></span> <span class='ocrx_word' id='word_1_622' title='bbox 2996 4391 3138 4447; x_wconf 88' lang='lat' dir='ltr'><strong>mala</strong></span> <span class='ocrx_word' id='word_1_623' title='bbox 3176 4407 3207 4446; x_wconf 86' lang='lat' dir='ltr'><strong>a</strong></span> <span class='ocrx_word' id='word_1_624' title='bbox 3252 4390 3515 4445; x_wconf 90' lang='lat' dir='ltr'><strong>militibus</strong></span> <span class='ocrx_word' id='word_1_625' title='bbox 3564 4392 3668 4444; x_wconf 88' lang='lat' dir='ltr'><strong>im-</strong></span> 
     </span>
    </p>
   </div>
   <div class='ocr_carea' id='block_1_92' title="bbox 405 4483 1994 4566">
    <p class='ocr_par' dir='ltr' id='par_1_92' title="bbox 405 4483 1987 4566">
     <span class='ocr_line' id='line_1_92' title="bbox 405 4483 1987 4566; baseline 0.006 -29"><span class='ocrx_word' id='word_1_626' title='bbox 405 4483 733 4555; x_wconf 87' lang='grc' dir='ltr'>παραθεῖσα,</span> <span class='ocrx_word' id='word_1_627' title='bbox 761 4485 823 4537; x_wconf 84' lang='grc' dir='ltr'>τό</span> <span class='ocrx_word' id='word_1_628' title='bbox 863 4502 923 4538; x_wconf 92' lang='grc' dir='ltr'><strong>τε</strong></span> <span class='ocrx_word' id='word_1_629' title='bbox 956 4487 1170 4541; x_wconf 79' lang='grc' dir='ltr'>πάντων</span> <span class='ocrx_word' id='word_1_630' title='bbox 1205 4487 1391 4543; x_wconf 86' lang='grc' dir='ltr'>δεινῶν</span> <span class='ocrx_word' id='word_1_631' title='bbox 1422 4490 1824 4564; x_wconf 85' lang='grc' dir='ltr'>ἀφορητότερον</span> <span class='ocrx_word' id='word_1_632' title='bbox 1852 4512 1987 4566; x_wconf 86' lang='grc' dir='ltr'>πορ-</span> 
     </span>
    </p>
   </div>
   <div class='ocr_carea' id='block_1_93' title="bbox 2091 4483 3670 4566">
    <p class='ocr_par' dir='ltr' id='par_1_93' title="bbox 2096 4483 3670 4558">
     <span class='ocr_line' id='line_1_93' title="bbox 2096 4483 3670 4558; baseline -0.004 -16"><span class='ocrx_word' id='word_1_633' title='bbox 2096 4490 2362 4544; x_wconf 88' lang='lat' dir='ltr'><strong>minereut</strong></span> <span class='ocrx_word' id='word_1_634' title='bbox 2389 4489 2642 4558; x_wconf 84' lang='lat' dir='ltr'><strong>exposuit</strong></span> <span class='ocrx_word' id='word_1_635' title='bbox 2677 4504 2694 4542; x_wconf 91' lang='lat'><strong>:</strong></span> <span class='ocrx_word' id='word_1_636' title='bbox 2735 4487 2978 4543; x_wconf 89' lang='lat' dir='ltr'><strong>omnium</strong></span> <span class='ocrx_word' id='word_1_637' title='bbox 3003 4501 3134 4541; x_wconf 79' lang='lat' dir='ltr'><strong>vero</strong></span> <span class='ocrx_word' id='word_1_638' title='bbox 3164 4485 3430 4539; x_wconf 90' lang='lat' dir='ltr'><strong>malorum</strong></span> <span class='ocrx_word' id='word_1_639' title='bbox 3459 4483 3670 4552; x_wconf 79' lang='lat' dir='ltr'><strong>gravis-</strong></span> 
     </span>
    </p>
   </div>
   <div class='ocr_carea' id='block_1_94' title="bbox 402 4572 1991 4655">
    <p class='ocr_par' dir='ltr' id='par_1_94' title="bbox 402 4572 1991 4655">
     <span class='ocr_line' id='line_1_94' title="bbox 402 4572 1991 4655; baseline 0.008 -26"><span class='ocrx_word' id='word_1_640' title='bbox 402 4572 551 4638; x_wconf 82' lang='grc' dir='ltr'>νείας</span> <span class='ocrx_word' id='word_1_641' title='bbox 610 4575 838 4646; x_wconf 83' lang='grc' dir='ltr'>ἀπειλὴν</span> <span class='ocrx_word' id='word_1_642' title='bbox 894 4576 1028 4647; x_wconf 84' lang='grc' dir='ltr'>μηδὲ</span> <span class='ocrx_word' id='word_1_643' title='bbox 1081 4578 1273 4648; x_wconf 78' lang='grc' dir='ltr'>ἄκροις</span> <span class='ocrx_word' id='word_1_644' title='bbox 1331 4581 1465 4635; x_wconf 71' lang='grc' dir='ltr'>ὠσὶν</span> <span class='ocrx_word' id='word_1_645' title='bbox 1535 4583 1829 4655; x_wconf 76' lang='grc' dir='ltr'>ὑπομεῖναι</span> <span class='ocrx_word' id='word_1_646' title='bbox 1882 4585 1991 4641; x_wconf 86' lang='grc' dir='ltr'>δεῖν</span> 
     </span>
    </p>
   </div>
   <div class='ocr_carea' id='block_1_95' title="bbox 403 4805 1981 4874">
    <p class='ocr_par' dir='ltr' id='par_1_95' title="bbox 403 4805 1981 4874">
     <span class='ocr_line' id='line_1_95' title="bbox 403 4805 1981 4874; baseline 0.002 -11"><span class='ocrx_word' id='word_1_647' title='bbox 403 4806 623 4863; x_wconf 59' lang='lat' dir='ltr'><strong>Menaeis</strong></span> <span class='ocrx_word' id='word_1_648' title='bbox 665 4805 1003 4874; x_wconf 64' lang='lat' dir='ltr'><strong>Grierorum,</strong></span> <span class='ocrx_word' id='word_1_649' title='bbox 1054 4807 1142 4861; x_wconf 92' lang='lat' dir='ltr'><strong>die</strong></span> <span class='ocrx_word' id='word_1_650' title='bbox 1179 4824 1238 4863; x_wconf 90' lang='lat' dir='ltr'><strong>Ill</strong></span> <span class='ocrx_word' id='word_1_651' title='bbox 1275 4806 1553 4863; x_wconf 86' lang='lat' dir='ltr'><strong>Octobris.</strong></span> <span class='ocrx_word' id='word_1_652' title='bbox 1595 4808 1720 4863; x_wconf 83' lang='lat' dir='ltr'><strong>Fuit</strong></span> <span class='ocrx_word' id='word_1_653' title='bbox 1758 4820 1812 4865; x_wconf 87' lang='lat' dir='ltr'><strong>et</strong></span> <span class='ocrx_word' id='word_1_654' title='bbox 1841 4810 1981 4866; x_wconf 89' lang='lat' dir='ltr'><strong>alter</strong></span> 
     </span>
    </p>
   </div>
   <div class='ocr_carea' id='block_1_96' title="bbox 404 4878 1977 4951">
    <p class='ocr_par' dir='ltr' id='par_1_96' title="bbox 404 4878 1977 4951">
     <span class='ocr_line' id='line_1_96' title="bbox 404 4878 1977 4951; baseline 0.003 -19"><span class='ocrx_word' id='word_1_655' title='bbox 404 4880 681 4951; x_wconf 77' lang='lat' dir='ltr'><strong>Adnuctus</strong></span> <span class='ocrx_word' id='word_1_656' title='bbox 713 4879 922 4951; x_wconf 88' lang='lat' dir='ltr'><strong>eodem_</strong></span> <span class='ocrx_word' id='word_1_657' title='bbox 956 4888 1200 4951; x_wconf 80' lang='lat' dir='ltr'><strong>tempore</strong></span> <span class='ocrx_word' id='word_1_658' title='bbox 1217 4880 1590 4951; x_wconf 46' lang='lat' dir='ltr'><strong>“martyrium</strong></span> <span class='ocrx_word' id='word_1_659' title='bbox 1622 4878 1808 4935; x_wconf 65' lang='lat' dir='ltr'><strong>Roma:</strong></span> <span class='ocrx_word' id='word_1_660' title='bbox 1849 4897 1977 4951; x_wconf 89' lang='lat' dir='ltr'><strong>pas-</strong></span> 
     </span>
    </p>
   </div>
   <div class='ocr_carea' id='block_1_97' title="bbox 404 4947 1983 5014">
    <p class='ocr_par' dir='ltr' id='par_1_97' title="bbox 404 4947 1983 5014">
     <span class='ocr_line' id='line_1_97' title="bbox 404 4947 1983 5014; baseline 0.005 -16"><span class='ocrx_word' id='word_1_661' title='bbox 404 4964 533 5011; x_wconf 84' lang='lat' dir='ltr'><strong>sus;</strong></span> <span class='ocrx_word' id='word_1_662' title='bbox 571 4947 723 5014; x_wconf 83' lang='lat' dir='ltr'><strong>Cujus</strong></span> <span class='ocrx_word' id='word_1_663' title='bbox 759 4947 960 5000; x_wconf 88' lang='lat' dir='ltr'><strong>mentio</strong></span> <span class='ocrx_word' id='word_1_664' title='bbox 1006 4947 1064 5000; x_wconf 88' lang='lat' dir='ltr'><strong>ﬁt</strong></span> <span class='ocrx_word' id='word_1_665' title='bbox 1105 4962 1180 5001; x_wconf 80' lang='lat' dir='ltr'><strong>\‘Il</strong></span> <span class='ocrx_word' id='word_1_666' title='bbox 1217 4947 1521 5003; x_wconf 80' lang='lat' dir='ltr'><strong>Februarii.</strong></span> <span class='ocrx_word' id='word_1_667' title='bbox 1554 4949 1689 5004; x_wconf 86' lang='lat' dir='ltr'><strong>lluic</strong></span> <span class='ocrx_word' id='word_1_668' title='bbox 1722 4947 1983 5006; x_wconf 74' lang='lat' dir='ltr'><strong>Damasus</strong></span> 
     </span>
    </p>
   </div>
   <div class='ocr_carea' id='block_1_98' title="bbox 404 5016 1984 5090">
    <p class='ocr_par' dir='ltr' id='par_1_98' title="bbox 404 5016 1984 5090">
     <span class='ocr_line' id='line_1_98' title="bbox 404 5016 1984 5090; baseline 0.004 -21"><span class='ocrx_word' id='word_1_669' title='bbox 404 5032 541 5088; x_wconf 85' lang='lat' dir='ltr'><strong>papa</strong></span> <span class='ocrx_word' id='word_1_670' title='bbox 588 5020 959 5090; x_wconf 69' lang='lat' dir='ltr'><strong>caaiiieteriiiiii</strong></span> <span class='ocrx_word' id='word_1_671' title='bbox 996 5016 1181 5071; x_wconf 80' lang='lat' dir='ltr'><strong>Romae</strong></span> <span class='ocrx_word' id='word_1_672' title='bbox 1224 5018 1465 5090; x_wconf 32' lang='lat' dir='ltr'><strong>fecittut</strong></span> <span class='ocrx_word' id='word_1_673' title='bbox 1505 5019 1664 5075; x_wconf 89' lang='lat' dir='ltr'><strong>docet</strong></span> <span class='ocrx_word' id='word_1_674' title='bbox 1690 5032 1843 5076; x_wconf 84' lang='lat' dir='ltr'><strong>vetus</strong></span> <span class='ocrx_word' id='word_1_675' title='bbox 1868 5022 1984 5090; x_wconf 86' lang='lat' dir='ltr'><strong>epi-</strong></span> 
     </span>
    </p>
   </div>
   <div class='ocr_carea' id='block_1_99' title="bbox 400 5085 1493 5157">
    <p class='ocr_par' dir='ltr' id='par_1_99' title="bbox 400 5085 1493 5157">
     <span class='ocr_line' id='line_1_99' title="bbox 400 5085 1493 5157; baseline 0.001 -17"><span class='ocrx_word' id='word_1_676' title='bbox 400 5085 643 5157; x_wconf 77' lang='lat' dir='ltr'><strong>gramma</strong></span> <span class='ocrx_word' id='word_1_677' title='bbox 670 5087 808 5157; x_wconf 80' lang='lat' dir='ltr'><strong>apud</strong></span> <span class='ocrx_word' id='word_1_678' title='bbox 840 5085 1156 5157; x_wconf 81' lang='lat' dir='ltr'><strong>Gruterum,</strong></span> <span class='ocrx_word' id='word_1_679' title='bbox 1185 5104 1306 5157; x_wconf 80' lang='lat' dir='ltr'><strong>pag.</strong></span> <span class='ocrx_word' id='word_1_680' title='bbox 1336 5086 1493 5143; x_wconf 71' lang='grc'><strong>1072.</strong></span> 
     </span>
    </p>
   </div>
   <div class='ocr_carea' id='block_1_100' title="bbox 474 5155 1981 5230">
    <p class='ocr_par' dir='ltr' id='par_1_100' title="bbox 474 5155 1981 5230">
     <span class='ocr_line' id='line_1_100' title="bbox 474 5155 1981 5230; baseline 0.003 -21"><span class='ocrx_word' id='word_1_681' title='bbox 474 5157 585 5230; x_wconf 72' lang='grc'><strong>(44)</strong></span> <span class='ocrx_word' id='word_1_682' title='bbox 617 5156 729 5230; x_wconf 75' lang='grc' dir='ltr'><strong>Τὰς</strong></span> <span class='ocrx_word' id='word_1_683' title='bbox 763 5157 1024 5230; x_wconf 65' lang='grc' dir='ltr'>καθόλου</span> <span class='ocrx_word' id='word_1_684' title='bbox 1059 5155 1407 5230; x_wconf 62' lang='grc' dir='ltr'><strong>διοικήσειςΣ</strong></span> <span class='ocrx_word' id='word_1_685' title='bbox 1431 5157 1791 5230; x_wconf 65' lang='lat' dir='ltr'><strong>Rationalem</strong></span> <span class='ocrx_word' id='word_1_686' title='bbox 1831 5176 1981 5215; x_wconf 91' lang='lat' dir='ltr'><strong>sum-</strong></span> 
     </span>
    </p>
   </div>
   <div class='ocr_carea' id='block_1_101' title="bbox 402 5228 1976 5299">
    <p class='ocr_par' dir='ltr' id='par_1_101' title="bbox 402 5228 1976 5299">
     <span class='ocr_line' id='line_1_101' title="bbox 402 5228 1976 5299; baseline 0.004 -20"><span class='ocrx_word' id='word_1_687' title='bbox 402 5228 614 5299; x_wconf 78' lang='lat' dir='ltr'><strong>marum</strong></span> <span class='ocrx_word' id='word_1_688' title='bbox 651 5228 919 5299; x_wconf 68' lang='lat' dir='ltr'><strong>intelligit.</strong></span> <span class='ocrx_word' id='word_1_689' title='bbox 950 5229 1044 5282; x_wconf 75' lang='lat' dir='ltr'><strong>Sic</strong></span> <span class='ocrx_word' id='word_1_690' title='bbox 1073 5242 1235 5299; x_wconf 65' lang='lat' dir='ltr'><strong>supra</strong></span> <span class='ocrx_word' id='word_1_691' title='bbox 1277 5229 1343 5283; x_wconf 89' lang='lat' dir='ltr'><strong>de</strong></span> <span class='ocrx_word' id='word_1_692' title='bbox 1381 5228 1716 5299; x_wconf 89' lang='lat' dir='ltr'><strong>Philoromo,</strong></span> <span class='ocrx_word' id='word_1_693' title='bbox 1749 5247 1869 5299; x_wconf 87' lang='lat' dir='ltr'><strong>cap.</strong></span> <span class='ocrx_word' id='word_1_694' title='bbox 1896 5231 1929 5285; x_wconf 87' lang='grc'><strong>9</strong></span> <span class='ocrx_word' id='word_1_695' title='bbox 1964 5249 1976 5285; x_wconf 92' lang='lat'>:</span> 
     </span>
    </p>
   </div>
   <div class='ocr_carea' id='block_1_102' title="bbox 411 5295 1981 5371">
    <p class='ocr_par' dir='ltr' id='par_1_102' title="bbox 411 5295 1981 5371">
     <span class='ocr_line' id='line_1_102' title="bbox 411 5295 1981 5371; baseline 0.003 -21"><span class='ocrx_word' id='word_1_696' title='bbox 411 5295 608 5371; x_wconf 60' lang='grc' dir='ltr'>ξΔρχήν</span> <span class='ocrx_word' id='word_1_697' title='bbox 620 5313 753 5371; x_wconf 55' lang='grc' dir='ltr'>τινα</span> <span class='ocrx_word' id='word_1_698' title='bbox 776 5297 838 5350; x_wconf 85' lang='grc' dir='ltr'><strong>ού</strong></span> <span class='ocrx_word' id='word_1_699' title='bbox 866 5295 964 5371; x_wconf 83' lang='grc' dir='ltr'>τὴν</span> <span class='ocrx_word' id='word_1_700' title='bbox 988 5295 1256 5368; x_wconf 90' lang='grc' dir='ltr'>τυχοῦσαν</span> <span class='ocrx_word' id='word_1_701' title='bbox 1278 5299 1378 5368; x_wconf 78' lang='grc' dir='ltr'>τῆς</span> <span class='ocrx_word' id='word_1_702' title='bbox 1421 5299 1542 5371; x_wconf 84' lang='grc' dir='ltr'>κατ’</span> <span class='ocrx_word' id='word_1_703' title='bbox 1576 5295 1981 5371; x_wconf 64' lang='grc' dir='ltr'>Ἀλεξάνδρειαν</span> 
     </span>
    </p>
   </div>
   <div class='ocr_carea' id='block_1_103' title="bbox 433 5367 1982 5441">
    <p class='ocr_par' dir='ltr' id='par_1_103' title="bbox 433 5367 1982 5441">
     <span class='ocr_line' id='line_1_103' title="bbox 433 5367 1982 5441; baseline 0.002 -19"><span class='ocrx_word' id='word_1_704' title='bbox 433 5367 683 5441; x_wconf 72' lang='grc' dir='ltr'>ασιλικῆς</span> <span class='ocrx_word' id='word_1_705' title='bbox 719 5367 1582 5441; x_wconf 68' lang='grc' dir='ltr'>διοικήσεωςἐγκεχειρισμένος.</span> <span class='ocrx_word' id='word_1_706' title='bbox 1625 5368 1791 5425; x_wconf 83' lang='lat' dir='ltr'><strong>Recte</strong></span> <span class='ocrx_word' id='word_1_707' title='bbox 1818 5367 1982 5440; x_wconf 76' lang='lat' dir='ltr'><strong>igitur</strong></span> 
     </span>
    </p>
   </div>
   <div class='ocr_carea' id='block_1_104' title="bbox 425 5438 1978 5495">
    <p class='ocr_par' dir='ltr' id='par_1_104' title="bbox 425 5438 1978 5495">
     <span class='ocr_line' id='line_1_104' title="bbox 425 5438 1978 5495; baseline 0.003 -5"><span class='ocrx_word' id='word_1_708' title='bbox 425 5438 647 5491; x_wconf 78' lang='lat' dir='ltr'><strong>luﬁnus</strong></span> <span class='ocrx_word' id='word_1_709' title='bbox 675 5440 818 5493; x_wconf 89' lang='lat' dir='ltr'><strong>hunc</strong></span> <span class='ocrx_word' id='word_1_710' title='bbox 864 5440 1040 5493; x_wconf 90' lang='lat' dir='ltr'><strong>locum</strong></span> <span class='ocrx_word' id='word_1_711' title='bbox 1090 5438 1259 5493; x_wconf 73' lang='lat' dir='ltr'><strong>Vertit</strong></span> <span class='ocrx_word' id='word_1_712' title='bbox 1290 5438 1320 5493; x_wconf 59' lang='grc' dir='ltr'>ε’</span> <span class='ocrx_word' id='word_1_713' title='bbox 1344 5439 1596 5493; x_wconf 80' lang='lat' dir='ltr'><strong>Rationes</strong></span> <span class='ocrx_word' id='word_1_714' title='bbox 1648 5438 1978 5495; x_wconf 79' lang='lat' dir='ltr'><strong>summarum</strong></span> 
     </span>
    </p>
   </div>
   <div class='ocr_carea' id='block_1_105' title="bbox 397 5508 1585 5572">
    <p class='ocr_par' dir='ltr' id='par_1_105' title="bbox 397 5508 1585 5572">
     <span class='ocr_line' id='line_1_105' title="bbox 397 5508 1585 5572; baseline 0.003 -12"><span class='ocrx_word' id='word_1_715' title='bbox 397 5510 629 5572; x_wconf 77' lang='lat' dir='ltr'><strong>partium</strong></span> <span class='ocrx_word' id='word_1_716' title='bbox 660 5508 1060 5563; x_wconf 80' lang='lat' dir='ltr'><strong>administrans.</strong></span> <span class='ocrx_word' id='word_1_717' title='bbox 1095 5510 1161 5563; x_wconf 86' lang='lat' dir='ltr'><strong>Et</strong></span> <span class='ocrx_word' id='word_1_718' title='bbox 1193 5525 1383 5564; x_wconf 84' lang='lat' dir='ltr'><strong>rursus</strong></span> <span class='ocrx_word' id='word_1_719' title='bbox 1423 5508 1585 5563; x_wconf 85' lang='lat' dir='ltr'><strong>infra.</strong></span> 
     </span>
    </p>
   </div>
   <div class='ocr_carea' id='block_1_106' title="bbox 467 5576 1974 5648">
    <p class='ocr_par' dir='ltr' id='par_1_106' title="bbox 467 5576 1974 5648">
     <span class='ocr_line' id='line_1_106' title="bbox 467 5576 1974 5648; baseline 0.003 -17"><span class='ocrx_word' id='word_1_720' title='bbox 467 5578 579 5648; x_wconf 72' lang='grc'><strong>(45)</strong></span> <span class='ocrx_word' id='word_1_721' title='bbox 632 5576 747 5648; x_wconf 83' lang='grc' dir='ltr'><strong>Τῆς</strong></span> <span class='ocrx_word' id='word_1_722' title='bbox 790 5579 925 5645; x_wconf 82' lang='grc' dir='ltr'>παρ’</span> <span class='ocrx_word' id='word_1_723' title='bbox 971 5579 1176 5646; x_wconf 83' lang='grc' dir='ltr'>αὐτοῖς</span> <span class='ocrx_word' id='word_1_724' title='bbox 1232 5576 1610 5647; x_wconf 68' lang='grc' dir='ltr'>καλουμένης</span> <span class='ocrx_word' id='word_1_725' title='bbox 1651 5582 1974 5648; x_wconf 73' lang='grc' dir='ltr'>μαγιστρό-</span> 
     </span>
    </p>
   </div>
   <div class='ocr_carea' id='block_1_107' title="bbox 397 5647 1969 5719">
    <p class='ocr_par' dir='ltr' id='par_1_107' title="bbox 397 5647 1969 5719">
     <span class='ocr_line' id='line_1_107' title="bbox 397 5647 1969 5719; baseline 0.006 -23"><span class='ocrx_word' id='word_1_726' title='bbox 397 5660 590 5719; x_wconf 84' lang='grc' dir='ltr'>τητος.</span> <span class='ocrx_word' id='word_1_727' title='bbox 653 5647 795 5703; x_wconf 77' lang='lat' dir='ltr'><strong>Male</strong></span> <span class='ocrx_word' id='word_1_728' title='bbox 834 5648 1064 5704; x_wconf 82' lang='lat' dir='ltr'><strong>Ruﬁnus</strong></span> <span class='ocrx_word' id='word_1_729' title='bbox 1118 5652 1487 5719; x_wconf 85' lang='lat' dir='ltr'><strong>magisterium</strong></span> <span class='ocrx_word' id='word_1_730' title='bbox 1536 5647 1833 5704; x_wconf 81' lang='lat' dir='ltr'><strong>ciliciorum</strong></span> <span class='ocrx_word' id='word_1_731' title='bbox 1883 5653 1969 5705; x_wconf 89' lang='lat' dir='ltr'><strong>hic</strong></span> 
     </span>
    </p>
   </div>
   <div class='ocr_carea' id='block_1_108' title="bbox 401 5718 1961 5790">
    <p class='ocr_par' dir='ltr' id='par_1_108' title="bbox 401 5718 1961 5790">
     <span class='ocr_line' id='line_1_108' title="bbox 401 5718 1961 5790; baseline 0.004 -23"><span class='ocrx_word' id='word_1_732' title='bbox 401 5718 680 5790; x_wconf 71' lang='lat' dir='ltr'><strong>&#39;utellesit.</strong></span> <span class='ocrx_word' id='word_1_733' title='bbox 731 5719 1112 5790; x_wconf 87' lang='lat' dir='ltr'><strong>lnlelliguntur</strong></span> <span class='ocrx_word' id='word_1_734' title='bbox 1148 5723 1291 5775; x_wconf 86' lang='lat' dir='ltr'><strong>enim</strong></span> <span class='ocrx_word' id='word_1_735' title='bbox 1327 5721 1569 5786; x_wconf 73' lang='lat' dir='ltr'><strong>magistri</strong></span> <span class='ocrx_word' id='word_1_736' title='bbox 1602 5722 1678 5790; x_wconf 78' lang='lat' dir='ltr'><strong>rei</strong></span> <span class='ocrx_word' id='word_1_737' title='bbox 1716 5721 1961 5790; x_wconf 60' lang='lat' dir='ltr'><strong>private,</strong></span> 
     </span>
    </p>
   </div>
   <div class='ocr_carea' id='block_1_109' title="bbox 405 5788 1959 5861">
    <p class='ocr_par' dir='ltr' id='par_1_109' title="bbox 405 5788 1959 5861">
     <span class='ocr_line' id='line_1_109' title="bbox 405 5788 1959 5861; baseline 0.001 -23"><span class='ocrx_word' id='word_1_738' title='bbox 405 5793 458 5834; x_wconf 81' lang='grc' dir='ltr'><strong>ιιι</strong></span> <span class='ocrx_word' id='word_1_739' title='bbox 491 5788 723 5844; x_wconf 73' lang='lat' dir='ltr'><strong>declarat</strong></span> <span class='ocrx_word' id='word_1_740' title='bbox 772 5804 877 5847; x_wconf 79' lang='lat' dir='ltr'><strong>vox</strong></span> <span class='ocrx_word' id='word_1_741' title='bbox 918 5788 1185 5860; x_wconf 58' lang='lat' dir='ltr'><strong>proxime</strong></span> <span class='ocrx_word' id='word_1_742' title='bbox 1232 5805 1468 5860; x_wconf 60' lang='lat' dir='ltr'><strong>serviens</strong></span> <span class='ocrx_word' id='word_1_743' title='bbox 1522 5788 1959 5861; x_wconf 66' lang='grc' dir='ltr'>καθ&gt;λικ5τητος.</span> 
     </span>
    </p>
   </div>
   <div class='ocr_carea' id='block_1_110' title="bbox 2101 4574 3669 4646">
    <p class='ocr_par' dir='ltr' id='par_1_110' title="bbox 2101 4574 3669 4646">
     <span class='ocr_line' id='line_1_110' title="bbox 2101 4574 3669 4646; baseline -0.006 -5"><span class='ocrx_word' id='word_1_744' title='bbox 2101 4586 2300 4641; x_wconf 87' lang='lat' dir='ltr'><strong>simum</strong></span> <span class='ocrx_word' id='word_1_745' title='bbox 2331 4598 2395 4636; x_wconf 85' lang='lat' dir='ltr'><strong>ac</strong></span> <span class='ocrx_word' id='word_1_746' title='bbox 2425 4580 2657 4635; x_wconf 74' lang='lat' dir='ltr'><strong>maxime</strong></span> <span class='ocrx_word' id='word_1_747' title='bbox 2686 4578 3029 4634; x_wconf 88' lang='lat' dir='ltr'><strong>intolerabile</strong></span> <span class='ocrx_word' id='word_1_748' title='bbox 3056 4592 3178 4633; x_wconf 88' lang='lat' dir='ltr'><strong>esse</strong></span> <span class='ocrx_word' id='word_1_749' title='bbox 3209 4584 3484 4646; x_wconf 89' lang='lat' dir='ltr'><strong>stuprum,</strong></span> <span class='ocrx_word' id='word_1_750' title='bbox 3514 4574 3669 4643; x_wconf 89' lang='lat' dir='ltr'><strong>cujus</strong></span> 
     </span>
    </p>
   </div>
   <div class='ocr_carea' id='block_1_111' title="bbox 2081 4807 3664 4882">
    <p class='ocr_par' dir='ltr' id='par_1_111' title="bbox 2081 4807 3664 4882">
     <span class='ocr_line' id='line_1_111' title="bbox 2081 4807 3664 4882; baseline 0.001 -16"><span class='ocrx_word' id='word_1_751' title='bbox 2081 4812 2216 4867; x_wconf 84' lang='lat' dir='ltr'><strong>Nam</strong></span> <span class='ocrx_word' id='word_1_752' title='bbox 2268 4811 2513 4882; x_wconf 83' lang='lat' dir='ltr'><strong>magistri</strong></span> <span class='ocrx_word' id='word_1_753' title='bbox 2561 4809 2639 4882; x_wconf 78' lang='lat' dir='ltr'><strong>rei</strong></span> <span class='ocrx_word' id='word_1_754' title='bbox 2685 4810 2911 4880; x_wconf 67' lang='lat' dir='ltr'><strong>privata:</strong></span> <span class='ocrx_word' id='word_1_755' title='bbox 2945 4825 3067 4882; x_wconf 83' lang='lat' dir='ltr'><strong>cum</strong></span> <span class='ocrx_word' id='word_1_756' title='bbox 3103 4808 3481 4864; x_wconf 80' lang='lat' dir='ltr'><strong>Rationalibus</strong></span> <span class='ocrx_word' id='word_1_757' title='bbox 3509 4807 3664 4882; x_wconf 83' lang='lat' dir='ltr'><strong>jnngi</strong></span> 
     </span>
    </p>
   </div>
   <div class='ocr_carea' id='block_1_112' title="bbox 2080 4879 3666 4949">
    <p class='ocr_par' dir='ltr' id='par_1_112' title="bbox 2080 4879 3666 4949">
     <span class='ocr_line' id='line_1_112' title="bbox 2080 4879 3666 4949; baseline 0.003 -14"><span class='ocrx_word' id='word_1_758' title='bbox 2080 4884 2255 4937; x_wconf 85' lang='lat' dir='ltr'><strong>solent</strong></span> <span class='ocrx_word' id='word_1_759' title='bbox 2284 4884 2337 4936; x_wconf 88' lang='lat' dir='ltr'><strong>in</strong></span> <span class='ocrx_word' id='word_1_760' title='bbox 2362 4879 2552 4935; x_wconf 75' lang='lat' dir='ltr'><strong>codice</strong></span> <span class='ocrx_word' id='word_1_761' title='bbox 2582 4879 2896 4946; x_wconf 83' lang='lat' dir='ltr'><strong>Theodosii,</strong></span> <span class='ocrx_word' id='word_1_762' title='bbox 2931 4892 2991 4935; x_wconf 92' lang='lat' dir='ltr'><strong>ut</strong></span> <span class='ocrx_word' id='word_1_763' title='bbox 3022 4879 3351 4949; x_wconf 79' lang='lat' dir='ltr'><strong>jampridem</strong></span> <span class='ocrx_word' id='word_1_764' title='bbox 3381 4881 3563 4937; x_wconf 85' lang='lat' dir='ltr'><strong>notavi</strong></span> <span class='ocrx_word' id='word_1_765' title='bbox 3596 4879 3666 4939; x_wconf 69' lang='lat' dir='ltr'><strong>ad</strong></span> 
     </span>
    </p>
   </div>
   <div class='ocr_carea' id='block_1_113' title="bbox 2080 4950 3218 5020">
    <p class='ocr_par' dir='ltr' id='par_1_113' title="bbox 2080 4950 3218 5020">
     <span class='ocr_line' id='line_1_113' title="bbox 2080 4950 3218 5020; baseline -0.002 -13"><span class='ocrx_word' id='word_1_766' title='bbox 2080 4951 2282 5007; x_wconf 77' lang='lat' dir='ltr'><strong>libi-um</strong></span> <span class='ocrx_word' id='word_1_767' title='bbox 2318 4967 2384 5005; x_wconf 78' lang='lat' dir='ltr'><strong>xv</strong></span> <span class='ocrx_word' id='word_1_768' title='bbox 2412 4953 2589 5005; x_wconf 83' lang='lat' dir='ltr'><strong>Amm.</strong></span> <span class='ocrx_word' id='word_1_769' title='bbox 2621 4950 2940 5019; x_wconf 77' lang='lat' dir='ltr'><strong>Marcellini,</strong></span> <span class='ocrx_word' id='word_1_770' title='bbox 2970 4967 3094 5020; x_wconf 78' lang='lat' dir='ltr'><strong>pag.</strong></span> <span class='ocrx_word' id='word_1_771' title='bbox 3128 4952 3218 5005; x_wconf 85' lang='lat'><strong>78.</strong></span> 
     </span>
    </p>
   </div>
   <div class='ocr_carea' id='block_1_114' title="bbox 2152 5020 3668 5092">
    <p class='ocr_par' dir='ltr' id='par_1_114' title="bbox 2152 5020 3668 5092">
     <span class='ocr_line' id='line_1_114' title="bbox 2152 5020 3668 5092; baseline 0.002 -17"><span class='ocrx_word' id='word_1_772' title='bbox 2152 5022 2265 5092; x_wconf 65' lang='grc'>(46)</span> <span class='ocrx_word' id='word_1_773' title='bbox 2313 5020 2642 5076; x_wconf 79' lang='grc' dir='ltr'>Μαλθακοῦ</span> <span class='ocrx_word' id='word_1_774' title='bbox 2694 5023 2905 5091; x_wconf 81' lang='grc' dir='ltr'>πυρός.</span> <span class='ocrx_word' id='word_1_775' title='bbox 2957 5022 3105 5076; x_wconf 89' lang='lat' dir='ltr'><strong>Talis</strong></span> <span class='ocrx_word' id='word_1_776' title='bbox 3158 5030 3241 5076; x_wconf 87' lang='lat' dir='ltr'><strong>est</strong></span> <span class='ocrx_word' id='word_1_777' title='bbox 3303 5022 3441 5089; x_wconf 81' lang='lat' dir='ltr'><strong>ignis</strong></span> <span class='ocrx_word' id='word_1_778' title='bbox 3482 5020 3573 5091; x_wconf 90' lang='lat' dir='ltr'><strong>qui</strong></span> <span class='ocrx_word' id='word_1_779' title='bbox 3597 5037 3668 5078; x_wconf 77' lang='lat' dir='ltr'><strong>ex</strong></span> 
     </span>
    </p>
   </div>
   <div class='ocr_carea' id='block_1_115' title="bbox 2081 5092 3664 5161">
    <p class='ocr_par' dir='ltr' id='par_1_115' title="bbox 2081 5092 3664 5161">
     <span class='ocr_line' id='line_1_115' title="bbox 2081 5092 3664 5161; baseline 0.002 -18"><span class='ocrx_word' id='word_1_780' title='bbox 2081 5094 2254 5161; x_wconf 66' lang='lat' dir='ltr'><strong>pali-is</strong></span> <span class='ocrx_word' id='word_1_781' title='bbox 2324 5092 2737 5161; x_wconf 17' lang='lat' dir='ltr'><strong>autivirgultis</strong></span> <span class='ocrx_word' id='word_1_782' title='bbox 2802 5095 3137 5146; x_wconf 84' lang='lat' dir='ltr'><strong>accenditur.</strong></span> <span class='ocrx_word' id='word_1_783' title='bbox 3221 5093 3427 5147; x_wconf 90' lang='lat' dir='ltr'><strong>Dicitur</strong></span> <span class='ocrx_word' id='word_1_784' title='bbox 3483 5105 3664 5147; x_wconf 85' lang='lat' dir='ltr'><strong>autem</strong></span> 
     </span>
    </p>
   </div>
   <div class='ocr_carea' id='block_1_116' title="bbox 2084 5160 3665 5234">
    <p class='ocr_par' dir='ltr' id='par_1_116' title="bbox 2084 5160 3665 5234">
     <span class='ocr_line' id='line_1_116' title="bbox 2084 5160 3665 5234; baseline 0.001 -18"><span class='ocrx_word' id='word_1_785' title='bbox 2084 5160 2360 5234; x_wconf 80' lang='grc' dir='ltr'>μαλθακὸν</span> <span class='ocrx_word' id='word_1_786' title='bbox 2393 5160 2528 5232; x_wconf 88' lang='grc' dir='ltr'>πῦρ,</span> <span class='ocrx_word' id='word_1_787' title='bbox 2567 5160 2634 5234; x_wconf 77' lang='lat' dir='ltr'><strong>ad</strong></span> <span class='ocrx_word' id='word_1_788' title='bbox 2669 5162 3029 5218; x_wconf 80' lang='lat' dir='ltr'><strong>dilfereutiam</strong></span> <span class='ocrx_word' id='word_1_789' title='bbox 3065 5161 3334 5216; x_wconf 85' lang='grc' dir='ltr'>ἀσϐέστου</span> <span class='ocrx_word' id='word_1_790' title='bbox 3365 5163 3557 5233; x_wconf 85' lang='grc' dir='ltr'>πυρός,</span> <span class='ocrx_word' id='word_1_791' title='bbox 3595 5165 3665 5217; x_wconf 84' lang='lat' dir='ltr'><strong>de</strong></span> 
     </span>
    </p>
   </div>
   <div class='ocr_carea' id='block_1_117' title="bbox 2081 5232 3664 5302">
    <p class='ocr_par' dir='ltr' id='par_1_117' title="bbox 2081 5232 3664 5302">
     <span class='ocr_line' id='line_1_117' title="bbox 2081 5232 3664 5302; baseline -0.001 -16"><span class='ocrx_word' id='word_1_792' title='bbox 2081 5232 2188 5302; x_wconf 68' lang='lat' dir='ltr'><strong>Quo</strong></span> <span class='ocrx_word' id='word_1_793' title='bbox 2219 5248 2382 5302; x_wconf 87' lang='lat' dir='ltr'><strong>supra</strong></span> <span class='ocrx_word' id='word_1_794' title='bbox 2414 5232 2595 5287; x_wconf 85' lang='lat' dir='ltr'><strong>notavi</strong></span> <span class='ocrx_word' id='word_1_795' title='bbox 2644 5237 2713 5287; x_wconf 89' lang='lat' dir='ltr'><strong>ad</strong></span> <span class='ocrx_word' id='word_1_796' title='bbox 2749 5233 2948 5289; x_wconf 88' lang='lat' dir='ltr'><strong>librum</strong></span> <span class='ocrx_word' id='word_1_797' title='bbox 2983 5247 3077 5286; x_wconf 84' lang='lat' dir='ltr'><strong>vn.</strong></span> <span class='ocrx_word' id='word_1_798' title='bbox 3112 5232 3526 5288; x_wconf 77' lang='lat' dir='ltr'><strong>Acceudehatur</strong></span> <span class='ocrx_word' id='word_1_799' title='bbox 3566 5248 3664 5302; x_wconf 83' lang='lat' dir='ltr'><strong>au-</strong></span> 
     </span>
    </p>
   </div>
   <div class='ocr_carea' id='block_1_118' title="bbox 2083 5301 3662 5375">
    <p class='ocr_par' dir='ltr' id='par_1_118' title="bbox 2083 5301 3662 5375">
     <span class='ocr_line' id='line_1_118' title="bbox 2083 5301 3662 5375; baseline 0 -19"><span class='ocrx_word' id='word_1_800' title='bbox 2083 5301 2189 5356; x_wconf 85' lang='lat' dir='ltr'><strong>tem</strong></span> <span class='ocrx_word' id='word_1_801' title='bbox 2222 5301 2362 5371; x_wconf 84' lang='lat' dir='ltr'><strong>ignis</strong></span> <span class='ocrx_word' id='word_1_802' title='bbox 2398 5303 2486 5356; x_wconf 89' lang='lat' dir='ltr'><strong>ille</strong></span> <span class='ocrx_word' id='word_1_803' title='bbox 2528 5315 2594 5356; x_wconf 84' lang='lat' dir='ltr'><strong>ex</strong></span> <span class='ocrx_word' id='word_1_804' title='bbox 2637 5303 2955 5372; x_wconf 75' lang='lat' dir='ltr'><strong>longinquo,</strong></span> <span class='ocrx_word' id='word_1_805' title='bbox 2981 5302 3056 5357; x_wconf 88' lang='lat' dir='ltr'><strong>ita</strong></span> <span class='ocrx_word' id='word_1_806' title='bbox 3083 5313 3142 5357; x_wconf 91' lang='lat' dir='ltr'><strong>ut</strong></span> <span class='ocrx_word' id='word_1_807' title='bbox 3192 5301 3662 5375; x_wconf 81' lang='lat' dir='ltr'><strong>martyressuﬁ‘o-</strong></span> 
     </span>
    </p>
   </div>
   <div class='ocr_carea' id='block_1_119' title="bbox 2080 5373 3661 5443">
    <p class='ocr_par' dir='ltr' id='par_1_119' title="bbox 2080 5373 3661 5443">
     <span class='ocr_line' id='line_1_119' title="bbox 2080 5373 3661 5443; baseline -0.002 -16"><span class='ocrx_word' id='word_1_808' title='bbox 2080 5385 2336 5427; x_wconf 87' lang='lat' dir='ltr'><strong>carentur</strong></span> <span class='ocrx_word' id='word_1_809' title='bbox 2365 5375 2545 5442; x_wconf 85' lang='lat' dir='ltr'><strong>potius</strong></span> <span class='ocrx_word' id='word_1_810' title='bbox 2569 5388 2730 5442; x_wconf 86' lang='lat' dir='ltr'><strong>quam</strong></span> <span class='ocrx_word' id='word_1_811' title='bbox 2756 5385 3158 5429; x_wconf 87' lang='lat' dir='ltr'><strong>cremarentur.</strong></span> <span class='ocrx_word' id='word_1_812' title='bbox 3190 5373 3507 5441; x_wconf 61' lang='lat' dir='ltr'><strong>IiujuSrnodi</strong></span> <span class='ocrx_word' id='word_1_813' title='bbox 3538 5373 3661 5443; x_wconf 82' lang='lat' dir='ltr'><strong>igne</strong></span> 
     </span>
    </p>
   </div>
   <div class='ocr_carea' id='block_1_120' title="bbox 2079 5443 3660 5513">
    <p class='ocr_par' dir='ltr' id='par_1_120' title="bbox 2079 5443 3660 5513">
     <span class='ocr_line' id='line_1_120' title="bbox 2079 5443 3660 5513; baseline -0.002 -18"><span class='ocrx_word' id='word_1_814' title='bbox 2079 5453 2303 5497; x_wconf 86' lang='lat' dir='ltr'><strong>necatus</strong></span> <span class='ocrx_word' id='word_1_815' title='bbox 2343 5445 2559 5513; x_wconf 64' lang='lat' dir='ltr'><strong>ridetur</strong></span> <span class='ocrx_word' id='word_1_816' title='bbox 2588 5443 2812 5498; x_wconf 83' lang='lat' dir='ltr'><strong>Piunius</strong></span> <span class='ocrx_word' id='word_1_817' title='bbox 2858 5454 3089 5513; x_wconf 81' lang='lat' dir='ltr'><strong>martyr,</strong></span> <span class='ocrx_word' id='word_1_818' title='bbox 3142 5452 3201 5498; x_wconf 89' lang='lat' dir='ltr'><strong>ut</strong></span> <span class='ocrx_word' id='word_1_819' title='bbox 3250 5444 3365 5511; x_wconf 89' lang='lat' dir='ltr'><strong>ejus</strong></span> <span class='ocrx_word' id='word_1_820' title='bbox 3401 5444 3534 5513; x_wconf 87' lang='lat' dir='ltr'><strong>Acta</strong></span> <span class='ocrx_word' id='word_1_821' title='bbox 3582 5450 3660 5493; x_wconf 85' lang='lat' dir='ltr'><strong>te-</strong></span> 
     </span>
    </p>
   </div>
   <div class='ocr_carea' id='block_1_121' title="bbox 2078 5512 3656 5583">
    <p class='ocr_par' dir='ltr' id='par_1_121' title="bbox 2078 5512 3656 5583">
     <span class='ocr_line' id='line_1_121' title="bbox 2078 5512 3656 5583; baseline -0.001 -18"><span class='ocrx_word' id='word_1_822' title='bbox 2078 5521 2315 5583; x_wconf 88' lang='lat' dir='ltr'><strong>stantur.</strong></span> <span class='ocrx_word' id='word_1_823' title='bbox 2349 5512 2839 5583; x_wconf 18' lang='lat' dir='ltr'><strong>Hocisupplicium</strong></span> <span class='ocrx_word' id='word_1_824' title='bbox 2874 5512 3177 5581; x_wconf 80' lang='lat' dir='ltr'><strong>intelligere</strong></span> <span class='ocrx_word' id='word_1_825' title='bbox 3208 5515 3424 5568; x_wconf 88' lang='lat' dir='ltr'><strong>videtur</strong></span> <span class='ocrx_word' id='word_1_826' title='bbox 3449 5512 3656 5583; x_wconf 79' lang='lat' dir='ltr'><strong>Seneca</strong></span> 
     </span>
    </p>
   </div>
   <div class='ocr_carea' id='block_1_122' title="bbox 2080 5580 3658 5646">
    <p class='ocr_par' dir='ltr' id='par_1_122' title="bbox 2080 5580 3658 5646">
     <span class='ocr_line' id='line_1_122' title="bbox 2080 5580 3658 5646; baseline -0.001 -11"><span class='ocrx_word' id='word_1_827' title='bbox 2080 5582 2134 5635; x_wconf 87' lang='lat' dir='ltr'><strong>in</strong></span> <span class='ocrx_word' id='word_1_828' title='bbox 2187 5583 2323 5636; x_wconf 88' lang='lat' dir='ltr'><strong>libro</strong></span> <span class='ocrx_word' id='word_1_829' title='bbox 2373 5599 2434 5635; x_wconf 89' lang='grc' dir='ltr'><strong>ιιι</strong></span> <span class='ocrx_word' id='word_1_830' title='bbox 2466 5582 2540 5637; x_wconf 84' lang='lat' dir='ltr'><strong>De</strong></span> <span class='ocrx_word' id='word_1_831' title='bbox 2575 5580 2679 5646; x_wconf 79' lang='lat' dir='ltr'><strong>ira,</strong></span> <span class='ocrx_word' id='word_1_832' title='bbox 2714 5586 2798 5639; x_wconf 86' lang='lat' dir='ltr'><strong>his</strong></span> <span class='ocrx_word' id='word_1_833' title='bbox 2852 5580 3078 5640; x_wconf 75' lang='lat' dir='ltr'><strong>verbis:</strong></span> <span class='ocrx_word' id='word_1_834' title='bbox 3127 5583 3195 5637; x_wconf 78' lang='lat' dir='ltr'><strong>Et</strong></span> <span class='ocrx_word' id='word_1_835' title='bbox 3223 5582 3537 5636; x_wconf 82' lang='lat' dir='ltr'><strong>circumdati</strong></span> <span class='ocrx_word' id='word_1_836' title='bbox 3566 5580 3658 5633; x_wconf 72' lang='lat' dir='ltr'><strong>de-</strong></span> 
     </span>
    </p>
   </div>
   <div class='ocr_carea' id='block_1_123' title="bbox 2076 5653 2742 5723">
    <p class='ocr_par' dir='ltr' id='par_1_123' title="bbox 2076 5653 2742 5723">
     <span class='ocr_line' id='line_1_123' title="bbox 2076 5653 2742 5723; baseline 0.008 -19"><span class='ocrx_word' id='word_1_837' title='bbox 2076 5653 2215 5723; x_wconf 6' lang='lat' dir='ltr'><strong>ﬁxis,</strong></span> <span class='ocrx_word' id='word_1_838' title='bbox 2238 5654 2541 5723; x_wconf 63' lang='lat' dir='ltr'><strong>corporibus</strong></span> <span class='ocrx_word' id='word_1_839' title='bbox 2576 5656 2742 5723; x_wconf 78' lang='lat' dir='ltr'><strong>ignes.</strong></span> 
     </span>
    </p>
   </div>
   <div class='ocr_carea' id='block_1_124' title="bbox 2146 5720 3655 5793">
    <p class='ocr_par' dir='ltr' id='par_1_124' title="bbox 2146 5720 3655 5793">
     <span class='ocr_line' id='line_1_124' title="bbox 2146 5720 3655 5793; baseline -0.001 -20"><span class='ocrx_word' id='word_1_840' title='bbox 2146 5722 2257 5793; x_wconf 70' lang='grc'>(47)</span> <span class='ocrx_word' id='word_1_841' title='bbox 2296 5720 2619 5793; x_wconf 23' lang='grc' dir='ltr'>ΑἘσχάδοαιξ</span> <span class='ocrx_word' id='word_1_842' title='bbox 2645 5725 2857 5792; x_wconf 77' lang='grc' dir='ltr'>πυρός.</span> <span class='ocrx_word' id='word_1_843' title='bbox 2890 5723 3055 5778; x_wconf 70' lang='lat' dir='ltr'><strong>Recte</strong></span> <span class='ocrx_word' id='word_1_844' title='bbox 3079 5722 3306 5777; x_wconf 82' lang='lat' dir='ltr'><strong>Ruﬁnus</strong></span> <span class='ocrx_word' id='word_1_845' title='bbox 3345 5720 3655 5776; x_wconf 80' lang='lat' dir='ltr'><strong>craticulam</strong></span> 
     </span>
    </p>
   </div>
   <div class='ocr_carea' id='block_1_125' title="bbox 2061 5791 3284 5872">
    <p class='ocr_par' dir='ltr' id='par_1_125' title="bbox 2061 5791 3284 5872">
     <span class='ocr_line' id='line_1_125' title="bbox 2061 5791 3284 5872; baseline 0 -27"><span class='ocrx_word' id='word_1_846' title='bbox 2061 5791 2253 5872; x_wconf 29' lang='lat' dir='ltr'><strong>.vet‘tit,</strong></span> <span class='ocrx_word' id='word_1_847' title='bbox 2279 5791 2484 5871; x_wconf 63' lang='grc' dir='ltr'>Οιυςδιις</span> <span class='ocrx_word' id='word_1_848' title='bbox 2518 5791 2734 5850; x_wconf 75' lang='lat' dir='ltr'><strong>veteres</strong></span> <span class='ocrx_word' id='word_1_849' title='bbox 2757 5797 2965 5866; x_wconf 77' lang='grc' dir='ltr'>ἐσχάρα</span> <span class='ocrx_word' id='word_1_850' title='bbox 2998 5793 3284 5851; x_wconf 83' lang='lat' dir='ltr'><strong>craticula.</strong></span> 
     </span>
    </p>
   </div>
  </div>
