4220 6400
501 303 605 362 771
1215 307 1488 365 EUSEDH
1523 308 2008 367 CESARIENSIS
2048 308 2203 366 OPP.
2249 309 2432 367 PARS
2473 314 2515 369 1.
2557 340 2630 353 -
2667 310 3067 369 HISTOBICA.
3676 312 3785 368 772

500 426 669 501 306
694 428 871 484 minas
897 444 968 486 ne
996 429 1185 485 auditu
1217 430 1438 501 quidem
1467 432 1741 491 sustinere
1764 433 1867 489 sibi
1894 433 1995 504 ipsi
2023 448 2073 488 at

2192 432 2447 499 ἀκοῦσαι,
2474 434 2643 506 ἑαυτῇ
2664 451 2724 488 τε
2748 435 2844 490 καὶ
2866 435 2987 498 ταῖς
3007 434 3198 505 κόραις
3226 430 3776 505 παρακελευσαμένη,

501 519 715 576 filiabus
760 520 845 576 fas
872 533 1034 577 esset.
1069 522 1150 576 Ad
1186 522 1300 577 haec
1333 524 1570 578 animam
1605 526 1858 580 servituti
1901 534 1957 582 et
1986 525 2088 580 ob-

499 613 692 680 sequio
718 613 1026 668 daemonum
1059 615 1397 684 mancipare,
1420 616 1575 669 omni
1609 626 1786 673 morte
1809 617 2088 687 exilioque

496 705 653 774 pejus
678 719 802 760 esse
837 720 961 761 cum
995 705 1252 771 dixisset,
1277 707 1499 760 unicum
1526 708 1794 763 adversus
1830 711 1942 763 haec
1968 723 2084 762 om-

497 795 588 849 nia
626 796 927 850 remedium
957 810 1079 851 esse
1121 797 1437 864 admonuit,
1469 799 1513 853 si
1568 800 1634 853 ad
1687 814 1845 869 opem
1878 798 2083 854 Christi

496 886 876 958 confugerent.
912 888 1008 944 His
1041 889 1226 954 dictis,
1264 890 1408 945 idem
1440 906 1633 946 omnes
1656 893 1942 948 consilium
1966 907 2085 946 am-

494 979 698 1049 plexae;
732 995 855 1035 cum
905 981 972 1035 ad
1021 982 1260 1037 medium
1298 982 1517 1038 itineris
1552 984 1948 1053 pervenissent,
1990 1000 2084 1039 ve-

494 1072 639 1126 niam
668 1087 699 1125 a
725 1072 988 1127 militibus
1018 1082 1285 1143 petuntut
1308 1076 1580 1142 tantisper
1601 1075 1666 1129 de
1690 1075 1774 1128 via
1796 1075 2085 1132 deﬂectere

494 1162 597 1217 sibi
643 1162 853 1217 liceret.
890 1162 1010 1230 Quo
1054 1164 1370 1232 impetrato,
1406 1165 1727 1234 compositis
1758 1165 1980 1219 honeste
2017 1180 2083 1220 ac

493 1254 751 1309 decenter
786 1255 1060 1318 vestibus,
1100 1255 1152 1309 in
1187 1254 1559 1323 praefluentem
1604 1270 1664 1309 se
1699 1254 1919 1309 fluvium
1953 1272 2082 1310 con-

488 1345 759 1415 iecerunt.
776 1346 844 1401 Et
863 1347 944 1401 hae
965 1345 1189 1415 quidem
1208 1348 1531 1415 semetipsas
1554 1348 1626 1401 ita
1642 1346 2078 1403 submerserunt.

491 1439 625 1493 Duae
654 1453 785 1493 vero
815 1438 939 1493 alia:
970 1439 1209 1509 virgines
1239 1440 1293 1492 in
1320 1442 1513 1495 eadem
1539 1440 1672 1494 urbe
1696 1441 1896 1494 divina:
1922 1454 2079 1509 pror-

491 1544 587 1585 sus
625 1545 688 1584 ac
712 1544 989 1600 germanas
1016 1545 1114 1600 per
1145 1532 1328 1586 omnia
1370 1547 1607 1598 sorores,
1645 1531 1929 1601 splendore
1959 1534 2080 1602 qui-

490 1619 617 1676 dem
646 1620 932 1687 natalium,
959 1622 1177 1691 opibus,
1211 1630 1369 1677 aetate
1405 1633 1459 1677 et
1483 1621 1656 1677 forma
1684 1623 1960 1687 florentes,
1987 1623 2079 1678 sed

490 1712 761 1783 gravitate
792 1727 1027 1777 morum,
1075 1713 1278 1767 mentis
1326 1713 1549 1784 pietate,
1595 1716 1887 1787 studioque
1916 1727 1971 1772 et
1999 1718 2080 1771 in-

2189 524 2328 578 ἀλλά
2365 527 2462 580 καὶ
2488 526 2550 579 ca
2581 526 2872 597 προδοῦναι
2902 525 3004 589 τάς
3040 526 3222 596 ψυχὰς
3249 528 3314 597 τῇ
3355 526 3464 578 τῶν
3507 525 3779 596 δαιμόνων

2188 616 2426 688 δουλείᾳ,
2455 619 2675 672 πάντων
2706 619 2974 690 ὑπάρχειν
2995 617 3242 671 θανάτων
3270 618 3365 670 καὶ
3388 617 3569 689 πάσης
3596 621 3779 689 χεῖρον

2188 710 2465 775 ἀπωλείας
2498 713 2737 783 φήσασα,
2778 711 2906 782 μίαν
2932 709 3138 764 τούτων
3168 709 3426 763 ἀπάντων
3454 704 3593 763 εἶναι
3623 710 3779 765 λύσιν

2188 803 2496 867 ὑπετίθετο,
2531 805 2631 875 τὴν
2664 804 2759 857 ἐπὶ
2785 803 2876 856 τὸν
2915 802 3120 873 Κύριον
3148 802 3473 872 καταφυγήν
3493 817 3506 832 ·
3541 801 3779 856 κᾶπειτα

2185 892 2322 963 ὁμοῦ
2349 896 2415 965 τῇ
2448 892 2644 967 γνώμῃ
2676 893 3020 965 συνθέμεναι,
3047 893 3118 947 τά
3145 909 3206 945 τε
3237 891 3469 963 σώματα
3495 893 3775 964 περιστείδ

2185 983 2346 1039 λασαι
2376 986 2620 1057 κοσμίως
2655 990 2769 1050 τοῖς
2806 986 3233 1057 περιϐλήμασιν,
3267 985 3355 1036 ἐπ’
3398 984 3570 1055 αὐτῆς
3605 986 3778 1057 μέσης

2185 1076 2472 1148 γενόμεναι
2511 1077 2609 1149 τῆς
2647 1076 2769 1131 ὀδοῦ
2795 1076 2930 1149 (48),
2969 1076 3142 1151 βραχύ
3174 1094 3227 1131 τι
3258 1078 3386 1142 τοὺς
3420 1077 3667 1147 φύλακας
3696 1082 3778 1144 εἰς

2186 1167 2538 1240 ἀναχώρησιν
2590 1170 3209 1242 ὑποπαραιτησάμεναι,
3261 1171 3355 1224 ἐπὶ
3392 1175 3776 1244 παραρρέοντα

2185 1260 2432 1330 ποταμὸν
2472 1260 2674 1324 ἐαυτάς
2721 1260 3034 1330 ἠκόντισαν.
3084 1261 3210 1314 Αἵδε
3258 1260 3360 1332 μὲν
3401 1258 3493 1316 οὖν
3546 1264 3773 1328 ἐαυτάς⁶

2184 1346 2351 1419 ἀλλην
2378 1347 2423 1400 δ’
2448 1350 2547 1402 ἐπ’
2582 1350 2754 1420 αὐτῆς
2811 1349 3141 1420 Ἀντιοχείας
3172 1350 3440 1423 ξυνωρίδα
3492 1352 3776 1427 παρθένων

2183 1441 2252 1493 τὰ
2284 1441 2461 1495 πάντα
2490 1440 2812 1514 θεοπρεπῶν
2841 1444 2937 1497 καὶ
2966 1442 3183 1514 ἀληθῶς
3215 1443 3482 1514 ἀδελφῶν,
3517 1447 3775 1512 ἐπιδόξων

2187 1533 2290 1603 μὲν
2323 1534 2383 1586 τὸ
2408 1534 2586 1602 γένος,
2620 1533 2890 1606 λαμπρῶν
2926 1534 2984 1588 δὲ
3014 1534 3106 1588 τὸν
3146 1535 3280 1605 βίον,
3314 1537 3452 1590 νέων
3482 1538 3609 1602 τοὺς
3642 1539 3775 1610 χρό-

2184 1641 2330 1689 νους,
2372 1625 2589 1697 ὡραίων
2619 1625 2681 1679 τὸ
2720 1626 2902 1697 σῶμα,
2934 1628 3147 1698 σεμνῶν
3177 1628 3275 1700 τὴν
3303 1628 3503 1700 ψυχὴν,
3534 1629 3776 1685 εὐσεϐῶν

2185 1717 2279 1771 τὸν
2313 1718 2536 1790 τρόπον,
2568 1718 2900 1790 θαυμαστῶν
2929 1720 3031 1791 τήν
3062 1721 3300 1792 σπουδὴν
3320 1761 3335 1786 ,
3369 1721 3445 1786 ὡς
3476 1721 3542 1775 ἂν
3578 1722 3652 1794 μὴ
3687 1740 3778 1791 (ped

490 1803 695 1859 duStria
722 1804 986 1860 clariores
1020 1820 1035 1859 :
1072 1805 1300 1874 perinde
1324 1820 1389 1860 ac
1411 1805 1458 1860 si
1492 1815 1636 1861 terra
1668 1786 1879 1863 tantum
1911 1810 2073 1863 decus

2184 1786 2383 1881 ρούσηξ
2427 1814 2528 1882 τῆς
2570 1786 2691 1883 γῆς’
2713 1811 2784 1865 τὰ
2819 1786 3046 1866 τοιαῦτα
3076 1786 3387 1884 βαστάξειν,
3428 1786 3669 1888 θαλάττῇ
3699 1786 3776 1887 pi-

491 1896 639 1953 ferre
660 1911 768 1952 non
793 1906 999 1968 posset,
1028 1912 1057 1952 a
1087 1897 1389 1953 cultoribus
1418 1899 1725 1954 dznmonum
1753 1900 1919 1970 iussa:
1948 1911 2079 1957 sunt

490 1988 545 2042 in
580 2001 729 2043 mare
758 1989 1114 2059 praecipitari.
1146 1987 1274 2043 llaec
1293 1988 1623 2044 Antiochiae.
1658 1990 1766 2045 Sed
1792 2006 1915 2061 qua:
1938 1993 2079 2062 apud

488 2078 717 2137 Pontum
748 2090 899 2152 gesta
920 2090 1071 2148 sunt,
1101 2082 1208 2151 vel;
1237 2082 1353 2152 ipso
1384 2083 1535 2138 dictu
1572 2084 1848 2138 incutiunt
1882 2084 2077 2139 horro-

488 2187 626 2229 rem.
648 2172 784 2229 Aliis
807 2187 1071 2228 manuum
1098 2172 1253 2244 digiti
1283 2189 1313 2227 a
1339 2174 1569 2230 summis
1589 2189 1765 2243 usque
1783 2174 2074 2244 unguibus,

487 2264 664 2320 acutis
707 2264 1068 2320 arundinibus
1119 2264 1611 2336 transfigebantur.
1666 2266 1805 2322 Aliis
1852 2266 2077 2337 plumbo

486 2357 630 2428 ignis
671 2358 725 2412 vi
775 2356 1091 2428 liquefacto,
1131 2356 1397 2413 bulliente
1442 2372 1508 2414 ac
1556 2357 1808 2415 fervente
1854 2360 2076 2416 metallo

485 2460 639 2521 terga
668 2450 1066 2518 adurebantur,
1099 2458 1157 2507 et
1200 2451 1448 2521 corporis
1480 2460 1667 2520 partes
1698 2452 1943 2509 maxime
1978 2469 2076 2509 ne-

485 2542 743 2599 cessariae
766 2540 1139 2599 torrebantur.
1164 2543 1398 2610 Quidam
1435 2542 1491 2598 in
1524 2542 1830 2601 visceribus
1873 2559 1939 2600 ac
1975 2561 2077 2617 pu-

486 2636 680 2692 dendis
707 2636 954 2707 partibus
977 2636 1151 2693 foedos
1168 2645 1335 2708 atque
1362 2635 1778 2706 inexplicabiles
1799 2638 2073 2696 cruciatus

485 2730 695 2800 absque
728 2729 837 2784 ulla
868 2729 1222 2785 miseratione
1266 2727 1632 2798 pertulerunt,
1671 2739 1835 2800 prout
1860 2731 2076 2787 scilicet

484 2822 736 2892 generosi
768 2821 847 2876 illi
876 2831 932 2877 et
958 2821 1099 2891 aequi
1126 2821 1341 2891 iudices
1377 2821 1657 2877 solertiam
1700 2837 1856 2878 suam
1886 2834 2073 2880 osten-

486 2922 687 2979 tantes,
713 2913 871 2984 quasi
904 2914 1008 2969 hoc
1039 2912 1261 2968 virtutis
1295 2911 1528 2984 alicujus
1558 2928 1622 2969 ac
1661 2916 1963 2984 prudentiae
1984 2932 2074 2973 es-

482 3013 590 3070 set,
618 3004 960 3062 ambitiosius
996 3004 1423 3075 excogitabant;
1457 3006 1613 3061 novis
1647 3006 1892 3077 quotidie
1939 3023 2070 3081 sup-

482 3097 770 3168 pliciorum
814 3097 1080 3163 inventis,
1110 3107 1370 3168 tanquam
1403 3098 1458 3152 in
1495 3099 1796 3155 certamine
1828 3102 2064 3171 quodam

481 3190 537 3245 in
568 3205 677 3261 quo
706 3191 986 3262 proposita
1019 3200 1150 3245 sunt
1178 3188 1426 3261 prannia,
1465 3204 1729 3260 superare
1751 3206 1811 3246 se
1839 3191 2071 3248 invicem

480 3283 894 3339 contendentes.
941 3283 1214 3338 Caeterum
1252 3284 1338 3335 has
1386 3280 1726 3336 calamitates
1761 3297 1870 3337 non
1921 3285 2074 3353 prius

483 3373 645 3428 finem
674 3384 1036 3445 acceperunt,
1065 3390 1227 3445 quam
1256 3372 1475 3443 iudices
1509 3380 1590 3427 tot
1621 3376 1883 3430 aerumnis
1915 3377 2072 3445 quid-

478 3481 643 3537 quam
675 3467 915 3539 adjicere
962 3481 1126 3538 posse
1156 3468 1534 3539 desperantes,
1556 3468 1785 3540 jamque
1832 3468 2072 3523 caedibus

480 3556 637 3623 fessi,
667 3573 791 3614 cum
839 3558 989 3629 ipsos
1032 3559 1575 3629 sanguinissatietas
1603 3574 1670 3613 ac
1711 3558 1929 3614 aedium
1979 3571 2070 3614 ce-

479 3651 670 3721 pisset,
721 3651 787 3705 ad
833 3650 1142 3721 speciosam
1186 3651 1359 3717 illam,
1407 3662 1468 3706 ut
1507 3652 1729 3724 quidem
1781 3652 2068 3721 putabant,

477 3740 825 3797 clementiam
856 3751 1025 3811 atque
1048 3743 1449 3797 humanitatem
1482 3757 1541 3797 se
1568 3750 1984 3806 converterunt,
2008 3751 2068 3795 ut

478 3833 816 3905 inposterum
867 3835 1018 3888 nulla
1069 3835 1359 3891 adversum
1406 3849 1506 3889 nos
1540 3833 1619 3889 uti
1678 3833 1886 3890 saevitia
1914 3833 2070 3888 vide-

479 3934 692 3981 rentur.
724 3925 912 3995 Neque
936 3927 1084 3981 enim
1125 3926 1209 3980 fas
1240 3940 1363 3981 esse
1390 3927 1632 3991 aiebant,
1663 3935 1723 3980 ut
1754 3926 1919 3981 urbes
1947 3924 2070 3994 qui-

478 4018 601 4075 dem
634 4017 833 4073 civium
867 4018 1135 4090 sanguine
1173 4018 1713 4085 contaminarentur;
1766 4019 2066 4088 imperato-

477 4126 570 4165 res
617 4119 799 4165 autem
856 4109 961 4179 ipsi
1007 4123 1136 4180 erga
1190 4122 1385 4164 omnes
1430 4108 1648 4182 benigni
1693 4124 1759 4165 ac
1791 4108 2065 4164 mansueti

475 4202 814 4258 crudelitatis
847 4211 1271 4275 aspergerentur
1308 4202 1532 4257 infamia
1566 4196 1581 4257 ἑ
1613 4203 1707 4258 sed
1757 4201 1938 4272 potius
1972 4204 2067 4255 de-

473 4309 622 4361 cere,
640 4304 700 4351 ut
722 4294 1035 4350 humanitas
1057 4305 1113 4350 et
1132 4295 1492 4352 beneficentia
1514 4294 1882 4365 imperatoriae
1900 4292 2063 4365 307

473 4386 777 4457 maiestatis
821 4386 876 4442 in
915 4388 1204 4442 universos
1247 4385 1672 4450 diffunderetur,
1698 4399 1801 4440 nec
1833 4387 2064 4456 posthac

2182 1919 2336 1955 πτειν
2377 1903 2631 1958 ἐκέλευον
2657 1905 2708 1956 οἱ
2754 1904 2865 1958 τῶν
2898 1904 3166 1976 δαιμόνων
3199 1904 3550 1978 θεραπευταί.
3588 1907 3773 1961 Ταῦτα

2184 1993 2284 2064 μὲν
2310 1990 2404 2048 οὗν
2440 1995 2590 2067 παρὰ
2615 1995 2814 2051 τοῖσδε.
2847 1996 2928 2050 Τά
2955 1997 3162 2067 φρικτά
3185 1997 3243 2051 δὲ
3280 1999 3471 2062 ἀκοαῖς
3504 1999 3646 2053 κατά
3677 1999 3772 2054 τὸν

2180 2086 2382 2141 Πόντον
2432 2087 2670 2159 ἔπασχον
2714 2089 2913 2161 ἕτεροι,
2949 2090 3219 2162 καλάμοις
3255 2092 3402 2156 ὀξέσι
3435 2096 3557 2148 ταῖν
3590 2096 3770 2164 χεροῖν

2176 2177 2236 2245 ἐξ
2270 2180 2453 2252 ἄκρων
2482 2182 2689 2253 ὀνύχων
2731 2184 2860 2246 τοὺς
2896 2183 3194 2249 δακτύλους
3220 2185 3648 2259 διαπειρόμενοι,
3675 2189 3772 2241 καὶ

2175 2270 2326 2325 ἄλλοι
2368 2273 2502 2345 πυρὶ
2530 2275 2780 2345 μολίϐδου
2807 2275 3174 2341 διατακέντος,
3205 2278 3520 2353 βρασσούσῃ
3549 2281 3644 2333 καὶ
3671 2296 3769 2332 πεδ

2176 2365 2584 2440 πυρακτωμένῃ
2609 2370 2675 2439 τῇ
2704 2367 2805 2441 ὕλῃ
2828 2368 2897 2422 τά
2924 2369 3072 2423 νῶτα
3111 2372 3530 2441 καταχεόμενοι,
3577 2373 3671 2424 καὶ
3701 2371 3772 2424 τὰ

2178 2456 2415 2527 μάλιστα
2435 2457 2843 2526 ἀναγκαιότατα
2873 2458 2968 2512 τοῦ
3001 2458 3253 2531 σώματος
3283 2460 3394 2530 (49)
3422 2458 3771 2530 κατοπτιὶψε-

2175 2564 2288 2602 νοι·
2344 2547 2434 2602 διά
2479 2565 2540 2603 τε
2587 2548 2696 2603 τῶν
2742 2551 3071 2622 ἀπορρήτων
3115 2550 3293 2621 ἐτεροι
3344 2551 3522 2623 μελῶν
3573 2568 3632 2603 τε
3676 2550 3771 2604 καὶ

2176 2636 2502 2710 σπλάγχνων
2531 2639 2763 2713 αίσχράς
2811 2641 2909 2695 καὶ¹
2940 2642 3286 2712 ἀσυμπαθεῖς
3335 2645 3429 2696 καὶ
3463 2642 3585 2696 οὐδὲ
3627 2643 3770 2712 λόγῳ

2175 2730 2347 2805 ῥητὰς
2376 2732 2650 2804 ὑπέμενον
2696 2732 2910 2796 πάθας,
2946 2734 3012 2797 ἃς
3044 2735 3093 2787 οί
3127 2736 3368 2802 γενναῖοι
3415 2733 3509 2788 καὶ
3550 2734 3771 2805 νόμιμοι

2172 2818 2426 2875 δικασταὶ
2462 2824 2562 2895 τήν
2593 2839 2743 2891 σφων
2777 2822 3213 2894 ἐπιδεικνύμενοι
3237 2823 3548 2895 δεινότητα,
3580 2823 3771 2896 ὥσπερ

2171 2913 2295 2968 τινά
2326 2912 2521 2983 σοφίας
2553 2914 2755 2986 ἀρετὴν
2795 2913 3206 2985 φιλοτιμότερον
3235 2916 3509 2979 ἐπενόουν,
3539 2916 3626 2969 ἀεὶ
3649 2916 3769 2978 ταῖς

2172 3004 2489 3077 καινότερον
2558 3005 3053 3078 ἐφευρισκομέναις
3112 3006 3350 3070 αἰκίαις,
3411 3006 3655 3078 ὡσπερεὶ
3711 3009 3769 3059 ἐν

2174 3096 2386 3166 ἀγῶνος
2434 3096 2731 3169 βραϐείοις,
2772 3097 3036 3170 ἀλλήλους
3077 3097 3436 3170 ὑπερεξάγειν
3480 3096 3774 3169 διαμιλλώο

2178 3205 2353 3259 μενοι.
2380 3189 2461 3243 Τά
2483 3189 2528 3244 δ’
2565 3185 2662 3245 οὖν
2688 3189 2799 3245 τῶν
2831 3190 3128 3262 συμφορῶν
3156 3190 3360 3260 ἔσχατα
3403 3189 3514 3262 (50)
3536 3229 3550 3251 ,
3584 3190 3673 3242 ὅτε
3702 3187 3769 3261 δὴ

2175 3278 2361 3335 λοιπὸν
2389 3281 2754 3353 ἀπειρηκότες
2793 3282 2888 3336 ἐπὶ
2914 3285 2982 3353 τῇ
3010 3281 3119 3336 τῶν
3147 3282 3335 3336 κακῶν
3370 3281 3642 3353 ὑπερϐολῇ
3673 3278 3770 3334 καὶ

2176 3373 2313 3444 πρὸς
2367 3373 2429 3426 τὸ
2465 3373 2700 3427 κτείνειν
2748 3374 3163 3444 ἀποκαμόντες,
3203 3374 3521 3445 πλησμονήν
3571 3390 3632 3427 τε
3672 3373 3766 3427 καὶ

2173 3461 2338 3533 κόρον
2366 3466 2466 3535 τῆς
2493 3463 2602 3517 τῶν
2642 3464 2892 3534 αἱμάτων
2921 3464 3199 3535 ἐκχύσεως
3234 3464 3549 3535 ἐσχηκότες,
3583 3464 3674 3516 ἐπὶ
3704 3459 3765 3514 τὸ

2173 3554 2527 3625 νομιζόμενον
2568 3555 2754 3619 αὑτοῖς
2786 3556 3021 3628 χρηστὸν
3056 3556 3153 3610 καὶ
3188 3555 3567 3629 φιλάνθρωπον
3602 3553 3763 3624 ἐτρὲι

2172 3660 2357 3708 ποντο,
2402 3645 2479 3710 ὼς
2524 3645 2693 3717 μηδὲν
2742 3648 2841 3718 μὲν
2881 3646 2962 3701 ἐτι
3010 3646 3187 3701 δοκεῖν
3222 3647 3393 3701 δεινὸν
3436 3644 3558 3698 καθ’
3603 3642 3763 3714 ήμῶν

2171 3738 2669 3810 περιεργάζεσθαι·
2712 3740 2787 3810 μὴ
2826 3739 2936 3810 γὰρ
2970 3740 3237 3813 καθήκειν
3278 3740 3443 3809 φασὶν
3482 3736 3762 3808 ἐμφυλίοις

2169 3833 2367 3904 αἵμασι
2408 3834 2643 3905 μιαίνειν
2684 3833 2784 3897 τὰς
2833 3833 3049 3898 πόλεις,
3099 3832 3222 3905 μηδ’
3271 3832 3359 3885 ἐπ’
3393 3830 3638 3901 ὠμότητι
3663 3828 3761 3900 τὴν

2169 3925 2434 3979 ἀνωτάτω
2476 3926 2588 3998 (51)
2631 3925 2939 3979 διαϐάλλειν
2995 3925 3093 3997 τὴν
3132 3925 3241 3978 τῶν
3285 3922 3631 3997 κρατούντων
3664 3922 3763 3992 ἀρ-

2170 4013 2292 4086 χὴν,
2343 4016 2550 4085 εὐμενῆ
2590 4018 2706 4077 τοῖς
2752 4017 2917 4068 πᾶσιν
2964 4016 3315 4085 ὑπάρχουσαν
3360 4012 3455 4065 καὶ
3502 4012 3757 4082 πραεῖαν,

2166 4106 2278 4160 δεῖν
2344 4106 2403 4159 δὲ
2459 4107 2661 4179 μᾶλλον
2734 4107 2834 4178 τῆς
2889 4105 3273 4175 φιλανθρώπου
3328 4103 3423 4158 καὶ
3475 4102 3757 4173 βασιλικῆς

2168 4196 2419 4262 ἐξουσίας
2473 4198 2553 4261 είς
2613 4197 2824 4259 πάντας
2873 4194 3210 4249 ἐκτείνεσθαι
3256 4193 3355 4265 τὴν
3407 4191 3757 4264 εὐεργεσίαν,

2168 4289 2369 4362 μηκέτι
2420 4289 2638 4361 θανάτῳ
2682 4289 3117 4361 κολαζομένους’
3173 4286 3429 4340 λελῦσθαι
3480 4285 3590 4356 γὰρ
3635 4279 3759 4339 καθ’

2165 4384 2324 4456 ήμῶν
2360 4382 2566 4454 ταύτην
2596 4382 2777 4437 αὑτῶν
2806 4382 2902 4453 τὴν
2930 4380 3226 4454 τιμωρίαν,
3250 4380 3337 4433 διά
3366 4379 3463 4450 τὴν
3489 4378 3597 4432 τῶν
3623 4394 3757 4449 κρα-

474 4480 647 4536 nostri
696 4478 914 4551 capitali
957 4478 1226 4549 supplicio
1275 4478 1666 4548 plecterentur.
1704 4475 1914 4545 Quippe
1960 4476 2061 4531 lm-

2174 4474 2401 4530 τούντων
2444 4473 2879 4546 φιλανθρωπίαν.
2924 4471 3240 4545 Τηνικαῦτα
3281 4469 3593 4541 ὀφθαλμοὺς
3638 4468 3756 4534 ἐξοσ-

468 4572 708 4646 jusmodi
738 4587 901 4645 poena
931 4585 1030 4644 per
1061 4572 1460 4641 imperatorum
1505 4568 1897 4640 indulgentiam
1927 4568 2062 4623 libe-

2174 4568 2480 4643 ρύττεσθαι,
2538 4569 2634 4622 καὶ
2691 4571 2806 4621 τοῖν
2867 4566 3079 4620 σκελοῖν
3132 4563 3443 4636 πηροῦσθαι
3506 4562 3755 4634 θάτερον,

473 4676 624 4722 ratos
654 4681 757 4723 nos
807 4679 954 4722 esse.
991 4661 1205 4720 Exinde
1236 4663 1405 4736 igitur
1432 4662 1621 4721 oculos
1666 4661 1872 4717 nostris
1914 4660 2058 4727 erui,

545 4843 659 4919 (ιε)
709 4847 838 4903 Ἐπ’
889 4844 1081 4916 αὐτῆς
1112 4847 1311 4919 μέσης
1373 4846 1688 4916 γενόμεναι
1736 4841 1843 4912 τῆς
1889 4840 2054 4919 ὁδοῦ.

471 4916 681 4986 Duplex
723 4920 919 4972 horum
963 4916 1269 4973 verborum
1298 4933 1495 4972 sensus
1547 4932 1667 4970 esse
1718 4927 1915 4984 potest.
1952 4918 2061 4968 Aut

472 4985 976 5059 enimﬂintelligere
1019 5002 1307 5057 possumus
1359 4989 1643 5059 mulieres
1678 4986 1804 5059 illas
1847 4987 1958 5059 jam
1991 4985 2058 5039 ad

473 5057 756 5113 dimidium
786 5053 1000 5113 itineris
1021 5053 1374 5127 pervenisse,
1407 5056 1682 5128 quomodo
1702 5053 2063 5128 Nicephorus

473 5129 714 5196 accepit;
767 5141 860 5183 aut
918 5138 1068 5183 certe
1109 5129 1162 5183 in
1214 5129 1393 5183 medio
1429 5127 1535 5184 vise
1585 5127 1812 5197 publica:
1863 5139 2063 5195 aggere

468 5201 804 5255 constitisse.
870 5198 1045 5253 Porro
1114 5201 1179 5253 de
1247 5198 1553 5266 hujusmodi
1619 5197 2060 5252 Christianarum

2166 4662 2568 4735 προσετάττετο
2595 4659 2732 4733 (52).
2769 4659 2957 4714 Ταῦτα
2999 4658 3110 4731 γὰρ
3145 4653 3215 4729 ἦν
3256 4658 3444 4719 αὑτοῖς
3470 4655 3539 4710 τὰ
3567 4655 3757 4724 φιλάν-

2159 4857 2306 4897 mus.
2369 4839 2606 4896 Proinde
2652 4835 2826 4893 Graeci
2890 4838 3129 4893 natalem
3195 4836 3412 4892 illarum
3461 4835 3752 4889 mulierum

2159 4912 2508 4967 contulerunt
2538 4911 2595 4965 itt
2653 4911 2804 4965 diem
2857 4924 2914 4964 tv
2945 4909 3222 4975 Octobris,
3255 4920 3313 4963 ut
3360 4909 3548 4962 videre
3573 4917 3659 4962 est
3695 4906 3748 4960 in

2159 4981 2489 5124 ῃῗὶὲἒυμὶῖά.
2525 5049 2970 5124 ἀναγκαιότατα
3012 5048 3124 5124 τοῦ
3168 5046 3475 5124 σώματος..
3519 5044 3751 5124 Rufinus

2159 5117 2440 5192 eleganter
2494 5117 2708 5177 vertit:
2742 5121 2917 5189 Usque
2965 5124 3036 5174 ad
3063 5121 3203 5192 loca
3258 5117 3751 5192 pudgttquuilms

2160 5188 2427 5247 natarum
2460 5194 2652 5262 egestio
2680 5188 2964 5263 procurari
2991 5190 3146 5245 solet.
3180 5192 3325 5244 Sane
3366 5188 3551 5263 Graeci
3571 5188 3747 5256 ἀνάγ-

468 5270 762 5325 mulierum
814 5272 1076 5341 martyrio
1116 5286 1235 5340 qua:
1274 5259 1486 5339 séipsas
1521 5268 1743 5341 pudoris
1769 5266 1928 5322 simul
1963 5280 2044 5341 ac
2150 5276 2255 5333 κην
2291 5259 2505 5341 vocant
2529 5278 2652 5317 eam
2680 5259 2951 5333 corporis
2981 5270 3216 5331 partem,
3252 5273 3417 5330 quam
3448 5259 3623 5329 pudor
3646 5276 3748 5312 no-

468 5341 749 5409 religionis
809 5336 1093 5395 servandae
1134 5336 1325 5394 'causa
1364 5336 1799 5409 'prtecipitarunt
1831 5371 1889 5409 ,ξ
1923 5336 2047 5391 vide

467 5407 826 5477 Augustinum
860 5412 911 5465 in
944 5412 1040 5465 lib.
1072 5427 1087 5464 l
1119 5410 1195 5464 De
1230 5407 1443 5462 civitate
1476 5407 1596 5471 Dei,
1636 5423 1686 5463 c.
1713 5408 1804 5462 26.
1830 5476 1835 5477 ν
1857 5407 2047 5477 Exstat

2155 5334 2352 5387 ttnnari
2387 5342 2557 5387 vetat.

2217 5404 2332 5476 (50)
2384 5406 2460 5458 Τὰ
2503 5396 2708 5476 δ’γίο-ὖιξ
2746 5400 2869 5456 τῶν
2918 5398 3250 5476 συμφορῶν
3287 5399 3550 5476 μὲρνχατα.
3591 5396 3747 5453 Ilunc

468 5471 772 5536 encomium
804 5484 993 5536 harum
1029 5482 1318 5534 mulierum
1360 5480 1414 5533 in
1447 5489 1592 5534 torno
1615 5480 1790 5546 primo
1820 5476 2045 5533 Joannis
2144 5471 2325 5531 locum
2362 5490 2466 5546 non
2503 5474 2800 5546 infeliciter
2824 5474 3056 5546 vertisse
3071 5472 3220 5546 mihi
3249 5471 3464 5546 videor.

469 5550 865 5623 Chrysostumi,
916 5552 1006 5606 ubi
1049 5561 1222 5605 tnater
1268 5550 1554 5623 Dotnnina,
1609 5550 1733 5623 tiliae
1761 5563 1892 5623 vero
1920 5546 2048 5623 Ber-

470 5618 598 5675 nice'
612 5633 666 5676 et
692 5622 969 5677 Prosdoce
1011 5624 1285 5676 dicuntur.
1335 5619 1533 5673 Earum
1586 5620 1821 5673 natalem
1854 5618 2048 5671 Antio-

2215 5546 2331 5616 (51)
2373 5544 2493 5613 Τὴν
2525 5542 2826 5616 ἀνωτάτω..
2858 5544 2914 5616 lu
2944 5541 3112 5616 codd.
3173 5540 3486 5616 Med.,Maz.
3524 5548 3577 5616 et
3605 5537 3745 5616 lit-ii.

2146 5609 2412 5684 scriptum
2438 5609 2650 5685 'rreperi
2684 5632 2697 5667 :
2727 5613 2817 5685 ἐπ’
2846 5612 3094 5685 ὠμότητι
3137 5614 3205 5685 τῇ
3231 5612 3496 5666 ἀνωτάτω
3524 5609 3747 5663 διαϐάλε

468 5693 630 5746 ebeni
656 5695 1011 5747 celebrabant
1037 5690 1129 5745 die
1159 5706 1230 5744 xx
1266 5699 1389 5759 post
1426 5688 1623 5744 festum
1663 5688 1876 5744 Sanctae
1906 5687 2047 5741 Cru-

2174 5682 2273 5759 ,εινί
2288 5682 2911 5759 τὴνᾼτῶνκρατούντω]
2943 5682 3142 5759 ἀρχήν.

469 5763 570 5829 cis,
596 5775 653 5818 ut
684 5763 738 5817 in
767 5766 883 5833 ipso
931 5763 1194 5820 orationis
1226 5761 1454 5819 exordio
1498 5760 1691 5817 scribit
1721 5760 2049 5831 Chrysosto-

2217 5744 2823 5831 (ﬁiﬂlpoast'iittsto.
2859 5744 3092 5842 Rufinus
3120 5750 3361 5810 edictum
3393 5744 3743 5824 imperatoria

4173 3113 4220 3429 ,ἲ

4209 3438 4217 3593 l

4182 3602 4216 3678 ι
