4220 6400
455 325 563 380 775

1438 322 1791 380 HISTORUE
1828 323 2385 381 ECCLESIASTICJE
2423 322 2552 381 LIB.
2593 325 2730 384 VIII.

3597 328 3703 384 ττι

455 443 668 515 θρωπα,
698 442 794 498 καὶ
822 441 930 497 τῶν
956 441 1077 497 καθ’
1106 443 1140 512 ἠ
1150 439 1267 514 μῶν
1298 441 1576 513 τιμωριῶν
1600 441 1671 496 τὰ
1697 443 2023 509 κουφότατα,
2054 447 2099 503 Α

2054 447 2099 503 Α
2128 453 2183 495 et
2230 442 2458 496 alterum
2493 459 2557 498 ex
2601 443 2849 498 cruribus
2901 443 3174 499 debilitari
3210 452 3542 515 praeceptum
3592 456 3698 500 est.

453 535 594 589 ὥστε
628 535 728 607 ήδη
760 533 962 606 ταύτης
1004 535 1164 588 ἕνεκα
1203 534 1301 605 τῆς
1330 532 1436 587 τῶν
1474 530 1686 587 ἀσεϐῶν
1721 530 2025 602 φιλανθρω-

453 627 607 693 πίας,
652 627 830 680 οὐκέτ’
861 623 999 680 εἶναι
1051 625 1276 679 δυνατὸν
1314 625 1547 689 ἐξειπεῖν
1586 623 1649 677 τὸ
1683 622 1883 694 πλῇθος
1916 622 2027 675 τῶν

456 715 597 787 ὑπὲρ
642 715 816 769 πάντα
859 716 1039 783 λόγον,
1071 716 1198 777 τοὺς
1241 714 1338 784 μὲν
1372 712 1577 777 δεξιοὺς
1606 712 1914 783 ὀφθαλμοὺς
1943 711 2024 778 ξί-

455 825 544 878 φει
585 808 847 880 πρότερον
871 805 1309 877 ἐκκοπτομένων,
1351 806 1445 858 καὶ
1477 803 1614 875 μετά
1637 804 1735 875 τὴν
1767 796 2025 874 ἐκκέντη-

456 915 540 952 σιν
582 899 803 962 τούτους
845 899 980 969 πυρὶ
1014 894 1549 968 καυτηριαζομένων,
1595 897 1721 959 τοὺς
1752 895 1810 949 δὲ
1842 894 2026 958 λαιοὺς

454 992 621 1054 πόδας
659 989 799 1044 κατά
826 989 933 1043 τῶν
960 989 1213 1059 ἀγκυλῶν
1250 985 1407 1053 αὖθις
1446 988 2023 1058 καυτῆρσιν.ἀχρειου-

455 1082 651 1152 μένων,
686 1083 821 1153 μετά
857 1099 915 1135 τε
953 1081 1127 1135 ταῦτα
1169 1083 1283 1145 τοῖς
1333 1080 1455 1135 κατ’
1506 1080 1775 1151 ἐπαρχίαν
1818 1074 2021 1149 χαλκοῦ

455 1173 737 1244 μετάλλοις
778 1173 876 1243 οὐχ
909 1172 1210 1244 ὑπηρεσίας
1254 1171 1526 1234 τοσοῦτον,
1567 1171 1690 1223 ὅσον
1730 1168 2024 1233 κακώσεως

450 1261 546 1314 καὶ
605 1260 974 1331 ταλαιπωρίας
1029 1260 1214 1314 ἕνεκεν
1285 1259 1830 1331 καταδικαζομένων,
1885 1258 2023 1331 πρὸς

451 1350 620 1404 ἅπασί
662 1368 720 1405 τε
764 1351 974 1415 τούτοις
1023 1352 1197 1406 ἄλλων
1246 1351 1427 1415 ἄλλοις
1473 1351 1703 1421 ἀγῶσιν,
1746 1349 1841 1414 οὓς
1887 1351 2024 1422 μηδέ

448 1441 765 1510 καταλέγειν
794 1442 1016 1496 δυνατόν
1038 1460 1052 1474 ο
1084 1444 1210 1515 νικᾷ
1250 1444 1358 1515 γὰρ
1391 1442 1566 1497 πάντα
1613 1443 1768 1513 λόγον
1797 1442 1863 1497 τὰ
1902 1444 2021 1497 κατ’

448 1532 646 1596 αὐτοὺς
693 1533 1186 1606 ἁνδραγαθήματα·
1241 1535 1755 1606 περιπεπτωκότων.
1818 1536 1906 1589 Ἐν
1957 1535 2021 1606 δὴ

448 1620 654 1685 τούτοις
683 1622 795 1694 (55)
838 1623 922 1691 ἐφ’
959 1624 1087 1695 ὅλης
1120 1627 1219 1695 τῆς
1264 1625 1589 1696 οἰκουμένης
1625 1624 2022 1696 διαλάμψαντες

446 1712 496 1765 οἱ
537 1712 972 1783 μεγαλοπρεπεῖς
1007 1714 1100 1767 τοῦ
1144 1715 1379 1786 Χριστοῦ
1429 1717 1723 1787 μάρτυρες,
1764 1717 1892 1781 τοὺς
1923 1716 2021 1786 μὲν

2127 530 2444 602 Hujusmodi
2485 534 2629 588 enim
2682 534 2786 588 fuit
2819 534 3424 605 illorumhumanitas;
3476 536 3581 591 hoc
3621 535 3703 590 le-

2126 624 2408 679 nissimum
2435 625 2683 695 supplicii
2718 641 2889 696 genus
2911 628 3172 681 adversus
3195 642 3298 682 nos
3324 628 3523 681 visum.
3548 629 3703 684 Adeo

2127 723 2184 766 ut
2212 726 2429 784 propter
2451 716 2588 770 hanc
2608 717 2897 785 impiorum
2922 717 3205 771 hominum
3230 717 3701 782 lenitatem,nullo

2120 805 2230 873 jam
2283 808 2443 861 modo
2498 809 2770 862 recenseri
2810 810 2978 878 possit
3012 823 3296 874 numerus,
3351 819 3462 863 tum
3510 825 3700 866 eorum

2125 897 2323 965 quibus
2366 898 2511 953 oculi
2550 898 2724 952 dextri
2778 901 3011 969 primum
3056 899 3270 967 quidem
3296 898 3461 969 ,ferro
3493 899 3701 967 effossi,

2127 987 2327 1042 deinde
2355 1003 2486 1042 vero
2509 990 2752 1043 cauterio
2780 989 2958 1044 adusti
2988 998 3115 1044 sunt
3140 1007 3156 1045 :
3188 999 3298 1043 tum
3332 989 3550 1044 illorum
3576 992 3703 1059 qui-

2124 1075 2228 1131 bus
2264 1078 2473 1133 sinistri
2509 1077 2739 1148 paplites
2767 1079 3037 1133 candente
3068 1078 3217 1134 ferro
3250 1091 3379 1135 sunt
3407 1081 3699 1145 debilitati,

2124 1178 2180 1224 et
2225 1169 2317 1238 qui
2376 1178 2563 1238 postea
2610 1171 2679 1224 ad
2726 1169 2851 1224 teris
2902 1169 3121 1223 metalla
3160 1185 3281 1240 quae
3322 1171 3378 1224 in
3420 1172 3701 1239 provincia

2124 1273 2301 1327 erant,
2350 1276 2456 1315 non
2504 1269 2614 1315 tam
2669 1260 2848 1330 operis
2899 1259 3135 1315 faciendi
3189 1276 3353 1330 quam
3397 1262 3703 1318 vexationis

2124 1367 2288 1407 causa
2321 1352 2870 1407 condemnabantur:
2911 1352 3138 1407 aliorum
3169 1353 3408 1422 denique
3427 1354 3519 1422 qui
3544 1354 3700 1408 varia

2123 1445 2327 1498 viritim
2377 1443 2579 1512 singuli
2630 1447 2930 1500 certamina
2967 1446 3274 1500 subierunt.
3316 1446 3445 1511 Quae
3471 1446 3695 1513 quidem

2122 1551 2222 1591 nos
2247 1552 2348 1592 nec
2370 1551 2690 1591 enumerare
2718 1536 3030 1599 sufficimus,
3061 1538 3257 1605 quippe
3282 1550 3403 1590 cum
3432 1535 3698 1604 praeclara

2120 1628 2335 1683 illorum
2377 1627 2626 1682 facinora
2670 1643 2883 1683 omnem
2918 1627 3131 1682 dicendi
3166 1626 3377 1695 copiam
3414 1635 3695 1694 superent.

2121 1717 2178 1772 ln
2206 1718 2289 1771 bis
2310 1732 2440 1786 ergo
2467 1718 2831 1772 certaminum
2877 1717 3309 1780 discriminibus,
3340 1731 3441 1786 per
3471 1716 3697 1770 univer-

445 1804 759 1876 ἁπανταχοῦ
791 1809 888 1877 τῆς
909 1808 1156 1879 ἀνδρείας
1169 1808 1346 1863 αὐτῶν
1374 1811 1615 1873 ἐπόπτας
1639 1810 1862 1872 εἰκότως
1892 1827 2025 1864 κατ-
2053 1789 2096 1844 Β

2053 1789 2096 1844 Β
2126 1823 2245 1863 sum
2295 1811 2482 1862 orbem
2531 1807 2823 1861 maximam
2867 1807 3097 1877 gloriam
3142 1808 3326 1874 adepti
3374 1806 3697 1862 nobilissimi

450 1894 771 1969 επλήξαντο,
848 1902 946 1970 τῆς
991 1900 1049 1953 δὲ
1088 1898 1183 1953 τοῦ
1233 1902 1483 1972 Σωτῆρος
1534 1901 1691 1971 ήμῶν
1745 1899 1898 1965 θείας
1947 1901 2024 1966 ὡς

448 1988 663 2059 ἀληθῶς
704 1992 799 2044 καὶ
844 1993 1157 2065 ἀπορρήτου
1207 1992 1316 2064 (54)
1361 1993 1640 2064 δυνάμεως
1685 1992 1902 2063 ἐμφανῆ
1955 1993 2023 2046 δι’

448 2082 656 2137 ἐαυτῶν
691 2084 761 2139 τὰ
810 2086 1082 2156 τεκμήρια
1127 2085 1559 2156 παρεστήσαντο.
1606 2082 1868 2137 Ἐκάστου
1923 2084 2023 2155 μὲν

447 2173 539 2233 οῦν
567 2179 653 2232 ἐπ’
693 2178 956 2248 ὀνόματος
986 2178 1368 2252 μνημονεύειν,
1398 2177 1605 2251 μακρὸν
1657 2176 1724 2232 ἂν
1749 2176 1856 2249 εἴη,
1889 2178 2021 2250 μήτι

441 2286 513 2339 γε
540 2268 650 2322 τῶν
677 2268 974 2325 ἀδυνάτων.

965 2427 1359 2482 ΚΕΦΑΛΑΙΟΝ
1407 2428 1503 2482 II".

450 2518 589 2587 Περὶ
615 2519 734 2588 «In;
762 2518 875 2588 τῆς
916 2520 1271 2588 Ἐκκλησίας
1298 2518 1617 2588 προέδρων,
1644 2515 1760 2588 τῶν
1782 2516 1850 2588 τὸ
1882 2517 2025 2587 γνή-

522 2585 662 2660 ονιον
698 2585 773 2660 ἧς
816 2585 1187 2660 ἐπρέσϐευον
1216 2585 1526 2660 εὐσεϐείας
1573 2587 1673 2660 δ’ιά
1711 2585 1820 2660 τοῦ
1850 2585 2025 2660 σφων

528 2654 779 2727 αἵματος
804 2654 1441 2732 ὲπὶδεδειγμένων“(Νἰο.
1476 2660 1547 2717 Η.
1578 2654 1648 2712 Ε.
1679 2673 1775 2725 vn,
1801 2654 1912 2729 l6).

2129 1907 2423 1966 martyres,
2451 1905 2508 1951 et
2540 1906 2768 1951 cunctos
2796 1905 3128 1965 spectatores
3157 1896 3521 1950 admiratione
3543 1896 3700 1948 l‘orti-

2129 1985 2331 2040 tudinis
2362 2000 2475 2040 sua:
2508 1984 2707 2040 merito
2736 1984 3082 2053 perculerunt
3115 2001 3130 2038 :
3157 1995 3214 2040 et
3243 1985 3440 2038 divina:
3475 1999 3697 2054 prorsus

2125 2090 2288 2147 atque
2310 2077 2714 2146 inexplicabilis
2753 2076 3066 2131 Servatoris
3093 2076 3265 2130 nostri
3300 2077 3555 2143 potentiae
3582 2076 3697 2130 evi-

2123 2166 2440 2222 dentissima
2470 2168 2522 2221 in
2542 2166 2849 2235 semetipsis
2877 2165 3223 2220 exhibuerint
3244 2163 3553 2221 indicia.Ac
3584 2164 3697 2218 sin-

2122 2259 2277 2327 gulos
2313 2258 2534 2328 quidem
2560 2257 2880 2311 nominatim
2917 2269 3350 2311 commemorare
3382 2254 3598 2325 lonng
3628 2269 3691 2310 ac

2119 2348 2332 2405 difﬁcile
2359 2347 2543 2417 fuerit,
2571 2364 2638 2404 ne
2667 2348 2845 2403 dicam
2877 2361 3102 2415 prorsus
3130 2345 3532 2415 inexplicabile.

2704 2438 2933 2494 CAPUT
2976 2437 3115 2495 XIII.

2118 2530 2197 2586 De
2220 2531 2533 2604 prwsidibus
2558 2529 2938 2604 Ecclesiarnnt,
2963 2530 3054 2598 qui
3079 2526 3529 2604 reiigiopisguam
3554 2540 3695 2592 pm-

2187 2596 2457 2668 d’icabant,
2474 2601 2825 2655 sinceritatem
2845 2596 2961 2667 [u'so
2975 2596 3234 2669 sanguine
3256 2596 3620 2649 declararunt.

518 2748 642 2806 Τῶν
670 2751 727 2805 δὲ
762 2751 903 2807 κατά
942 2751 1043 2816 τὰς
1075 2752 1375 2822 ἐπισήμους
1418 2750 1602 2813 πόλεις
1638 2750 2021 2822 μαρτυρησάν-
2047 2738 2089 2798 C

2047 2738 2089 2798 ο
2191 2758 2273 2813 Ex
2296 2757 2620 2828 praesidibus
2643 2765 2822 2810 autem
2857 2753 3220 2809 Ecclesiarum
3247 2751 3337 2818 qui
3370 2749 3424 2804 in
3454 2748 3698 2804 celeber-

450 2858 557 2896 των
595 2842 1061 2913 ἐκκλησιαστικῶν
1097 2844 1392 2916 ἀρχόντων,
1424 2842 1638 2915 πρῶτος
1666 2844 1799 2915 ήμϊν
1831 2844 1890 2897 ἐν
1926 2843 2019 2896 εὐ-

451 2933 626 2987 σεϐῶν
659 2934 876 3006 στήλαις
918 2934 1029 3007 (55)
1080 2938 1179 3007 τῆς
1220 2933 1453 3007 Χριστοῦ
1501 2933 1777 3004 βασιλείας
1823 2935 2022 3004 ἀναγο-

452 3025 694 3096 ρευέσθω
716 3026 946 3098 μάρτυς,
973 3026 1268 3090 ἐπίσκοπος
1292 3027 1390 3097 τῆς
1411 3025 1764 3098 Νικομηδέων
1787 3025 2016 3090 πόλεως,

450 3114 549 3186 τὴν
576 3117 818 3189 κεφαλὴν
856 3118 1210 3189 ἀποτμηθείς,
1240 3117 1518 3188 Ἀνθιμος.
1549 3117 1669 3169 Τῶν
1695 3116 1740 3170 δ’
1769 3115 1865 3168 ἀπ’
1897 3116 2019 3169 Ἀν-

449 3209 684 3279 τιοχείας
708 3209 818 3280 (56)
851 3210 1140 3282 μαρτύρων
1166 3209 1257 3263 τὸν
1285 3210 1462 3263 πάντα
1496 3209 1607 3280 βίον
1636 3209 1857 3280 ἄριστος
1883 3225 2019 3280 πρε-

450 3297 710 3371 σϐύτερος
760 3300 859 3371 τῆς
909 3297 1095 3354 αὐτόθι
1138 3298 1428 3371 παροικίας
1481 3297 1797 3363 Λουκιανὸς,
1845 3299 1904 3351 ἐν
1950 3300 2018 3370 τῇ

449 3388 785 3460 Νικομηδεία
824 3387 918 3442 καὶ
962 3389 1144 3456 αὐτὸς,
1193 3388 1456 3459 βασιλέως
1495 3387 1874 3460 ἐπιπαρόντος,
1918 3386 2020 3458 τὴν

450 3475 702 3543 οὐράνιον
748 3477 842 3531 τοῦ
877 3476 1112 3548 Χριστοῦ
1162 3477 1435 3548 βασιλείαν
1470 3475 1613 3547 λόγῳ
1645 3475 1910 3548 πρότερον
1948 3473 2019 3530 δι’

452 3564 765 3633 ἀπολογίας,
803 3564 920 3621 εἶτα
949 3569 1008 3622 δὲ
1041 3569 1135 3623 καὶ
1169 3568 1350 3641 ἔργοις
1397 3567 1766 3640 ὰνακηρύξας.
1812 3569 1933 3623 Τῶν
1971 3567 2019 3625 δ’

452 3655 547 3708 ἐπὶ
576 3655 827 3729 Φοινίκης
859 3660 1147 3733 μαρτύρων
1176 3660 1400 3730 γένοιντ’
1428 3659 1494 3715 ἂν
1526 3660 1914 3731 ἐπισημότατοι
1951 3658 2020 3715 τὰ

451 3746 634 3802 πάντα
679 3746 941 3817 θεοφιλεῖς
982 3751 1090 3805 τῶν
1129 3751 1362 3820 λογικῶν
1407 3749 1644 3822 Χριστοῦ
1690 3750 2021 3822 θρεμμάτων

449 3839 729 3909 ποιμένες,
760 3841 1070 3913 Τυραννίων
1093 3843 1389 3906 ἐπίσκοπος
1411 3844 1510 3914 τῆς
1530 3842 1670 3896 κατὰ
1692 3842 1865 3915 Τύρον
1900 3843 2022 3896 Ἐκ-

449 3929 700 4002 κλησίας,
731 3932 1099 4005 πρεσϐύτερος
1124 3951 1184 3988 τε
1212 3934 1311 4004 τῆς
1338 3934 1478 3988 κατὰ
1509 3934 1714 3988 Σιδῶνα
1743 3933 2016 4005 Ζηνόϐιος,

2121 2849 2275 2904 rimis
2309 2848 2534 2902 urbibus
2562 2847 2881 2917 martyrium
2929 2842 3171 2913 perpessi
3212 2851 3360 2905 sunt,
3397 2841 3608 2909 primus
3637 2838 3692 2892 in

2119 2940 2333 3010 piorum
2363 2937 2559 2992 tabulis
2597 2950 2627 2989 a
2664 2935 2823 2990 nobis
2869 2933 3183 2988 nominetur
3217 2924 3694 2987 Anthimus,Nlco~
3779 2946 3789 2957 -

2121 3030 2416 3088 mediensis
2468 3029 2780 3099 episcopus,
2832 3025 2985 3080 testis
3024 3023 3170 3091 regni
3218 3019 3343 3076 Jesu
3378 3019 3605 3084 Christi,
3638 3019 3695 3072 in

2119 3126 2307 3182 eadem
2339 3124 2474 3179 urbe
2513 3122 2692 3191 capite
2726 3127 3027 3173 truncatus.
3046 3116 3137 3169 'Ex
3184 3111 3538 3167 Antiochenis
3564 3124 3698 3165 vero

2119 3213 2451 3286 martyribus
2474 3208 3024 3278 Lucianus,ejusdetn
3070 3204 3325 3260 Ecclesite
3364 3203 3655 3272 presbyter
3677 3239 3694 3265 ,

2119 3309 2204 3362 vir
2230 3307 2283 3361 in
2310 3305 2457 3360 omni
2507 3304 2618 3357 vita
2656 3302 3055 3358 sanctissimus.
3090 3298 3192 3365 Qui
3227 3295 3451 3351 coeleste
3484 3292 3691 3348 Christi

2121 3413 2345 3468 regnum
2378 3396 2609 3466 primttm
2641 3394 2823 3449 verbis
2856 3400 2911 3447 et
2936 3391 3184 3445 oratione
3227 3385 3561 3456 apologetica
3598 3379 3697 3436 Ni-

2118 3489 2376 3546 comediae
2430 3496 2700 3558 praesente
2746 3486 2864 3554 ipso
2908 3485 3275 3551 imperatore,
3331 3485 3514 3547 postea
3565 3489 3697 3529 vero

2119 3581 2283 3635 etiam
2312 3578 2474 3632 rebus
2522 3577 2675 3645 ipsis,
2730 3574 2987 3629 asseruit.
3034 3569 3155 3627 Jam
3189 3583 3317 3622 vero
3365 3565 3604 3619 omnium
3638 3564 3695 3618 in

2119 3667 2375 3722 Phrenice
2400 3676 2696 3736 martyrum
2724 3660 3049 3717 nobilissimi
3073 3661 3289 3728 Deoque
3310 3656 3517 3724 accepti
3545 3668 3694 3707 mar-

2122 3771 2290 3832 tyres,
2336 3756 2633 3813 Christiani
2667 3754 2847 3825 gregis
2892 3761 3142 3822 pastores
3192 3748 3367 3811 fuere,
3416 3744 3696 3817 Tyrannio

2120 3851 2380 3908 Ecclesiae
2398 3848 2685 3920 Tyriorum
2711 3847 3017 3917 episcopus,
3044 3853 3098 3897 et
3121 3841 3390 3896 Zenobius
3416 3836 3697 3909 presbyter

2120 3944 2261 4014 apud
2300 3942 2467 4012 308
2516 3941 2774 3994 Sidonem
2811 3956 2825 3992 :
2862 3936 3113 3992 Silvanus
3164 3945 3383 4003 quoque
3430 3928 3697 3984 Etnisenae

442 4022 546 4126 καὶ
581 4022 662 4076 ἐτι
707 4023 961 4089 Σιλὸανὸς
992 4026 1098 4126 τῶν
1125 4026 1268 4097 ἀμφὶ
1297 4025 1396 4097 τὴν
1438 4027 1673 4098 Ἔμισαν
1718 4025 2020 4096 ἐκκλησιῶν
2050 4071 2094 4126 D

2050 4071 2094 4126 υ
2124 4035 2348 4089 antistes
2397 4031 2674 4126 Ecclesiae.
2725 4027 2832 4083 Sed
2886 4028 2976 4082 hic
3021 4025 3240 4126 quidem
3394 4021 3508 4126 ipsa
3564 4018 3696 4121 urbe

450 4115 767 4181 ἐπίσκοπος.
812 4117 952 4171 Ἀλλ’
994 4111 1149 4183 οὗτος
1194 4118 1293 4190 μὲν
1337 4118 1541 4190 θηρίων
1580 4117 1711 4190 βορὰ
1754 4117 1871 4189 μεθ’
1902 4117 2021 4171 ἐτέ-

450 4223 560 4280 ρων
599 4211 683 4263 ἑπ’
725 4211 895 4281 αὐτῆς
943 4211 1169 4282 Ἑμίσης
1200 4212 1508 4282 γενόμενος,
1539 4214 1717 4282 χοροῖς
1745 4210 2016 4283 ἀνελήφθη

454 4304 764 4377 μαρτύρων,
796 4305 907 4358 τῶν
951 4306 996 4360 δ’
1049 4308 1135 4359 ἐπ’
1196 4306 1522 4377 Ἀντιοχείας
1567 4305 1738 4377 ἄμφω
1783 4305 1876 4358 τὸν
1923 4303 2020 4358 τοῦ

450 4394 586 4448 Θεοῦ
624 4395 779 4464 λόγον
820 4395 909 4450 διὰ
948 4398 1048 4469 τῆς
1078 4399 1156 4462 είς
1197 4397 1425 4454 θάνατον
1457 4398 1731 4469 ὑπομονῆς
1772 4396 2022 4463 ἐδοξασά-

448 4502 569 4556 την,
597 4488 626 4539 ό
649 4488 744 4558 μὲν
768 4486 1070 4553 θαλαττίοις
1093 4490 1417 4561 παραδοθεὶς
1446 4490 1627 4561 βυθοῖς
1651 4492 1680 4544 ό
1703 4489 2019 4555 ἐπίσκοπος,

449 4577 479 4630 ὁ
509 4578 567 4631 δὲ
607 4577 803 4650 ἰατρῶν
834 4580 1053 4651 ἄριστος
1081 4581 1334 4651 Ζηνόϐιος
1373 4585 1494 4646 ταῖς
1536 4581 1675 4636 κατὰ
1715 4580 1824 4635 τῶν
1854 4580 2019 4635 πλευ-

452 4668 563 4740 ρῶν
595 4661 952 4734 ἐπιτεθείσαις
979 4671 1128 4742 αὐτῷ
1154 4673 1436 4746 καρτερῶς
1466 4671 1810 4727 ἐναποθανὼν
1852 4672 2020 4743 βασά-

448 4774 579 4824 νοις.
614 4758 735 4812 Τῶν
782 4760 826 4813 δ’
860 4762 952 4814 ἐπὶ
996 4762 1355 4836 Παλαιστίνης
1404 4766 1698 4838 μαρτύρων
1738 4766 2019 4832 Σιλϐανδς,

450 4944 936 5019 propositum__esse
964 4945 1170 5019 scribit,
1204 4961 1311 5019 quo
1340 4944 1649 5014 huiusmodi
1683 4941 2012 5019 supplicium

449 5015 710 5073 adversus
780 5015 1116 5070 Christianos
1207 5016 1462 5083 deinceps
1538 5016 2011 5084 przescriberetur.

448 5086 601 5154 Quod
626 5096 816 5152 tamen.
830 5100 1013 5138 verum
1045 5100 1150 5138 non
1182 5094 1334 5153 puto.
1364 5085 1463 5151 Ipsi
1487 5083 1630 5138 enim
1661 5083 2015 5154 magistratus

448 5152 691 5226 superati
748 5152 1193 5226 Christianorum
1227 5154 1554 5219 constantia,
1606 5154 1674 5207 ad
1706 5155 1759 5208 id
1795 5152 2012 5206 tandem

446 5224 543 5284 sua
576 5231 769 5294 sponte
806 5224 1065 5294 conversi
1089 5233 1235 5277 sunt.

519 5289 632 5366 (55‘)
674 5295 775 5348 Ἕν
803 5293 878 5362 δὴ
903 5294 1163 5366 τούτοις,
1188 5292 1380 5366 stipple
1411 5289 1609 5366 ἀγῶσιἶ
1640 5291 1715 5345 De
1742 5291 1841 5366 _his
1866 5289 2011 5344 enim

447 5361 658 5421 locutus
687 5371 772 5418 est
793 5361 950 5433 paulo
983 5377 1168 5432 supra.
1210 5361 1453 5417 PeSsitne
1484 5361 2013 5433 Christophorsonus

448 5438 612 5491 vertit
640 5436 723 5489 his
750 5432 1090 5504 temporibus,
1118 5442 1174 5488 et
1204 5433 1275 5486 ab
1307 5433 1389 5487 his
1416 5432 1600 5486 verbis
1626 5445 1823 5486 novum
1851 5437 2015 5498 caput

448 5505 745 5560 inchoavit.

520 5574 632 5643 (54)
702 5572 1121 5643 Ἀπορῤήτουη
1162 5571 1434 5643 Positum_
1481 5582 1603 5643 esse
1658 5568 1866 5622 videtur
1917 5581 2019 5636 pro

449 5640 708 5717 ἀρρήτου,
767 5640 1034 5717 quomodo
1085 5641 1353 5698 Eusebius
1421 5640 1695 5717 interdum
1758 5651 2021 5703 usurpare

453 5712 604 5769 solet.
633 5715 689 5770 Si
720 5712 842 5782 quis
870 5726 1047 5769 tamen
1084 5727 1336 5769 arcanam
1365 5712 1497 5767 velit
1526 5718 1761 5776 vertere,
1807 5722 1904 5779 per
1933 5721 2021 5763 me

2122 4124 2316 4179 Emesa
2346 4120 2476 4176 feris
2512 4119 2759 4189 objectus
2788 4130 2895 4169 una
2938 4130 3061 4170 cum
3098 4113 3221 4167 aliis
3249 4110 3593 4182 quibusdam,
3637 4109 3695 4163 in

2121 4224 2422 4286 martyrum
2455 4212 2656 4267 relatus
2683 4218 2769 4265 est
2791 4222 3102 4264 numerum.
3125 4204 3205 4259 Illi
3226 4219 3353 4259 vero
3372 4201 3694 4267 Antiochiae,

2121 4307 2431 4365 doctrinam
2466 4317 2608 4358 verte
2636 4301 2760 4357 fidei
2791 4296 3233 4356 constantissima
3265 4296 3319 4349 in
3356 4292 3697 4363 perferendis

2121 4402 2189 4457 ad
2214 4408 2440 4454 mortem
2470 4409 2641 4465 usque
2672 4392 2957 4449 tormentis
2982 4390 3248 4460 patientia
3271 4386 3432 4440 ambo
3456 4385 3698 4437 illustra-

2122 4502 2298 4546 runt:
2334 4485 2612 4556 Tyrannio
2652 4482 2871 4553 quidem
2922 4480 2977 4534 in
3037 4475 3369 4547 profundum
3415 4486 3566 4525 mare
3598 4470 3696 4523 de—

2125 4593 2340 4635 mersus
2368 4595 2382 4632 :
2409 4572 2678 4630 Zenobius
2710 4583 2838 4623 vero
2879 4565 3212 4621 medicorum
3246 4558 3488 4614 omnium
3553 4568 3694 4624 prae.

2115 4663 2647 4728 stantissimus,dum
2673 4657 2889 4729 ungulis
2911 4656 3084 4710 latera
3116 4652 3214 4723 ipsi
3246 4649 3613 4708 sulcarentur,
3642 4645 3695 4699 in

2127 4763 2322 4820 mediis
2367 4757 2699 4816 cruciatibus
2747 4750 2874 4806 forti
2919 4747 3100 4802 animo
3152 4746 3493 4799 immortuus.
3551 4737 3698 4794 Inter

2116 4938 2299 5079 ικῗξξέ)
2318 5003 2753 5088 ⁸,Ἐφχεὺσεςὸἲῦην-
2785 5001 3083 5088 στήλαις..
3104 4998 3339 5088 βυηηυρ
3374 4994 3697 5088 vertit-sin

2110 5065 2376 5133 memoriis
2417 5076 2626 5145 piarunt
2654 5075 2857 5146 primus
2890 5065 2942 5127 ἀ
2996 5065 3143 5125 nobis
3190 5068 3459 5124 scribatur
3503 5065 3695 5119 Anthi-

2110 5164 2249 5202 mus.

2330 5213 2490 5289 Yulg.
2518 5212 2839 5289 {érﬁ’srr’
2854 5211 3237 5289 Ἀντιοχείας.
3257 5190 3697 5289 ΑριιιΓΝῐρρριξο-

2112 5276 2233 5342 tuin
2269 5276 2466 5354 legitur
2493 5284 2600 5337 τῶν
2637 5284 2695 5336 δὲ
2721 5284 2828 5337 ἀπ’
2866 5276 3216 5354 Ἀντιοχείας,
3242 5276 3438 5333 rectius
3457 5278 3573 5331 sine
3596 5276 3698 5354 dn-_-

2111 5357 2226 5412 bio.
2262 5345 2450 5423 NEque
2476 5356 2620 5411 enim
2645 5354 2912 5407 Lucianus
2925 5345 3226 5423 Antiochiae
3244 5363 3435 5423 passus
3473 5345 3694 5423 est,__s_ed

2112 5413 2463 5489 Nicomediae,
2492 5433 2551 5478 ut
2580 5433 2812 5477 testatur
2859 5423 3123 5476 Eusebius
3154 5413 3258 5474 hoc
3292 5419 3432 5489 loco,
3466 5426 3522 5489 e_t
3561 5413 3691 5466 Hie-

2116 5509 2377 5567 ronymus
2428 5484 2484 5548 in
2543 5492 2822 5567 Catalogo,
2877 5501 2933 5567 e_t
2984 5492 3207 5567 lluhuus
3237 5503 3301 5542 ac
3333 5484 3691 5567 Nicephorus.

2116 5555 2270 5632 Quod
2299 5566 2460 5618 etiam
2488 5555 2864 5631 testaturitise
2894 5561 3166 5615 Lucianus
3191 5560 3243 5612 in
3263 5555 3501 5632 epistola
3530 5567 3695 5621 quam

2118 5627 2442 5705 scripsitad
2468 5627 2898 5705 Antiochen'ses,
2922 5646 3044 5685 cum
3083 5636 3228 5705 esset
3243 5627 3312 5705 _i_n
3329 5636 3696 5705 lcarc‘ere‘una

2118 5692 2250 5763 cuni
2301 5704 2422 5761 aliis
2448 5702 2785 5774 martyribus
2837 5692 3185 5757 Nicomediae.
3241 5695 3411 5765 Hujus
3438 5692 3700 5775 Epistolae
