4220 6420
446 363 544 416 781
1429 355 1779 420 Htsronne
1818 344 2381 424 ECGLESIASTIGAE
2421 369 2550 424 LIB.
2592 348 2730 426 inn.
3610 372 3714 435 732

444 489 533 525 του
561 471 671 543 (70)
697 472 796 537 τὰς
834 475 927 527 ἐπὶ
951 478 1087 549 τιμῇ
1112 476 1351 549 γραφὰς,
1375 477 1695 550 ἀνδριάντας
1716 495 1776 530 τε
1801 479 1895 532 καὶ
1930 479 2005 532 ὅσ<

2074 489 2109 545 Α
2135 482 2476 537 renuntiatus
2506 494 2610 537 est.
2642 482 2754 537 Sub
2791 482 2842 537 id
2890 492 3100 554 tempus
3147 485 3507 544 Masimianus
3548 504 3711 558 quem

442 562 665 616 τοιαῦτα
710 567 798 617 ἐπ’
844 566 1099 619 ἀναθέσει
1151 568 1483 639 νενόμισται,
1535 568 1612 631 ὡς
1660 568 1872 622 ἀνοσίου
1927 570 2005 622 κα¹

2132 583 2254 642 post
2284 574 2587 641 depositum
2643 576 2928 645 imperium
2990 578 3185 632 iterum
3233 595 3525 649 purpuram
3559 596 3712 635 sumo

442 652 864 712 δυσσεϐεστάτου
892 659 1185 730 καθῄρουν.

2131 662 2304 731 psisse
2328 665 2638 734 retulimus;
2677 681 2799 721 cum
2854 669 3116 725 adversus
3164 669 3585 725 Constantinum
3622 670 3675 724 in

445 744 611 800 sidias
672 749 851 802 moliri
899 752 1274 819 deprehensus
1307 765 1474 819 esset,
1520 753 1820 810 foedissimo
1868 753 2063 808 mortis
2107 768 2305 823 genere
2361 757 2588 814 interiit.
2640 757 2965 830 Primusque
3021 760 3110 817 hic
3162 760 3283 829 fuit,
3319 761 3471 830 cujus
3521 772 3709 833 utpote

445 836 593 903 impii
625 851 688 891 ac
722 838 1127 896 sceleratissimi
1166 842 1402 898 hominis
1458 844 1722 914 imagines
1778 854 1967 900 omnes
2015 853 2072 901 et
2128 855 2323 901 statuae
2352 856 2658 921 caeteraque
2688 851 2739 905 id
2767 867 2936 922 genus
2967 863 3314 909 monumenta
3362 868 3483 923 quae
3523 854 3576 909 in
3609 858 3713 909 ho-

446 943 634 982 norem
681 929 1068 998 imperatorum
1129 933 1263 1003 erigi
1337 934 1537 999 solent,
1579 935 1786 1004 deiecta
1858 944 2023 1005 atque
2057 935 2256 993 abolita
2288 946 2438 995 Sunt.

967 1024 1361 1078 ΚΕΦΔΛΑΙΟΝ
1397 1027 1495 1079 ΙΔ’.

440 1106 581 1181 Περὶ
627 1111 734 1166 τοῦ
804 1115 1026 1182 τρόπου
1102 1114 1374 1185 ζῶν-βῆς
1424 1117 1733 1183 εὐσεϐείας
1792 1114 2023 1185 ἐχθρῶν

917 1186 1057 1253 (Nic.
1103 1184 1175 1237 Η.
1204 1183 1274 1238 Ε.
1296 1201 1388 1248 vu,
1427 1187 1542 1245 2|).

509 1276 711 1330 Τούτου
743 1279 873 1339 παῖς
888 1276 1205 1341 Μαξέντιος,
1227 1280 1256 1331 ὁ
1287 1277 1386 1348 τὴν
1418 1279 1512 1332 ἐπὶ
1527 1278 1743 1351 Ῥώμης
1770 1278 2021 1350 τυραννί-

436 1365 503 1418 δα
523 1368 951 1438 συστησάμενος,
970 1368 1271 1439 ἀρχόμενος
1297 1369 1396 1440 μὲν
1416 1369 1513 1440 τὴν
1527 1371 1645 1424 καθ’
1670 1371 1816 1441 ἡμᾶς
1835 1370 2017 1424 πίστιν

437 1459 526 1511 ἐπ’
553 1460 814 1531 ἀρεσκείᾳ
836 1461 930 1514 καὶ
956 1459 1212 1531 κολακείᾳ
1234 1460 1328 1513 τοῦ
1359 1459 1530 1531 δήμου
1569 1462 1853 1532 Ῥωμαίων
1882 1461 2019 1514 καθε-

2709 1031 2936 1090 CAPUT
2986 1036 3126 1091 XIV;

2525 1119 2603 1175 De
2633 1123 2866 1176 moribus
2887 1130 3309 1192 persecuturum.

2196 1275 2364 1343 Hujus
2398 1276 2539 1332 filius
2571 1274 2998 1346 Maxentiusmui
3028 1275 3214 1331 Roma:
3239 1278 3577 1350 tyrannidem
3607 1285 3701 1334 ar-i

2124 1367 2309 1437 ripuit,
2341 1367 2605 1436 principio
2633 1368 2847 1435 quidem
2896 1367 3018 1421 fidei
3055 1378 3254 1422 nostra:
3306 1370 3698 1438 professionem

2124 1458 2418 1523 simulavit,
2451 1466 2509 1510 ut
2537 1457 2589 1510 in
2638 1473 2704 1512 eo
2749 1472 2954 1511 morem
3001 1466 3217 1526 gereret
3257 1455 3699 1529 blandireturque

436 1551 780 1622 υπεκρίνατο,
819 1551 991 1625 ταύτῃ
1040 1570 1100 1605 τε
1136 1556 1248 1618 τοῖς
1280 1553 1541 1624 ὑπηκόοις
1570 1554 1658 1606 τὸν
1705 1552 1847 1607 κατά
1886 1554 2005 1623 Χρι-

2120 1550 2316 1619 populo
2351 1548 2618 1603 Romano.
2648 1544 2837 1615 Itaque
2866 1549 3098 1604 subditis
3136 1550 3248 1604 suis
3277 1551 3553 1619 pra'cepit,
3585 1560 3643 1606 ut
3664 1566 3697 1606 a

436 1640 666 1692 στιανῶν
703 1642 909 1694 ἀνεῖναι
939 1641 1266 1712 προστάττει
1293 1642 1551 1714 διωγμὸν,
1588 1643 1866 1696 εὐσέϐειαν
1895 1645 2016 1695 ἐπι-

435 1732 750 1804 μορφάζων,
789 1733 882 1785 καὶ⁹
928 1733 1005 1797 ὡς
1049 1733 1114 1787 ἀν
1153 1733 1325 1801 δεξιὸς
1363 1737 1458 1789 καὶ
1493 1735 1627 1789 πολὺ
1659 1737 1832 1807 πρᾶος
1865 1734 2017 1807 παρά

2121 1641 2500 1711 persecutione
2570 1640 3005 1695 Christianorum
3085 1642 3456 1705 desisterent;
3509 1640 3693 1695 [ictam

2121 1731 2332 1786 scilicet
2370 1732 2589 1801 pietatis
2632 1732 2868 1801 speciem
2902 1748 3011 1800 pra:
3061 1748 3120 1787 se
3158 1732 3358 1796 ferens,
3392 1732 3560 1804 utque
3600 1734 3696 1788 be-

430 1826 556 1886 τοὺς
584 1823 886 1894 προτέρους
908 1824 1123 1895 φανείη.
1147 1827 1220 1879 Οὐ
1253 1827 1359 1899 μὴν
1378 1821 1489 1891 οἶος
1510 1826 1729 1881 ἔσεσθαι
1751 1827 2005 1897 ήλπίσθη,

2074 1867 2090 1920 ι
2121 1821 2335 1892 niguior
2354 1823 2522 1878 multo
2558 1836 2719 1894 atque
2750 1824 3038 1878 immanior
3084 1825 3464 1895 superioribus
3491 1825 3697 1895 princi-

429 1914 669 1978 τοιοῦτος
709 1914 891 1985 ἔργοις
921 1917 1266 1988 ἀναπέφηνεν
1286 1935 1299 1949 ⁸
1328 1920 1408 1983 είς
1438 1920 1618 1983 πάσας
1659 1919 1703 1973 δ’
1742 1920 2005 1992 ἀνοσιουρ-

2074 1911 2088 1920 ’
2121 1911 2275 1980 pibus
2311 1913 2608 1966 videretur.
2643 1914 2838 1967 Verum
2882 1929 3170 1984 progressu
3226 1914 3490 1984 temperis
3520 1916 3694 1971 hand-

428 2008 555 2074 γίας
581 2007 818 2073 όκείλας,
844 2010 994 2062 οὐδὲν
1018 2012 1046 2064 ὅ
1075 2028 1128 2063 τι
1155 2011 1380 2084 μιαρίας
1405 2011 1563 2084 ἔργον
1596 2012 1692 2066 καὶ
1719 2012 2012 2078 ἀκολασίας

427 2097 817 2168 παραλέλοιπε,
874 2099 1119 2170 μοιχείας
1170 2117 1230 2153 τε
1281 2101 1377 2154 καὶ⁵
1429 2100 1690 2164 παντοίας
1746 2101 2011 2158 ἐπιτελῶν

429 2187 661 2260 φθοράς·
697 2188 1014 2259 διαζευγνύς
1051 2191 1116 2259 γέ
1148 2209 1230 2245 τοι
1260 2190 1369 2245 τῶν
1399 2191 1608 2265 ἀνδρῶν
1636 2192 1733 2256 τὰς
1759 2192 1899 2247 κατὰ
1920 2195 2010 2249 νό-

430 2296 528 2348 μον
578 2283 860 2350 γαμετὰς,
902 2280 1107 2344 ταύτας
1152 2282 1487 2352 ἐνυϐρίζων,
1546 2283 1847 2354 ἀτιμότατα
1897 2288 2010 2350 τοῖς

426 2369 687 2438 ἀνδράσιν
733 2367 890 2434 αὖθις
938 2371 1268 2443 ἀπέπεμπε·
1319 2374 1414 2427 καὶ
1458 2372 1610 2427 ταῦτ’
1643 2374 1741 2426 οὐκ
1775 2376 2010 2446 ἀσήμοις

426 2461 535 2512 οὐδ’
587 2462 850 2531 ἀφανέσιν
895 2462 1162 2535 ἐγχειρῶν
1202 2466 1544 2538 ἐπετήδευεν,
1589 2466 1702 2521 ἀλλ’
1734 2467 1914 2521 αὐτῶν
1945 2466 2008 2538 δὴ

430 2552 665 2619 μάλιστα
704 2553 811 2606 τῶν
862 2553 931 2607 τά
978 2555 1167 2625 πρῶτα
1210 2557 1312 2626 τῆς
1370 2558 1654 2630 Ῥωμαίων
1701 2560 2005 2631 συγκλήτου

428 2640 625 2711 βουλῆς
647 2645 1100 2717 ἀπενηνεγμένων
1121 2648 1468 2721 ἐμπαροινῶν
1493 2652 1603 2713 τοίς
1631 2650 2002 2722 ἐξοχωτάτοις.

426 2733 489 2785 Οἱ
524 2733 724 2797 πάντες
760 2735 804 2788 δ’
835 2736 997 2789 αὐτὸν
1029 2738 1477 2811 ὑποπεπτηχότες
1506 2741 1666 2813 δῆμοι
1696 2744 1789 2797 καὶ⁸
1810 2744 2007 2815 ἄρχονό

423 2839 534 2887 τες,
559 2824 759 2892 ἔνδοξοί
785 2843 844 2879 τε
874 2828 968 2880 καὶ
995 2829 1191 2895 ἄδοξοι,
1213 2829 1357 2903 δεινῇ
1388 2834 1782 2905 κατετρύχοντο
1811 2852 2007 2906 τυραν-

425 2914 546 2968 νίδι.
579 2917 690 2969 Καὶ¹
718 2918 827 2971 οὐδ’
857 2920 1207 2991 ἠρεμούντων
1239 2923 1333 2975 καὶ
1375 2924 1473 2995 τὴν
1501 2924 1705 2997 πικρὰν
1731 2926 2003 2998 φερόντων

418 3005 683 3073 δευλείαν,
720 3010 1005 3084 ἀπαλλαγή
1043 3030 1126 3077 τις
1166 3013 1314 3083 ὅμως
1351 3011 1419 3085 ἦν
1465 3017 1565 3086 τῆς
1600 3017 1694 3068 τοῦ
1736 3016 2001 3088 τυράννου

421 3098 669 3171 φονώσης
694 3101 973 3173 ὠμότητος
993 3121 1006 3134 ·
1045 3105 1138 3157 ἐπὶ
1170 3108 1377 3177 σμικρᾷ
1404 3105 1535 3174 γοῦν
1573 3107 1674 3177 ήδη
1710 3107 1840 3160 ποτὲ
1870 3106 2013 3177 προ-’

417 3192 600 3258 φάσει,
626 3192 719 3246 τὸν
755 3194 923 3264 δῆμον
967 3198 1047 3260 είς
1080 3197 1239 3265 φόνον
1267 3201 1381 3261 τοῖς
1407 3198 1544 3268 ἀμφ’
1575 3198 1738 3252 αὐτὸν
1768 3198 2000 3269 δορυφό-

419 3299 533 3352 ροις
564 3284 811 3338 ἐκδίδωσι
829 3286 963 3355 (7|),
1015 3288 1110 3340 καὶ
1152 3288 1425 3342 ἐκτείνετο
1471 3290 1641 3361 μυρία
1676 3289 1771 3342 τοῦ
1827 3290 2000 3361 δήμου

430 3376 714 3444 Ῥωμαίων
744 3376 922 3448 πλήθη
958 3379 1049 3431 ἐπὶ
1082 3379 1255 3448 μέσης
1293 3379 1392 3449 τῆς
1425 3380 1654 3447 πόλεως,
1686 3381 1749 3434 οὐ
1780 3380 2001 3435 Σκυθῶν

414 3466 538 3518 οὐδὲ
581 3466 893 3539 βαρϐάρων,
927 3469 1040 3523 ἀλλ’
1071 3470 1250 3524 αὐτῶν
1280 3471 1388 3524 τῶν
1428 3472 1643 3539 οἰκείων
1680 3473 1867 3545 δόρασι
1908 3477 2001 3528 καὶ

418 3557 763 3622 πανοπλίαις.
809 3559 1199 3630 Συγκλητικῶν
1237 3576 1301 3628 γε
1345 3561 1451 3631 μὴν
1490 3562 1651 3629 φόνος
1693 3564 1890 3626 ὁπόσος
1932 3563 1998 3616 δι’

415 3648 705 3719 ἐπιϐουλὴν
738 3651 1018 3719 ἐνηργεῖτο
1046 3651 1144 3720 τῆς
1165 3651 1374 3716 οὐσίας,
1406 3651 1511 3704 οὐδ’
1532 3652 1997 3724 ἐξαριθμήσασθαι

412 3738 655 3803 δυνατὸν,
684 3739 872 3794 ἄλλοτε
902 3741 1090 3804 ἄλλαις
1117 3741 1527 3813 πεπλασμέναις
1555 3744 1756 3808 αἰτίαις
1789 3746 1996 3816 μυρίων

414 3836 845 3906 ἀναιρουμένων.
891 3836 957 3888 Ἡ
998 3837 1055 3889 δὲ
1087 3836 1194 3891 τῶν
1223 3838 1408 3891 κακῶν
1436 3837 1515 3908 τῷ
1543 3838 1791 3910 τυράννῳ
1821 3858 1998 3912 κορω-

411 3926 513 3988 νἰς,
539 3926 632 3979 ἐπὶ
653 3926 906 3997 γοητείαν
923 3927 1139 3998 ἤλαυνε·
1176 3931 1437 3999 μαγικαῖς
1466 3930 1729 3994 ἐπινοίαις
1747 3931 1858 4002 (7‘2)
1875 3933 1996 3984 τοτὲ

415 4022 514 4087 μὲν
561 4020 825 4086 γυναῖκας
866 4018 1177 4089 ἐγκύμονας
1206 4020 1608 4089 ἀνασχίζοντος,
1636 4022 1757 4075 τοτέ
1785 4022 1839 4075 δὲ
1876 4040 1994 4075 νεο-

410 4108 554 4177 γνῶν
595 4109 879 4181 σπλάγχνα
915 4110 1131 4181 βρεφῶν
1178 4110 1623 4182 διερευνωμένου,
1665 4112 1885 4176 λέοντάς
1934 4131 1994 4167 τε

410 4202 904 4270 κατασφάττοντος,
952 4202 1045 4255 καί
1076 4220 1227 4266 τινας
1256 4203 1650 4274 ἀρῤητοποιίας
1678 4205 1770 4257 ἐπὶ
1801 4186 1992 4276 δαιμό-

415 4301 539 4339 vo».
574 4293 903 4365 προκλήσεις
960 4294 1055 4347 καὶ
1107 4280 1553 4366 ἀποτροπιασμδν
1603 4294 1698 4348 τοῦ
1756 4296 1992 4367 πολέμου

415 4385 830 4449 συνισταμένοψ
867 4385 955 4438 διὰ
999 4385 1202 4439 τούτων
1252 4387 1360 4460 γὰρ
1388 4386 1556 4463 ¹αὐτῷ
1588 4387 1658 4440 τὰ
1701 4388 1800 4458 τῆς
1837 4388 1993 4460 νίκης

413 4466 943 4541 κατορθωθήσςσθαι,
980 4478 1012 4549 ή
1055 4480 1209 4533 πᾶσα
1252 4479 1550 4551 ἐτύγχανεν
1596 4479 1772 4544 ἐλπίς.
1822 4474 1990 4544 Οὗτος

415 4559 514 4627 μὲν
542 4554 632 4627 οὖν
662 4562 755 4613 ἐπὶ
794 4555 1011 4638 Ῥώμης
1042 4568 1340 4640 τυραννῶν,
1379 4569 1488 4623 οὐδ’
1515 4569 1662 4623 ἔστιν
1699 4571 1871 4625 εἰπεῖν
1901 4568 1988 4623 οἷα

408 4649 551 4722 δρῶν
589 4653 714 4716 τοὺς
759 4655 1463 4727 ὑπηκόοῖιςηκατεδουλοῦτο,
1497 4654 1574 4726 ὡς
1611 4663 1710 4735 ἤδη
1755 4662 1983 4716 καὶτῶν

409 4741 724 4809 ἀναγκαίων
772 4744 984 4813 τροφῶν
1031 4742 1359 4823 ἐν²ὲσχάτη
1389 4753 1601 4808 σπάνει.
1631 4753 1727 4806 καὶ
1778 4754 1984 4825 ἀπορίᾳ

479 4932 591 5002 (70)
624 4934 861 5003 Πρώτου
888 4937 956 4991 δὲ
977 4942 1210 4998 τούτου.
1239 4944 1361 5000 Haec
1399 4948 1560 5003 verba
1593 4949 1783 5003 eodem
1825 4949 1985 5003 modo

406 5010 724 5088 exponenda
746 5019 1051 5088 _stmt,_quo
1087 5014 1454 5088 illasuperius
1491 5034 1520 5071 a
1550 5019 1711 5072 nobis
1739 5020 1985 5088 exposita

408 5074 624 5160 πρῶτός
653 5079 800 5160 τεοέν
832 5074 991 5160 θεοῖς.
1023 5082 1096 5160 At
1134 5074 1665 5160 Christopborsmtus
1716 5074 1880 5160 [tunc
1907 5090 1984 5160 lo-

406 5158 529 5229 cum
589 5155 662 5199 tta
710 5155 1106 5217 interpretatus
1135 5163 1242 5219 est,
1268 5158 1422 5223 quasi
1476 5157 1749 5228 legeretur
1789 5158 1897 5229 πρὸ
1924 5159 1982 5212 δὲ

403 5227 592 5268 τουτου
599 5254 612 5268 ο

476 5285 589 5355 (7i)
640 5285 764 5363 Tot;
811 5288 978 5363 ᾀμςοξ
1020 5291 1212 5363 utitor
1263 5292 1619 5363 δορυφόροις
1661 5296 1964 5352 ἐκδίδωσι.

405 5351 756 5409 ΙΛΘΙιιίῈΙθνί
798 5351 1050 5414 Aitre'lius
1080 5361 1264 5416 Victor
1294 5351 1349 5416 ni
1386 5351 1660 5420 Maient'io
1701 5385 1714 5420 :
1751 5388 1769 5418 ι
1816 5351 1967 5422 Adeo

405 5439 601 5505 saevus,
631 5428 1091 5505 utihPraatnrianis
1140 5434 1341 5505 eaedem
1385 5436 1527 5503 vulgi
1563 5438 1837 5502 quondam
1874 5454 1970 5490 au-

407 5496 628 5575 tiuerit.-
647 5513 665 5546 ι
693 5496 1083 5575 Constantinus
1104 5517 1249 5575 vero,
1283 5504 1429 5575 victo
1457 5496 1640 5575 postea
1674 5506 1967 5572 Maxentio,

405 5562 769 5643 Praetorianas
800 5569 1050 5643 cohortes
1088 5562 1360 5635 abolevit;
1424 5562 1607 5639 specie
1644 5577 1862 5643 quidem
1900 5562 1969 5631 ob

402 5645 520 5685 eam
542 5635 680 5703 vulgi
710 5639 933 5708 caedem,
957 5640 1049 5693 sed
1080 5643 1278 5708 reipsa,
1308 5657 1376 5695 ne
1404 5635 1491 5695 res
1513 5635 1682 5696 novas
1717 5644 1971 5699 moliren-

405 5711 527 5778 tur;
567 5720 705 5759 neve
745 5707 1101 5774 imperatores
1125 5707 1399 5775 crearent,
1430 5724 1591 5778 prout
1629 5712 1969 5768 Maxentium

400 5774 706 5840 Augustum
735 5782 1196 5835 renuntiaverant.
1246 5774 1415 5837 Porro
1431 5774 1694 5841 'Zosimus
1722 5785 1967 5840 eamdem

2118 2018 2388 2073 quaquam
2422 2005 2579 2058 talem
2611 2020 2671 2060 se
2700 2007 2862 2061 rebus
2909 2006 3040 2076 ipsis
3079 2002 3350 2076 praestitit,
3385 1994 3559 2078 qualis
3608 2007 3693 2062 fu-é

2120 2106 2276 2153 turus
2302 2098 2647 2167 sperabatur.
2682 2098 2822 2165 Quin
2857 2108 3044 2155 contra
3088 2103 3157 2154 ad
3194 2091 3372 2154 omnia
3401 2101 3605 2156 Scelera
3637 2098 3692 2157 et

2114 2185 2319 2256 ﬂagitia
2354 2198 2490 2243 aestu
2519 2189 2750 2258 quodam
2791 2190 2988 2245 mentis
3023 2182 3302 2260 abreptus,
3350 2188 3554 2246 nullum
3588 2194 3690 2246 im-

2115 2279 2334 2348 pietatis
2370 2289 2464 2333 aut
2522 2280 2763 2335 libidinis
2800 2296 2970 2348 genus
3025 2282 3391 2351 praetermisit.
3454 2271 3588 2338 Nam
3633 2292 3690 2337 et

2117 2368 2383 2425 adulteria
2458 2380 2513 2425 et
2572 2372 2983 2440 cujusquemodi
3062 2383 3249 2443 stupra
3318 2368 3685 2444 perpetrabat.

2114 2461 2359 2531 Cumque
2391 2479 2589 2518 uxores
2626 2446 2900 2534 legitimas
2954 2474 2983 2517 a
3042 2464 3175 2519 viris
3232 2480 3330 2535 per
3389 2460 3686 2519 divortium

2113 2553 2495 2623 abstraxisset,
2525 2556 2640 2624 ipse
2662 2572 2788 2610 cum
2818 2554 2964 2610 omni
3013 2554 3254 2611 foeditate
3309 2566 3362 2610 et
3399 2550 3685 2625 ignominia

2112 2646 2191 2700 eis
2221 2645 2473 2712 illudens,
2507 2648 2683 2701 denuo
2716 2647 2782 2700 ad
2819 2648 3044 2703 maritos
3083 2648 3298 2702 easdem
3350 2647 3685 2702 remittebat.

2113 2734 2298 2805 Neque
2330 2751 2460 2791 vero
2488 2737 2621 2791 viles
2646 2738 2910 2791 duntaxat
2931 2744 2986 2791 et
3008 2738 3274 2794 obscuros
3303 2735 3554 2793 homines
3585 2737 3689 2790 hu-

2103 2826 2343 2897 jusmodi
2371 2817 2584 2897 injuriis
2615 2828 2832 2885 allicere
2865 2831 3139 2895 studebat,
3167 2831 3263 2886 sed
3315 2829 3437 2884 illOs
3496 2827 3688 2899 praeci-

2111 2941 2215 2994 pue
2247 2925 2341 2994 qui
2378 2925 2429 2979 in
2467 2936 2658 2980 senatu
2688 2925 2936 2981 Romano
2973 2927 3276 2996 principem
3329 2924 3507 2980 lucum
3549 2925 3688 2980 obti-

2110 3015 2347 3079 nebant,
2379 3014 2813 3070 eminentissimo
2862 3016 3061 3084 cuique
3108 3015 3345 3069 maxime
3394 3014 3683 3071 insultans.

2107 3104 2339 3159 Proinde
2372 3115 2483 3159 tam
2509 3105 2705 3177 plebeii
2742 3120 2930 3160 omnes
2974 3122 3137 3175 quam
3173 3106 3540 3175 magistratus,
3571 3115 3682 3161 tam

2107 3197 2322 3252 obscuri
2350 3212 2512 3266 quam
2542 3197 2772 3262 nobiles,
2805 3212 2928 3252 eum
2983 3196 3426 3261 reformidantes,
3474 3192 3683 3267 gravis-

2028 3278 2070 3335 C
2104 3291 2239 3346 sima
2267 3291 2553 3362 tyrannide
2576 3290 3044 3359 opprimebantur.
3094 3287 3172 3344 Ac
3226 3288 3441 3342 tametsi
3497 3290 3684 3358 quiete

2102 3391 2402 3451 agereutet
2432 3382 2773 3453 tyrannidem
2824 3380 3093 3449 patienter
3137 3378 3451 3446 tolerarent,
3486 3392 3555 3432 ne
3602 3378 3682 3434 sic

2103 3479 2280 3526 tamen
2308 3473 2478 3526 vitare
2504 3481 2750 3542 poterant
2770 3478 3048 3525 cruentam
3074 3467 3289 3540 tyranni
3314 3466 3682 3542 atrocitatem.

2101 3565 2341 3634 Denique
2372 3540 2610 3634 quodam
2645 3566 2732 3619 die
2770 3563 3104 3618 levissimam
3139 3561 3210 3616 ob
3241 3574 3489 3628 causam,
3515 3540 3674 3630 311

2099 3658 2351 3727 populum
2393 3655 2695 3709 ltomanum
2746 3653 3012 3708 militibus
3059 3648 3400 3723 praetorianis
3454 3645 3681 3704 tradidit

2097 3747 2478 3802 occidendum.
2534 3746 2718 3815 Atque
2766 3745 2841 3799 ita
2909 3736 3328 3798 innumerabilis
3385 3741 3678 3795 multitudo

2098 3836 2278 3907 populi
2311 3837 2557 3900 Romani,
2582 3852 2688 3891 non
2720 3834 3045 3907 Scytharan
3085 3849 3149 3889 ac
3171 3832 3547 3893 barbarorum,
3583 3831 3677 3887 sed

2096 3929 2298 3981 civium
2327 3943 2553 3982 suorum
2582 3926 2754 3981 hastis
2778 3924 3056 3994 armisque
3098 3925 3153 3977 in
3187 3924 3362 3978 media
3399 3924 3530 3977 urbe
3561 3928 3678 3976 tru-

2097 4020 2274 4073 cidata
2304 4029 2409 4073 est.
2464 4016 2692 4084 Quantae
2721 4020 2883 4086 μοι·το
2935 4010 3253 4069 Senatorum
3301 4013 3477 4067 cmdes
3517 4012 3676 4067 facta:

2095 4112 2205 4166 sint
2240 4121 2300 4165 ut
2332 4111 2383 4163 in
2413 4110 2551 4164 bona
2583 4124 2768 4163 eorum
2817 4107 3186 4172 invaderetur,
3220 4104 3492 4158 numerari
3522 4103 3673 4158 nullo

2095 4202 2259 4255 modo
2306 4195 2506 4272 potest,
2546 4214 2669 4252 cum
2729 4197 2945 4267 plurimi
3003 4196 3244 4266 quotidie
3305 4194 3449 4250 lictis
3500 4194 3670 4248 variis

2093 4293 2421 4346 criminibus
2452 4291 2914 4344 interliccrentrir.
2954 4286 3196 4343 Tandem
3222 4300 3352 4341 vero
3397 4296 3670 4358 tyrannus

2094 4383 2395 4439 sceleribus
2427 4383 2543 4437 suis
2582 4381 2737 4451 quasi
2771 4381 3043 4449 quoddam
3092 4379 3386 4448 fastigium,
3445 4377 3669 4444 magicae

2094 4474 2228 4527 artis
2284 4472 2591 4542 praestigias
2620 4469 2902 4538 impoSuit,
2930 4483 3074 4523 nunc
3120 4467 3374 4521 mulieres
3408 4465 3665 4533 gravidas

2094 4565 2394 4627 dissecatis,
2427 4578 2572 4617 nunc
2612 4563 2882 4617 infantum
2918 4576 3112 4617 recens
3167 4561 3222 4616 in
3258 4560 3433 4614 lucem
3490 4558 3666 4613 edito-

2096 4673 2213 4711 rum
2249 4658 2456 4711 rimans
2490 4656 2736 4721 viscera;
2766 4655 2949 4709 leones
2985 4668 3199 4723 quoque
3232 4651 3504 4706 interdum
3549 4657 3665 4704 ma«L

2091 4761 2284 4814 ctans,
2320 4758 2374 4803 et
2397 4746 2632 4803 nefanda
2667 4746 2914 4817 quaedam
2946 4760 3216 4816 peragens
3256 4758 3411 4799 sacra
3440 4742 3510 4799 ad
3554 4742 3663 4798 dare

2086 4960 2301 5016 quoque
2331 4946 2783 5014 rem.licetpaulo
2814 4947 2997 5010 aliter,
3022 4957 3235 5001 narrat;
3266 4943 3661 5008 Scribitenim;

2085 5034 2207 5071 cum
2257 5016 2444 5070 Romae
2480 5018 2738 5084 templum
2788 5017 2945 5072 Genii
2981 5018 3203 5071 fortuito
3234 5018 3488 5070 incendio
3528 5016 3662 5071 con-

2086 5086 2364 5157 ﬂagraret,
2394 5086 2688 5157 cunctique
2706 5088 2772 5139 ad
2794 5089 3227 5155 restinguendum
3244 5088 3429 5157 ignem
3458 5101 3661 5140 accur‘

2088 5156 2307 5222 risSent,
2334 5156 2556 5209 militem
2583 5158 2865 5223 quemdam
2886 5161 2975 5224 qui
2999 5172 3193 5209 numen
3220 5156 3349 5210 illud
3378 5157 3660 5225 gentilium

2086 5227 2386 5289 deridebat,
2416 5242 2444 5278 a
2478 5227 2629 5295 plebe
2653 5227 3035 5294 interemptum
3076 5226 3261 5280 fuisse.
3295 5226 3372 5279 Ex
3406 5240 3513 5294 quo
3546 5236 3664 5279 tau-

2084 5305 2192 5348 tam
2224 5297 2406 5349 subito
2452 5296 2772 5349 seditionem
2828 5296 3058 5348 militum
3095 5297 3386 5357 exarsisse.
3433 5304 3491 5347 ut
3534 5304 3654 5347 tnta

2065 5379 2203 5434 pene
2232 5369 2361 5418 urbs
2390 5367 2635 5434 peritura
2666 5365 2847 5430 fuerit,
2874 5366 2927 5418 ni
2951 5365 3254 5420 Maxentius
3281 5365 3652 5434 subvenisset:

2136 5435 2247 5505 (7‘2)
2282 5433 2571 5505 Μαγικαῖς
2597 5435 2908 5505 ἐπινοίαις,
2945 5434 3075 5489 Post
3111 5438 3222 5489 haec
3259 5435 3422 5486 verba
3454 5434 3507 5484 in
3539 5432 3656 5484 ed3-

2070 5503 2327 5567 lionibus,
2361 5517 2412 5555 et
2450 5511 2501 5556 in
2540 5504 2710 5573 Regio
2744 5520 2809 5560 ac
2858 5503 3113 5559 Medic-:30
3150 5505 3651 5573 codice__puncwnt

2067 5575 2496 5644 p0uitur,_qu0d
2520 5570 3082 5644 Christophorsonum
3116 5572 3325 5644 fefellit.
3352 5570 3553 5644 verum
3596 5572 3650 5644 iu

2068 5640 2258 5696 codice
2299 5640 2601 5706 Mazariuo,
2641 5640 2766 5698 ante
2802 5646 2900 5698 has
2925 5658 3087 5697 voces
3129 5643 3308 5695 media
3364 5640 3651 5693 distinctio

2068 5715 2294 5781 ponitur
2326 5714 2552 5778 optime.
2587 5712 2845 5771 Eamdem
2899 5713 3309 5769 distinctionem
3360 5710 3540 5778 reperi
3592 5708 3652 5766 id

2068 5784 2253 5838 codice
2282 5781 2519 5837 Fuketii.
