4220 6408
545 337 648 394 783

1244 328 1520 389 EL'SEBII
1558 327 2048 384 CESARIENSIS
2085 327 2239 386 OPP.
2284 326 2470 383 PARS
2508 328 2549 384 1.
2595 361 2661 371 -
2701 325 3098 383 HISTORICA.

3719 329 3822 384 784

543 473 737 514 mones
761 455 1082 513 evocandos,
1107 461 1159 505 et
1192 453 1257 505 ad
1297 451 1496 505 bellum
1529 453 1673 522 quod
1716 451 1829 519 jam
1885 453 2125 508 immine-

2235 451 2593 522 καταστῆναι,
2645 452 2777 515 ὅσην
2819 451 2912 504 ἐπὶ
2974 448 3194 520 Ῥώμης
3227 449 3334 502 οὐδ’
3372 447 3560 503 ἄλλοτε
3607 450 3657 503 οι
3700 450 3823 503 καθ’

544 551 635 606 bat
678 547 1072 616 depellendum.
1132 544 1224 600 llis
1276 545 1424 599 enim
1471 545 1685 600 artibus
1726 545 2013 600 victoriam
2069 561 2128 600 se

543 643 866 709 adepturum
903 639 1046 695 haud
1075 637 1236 691 dubia
1271 651 1368 705 spe
1403 645 1849 706 prarsumpserat.
1896 637 1993 692 llic
2029 638 2126 704 igi-

542 741 632 785 tur
659 734 785 787 dum
812 732 995 785 Boinae
1024 731 1368 802 tyrannidem
1407 741 1649 795 exercet,
1677 730 1766 783 vix
1811 729 1917 783 dici
1950 737 2132 798 potest

538 835 674 895 quot
704 830 1032 894 quantisque
1063 824 1220 879 malis
1254 823 1506 878 subditos
1555 825 1916 892 Oppresserit,
1967 833 2131 892 atque

542 917 593 970 iu
661 915 977 970 servitutem
1033 914 1345 983 redegerit;
1407 914 1542 968 adeo
1596 921 1655 966 ut
1708 913 1775 967 ad
1823 924 2128 968 extremam

542 1007 678 1060 trusi
723 1007 835 1060 sint
883 1006 1270 1060 alimentorum
1336 1004 1648 1072 penuriam,
1705 1005 1922 1074 qualem
1970 1013 2130 1058 antea

539 1100 724 1154 Itonia:
755 1111 848 1153 aut
880 1099 1007 1153 alibi
1037 1111 1276 1166 unquam
1308 1096 1475 1150 fuisse
1513 1096 1658 1150 nulla
1703 1098 1981 1150 hominum
2017 1111 2131 1150 me-

539 1193 710 1246 moria
745 1191 1020 1246 recordari
1051 1199 1252 1259 potest.
1296 1189 1366 1243 At
1403 1190 1456 1242 in
1489 1187 1731 1243 Orientis
1765 1189 2018 1258 partibus
2048 1200 2131 1259 ly-

539 1299 746 1338 rannns
780 1283 1129 1348 Maximinus,
1159 1282 1294 1335 inito
1335 1282 1474 1336 clam
1507 1281 1716 1336 itedere
1739 1298 1866 1335 cum
1906 1283 2126 1336 Maxen-

541 1378 614 1430 tio
661 1375 921 1431 Romanm
975 1378 1129 1431 urbis
1164 1386 1419 1447 tyranno,
1455 1385 1639 1444 utpote
1686 1375 1952 1430 scelerum
2009 1392 2130 1445 ger-

541 1471 802 1524 manitate
830 1469 930 1523 sibi
954 1469 1320 1537 junctissimo,
1349 1469 1438 1524 diu
1467 1470 1683 1538 quidem
1713 1468 1880 1525 latere
1904 1469 2127 1524 studuit.

539 1564 780 1618 Tandem
817 1577 946 1617 vero
971 1563 1344 1631 deprehensus
1390 1578 1582 1632 pinnas
1612 1564 1822 1618 debitas
1847 1562 2128 1634 persolvit.

543 1659 732 1713 Mirum
769 1663 853 1710 est
883 1658 1025 1708 enim
1058 1667 1258 1726 quanta
1315 1657 1402 1711 hic
1450 1657 1708 1728 nequitia
1756 1655 2019 1712 aliiuitate
2075 1667 2130 1712 et

538 1749 917 1811 similitudine,
952 1746 1214 1803 Romana:
1248 1749 1400 1804 urbis
1448 1759 1739 1820 tyrannum
1769 1749 2121 1818 expresserit,

539 1855 630 1894 seu
665 1839 847 1907 potius
891 1838 1053 1910 longo
1107 1839 1394 1892 intervallo
1423 1841 1716 1908 superarit.
1759 1837 1970 1907 Quippe
2024 1839 2125 1893 im-

538 1939 818 1998 postorum
878 1942 931 1984 et
981 1945 1258 2000 magorum
1319 1930 1591 2001 principes
1641 1929 1838 1985 summi
1901 1930 2127 1984 honoris

536 2021 744 2090 apicem
777 2023 918 2092 apud
944 2038 1066 2076 eum
1098 2023 1423 2077 obtinebant
1451 2037 1467 2076 :
1492 2038 1615 2079 cum
1655 2023 1770 2091 ipse
1801 2035 1965 2093 supra
2005 2037 2125 2076 nio-

535 2117 660 2170 dum
701 2117 1058 2172 meticulosus
1091 2127 1240 2170 esset
1268 2130 1334 2172 ac
1381 2115 1814 2185 superstitiosus,
1853 2125 1909 2169 et
1955 2115 2128 2169 simu-

539 2209 804 2262 lacrorum
836 2222 900 2262 ac
931 2208 1240 2262 daemonum
1301 2207 1527 2261 vanitati
1552 2207 1835 2277 imprimis
1887 2207 2123 2262 deditus.

539 2298 676 2354 Nihil
703 2308 858 2356 certe
890 2299 1131 2370 aggredi,
1162 2297 1298 2353 nihil
1337 2314 1575 2365 summo,
1607 2300 1751 2369 quod
1785 2301 1960 2368 aiunt,
1991 2299 2126 2371 digi-

541 2405 596 2450 to
621 2407 971 2448 commovere
996 2391 1203 2462 absque
1227 2391 1502 2447 vaticiniis
1522 2402 1578 2446 et
1598 2393 1840 2449 oraculis
1867 2394 2123 2449 audebat.

534 2485 705 2552 Quam
720 2483 790 2538 ob
807 2498 1025 2538 causam
1040 2484 1290 2538 acerbius
1305 2499 1369 2537 ac
1384 2483 1763 2540 vehementius
1782 2499 1942 2554 qnam
1967 2500 2126 2554 supe-

538 2574 709 2628 riores
740 2575 1018 2644 principes
1045 2575 1299 2645 persequi
1343 2583 1563 2630 nostros
1597 2575 1871 2641 instituit;
1897 2577 2121 2632 deorum

539 2666 733 2734 templa
767 2666 820 2720 in
851 2666 1086 2737 singulis
1121 2667 1350 2722 urbibus
1395 2666 1530 2737 erigi
1585 2668 1928 2738 przecipiens,
1973 2679 2029 2724 et
2078 2669 2121 2722 si

535 2772 654 2824 qnze
675 2768 854 2812 essent
890 2759 1152 2828 temporis
1207 2769 1482 2816 vetustate
1523 2761 1786 2830 collapsa,
1851 2765 2119 2832 reparari.

537 2849 611 2902 Ad
651 2849 765 2904 hzec
827 2847 1074 2905 ﬂamines
1131 2850 1184 2905 in
1236 2851 1466 2920 singulis
1513 2851 1649 2908 locis
1685 2863 1846 2923 atque
1901 2854 2124 2908 urbibus

536 2939 844 3003 constituit,
894 2940 1197 3010 iisdetnqne
1228 2944 1568 2998 sacerdotem
1602 2943 1866 3013 cujusque
1901 2946 2124 3013 provin-

535 3031 629 3084 ciae
659 3033 926 3102 prmfecit,
962 3046 1085 3086 eum
1121 3035 1212 3103 qui
1243 3035 1459 3090 cunctis
1506 3035 1559 3090 in
1607 3037 1756 3090 curia
1807 3037 2122 3092 muneribus

534 3123 749 3193 egregie
777 3123 1096 3194 perfunctus
1117 3134 1290 3191 esset,
1336 3126 1524 3182 addito
1565 3129 1612 3183 ei
1642 3130 1860 3184 militari
1905 3131 2118 3185 satelli-
2148 3151 2190 3208 ο

536 3218 630 3272 tio.
672 3217 917 3288 Denique
944 3217 1171 3274 hariolis
1197 3218 1474 3285 omnibus,
1509 3220 1655 3276 velut
1692 3221 1964 3292 religiosis
1989 3224 2122 3280 viris

535 3325 598 3365 ac
619 3309 802 3363 divino
829 3311 1052 3366 numine
1099 3312 1516 3381 acceptissimis,
1575 3315 1983 3384 provinciarum
2017 3319 2124 3371 ad-

535 3398 963 3454 ministrationes
985 3411 1038 3454 et
1065 3400 1228 3472 312
1262 3403 1498 3457 inaxima
1560 3406 1844 3477 privilegia
1895 3424 2124 3464 conces-

534 3490 625 3542 sit.
651 3487 780 3543 Post
814 3491 928 3545 haec
960 3507 1067 3545 non
1101 3509 1263 3547 unam
1293 3494 1564 3550 duntaxat
1595 3499 1786 3552 urbem
1819 3507 1917 3553 aut
1944 3502 2123 3572 regio-

533 3599 677 3650 nem,
730 3585 824 3640 sed
865 3586 1153 3642 universas
1202 3589 1516 3652 provincias
1572 3591 1802 3661 imperio
1851 3607 1952 3648 suo
1987 3596 2120 3650 sub-

533 3676 722 3746 iectas,
758 3679 875 3732 auri
914 3682 1260 3751 argentique,
1313 3692 1368 3736 et
1401 3685 1759 3752 pecuniarum
1818 3689 2123 3743 exactioni-

531 3771 654 3835 bus,
682 3779 739 3826 et
773 3771 1167 3828 indictionibns
1203 3775 1566 3844 gravissimis,
1621 3780 1900 3850 variisque
1930 3782 2120 3836 subin-

531 3863 600 3919 de
633 3864 1182 3920 condemnationibus
1210 3868 1430 3923 vexavit
1478 3879 1645 3939 atque
1690 3874 1982 3942 oppressit.
2013 3874 2120 3929 Sed

531 3967 588 4010 et
659 3955 1147 4027 locupletissimum
1195 3975 1465 4028 quemque
1539 3966 1785 4032 paternis
1850 3967 2121 4034 avitisque

531 4048 775 4115 spoliatis
806 4049 984 4114 bonis,
1019 4049 1264 4119 iungentes
1282 4067 1412 4120 opes
1433 4068 1497 4109 ac
1519 4071 1864 4111 nummorum
1899 4074 2130 4114 acervos

533 4141 974 4196 assentatoribus
997 4144 1112 4198 suis
1137 4144 1400 4200 donabat.
1450 4145 1569 4201 Jam
1603 4164 1736 4205 vero
1786 4153 2121 4208 temulentire

529 4244 585 4285 et
610 4232 846 4302 crapulae
870 4247 936 4287 eo
979 4248 1152 4301 usque
1179 4235 1445 4292 obnoxius
1497 4236 1620 4302 fuit,
1663 4248 1720 4294 ut
1747 4239 1801 4294 in
1834 4252 2120 4311 compota-

535 4325 778 4379 tiunibns
838 4325 1112 4380 insaniret
1164 4341 1228 4380 ac
1275 4326 1526 4394 fureret;
1589 4339 1645 4385 et
1695 4347 1757 4386 ea
1826 4333 2121 4404 imperaret

529 4415 739 4481 ebrius,
763 4431 996 4486 quorum
1029 4417 1294 4486 postridie
1333 4421 1578 4476 sobrium
1607 4424 1929 4492 paenitebat.
1960 4426 2114 4493 Quod

2233 545 2379 615 ἡμᾶς
2423 543 2677 612 γενέσθαι
2730 541 3177 613 μνημονεύουσιν.
3229 541 3285 593 'U
3333 541 3376 595 δ’
3407 541 3492 593 ἐπ’
3538 541 3825 613 Ἀνατολῆς

2231 635 2494 706 τύραννος
2527 633 2852 702 Μαξιμῖνος,
2871 634 2946 698 ὡς
2982 633 3048 686 ἂν
3075 633 3209 706 πρὸς
3239 632 3467 703 ἀδελφὸν
3493 633 3591 705 τὴν
3625 634 3826 688 κακίαν

2233 730 2370 799 πρὸς
2399 727 2491 782 τόν
2537 729 2628 781 ἐπὶ
2681 727 2899 799 Ῥώμης
2933 725 3118 798 φιλίαν
3153 727 3392 800 κρύϐδην
3443 726 3827 797 σπενδόμενος,

2233 825 2326 878 ἐπὶ
2357 824 2605 877 πλεῖστον
2648 839 2838 895 χρόνον
2872 823 3158 876 λανθάνειν
3199 821 3500 892 ἐφρόντιζε,
3549 819 3828 891 φωραθείς

2231 916 2294 985 γέ
2339 933 2422 970 τοι
2477 915 2736 988 ὕστερον,
2788 916 2944 987 δίκην
2987 916 3194 969 τίννυσι
3254 915 3354 985 τὴν
3401 912 3576 979 ἀξίαν.
3623 908 3732 966 Ἦν
3768 913 3827 966 δὲ

2233 1007 2542 1078 θαυμάσαι,
2581 1009 2728 1072 ὅπως
2775 1008 2868 1060 καὶ
2912 999 3066 1068 οὗτος
3097 1006 3166 1060 τὰ
3209 1006 3445 1076 συγγενῆ
3477 1005 3571 1059 καὶ
3599 1004 3824 1073 ἀδελφά,

2236 1100 2439 1170 μᾶλλον
2461 1100 2517 1153 δέ
2548 1099 2746 1162 κακίας
2770 1099 2839 1154 τά
2867 1100 3060 1171 πρῶτα
3079 1100 3175 1152 καὶ
3195 1098 3262 1152 τὰ
3287 1098 3582 1169 νικητήρια
3610 1097 3708 1168 τῆς
3731 1095 3828 1150 τοῦ

2233 1192 2377 1246 κατὰ
2421 1191 2639 1264 Ῥώμην
2667 1192 2932 1265 τυράννου
2966 1192 3336 1264 κακοτροπίας
3363 1189 3825 1262 ἀπενηνεγμένος.

2234 1283 2449 1354 Γοήτων
2478 1301 2537 1337 τε
2581 1285 2690 1355 γὰρ
2723 1285 2816 1338 καὶ
2853 1285 3044 1354 μάγων
3085 1285 3136 1338 oi.
3181 1283 3390 1354 πρῶτοι
3435 1283 3535 1354 τῆς
3567 1283 3829 1336 ἀνωτάτω

2234 1379 2363 1448 παρ’
2395 1376 2542 1447 αύτῷ
2569 1377 2735 1448 τιμῆς
2765 1377 2878 1446 (75)
2913 1375 3163 1448 ἠξίωντο,
3209 1375 3503 1446 ψοφοδεοῦς
3538 1377 3596 1440 ἐς
3629 1375 3697 1429 τὰ
3725 1377 3828 1444 μά-

2233 1467 2391 1522 λιστα
2439 1468 2535 1522 καὶ
2581 1467 3150 1539 δεισιδαιμονεστάτου
3197 1467 3561 1531 καθεστῶτος,
3613 1468 3714 1538 τήν
3767 1484 3825 1520 τε

2235 1560 2363 1628 περὶ
2390 1558 2457 1612 τὰ
2486 1558 2679 1612 εἱδωλα
2715 1559 2810 1612 καὶ
2843 1559 2969 1618 τοὺς
3003 1559 3262 1629 δαίμονας
3291 1560 3421 1630 περὶ
3453 1557 3648 1612 πολλοῦ
3678 1557 3824 1611 τιθε-

2236 1651 2400 1722 μένου
2447 1650 2676 1722 πλάνην.
2727 1650 3013 1704 Μαντειῶν
3059 1649 3192 1719 γοῦν
3239 1651 3362 1721 δίχα
3421 1651 3515 1704 καὶ
3562 1650 3826 1722 χρησμῶν

2233 1741 2354 1793 ούδέ
2391 1740 2584 1812 μέχρις
2614 1742 2826 1812 όνυχος,
2860 1742 2936 1805 ὼς
2966 1743 3161 1805 εἰπεῖν,
3185 1741 3390 1814 τολμᾷν
3430 1761 3481 1796 τι
3512 1745 3681 1795 κινεῖν
3717 1738 3828 1806 οἶός

2229 1850 2285 1885 τε
2319 1829 2408 1902 ἦν.
2441 1828 2516 1887 Οῦ
2547 1835 2708 1906 χάριν
2739 1835 2834 1888 καὶ
2861 1836 2940 1905 τῷ
2986 1834 3106 1888 καθ’
3136 1834 3294 1906 ήμῶν
3326 1835 3679 1908 σφοδρότερον
3711 1836 3743 1907 ἢ
3776 1835 3824 1888 οι

2229 1925 2466 1997 πρόσθεν
2509 1928 2604 1980 καὶ
2656 1927 2987 1998 πυκνότερον
3038 1928 3319 1981 ἐπετίθετο
3368 1929 3594 2000 διωγμῷ
3621 1973 3635 1996 ,
3691 1927 3826 1992 νεώς

2228 2036 2286 2071 τε
2332 2018 2473 2072 κατὰ
2520 2020 2700 2072 πᾶσαν
2732 2018 2889 2072 πόλιν
2924 2021 3182 2092 ἐγείρειν,
3215 2024 3309 2074 καὶ
3339 2023 3406 2076 τὰ
3435 2023 3628 2094 χρόνου
3663 2026 3825 2096 μήκει

2232 2113 2447 2186 καθηρη
2458 2113 2595 2183 μένα
2624 2113 2848 2184 τεμένη,
2877 2113 2965 2166 διὰ
2990 2113 3227 2184 σπουδῆς
3268 2115 3624 2169 ἀνανεοῦσθαι
3657 2133 3826 2187 προσ-

2227 2209 2455 2270 τάττων,
2490 2207 2668 2278 ἱερέας
2711 2223 2772 2259 τε
2818 2205 3050 2260 εἰδώλων
3100 2207 3242 2260 κατὰ
3290 2207 3471 2261 πάντα
3513 2209 3679 2263 τόπον
3725 2213 3824 2264 καὶ

2229 2299 2415 2357 πόλιν·
2472 2299 2566 2352 καὶ
2627 2299 2720 2351 ἐπὶ
2777 2297 2980 2352 τούτων
3032 2297 3270 2370 ἑκάστης
3317 2301 3586 2372 ἐπαρχίας
3636 2303 3823 2374 ἀρχιε-

2229 2393 2329 2464 ρέα
2359 2391 2493 2463 (74),
2526 2391 2632 2444 τῶν
2659 2394 2718 2444 ἐν
2740 2391 3038 2455 πολιτείαις
3066 2392 3164 2446 ἕνα
3184 2393 3248 2461 γέ
3291 2409 3413 2446 τινα
3447 2393 3537 2446 τὸν
3591 2394 3824 2464 μάλιστα

2227 2483 2487 2554 ἐμφανῶς
2518 2481 2605 2534 διὰ
2638 2482 2820 2552 πάσης
2868 2481 3230 2554 ἐμπρέψαντα
3289 2483 3652 2556 λειτουργίας,
3687 2488 3824 2557 μετὰ

2228 2574 2620 2646 στρατιωτικοῦ
2646 2576 2867 2644 στίφους
2886 2577 2976 2628 καὶ
2999 2574 3325 2648 δορυφορίας
3347 2577 3648 2642 ἐκτάσσων,
3668 2578 3825 2633 ἀναί-

2225 2665 2321 2737 δην
2351 2683 2409 2720 τε
2433 2668 2567 2720 πᾶσι
2586 2667 2800 2738 γόησιν,
2829 2667 2906 2730 ώς
2935 2667 3002 2720 ἂν
3022 2667 3273 2721 εὐσεϐέσι
3302 2671 3396 2723 καὶ
3422 2669 3558 2723 θεῶν
3589 2688 3822 2744 προσφι-

2225 2760 2395 2823 λέσιν,
2431 2760 2730 2831 ἡγεμονίας
2785 2759 2882 2813 καὶ
2937 2759 3037 2822 τὰς
3083 2761 3347 2830 μεγίστας
3391 2763 3693 2834 προνομίας
3723 2763 3824 2816 δω-

2227 2851 2508 2922 ρούμενος.
2557 2853 2652 2906 Ἐκ
2685 2852 2750 2922 δὴ
2799 2851 3002 2905 τούτων
3034 2851 3378 2923 ὁρμώμενος,
3425 2853 3580 2907 πόλιν
3622 2855 3719 2925 μὲν
3761 2855 3822 2908 οὐ

2228 2943 2356 3014 μίαν
2383 2944 2502 2996 ούδέ
2533 2943 2738 3016 χώραν,
2764 2944 2891 3007 ὅλας
2918 2943 2974 2996 δὲ
3004 2944 3172 3017 ἄρδην
3204 2946 3302 3008 τὰς
3336 2946 3427 2998 ὑπ’
3460 2945 3624 2998 αὑτὸν
3651 2949 3824 3017 ἐπαρ-

2225 3034 2368 3105 χίας,
2409 3035 2615 3105 χρυσοῦ
2651 3037 2746 3089 καὶ
2779 3035 3027 3106 ἀργύρου
3067 3037 3162 3090 καὶ
3195 3037 3497 3108 χρημάτων
3528 3039 3824 3109 ἀμυθήτων

2224 3125 2593 3196 είσπράξεσιν,
2607 3124 2935 3196 ἐπισκήψεσί
2950 3125 3059 3197 (75)
3079 3143 3136 3178 τε
3154 3128 3502 3198 βαρυτάταις,
3522 3128 3617 3181 καὶ
3637 3129 3822 3182 άλλως

2226 3215 2414 3280 ἄλλαις
2447 3217 2765 3280 καταδίκαις
2811 3216 2935 3287 ηνία
2982 3218 3075 3271 καὶ
3122 3217 3435 3282 κατεπίεζε.
3470 3220 3590 3274 Τῶν
3621 3237 3681 3288 γε
3715 3220 3821 3291 μὴν

2225 3308 2475 3381 εὐπόρων
2521 3309 2621 3373 τὰς
2676 3310 2740 3362 ἐκ
2787 3309 3070 3380 προγόνων
3127 3312 3579 3383 περιποιηθείσας
3632 3313 3820 3375 οὐσίας

2226 3401 2649 3473 ἀφαιρούμενος,
2684 3402 2950 3467 πλούτους
2992 3405 3206 3477 ἁθρόως
3234 3405 3327 3458 καὶ
3364 3408 3574 3478 σωροὺς
3601 3407 3819 3478 χρημά-

2223 3507 2332 3544 των
2351 3494 2464 3554 τοῖς
2501 3493 2638 3563 ἀμφ’
2672 3493 2835 3545 αὑτὸν
2865 3492 3083 3558 κόλαξιν
3121 3495 3396 3566 ἐδωρεῖτο.
3435 3495 3728 3567 Παροινίας
3757 3512 3820 3564 γε

2227 3583 2334 3654 μὴν
2370 3584 2464 3636 καὶ
2513 3583 2686 3656 μέθης
2735 3587 2792 3648 ἐς
2839 3585 3108 3655 τοσαύτην
3160 3587 3361 3660 ἠνέχθη
3397 3589 3594 3659 φορὰν,
3646 3588 3723 3651 ὡς
3764 3591 3822 3641 ὲν

2220 3674 2334 3736 τοῖς
2381 3671 2564 3737 πότοις
2614 3674 2994 3745 παρακόπτειν
3056 3678 3151 3729 καὶ
3209 3677 3320 3730 τῶν
3365 3679 3579 3748 φρενῶν
3615 3679 3820 3750 παρεξ-

2227 3764 2744 3830 ίστασθαι,τοιαῦτά
2773 3784 2832 3820 τε
2872 3768 3139 3839 μεθύοντα
3169 3771 3550 3841 προστάττειν,
3574 3767 3660 3825 οἶα
3691 3775 3820 3825 ἀνα-

2223 3859 2471 3928 νήψαντα
2525 3859 2688 3913 αὑτὸν
2723 3863 2788 3932 τῇ
2845 3864 3106 3934 ὑστεραίᾳ
3151 3866 3232 3926 εἰς
3284 3865 3590 3935 μετάμελον
3631 3867 3815 3935 ἄγειν·

2223 3950 2536 4020 κραιπάλης
2580 3951 2637 4004 δέ
2679 3953 2774 4005 καὶ
2805 3955 3047 4018 ἀσωτίας
3085 3955 3272 4025 μηδενὶ
3305 3957 3624 4010 καταλιπὼν
3654 3959 3822 4029 ὑπερ-

2224 4041 2406 4112 ϐολὴν,
2437 4043 2638 4106 κακίας
2659 4045 2977 4100 διδάσκαλον
3003 4050 3114 4110 τοῖς
3144 4049 3281 4118 ἀμφ’
3312 4049 3475 4102 αὐτὸν
3509 4051 3735 4120 ἄρχουσί
3760 4069 3818 4103 τε

2224 4135 2319 4188 καὶ
2357 4135 2680 4206 ἀρχομένοις
2731 4139 2922 4191 ἑαυτὸν
2972 4139 3226 4209 καθίστη,
3261 4139 3595 4210 θρύπτεσθαι
3631 4145 3730 4212 μὲν
3760 4139 3820 4194 τό

2225 4226 2619 4297 στρατιωτικὸν
2674 4228 2763 4282 διὰ
2811 4231 2994 4299 πάσης
3038 4232 3248 4302 τρυφῆς
3289 4249 3349 4284 τε
3393 4233 3486 4285 καὶ
3525 4232 3816 4290 ἀκολασίας

2224 4319 2455 4387 ἐνάγων,
2501 4321 2778 4390 ἡγεμόνας
2807 4321 2861 4373 δέ
2902 4323 2998 4374 καὶ
3033 4323 3514 4393 στρατοπεδάρχας
3545 4324 3610 4376 δι’
3641 4325 3815 4389 ἁρπα-

2224 4411 2336 4478 γῶν
2365 4412 2458 4463 καὶ
2485 4410 2801 4476 πλεονεξίας
2819 4397 3017 4485 χωρεῖν
3037 4415 3177 4468 κατὰ
3201 4415 3307 4467 τῶν
3323 4417 3598 4486 ὑπηκόων,
3625 4426 3811 4480 μονον-

531 4517 714 4562 autem
745 4510 810 4562 ad
845 4509 1030 4564 luxum
1068 4526 1132 4565 ac
1173 4511 1398 4566 delicias
1421 4514 1635 4581 attinet,
1676 4515 1728 4569 in
1773 4530 1838 4570 eo
1867 4517 1999 4572 nulli
2031 4534 2118 4571 sc-

2226 4502 2340 4571 ουχὶ
2377 4505 2879 4574 συντυραννοῦντας
2934 4505 3085 4576 αύτῷ
3129 4507 3591 4577 προκαλούμενος.
3627 4502 3691 4554 Τί
3735 4501 3817 4554 δεῖ

532 4601 760 4668 cundus;
793 4603 1052 4672 nequitia:
1087 4603 1266 4659 omnis
1296 4608 1616 4675 magTstrum
1641 4622 1700 4663 se
1733 4616 1846 4663 tum
1879 4611 2114 4666 rectori-

603 4781 715 4852 (73)
737 4784 880 4851 Hap‘
899 4778 1297 4856 ίαὺτῷίτιμῆς.
1327 4785 1694 4844 Scribendum
1725 4799 1808 4846 est
1839 4789 2027 4856 αὐτοῦ,
2054 4803 2114 4848 ιιι

530 4853 597 4904 ad
631 4867 784 4905 oram
812 4855 1017 4906 codicis
1051 4853 1287 4911 Tui-ueni
1321 4873 1386 4912 ac
1418 4857 1600 4916 Μογωὶ
1628 4862 1973 4918 emendatur.
2012 4853 2114 4919 Se-

531 4922 719 4993 quitur
745 4924 890 4993 enim
917 4924 1232 4993 ψοφοδεοῦς,
1262 4939 1366 4980 etc.

604 4991 716 5069 (7i)
753 4991 1045 5061 Ἑκάστής
1093 4996 1384 5069 ἐπαρχίας
1435 4998 1733 5069 ἀρχιερέα.
1790 4999 2117 5062 Sacerdotes

533 5062 875 5140 vocabantur
923 5079 952 5117 a
993 5062 1419 5140 gentilibus,qni
1461 5062 1626 5126 [otius
1658 5075 1954 5140 provinciae
1980 5085 2117 5128 teni-

533 5131 618 5210 pla
645 5146 709 5184 ac
737 5133 957 5186 delubra
994 5135 1096 5210 sub
1121 5131 1481 5210 dispositione
1513 5155 1612 5194 sua
1649 5131 1926 5198 habebant
1969 5163 1982 5198 :
2018 5143 2116 5199 ﬂa-

535 5205 713 5284 mines
738 5216 890 5265 vero,
920 5205 1011 5273 qui
1059 5205 1109 5257 in
1157 5208 1389 5284 singulis
1431 5211 1646 5284 oppidis
1681 5227 1746 5265 ac
1775 5215 2115 5284 municipiis

533 5270 757 5351 deorum
805 5270 988 5351 sacra.
1017 5270 1419 5351 procurabant.
1445 5270 1517 5333 u't'
1547 5279 1876 5350 jampridem
1927 5270 2111 5339 not'avi

532 5342 600 5392 ad
633 5342 933 5421 lih_._xx_vn_t
961 5342 1505 5421 Amm._Marcellini.
1543 5342 1686 5406 Cave
1721 5369 1886 5421 porro
1921 5357 2116 5410 existi-

533 5425 676 5492 mes,
705 5412 1060 5492 Maximinum
1093 5417 1337 5492 primum
1358 5421 1674 5492 sacerdotes
1708 5412 2005 5492 provincia:
2032 5427 2113 5480 in-

532 5484 793 5536 stituisse.
826 5485 924 5538 Diu
955 5486 1100 5538 enim
1127 5497 1252 5539 ante
1286 5487 1432 5541 illum
1462 5484 1831 5547 l‘ucrunL'Sed
1863 5494 2112 5549 Maximi-

537 5566 637 5631 nos
661 5567 853 5631 eorum
889 5557 1156 5609 honorem
1185 5559 1368 5631 auxit,
1392 5560 1579 5614 addito
1607 5563 1714 5617 illis
1743 5564 2021 5631 satellitio,
2056 5567 2107 5620 id

533 5630 620 5673 est
661 5621 942 5694 lictoribus
982 5635 1036 5679 et
1074 5621 1502 5694 apparitoribus.
1544 5632 1890 5688 Creabantur
1921 5621 2105 5689 autem

537 5693 850 5772 sacerdotes
879 5693 1219 5772 ex_curpore
1259 5698 1580 5766 Curialium,
1615 5703 1648 5755 ii
1705 5704 1800 5772 qui
1848 5706 2104 5761 omnibus

539 5762 852 5819 tnuneribus
885 5762 1115 5835 publicis
1141 5784 1262 5823 eum
1290 5786 1505 5826 summa
1529 5762 1687 5828 laude
1717 5762 1844 5830 ante
1883 5775 2105 5844 perfuris

2224 4594 2321 4656 τέις
2349 4595 2618 4664 ἐμπαθεῖς
2651 4595 2744 4650 τοῦ
2777 4597 2970 4670 ἀνδρὸς
3004 4600 3392 4669 αἰσχρουργίας
3419 4595 3812 4666 μνημονεύεινῖ

2225 4797 2294 4868 cti
2327 4807 2534 4854 essent.
2588 4799 2877 4867 Tantaque
2927 4800 3042 4854 haec
3083 4797 3326 4868 dignitas
3377 4796 3706 4862 habebatur,
3753 4805 3812 4850 nt

2225 4866 2372 4936 ipsos
2397 4872 2748 4937 magistratus
2773 4866 2867 4923 Seu
2899 4866 3217 4924 duumviros
3243 4871 3294 4922 in
3324 4869 3495 4937 gradu
3527 4869 3814 4922 antecede-

2231 4949 2374 5010 rcnt.
2410 4939 2575 4993 Certe
2606 4942 2659 4993 in
2695 4943 2866 5009 gestis
2915 4939 3256 5010 purgationis
3301 4938 3603 5010 (.aacjliani,
3632 4953 3696 4993 ea
3732 4938 3815 5010 di-

2224 5008 2408 5076 gnitas
2433 5019 2560 5063 ante
2587 5007 2992 5064 duuiuviratuin
3027 5007 3362 5064 nominatur.
3410 5008 3502 5062 Sic
3549 5011 3692 5061 enim
3735 5007 3810 5060 le-

2223 5079 2419 5144 gitur:
2456 5097 2474 5130 ι
2518 5079 2572 5134 ln
2617 5079 2740 5145 jure
2770 5083 2909 5150 apud
2950 5080 3231 5132 Aurelium
3270 5079 3559 5150 Didymum
3618 5078 3815 5150 Spero-

2221 5157 2369 5219 ctum
2402 5151 2746 5204 sacerdotem
2781 5148 2930 5205 Jovis
2966 5151 3158 5219 optitni
3189 5148 3434 5215 maximi,
3465 5149 3810 5219 duumvirum

2221 5218 2520 5290 splendida!
2557 5221 2785 5274 coloniae
2814 5217 3324 5290 Calliaginensinm.
3361 5237 3380 5270 ι
3427 5219 3558 5272 Vide
3592 5233 3712 5290 cap.
3751 5217 3808 5278 4,

2222 5287 2318 5342 lib.
2352 5303 2428 5343 Ix.
2470 5290 2534 5344 lli
2574 5293 2888 5345 sacerdotes
2917 5293 2967 5344 in
2998 5287 3309 5344 secretaria
3344 5290 3585 5358 judicum
3630 5289 3811 5357 ingre-

2221 5359 2401 5412 diendi
2435 5372 2491 5414 et
2525 5377 2650 5414 cum
2689 5361 2752 5413 iis
2801 5362 3026 5414 sedendi
3067 5360 3158 5426 jus
3196 5360 3490 5422 habebant.
3545 5371 3605 5414 ut
3660 5368 3812 5428 patet

2223 5443 2290 5482 ex
2314 5429 2469 5502 {ictis
2495 5430 2767 5502 Theodori
2793 5432 3050 5502 martyris
3079 5431 3220 5502 dicit
3257 5430 3595 5502 Novembris.

2292 5499 2408 5570 (75)
2492 5499 3258 5568 ’Emcxﬁgkemfhinsculus
3328 5501 3484 5552 vertit
3558 5499 3812 5564 statutis;

2217 5567 2857 5640 Chrislopltorsonus’mu
2869 5571 3042 5625 ndatis
3076 5571 3433 5640 gravissimis:
3450 5570 3651 5624 Eadem
3675 5584 3811 5621 voce

2218 5640 2397 5693 utitur
2441 5639 2713 5704 Eusebius
2755 5642 2807 5694 in
2846 5642 2941 5694 lib.
2994 5658 3024 5695 ι
3073 5640 3332 5694 Historia:
3388 5639 3804 5695 Ecclesiasiicm.

2213 5725 2338 5782 cap.
2375 5711 2524 5782 8,7gde
2563 5711 2774 5782 Licinio
2814 5711 3078 5782 loquens:
3119 5709 3478 5782 Ἐπισκήψεις
3511 5728 3571 5764 τε
3606 5710 3807 5782 μυρίας

2217 5780 2356 5836 κατά
2388 5780 2494 5836 τῶν
2523 5780 2850 5856 ὑποχ;ιρίων
2883 5779 3052 5835 ἐθνῶν
3073 5782 3307 5836 ἐπενόει.
