4220 6432
572 372 672 429 ’ῑ87

1280 372 1548 430 EUSEBII
1586 374 2066 434 CIESARIENSIS
2103 380 2252 435 0P1".
2297 379 2555 437 PARS'l.
2594 412 2662 421 —
2704 379 3091 438 HISTORICA.

3718 382 3823 440 788

572 505 680 545 ma.
708 490 832 546 Haec
857 480 1003 545 en'im
1039 490 1198 546 simul
1230 501 1395 562 atque
1430 508 1525 549 eos
1551 494 1745 562 quibus
1779 506 2045 566 tyrannus
2075 498 2141 551 ad

2244 496 2410 552 νοῦσά
2436 517 2496 552 τε
2529 499 2886 571 παραχρῆμα,
2932 498 3022 552 τὸν
3068 497 3165 567 μὲν
3198 496 3390 568 νεκρὸν
3426 498 3536 560 τοῖς
3566 512 3822 568 προαγω-

569 582 878 654 hujusmodi
912 583 1113 655 ﬂagitia
1146 586 1410 641 ministris
1459 588 1733 651 utebatur,
1783 590 2046 659 irrupisse
2082 590 2136 644 in

569 674 785 728 domum
813 689 962 729 suam
1005 677 1287 745 comperit,
1314 689 1369 732 et
1398 680 1654 735 maritum
1685 696 1841 735 suum
1872 681 1964 750 qui
1995 697 2138 751 prte-

568 762 833 818 fecturam
869 763 1130 820 Romanae
1163 767 1314 820 urbis
1344 769 1587 837 gerebat,
1617 773 1973 825 conterritum
2011 787 2138 840 per-

568 857 782 912 misisse
806 858 1132 914 satellitibus
1154 869 1210 913 ut
1236 859 1405 927 ipsam
1431 862 1763 918 abducerent
1797 863 1937 936 (erat
1957 876 2138 919 autem

563 948 921 1017 Christiana),
959 949 1125 1005 breve
1151 952 1407 1019 temporis
1438 954 1671 1021 spatium
1700 955 1852 1022 quasi
1883 955 1947 1007 ad
1976 969 2138 1009 exor-

563 1039 804 1095 nandum
833 1054 1032 1109 corpus
1057 1042 1284 1094 concedi
1322 1043 1424 1097 sibi
1453 1045 1767 1112 postulavit.
1798 1044 1922 1100 Post
1949 1047 2060 1101 haec
2086 1047 2139 1102 in

565 1124 875 1181 cubiculum
902 1126 1172 1197 ingressa,
1200 1130 1370 1185 solam
1396 1145 1455 1184 se
1486 1132 1730 1186 relictam
1758 1148 1880 1189 esse
1900 1136 2133 1190 circum-

565 1215 822 1285 spiciens,
871 1218 1107 1288 gladium
1162 1222 1373 1290 pectori
1424 1222 1720 1297 immergit.
1766 1226 1885 1291 Quo
1918 1226 2142 1281 vulnere

2244 594 2361 659 γοῖς
2396 592 2816 672 καταλιμπάνει,
2864 592 3045 662 ἔργοις
3082 590 3125 643 δ“
3162 590 3343 652 αὐτοῖς
3389 588 3606 659 ἁπάσης
3639 590 3822 658 φωνῆς

2244 682 2653 753 γεγωνοτὲροις,
2688 683 2771 735 ὅτι
2807 681 2964 751 μόνον
3000 679 3297 751 χρημάτων
3323 677 3432 749 (80)
3462 676 3729 749 ἀήττητόν
3764 693 3823 728 τε

2243 775 2338 827 καὶ
2361 774 2662 846 ἀνώλεθρον
2706 775 2739 845 ἡ
2789 773 2936 845 παρὰ
2966 773 3312 843 Χριστιανοῖς
3358 770 3525 841 ἀρετὴ
3558 769 3822 838 πέφυκεν,

2242 868 2325 930 εὶς
2366 866 2573 929 πάντας
2611 864 2933 937 ἀνθρώπους
2967 862 3095 927 τούς
3119 880 3179 915 τε
3230 860 3327 915 ν’ύν
3366 861 3524 924 ὄντας
3558 860 3654 915 καὶ
3696 861 3825 922 τοὺς

2248 958 2388 1030 μετὰ
2434 959 2607 1013 ταῦτα
2654 958 3049 1030 γενησομένους
3091 958 3338 1028 ἐξέφηνε,
3390 955 3638 1027 Τοσαύτη
3690 955 3825 1026 δῆτα

2243 1048 2443 1111 κακίας
2464 1048 2603 1119 φορὰ
2633 1047 2723 1117 ὑφ’
2743 1047 2839 1101 ἕνα
2862 1047 3066 1100 καὶτὸν
3094 1047 3256 1098 αὐτὸν
3286 1043 3584 1115 συνηνέχθη
3610 1045 3823 1115 καιρὸν,

2245 1139 2385 1211 πρὸς
2408 1139 2516 1192 τῶν
2544 1138 2635 1191 δύο
2660 1139 2938 1210 τυράννων
2965 1136 3228 1208 ἀνατολὴν
3257 1137 3350 1189 καὶ
3374 1135 3526 1189 δύσιν
3551 1133 3824 1205 διειληφό-

2243 1247 2352 1283 των
2386 1228 2844 1301 κατεργασθεῖσα.
2878 1228 2975 1292 Τίς
3000 1228 3045 1281 δ’
3075 1227 3141 1281 ἂν
3162 1227 3261 1299 τὴν
3302 1226 3409 1279 τῶν
3435 1224 3705 1278 τοσούτων
3742 1226 3824 1280 διε

563 1311 808 1380 protinus
832 1313 1164 1377 exanimata,
1191 1312 1427 1368 cadaver
1473 1316 1691 1385 quidem
1722 1319 2143 1386 perductoribus

2248 1319 2621 1391 ερευνὼμενος
2649 1319 2852 1385 αἰτίαν,
2879 1317 3147 1382 διστάξαι,
3177 1317 3252 1389 μὴ
3271 1317 3392 1387 οὐχὶ
3414 1314 3507 1369 τὸν
3522 1315 3644 1369 καθ’
3666 1318 3699 1386 ὴ
3708 1315 3826 1386 μῶν

564 1403 892 1474 dereliquit:
947 1407 1066 1475 ipso
1109 1414 1289 1461 autem
1324 1407 1487 1472 facto,
1522 1411 1663 1478 quod
1699 1409 1943 1479 profecto
1986 1412 2134 1466 omni

2239 1410 2478 1480 διωγμὸν
2504 1409 2918 1481 ἀποφήνασθαις
2955 1411 3084 1462 Ὅτε
3111 1425 3175 1477 γε
3212 1408 3444 1480 μάλιστα
3473 1408 3534 1461 οὐ
3561 1407 3825 1480 πρότερον

565 1494 717 1556 vocis
746 1509 882 1555 sono
915 1496 1116 1559 clarius
1145 1499 1379 1563 intonat,
1414 1500 1685 1557 universis
1714 1501 1804 1569 qui
1840 1517 1986 1557 nunc
2014 1512 2139 1557 sunt

2244 1501 2313 1553 τὰ
2340 1501 2438 1571 τῆς
2482 1500 2707 1571 τοσῆσδε
2743 1500 2988 1554 πέπαυτο
3019 1499 3354 1570 συγχύσεως,
3391 1498 3423 1570 ἥ
3468 1500 3826 1570 Χριστιανοὺς

563 1594 617 1639 et
643 1586 732 1654 qui
782 1588 1011 1656 posthac
1039 1599 1203 1644 erunt
1236 1590 1543 1645 hominibus
1574 1593 1933 1660 denuntiavit,
1970 1593 2138 1647 solam

2248 1591 2316 1645 τὰ
2344 1591 2443 1660 τῆς
2470 1591 2781 1662 παρρησίας
2807 1589 3121 1644 ἀπολαϐεῖν.

564 1678 1001 1736 Christianorum
1028 1682 1285 1736 virtutem
1339 1684 1597 1737 invictam
1621 1694 1675 1738 et
1720 1685 2194 1755 inexpugnabilem
2242 1701 2341 1739 nrc
2372 1684 2531 1737 morti
2570 1685 2876 1737 obnoxiam
2911 1696 3051 1738 esse.
3102 1680 3251 1736 Talis
3285 1693 3350 1734 ac
3381 1686 3528 1732 tanta
3571 1677 3828 1746 nequitia:

564 1771 720 1839 copia
756 1787 864 1826 uno
897 1772 1200 1841 eodemque
1245 1782 1487 1842 tempore
1526 1776 1870 1843 exuberavit,
1914 1776 2231 1832 auctoribus
2282 1774 2495 1830 duobus
2535 1775 2803 1845 tyrannis,
2854 1786 3086 1844 quorum
3128 1770 3272 1843 alter
3322 1767 3623 1834 Orientem,
3688 1767 3828 1822 alter

564 1861 913 1919 Occidentem
964 1877 1344 1933 occupaverat.
1382 1867 1520 1933 Quis
1554 1880 1637 1923 est
1686 1885 1852 1940 porro
1913 1873 2005 1941 qui
2046 1887 2168 1926 cum
2230 1879 2507 1924 tantorum
2561 1869 2824 1923 malorum
2877 1882 3099 1923 causam
3145 1866 3506 1937 inquisiverit,
3557 1866 3829 1919 aﬂ‘irmare

510 2002 519 2012 .
566 1956 1244 2027 tlubitet,persecutionem
1275 1960 1536 2016 adversus
1568 1978 1666 2017 nos
1688 1966 2019 2019 concitatam
2075 1961 2271 2017 horum
2320 1962 2561 2018 omnium
2616 1962 2821 2016 fontem
2876 1962 3175 2020 exstitisse,
3218 1974 3339 2012 cum
3366 1960 3664 2029 praesertim
3692 1972 3830 2011 uou-

565 2052 671 2109 nisi
699 2061 822 2123 post
849 2055 1115 2110 redditam
1143 2054 1471 2110 Christianis
1498 2057 1828 2128 libertatem,
1854 2070 1999 2115 tanta
2033 2058 2345 2129 reipublicae
2376 2057 2718 2127 perturbatio
2744 2058 2905 2109 [litem
2937 2054 3250 2123 acceperit?

1164 2146 1392 2202 CAPUT
1430 2146 1544 2203 XV.

848 2238 924 2295 De
951 2239 1031 2306 (iis
1064 2255 1182 2309 qua'
1212 2241 1493 2310 gentilibus
1523 2243 1853 2300 acciderunt.

632 2390 771 2462 Toto
804 2406 956 2457 certe
1004 2398 1410 2467 persecutionis
1457 2399 1747 2463 decennio,
1783 2416 2057 2472 nunquam
2107 2419 2136 2457 a

510 2518 517 2527 ο
559 2485 766 2555 mutuis
814 2486 959 2541 inter
1000 2489 1149 2556 ipsos
1184 2489 1418 2555 insidiis,
1471 2499 1526 2546 et
1576 2491 1644 2545 ab
1683 2492 1943 2546 intestino
1997 2493 2139 2549 bello

560 2590 830 2635 cessatum
865 2591 966 2636 est.
995 2581 1073 2635 Ac
1102 2597 1254 2636 mare
1278 2582 1496 2651 quidem
1529 2584 1909 2653 navigantibus
1938 2587 2140 2655 imper-

560 2674 709 2727 vium
746 2683 885 2729 erat.
930 2673 994 2727 Et
1023 2675 1335 2744 quicunque
1367 2675 1619 2730 alicunde
1648 2678 1944 2746 solverant,
1975 2679 2140 2752 314

559 2766 813 2832 protinus
840 2766 978 2836 capti
1011 2768 1350 2836 gravissimis
1376 2769 1695 2824 verberibus
1740 2770 2137 2838 adiciebantur,

559 2863 617 2920 et
646 2857 931 2910 tormentis
971 2866 1135 2926 atque
1166 2858 1383 2928 ungulis
1420 2858 1589 2911 latera
1632 2860 1993 2926 sulcantibus.
2022 2881 2137 2920 om-

561 2947 728 3017 nique
750 2949 1086 3002 cruciatuum
1115 2964 1315 3019 genere
1336 2952 1832 3019 iuterrogabantur,
1866 2966 2047 3010 utrum
2070 2959 2137 3012 ab

459 3030 465 3037 ’
563 3037 811 3106 hostibus
854 3039 1136 3095 venirent:
1168 3043 1498 3113 tandemque
1535 3046 1718 3101 crucis
1752 3047 2018 3116 supplicio
2047 3059 2140 3102 aut

562 3130 818 3185 incendio
881 3131 1242 3188 necabantur.
1268 3133 1387 3188 Jam
1423 3136 1596 3208 clypei
1629 3146 1683 3194 et
1718 3139 1920 3202 loricae,
1949 3141 2055 3195 tela
2088 3151 2142 3195 et

561 3220 756 3284 hastae,
781 3221 1000 3292 aliaque
1031 3220 1298 3288 ejusmodi
1326 3224 1590 3280 bellorum
1623 3229 1982 3282 instrumenta
2018 3231 2142 3285 ubi-

556 3326 665 3382 que
705 3316 1187 3384 comparabantur.
1236 3316 1318 3370 Ad
1357 3317 1474 3372 hzec
1505 3318 1762 3376 triremes
1796 3331 1851 3375 et
1879 3336 2034 3376 arma
2071 3323 2138 3375 ad

560 3406 781 3461 navales
804 3421 1008 3478 pugnas
1039 3412 1443 3466 accommodata
1473 3413 1670 3481 passim
1710 3414 2137 3470 instruebantur.

2173 2159 2220 2215 Β

2773 2143 3164 2201 ΚΕΦΑΛΑΙΟΝ
3194 2145 3294 2199 ῘΕ’.

2465 2240 2607 2310 Περὶ
2641 2241 2760 2294 τῶν
2791 2240 2915 2306 τοῖς
2952 2238 3125 2310 ἐκτὸς
3144 2235 3607 2310 συμβεϐηκότων

2736 2298 2970 2382 (Νἰρλῖ.
3004 2308 3070 2362 Ε.
3101 2298 3207 2373 ⁷νιι,
3224 2298 3349 2369 7'22)-

2310 2410 2409 2467 Διὰ
2446 2402 2651 2468 παντὸς
2674 2403 2739 2472 γέ
2759 2420 2841 2457 τοι
2870 2400 2963 2456 τοῦ
2989 2400 3131 2454 κατὰ
3151 2399 3243 2452 τὸν
3269 2397 3509 2469 διωγμὸν
3534 2396 3825 2460 δεκαὲτους

2238 2507 2433 2579 χρόνου
2464 2500 2599 2572 (Si),
2634 2496 2746 2550 τῶν
2777 2497 2857 2559 εἰς
2887 2493 3183 2563 ἐπιϐουλὴν
3211 2491 3307 2545 καὶ
3332 2489 3565 2561 πόλεμον
3592 2489 3683 2542 τὸν
3708 2490 3829 2542 κατ’

2238 2589 2509 2661 ἀλλήλων,
2559 2585 2715 2639 οὐδὲν
2768 2583 2970 2647 αὐτοὺς
3012 2580 3368 2635 διαλέλοιπεν.
3421 2579 3683 2633 ’Δπλωτα
3730 2580 3829 2649 μὲν

2239 2683 2349 2754 γὰρ
2384 2681 2453 2736 τὰ
2498 2677 2641 2733 κατὰ
2674 2675 2946 2731 θάλατταν
2993 2670 3082 2745 ἦν,
3130 2673 3240 2726 οὐδ’
3292 2670 3420 2742 ἐξῆν
3452 2671 3619 2724 ποθεν
3660 2688 3828 2725 κατα-

2243 2774 2600 2834 πλεύσαντας,
2659 2768 2734 2841 μὴ
2785 2768 2906 2838 οὐχὶ
2950 2767 3157 2827 πάσαις
3214 2764 3423 2827 αἰκίαις
3488 2762 3829 2832 ὑπάγεσθαι,

2242 2860 2705 2934 στρεϐλουμένους
2751 2857 2849 2911 καὶ
2884 2855 2984 2920 τὰς
3029 2853 3269 2926 πλευρὰς
3312 2852 3827 2923 καταξαινομένους,

2243 2955 2494 3027 βασάνοις
2516 2969 2578 3005 τε
2604 2950 2909 3013 παντοίαις,
2944 2947 3018 3020 μὴ
3046 2948 3157 3019 ἄρα
3185 2947 3335 3020 παρὰ
3354 2945 3464 2999 τῶν
3488 2946 3554 2999 δι’
3583 2944 3831 3007 ἐναντίας

2240 3046 2451 3119 ἐχθρῶν
2493 3045 2701 3117 ἥκοιεν,
2748 3042 3228 3114 ἀνακρινομένους,
3263 3040 3358 3098 καὶ
3394 3038 3545 3102 τέλος
3580 3040 3831 3109 σταυροῖς

2239 3141 2273 3211 ἢ
2308 3141 2376 3210 τῇ
2400 3137 2490 3192 διὰ
2519 3136 2688 3208 πυρὸς
2722 3133 3099 3204 ὐπαγομένους
3144 3132 3385 3186 κολάσει.
3430 3130 3694 3184 Ἀσπίδων
3737 3131 3831 3183 ἐπὶ

2240 3231 2451 3294 τούτοις
2479 3229 2575 3283 καὶ
2607 3227 2873 3300 θωράκων
2906 3227 3274 3297 παρασκευαὶ,
3312 3223 3481 3293 βελῶν
3520 3240 3579 3276 τε
3622 3224 3715 3277 καὶ
3746 3222 3829 3275 δο-

2244 3325 2441 3395 ράτων,
2467 3322 2563 3375 καὶ
2598 3320 2701 3390 τῆς
2748 3319 2914 3389 ἄλλης
2955 3318 3259 3388 πολεμικῆς
3291 3315 3648 3387 παρατάξεως
3687 3315 3828 3367 ἑτοιο

2246 3415 2467 3487 μασίαι·
2502 3416 2743 3485 τριήρων
2774 3429 2833 3465 τε
2866 3413 2960 3465 καὶ
2999 3410 3106 3465 τῶν
3139 3408 3284 3464 κατὰ
3315 3409 3625 3479 ναυμαχίαν
3650 3407 3831 3461 ὃπλων

561 3494 673 3573 Nec
702 3499 849 3554 aliud
880 3499 1177 3569 quidquam
1224 3514 1547 3571 exspectare
1583 3505 1956 3574 unusquisque
1988 3517 2139 3575 pote-

2242 3507 2383 3561 κατὰ
2405 3507 2584 3560 πάντα
2601 3503 3016 3574 συνεκροτοῦντο
3036 3502 3219 3569 τόπον,
3236 3502 3344 3555 οὐδ’
3369 3498 3437 3573 ἦν
3456 3502 3583 3556 ἄλλο
3601 3518 3654 3554 τι
3670 3500 3835 3555 παντί

560 3596 642 3651 rat
665 3604 827 3657 quam
857 3590 1222 3657 quotidianam
1252 3590 1492 3645 hostium
1522 3593 1910 3650 incursionem.
1944 3594 2139 3651 Fames

560 3688 685 3752 post
715 3680 830 3735 haec
860 3681 1139 3751 pestisque
1166 3685 1500 3754 supervenit,
1542 3687 1606 3740 de
1648 3687 1844 3763 quibus
1877 3702 1977 3744 suo
2021 3678 2141 3746 loco

562 3782 626 3847 ac
656 3777 899 3843 tempore
921 3771 1117 3845 dicturi
1146 3789 1353 3842 sumus.

1147 3957 1377 4020 CAPUT
1420 3959 1562 4014 XVI.

774 4046 847 4111 De
873 4048 1025 4106 rebus
1057 4051 1111 4103 iu
1139 4050 1403 4105 meliorem
1427 4062 1624 4110 statum
1653 4052 1929 4114 restitutis.

631 4130 759 4209 Haec
789 4149 916 4193 sunt
960 4154 1080 4208 quae
1112 4149 1224 4196 toto
1271 4143 1670 4212 persecutionis
1721 4143 1865 4198 illius
1898 4155 2141 4213 tempore

561 4230 929 4305 contigerunt.
960 4233 1092 4299 Qua:
1121 4235 1339 4303 quidem
1369 4234 1674 4304 persecutio
1705 4250 1808 4304 ope
1839 4235 2008 4292 divini
2036 4235 2143 4289 Nu-

562 4323 746 4400 minis,
774 4339 921 4393 anno
947 4325 1162 4380 tandem
1194 4326 1405 4380 decimo
1426 4342 1650 4396 prorsus
1676 4329 1862 4383 sedata
1892 4336 1995 4393 est,
2016 4343 2142 4389 cum

561 4420 684 4487 post
715 4423 968 4469 octavum
1002 4429 1204 4471 annum
1260 4416 1659 4487 aliquantisper
1707 4420 1988 4474 remittere
2027 4433 2141 4479 cte-

560 4505 748 4573 pisset.
787 4500 1083 4576 Postquam
1115 4508 1260 4561 enim
1296 4509 1537 4565 caelestis
1573 4512 1665 4567 Dei
1701 4513 1876 4582 gratia
1906 4512 2142 4583 benigno

561 4610 662 4650 nos
690 4611 752 4649 ac
777 4599 1014 4669 propitio
1042 4599 1189 4671 vultu
1217 4602 1476 4670 respexit,
1502 4613 1611 4656 tum
1637 4604 1913 4673 principes
1941 4603 2014 4657 illi
2040 4604 2139 4670 ipsi

2239 3613 2318 3666 τῳ
2351 3594 2676 3666 προσδοκᾷν,
2706 3592 2738 3664 ἢ
2767 3592 3041 3663 πολεμίων
3074 3592 3216 3646 κατὰ
3253 3593 3433 3644 πᾶσαν
3466 3591 3652 3661 ἔφοδον
3692 3591 3830 3661 ἠμέ-

2246 3701 2364 3755 ραν.
2396 3682 2619 3746 Τούτοις
2648 3683 2743 3736 καὶ.
2774 3685 2804 3736 ὁ
2840 3682 2978 3753 μετὰ
3028 3681 3202 3757 ταῦτα
3228 3681 3386 3752 λιμός
3416 3698 3479 3735 τε
3527 3680 3623 3735 καὶ
3646 3679 3833 3751 λοιμὸς

2249 3776 2724 3847 ὲγκατασκήπτει·
2777 3775 2905 3846 περὶ
2950 3767 3024 3828 ὧν
3060 3774 3199 3829 κατὰ
3236 3773 3429 3845 καιρὸν
3475 3773 3835 3844 ἱστορήσομεν

2246 3869 2314 3923 τὰ
2339 3867 2545 3921 δέοντα.

2770 3955 3172 4015 ΚΕΦΑΛΑΙΟΝ
3205 3956 3321 4023 ις’.

2248 4047 2390 4117 Περὶ
2442 4047 2555 4118 τῆς
2602 4047 2702 4102 ἐπὶ
2732 4046 2800 4118 td
2850 4047 3121 4118 κρεῖττον
3161 4045 3291 4118 τῶν
3341 4044 3699 4118 πραγμάτων
3724 4062 3830 4114 με·

2580 4116 2843 4186 ταϐολῆς
2872 4117 3012 4188 (Nic.
3045 4120 3116 4172 Η.
3145 4117 3213 4171 Ε.
3242 4132 3335 4180 vn,
3361 4117 3475 4185 ‘29.).

2322 4232 2539 4287 Τοιαῢτ’
2575 4227 2645 4303 ἦν
2670 4233 2739 4286 τὰ
2773 4232 2885 4303 (82)
2915 4231 3004 4285 διὰ
3030 4232 3232 4295 παντὸς
3264 4230 3358 4284 τοῦ
3387 4228 3628 4300 διωγμοῦ
3657 4244 3830 4295 παραι-

2250 4324 2533 4387 τετακότα,
2553 4323 2763 4392 δεκάτῳ
2795 4322 2892 4393 μὲν
2915 4321 3026 4375 ἔτει
3054 4322 3151 4375 σὺν
3181 4318 3315 4375 Θεοῦ
3345 4320 3528 4392 χάριτι
3558 4313 3830 4376 παντελῶς

2252 4414 2628 4487 πεπαυμένου,
2669 4415 2855 4486 λωψᾷν
2905 4431 2970 4483 γε
3016 4413 3121 4485 μὴν
3167 4413 3286 4485 μετ’
3319 4413 3502 4480 ὄγδοον
3529 4411 3645 4471 ἔτος
3672 4410 3829 4478 ἐναρ-

2254 4507 2507 4579 ξαμένου.
2555 4507 2643 4570 Ὦς
2679 4506 2785 4577 γὰρ
2828 4506 2928 4576 τὴν
2975 4507 3054 4569 εἰς
3090 4507 3239 4577 ἡμᾶς
3286 4502 3590 4572 ἐπισκοπὴν
3623 4499 3827 4570 εὐμενῆ

2252 4602 2347 4655 καὶ
2378 4601 2507 4655 ἵλεω
2534 4601 2568 4671 ἡ
2596 4598 2716 4653 θεία
2744 4600 2838 4653 καὶ
2866 4599 3117 4670 οὐράνιος
3143 4598 3301 4669 χάρις
3327 4594 3679 4654 ἐνεδείκνυτο,
3706 4591 3829 4645 τότε

562 4687 653 4754 qui
683 4691 1121 4755 persecutionem
1152 4693 1415 4747 adversus
1458 4703 1675 4749 nostros
1717 4694 1953 4769 primum
1995 4709 2144 4749 com-

2238 4694 2379 4764 δῆτα
2403 4693 2571 4746 καὶοὶ
2602 4690 2725 4745 καθ’
2758 4693 2907 4763 ἡμᾶς
2930 4691 3213 4763 ἄρχοντες,
3246 4686 3399 4741 αὐτοὶ
3430 4685 3495 4757 δὴ
3538 4686 3735 4739 ἐκεῖνοι
3763 4682 3829 4736 δι’

561 4813 735 4867 metu,
772 4813 867 4875 aut
890 4818 987 4873 per
1022 4805 1463 4874 desperationem
1505 4824 1696 4863 manus
1727 4809 1830 4863 sibi
1870 4808 2143 4875 violentas

561 4875 815 4945 atterunt.
844 4873 951 4933 Sed
984 4873 1201 4945 quoties
1225 4876 1389 4930 divini
1418 4877 1655 4944 Spiritus
1692 4881 1957 4934 instinctu
1989 4879 2055 4933 ad
2092 4882 2145 4935 id

561 4944 934 5018 impelluntur,
967 4946 1123 5018 quod
1152 4946 1429 5013 rarissime
1467 4948 1663 5001 accidit
1695 4966 1710 5003 ;
1739 4959 1868 5002 tunc
1904 4949 1958 5002 id
2008 4948 2146 5018 iaci:

561 5029 666 5089 nus
711 5014 971 5089 approbat
998 5015 1216 5089 quidem
1266 5031 1330 5069 ac
1375 5019 1603 5071 miratur
1646 5019 1911 5089 Ecclesia,
1946 5014 2147 5089 quippe

563 5081 684 5153 quae
711 5081 1125 5156 divino'Spiritu
1157 5100 1374 5153 semper
1401 5091 1606 5156 regitur
1637 5098 1693 5143 et
1735 5081 1999 5143 aillatur':
2038 5081 2144 5145 non

565 5167 746 5226 tamen
770 5153 1097 5226 imitandum?
1118 5158 1388 5226 proponit.
1425 5153 1555 5212 Vide
1583 5174 1703 5226 quae
1723 5160 1787 5212 de
1818 5162 1920 5214 hac
1948 5174 2005 5213 re
2025 5176 2150 5213 Sen-

562 5225 697 5297 serit
723 5225 1057 5297 Augustinus
1088 5225 1140 5297 in
1176 5225 1316 5297 libro
1352 5243 1363 5279 I
1390 5226 1466 5280 De
1507 5225 1719 5295 civitate
1753 5228 1874 5292 Dei,
1904 5245 2026 5297 cap.
2051 5228 2145 5283 26.

562 5294 734 5382 ξξοιτο
785 5295 923 5348 idem
970 5294 1240 5350 sebolium
1282 5295 1483 5367 legitur
1520 5294 1689 5353 etiam
1719 5299 1772 5354 in
1804 5301 1945 5355 libro
1974 5294 2145 5355 Savi-

566 5380 731 5419 illlllO.

633 5434 746 5505 (80)
775 5434 981 5489 Μόνον
1022 5435 1361 5506 χρημάτων.
1394 5435 1450 5491 1η
1478 5437 1573 5492 lib.
1600 5453 1615 5492 ι
1646 5437 1723 5495 De
1750 5440 1857 5494 vita
1885 5438 2145 5494 Constan-

562 5505 681 5582 tini.
705 5520 830 5575 cap.
858 5506 947 5582 28,
966 5506 1052 5561 ubi
1081 5505 1195 5561 haec
1215 5506 1449 5582 refertur
1476 5509 1726 5576 historia,
1758 5509 1951 5581 legitur
1988 5511 2149 5582 μόνον

564 5575 775 5657 χρῆμα,
796 5578 1034 5657 rectius,
1070 5587 1128 5657 ut
1158 5578 1376 5657 opinor".

655 5643 759 5721 8Q
795 5643 906 5698 Τοῦ
960 5645 1111 5721 κατὰ
1168 5643 1278 5721 ἑὸν
1329 5646 1587 5719 διωγμὸν
1621 5649 1943 5717 δεκαετοῦς
2002 5652 2144 5721 χρό-

563 5729 694 5781 νου.
726 5715 1041 5785 Persecutio
1071 5718 1237 5785 ccepit
1259 5731 1404 5773 anno
1425 5715 1627 5774 Christi
1645 5722 1769 5776 305.
1809 5715 2143 5777 Diocleiﬁttio

566 5786 736 5859 pedes
759 5793 814 5851 et
838 5783 1172 5863 Maximiano
1207 5788 1409 5873 septies
1445 5804 1587 5863 coss.
1633 5790 1807 5860 Desiit
1839 5807 1971 5862 vero
1999 5806 2142 5870 anuq

2174 4819 2222 4878 ι)
2248 4807 2452 4864 Christi
2488 4806 2772 4878 5l2,7tunc
2801 4823 2922 4862 cum
2949 4802 3516 4878 Constantinus,victo
3535 4799 3827 4878 Maxentio,

2254 4878 2468 4954 litteras
2492 4877 2941 4954 ad_Maximinum
2992 4874 3648 4954 Orientisimperatore‘m
3682 4871 3831 4954 dedit

2255 4964 2352 5018 pro
2386 4947 2824 5018 Christianorum
2872 4948 3145 5009 libertate,
3203 4952 3263 4998 ut
3315 4940 3830 5018 scribit_Eusebius

2255 5012 2308 5085 in
2339 5018 2477 5072 libro
2510 5033 2588 5093 ix.
2618 5017 2844 5093 Duravit
2871 5018 3036 5093 igitur
3062 5014 3369 5093 persecutio
3397 5028 3492 5081 per
3513 5012 3701 5093 decem
3726 5026 3831 5093 3n-

2255 5080 2377 5152 nos,
2417 5098 2476 5141 ut
2522 5080 2608 5142 hic
2633 5089 2853 5142 dicitur.
2890 5080 3079 5156 Ktque
3106 5086 3178 5139 ita
3220 5085 3273 5137 in
3313 5080 3699 5156 manuscriptis
3725 5080 3832 5134 Eu-

2255 5157 2695 5233 sebiiphronicis
2719 5153 3000 5233 notantur
3025 5157 3150 5233 anni
3176 5153 3829 5233 persecutionis,.ut__mo-

2256 5231 2373 5282 nuit
2401 5228 2692 5285 P0ntaeus.
2717 5226 2831 5281 Non
2873 5239 3021 5282 recte
3045 5221 3206 5294 igitur
3237 5222 3576 5292 Epiphanius
3607 5222 3660 5274 in
3691 5221 3830 5274 libro

2254 5298 2333 5351 De
2362 5299 2683 5372 ponderibus
2713 5306 2763 5351 et
2790 5298 3076 5372 ηιςῃευςξι,
3107 5297 3252 5355 hanc
3284 5294 3732 5372 persecutionem.
3752 5307 3828 5345 xu

2253 5361 2412 5424 anuis
2460 5371 2689 5423 durasse
2732 5368 2945 5424 scribit.
2976 5366 3112 5421 Vide
3152 5361 3316 5432 caput
3346 5361 3436 5427 16,
3477 5363 3568 5418 ubi
3616 5361 3832 5416 decimo

2256 5438 2777 5513 annosedataesse
2800 5440 3002 5513 dicitur
3029 5436 3367 5513 persecutio._
3450 5502 3463 5513 _
3545 5506 3557 5513 _
3687 5500 3699 5513 '

2327 5510 2441 5579 (82)
2471 5508 2696 5562 Τοιαῦτ’
2738 5504 2815 5577 ἦν
2843 5509 2941 5579 τά.
2975 5502 3059 5561 Ab
3106 5505 3190 5559 his
3218 5505 3401 5579 verbis
3449 5502 3830 5579 inchoavimus

2252 5572 2546 5654 caput'lii,
2575 5579 2717 5654 Μαι.
2742 5572 2796 5632 et
2825 5578 3182 5654 Fuketianum
3213 5576 3368 5654 codd.
3403 5572 3595 5654 secuti.
3774 5572 3829 5625 in

2254 5641 2443 5724 codice
2495 5641 2753 5724 Medicam
2794 5663 2954 5724 quem
3013 5648 3067 5701 in
3118 5642 3523 5724 distinguendis
3562 5641 3832 5724 capitibus

2252 5722 2500 5789 sequitur
2516 5721 2653 5777 Rob.
2679 5713 3005 5791 Stephanus,
3024 5716 3223 5792 omissa
3251 5716 3340 5771 hic
3354 5722 3440 5769 est
3464 5714 3702 5782 capitum
3727 5713 3833 5766 διες

2252 5792 2462 5863 tinctio.
2791 5804 2797 5811 '
