  <div class='ocr_page' id='page_1' title='image "/cluster/home/n/w/nwhite01/storage/ocr_20150623/20:no.2/coo.31924054873009/409.png"; bbox 0 0 4220 6402; ppageno 0'>
   <div class='ocr_carea' id='block_1_1' title="bbox 575 298 679 390">
    <p class='ocr_par' dir='ltr' id='par_1_1' title="bbox 575 298 679 390">
     <span class='ocr_line' id='line_1_1' title="bbox 575 298 679 390; baseline 0.038 -3"><span class='ocrx_word' id='word_1_1' title='bbox 575 298 679 390; x_wconf 67' lang='grc' dir='ltr'>τόδ</span> 
     </span>
    </p>
   </div>
   <div class='ocr_carea' id='block_1_2' title="bbox 1278 318 3084 383">
    <p class='ocr_par' dir='ltr' id='par_1_2' title="bbox 1278 318 3084 383">
     <span class='ocr_line' id='line_1_2' title="bbox 1278 318 3084 383; baseline -0.005 0"><span class='ocrx_word' id='word_1_2' title='bbox 1278 326 1548 383; x_wconf 81' lang='lat' dir='ltr'><strong>EUSEBII</strong></span> <span class='ocrx_word' id='word_1_3' title='bbox 1585 322 2061 382; x_wconf 69' lang='lat' dir='ltr'><strong>CESABIENSIS</strong></span> <span class='ocrx_word' id='word_1_4' title='bbox 2098 322 2248 379; x_wconf 86' lang='lat' dir='ltr'><strong>OPP.</strong></span> <span class='ocrx_word' id='word_1_5' title='bbox 2286 321 2468 378; x_wconf 80' lang='lat' dir='ltr'><strong>PARS</strong></span> <span class='ocrx_word' id='word_1_6' title='bbox 2508 322 2548 376; x_wconf 88' lang='grc' dir='ltr'>Ι.</span> <span class='ocrx_word' id='word_1_7' title='bbox 2589 348 2661 362; x_wconf 91' lang='lat'><strong>—</strong></span> <span class='ocrx_word' id='word_1_8' title='bbox 2696 318 3084 376; x_wconf 80' lang='lat' dir='ltr'><strong>HISTORICA.</strong></span> 
     </span>
    </p>
   </div>
   <div class='ocr_carea' id='block_1_3' title="bbox 3714 321 3819 377">
    <p class='ocr_par' dir='ltr' id='par_1_3' title="bbox 3714 321 3819 377">
     <span class='ocr_line' id='line_1_3' title="bbox 3714 321 3819 377; baseline -0.019 0"><span class='ocrx_word' id='word_1_9' title='bbox 3714 321 3819 377; x_wconf 62' lang='lat'><strong>796</strong></span> 
     </span>
    </p>
   </div>
   <div class='ocr_carea' id='block_1_4' title="bbox 569 428 2146 522">
    <p class='ocr_par' dir='ltr' id='par_1_4' title="bbox 569 440 2132 521">
     <span class='ocr_line' id='line_1_4' title="bbox 569 440 2132 521; baseline -0.004 -19"><span class='ocrx_word' id='word_1_10' title='bbox 569 452 771 521; x_wconf 85' lang='lat' dir='ltr'><strong>ubique</strong></span> <span class='ocrx_word' id='word_1_11' title='bbox 811 448 1149 503; x_wconf 87' lang='lat' dir='ltr'><strong>Christianos</strong></span> <span class='ocrx_word' id='word_1_12' title='bbox 1172 445 1575 515; x_wconf 87' lang='lat' dir='ltr'><strong>persequendos</strong></span> <span class='ocrx_word' id='word_1_13' title='bbox 1613 442 1908 512; x_wconf 77' lang='lat' dir='ltr'><strong>impulerit.</strong></span> <span class='ocrx_word' id='word_1_14' title='bbox 1943 440 2050 496; x_wconf 88' lang='lat' dir='ltr'><strong>Sed</strong></span> <span class='ocrx_word' id='word_1_15' title='bbox 2075 450 2132 495; x_wconf 92' lang='lat' dir='ltr'><strong>et</strong></span> 
     </span>
    </p>
   </div>
   <div class='ocr_carea' id='block_1_5' title="bbox 2234 428 3811 522">
    <p class='ocr_par' dir='ltr' id='par_1_5' title="bbox 2234 428 3811 522">
     <span class='ocr_line' id='line_1_5' title="bbox 2234 428 3811 522; baseline -0.002 -29"><span class='ocrx_word' id='word_1_16' title='bbox 2234 440 2375 493; x_wconf 83' lang='grc' dir='ltr'>κατὰ</span> <span class='ocrx_word' id='word_1_17' title='bbox 2386 438 2600 492; x_wconf 87' lang='grc' dir='ltr'>πάντων</span> <span class='ocrx_word' id='word_1_18' title='bbox 2613 439 2906 510; x_wconf 85' lang='grc' dir='ltr'>ἁνακεκινη</span> <span class='ocrx_word' id='word_1_19' title='bbox 2913 438 3041 491; x_wconf 83' lang='grc' dir='ltr'>κότα</span> <span class='ocrx_word' id='word_1_20' title='bbox 3054 436 3287 522; x_wconf 85' lang='grc' dir='ltr'>διωγμόν</span> <span class='ocrx_word' id='word_1_21' title='bbox 3305 428 3514 508; x_wconf 82' lang='grc' dir='ltr'><strong>(97)·ὧν</strong></span> <span class='ocrx_word' id='word_1_22' title='bbox 3531 436 3624 490; x_wconf 75' lang='grc' dir='ltr'><strong>καὶ</strong></span> <span class='ocrx_word' id='word_1_23' title='bbox 3638 438 3811 492; x_wconf 80' lang='grc' dir='ltr'>αὐτῶν</span> 
     </span>
    </p>
   </div>
   <div class='ocr_carea' id='block_1_6' title="bbox 569 532 2139 609">
    <p class='ocr_par' dir='ltr' id='par_1_6' title="bbox 569 532 2139 609">
     <span class='ocr_line' id='line_1_6' title="bbox 569 532 2139 609; baseline -0.008 -11"><span class='ocrx_word' id='word_1_24' title='bbox 569 540 878 609; x_wconf 90' lang='lat' dir='ltr'><strong>cujusmodi</strong></span> <span class='ocrx_word' id='word_1_25' title='bbox 911 539 1038 594; x_wconf 72' lang='lat' dir='ltr'><strong>vitae</strong></span> <span class='ocrx_word' id='word_1_26' title='bbox 1066 537 1244 593; x_wconf 84' lang='lat' dir='ltr'><strong>exitus</strong></span> <span class='ocrx_word' id='word_1_27' title='bbox 1279 535 1404 591; x_wconf 91' lang='lat' dir='ltr'><strong>istis</strong></span> <span class='ocrx_word' id='word_1_28' title='bbox 1448 535 1763 605; x_wconf 77' lang='lat' dir='ltr'><strong>contigerit,</strong></span> <span class='ocrx_word' id='word_1_29' title='bbox 1797 532 1950 588; x_wconf 82' lang='lat' dir='ltr'><strong>nefas</strong></span> <span class='ocrx_word' id='word_1_30' title='bbox 1987 532 2139 588; x_wconf 90' lang='lat' dir='ltr'><strong>arbi-</strong></span> 
     </span>
    </p>
   </div>
   <div class='ocr_carea' id='block_1_7' title="bbox 576 622 2142 700">
    <p class='ocr_par' dir='ltr' id='par_1_7' title="bbox 576 622 2142 700">
     <span class='ocr_line' id='line_1_7' title="bbox 576 622 2142 700; baseline -0.006 -13"><span class='ocrx_word' id='word_1_31' title='bbox 576 645 692 687; x_wconf 89' lang='lat' dir='ltr'><strong>tror</strong></span> <span class='ocrx_word' id='word_1_32' title='bbox 723 630 1024 700; x_wconf 67' lang='lat' dir='ltr'><strong>prmterire.</strong></span> <span class='ocrx_word' id='word_1_33' title='bbox 1074 627 1208 683; x_wconf 87' lang='lat' dir='ltr'><strong>Cum</strong></span> <span class='ocrx_word' id='word_1_34' title='bbox 1245 641 1375 695; x_wconf 78' lang='lat' dir='ltr'><strong>ergo</strong></span> <span class='ocrx_word' id='word_1_35' title='bbox 1400 633 1633 695; x_wconf 90' lang='lat' dir='ltr'><strong>quatuor</strong></span> <span class='ocrx_word' id='word_1_36' title='bbox 1664 623 1937 693; x_wconf 77' lang='lat' dir='ltr'><strong>principes</strong></span> <span class='ocrx_word' id='word_1_37' title='bbox 1968 622 2142 691; x_wconf 84' lang='lat' dir='ltr'><strong>impe-</strong></span> 
     </span>
    </p>
   </div>
   <div class='ocr_carea' id='block_1_8' title="bbox 577 712 2141 784">
    <p class='ocr_par' dir='ltr' id='par_1_8' title="bbox 577 712 2141 784">
     <span class='ocr_line' id='line_1_8' title="bbox 577 712 2141 784; baseline -0.006 -9"><span class='ocrx_word' id='word_1_38' title='bbox 577 724 716 775; x_wconf 92' lang='lat' dir='ltr'><strong>rium</strong></span> <span class='ocrx_word' id='word_1_39' title='bbox 747 720 1049 775; x_wconf 82' lang='lat' dir='ltr'><strong>Romanum</strong></span> <span class='ocrx_word' id='word_1_40' title='bbox 1086 718 1228 772; x_wconf 88' lang='lat' dir='ltr'><strong>inter</strong></span> <span class='ocrx_word' id='word_1_41' title='bbox 1273 732 1332 771; x_wconf 89' lang='lat' dir='ltr'><strong>se</strong></span> <span class='ocrx_word' id='word_1_42' title='bbox 1372 715 1558 784; x_wconf 90' lang='lat' dir='ltr'><strong>partiti</strong></span> <span class='ocrx_word' id='word_1_43' title='bbox 1603 722 1792 769; x_wconf 89' lang='lat' dir='ltr'><strong>essent</strong></span> <span class='ocrx_word' id='word_1_44' title='bbox 1822 731 1838 765; x_wconf 86' lang='lat'><strong>:</strong></span> <span class='ocrx_word' id='word_1_45' title='bbox 1872 713 1979 767; x_wconf 93' lang='lat' dir='ltr'><strong>duo</strong></span> <span class='ocrx_word' id='word_1_46' title='bbox 2020 712 2141 781; x_wconf 87' lang='lat' dir='ltr'><strong>qui-</strong></span> 
     </span>
    </p>
   </div>
   <div class='ocr_carea' id='block_1_9' title="bbox 577 804 2141 874">
    <p class='ocr_par' dir='ltr' id='par_1_9' title="bbox 577 804 2141 874">
     <span class='ocr_line' id='line_1_9' title="bbox 577 804 2141 874; baseline -0.006 -9"><span class='ocrx_word' id='word_1_47' title='bbox 577 815 698 867; x_wconf 91' lang='lat' dir='ltr'><strong>dem</strong></span> <span class='ocrx_word' id='word_1_48' title='bbox 742 827 808 867; x_wconf 83' lang='lat' dir='ltr'><strong>ex</strong></span> <span class='ocrx_word' id='word_1_49' title='bbox 861 811 968 865; x_wconf 83' lang='lat' dir='ltr'><strong>illis</strong></span> <span class='ocrx_word' id='word_1_50' title='bbox 1021 820 1132 863; x_wconf 90' lang='lat' dir='ltr'><strong>tum</strong></span> <span class='ocrx_word' id='word_1_51' title='bbox 1163 817 1326 863; x_wconf 64' lang='lat' dir='ltr'><strong>atate</strong></span> <span class='ocrx_word' id='word_1_52' title='bbox 1359 818 1473 862; x_wconf 90' lang='lat' dir='ltr'><strong>tum</strong></span> <span class='ocrx_word' id='word_1_53' title='bbox 1512 806 1738 861; x_wconf 86' lang='lat' dir='ltr'><strong>honoris</strong></span> <span class='ocrx_word' id='word_1_54' title='bbox 1785 804 2141 874; x_wconf 66' lang='lat' dir='ltr'><strong>praerogativa</strong></span> 
     </span>
    </p>
   </div>
   <div class='ocr_carea' id='block_1_10' title="bbox 568 895 2144 974">
    <p class='ocr_par' dir='ltr' id='par_1_10' title="bbox 568 895 2144 974">
     <span class='ocr_line' id='line_1_10' title="bbox 568 895 2144 974; baseline -0.008 -16"><span class='ocrx_word' id='word_1_55' title='bbox 568 906 851 974; x_wconf 87' lang='lat' dir='ltr'><strong>potiores,</strong></span> <span class='ocrx_word' id='word_1_56' title='bbox 899 901 1134 955; x_wconf 88' lang='lat' dir='ltr'><strong>nondum</strong></span> <span class='ocrx_word' id='word_1_57' title='bbox 1173 898 1445 968; x_wconf 89' lang='lat' dir='ltr'><strong>completo</strong></span> <span class='ocrx_word' id='word_1_58' title='bbox 1490 896 1711 953; x_wconf 84' lang='lat' dir='ltr'><strong>biennio</strong></span> <span class='ocrx_word' id='word_1_59' title='bbox 1757 904 1881 964; x_wconf 88' lang='lat' dir='ltr'><strong>post</strong></span> <span class='ocrx_word' id='word_1_60' title='bbox 1921 895 2144 950; x_wconf 65' lang='lat' dir='ltr'><strong>inchoa.</strong></span> 
     </span>
    </p>
   </div>
   <div class='ocr_carea' id='block_1_11' title="bbox 571 986 2144 1062">
    <p class='ocr_par' dir='ltr' id='par_1_11' title="bbox 571 986 2144 1062">
     <span class='ocr_line' id='line_1_11' title="bbox 571 986 2144 1062; baseline -0.006 -14"><span class='ocrx_word' id='word_1_61' title='bbox 571 1003 679 1048; x_wconf 90' lang='lat' dir='ltr'><strong>tam</strong></span> <span class='ocrx_word' id='word_1_62' title='bbox 725 991 1165 1062; x_wconf 86' lang='lat' dir='ltr'><strong>persecutionem</strong></span> <span class='ocrx_word' id='word_1_63' title='bbox 1193 1032 1206 1054; x_wconf 94' lang='lat'><strong>,</strong></span> <span class='ocrx_word' id='word_1_64' title='bbox 1242 988 1474 1058; x_wconf 90' lang='lat' dir='ltr'><strong>imperio</strong></span> <span class='ocrx_word' id='word_1_65' title='bbox 1521 994 1846 1051; x_wconf 87' lang='lat' dir='ltr'><strong>cesserunt,</strong></span> <span class='ocrx_word' id='word_1_66' title='bbox 1885 986 2144 1054; x_wconf 87' lang='lat' dir='ltr'><strong>quemad-</strong></span> 
     </span>
    </p>
   </div>
   <div class='ocr_carea' id='block_1_12' title="bbox 571 1078 2144 1149">
    <p class='ocr_par' dir='ltr' id='par_1_12' title="bbox 571 1078 2144 1149">
     <span class='ocr_line' id='line_1_12' title="bbox 571 1078 2144 1149; baseline -0.003 -11"><span class='ocrx_word' id='word_1_67' title='bbox 571 1088 788 1138; x_wconf 87' lang='lat' dir='ltr'><strong>modum</strong></span> <span class='ocrx_word' id='word_1_68' title='bbox 824 1099 854 1138; x_wconf 93' lang='lat' dir='ltr'><strong>a</strong></span> <span class='ocrx_word' id='word_1_69' title='bbox 888 1083 1048 1138; x_wconf 88' lang='lat' dir='ltr'><strong>nobis</strong></span> <span class='ocrx_word' id='word_1_70' title='bbox 1091 1082 1342 1149; x_wconf 83' lang='lat' dir='ltr'><strong>superius</strong></span> <span class='ocrx_word' id='word_1_71' title='bbox 1375 1079 1710 1135; x_wconf 85' lang='lat' dir='ltr'><strong>declaratum</strong></span> <span class='ocrx_word' id='word_1_72' title='bbox 1758 1086 1861 1133; x_wconf 91' lang='lat' dir='ltr'><strong>est.</strong></span> <span class='ocrx_word' id='word_1_73' title='bbox 1900 1078 2144 1145; x_wconf 89' lang='lat' dir='ltr'><strong>Cumque</strong></span> 
     </span>
    </p>
   </div>
   <div class='ocr_carea' id='block_1_13' title="bbox 572 1168 2142 1244">
    <p class='ocr_par' dir='ltr' id='par_1_13' title="bbox 572 1168 2142 1244">
     <span class='ocr_line' id='line_1_13' title="bbox 572 1168 2142 1244; baseline -0.003 -16"><span class='ocrx_word' id='word_1_74' title='bbox 572 1175 837 1244; x_wconf 87' lang='lat' dir='ltr'><strong>reliquum</strong></span> <span class='ocrx_word' id='word_1_75' title='bbox 885 1173 1015 1227; x_wconf 67' lang='lat' dir='ltr'><strong>vitae</strong></span> <span class='ocrx_word' id='word_1_76' title='bbox 1062 1180 1279 1239; x_wconf 84' lang='lat' dir='ltr'><strong>tempus</strong></span> <span class='ocrx_word' id='word_1_77' title='bbox 1323 1170 1536 1239; x_wconf 90' lang='lat' dir='ltr'><strong>privato</strong></span> <span class='ocrx_word' id='word_1_78' title='bbox 1589 1183 1654 1223; x_wconf 89' lang='lat' dir='ltr'><strong>ac</strong></span> <span class='ocrx_word' id='word_1_79' title='bbox 1697 1168 1909 1236; x_wconf 89' lang='lat' dir='ltr'><strong>plebeio</strong></span> <span class='ocrx_word' id='word_1_80' title='bbox 1954 1168 2142 1223; x_wconf 88' lang='lat' dir='ltr'><strong>habitu</strong></span> 
     </span>
    </p>
   </div>
   <div class='ocr_carea' id='block_1_14' title="bbox 570 1258 2145 1336">
    <p class='ocr_par' dir='ltr' id='par_1_14' title="bbox 570 1258 2145 1336">
     <span class='ocr_line' id='line_1_14' title="bbox 570 1258 2145 1336; baseline -0.005 -15"><span class='ocrx_word' id='word_1_81' title='bbox 570 1266 988 1336; x_wconf 76' lang='lat' dir='ltr'><strong>transegisscnt,</strong></span> <span class='ocrx_word' id='word_1_82' title='bbox 1026 1262 1335 1333; x_wconf 74' lang='lat' dir='ltr'><strong>huiusmodi</strong></span> <span class='ocrx_word' id='word_1_83' title='bbox 1382 1261 1587 1317; x_wconf 89' lang='lat' dir='ltr'><strong>exitum</strong></span> <span class='ocrx_word' id='word_1_84' title='bbox 1616 1260 1794 1316; x_wconf 90' lang='lat' dir='ltr'><strong>sortiti</strong></span> <span class='ocrx_word' id='word_1_85' title='bbox 1823 1268 1965 1315; x_wconf 87' lang='lat' dir='ltr'><strong>sunt.</strong></span> <span class='ocrx_word' id='word_1_86' title='bbox 1993 1258 2145 1313; x_wconf 81' lang='lat' dir='ltr'><strong>Alter</strong></span> 
     </span>
    </p>
   </div>
   <div class='ocr_carea' id='block_1_15' title="bbox 570 1351 2144 1427">
    <p class='ocr_par' dir='ltr' id='par_1_15' title="bbox 570 1351 2144 1427">
     <span class='ocr_line' id='line_1_15' title="bbox 570 1351 2144 1427; baseline -0.003 -15"><span class='ocrx_word' id='word_1_87' title='bbox 570 1358 813 1427; x_wconf 81' lang='lat' dir='ltr'><strong>quidem,</strong></span> <span class='ocrx_word' id='word_1_88' title='bbox 842 1356 935 1425; x_wconf 91' lang='lat' dir='ltr'><strong>qui</strong></span> <span class='ocrx_word' id='word_1_89' title='bbox 968 1363 1024 1410; x_wconf 88' lang='lat' dir='ltr'><strong>et</strong></span> <span class='ocrx_word' id='word_1_90' title='bbox 1047 1355 1224 1409; x_wconf 71' lang='lat' dir='ltr'><strong>aetatis</strong></span> <span class='ocrx_word' id='word_1_91' title='bbox 1249 1362 1306 1409; x_wconf 92' lang='lat' dir='ltr'><strong>et</strong></span> <span class='ocrx_word' id='word_1_92' title='bbox 1330 1353 1554 1407; x_wconf 88' lang='lat' dir='ltr'><strong>honoris</strong></span> <span class='ocrx_word' id='word_1_93' title='bbox 1584 1352 1867 1419; x_wconf 79' lang='lat' dir='ltr'><strong>privilegio</strong></span> <span class='ocrx_word' id='word_1_94' title='bbox 1908 1351 2144 1422; x_wconf 85' lang='lat' dir='ltr'><strong>reliquos</strong></span> 
     </span>
    </p>
   </div>
   <div class='ocr_carea' id='block_1_16' title="bbox 569 1444 2147 1512">
    <p class='ocr_par' dir='ltr' id='par_1_16' title="bbox 569 1444 2147 1512">
     <span class='ocr_line' id='line_1_16' title="bbox 569 1444 2147 1512; baseline -0.005 -8"><span class='ocrx_word' id='word_1_95' title='bbox 569 1464 762 1504; x_wconf 92' lang='lat' dir='ltr'><strong>omnes</strong></span> <span class='ocrx_word' id='word_1_96' title='bbox 789 1455 1179 1512; x_wconf 83' lang='lat' dir='ltr'><strong>antecesserat,</strong></span> <span class='ocrx_word' id='word_1_97' title='bbox 1218 1446 1473 1500; x_wconf 90' lang='lat' dir='ltr'><strong>diuturno</strong></span> <span class='ocrx_word' id='word_1_98' title='bbox 1495 1459 1557 1498; x_wconf 91' lang='lat' dir='ltr'><strong>ac</strong></span> <span class='ocrx_word' id='word_1_99' title='bbox 1592 1444 1978 1499; x_wconf 82' lang='lat' dir='ltr'><strong>molestissimo</strong></span> <span class='ocrx_word' id='word_1_100' title='bbox 1998 1458 2147 1497; x_wconf 77' lang='lat' dir='ltr'><strong>mor-</strong></span> 
     </span>
    </p>
   </div>
   <div class='ocr_carea' id='block_1_17' title="bbox 570 1532 2145 1604">
    <p class='ocr_par' dir='ltr' id='par_1_17' title="bbox 570 1532 2145 1604">
     <span class='ocr_line' id='line_1_17' title="bbox 570 1532 2145 1604; baseline -0.004 -10"><span class='ocrx_word' id='word_1_101' title='bbox 570 1539 640 1594; x_wconf 91' lang='lat' dir='ltr'><strong>bo</strong></span> <span class='ocrx_word' id='word_1_102' title='bbox 674 1537 973 1593; x_wconf 90' lang='lat' dir='ltr'><strong>confectus.</strong></span> <span class='ocrx_word' id='word_1_103' title='bbox 1011 1532 1184 1601; x_wconf 74' lang='lat' dir='ltr'><strong>Aitei,</strong></span> <span class='ocrx_word' id='word_1_104' title='bbox 1214 1535 1305 1604; x_wconf 90' lang='lat' dir='ltr'><strong>qui</strong></span> <span class='ocrx_word' id='word_1_105' title='bbox 1339 1535 1604 1590; x_wconf 90' lang='lat' dir='ltr'><strong>secundus</strong></span> <span class='ocrx_word' id='word_1_106' title='bbox 1629 1536 1698 1589; x_wconf 89' lang='lat' dir='ltr'><strong>ab</strong></span> <span class='ocrx_word' id='word_1_107' title='bbox 1727 1548 1793 1589; x_wconf 91' lang='lat' dir='ltr'><strong>eo</strong></span> <span class='ocrx_word' id='word_1_108' title='bbox 1828 1534 2040 1598; x_wconf 90' lang='lat' dir='ltr'><strong>fuerat,</strong></span> <span class='ocrx_word' id='word_1_109' title='bbox 2067 1533 2145 1588; x_wconf 84' lang='lat' dir='ltr'><strong>la-</strong></span> 
     </span>
    </p>
   </div>
   <div class='ocr_carea' id='block_1_18' title="bbox 571 1625 2144 1699">
    <p class='ocr_par' dir='ltr' id='par_1_18' title="bbox 571 1625 2144 1699">
     <span class='ocr_line' id='line_1_18' title="bbox 571 1625 2144 1699; baseline -0.003 -15"><span class='ocrx_word' id='word_1_110' title='bbox 571 1644 712 1699; x_wconf 88' lang='lat' dir='ltr'><strong>queo</strong></span> <span class='ocrx_word' id='word_1_111' title='bbox 742 1630 904 1684; x_wconf 87' lang='lat' dir='ltr'><strong>vitam</strong></span> <span class='ocrx_word' id='word_1_112' title='bbox 936 1628 1155 1696; x_wconf 87' lang='lat' dir='ltr'><strong>abrupit</strong></span> <span class='ocrx_word' id='word_1_113' title='bbox 1185 1644 1198 1680; x_wconf 89' lang='lat'><strong>:</strong></span> <span class='ocrx_word' id='word_1_114' title='bbox 1227 1626 1378 1694; x_wconf 81' lang='lat' dir='ltr'><strong>juxta</strong></span> <span class='ocrx_word' id='word_1_115' title='bbox 1409 1625 1678 1696; x_wconf 86' lang='lat' dir='ltr'><strong>quoddam</strong></span> <span class='ocrx_word' id='word_1_116' title='bbox 1714 1626 2019 1681; x_wconf 68' lang='lat' dir='ltr'><strong>daemonum</strong></span> <span class='ocrx_word' id='word_1_117' title='bbox 2050 1642 2144 1680; x_wconf 90' lang='lat' dir='ltr'><strong>va-</strong></span> 
     </span>
    </p>
   </div>
   <div class='ocr_carea' id='block_1_19' title="bbox 575 1716 2143 1787">
    <p class='ocr_par' dir='ltr' id='par_1_19' title="bbox 575 1716 2143 1787">
     <span class='ocr_line' id='line_1_19' title="bbox 575 1716 2143 1787; baseline -0.001 -13"><span class='ocrx_word' id='word_1_118' title='bbox 575 1719 821 1774; x_wconf 88' lang='lat' dir='ltr'><strong>ticinium</strong></span> <span class='ocrx_word' id='word_1_119' title='bbox 846 1756 862 1783; x_wconf 91' lang='lat'><strong>,</strong></span> <span class='ocrx_word' id='word_1_120' title='bbox 903 1717 1208 1787; x_wconf 86' lang='lat' dir='ltr'><strong>hujusmodi</strong></span> <span class='ocrx_word' id='word_1_121' title='bbox 1246 1717 1513 1786; x_wconf 87' lang='lat' dir='ltr'><strong>supplicio</strong></span> <span class='ocrx_word' id='word_1_122' title='bbox 1565 1717 1762 1771; x_wconf 90' lang='lat' dir='ltr'><strong>merito</strong></span> <span class='ocrx_word' id='word_1_123' title='bbox 1808 1716 2034 1772; x_wconf 66' lang='lat' dir='ltr'><strong>affectus</strong></span> <span class='ocrx_word' id='word_1_124' title='bbox 2072 1718 2143 1773; x_wconf 92' lang='lat' dir='ltr'><strong>ob</strong></span> 
     </span>
    </p>
   </div>
   <div class='ocr_carea' id='block_1_20' title="bbox 572 1808 2141 1879">
    <p class='ocr_par' dir='ltr' id='par_1_20' title="bbox 572 1808 2141 1879">
     <span class='ocr_line' id='line_1_20' title="bbox 572 1808 2141 1879; baseline 0.002 -18"><span class='ocrx_word' id='word_1_125' title='bbox 572 1809 974 1879; x_wconf 87' lang='lat' dir='ltr'><strong>quamplurima</strong></span> <span class='ocrx_word' id='word_1_126' title='bbox 1020 1823 1140 1878; x_wconf 72' lang='lat' dir='ltr'><strong>qua:</strong></span> <span class='ocrx_word' id='word_1_127' title='bbox 1190 1808 1483 1863; x_wconf 85' lang='lat' dir='ltr'><strong>admiserat</strong></span> <span class='ocrx_word' id='word_1_128' title='bbox 1530 1808 1755 1863; x_wconf 92' lang='lat' dir='ltr'><strong>scelera.</strong></span> <span class='ocrx_word' id='word_1_129' title='bbox 1796 1808 1878 1863; x_wconf 87' lang='lat' dir='ltr'><strong>Ex</strong></span> <span class='ocrx_word' id='word_1_130' title='bbox 1930 1808 2141 1864; x_wconf 90' lang='lat' dir='ltr'><strong>duobus</strong></span> 
     </span>
    </p>
   </div>
   <div class='ocr_carea' id='block_1_21' title="bbox 572 1897 2141 1968">
    <p class='ocr_par' dir='ltr' id='par_1_21' title="bbox 572 1897 2141 1968">
     <span class='ocr_line' id='line_1_21' title="bbox 572 1897 2141 1968; baseline 0.002 -16"><span class='ocrx_word' id='word_1_131' title='bbox 572 1910 754 1954; x_wconf 90' lang='lat' dir='ltr'><strong>autem</strong></span> <span class='ocrx_word' id='word_1_132' title='bbox 809 1897 1071 1966; x_wconf 87' lang='lat' dir='ltr'><strong>reliquis,</strong></span> <span class='ocrx_word' id='word_1_133' title='bbox 1122 1907 1432 1967; x_wconf 88' lang='lat' dir='ltr'><strong>postremus</strong></span> <span class='ocrx_word' id='word_1_134' title='bbox 1482 1898 1700 1968; x_wconf 86' lang='lat' dir='ltr'><strong>quidem</strong></span> <span class='ocrx_word' id='word_1_135' title='bbox 1755 1913 1916 1968; x_wconf 88' lang='lat' dir='ltr'><strong>quem</strong></span> <span class='ocrx_word' id='word_1_136' title='bbox 1970 1899 2141 1955; x_wconf 90' lang='lat' dir='ltr'><strong>totius</strong></span> 
     </span>
    </p>
   </div>
   <div class='ocr_carea' id='block_1_22' title="bbox 573 1987 2142 2058">
    <p class='ocr_par' dir='ltr' id='par_1_22' title="bbox 573 1987 2142 2058">
     <span class='ocr_line' id='line_1_22' title="bbox 573 1987 2142 2058; baseline 0.001 -18"><span class='ocrx_word' id='word_1_137' title='bbox 573 1987 970 2058; x_wconf 84' lang='lat' dir='ltr'><strong>persecutionis</strong></span> <span class='ocrx_word' id='word_1_138' title='bbox 1002 1988 1195 2042; x_wconf 85' lang='lat' dir='ltr'><strong>ducem</strong></span> <span class='ocrx_word' id='word_1_139' title='bbox 1227 1995 1390 2057; x_wconf 89' lang='lat' dir='ltr'><strong>atque</strong></span> <span class='ocrx_word' id='word_1_140' title='bbox 1435 1997 1710 2043; x_wconf 88' lang='lat' dir='ltr'><strong>auctorem</strong></span> <span class='ocrx_word' id='word_1_141' title='bbox 1744 1987 1911 2044; x_wconf 90' lang='lat' dir='ltr'><strong>fuisse</strong></span> <span class='ocrx_word' id='word_1_142' title='bbox 1952 1989 2142 2043; x_wconf 85' lang='lat' dir='ltr'><strong>retuli-</strong></span> 
     </span>
    </p>
   </div>
   <div class='ocr_carea' id='block_1_23' title="bbox 576 2078 2139 2150">
    <p class='ocr_par' dir='ltr' id='par_1_23' title="bbox 576 2078 2139 2150">
     <span class='ocr_line' id='line_1_23' title="bbox 576 2078 2139 2150; baseline 0.003 -17"><span class='ocrx_word' id='word_1_143' title='bbox 576 2094 714 2145; x_wconf 88' lang='lat' dir='ltr'><strong>mus,</strong></span> <span class='ocrx_word' id='word_1_144' title='bbox 745 2079 1010 2149; x_wconf 88' lang='lat' dir='ltr'><strong>ejusmodi</strong></span> <span class='ocrx_word' id='word_1_145' title='bbox 1046 2078 1263 2134; x_wconf 89' lang='lat' dir='ltr'><strong>dolores</strong></span> <span class='ocrx_word' id='word_1_146' title='bbox 1299 2078 1520 2149; x_wconf 77' lang='lat' dir='ltr'><strong>pertulit</strong></span> <span class='ocrx_word' id='word_1_147' title='bbox 1545 2095 1681 2150; x_wconf 89' lang='lat' dir='ltr'><strong>quos</strong></span> <span class='ocrx_word' id='word_1_148' title='bbox 1716 2096 1878 2150; x_wconf 88' lang='lat' dir='ltr'><strong>supra</strong></span> <span class='ocrx_word' id='word_1_149' title='bbox 1905 2097 2139 2138; x_wconf 72' lang='lat' dir='ltr'><strong>cotnme~</strong></span> 
     </span>
    </p>
   </div>
   <div class='ocr_carea' id='block_1_24' title="bbox 573 2172 2138 2241">
    <p class='ocr_par' dir='ltr' id='par_1_24' title="bbox 573 2172 2138 2241">
     <span class='ocr_line' id='line_1_24' title="bbox 573 2172 2138 2241; baseline 0.001 -15"><span class='ocrx_word' id='word_1_150' title='bbox 573 2174 801 2227; x_wconf 75' lang='lat' dir='ltr'><strong>morari.</strong></span> <span class='ocrx_word' id='word_1_151' title='bbox 829 2173 920 2228; x_wconf 89' lang='lat' dir='ltr'><strong>Ille</strong></span> <span class='ocrx_word' id='word_1_152' title='bbox 945 2188 1073 2227; x_wconf 79' lang='lat' dir='ltr'><strong>vero</strong></span> <span class='ocrx_word' id='word_1_153' title='bbox 1102 2173 1196 2241; x_wconf 90' lang='lat' dir='ltr'><strong>qui</strong></span> <span class='ocrx_word' id='word_1_154' title='bbox 1223 2172 1393 2237; x_wconf 70' lang='lat' dir='ltr'><strong>gradu</strong></span> <span class='ocrx_word' id='word_1_155' title='bbox 1424 2185 1548 2225; x_wconf 91' lang='lat' dir='ltr'><strong>eum</strong></span> <span class='ocrx_word' id='word_1_156' title='bbox 1584 2174 1947 2241; x_wconf 63' lang='lat' dir='ltr'><strong>prmeedebat,</strong></span> <span class='ocrx_word' id='word_1_157' title='bbox 1985 2174 2138 2228; x_wconf 88' lang='lat' dir='ltr'><strong>beni-</strong></span> 
     </span>
    </p>
   </div>
   <div class='ocr_carea' id='block_1_25' title="bbox 571 2262 2140 2334">
    <p class='ocr_par' dir='ltr' id='par_1_25' title="bbox 571 2262 2140 2334">
     <span class='ocr_line' id='line_1_25' title="bbox 571 2262 2140 2334; baseline 0.001 -17"><span class='ocrx_word' id='word_1_158' title='bbox 571 2264 863 2334; x_wconf 75' lang='lat' dir='ltr'><strong>gnissimus</strong></span> <span class='ocrx_word' id='word_1_159' title='bbox 905 2275 961 2318; x_wconf 91' lang='lat' dir='ltr'><strong>et</strong></span> <span class='ocrx_word' id='word_1_160' title='bbox 1009 2263 1466 2318; x_wconf 85' lang='lat' dir='ltr'><strong>clementissimus</strong></span> <span class='ocrx_word' id='word_1_161' title='bbox 1527 2263 1824 2331; x_wconf 89' lang='lat' dir='ltr'><strong>imperator</strong></span> <span class='ocrx_word' id='word_1_162' title='bbox 1871 2262 2140 2319; x_wconf 87' lang='lat' dir='ltr'><strong>Constan-</strong></span> 
     </span>
    </p>
   </div>
   <div class='ocr_carea' id='block_1_26' title="bbox 573 2354 2137 2427">
    <p class='ocr_par' dir='ltr' id='par_1_26' title="bbox 573 2354 2137 2427">
     <span class='ocr_line' id='line_1_26' title="bbox 573 2354 2137 2427; baseline 0 -18"><span class='ocrx_word' id='word_1_163' title='bbox 573 2357 709 2425; x_wconf 86' lang='lat' dir='ltr'><strong>tius;</strong></span> <span class='ocrx_word' id='word_1_164' title='bbox 746 2356 835 2427; x_wconf 90' lang='lat' dir='ltr'><strong>qui</strong></span> <span class='ocrx_word' id='word_1_165' title='bbox 864 2364 980 2411; x_wconf 88' lang='lat' dir='ltr'><strong>tot&#39;o</strong></span> <span class='ocrx_word' id='word_1_166' title='bbox 1026 2355 1240 2423; x_wconf 87' lang='lat' dir='ltr'><strong>imperii</strong></span> <span class='ocrx_word' id='word_1_167' title='bbox 1289 2354 1371 2408; x_wconf 87' lang='lat' dir='ltr'><strong>sui</strong></span> <span class='ocrx_word' id='word_1_168' title='bbox 1412 2363 1654 2422; x_wconf 87' lang='lat' dir='ltr'><strong>tempore</strong></span> <span class='ocrx_word' id='word_1_169' title='bbox 1677 2355 1747 2408; x_wconf 90' lang='lat' dir='ltr'><strong>ita</strong></span> <span class='ocrx_word' id='word_1_170' title='bbox 1784 2370 1843 2410; x_wconf 87' lang='lat' dir='ltr'><strong>se</strong></span> <span class='ocrx_word' id='word_1_171' title='bbox 1875 2364 2137 2425; x_wconf 80' lang='lat' dir='ltr'><strong>gesserat,</strong></span> 
     </span>
    </p>
   </div>
   <div class='ocr_carea' id='block_1_27' title="bbox 572 2447 2140 2517">
    <p class='ocr_par' dir='ltr' id='par_1_27' title="bbox 572 2447 2140 2517">
     <span class='ocr_line' id='line_1_27' title="bbox 572 2447 2140 2517; baseline -0.001 -15"><span class='ocrx_word' id='word_1_172' title='bbox 572 2456 735 2516; x_wconf 92' lang='lat' dir='ltr'><strong>prout</strong></span> <span class='ocrx_word' id='word_1_173' title='bbox 766 2448 1152 2517; x_wconf 87' lang='lat' dir='ltr'><strong>imperatorem</strong></span> <span class='ocrx_word' id='word_1_174' title='bbox 1190 2447 1458 2512; x_wconf 79' lang='lat' dir='ltr'><strong>decebat;</strong></span> <span class='ocrx_word' id='word_1_175' title='bbox 1493 2458 1546 2500; x_wconf 92' lang='lat' dir='ltr'><strong>et</strong></span> <span class='ocrx_word' id='word_1_176' title='bbox 1578 2447 1670 2515; x_wconf 90' lang='lat' dir='ltr'><strong>qui</strong></span> <span class='ocrx_word' id='word_1_177' title='bbox 1703 2455 1814 2500; x_wconf 88' lang='lat' dir='ltr'><strong>tum</strong></span> <span class='ocrx_word' id='word_1_178' title='bbox 1857 2460 1985 2517; x_wconf 79' lang='lat' dir='ltr'><strong>erga</strong></span> <span class='ocrx_word' id='word_1_179' title='bbox 2015 2447 2140 2501; x_wconf 90' lang='lat' dir='ltr'><strong>reli-</strong></span> 
     </span>
    </p>
   </div>
   <div class='ocr_carea' id='block_1_28' title="bbox 572 2534 2141 2609">
    <p class='ocr_par' dir='ltr' id='par_1_28' title="bbox 572 2534 2141 2609">
     <span class='ocr_line' id='line_1_28' title="bbox 572 2534 2141 2609; baseline -0.001 -17"><span class='ocrx_word' id='word_1_180' title='bbox 572 2554 708 2609; x_wconf 89' lang='lat' dir='ltr'><strong>quos</strong></span> <span class='ocrx_word' id='word_1_181' title='bbox 746 2553 938 2593; x_wconf 85' lang='lat' dir='ltr'><strong>omnes</strong></span> <span class='ocrx_word' id='word_1_182' title='bbox 989 2536 1441 2592; x_wconf 89' lang='lat' dir='ltr'><strong>humanissimum</strong></span> <span class='ocrx_word' id='word_1_183' title='bbox 1496 2551 1554 2590; x_wconf 90' lang='lat' dir='ltr'><strong>se</strong></span> <span class='ocrx_word' id='word_1_184' title='bbox 1598 2550 1663 2590; x_wconf 92' lang='lat' dir='ltr'><strong>ac</strong></span> <span class='ocrx_word' id='word_1_185' title='bbox 1709 2534 2141 2592; x_wconf 83' lang='lat' dir='ltr'><strong>beneficentissi-</strong></span> 
     </span>
    </p>
   </div>
   <div class='ocr_carea' id='block_1_29' title="bbox 572 2626 2138 2698">
    <p class='ocr_par' dir='ltr' id='par_1_29' title="bbox 572 2626 2138 2698">
     <span class='ocr_line' id='line_1_29' title="bbox 572 2626 2138 2698; baseline -0.001 -15"><span class='ocrx_word' id='word_1_186' title='bbox 572 2644 717 2683; x_wconf 90' lang='lat' dir='ltr'><strong>mum</strong></span> <span class='ocrx_word' id='word_1_187' title='bbox 745 2628 1106 2698; x_wconf 70' lang='lat' dir='ltr'><strong>praestiterat,</strong></span> <span class='ocrx_word' id='word_1_188' title='bbox 1163 2637 1274 2680; x_wconf 92' lang='lat' dir='ltr'><strong>tum</strong></span> <span class='ocrx_word' id='word_1_189' title='bbox 1305 2626 1699 2696; x_wconf 86' lang='lat' dir='ltr'><strong>persecutionis</strong></span> <span class='ocrx_word' id='word_1_190' title='bbox 1729 2626 1991 2681; x_wconf 84' lang='lat' dir='ltr'><strong>adversus</strong></span> <span class='ocrx_word' id='word_1_191' title='bbox 2039 2641 2138 2681; x_wconf 91' lang='lat' dir='ltr'><strong>nos</strong></span> 
     </span>
    </p>
   </div>
   <div class='ocr_carea' id='block_1_30' title="bbox 573 2716 2141 2788">
    <p class='ocr_par' dir='ltr' id='par_1_30' title="bbox 573 2716 2141 2788">
     <span class='ocr_line' id='line_1_30' title="bbox 573 2716 2141 2788; baseline 0.001 -16"><span class='ocrx_word' id='word_1_192' title='bbox 573 2719 857 2773; x_wconf 64' lang='lat' dir='ltr'><strong>concitatae</strong></span> <span class='ocrx_word' id='word_1_193' title='bbox 879 2734 1072 2788; x_wconf 85' lang='lat' dir='ltr'><strong>expers</strong></span> <span class='ocrx_word' id='word_1_194' title='bbox 1098 2718 1320 2774; x_wconf 91' lang='lat' dir='ltr'><strong>omnino</strong></span> <span class='ocrx_word' id='word_1_195' title='bbox 1351 2717 1546 2783; x_wconf 77' lang='lat' dir='ltr'><strong>fuerat,</strong></span> <span class='ocrx_word' id='word_1_196' title='bbox 1570 2727 1625 2770; x_wconf 90' lang='lat' dir='ltr'><strong>et</strong></span> <span class='ocrx_word' id='word_1_197' title='bbox 1657 2716 1897 2772; x_wconf 89' lang='lat' dir='ltr'><strong>cultores</strong></span> <span class='ocrx_word' id='word_1_198' title='bbox 1927 2717 2016 2771; x_wconf 87' lang='lat' dir='ltr'><strong>Dei</strong></span> <span class='ocrx_word' id='word_1_199' title='bbox 2041 2718 2141 2773; x_wconf 90' lang='lat' dir='ltr'><strong>sub</strong></span> 
     </span>
    </p>
   </div>
   <div class='ocr_carea' id='block_1_31' title="bbox 575 2806 2139 2879">
    <p class='ocr_par' dir='ltr' id='par_1_31' title="bbox 575 2806 2139 2879">
     <span class='ocr_line' id='line_1_31' title="bbox 575 2806 2139 2879; baseline 0 -17"><span class='ocrx_word' id='word_1_200' title='bbox 575 2810 742 2878; x_wconf 89' lang='lat' dir='ltr'><strong>ipsius</strong></span> <span class='ocrx_word' id='word_1_201' title='bbox 781 2810 1011 2877; x_wconf 88' lang='lat' dir='ltr'><strong>imperio</strong></span> <span class='ocrx_word' id='word_1_202' title='bbox 1044 2810 1299 2879; x_wconf 76' lang='lat' dir='ltr'><strong>degentes</strong></span> <span class='ocrx_word' id='word_1_203' title='bbox 1339 2807 1407 2861; x_wconf 89' lang='lat' dir='ltr'><strong>ab</strong></span> <span class='ocrx_word' id='word_1_204' title='bbox 1453 2806 1601 2863; x_wconf 88' lang='lat' dir='ltr'><strong>omni</strong></span> <span class='ocrx_word' id='word_1_205' title='bbox 1644 2821 1783 2860; x_wconf 86' lang='lat' dir='ltr'><strong>noxa</strong></span> <span class='ocrx_word' id='word_1_206' title='bbox 1835 2814 1890 2861; x_wconf 90' lang='lat' dir='ltr'><strong>et</strong></span> <span class='ocrx_word' id='word_1_207' title='bbox 1941 2807 2139 2875; x_wconf 86' lang='lat' dir='ltr'><strong>injuria</strong></span> 
     </span>
    </p>
   </div>
   <div class='ocr_carea' id='block_1_32' title="bbox 574 2896 2142 2966">
    <p class='ocr_par' dir='ltr' id='par_1_32' title="bbox 574 2896 2142 2966">
     <span class='ocr_line' id='line_1_32' title="bbox 574 2896 2142 2966; baseline 0 -13"><span class='ocrx_word' id='word_1_208' title='bbox 574 2901 844 2953; x_wconf 86' lang='lat' dir='ltr'><strong>immunes</strong></span> <span class='ocrx_word' id='word_1_209' title='bbox 868 2908 1216 2963; x_wconf 80' lang='lat' dir='ltr'><strong>servaverat;</strong></span> <span class='ocrx_word' id='word_1_210' title='bbox 1267 2914 1328 2952; x_wconf 91' lang='lat' dir='ltr'><strong>ac</strong></span> <span class='ocrx_word' id='word_1_211' title='bbox 1365 2913 1538 2966; x_wconf 88' lang='lat' dir='ltr'><strong>neque</strong></span> <span class='ocrx_word' id='word_1_212' title='bbox 1589 2896 1942 2953; x_wconf 85' lang='lat' dir='ltr'><strong>ecclesiarum</strong></span> <span class='ocrx_word' id='word_1_213' title='bbox 1972 2897 2142 2954; x_wconf 68' lang='lat' dir='ltr'><strong>aedifi-</strong></span> 
     </span>
    </p>
   </div>
   <div class='ocr_carea' id='block_1_33' title="bbox 572 2990 2140 3063">
    <p class='ocr_par' dir='ltr' id='par_1_33' title="bbox 572 2990 2140 3063">
     <span class='ocr_line' id='line_1_33' title="bbox 572 2990 2140 3063; baseline -0.001 -17"><span class='ocrx_word' id='word_1_214' title='bbox 572 2992 654 3046; x_wconf 92' lang='lat' dir='ltr'><strong>cia</strong></span> <span class='ocrx_word' id='word_1_215' title='bbox 687 2993 1072 3055; x_wconf 81' lang='lat' dir='ltr'><strong>subverterat,</strong></span> <span class='ocrx_word' id='word_1_216' title='bbox 1103 3005 1199 3044; x_wconf 93' lang='lat' dir='ltr'><strong>nec</strong></span> <span class='ocrx_word' id='word_1_217' title='bbox 1233 2991 1354 3044; x_wconf 90' lang='lat' dir='ltr'><strong>novi</strong></span> <span class='ocrx_word' id='word_1_218' title='bbox 1398 2990 1689 3063; x_wconf 86' lang='lat' dir='ltr'><strong>quidquam</strong></span> <span class='ocrx_word' id='word_1_219' title='bbox 1742 2991 2001 3044; x_wconf 89' lang='lat' dir='ltr'><strong>adversus</strong></span> <span class='ocrx_word' id='word_1_220' title='bbox 2044 3006 2140 3044; x_wconf 89' lang='lat' dir='ltr'><strong>nos</strong></span> 
     </span>
    </p>
   </div>
   <div class='ocr_carea' id='block_1_34' title="bbox 2240 528 3812 600">
    <p class='ocr_par' dir='ltr' id='par_1_34' title="bbox 2240 528 3812 600">
     <span class='ocr_line' id='line_1_34' title="bbox 2240 528 3812 600; baseline -0.001 -16"><span class='ocrx_word' id='word_1_221' title='bbox 2240 532 2341 584; x_wconf 78' lang='grc' dir='ltr'>οὐκ</span> <span class='ocrx_word' id='word_1_222' title='bbox 2367 531 2516 597; x_wconf 77' lang='grc' dir='ltr'>ἄξιον</span> <span class='ocrx_word' id='word_1_223' title='bbox 2540 530 2601 583; x_wconf 84' lang='grc' dir='ltr'>τὸ</span> <span class='ocrx_word' id='word_1_224' title='bbox 2630 529 2724 583; x_wconf 81' lang='grc' dir='ltr'>τοῦ</span> <span class='ocrx_word' id='word_1_225' title='bbox 2760 530 2875 600; x_wconf 84' lang='grc' dir='ltr'>βίου</span> <span class='ocrx_word' id='word_1_226' title='bbox 2908 529 3061 593; x_wconf 82' lang='grc' dir='ltr'>τέλος</span> <span class='ocrx_word' id='word_1_227' title='bbox 3099 528 3429 600; x_wconf 82' lang='grc' dir='ltr'>παραδοῦναι</span> <span class='ocrx_word' id='word_1_228' title='bbox 3457 532 3657 600; x_wconf 77' lang='grc' dir='ltr'>σιωπῇ.</span> <span class='ocrx_word' id='word_1_229' title='bbox 3684 531 3812 582; x_wconf 90' lang='grc' dir='ltr'>Τετ-</span> 
     </span>
    </p>
   </div>
   <div class='ocr_carea' id='block_1_35' title="bbox 2239 618 3811 695">
    <p class='ocr_par' dir='ltr' id='par_1_35' title="bbox 2239 618 3811 695">
     <span class='ocr_line' id='line_1_35' title="bbox 2239 618 3811 695; baseline 0.001 -20"><span class='ocrx_word' id='word_1_230' title='bbox 2239 623 2422 695; x_wconf 87' lang='grc' dir='ltr'>τάρων</span> <span class='ocrx_word' id='word_1_231' title='bbox 2458 618 2552 676; x_wconf 76' lang='grc' dir='ltr'><strong>οὖν</strong></span> <span class='ocrx_word' id='word_1_232' title='bbox 2596 622 2695 693; x_wconf 82' lang='grc' dir='ltr'>τὴν</span> <span class='ocrx_word' id='word_1_233' title='bbox 2731 621 2874 675; x_wconf 84' lang='grc' dir='ltr'>κατὰ</span> <span class='ocrx_word' id='word_1_234' title='bbox 2902 621 3118 676; x_wconf 84' lang='grc' dir='ltr'>πάντων</span> <span class='ocrx_word' id='word_1_235' title='bbox 3150 620 3493 692; x_wconf 85' lang='grc' dir='ltr'>διειληχότων</span> <span class='ocrx_word' id='word_1_236' title='bbox 3524 622 3723 693; x_wconf 83' lang='grc' dir='ltr'>ἀρχὴν,</span> <span class='ocrx_word' id='word_1_237' title='bbox 3760 623 3811 677; x_wconf 77' lang='grc' dir='ltr'>οἱ</span> 
     </span>
    </p>
   </div>
   <div class='ocr_carea' id='block_1_36' title="bbox 2246 710 3812 785">
    <p class='ocr_par' dir='ltr' id='par_1_36' title="bbox 2246 710 3812 785">
     <span class='ocr_line' id='line_1_36' title="bbox 2246 710 3812 785; baseline 0.001 -19"><span class='ocrx_word' id='word_1_238' title='bbox 2246 713 2343 782; x_wconf 81' lang='grc' dir='ltr'><strong>μὲν</strong></span> <span class='ocrx_word' id='word_1_239' title='bbox 2381 712 2558 785; x_wconf 86' lang='grc' dir='ltr'>χρόνῳ</span> <span class='ocrx_word' id='word_1_240' title='bbox 2592 712 2686 768; x_wconf 77' lang='grc' dir='ltr'>καὶ</span> <span class='ocrx_word' id='word_1_241' title='bbox 2716 714 2849 784; x_wconf 85' lang='grc' dir='ltr'>τιμῇ</span> <span class='ocrx_word' id='word_1_242' title='bbox 2896 712 3318 784; x_wconf 83' lang='grc' dir='ltr'><strong>προηγούμενοι,</strong></span> <span class='ocrx_word' id='word_1_243' title='bbox 3350 713 3459 766; x_wconf 81' lang='grc' dir='ltr'>οὐδ’</span> <span class='ocrx_word' id='word_1_244' title='bbox 3484 710 3627 778; x_wconf 82' lang='grc' dir='ltr'><strong>ὅλοις</strong></span> <span class='ocrx_word' id='word_1_245' title='bbox 3670 713 3812 769; x_wconf 81' lang='grc' dir='ltr'>δυοῖν</span> 
     </span>
    </p>
   </div>
   <div class='ocr_carea' id='block_1_37' title="bbox 2243 800 3811 872">
    <p class='ocr_par' dir='ltr' id='par_1_37' title="bbox 2243 800 3811 872">
     <span class='ocr_line' id='line_1_37' title="bbox 2243 800 3811 872; baseline 0 -19"><span class='ocrx_word' id='word_1_246' title='bbox 2243 800 2419 854; x_wconf 77' lang='grc' dir='ltr'>ἐτεσιν</span> <span class='ocrx_word' id='word_1_247' title='bbox 2458 802 2835 872; x_wconf 75' lang='grc' dir='ltr'><strong>ἐπιγενόμενοι</strong></span> <span class='ocrx_word' id='word_1_248' title='bbox 2884 801 2963 872; x_wconf 85' lang='grc' dir='ltr'>τῷ</span> <span class='ocrx_word' id='word_1_249' title='bbox 3006 800 3254 872; x_wconf 82' lang='grc' dir='ltr'><strong>διωγμῷ,</strong></span> <span class='ocrx_word' id='word_1_250' title='bbox 3314 801 3659 872; x_wconf 66' lang='grc' dir='ltr'>μεθίστανται</span> <span class='ocrx_word' id='word_1_251' title='bbox 3711 801 3811 871; x_wconf 85' lang='grc' dir='ltr'>τῆς</span> 
     </span>
    </p>
   </div>
   <div class='ocr_carea' id='block_1_38' title="bbox 2246 887 3816 966">
    <p class='ocr_par' dir='ltr' id='par_1_38' title="bbox 2246 887 3816 966">
     <span class='ocr_line' id='line_1_38' title="bbox 2246 887 3816 966; baseline 0 -22"><span class='ocrx_word' id='word_1_252' title='bbox 2246 892 2553 963; x_wconf 82' lang='grc' dir='ltr'><strong>βασιλείας,</strong></span> <span class='ocrx_word' id='word_1_253' title='bbox 2665 892 2760 946; x_wconf 79' lang='grc' dir='ltr'><strong>καὶ</strong></span> <span class='ocrx_word' id='word_1_254' title='bbox 2805 891 3041 964; x_wconf 81' lang='grc' dir='ltr'><strong>πρόσθεν</strong></span> <span class='ocrx_word' id='word_1_255' title='bbox 3095 894 3226 964; x_wconf 77' lang='grc' dir='ltr'>ἡμῖν</span> <span class='ocrx_word' id='word_1_256' title='bbox 3269 892 3578 963; x_wconf 84' lang='grc' dir='ltr'>δεδήλωται.</span> <span class='ocrx_word' id='word_1_257' title='bbox 3619 892 3708 946; x_wconf 77' lang='grc' dir='ltr'>καὶ</span> <span class='ocrx_word' id='word_1_258' title='bbox 3748 892 3816 964; x_wconf 84' lang='grc' dir='ltr'>δὴ</span> 
     </span>
    </p>
   </div>
   <div class='ocr_carea' id='block_1_39' title="bbox 2242 980 3816 1052">
    <p class='ocr_par' dir='ltr' id='par_1_39' title="bbox 2242 980 3816 1052">
     <span class='ocr_line' id='line_1_39' title="bbox 2242 980 3816 1052; baseline 0.001 -18"><span class='ocrx_word' id='word_1_259' title='bbox 2242 981 2333 1034; x_wconf 81' lang='grc' dir='ltr'><strong>τὸν</strong></span> <span class='ocrx_word' id='word_1_260' title='bbox 2370 981 2645 1033; x_wconf 77' lang='grc' dir='ltr'>ἐπίλοιπον</span> <span class='ocrx_word' id='word_1_261' title='bbox 2667 980 2762 1034; x_wconf 79' lang='grc' dir='ltr'>τοῦ</span> <span class='ocrx_word' id='word_1_262' title='bbox 2799 980 2913 1050; x_wconf 88' lang='grc' dir='ltr'>βίου</span> <span class='ocrx_word' id='word_1_263' title='bbox 2942 980 3133 1052; x_wconf 87' lang='grc' dir='ltr'>χρόνον</span> <span class='ocrx_word' id='word_1_264' title='bbox 3164 980 3400 1052; x_wconf 86' lang='grc' dir='ltr'>δημώδει</span> <span class='ocrx_word' id='word_1_265' title='bbox 3437 982 3530 1034; x_wconf 74' lang='grc' dir='ltr'>καὶ</span> <span class='ocrx_word' id='word_1_266' title='bbox 3566 980 3816 1051; x_wconf 84' lang='grc' dir='ltr'>ἰδιωτικῷ</span> 
     </span>
    </p>
   </div>
   <div class='ocr_carea' id='block_1_40' title="bbox 2242 1069 3817 1142">
    <p class='ocr_par' dir='ltr' id='par_1_40' title="bbox 2242 1069 3817 1142">
     <span class='ocr_line' id='line_1_40' title="bbox 2242 1069 3817 1142; baseline 0.004 -20"><span class='ocrx_word' id='word_1_267' title='bbox 2242 1070 2428 1141; x_wconf 75' lang='grc' dir='ltr'>τρόπῳ</span> <span class='ocrx_word' id='word_1_268' title='bbox 2461 1070 2855 1140; x_wconf 88' lang='grc' dir='ltr'>διαγενόμενοι,</span> <span class='ocrx_word' id='word_1_269' title='bbox 2880 1070 3034 1134; x_wconf 77' lang='grc' dir='ltr'>τέλος</span> <span class='ocrx_word' id='word_1_270' title='bbox 3072 1071 3273 1125; x_wconf 86' lang='grc' dir='ltr'>τοιόνδε</span> <span class='ocrx_word' id='word_1_271' title='bbox 3299 1071 3396 1142; x_wconf 82' lang='grc' dir='ltr'><strong>τῆς</strong></span> <span class='ocrx_word' id='word_1_272' title='bbox 3426 1069 3570 1141; x_wconf 77' lang='grc' dir='ltr'>ζωῆς</span> <span class='ocrx_word' id='word_1_273' title='bbox 3601 1070 3817 1142; x_wconf 73' lang='grc' dir='ltr'><strong>εἰλὴχα⁴</strong></span> 
     </span>
    </p>
   </div>
   <div class='ocr_carea' id='block_1_41' title="bbox 2244 1161 3815 1234">
    <p class='ocr_par' dir='ltr' id='par_1_41' title="bbox 2244 1161 3815 1234">
     <span class='ocr_line' id='line_1_41' title="bbox 2244 1161 3815 1234; baseline 0.001 -20"><span class='ocrx_word' id='word_1_274' title='bbox 2244 1177 2348 1215; x_wconf 88' lang='grc' dir='ltr'>σιν·</span> <span class='ocrx_word' id='word_1_275' title='bbox 2385 1162 2414 1214; x_wconf 86' lang='grc' dir='ltr'>ὁ</span> <span class='ocrx_word' id='word_1_276' title='bbox 2440 1161 2539 1231; x_wconf 87' lang='grc' dir='ltr'>μὲν</span> <span class='ocrx_word' id='word_1_277' title='bbox 2563 1163 2697 1231; x_wconf 79' lang='grc' dir='ltr'>τιμῇ</span> <span class='ocrx_word' id='word_1_278' title='bbox 2725 1177 2785 1213; x_wconf 90' lang='grc' dir='ltr'><strong>τε</strong></span> <span class='ocrx_word' id='word_1_279' title='bbox 2818 1161 2913 1214; x_wconf 73' lang='grc' dir='ltr'><strong>καὶ</strong></span> <span class='ocrx_word' id='word_1_280' title='bbox 2945 1161 3120 1234; x_wconf 84' lang='grc' dir='ltr'>χρόνῳ</span> <span class='ocrx_word' id='word_1_281' title='bbox 3144 1161 3249 1215; x_wconf 85' lang='grc' dir='ltr'><strong>τῶν</strong></span> <span class='ocrx_word' id='word_1_282' title='bbox 3281 1163 3562 1233; x_wconf 82' lang='grc' dir='ltr'>πρωτείων</span> <span class='ocrx_word' id='word_1_283' title='bbox 3580 1161 3815 1233; x_wconf 70' lang='grc' dir='ltr'>ἠξιωμέ-</span> 
     </span>
    </p>
   </div>
   <div class='ocr_carea' id='block_1_42' title="bbox 2242 1251 3818 1325">
    <p class='ocr_par' dir='ltr' id='par_1_42' title="bbox 2242 1251 3818 1325">
     <span class='ocr_line' id='line_1_42' title="bbox 2242 1251 3818 1325; baseline -0.001 -19"><span class='ocrx_word' id='word_1_284' title='bbox 2242 1268 2353 1315; x_wconf 83' lang='grc' dir='ltr'>νος,</span> <span class='ocrx_word' id='word_1_285' title='bbox 2388 1253 2575 1323; x_wconf 77' lang='grc' dir='ltr'>μακρᾷ</span> <span class='ocrx_word' id='word_1_286' title='bbox 2611 1251 2705 1305; x_wconf 74' lang='grc' dir='ltr'>καὶ</span> <span class='ocrx_word' id='word_1_287' title='bbox 2738 1251 3106 1325; x_wconf 84' lang='grc' dir='ltr'>ἐπιλυποτάτῃ</span> <span class='ocrx_word' id='word_1_288' title='bbox 3138 1254 3204 1324; x_wconf 80' lang='grc' dir='ltr'>τῇ</span> <span class='ocrx_word' id='word_1_289' title='bbox 3241 1252 3333 1310; x_wconf 72' lang='grc' dir='ltr'>τοῦ</span> <span class='ocrx_word' id='word_1_290' title='bbox 3378 1251 3623 1323; x_wconf 85' lang='grc' dir='ltr'>σώματος</span> <span class='ocrx_word' id='word_1_291' title='bbox 3653 1252 3818 1305; x_wconf 83' lang='grc' dir='ltr'>ἀσθε-</span> 
     </span>
    </p>
   </div>
   <div class='ocr_carea' id='block_1_43' title="bbox 2243 1341 3815 1414">
    <p class='ocr_par' dir='ltr' id='par_1_43' title="bbox 2243 1341 3815 1414">
     <span class='ocr_line' id='line_1_43' title="bbox 2243 1341 3815 1414; baseline 0 -20"><span class='ocrx_word' id='word_1_292' title='bbox 2243 1342 2364 1414; x_wconf 78' lang='grc' dir='ltr'>νείᾳ</span> <span class='ocrx_word' id='word_1_293' title='bbox 2409 1341 2784 1414; x_wconf 75' lang='grc' dir='ltr'><strong>διεργασθεὶς,</strong></span> <span class='ocrx_word' id='word_1_294' title='bbox 2833 1345 2861 1396; x_wconf 90' lang='grc' dir='ltr'><strong>ὁ</strong></span> <span class='ocrx_word' id='word_1_295' title='bbox 2903 1342 2960 1396; x_wconf 87' lang='grc' dir='ltr'>δὲ</span> <span class='ocrx_word' id='word_1_296' title='bbox 3006 1343 3076 1397; x_wconf 84' lang='grc' dir='ltr'>τὰ</span> <span class='ocrx_word' id='word_1_297' title='bbox 3116 1343 3343 1414; x_wconf 88' lang='grc' dir='ltr'>δεύτερα</span> <span class='ocrx_word' id='word_1_298' title='bbox 3390 1344 3551 1398; x_wconf 77' lang='grc' dir='ltr'>αὐτοῦ</span> <span class='ocrx_word' id='word_1_299' title='bbox 3600 1344 3815 1414; x_wconf 82' lang='grc' dir='ltr'>φέρων,</span> 
     </span>
    </p>
   </div>
   <div class='ocr_carea' id='block_1_44' title="bbox 2244 1432 3820 1506">
    <p class='ocr_par' dir='ltr' id='par_1_44' title="bbox 2244 1432 3820 1506">
     <span class='ocr_line' id='line_1_44' title="bbox 2244 1432 3820 1506; baseline 0.004 -22"><span class='ocrx_word' id='word_1_300' title='bbox 2244 1433 2449 1506; x_wconf 77' lang='grc' dir='ltr'><strong>ἀγχόνῃ</strong></span> <span class='ocrx_word' id='word_1_301' title='bbox 2477 1432 2573 1502; x_wconf 85' lang='grc' dir='ltr'>τὴν</span> <span class='ocrx_word' id='word_1_302' title='bbox 2621 1432 2766 1503; x_wconf 78' lang='grc' dir='ltr'>ζωὴν</span> <span class='ocrx_word' id='word_1_303' title='bbox 2812 1434 3160 1505; x_wconf 71' lang='grc' dir='ltr'>ἀπορρήξας,</span> <span class='ocrx_word' id='word_1_304' title='bbox 3195 1436 3336 1489; x_wconf 85' lang='grc' dir='ltr'>κατά</span> <span class='ocrx_word' id='word_1_305' title='bbox 3378 1452 3502 1490; x_wconf 86' lang='grc' dir='ltr'>τινα</span> <span class='ocrx_word' id='word_1_306' title='bbox 3542 1434 3820 1506; x_wconf 82' lang='grc' dir='ltr'>δαιμονίαν</span> 
     </span>
    </p>
   </div>
   <div class='ocr_carea' id='block_1_45' title="bbox 2244 1524 3819 1597">
    <p class='ocr_par' dir='ltr' id='par_1_45' title="bbox 2244 1524 3819 1597">
     <span class='ocr_line' id='line_1_45' title="bbox 2244 1524 3819 1597; baseline -0.001 -17"><span class='ocrx_word' id='word_1_307' title='bbox 2244 1524 2651 1596; x_wconf 85' lang='grc' dir='ltr'>προσημείωσιν</span> <span class='ocrx_word' id='word_1_308' title='bbox 2695 1524 2853 1577; x_wconf 78' lang='grc' dir='ltr'>τοῦτο</span> <span class='ocrx_word' id='word_1_309' title='bbox 2886 1525 3094 1589; x_wconf 89' lang='grc' dir='ltr'>παθὼν,</span> <span class='ocrx_word' id='word_1_310' title='bbox 3146 1525 3235 1579; x_wconf 87' lang='grc' dir='ltr'>διὰ</span> <span class='ocrx_word' id='word_1_311' title='bbox 3278 1526 3531 1591; x_wconf 77' lang='grc' dir='ltr'>πλείστας</span> <span class='ocrx_word' id='word_1_312' title='bbox 3561 1525 3708 1597; x_wconf 78' lang='grc' dir='ltr'>αὐτῷ</span> <span class='ocrx_word' id='word_1_313' title='bbox 3729 1543 3819 1580; x_wconf 71' lang='grc' dir='ltr'>τε·</span> 
     </span>
    </p>
   </div>
   <div class='ocr_carea' id='block_1_46' title="bbox 2243 1614 3821 1691">
    <p class='ocr_par' dir='ltr' id='par_1_46' title="bbox 2243 1614 3821 1691">
     <span class='ocr_line' id='line_1_46' title="bbox 2243 1614 3821 1691; baseline 0.004 -24"><span class='ocrx_word' id='word_1_314' title='bbox 2243 1614 2591 1685; x_wconf 86' lang='grc' dir='ltr'>τολμημένας</span> <span class='ocrx_word' id='word_1_315' title='bbox 2624 1614 2991 1687; x_wconf 79' lang='grc' dir='ltr'>ῥᾳδιουργίας.</span> <span class='ocrx_word' id='word_1_316' title='bbox 3019 1615 3139 1670; x_wconf 84' lang='grc' dir='ltr'><strong>Τῶν</strong></span> <span class='ocrx_word' id='word_1_317' title='bbox 3172 1616 3229 1670; x_wconf 89' lang='grc' dir='ltr'>δὲ</span> <span class='ocrx_word' id='word_1_318' title='bbox 3259 1618 3398 1688; x_wconf 80' lang='grc' dir='ltr'>μετὰ</span> <span class='ocrx_word' id='word_1_319' title='bbox 3428 1619 3647 1683; x_wconf 83' lang='grc' dir='ltr'>τούτους</span> <span class='ocrx_word' id='word_1_320' title='bbox 3667 1621 3696 1673; x_wconf 85' lang='grc' dir='ltr'>ὁ</span> <span class='ocrx_word' id='word_1_321' title='bbox 3724 1622 3821 1691; x_wconf 81' lang='grc' dir='ltr'>μὲν</span> 
     </span>
    </p>
   </div>
   <div class='ocr_carea' id='block_1_47' title="bbox 2247 1704 3824 1795">
    <p class='ocr_par' dir='ltr' id='par_1_47' title="bbox 2247 1704 3824 1795">
     <span class='ocr_line' id='line_1_47' title="bbox 2247 1704 3824 1795; baseline 0.004 -37"><span class='ocrx_word' id='word_1_322' title='bbox 2247 1704 2496 1770; x_wconf 73' lang='grc' dir='ltr'>ὕστατος,</span> <span class='ocrx_word' id='word_1_323' title='bbox 2529 1705 2588 1758; x_wconf 81' lang='grc' dir='ltr'>ὃν</span> <span class='ocrx_word' id='word_1_324' title='bbox 2609 1707 2704 1761; x_wconf 79' lang='grc' dir='ltr'>καὶ</span> <span class='ocrx_word' id='word_1_325' title='bbox 2736 1707 2977 1795; x_wconf 78' lang='grc' dir='ltr'>ἀρχηγὸν</span> <span class='ocrx_word' id='word_1_326' title='bbox 3007 1707 3102 1763; x_wconf 78' lang='grc' dir='ltr'>τοῦ</span> <span class='ocrx_word' id='word_1_327' title='bbox 3135 1710 3333 1773; x_wconf 85' lang='grc' dir='ltr'>παντὸς</span> <span class='ocrx_word' id='word_1_328' title='bbox 3366 1709 3574 1781; x_wconf 77' lang='grc' dir='ltr'>ἔφαμεν</span> <span class='ocrx_word' id='word_1_329' title='bbox 3605 1711 3824 1795; x_wconf 60' lang='grc' dir='ltr'>γεγονέτ</span> 
     </span>
    </p>
   </div>
   <div class='ocr_carea' id='block_1_48' title="bbox 2175 1774 3823 1874">
    <p class='ocr_par' dir='ltr' id='par_1_48' title="bbox 2175 1774 3823 1874">
     <span class='ocr_line' id='line_1_48' title="bbox 2175 1774 3823 1874; baseline 0.005 -26"><span class='ocrx_word' id='word_1_330' title='bbox 2175 1774 2218 1834; x_wconf 75' lang='grc' dir='ltr'><strong><em>Β</em></strong></span> <span class='ocrx_word' id='word_1_331' title='bbox 2245 1813 2333 1849; x_wconf 92' lang='grc' dir='ltr'><strong>ναι</strong></span> <span class='ocrx_word' id='word_1_332' title='bbox 2361 1795 2623 1866; x_wconf 83' lang='grc' dir='ltr'>διωγμοῦ,</span> <span class='ocrx_word' id='word_1_333' title='bbox 2664 1774 3005 1852; x_wconf 63' lang='grc' dir='ltr'>τοιαῧταοῖα</span> <span class='ocrx_word' id='word_1_334' title='bbox 3042 1800 3137 1855; x_wconf 80' lang='grc' dir='ltr'><strong>καὶ</strong></span> <span class='ocrx_word' id='word_1_335' title='bbox 3176 1774 3695 1874; x_wconf 53' lang='grc' dir='ltr'>προδεδηλώκαμεν,</span> <span class='ocrx_word' id='word_1_336' title='bbox 3721 1774 3823 1857; x_wconf 63' lang='grc' dir='ltr'><strong>πέΣ</strong></span> 
     </span>
    </p>
   </div>
   <div class='ocr_carea' id='block_1_49' title="bbox 2244 1886 3825 1964">
    <p class='ocr_par' dir='ltr' id='par_1_49' title="bbox 2244 1886 3825 1964">
     <span class='ocr_line' id='line_1_49' title="bbox 2244 1886 3825 1964; baseline 0.005 -24"><span class='ocrx_word' id='word_1_337' title='bbox 2244 1886 2458 1950; x_wconf 87' lang='grc' dir='ltr'>πονθεν,</span> <span class='ocrx_word' id='word_1_338' title='bbox 2492 1888 2521 1940; x_wconf 88' lang='grc' dir='ltr'>ὁ</span> <span class='ocrx_word' id='word_1_339' title='bbox 2553 1887 2609 1940; x_wconf 86' lang='grc' dir='ltr'><strong>δὲ</strong></span> <span class='ocrx_word' id='word_1_340' title='bbox 2643 1886 2830 1944; x_wconf 78' lang='grc' dir='ltr'>τοῦτον</span> <span class='ocrx_word' id='word_1_341' title='bbox 2860 1889 3117 1961; x_wconf 78' lang='grc' dir='ltr'>προάγων</span> <span class='ocrx_word' id='word_1_342' title='bbox 3138 1893 3502 1963; x_wconf 85' lang='grc' dir='ltr'>χρηστότατος</span> <span class='ocrx_word' id='word_1_343' title='bbox 3533 1894 3628 1946; x_wconf 78' lang='grc' dir='ltr'>καὶ</span> <span class='ocrx_word' id='word_1_344' title='bbox 3649 1893 3825 1964; x_wconf 73' lang='grc' dir='ltr'>ἠπιώ-</span> 
     </span>
    </p>
   </div>
   <div class='ocr_carea' id='block_1_50' title="bbox 2238 1978 3824 2059">
    <p class='ocr_par' dir='ltr' id='par_1_50' title="bbox 2238 1978 3824 2059">
     <span class='ocr_line' id='line_1_50' title="bbox 2238 1978 3824 2059; baseline 0.004 -26"><span class='ocrx_word' id='word_1_345' title='bbox 2238 1996 2397 2041; x_wconf 89' lang='grc' dir='ltr'>τατος</span> <span class='ocrx_word' id='word_1_346' title='bbox 2419 1978 2673 2049; x_wconf 79' lang='grc' dir='ltr'>βασιλεὺς</span> <span class='ocrx_word' id='word_1_347' title='bbox 2704 1981 3101 2047; x_wconf 81' lang='grc' dir='ltr'>Κωνστόιντιος,</span> <span class='ocrx_word' id='word_1_348' title='bbox 3127 1982 3369 2051; x_wconf 78' lang='grc' dir='ltr'>ἐπαξίως</span> <span class='ocrx_word' id='word_1_349' title='bbox 3396 1984 3496 2055; x_wconf 82' lang='grc' dir='ltr'><strong>τῆς</strong></span> <span class='ocrx_word' id='word_1_350' title='bbox 3525 1986 3824 2059; x_wconf 76' lang='grc' dir='ltr'>ἡγεμονίας</span> 
     </span>
    </p>
   </div>
   <div class='ocr_carea' id='block_1_51' title="bbox 2238 2070 3824 2147">
    <p class='ocr_par' dir='ltr' id='par_1_51' title="bbox 2238 2070 3824 2147">
     <span class='ocr_line' id='line_1_51' title="bbox 2238 2070 3824 2147; baseline 0.006 -24"><span class='ocrx_word' id='word_1_351' title='bbox 2238 2070 2329 2124; x_wconf 72' lang='grc' dir='ltr'>τὸν</span> <span class='ocrx_word' id='word_1_352' title='bbox 2356 2071 2570 2124; x_wconf 73' lang='grc' dir='ltr'>ἅπαντα</span> <span class='ocrx_word' id='word_1_353' title='bbox 2598 2071 2696 2142; x_wconf 78' lang='grc' dir='ltr'><strong>τῆς</strong></span> <span class='ocrx_word' id='word_1_354' title='bbox 2725 2072 2901 2143; x_wconf 81' lang='grc' dir='ltr'>ἀρχῆς</span> <span class='ocrx_word' id='word_1_355' title='bbox 2941 2074 3254 2139; x_wconf 84' lang='grc' dir='ltr'>διατελέσας</span> <span class='ocrx_word' id='word_1_356' title='bbox 3294 2077 3506 2147; x_wconf 85' lang='grc' dir='ltr'>χρόνον.</span> <span class='ocrx_word' id='word_1_357' title='bbox 3543 2078 3704 2133; x_wconf 80' lang='grc' dir='ltr'>Ἀλλὰ</span> <span class='ocrx_word' id='word_1_358' title='bbox 3729 2080 3824 2133; x_wconf 79' lang='grc' dir='ltr'><strong>καὶ</strong></span> 
     </span>
    </p>
   </div>
   <div class='ocr_carea' id='block_1_52' title="bbox 2239 2163 3819 2242">
    <p class='ocr_par' dir='ltr' id='par_1_52' title="bbox 2239 2163 3819 2242">
     <span class='ocr_line' id='line_1_52' title="bbox 2239 2163 3819 2242; baseline 0.006 -26"><span class='ocrx_word' id='word_1_359' title='bbox 2239 2163 2406 2217; x_wconf 74' lang='grc' dir='ltr'>τᾶλλα</span> <span class='ocrx_word' id='word_1_360' title='bbox 2439 2166 2552 2226; x_wconf 89' lang='grc' dir='ltr'>τοῖς</span> <span class='ocrx_word' id='word_1_361' title='bbox 2576 2167 2708 2217; x_wconf 80' lang='grc' dir='ltr'>πᾶσι</span> <span class='ocrx_word' id='word_1_362' title='bbox 2733 2165 3055 2233; x_wconf 80' lang='grc' dir='ltr'>δεξιώτατον</span> <span class='ocrx_word' id='word_1_363' title='bbox 3078 2168 3172 2222; x_wconf 63' lang='grc' dir='ltr'><strong>κα)⁸</strong></span> <span class='ocrx_word' id='word_1_364' title='bbox 3200 2170 3692 2242; x_wconf 81' lang='grc' dir='ltr'>εὐεργετικὼτατον</span> <span class='ocrx_word' id='word_1_365' title='bbox 3714 2191 3819 2226; x_wconf 86' lang='grc' dir='ltr'>πα-</span> 
     </span>
    </p>
   </div>
   <div class='ocr_carea' id='block_1_53' title="bbox 2241 2255 3824 2334">
    <p class='ocr_par' dir='ltr' id='par_1_53' title="bbox 2241 2255 3824 2334">
     <span class='ocr_line' id='line_1_53' title="bbox 2241 2255 3824 2334; baseline 0.006 -26"><span class='ocrx_word' id='word_1_366' title='bbox 2241 2255 2456 2327; x_wconf 83' lang='grc' dir='ltr'>ρασχὼν</span> <span class='ocrx_word' id='word_1_367' title='bbox 2473 2256 2792 2322; x_wconf 84' lang='grc' dir='ltr'>ἐαυτὸν,ἀτὰ</span> <span class='ocrx_word' id='word_1_368' title='bbox 2797 2274 2829 2328; x_wconf 90' lang='grc' dir='ltr'><strong>ρ</strong></span> <span class='ocrx_word' id='word_1_369' title='bbox 2842 2257 3041 2311; x_wconf 77' lang='grc' dir='ltr'>καὶτοῦ</span> <span class='ocrx_word' id='word_1_370' title='bbox 3059 2259 3177 2313; x_wconf 85' lang='grc' dir='ltr'>καθ’</span> <span class='ocrx_word' id='word_1_371' title='bbox 3194 2261 3351 2330; x_wconf 82' lang='grc' dir='ltr'>ἡμῶν</span> <span class='ocrx_word' id='word_1_372' title='bbox 3370 2261 3607 2334; x_wconf 83' lang='grc' dir='ltr'>πολέμου</span> <span class='ocrx_word' id='word_1_373' title='bbox 3622 2264 3727 2331; x_wconf 79' lang='grc' dir='ltr'>ἔξω</span> <span class='ocrx_word' id='word_1_374' title='bbox 3744 2282 3824 2333; x_wconf 83' lang='grc' dir='ltr'>γε-</span> 
     </span>
    </p>
   </div>
   <div class='ocr_carea' id='block_1_54' title="bbox 2239 2346 3823 2420">
    <p class='ocr_par' dir='ltr' id='par_1_54' title="bbox 2239 2346 3823 2420">
     <span class='ocr_line' id='line_1_54' title="bbox 2239 2346 3823 2420; baseline 0.008 -22"><span class='ocrx_word' id='word_1_375' title='bbox 2239 2346 2478 2418; x_wconf 80' lang='grc' dir='ltr'>νόμενος,</span> <span class='ocrx_word' id='word_1_376' title='bbox 2496 2348 2726 2408; x_wconf 73' lang='grc' dir='ltr'>καὶτοὺς</span> <span class='ocrx_word' id='word_1_377' title='bbox 2745 2349 2833 2401; x_wconf 79' lang='grc' dir='ltr'><strong>ὑπ’</strong></span> <span class='ocrx_word' id='word_1_378' title='bbox 2852 2349 3012 2405; x_wconf 81' lang='grc' dir='ltr'>αὑτὸν</span> <span class='ocrx_word' id='word_1_379' title='bbox 3030 2349 3318 2420; x_wconf 84' lang='grc' dir='ltr'>θεοσεϐεῖς,</span> <span class='ocrx_word' id='word_1_380' title='bbox 3338 2354 3593 2420; x_wconf 82' lang='grc' dir='ltr'>ἀϐλαϐεῖς</span> <span class='ocrx_word' id='word_1_381' title='bbox 3625 2358 3719 2410; x_wconf 73' lang='grc' dir='ltr'><strong>καὶ</strong></span> <span class='ocrx_word' id='word_1_382' title='bbox 3740 2359 3823 2410; x_wconf 84' lang='grc' dir='ltr'><strong>ἁν-</strong></span> 
     </span>
    </p>
   </div>
   <div class='ocr_carea' id='block_1_55' title="bbox 2239 2435 3828 2511">
    <p class='ocr_par' dir='ltr' id='par_1_55' title="bbox 2239 2435 3828 2511">
     <span class='ocr_line' id='line_1_55' title="bbox 2239 2435 3828 2511; baseline 0.007 -24"><span class='ocrx_word' id='word_1_383' title='bbox 2239 2436 2609 2507; x_wconf 85' lang='grc' dir='ltr'>επηρεάστους</span> <span class='ocrx_word' id='word_1_384' title='bbox 2623 2435 2972 2506; x_wconf 73' lang='grc' dir='ltr'>διαφυλάξας,</span> <span class='ocrx_word' id='word_1_385' title='bbox 2990 2439 3084 2493; x_wconf 79' lang='grc' dir='ltr'><strong>καὶ</strong></span> <span class='ocrx_word' id='word_1_386' title='bbox 3099 2441 3234 2511; x_wconf 86' lang='grc' dir='ltr'>μήτε</span> <span class='ocrx_word' id='word_1_387' title='bbox 3250 2443 3375 2506; x_wconf 78' lang='grc' dir='ltr'>τοὺς</span> <span class='ocrx_word' id='word_1_388' title='bbox 3394 2442 3576 2507; x_wconf 78' lang='grc' dir='ltr'>οἴκους</span> <span class='ocrx_word' id='word_1_389' title='bbox 3585 2443 3695 2497; x_wconf 86' lang='grc' dir='ltr'><strong>τῶν</strong></span> <span class='ocrx_word' id='word_1_390' title='bbox 3714 2446 3828 2498; x_wconf 84' lang='grc' dir='ltr'><strong>Ἐκ-</strong></span> 
     </span>
    </p>
   </div>
   <div class='ocr_carea' id='block_1_56' title="bbox 2240 2526 3825 2606">
    <p class='ocr_par' dir='ltr' id='par_1_56' title="bbox 2240 2526 3825 2606">
     <span class='ocr_line' id='line_1_56' title="bbox 2240 2526 3825 2606; baseline 0.006 -26"><span class='ocrx_word' id='word_1_391' title='bbox 2240 2526 2478 2598; x_wconf 81' lang='grc' dir='ltr'>κλησιῶν</span> <span class='ocrx_word' id='word_1_392' title='bbox 2498 2526 2762 2591; x_wconf 86' lang='grc' dir='ltr'>καθελὼν,</span> <span class='ocrx_word' id='word_1_393' title='bbox 2782 2528 2909 2600; x_wconf 84' lang='grc' dir='ltr'>μηθ’</span> <span class='ocrx_word' id='word_1_394' title='bbox 2926 2529 3014 2583; x_wconf 77' lang='grc' dir='ltr'>ἓτε</span> <span class='ocrx_word' id='word_1_395' title='bbox 3024 2532 3114 2600; x_wconf 91' lang='grc' dir='ltr'><strong>ρόν</strong></span> <span class='ocrx_word' id='word_1_396' title='bbox 3138 2550 3191 2586; x_wconf 91' lang='grc' dir='ltr'><strong>τι</strong></span> <span class='ocrx_word' id='word_1_397' title='bbox 3214 2533 3336 2605; x_wconf 74' lang='grc' dir='ltr'>μηδ’</span> <span class='ocrx_word' id='word_1_398' title='bbox 3356 2533 3493 2598; x_wconf 84' lang='grc' dir='ltr'>ὅλως</span> <span class='ocrx_word' id='word_1_399' title='bbox 3513 2534 3635 2588; x_wconf 80' lang='grc' dir='ltr'>καθ’</span> <span class='ocrx_word' id='word_1_400' title='bbox 3667 2536 3825 2606; x_wconf 79' lang='grc' dir='ltr'>ἡμῶν</span> 
     </span>
    </p>
   </div>
   <div class='ocr_carea' id='block_1_57' title="bbox 2241 2623 3826 2699">
    <p class='ocr_par' dir='ltr' id='par_1_57' title="bbox 2241 2623 3826 2699">
     <span class='ocr_line' id='line_1_57' title="bbox 2241 2623 3826 2699; baseline 0.005 -25"><span class='ocrx_word' id='word_1_401' title='bbox 2241 2623 2518 2676; x_wconf 87' lang='grc' dir='ltr'>ἐπικαινου</span> <span class='ocrx_word' id='word_1_402' title='bbox 2529 2623 2628 2693; x_wconf 83' lang='grc' dir='ltr'>ργή</span> <span class='ocrx_word' id='word_1_403' title='bbox 2637 2639 2753 2686; x_wconf 89' lang='grc' dir='ltr'>σας,</span> <span class='ocrx_word' id='word_1_404' title='bbox 2769 2623 2919 2686; x_wconf 80' lang='grc' dir='ltr'>τέλος</span> <span class='ocrx_word' id='word_1_405' title='bbox 2931 2624 3182 2695; x_wconf 75' lang='grc' dir='ltr'>εὔδαιμον</span> <span class='ocrx_word' id='word_1_406' title='bbox 3196 2625 3304 2695; x_wconf 88' lang='grc'><strong>(98)</strong></span> <span class='ocrx_word' id='word_1_407' title='bbox 3320 2627 3414 2681; x_wconf 71' lang='grc' dir='ltr'><strong>καὶ</strong></span> <span class='ocrx_word' id='word_1_408' title='bbox 3429 2629 3826 2699; x_wconf 86' lang='grc' dir='ltr'>τρισμακάριον</span> 
     </span>
    </p>
   </div>
   <div class='ocr_carea' id='block_1_58' title="bbox 2238 2712 3825 2788">
    <p class='ocr_par' dir='ltr' id='par_1_58' title="bbox 2238 2712 3825 2788">
     <span class='ocr_line' id='line_1_58' title="bbox 2238 2712 3825 2788; baseline 0.004 -23"><span class='ocrx_word' id='word_1_409' title='bbox 2238 2712 2403 2775; x_wconf 76' lang='grc' dir='ltr'>ὅντως</span> <span class='ocrx_word' id='word_1_410' title='bbox 2424 2713 2714 2784; x_wconf 81' lang='grc' dir='ltr'>κατείληφε</span> <span class='ocrx_word' id='word_1_411' title='bbox 2726 2713 2817 2766; x_wconf 80' lang='grc' dir='ltr'>τοῦ</span> <span class='ocrx_word' id='word_1_412' title='bbox 2833 2713 2969 2783; x_wconf 85' lang='grc' dir='ltr'>βίου,</span> <span class='ocrx_word' id='word_1_413' title='bbox 2980 2716 3137 2785; x_wconf 85' lang='grc' dir='ltr'>μόνος</span> <span class='ocrx_word' id='word_1_414' title='bbox 3152 2717 3242 2768; x_wconf 76' lang='grc' dir='ltr'>ἐπὶ</span> <span class='ocrx_word' id='word_1_415' title='bbox 3258 2717 3357 2787; x_wconf 80' lang='grc' dir='ltr'>τῆς</span> <span class='ocrx_word' id='word_1_416' title='bbox 3371 2718 3531 2771; x_wconf 81' lang='grc' dir='ltr'>αὐτοῦ</span> <span class='ocrx_word' id='word_1_417' title='bbox 3553 2719 3825 2788; x_wconf 80' lang='grc' dir='ltr'>βασιλείας</span> 
     </span>
    </p>
   </div>
   <div class='ocr_carea' id='block_1_59' title="bbox 2240 2804 3827 2880">
    <p class='ocr_par' dir='ltr' id='par_1_59' title="bbox 2240 2804 3827 2880">
     <span class='ocr_line' id='line_1_59' title="bbox 2240 2804 3827 2880; baseline 0.003 -23"><span class='ocrx_word' id='word_1_418' title='bbox 2240 2804 2483 2875; x_wconf 78' lang='grc' dir='ltr'>εὐμενῶς</span> <span class='ocrx_word' id='word_1_419' title='bbox 2532 2805 2625 2857; x_wconf 76' lang='grc' dir='ltr'><strong>καὶ</strong></span> <span class='ocrx_word' id='word_1_420' title='bbox 2656 2804 2949 2871; x_wconf 81' lang='grc' dir='ltr'>ἐπιδόξως,</span> <span class='ocrx_word' id='word_1_421' title='bbox 2992 2807 3085 2859; x_wconf 75' lang='grc' dir='ltr'><strong>ἐπὶ</strong></span> <span class='ocrx_word' id='word_1_422' title='bbox 3129 2807 3356 2878; x_wconf 80' lang='grc' dir='ltr'>διαδόχῳ</span> <span class='ocrx_word' id='word_1_423' title='bbox 3403 2810 3502 2879; x_wconf 82' lang='grc' dir='ltr'>τῆς</span> <span class='ocrx_word' id='word_1_424' title='bbox 3551 2809 3827 2880; x_wconf 82' lang='grc' dir='ltr'>βασιλείας</span> 
     </span>
    </p>
   </div>
   <div class='ocr_carea' id='block_1_60' title="bbox 2238 2897 3825 2973">
    <p class='ocr_par' dir='ltr' id='par_1_60' title="bbox 2238 2897 3825 2973">
     <span class='ocr_line' id='line_1_60' title="bbox 2238 2897 3825 2973; baseline 0.004 -24"><span class='ocrx_word' id='word_1_425' title='bbox 2238 2898 2448 2969; x_wconf 79' lang='grc' dir='ltr'>γνησίῳ</span> <span class='ocrx_word' id='word_1_426' title='bbox 2494 2897 2647 2951; x_wconf 74' lang='grc' dir='ltr'>παιδὶ</span> <span class='ocrx_word' id='word_1_427' title='bbox 2700 2897 2770 2952; x_wconf 78' lang='grc' dir='ltr'>τὰ</span> <span class='ocrx_word' id='word_1_428' title='bbox 2823 2898 2999 2951; x_wconf 84' lang='grc' dir='ltr'>πάντα</span> <span class='ocrx_word' id='word_1_429' title='bbox 3036 2901 3470 2973; x_wconf 61' lang='grc' dir='ltr'>σωφρονεστάτη)</span> <span class='ocrx_word' id='word_1_430' title='bbox 3524 2903 3620 2956; x_wconf 77' lang='grc' dir='ltr'>καὶ</span> <span class='ocrx_word' id='word_1_431' title='bbox 3667 2904 3825 2955; x_wconf 76' lang='grc' dir='ltr'>εὐσε-</span> 
     </span>
    </p>
   </div>
   <div class='ocr_carea' id='block_1_61' title="bbox 2243 2990 3828 3067">
    <p class='ocr_par' dir='ltr' id='par_1_61' title="bbox 2243 2990 3828 3067">
     <span class='ocr_line' id='line_1_61' title="bbox 2243 2990 3828 3067; baseline 0.005 -26"><span class='ocrx_word' id='word_1_432' title='bbox 2243 2990 2493 3061; x_wconf 81' lang='grc' dir='ltr'>ϐεστάτῳ</span> <span class='ocrx_word' id='word_1_433' title='bbox 2519 2991 2885 3062; x_wconf 81' lang='grc' dir='ltr'>τελευτήσας’</span> <span class='ocrx_word' id='word_1_434' title='bbox 2914 2992 2973 3055; x_wconf 83' lang='grc' dir='ltr'>ὃς</span> <span class='ocrx_word' id='word_1_435' title='bbox 3016 2994 3180 3057; x_wconf 76' lang='grc' dir='ltr'>εὐθὺς</span> <span class='ocrx_word' id='word_1_436' title='bbox 3225 2995 3527 3066; x_wconf 84' lang='grc' dir='ltr'>ἀρχόμενος</span> <span class='ocrx_word' id='word_1_437' title='bbox 3576 2997 3828 3067; x_wconf 81' lang='grc' dir='ltr'>βασιλεὺς</span> 
     </span>
    </p>
   </div>
   <div class='ocr_carea' id='block_1_62' title="bbox 569 3081 2146 3170">
    <p class='ocr_par' dir='ltr' id='par_1_62' title="bbox 569 3081 2141 3157">
     <span class='ocr_line' id='line_1_62' title="bbox 569 3081 2141 3157; baseline -0.003 -20"><span class='ocrx_word' id='word_1_438' title='bbox 569 3091 871 3146; x_wconf 84' lang='lat' dir='ltr'><strong>statuerat;</strong></span> <span class='ocrx_word' id='word_1_439' title='bbox 902 3081 1114 3140; x_wconf 71' lang='lat' dir='ltr'><strong>felicem</strong></span> <span class='ocrx_word' id='word_1_440' title='bbox 1146 3088 1202 3137; x_wconf 78' lang='lat' dir='ltr'><strong>et</strong></span> <span class='ocrx_word' id='word_1_441' title='bbox 1236 3096 1425 3134; x_wconf 84' lang='lat' dir='ltr'><strong>revera</strong></span> <span class='ocrx_word' id='word_1_442' title='bbox 1469 3081 1843 3137; x_wconf 84' lang='lat' dir='ltr'><strong>beatissimum</strong></span> <span class='ocrx_word' id='word_1_443' title='bbox 1869 3081 2035 3157; x_wconf 69' lang='lat'><strong>318</strong></span> <span class='ocrx_word' id='word_1_444' title='bbox 2063 3082 2141 3134; x_wconf 88' lang='lat' dir='ltr'><strong>vi-</strong></span> 
     </span>
    </p>
   </div>
   <div class='ocr_carea' id='block_1_63' title="bbox 2234 3081 3828 3170">
    <p class='ocr_par' dir='ltr' id='par_1_63' title="bbox 2241 3081 3828 3160">
     <span class='ocr_line' id='line_1_63' title="bbox 2241 3081 3828 3160; baseline 0.004 -23"><span class='ocrx_word' id='word_1_445' title='bbox 2241 3081 2568 3146; x_wconf 87' lang='grc' dir='ltr'>τελεώτατος</span> <span class='ocrx_word' id='word_1_446' title='bbox 2612 3084 2705 3136; x_wconf 75' lang='grc' dir='ltr'><strong>καὶ</strong></span> <span class='ocrx_word' id='word_1_447' title='bbox 2765 3083 3033 3148; x_wconf 84' lang='grc' dir='ltr'>Σεϐαστὸς</span> <span class='ocrx_word' id='word_1_448' title='bbox 3097 3086 3233 3157; x_wconf 76' lang='grc' dir='ltr'>πρὸς</span> <span class='ocrx_word' id='word_1_449' title='bbox 3288 3086 3396 3141; x_wconf 82' lang='grc' dir='ltr'>τῶν</span> <span class='ocrx_word' id='word_1_450' title='bbox 3452 3089 3828 3160; x_wconf 89' lang='grc' dir='ltr'>στρατοπέδων</span> 
     </span>
    </p>
   </div>
   <div class='ocr_carea' id='block_1_64' title="bbox 574 3170 2140 3243">
    <p class='ocr_par' dir='ltr' id='par_1_64' title="bbox 574 3170 2140 3243">
     <span class='ocr_line' id='line_1_64' title="bbox 574 3170 2140 3243; baseline -0.001 -18"><span class='ocrx_word' id='word_1_451' title='bbox 574 3183 641 3227; x_wconf 69' lang='lat' dir='ltr'><strong>tae</strong></span> <span class='ocrx_word' id='word_1_452' title='bbox 673 3174 874 3226; x_wconf 84' lang='lat' dir='ltr'><strong>exitum</strong></span> <span class='ocrx_word' id='word_1_453' title='bbox 903 3172 1227 3242; x_wconf 89' lang='lat' dir='ltr'><strong>promeruit.</strong></span> <span class='ocrx_word' id='word_1_454' title='bbox 1263 3171 1469 3239; x_wconf 82' lang='lat' dir='ltr'><strong>Quippe</strong></span> <span class='ocrx_word' id='word_1_455' title='bbox 1504 3170 1596 3243; x_wconf 90' lang='lat' dir='ltr'><strong>qui</strong></span> <span class='ocrx_word' id='word_1_456' title='bbox 1641 3171 1791 3226; x_wconf 87' lang='lat' dir='ltr'><strong>solus</strong></span> <span class='ocrx_word' id='word_1_457' title='bbox 1815 3174 2057 3225; x_wconf 89' lang='lat' dir='ltr'><strong>omnium</strong></span> <span class='ocrx_word' id='word_1_458' title='bbox 2087 3172 2140 3224; x_wconf 91' lang='lat' dir='ltr'><strong>in</strong></span> 
     </span>
    </p>
   </div>
   <div class='ocr_carea' id='block_1_65' title="bbox 574 3259 2143 3331">
    <p class='ocr_par' dir='ltr' id='par_1_65' title="bbox 574 3259 2143 3331">
     <span class='ocr_line' id='line_1_65' title="bbox 574 3259 2143 3331; baseline -0.003 -15"><span class='ocrx_word' id='word_1_459' title='bbox 574 3263 801 3331; x_wconf 91' lang='lat' dir='ltr'><strong>imperio</strong></span> <span class='ocrx_word' id='word_1_460' title='bbox 844 3278 943 3317; x_wconf 91' lang='lat' dir='ltr'><strong>suo</strong></span> <span class='ocrx_word' id='word_1_461' title='bbox 992 3277 1202 3316; x_wconf 89' lang='lat' dir='ltr'><strong>summa</strong></span> <span class='ocrx_word' id='word_1_462' title='bbox 1252 3275 1376 3315; x_wconf 92' lang='lat' dir='ltr'><strong>cum</strong></span> <span class='ocrx_word' id='word_1_463' title='bbox 1414 3259 1811 3328; x_wconf 87' lang='lat' dir='ltr'><strong>tranquillitate</strong></span> <span class='ocrx_word' id='word_1_464' title='bbox 1860 3269 1916 3313; x_wconf 94' lang='lat' dir='ltr'><strong>et</strong></span> <span class='ocrx_word' id='word_1_465' title='bbox 1970 3260 2143 3327; x_wconf 75' lang='lat' dir='ltr'><strong>gloria</strong></span> 
     </span>
    </p>
   </div>
   <div class='ocr_carea' id='block_1_66' title="bbox 572 3350 2142 3422">
    <p class='ocr_par' dir='ltr' id='par_1_66' title="bbox 572 3350 2142 3422">
     <span class='ocr_line' id='line_1_66' title="bbox 572 3350 2142 3422; baseline -0.004 -11"><span class='ocrx_word' id='word_1_466' title='bbox 572 3369 941 3411; x_wconf 85' lang='lat' dir='ltr'><strong>successorem</strong></span> <span class='ocrx_word' id='word_1_467' title='bbox 981 3354 1295 3422; x_wconf 88' lang='lat' dir='ltr'><strong>relinquens</strong></span> <span class='ocrx_word' id='word_1_468' title='bbox 1324 3350 1601 3421; x_wconf 90' lang='lat' dir='ltr'><strong>proprium</strong></span> <span class='ocrx_word' id='word_1_469' title='bbox 1630 3350 1818 3415; x_wconf 82' lang='lat' dir='ltr'><strong>filium,</strong></span> <span class='ocrx_word' id='word_1_470' title='bbox 1852 3350 2142 3405; x_wconf 86' lang='lat' dir='ltr'><strong>modestis-</strong></span> 
     </span>
    </p>
   </div>
   <div class='ocr_carea' id='block_1_67' title="bbox 466 3443 2146 3528">
    <p class='ocr_par' dir='ltr' id='par_1_67' title="bbox 466 3443 2146 3528">
     <span class='ocr_line' id='line_1_67' title="bbox 466 3443 2146 3528; baseline -0.005 -24"><span class='ocrx_word' id='word_1_471' title='bbox 466 3520 474 3528; x_wconf 36' lang='lat'><em>.</em></span> <span class='ocrx_word' id='word_1_472' title='bbox 573 3449 771 3505; x_wconf 88' lang='lat' dir='ltr'><strong>simum</strong></span> <span class='ocrx_word' id='word_1_473' title='bbox 814 3456 871 3502; x_wconf 89' lang='lat' dir='ltr'><strong>et</strong></span> <span class='ocrx_word' id='word_1_474' title='bbox 902 3446 1368 3517; x_wconf 82' lang='lat' dir='ltr'><strong>religiosissimum</strong></span> <span class='ocrx_word' id='word_1_475' title='bbox 1416 3445 1742 3513; x_wconf 87' lang='lat' dir='ltr'><strong>principem,</strong></span> <span class='ocrx_word' id='word_1_476' title='bbox 1775 3459 1840 3497; x_wconf 82' lang='lat' dir='ltr'><strong>ex</strong></span> <span class='ocrx_word' id='word_1_477' title='bbox 1875 3444 1980 3497; x_wconf 89' lang='lat' dir='ltr'><strong>hac</strong></span> <span class='ocrx_word' id='word_1_478' title='bbox 2025 3443 2146 3497; x_wconf 89' lang='lat' dir='ltr'><strong>luce</strong></span> 
     </span>
    </p>
   </div>
   <div class='ocr_carea' id='block_1_68' title="bbox 574 3533 2147 3610">
    <p class='ocr_par' dir='ltr' id='par_1_68' title="bbox 574 3533 2147 3610">
     <span class='ocr_line' id='line_1_68' title="bbox 574 3533 2147 3610; baseline -0.004 -17"><span class='ocrx_word' id='word_1_479' title='bbox 574 3539 850 3610; x_wconf 76' lang='lat' dir='ltr'><strong>migravit.</strong></span> <span class='ocrx_word' id='word_1_480' title='bbox 896 3537 1066 3608; x_wconf 83' lang='lat' dir='ltr'><strong>Hujus</strong></span> <span class='ocrx_word' id='word_1_481' title='bbox 1111 3547 1297 3592; x_wconf 86' lang='lat' dir='ltr'><strong>autem</strong></span> <span class='ocrx_word' id='word_1_482' title='bbox 1329 3536 1472 3591; x_wconf 86' lang='lat' dir='ltr'><strong>filius</strong></span> <span class='ocrx_word' id='word_1_483' title='bbox 1516 3533 1907 3590; x_wconf 89' lang='lat' dir='ltr'><strong>Constantinus</strong></span> <span class='ocrx_word' id='word_1_484' title='bbox 1931 3538 2000 3588; x_wconf 84' lang='lat' dir='ltr'><strong>ab</strong></span> <span class='ocrx_word' id='word_1_485' title='bbox 2031 3535 2147 3603; x_wconf 89' lang='lat' dir='ltr'><strong>ipso</strong></span> 
     </span>
    </p>
   </div>
   <div class='ocr_carea' id='block_1_69' title="bbox 573 3628 2147 3698">
    <p class='ocr_par' dir='ltr' id='par_1_69' title="bbox 573 3628 2147 3698">
     <span class='ocr_line' id='line_1_69' title="bbox 573 3628 2147 3698; baseline -0.003 -14"><span class='ocrx_word' id='word_1_486' title='bbox 573 3632 754 3684; x_wconf 88' lang='lat' dir='ltr'><strong>statim</strong></span> <span class='ocrx_word' id='word_1_487' title='bbox 781 3630 1007 3686; x_wconf 92' lang='lat' dir='ltr'><strong>exordio</strong></span> <span class='ocrx_word' id='word_1_488' title='bbox 1043 3643 1328 3698; x_wconf 90' lang='lat' dir='ltr'><strong>supremus</strong></span> <span class='ocrx_word' id='word_1_489' title='bbox 1376 3628 1670 3697; x_wconf 90' lang='lat' dir='ltr'><strong>imperator</strong></span> <span class='ocrx_word' id='word_1_490' title='bbox 1697 3636 1753 3681; x_wconf 92' lang='lat' dir='ltr'><strong>et</strong></span> <span class='ocrx_word' id='word_1_491' title='bbox 1796 3629 2071 3698; x_wconf 80' lang='lat' dir='ltr'><strong>Angustus</strong></span> <span class='ocrx_word' id='word_1_492' title='bbox 2116 3641 2147 3679; x_wconf 90' lang='lat' dir='ltr'><strong>a</strong></span> 
     </span>
    </p>
   </div>
   <div class='ocr_carea' id='block_1_70' title="bbox 577 3718 2144 3788">
    <p class='ocr_par' dir='ltr' id='par_1_70' title="bbox 577 3718 2144 3788">
     <span class='ocr_line' id='line_1_70' title="bbox 577 3718 2144 3788; baseline -0.004 -14"><span class='ocrx_word' id='word_1_493' title='bbox 577 3722 840 3777; x_wconf 83' lang='lat' dir='ltr'><strong>militibus</strong></span> <span class='ocrx_word' id='word_1_494' title='bbox 873 3720 1214 3775; x_wconf 88' lang='lat' dir='ltr'><strong>renuntiatus</strong></span> <span class='ocrx_word' id='word_1_495' title='bbox 1238 3758 1253 3783; x_wconf 97' lang='lat'><strong>,</strong></span> <span class='ocrx_word' id='word_1_496' title='bbox 1285 3728 1524 3788; x_wconf 65' lang='lat' dir='ltr'><strong>paterna:</strong></span> <span class='ocrx_word' id='word_1_497' title='bbox 1557 3733 1685 3787; x_wconf 81' lang='lat' dir='ltr'><strong>erga</strong></span> <span class='ocrx_word' id='word_1_498' title='bbox 1715 3718 1871 3771; x_wconf 86' lang='lat' dir='ltr'><strong>fidem</strong></span> <span class='ocrx_word' id='word_1_499' title='bbox 1904 3727 2144 3773; x_wconf 90' lang='lat' dir='ltr'><strong>nostram</strong></span> 
     </span>
    </p>
   </div>
   <div class='ocr_carea' id='block_1_71' title="bbox 575 3808 2146 3883">
    <p class='ocr_par' dir='ltr' id='par_1_71' title="bbox 575 3808 2146 3883">
     <span class='ocr_line' id='line_1_71' title="bbox 575 3808 2146 3883; baseline -0.004 -15"><span class='ocrx_word' id='word_1_500' title='bbox 575 3814 793 3883; x_wconf 90' lang='lat' dir='ltr'><strong>pietatis</strong></span> <span class='ocrx_word' id='word_1_501' title='bbox 841 3813 1209 3867; x_wconf 57' lang='lat' dir='ltr'><strong>simulatorem</strong></span> <span class='ocrx_word' id='word_1_502' title='bbox 1261 3826 1320 3866; x_wconf 90' lang='lat' dir='ltr'><strong>se</strong></span> <span class='ocrx_word' id='word_1_503' title='bbox 1355 3810 1627 3880; x_wconf 61' lang='lat' dir='ltr'><strong>praestitit.</strong></span> <span class='ocrx_word' id='word_1_504' title='bbox 1659 3808 1979 3877; x_wconf 86' lang='lat' dir='ltr'><strong>Hujusmodi</strong></span> <span class='ocrx_word' id='word_1_505' title='bbox 2028 3808 2146 3862; x_wconf 86' lang='lat' dir='ltr'><strong>exi-</strong></span> 
     </span>
    </p>
   </div>
   <div class='ocr_carea' id='block_1_72' title="bbox 578 3900 2146 3973">
    <p class='ocr_par' dir='ltr' id='par_1_72' title="bbox 578 3900 2146 3973">
     <span class='ocr_line' id='line_1_72' title="bbox 578 3900 2146 3973; baseline -0.003 -15"><span class='ocrx_word' id='word_1_506' title='bbox 578 3915 691 3959; x_wconf 88' lang='lat' dir='ltr'><strong>tum</strong></span> <span class='ocrx_word' id='word_1_507' title='bbox 724 3903 848 3959; x_wconf 72' lang='lat' dir='ltr'><strong>vitte</strong></span> <span class='ocrx_word' id='word_1_508' title='bbox 875 3913 1111 3973; x_wconf 89' lang='lat' dir='ltr'><strong>quatuor</strong></span> <span class='ocrx_word' id='word_1_509' title='bbox 1160 3903 1458 3970; x_wconf 85' lang='lat' dir='ltr'><strong>supradicti</strong></span> <span class='ocrx_word' id='word_1_510' title='bbox 1512 3902 1869 3970; x_wconf 88' lang='lat' dir='ltr'><strong>imperatores</strong></span> <span class='ocrx_word' id='word_1_511' title='bbox 1915 3900 2146 3954; x_wconf 87' lang='lat' dir='ltr'><strong>diversis</strong></span> 
     </span>
    </p>
   </div>
   <div class='ocr_carea' id='block_1_73' title="bbox 2251 3174 3829 3251">
    <p class='ocr_par' dir='ltr' id='par_1_73' title="bbox 2251 3174 3829 3251">
     <span class='ocr_line' id='line_1_73' title="bbox 2251 3174 3829 3251; baseline 0.004 -23"><span class='ocrx_word' id='word_1_512' title='bbox 2251 3175 2667 3246; x_wconf 72' lang='grc' dir='ltr'>ἀναγορευθεὶς,</span> <span class='ocrx_word' id='word_1_513' title='bbox 2717 3174 2964 3248; x_wconf 82' lang='grc' dir='ltr'>ζηλωτὴς</span> <span class='ocrx_word' id='word_1_514' title='bbox 3008 3178 3199 3231; x_wconf 81' lang='grc' dir='ltr'>ἐαυτὸν</span> <span class='ocrx_word' id='word_1_515' title='bbox 3248 3179 3350 3248; x_wconf 79' lang='grc' dir='ltr'>τῆς</span> <span class='ocrx_word' id='word_1_516' title='bbox 3396 3181 3672 3251; x_wconf 85' lang='grc' dir='ltr'>πατρικῆς</span> <span class='ocrx_word' id='word_1_517' title='bbox 3700 3182 3829 3251; x_wconf 75' lang='grc' dir='ltr'>περὶ</span> 
     </span>
    </p>
   </div>
   <div class='ocr_carea' id='block_1_74' title="bbox 2250 3265 3825 3343">
    <p class='ocr_par' dir='ltr' id='par_1_74' title="bbox 2250 3265 3825 3343">
     <span class='ocr_line' id='line_1_74' title="bbox 2250 3265 3825 3343; baseline 0.006 -27"><span class='ocrx_word' id='word_1_518' title='bbox 2250 3265 2339 3323; x_wconf 70' lang='grc' dir='ltr'>τὸν</span> <span class='ocrx_word' id='word_1_519' title='bbox 2364 3266 2633 3338; x_wconf 79' lang='grc' dir='ltr'>ἡμέτερον</span> <span class='ocrx_word' id='word_1_520' title='bbox 2673 3266 2829 3335; x_wconf 87' lang='grc' dir='ltr'>λόγον</span> <span class='ocrx_word' id='word_1_521' title='bbox 2867 3269 3148 3332; x_wconf 83' lang='grc' dir='ltr'>εὐσεϐείας</span> <span class='ocrx_word' id='word_1_522' title='bbox 3177 3272 3566 3342; x_wconf 75' lang='grc' dir='ltr'>κατεστήσατο.</span> <span class='ocrx_word' id='word_1_523' title='bbox 3593 3271 3825 3343; x_wconf 75' lang='grc' dir='ltr'>Τοιαύτη</span> 
     </span>
    </p>
   </div>
   <div class='ocr_carea' id='block_1_75' title="bbox 2248 3355 3827 3432">
    <p class='ocr_par' dir='ltr' id='par_1_75' title="bbox 2248 3355 3827 3432">
     <span class='ocr_line' id='line_1_75' title="bbox 2248 3355 3827 3432; baseline 0.005 -24"><span class='ocrx_word' id='word_1_524' title='bbox 2248 3355 2357 3409; x_wconf 80' lang='grc' dir='ltr'><strong>τῶν</strong></span> <span class='ocrx_word' id='word_1_525' title='bbox 2390 3360 3010 3430; x_wconf 86' lang='grc' dir='ltr'>προαναγεγραμμένων</span> <span class='ocrx_word' id='word_1_526' title='bbox 3043 3362 3323 3431; x_wconf 87' lang='grc' dir='ltr'>τεσσάρων</span> <span class='ocrx_word' id='word_1_527' title='bbox 3350 3363 3381 3432; x_wconf 78' lang='grc' dir='ltr'>ἡ</span> <span class='ocrx_word' id='word_1_528' title='bbox 3406 3362 3497 3415; x_wconf 79' lang='grc' dir='ltr'><strong>τοῦ</strong></span> <span class='ocrx_word' id='word_1_529' title='bbox 3530 3361 3645 3432; x_wconf 89' lang='grc' dir='ltr'>βίου</span> <span class='ocrx_word' id='word_1_530' title='bbox 3667 3362 3827 3416; x_wconf 79' lang='grc' dir='ltr'>ἔκϐα-</span> 
     </span>
    </p>
   </div>
   <div class='ocr_carea' id='block_1_76' title="bbox 2252 3449 3825 3524">
    <p class='ocr_par' dir='ltr' id='par_1_76' title="bbox 2252 3449 3825 3524">
     <span class='ocr_line' id='line_1_76' title="bbox 2252 3449 3825 3524; baseline 0.006 -26"><span class='ocrx_word' id='word_1_531' title='bbox 2252 3464 2368 3511; x_wconf 86' lang='grc' dir='ltr'>σις,</span> <span class='ocrx_word' id='word_1_532' title='bbox 2422 3449 2563 3503; x_wconf 79' lang='grc' dir='ltr'>κατὰ</span> <span class='ocrx_word' id='word_1_533' title='bbox 2622 3450 3108 3521; x_wconf 79' lang='grc' dir='ltr'>παρηλλαγμένους</span> <span class='ocrx_word' id='word_1_534' title='bbox 3166 3453 3391 3524; x_wconf 77' lang='grc' dir='ltr'>χρόνους</span> <span class='ocrx_word' id='word_1_535' title='bbox 3463 3456 3825 3524; x_wconf 82' lang='grc' dir='ltr'>γεγενημένη.</span> 
     </span>
    </p>
   </div>
   <div class='ocr_carea' id='block_1_77' title="bbox 2250 3537 3830 3618">
    <p class='ocr_par' dir='ltr' id='par_1_77' title="bbox 2250 3537 3830 3618">
     <span class='ocr_line' id='line_1_77' title="bbox 2250 3537 3830 3618; baseline 0.006 -29"><span class='ocrx_word' id='word_1_536' title='bbox 2250 3537 2466 3591; x_wconf 69' lang='grc' dir='ltr'>Τούτων</span> <span class='ocrx_word' id='word_1_537' title='bbox 2501 3539 2565 3612; x_wconf 82' lang='grc' dir='ltr'><strong>δὴ</strong></span> <span class='ocrx_word' id='word_1_538' title='bbox 2600 3541 2759 3611; x_wconf 86' lang='grc' dir='ltr'>μόνος</span> <span class='ocrx_word' id='word_1_539' title='bbox 2802 3540 2880 3596; x_wconf 76' lang='grc' dir='ltr'><strong>ἔτι</strong></span> <span class='ocrx_word' id='word_1_540' title='bbox 2923 3542 3095 3595; x_wconf 84' lang='grc' dir='ltr'>λιπὼν</span> <span class='ocrx_word' id='word_1_541' title='bbox 3139 3545 3168 3596; x_wconf 88' lang='grc' dir='ltr'>ὁ</span> <span class='ocrx_word' id='word_1_542' title='bbox 3218 3543 3400 3615; x_wconf 88' lang='grc' dir='ltr'>μικρῷ</span> <span class='ocrx_word' id='word_1_543' title='bbox 3430 3544 3663 3618; x_wconf 89' lang='grc' dir='ltr'>πρόσθεν</span> <span class='ocrx_word' id='word_1_544' title='bbox 3696 3547 3830 3616; x_wconf 77' lang='grc' dir='ltr'>ἡμῖν</span> 
     </span>
    </p>
   </div>
   <div class='ocr_carea' id='block_1_78' title="bbox 2250 3631 3829 3710">
    <p class='ocr_par' dir='ltr' id='par_1_78' title="bbox 2250 3631 3829 3710">
     <span class='ocr_line' id='line_1_78' title="bbox 2250 3631 3829 3710; baseline 0.008 -28"><span class='ocrx_word' id='word_1_545' title='bbox 2250 3631 2574 3702; x_wconf 80' lang='grc' dir='ltr'>εἰρημένος,</span> <span class='ocrx_word' id='word_1_546' title='bbox 2637 3635 2732 3686; x_wconf 71' lang='grc' dir='ltr'><strong>σὺν</strong></span> <span class='ocrx_word' id='word_1_547' title='bbox 2781 3637 2895 3697; x_wconf 85' lang='grc' dir='ltr'>τοῖς</span> <span class='ocrx_word' id='word_1_548' title='bbox 2953 3635 3093 3705; x_wconf 84' lang='grc' dir='ltr'>μετὰ</span> <span class='ocrx_word' id='word_1_549' title='bbox 3142 3636 3312 3690; x_wconf 79' lang='grc' dir='ltr'>ταῦτα</span> <span class='ocrx_word' id='word_1_550' title='bbox 3373 3639 3452 3701; x_wconf 89' lang='grc' dir='ltr'><strong>είς</strong></span> <span class='ocrx_word' id='word_1_551' title='bbox 3502 3637 3600 3709; x_wconf 78' lang='grc' dir='ltr'><strong>τὴν</strong></span> <span class='ocrx_word' id='word_1_552' title='bbox 3656 3639 3829 3710; x_wconf 79' lang='grc' dir='ltr'>ἀρχὴν</span> 
     </span>
    </p>
   </div>
   <div class='ocr_carea' id='block_1_79' title="bbox 2249 3724 3829 3800">
    <p class='ocr_par' dir='ltr' id='par_1_79' title="bbox 2249 3724 3829 3800">
     <span class='ocr_line' id='line_1_79' title="bbox 2249 3724 3829 3800; baseline 0.006 -26"><span class='ocrx_word' id='word_1_553' title='bbox 2249 3724 2628 3796; x_wconf 76' lang='grc' dir='ltr'>εἰσποιηθεῖσι,</span> <span class='ocrx_word' id='word_1_554' title='bbox 2657 3725 2755 3798; x_wconf 82' lang='grc' dir='ltr'><strong>τὴν</strong></span> <span class='ocrx_word' id='word_1_555' title='bbox 2787 3726 3270 3800; x_wconf 88' lang='grc' dir='ltr'>προδεδηλωμένην</span> <span class='ocrx_word' id='word_1_556' title='bbox 3297 3726 3708 3800; x_wconf 77' lang='grc' dir='ltr'>ἐξομολόγησιν,</span> <span class='ocrx_word' id='word_1_557' title='bbox 3738 3730 3829 3783; x_wconf 73' lang='grc' dir='ltr'>διὰ</span> 
     </span>
    </p>
   </div>
   <div class='ocr_carea' id='block_1_80' title="bbox 2250 3813 3829 3892">
    <p class='ocr_par' dir='ltr' id='par_1_80' title="bbox 2250 3813 3829 3892">
     <span class='ocr_line' id='line_1_80' title="bbox 2250 3813 3829 3892; baseline 0.005 -26"><span class='ocrx_word' id='word_1_558' title='bbox 2250 3813 2341 3866; x_wconf 78' lang='grc' dir='ltr'>τοῦ</span> <span class='ocrx_word' id='word_1_559' title='bbox 2371 3817 2786 3885; x_wconf 79' lang='grc' dir='ltr'>προεκτεθέντος</span> <span class='ocrx_word' id='word_1_560' title='bbox 2811 3820 3089 3892; x_wconf 77' lang='grc' dir='ltr'>ἐγγράφου</span> <span class='ocrx_word' id='word_1_561' title='bbox 3116 3818 3272 3889; x_wconf 80' lang='grc' dir='ltr'>λόγου</span> <span class='ocrx_word' id='word_1_562' title='bbox 3289 3823 3402 3885; x_wconf 89' lang='grc' dir='ltr'>τοῖς</span> <span class='ocrx_word' id='word_1_563' title='bbox 3422 3822 3557 3874; x_wconf 81' lang='grc' dir='ltr'>πᾶσι</span> <span class='ocrx_word' id='word_1_564' title='bbox 3590 3821 3829 3892; x_wconf 74' lang='grc' dir='ltr'>φανερὰν</span> 
     </span>
    </p>
   </div>
   <div class='ocr_carea' id='block_1_81' title="bbox 2252 3909 2774 3982">
    <p class='ocr_par' dir='ltr' id='par_1_81' title="bbox 2252 3909 2774 3982">
     <span class='ocr_line' id='line_1_81' title="bbox 2252 3909 2774 3982; baseline 0.006 -19"><span class='ocrx_word' id='word_1_565' title='bbox 2252 3909 2622 3980; x_wconf 86' lang='grc' dir='ltr'>κατεστήσατο</span> <span class='ocrx_word' id='word_1_566' title='bbox 2643 3910 2774 3982; x_wconf 88' lang='lat'>(99).</span> 
     </span>
    </p>
   </div>
   <div class='ocr_carea' id='block_1_82' title="bbox 579 3989 3827 4073">
    <p class='ocr_par' dir='ltr' id='par_1_82' title="bbox 579 3989 3827 4073">
     <span class='ocr_line' id='line_1_82' title="bbox 579 3989 3827 4073; baseline 0.002 -24"><span class='ocrx_word' id='word_1_567' title='bbox 579 3994 909 4063; x_wconf 89' lang='lat' dir='ltr'><strong>temporibus</strong></span> <span class='ocrx_word' id='word_1_568' title='bbox 938 3993 1118 4048; x_wconf 89' lang='lat' dir='ltr'><strong>sortiti</strong></span> <span class='ocrx_word' id='word_1_569' title='bbox 1149 4001 1293 4047; x_wconf 86' lang='lat' dir='ltr'><strong>sunt.</strong></span> <span class='ocrx_word' id='word_1_570' title='bbox 1333 3992 1409 4045; x_wconf 75' lang='lat' dir='ltr'><strong>Ex</strong></span> <span class='ocrx_word' id='word_1_571' title='bbox 1455 3990 1653 4059; x_wconf 90' lang='lat' dir='ltr'><strong>quibus</strong></span> <span class='ocrx_word' id='word_1_572' title='bbox 1684 3991 1838 4051; x_wconf 85' lang='lat' dir='ltr'><strong>solus</strong></span> <span class='ocrx_word' id='word_1_573' title='bbox 1864 3989 1956 4045; x_wconf 92' lang='lat' dir='ltr'><strong>ille</strong></span> <span class='ocrx_word' id='word_1_574' title='bbox 1986 4004 2144 4058; x_wconf 85' lang='lat' dir='ltr'><strong>quem</strong></span> <span class='ocrx_word' id='word_1_575' title='bbox 2177 4006 2342 4063; x_wconf 88' lang='lat' dir='ltr'><strong>supra</strong></span> <span class='ocrx_word' id='word_1_576' title='bbox 2393 4001 2817 4055; x_wconf 82' lang='lat' dir='ltr'><strong>memoravimus</strong></span> <span class='ocrx_word' id='word_1_577' title='bbox 2840 4040 2856 4064; x_wconf 94' lang='lat'><strong>,</strong></span> <span class='ocrx_word' id='word_1_578' title='bbox 2892 4016 2999 4054; x_wconf 89' lang='lat' dir='ltr'><strong>una</strong></span> <span class='ocrx_word' id='word_1_579' title='bbox 3061 4016 3183 4056; x_wconf 91' lang='lat' dir='ltr'><strong>cum</strong></span> <span class='ocrx_word' id='word_1_580' title='bbox 3234 4001 3358 4056; x_wconf 87' lang='lat' dir='ltr'><strong>aliis</strong></span> <span class='ocrx_word' id='word_1_581' title='bbox 3413 4004 3506 4073; x_wconf 92' lang='lat' dir='ltr'><strong>qui</strong></span> <span class='ocrx_word' id='word_1_582' title='bbox 3567 4018 3737 4072; x_wconf 91' lang='lat' dir='ltr'><strong>nuper</strong></span> <span class='ocrx_word' id='word_1_583' title='bbox 3773 4003 3827 4055; x_wconf 93' lang='lat' dir='ltr'><strong>in</strong></span> 
     </span>
    </p>
   </div>
   <div class='ocr_carea' id='block_1_83' title="bbox 574 4084 3829 4170">
    <p class='ocr_par' dir='ltr' id='par_1_83' title="bbox 574 4084 3829 4170">
     <span class='ocr_line' id='line_1_83' title="bbox 574 4084 3829 4170; baseline 0.004 -27"><span class='ocrx_word' id='word_1_584' title='bbox 574 4087 906 4143; x_wconf 85' lang='lat' dir='ltr'><strong>consortium</strong></span> <span class='ocrx_word' id='word_1_585' title='bbox 948 4088 1159 4155; x_wconf 88' lang='lat' dir='ltr'><strong>imperii</strong></span> <span class='ocrx_word' id='word_1_586' title='bbox 1207 4087 1362 4141; x_wconf 90' lang='lat' dir='ltr'><strong>asciti</strong></span> <span class='ocrx_word' id='word_1_587' title='bbox 1391 4085 1628 4151; x_wconf 88' lang='lat' dir='ltr'><strong>fuerant,</strong></span> <span class='ocrx_word' id='word_1_588' title='bbox 1657 4084 2057 4153; x_wconf 82' lang='lat' dir='ltr'><strong>confessionem</strong></span> <span class='ocrx_word' id='word_1_589' title='bbox 2116 4087 2264 4143; x_wconf 90' lang='lat' dir='ltr'><strong>illam</strong></span> <span class='ocrx_word' id='word_1_590' title='bbox 2312 4107 2479 4161; x_wconf 92' lang='lat' dir='ltr'><strong>quam</strong></span> <span class='ocrx_word' id='word_1_591' title='bbox 2546 4111 2711 4167; x_wconf 86' lang='lat' dir='ltr'><strong>supra</strong></span> <span class='ocrx_word' id='word_1_592' title='bbox 2778 4097 3083 4163; x_wconf 88' lang='lat' dir='ltr'><strong>retulimus,</strong></span> <span class='ocrx_word' id='word_1_593' title='bbox 3126 4098 3303 4152; x_wconf 86' lang='lat' dir='ltr'><strong>edicto</strong></span> <span class='ocrx_word' id='word_1_594' title='bbox 3330 4098 3505 4167; x_wconf 85' lang='lat' dir='ltr'><strong>palam</strong></span> <span class='ocrx_word' id='word_1_595' title='bbox 3554 4097 3829 4170; x_wconf 89' lang='lat' dir='ltr'><strong>proposito</strong></span> 
     </span>
    </p>
   </div>
   <div class='ocr_carea' id='block_1_84' title="bbox 573 4179 1165 4251">
    <p class='ocr_par' dir='ltr' id='par_1_84' title="bbox 573 4179 1165 4251">
     <span class='ocr_line' id='line_1_84' title="bbox 573 4179 1165 4251; baseline 0.002 -19"><span class='ocrx_word' id='word_1_596' title='bbox 573 4179 824 4234; x_wconf 86' lang='lat' dir='ltr'><strong>omnibus</strong></span> <span class='ocrx_word' id='word_1_597' title='bbox 848 4180 1165 4251; x_wconf 87' lang='lat' dir='ltr'><strong>publicavit.</strong></span> 
     </span>
    </p>
   </div>
   <div class='ocr_carea' id='block_1_85' title="bbox 969 4275 3390 4361">
    <p class='ocr_par' dir='ltr' id='par_1_85' title="bbox 969 4275 3390 4361">
     <span class='ocr_line' id='line_1_85' title="bbox 969 4275 3390 4361; baseline 0.002 -24"><span class='ocrx_word' id='word_1_598' title='bbox 969 4277 1114 4356; x_wconf 84' lang='lat' dir='ltr'><strong>(Hic</strong></span> <span class='ocrx_word' id='word_1_599' title='bbox 1145 4277 1211 4338; x_wconf 88' lang='lat' dir='ltr'><strong>in</strong></span> <span class='ocrx_word' id='word_1_600' title='bbox 1242 4277 1525 4341; x_wconf 87' lang='lat' dir='ltr'><strong>editione</strong></span> <span class='ocrx_word' id='word_1_601' title='bbox 1558 4275 1801 4339; x_wconf 83' lang='lat' dir='ltr'><strong>Valesii</strong></span> <span class='ocrx_word' id='word_1_602' title='bbox 1834 4276 2246 4361; x_wconf 76' lang='lat' dir='ltr'><strong>interseritur</strong></span> <span class='ocrx_word' id='word_1_603' title='bbox 2274 4278 2440 4361; x_wconf 83' lang='lat' dir='ltr'><strong>liber</strong></span> <span class='ocrx_word' id='word_1_604' title='bbox 2477 4280 2569 4361; x_wconf 67' lang='lat' dir='ltr'><strong>De</strong></span> <span class='ocrx_word' id='word_1_605' title='bbox 2602 4282 2991 4361; x_wconf 77' lang='lat' dir='ltr'><strong>martyribus</strong></span> <span class='ocrx_word' id='word_1_606' title='bbox 3022 4282 3390 4358; x_wconf 71' lang='lat' dir='ltr'><strong>Palwslinw,</strong></span> 
     </span>
    </p>
   </div>
   <div class='ocr_carea' id='block_1_86' title="bbox 1690 4357 2750 4437">
    <p class='ocr_par' dir='ltr' id='par_1_86' title="bbox 1690 4357 2750 4437">
     <span class='ocr_line' id='line_1_86' title="bbox 1690 4357 2750 4437; baseline 0.005 -21"><span class='ocrx_word' id='word_1_607' title='bbox 1690 4372 1885 4436; x_wconf 90' lang='lat' dir='ltr'><strong>quem</strong></span> <span class='ocrx_word' id='word_1_608' title='bbox 1929 4357 2095 4417; x_wconf 81' lang='lat' dir='ltr'><strong>infra</strong></span> <span class='ocrx_word' id='word_1_609' title='bbox 2129 4359 2397 4420; x_wconf 81' lang='lat' dir='ltr'><strong>seorsim</strong></span> <span class='ocrx_word' id='word_1_610' title='bbox 2440 4358 2750 4437; x_wconf 88' lang='lat' dir='ltr'><strong>edimus.)</strong></span> 
     </span>
    </p>
   </div>
   <div class='ocr_carea' id='block_1_87' title="bbox 645 4518 2146 4591">
    <p class='ocr_par' dir='ltr' id='par_1_87' title="bbox 645 4518 2146 4591">
     <span class='ocr_line' id='line_1_87' title="bbox 645 4518 2146 4591; baseline -0.001 -18"><span class='ocrx_word' id='word_1_611' title='bbox 645 4519 756 4591; x_wconf 87' lang='lat'><strong>(97)</strong></span> <span class='ocrx_word' id='word_1_612' title='bbox 815 4519 1313 4591; x_wconf 69' lang='grc' dir='ltr'>Ἀνακεκινηκότα</span> <span class='ocrx_word' id='word_1_613' title='bbox 1373 4518 1650 4590; x_wconf 77' lang='grc' dir='ltr'>διωγμόν.</span> <span class='ocrx_word' id='word_1_614' title='bbox 1702 4518 1762 4591; x_wconf 68' lang='lat' dir='ltr'><strong>in</strong></span> <span class='ocrx_word' id='word_1_615' title='bbox 1809 4518 1969 4591; x_wconf 86' lang='lat' dir='ltr'><strong>codd.</strong></span> <span class='ocrx_word' id='word_1_616' title='bbox 2029 4518 2146 4572; x_wconf 77' lang='lat' dir='ltr'><strong>Ma-</strong></span> 
     </span>
    </p>
   </div>
   <div class='ocr_carea' id='block_1_88' title="bbox 576 4588 2143 4661">
    <p class='ocr_par' dir='ltr' id='par_1_88' title="bbox 576 4588 2143 4661">
     <span class='ocr_line' id='line_1_88' title="bbox 576 4588 2143 4661; baseline 0 -20"><span class='ocrx_word' id='word_1_617' title='bbox 576 4588 763 4661; x_wconf 54' lang='lat' dir='ltr'><strong>garino</strong></span> <span class='ocrx_word' id='word_1_618' title='bbox 791 4599 846 4644; x_wconf 84' lang='lat' dir='ltr'><strong>et</strong></span> <span class='ocrx_word' id='word_1_619' title='bbox 875 4590 1129 4661; x_wconf 63' lang='lat' dir='ltr'><strong>Medicgco</strong></span> <span class='ocrx_word' id='word_1_620' title='bbox 1157 4592 1421 4661; x_wconf 83' lang='lat' dir='ltr'><strong>scriptum</strong></span> <span class='ocrx_word' id='word_1_621' title='bbox 1470 4588 1649 4661; x_wconf 69' lang='lat' dir='ltr'><strong>inveni</strong></span> <span class='ocrx_word' id='word_1_622' title='bbox 1695 4588 2011 4661; x_wconf 86' lang='grc' dir='ltr'>διωγμένων</span> <span class='ocrx_word' id='word_1_623' title='bbox 2038 4607 2051 4642; x_wconf 91' lang='lat'><strong>:</strong></span> <span class='ocrx_word' id='word_1_624' title='bbox 2088 4591 2143 4642; x_wconf 91' lang='lat' dir='ltr'><strong>in</strong></span> 
     </span>
    </p>
   </div>
   <div class='ocr_carea' id='block_1_89' title="bbox 577 4658 2146 4730">
    <p class='ocr_par' dir='ltr' id='par_1_89' title="bbox 577 4658 2146 4730">
     <span class='ocr_line' id='line_1_89' title="bbox 577 4658 2146 4730; baseline 0.001 -18"><span class='ocrx_word' id='word_1_625' title='bbox 577 4658 875 4730; x_wconf 64' lang='lat' dir='ltr'><strong>Fuketiano</strong></span> <span class='ocrx_word' id='word_1_626' title='bbox 899 4674 1024 4713; x_wconf 87' lang='lat' dir='ltr'><strong>vero</strong></span> <span class='ocrx_word' id='word_1_627' title='bbox 1047 4658 1438 4730; x_wconf 82' lang='grc' dir='ltr'>δεδιωγμένων.</span> <span class='ocrx_word' id='word_1_628' title='bbox 1465 4659 1594 4726; x_wconf 79' lang='lat' dir='ltr'><strong>Qua:</strong></span> <span class='ocrx_word' id='word_1_629' title='bbox 1616 4663 1825 4730; x_wconf 85' lang='lat' dir='ltr'><strong>tametsi</strong></span> <span class='ocrx_word' id='word_1_630' title='bbox 1839 4658 2146 4726; x_wconf 76' lang='lat' dir='ltr'><strong>depravata</strong></span> 
     </span>
    </p>
   </div>
   <div class='ocr_carea' id='block_1_90' title="bbox 574 4729 2148 4798">
    <p class='ocr_par' dir='ltr' id='par_1_90' title="bbox 574 4729 2148 4798">
     <span class='ocr_line' id='line_1_90' title="bbox 574 4729 2148 4798; baseline 0 -17"><span class='ocrx_word' id='word_1_631' title='bbox 574 4729 930 4798; x_wconf 82' lang='lat' dir='ltr'><strong>lectio,viam</strong></span> <span class='ocrx_word' id='word_1_632' title='bbox 968 4730 1100 4783; x_wconf 86' lang='lat' dir='ltr'><strong>mihi</strong></span> <span class='ocrx_word' id='word_1_633' title='bbox 1133 4733 1200 4783; x_wconf 89' lang='lat' dir='ltr'><strong>ad</strong></span> <span class='ocrx_word' id='word_1_634' title='bbox 1235 4729 1396 4798; x_wconf 87' lang='lat' dir='ltr'><strong>hujus</strong></span> <span class='ocrx_word' id='word_1_635' title='bbox 1431 4730 1532 4783; x_wconf 91' lang='lat' dir='ltr'><strong>loci</strong></span> <span class='ocrx_word' id='word_1_636' title='bbox 1565 4729 1995 4783; x_wconf 79' lang='lat' dir='ltr'><strong>emendationem</strong></span> <span class='ocrx_word' id='word_1_637' title='bbox 2028 4744 2148 4796; x_wconf 89' lang='lat' dir='ltr'><strong>ape-</strong></span> 
     </span>
    </p>
   </div>
   <div class='ocr_carea' id='block_1_91' title="bbox 578 4797 2145 4867">
    <p class='ocr_par' dir='ltr' id='par_1_91' title="bbox 578 4797 2145 4867">
     <span class='ocr_line' id='line_1_91' title="bbox 578 4797 2145 4867; baseline 0 -17"><span class='ocrx_word' id='word_1_638' title='bbox 578 4800 711 4867; x_wconf 87' lang='lat' dir='ltr'><strong>ruit.</strong></span> <span class='ocrx_word' id='word_1_639' title='bbox 746 4797 917 4853; x_wconf 83' lang='lat' dir='ltr'><strong>T0tus</strong></span> <span class='ocrx_word' id='word_1_640' title='bbox 954 4800 1117 4867; x_wconf 77' lang='lat' dir='ltr'><strong>igitur</strong></span> <span class='ocrx_word' id='word_1_641' title='bbox 1148 4797 1318 4854; x_wconf 81' lang='lat' dir='ltr'><strong>locus</strong></span> <span class='ocrx_word' id='word_1_642' title='bbox 1347 4802 1423 4852; x_wconf 91' lang='lat' dir='ltr'><strong>ita</strong></span> <span class='ocrx_word' id='word_1_643' title='bbox 1471 4799 1729 4867; x_wconf 75' lang='lat' dir='ltr'><strong>legendus</strong></span> <span class='ocrx_word' id='word_1_644' title='bbox 1758 4808 1863 4862; x_wconf 89' lang='lat' dir='ltr'><strong>est,</strong></span> <span class='ocrx_word' id='word_1_645' title='bbox 1889 4798 2015 4860; x_wconf 78' lang='grc' dir='ltr'>τοὺς</span> <span class='ocrx_word' id='word_1_646' title='bbox 2042 4798 2145 4867; x_wconf 83' lang='grc' dir='ltr'><strong>τῆς</strong></span> 
     </span>
    </p>
   </div>
   <div class='ocr_carea' id='block_1_92' title="bbox 577 4866 2147 4938">
    <p class='ocr_par' dir='ltr' id='par_1_92' title="bbox 577 4866 2147 4938">
     <span class='ocr_line' id='line_1_92' title="bbox 577 4866 2147 4938; baseline 0 -19"><span class='ocrx_word' id='word_1_647' title='bbox 577 4866 851 4938; x_wconf 81' lang='grc' dir='ltr'>βασιλείας</span> <span class='ocrx_word' id='word_1_648' title='bbox 883 4870 1169 4938; x_wconf 56' lang='grc' dir='ltr'>κοινωνορς</span> <span class='ocrx_word' id='word_1_649' title='bbox 1198 4870 1289 4921; x_wconf 74' lang='grc' dir='ltr'>ἐπὶ</span> <span class='ocrx_word' id='word_1_650' title='bbox 1326 4868 1419 4922; x_wconf 83' lang='grc' dir='ltr'><strong>τὸν</strong></span> <span class='ocrx_word' id='word_1_651' title='bbox 1456 4866 1597 4922; x_wconf 81' lang='grc' dir='ltr'>κατὰ</span> <span class='ocrx_word' id='word_1_652' title='bbox 1636 4868 1864 4938; x_wconf 84' lang='grc' dir='ltr'>πάντων</span> <span class='ocrx_word' id='word_1_653' title='bbox 1889 4866 2147 4938; x_wconf 74' lang='grc' dir='ltr'>ἀνακεκι-</span> 
     </span>
    </p>
   </div>
   <div class='ocr_carea' id='block_1_93' title="bbox 574 4932 2148 5007">
    <p class='ocr_par' dir='ltr' id='par_1_93' title="bbox 574 4932 2148 5007">
     <span class='ocr_line' id='line_1_93' title="bbox 574 4932 2148 5007; baseline -0.001 -16"><span class='ocrx_word' id='word_1_654' title='bbox 574 4932 777 5006; x_wconf 76' lang='grc' dir='ltr'>νηκότα</span> <span class='ocrx_word' id='word_1_655' title='bbox 793 4937 1068 5007; x_wconf 83' lang='grc' dir='ltr'>’διωγμόν-</span> <span class='ocrx_word' id='word_1_656' title='bbox 1096 4932 1171 4992; x_wconf 82' lang='grc' dir='ltr'>ὧν</span> <span class='ocrx_word' id='word_1_657' title='bbox 1199 4940 1293 4991; x_wconf 76' lang='grc' dir='ltr'><strong>καὶ</strong></span> <span class='ocrx_word' id='word_1_658' title='bbox 1324 4938 1500 4991; x_wconf 81' lang='grc' dir='ltr'>αὐτῶν</span> <span class='ocrx_word' id='word_1_659' title='bbox 1528 4939 1629 4991; x_wconf 85' lang='grc' dir='ltr'><strong>οὐκ</strong></span> <span class='ocrx_word' id='word_1_660' title='bbox 1650 4939 1795 5005; x_wconf 81' lang='grc' dir='ltr'>ἄξιον</span> <span class='ocrx_word' id='word_1_661' title='bbox 1821 4937 1883 4990; x_wconf 84' lang='grc' dir='ltr'>τὺ</span> <span class='ocrx_word' id='word_1_662' title='bbox 1910 4937 2003 4990; x_wconf 81' lang='grc' dir='ltr'>τοῦ</span> <span class='ocrx_word' id='word_1_663' title='bbox 2033 4936 2148 5007; x_wconf 86' lang='grc' dir='ltr'>βίου</span> 
     </span>
    </p>
   </div>
   <div class='ocr_carea' id='block_1_94' title="bbox 574 5006 2152 5078">
    <p class='ocr_par' dir='ltr' id='par_1_94' title="bbox 574 5006 2152 5078">
     <span class='ocr_line' id='line_1_94' title="bbox 574 5006 2152 5078; baseline 0.001 -19"><span class='ocrx_word' id='word_1_664' title='bbox 574 5008 726 5070; x_wconf 72' lang='grc' dir='ltr'>τέλος</span> <span class='ocrx_word' id='word_1_665' title='bbox 754 5006 1084 5078; x_wconf 67' lang='grc' dir='ltr'>παραδοῦναι</span> <span class='ocrx_word' id='word_1_666' title='bbox 1115 5011 1314 5078; x_wconf 78' lang='grc' dir='ltr'>σιωπῇ.</span> <span class='ocrx_word' id='word_1_667' title='bbox 1348 5010 1507 5062; x_wconf 80' lang='lat' dir='ltr'><strong>Vides</strong></span> <span class='ocrx_word' id='word_1_668' title='bbox 1533 5020 1786 5075; x_wconf 86' lang='lat' dir='ltr'><strong>quantam</strong></span> <span class='ocrx_word' id='word_1_669' title='bbox 1816 5009 2015 5061; x_wconf 88' lang='lat' dir='ltr'><strong>habeat</strong></span> <span class='ocrx_word' id='word_1_670' title='bbox 2043 5006 2152 5078; x_wconf 78' lang='lat' dir='ltr'><strong>ele-</strong></span> 
     </span>
    </p>
   </div>
   <div class='ocr_carea' id='block_1_95' title="bbox 577 5069 2150 5149">
    <p class='ocr_par' dir='ltr' id='par_1_95' title="bbox 577 5069 2150 5149">
     <span class='ocr_line' id='line_1_95' title="bbox 577 5069 2150 5149; baseline 0 -20"><span class='ocrx_word' id='word_1_671' title='bbox 577 5069 814 5149; x_wconf 74' lang='lat' dir='ltr'><strong>gantiam</strong></span> <span class='ocrx_word' id='word_1_672' title='bbox 837 5069 949 5149; x_wconf 65' lang='lat' dir='ltr'><strong>&#39;vox</strong></span> <span class='ocrx_word' id='word_1_673' title='bbox 988 5069 1085 5149; x_wconf 74' lang='grc' dir='ltr'>ὧν,</span> <span class='ocrx_word' id='word_1_674' title='bbox 1115 5069 1407 5144; x_wconf 72' lang='grc' dir='ltr'>(μιςιιιίήοε</span> <span class='ocrx_word' id='word_1_675' title='bbox 1432 5094 1498 5134; x_wconf 91' lang='lat' dir='ltr'><strong>ex</strong></span> <span class='ocrx_word' id='word_1_676' title='bbox 1541 5069 1785 5149; x_wconf 75' lang='lat' dir='ltr'><strong>vestigiis</strong></span> <span class='ocrx_word' id='word_1_677' title='bbox 1827 5078 2046 5146; x_wconf 77' lang='lat' dir='ltr'><strong>scripta:</strong></span> <span class='ocrx_word' id='word_1_678' title='bbox 2071 5076 2150 5130; x_wconf 89' lang='lat' dir='ltr'><strong>le-</strong></span> 
     </span>
    </p>
   </div>
   <div class='ocr_carea' id='block_1_96' title="bbox 576 5145 1183 5217">
    <p class='ocr_par' dir='ltr' id='par_1_96' title="bbox 576 5145 1183 5217">
     <span class='ocr_line' id='line_1_96' title="bbox 576 5145 1183 5217; baseline 0 -15"><span class='ocrx_word' id='word_1_679' title='bbox 576 5145 773 5202; x_wconf 81' lang='lat' dir='ltr'><strong>ctionis</strong></span> <span class='ocrx_word' id='word_1_680' title='bbox 800 5146 1183 5217; x_wconf 86' lang='lat' dir='ltr'><strong>supplevimus.</strong></span> 
     </span>
    </p>
   </div>
   <div class='ocr_carea' id='block_1_97' title="bbox 1976 6394 2347 6402">
    <p class='ocr_par' dir='ltr' id='par_1_97' title="bbox 1976 6394 2347 6402">
     <span class='ocr_line' id='line_1_97' title="bbox 1976 6394 2347 6402; baseline -0.005 0"><span class='ocrx_word' id='word_1_681' title='bbox 1976 6400 1979 6402; x_wconf 96' lang='lat'><strong>.</strong></span> <span class='ocrx_word' id='word_1_682' title='bbox 2004 6394 2347 6402; x_wconf 51' lang='grc' dir='ltr'><strong>Α-ἔ</strong></span> 
     </span>
    </p>
   </div>
   <div class='ocr_carea' id='block_1_98' title="bbox 2324 4520 3824 4598">
    <p class='ocr_par' dir='ltr' id='par_1_98' title="bbox 2324 4520 3824 4598">
     <span class='ocr_line' id='line_1_98' title="bbox 2324 4520 3824 4598; baseline 0.003 -22"><span class='ocrx_word' id='word_1_683' title='bbox 2324 4520 2436 4593; x_wconf 86' lang='grc'><strong>(98)</strong></span> <span class='ocrx_word' id='word_1_684' title='bbox 2477 4523 2656 4589; x_wconf 76' lang='grc' dir='ltr'>Τέλος</span> <span class='ocrx_word' id='word_1_685' title='bbox 2671 4522 2989 4598; x_wconf 63' lang='grc' dir='ltr'>εὔδαιμον.</span> <span class='ocrx_word' id='word_1_686' title='bbox 3025 4523 3149 4579; x_wconf 71' lang='lat' dir='ltr'><strong>Haec</strong></span> <span class='ocrx_word' id='word_1_687' title='bbox 3184 4524 3252 4579; x_wconf 87' lang='lat' dir='ltr'><strong>ad</strong></span> <span class='ocrx_word' id='word_1_688' title='bbox 3297 4524 3519 4580; x_wconf 88' lang='lat' dir='ltr'><strong>verbum</strong></span> <span class='ocrx_word' id='word_1_689' title='bbox 3556 4527 3824 4598; x_wconf 87' lang='lat' dir='ltr'><strong>descripta</strong></span> 
     </span>
    </p>
   </div>
   <div class='ocr_carea' id='block_1_99' title="bbox 2253 4592 3005 4660">
    <p class='ocr_par' dir='ltr' id='par_1_99' title="bbox 2253 4592 3005 4660">
     <span class='ocr_line' id='line_1_99' title="bbox 2253 4592 3005 4660; baseline 0.001 -13"><span class='ocrx_word' id='word_1_690' title='bbox 2253 4601 2380 4647; x_wconf 86' lang='lat' dir='ltr'><strong>sunt</strong></span> <span class='ocrx_word' id='word_1_691' title='bbox 2407 4592 2474 4645; x_wconf 86' lang='lat' dir='ltr'><strong>ex</strong></span> <span class='ocrx_word' id='word_1_692' title='bbox 2506 4607 2624 4660; x_wconf 84' lang='lat' dir='ltr'><strong>cap.</strong></span> <span class='ocrx_word' id='word_1_693' title='bbox 2663 4592 2726 4646; x_wconf 72' lang='lat' dir='ltr'><strong>Li</strong></span> <span class='ocrx_word' id='word_1_694' title='bbox 2758 4592 2863 4646; x_wconf 41' lang='lat' dir='ltr'><strong>lih.’</strong></span> <span class='ocrx_word' id='word_1_695' title='bbox 2886 4607 3005 4648; x_wconf 87' lang='lat' dir='ltr'><strong>vnt.</strong></span> 
     </span>
    </p>
   </div>
   <div class='ocr_carea' id='block_1_100' title="bbox 2326 4661 3823 4732">
    <p class='ocr_par' dir='ltr' id='par_1_100' title="bbox 2326 4661 3823 4732">
     <span class='ocr_line' id='line_1_100' title="bbox 2326 4661 3823 4732; baseline 0.001 -17"><span class='ocrx_word' id='word_1_696' title='bbox 2326 4661 2436 4732; x_wconf 88' lang='lat'><strong>(99)</strong></span> <span class='ocrx_word' id='word_1_697' title='bbox 2481 4662 2751 4732; x_wconf 72' lang='grc' dir='ltr'>Φανερὰν</span> <span class='ocrx_word' id='word_1_698' title='bbox 2788 4662 3223 4730; x_wconf 81' lang='grc' dir='ltr'>κατεστήσατο.</span> <span class='ocrx_word' id='word_1_699' title='bbox 3256 4661 3383 4718; x_wconf 89' lang='lat' dir='ltr'><strong>Post</strong></span> <span class='ocrx_word' id='word_1_700' title='bbox 3432 4665 3528 4719; x_wconf 88' lang='lat' dir='ltr'><strong>has</strong></span> <span class='ocrx_word' id='word_1_701' title='bbox 3575 4680 3736 4719; x_wconf 85' lang='lat' dir='ltr'><strong>voces</strong></span> <span class='ocrx_word' id='word_1_702' title='bbox 3765 4665 3823 4732; x_wconf 87' lang='lat' dir='ltr'><strong>in</strong></span> 
     </span>
    </p>
   </div>
   <div class='ocr_carea' id='block_1_101' title="bbox 2257 4731 3824 4806">
    <p class='ocr_par' dir='ltr' id='par_1_101' title="bbox 2257 4731 3824 4806">
     <span class='ocr_line' id='line_1_101' title="bbox 2257 4731 3824 4806; baseline 0.003 -24"><span class='ocrx_word' id='word_1_703' title='bbox 2257 4732 2498 4806; x_wconf 79' lang='lat' dir='ltr'><strong>editione</strong></span> <span class='ocrx_word' id='word_1_704' title='bbox 2523 4731 2829 4806; x_wconf 82' lang='lat' dir='ltr'><strong>Genevensi</strong></span> <span class='ocrx_word' id='word_1_705' title='bbox 2858 4734 3132 4806; x_wconf 80' lang='lat' dir='ltr'><strong>adduntur</strong></span> <span class='ocrx_word' id='word_1_706' title='bbox 3156 4736 3272 4789; x_wconf 60' lang='lat' dir='ltr'><strong>haec</strong></span> <span class='ocrx_word' id='word_1_707' title='bbox 3307 4735 3469 4806; x_wconf 82' lang='lat' dir='ltr'><strong>verba</strong></span> <span class='ocrx_word' id='word_1_708' title='bbox 3494 4735 3609 4806; x_wconf 79' lang='lat' dir='ltr'><strong>:_T£</strong></span> <span class='ocrx_word' id='word_1_709' title='bbox 3639 4735 3703 4806; x_wconf 81' lang='grc' dir='ltr'>δὴ</span> <span class='ocrx_word' id='word_1_710' title='bbox 3731 4731 3824 4788; x_wconf 81' lang='grc' dir='ltr'>οὖν</span> 
     </span>
    </p>
   </div>
   <div class='ocr_carea' id='block_1_102' title="bbox 2254 4799 3823 4876">
    <p class='ocr_par' dir='ltr' id='par_1_102' title="bbox 2254 4799 3823 4876">
     <span class='ocr_line' id='line_1_102' title="bbox 2254 4799 3823 4876; baseline 0.003 -23"><span class='ocrx_word' id='word_1_711' title='bbox 2254 4801 2347 4853; x_wconf 73' lang='grc' dir='ltr'><strong>ἐπὶ</strong></span> <span class='ocrx_word' id='word_1_712' title='bbox 2371 4799 2582 4876; x_wconf 80' lang='grc' dir='ltr'>τούτοις</span> <span class='ocrx_word' id='word_1_713' title='bbox 2611 4802 2842 4876; x_wconf 87' lang='grc' dir='ltr'>γίνεται,</span> <span class='ocrx_word' id='word_1_714' title='bbox 2873 4802 3239 4876; x_wconf 74' lang='grc' dir='ltr'>ἐπιθεωρῆσαι</span> <span class='ocrx_word' id='word_1_715' title='bbox 3258 4803 3463 4876; x_wconf 87' lang='grc' dir='ltr'>καιρός.</span> <span class='ocrx_word' id='word_1_716' title='bbox 3489 4804 3637 4876; x_wconf 67' lang='lat' dir='ltr'><strong>Quae</strong></span> <span class='ocrx_word' id='word_1_717' title='bbox 3662 4799 3823 4876; x_wconf 63' lang='lat' dir='ltr'><strong>verba</strong></span> 
     </span>
    </p>
   </div>
   <div class='ocr_carea' id='block_1_103' title="bbox 2256 4871 3825 4941">
    <p class='ocr_par' dir='ltr' id='par_1_103' title="bbox 2256 4871 3825 4941">
     <span class='ocr_line' id='line_1_103' title="bbox 2256 4871 3825 4941; baseline 0.002 -17"><span class='ocrx_word' id='word_1_718' title='bbox 2256 4885 2356 4941; x_wconf 89' lang='lat' dir='ltr'><strong>nec</strong></span> <span class='ocrx_word' id='word_1_719' title='bbox 2386 4871 2437 4941; x_wconf 89' lang='lat' dir='ltr'><strong>in</strong></span> <span class='ocrx_word' id='word_1_720' title='bbox 2474 4875 2858 4941; x_wconf 84' lang='lat' dir='ltr'><strong>manuscriptis</strong></span> <span class='ocrx_word' id='word_1_721' title='bbox 2890 4871 3190 4939; x_wconf 85' lang='lat' dir='ltr'><strong>codicibus,</strong></span> <span class='ocrx_word' id='word_1_722' title='bbox 3221 4890 3321 4928; x_wconf 89' lang='lat' dir='ltr'><strong>nec</strong></span> <span class='ocrx_word' id='word_1_723' title='bbox 3355 4871 3408 4927; x_wconf 84' lang='lat' dir='ltr'><strong>in</strong></span> <span class='ocrx_word' id='word_1_724' title='bbox 3438 4874 3675 4928; x_wconf 91' lang='lat' dir='ltr'><strong>editione</strong></span> <span class='ocrx_word' id='word_1_725' title='bbox 3699 4872 3825 4927; x_wconf 85' lang='lat' dir='ltr'><strong>Ste-</strong></span> 
     </span>
    </p>
   </div>
   <div class='ocr_carea' id='block_1_104' title="bbox 2256 4940 3823 5012">
    <p class='ocr_par' dir='ltr' id='par_1_104' title="bbox 2256 4940 3823 5012">
     <span class='ocr_line' id='line_1_104' title="bbox 2256 4940 3823 5012; baseline 0.003 -21"><span class='ocrx_word' id='word_1_726' title='bbox 2256 4940 2418 5012; x_wconf 82' lang='lat' dir='ltr'><strong>phani</strong></span> <span class='ocrx_word' id='word_1_727' title='bbox 2474 4940 2767 5009; x_wconf 77' lang='lat' dir='ltr'><strong>leguntur,</strong></span> <span class='ocrx_word' id='word_1_728' title='bbox 2822 4952 2878 4998; x_wconf 91' lang='lat' dir='ltr'><strong>et</strong></span> <span class='ocrx_word' id='word_1_729' title='bbox 2929 4955 2996 4995; x_wconf 86' lang='lat' dir='ltr'><strong>ex</strong></span> <span class='ocrx_word' id='word_1_730' title='bbox 3047 4946 3297 4999; x_wconf 86' lang='lat' dir='ltr'><strong>versione</strong></span> <span class='ocrx_word' id='word_1_731' title='bbox 3345 4942 3823 5012; x_wconf 88' lang='lat' dir='ltr'><strong>Christophorsoni</strong></span> 
     </span>
    </p>
   </div>
   <div class='ocr_carea' id='block_1_105' title="bbox 2259 5010 3827 5133">
    <p class='ocr_par' dir='ltr' id='par_1_105' title="bbox 2259 5010 3827 5133">
     <span class='ocr_line' id='line_1_105' title="bbox 2259 5010 3827 5133; baseline 0.006 -74"><span class='ocrx_word' id='word_1_732' title='bbox 2372 5013 2618 5133; x_wconf 44' lang='grc' dir='ltr'><strong>ἷιίᾓυεὶιε</strong></span> <span class='ocrx_word' id='word_1_733' title='bbox 2653 5024 2802 5080; x_wconf 89' lang='lat' dir='ltr'><strong>sunt,</strong></span> <span class='ocrx_word' id='word_1_734' title='bbox 2858 5026 2982 5069; x_wconf 83' lang='lat' dir='ltr'><strong>cum</strong></span> <span class='ocrx_word' id='word_1_735' title='bbox 3022 5019 3199 5069; x_wconf 89' lang='lat' dir='ltr'><strong>tamen</strong></span> <span class='ocrx_word' id='word_1_736' title='bbox 3231 5014 3451 5070; x_wconf 86' lang='lat' dir='ltr'><strong>locanda</strong></span> <span class='ocrx_word' id='word_1_737' title='bbox 3482 5010 3594 5070; x_wconf 80' lang='lat' dir='ltr'><strong>sint</strong></span> <span class='ocrx_word' id='word_1_738' title='bbox 3635 5014 3689 5070; x_wconf 92' lang='lat' dir='ltr'><strong>in</strong></span> <span class='ocrx_word' id='word_1_739' title='bbox 3716 5012 3827 5069; x_wconf 83' lang='lat' dir='ltr'><strong>fine</strong></span> 
     </span>
    </p>
   </div>
  </div>
