4220 6436
531 367 640 423 799

1240 365 1517 423 EliSEBil
1555 360 2035 422 CESAMENSIS
2073 355 2223 414 OPP.
2265 357 2443 413 PARS
2481 357 2521 414 l.
2562 389 2628 398 —
2668 355 3055 415 HISTORICA.

3692 360 3796 414 800

533 489 731 542 divina:
763 485 1038 560 religionis
1077 486 1246 541 hostis
1279 490 1616 550 acerrimus;
1654 501 1777 540 cum
1810 480 2115 552 huiusmodi

2221 478 2556 549 λεμιὼτατος
2585 479 2846 548 γεγονὼς,
2883 479 3132 550 οὐδαμῶς
3176 481 3288 544 τοῖς
3331 481 3620 553 γραφεῖσιν
3664 481 3794 554 ἀρε-

534 577 730 631 litterae
764 577 813 630 ei
843 576 1218 645 displicerem,
1251 576 1371 630 loco
1399 576 1653 644 rescripti
1699 574 1842 644 quod
1877 571 2120 643 proposi-

537 675 647 719 tum
686 665 853 720 fuisse
880 666 1300 720 memoravimus
1321 703 1338 728 ,
1376 665 1557 718 verbis
1585 665 1851 718 duntaxat
1892 663 2120 716 manda-

532 757 612 813 vit
655 756 935 823 iudicibus
978 758 1130 820 suis,
1171 767 1228 810 ut
1256 758 1324 808 ab
1368 756 1771 825 oppugnatione
1805 764 2117 808 nostrorum

533 849 892 902 abstinerent.
923 846 1058 900 Nam
1095 861 1221 899 cum
1253 845 1457 914 alioqui
1507 845 1730 899 minimc
1762 845 1984 898 auderet
2019 858 2118 912 po-

535 941 733 994 tiorum
767 939 1028 992 voluntati
1063 953 1125 992 ac
1156 938 1442 992 sententiae
1489 935 1785 1006 refragari,
1819 951 2119 1006 suppresso

533 1035 712 1087 edicto
743 1032 834 1086 illo
863 1031 1005 1098 quod
1039 1045 1199 1100 supra
1234 1029 1515 1082 retulimus
1545 1069 1560 1093 ,
1605 1029 1864 1097 omnique
1897 1043 2024 1081 cura
2063 1035 2120 1081 et

533 1127 788 1180 cautione
820 1123 1060 1177 adhibita
1092 1138 1160 1176 ne
1197 1137 1292 1190 per
1320 1121 1630 1190 provincias
1659 1120 1871 1188 imperii
1910 1120 1990 1173 sui
2017 1134 2119 1188 pu-

535 1217 672 1270 hlice
715 1225 1138 1282 proponeretur,
1177 1213 1296 1282 ipse
1330 1211 1474 1265 nuda
1523 1226 1657 1265 voce
1686 1211 1987 1264 rectoribus
2015 1211 2119 1264 im-

535 1307 687 1374 pet-io
713 1322 813 1360 suo
842 1304 1103 1374 subjectis
1135 1303 1435 1372 praecepit,
1463 1311 1521 1354 ut
1556 1303 1991 1371 persecutionem
2024 1301 2120 1353 ad-

533 1411 723 1451 versus
757 1403 975 1448 nostros
1001 1393 1334 1446 inhiberent.
1370 1391 1521 1458 Quod
1554 1392 1770 1459 quidem
1803 1391 2115 1443 mandatum

536 1487 636 1554 ipsi
670 1486 770 1541 sibi
807 1486 1038 1539 invicem
1078 1497 1320 1538 rectores
1349 1499 1447 1554 per
1477 1483 1684 1538 litteras
1716 1483 2115 1550 signitlt-arttnt.

537 1580 776 1633 Sabinus
806 1579 1150 1646 quidem,qui
1187 1577 1534 1646 przefectnrre
1572 1575 1914 1644 praetorianae
1949 1574 2120 1640 digni-

541 1683 729 1738 tatem,
758 1686 878 1739 qua:
915 1671 1058 1738 apud
1101 1670 1220 1723 illos
1255 1685 1468 1721 summa
1513 1669 1764 1731 habetur,
1798 1677 1929 1721 tunc
1978 1677 2119 1721 tem-

539 1765 688 1834 poris
719 1763 1022 1826 obtinebat,
1057 1763 1391 1831 singularum
1427 1762 1831 1830 provinciarum
1873 1761 2120 1830 prwsidi-

541 1860 642 1910 bus
671 1856 1005 1908 voluntatem
1044 1853 1396 1922 imperatoris
1450 1869 1544 1923 per
1581 1853 1866 1920 epistolam
1925 1851 2118 1906 Latino

537 1962 791 2003 sermone
837 1947 1203 2014 conscriptam
1252 1945 1578 2000 insinuavit.
1642 1945 1775 1998 Eam
1829 1945 2120 2014 epistolam

536 2039 727 2094 Graece
761 2053 860 2092 nos
909 2037 1251 2106 interpretati
1304 2052 1493 2091 sumus
1547 2037 1598 2090 in
1656 2038 1800 2090 hunc
1849 2037 2118 2090 modum:

541 2150 560 2182 ι
600 2128 934 2200 Jampridcm
984 2131 1241 2197 maiestas
1276 2131 1617 2184 dominorum
1667 2139 1979 2184 nostrorum
2028 2145 2121 2184 sa-

538 2223 968 2276 cratissimorum
1002 2223 1334 2292 principum,
1361 2221 1578 2276 assidua
1612 2237 1676 2276 ac
1705 2222 1902 2276 devota
1926 2221 2126 2276 sollici-

539 2316 725 2369 tudine
755 2316 1001 2369 omuium
1046 2315 1352 2368 mortalium
1383 2325 1595 2369 mentes
1623 2316 1692 2369 ad
1721 2314 1862 2384 piam
1893 2324 2125 2370 rectam-

535 2422 642 2474 que
681 2407 893 2461 vivendi
943 2408 1210 2461 rationem
1247 2407 1536 2461 traducere
1578 2407 1934 2473 instituerat,
1965 2415 2024 2459 ut
2068 2417 2125 2460 et

538 2499 572 2552 ii
607 2499 697 2567 qui
736 2499 1054 2567 peregrinas
1093 2507 1146 2551 et
1176 2498 1243 2552 ab
1281 2499 1555 2553 institutis
1587 2499 1959 2552 Romanorum
1987 2497 2125 2552 alie-

539 2605 637 2644 nas
681 2592 1038 2646 caeremonias
1082 2591 1336 2659 amplecti
1371 2593 1716 2658 videbantur,
1757 2592 1967 2646 debitos
1997 2591 2122 2646 cul-

538 2693 629 2738 tus
657 2683 760 2736 diis
792 2684 1196 2738 immortalibus
1241 2683 1590 2738 exhiberent.
1624 2681 1822 2738 Verum
1875 2687 2118 2753 pertina-

538 2775 623 2829 cia
673 2774 1030 2842 quorumdam
1065 2786 1116 2831 et
1149 2776 1425 2830 obstinata
1472 2775 1671 2830 mentis
1697 2775 1899 2830 duritia
1931 2791 1998 2829 eo
2028 2793 2120 2830 us-

537 2884 644 2936 que
671 2868 960 2935 processit,
987 2878 1044 2922 ut
1070 2883 1246 2938 neque
1273 2869 1385 2937 ipsa
1420 2869 1719 2940 imperialis
1749 2871 2004 2939 przeccpti
2034 2870 2123 2940 iu-

538 2961 690 3012 stitia
722 2974 817 3013 eos
867 2974 895 3012 a
962 2963 1237 3034 proposito
1286 2975 1576 3028 revocare,
1627 2973 1726 3014 nec
1785 2961 2124 3017 imminentis

539 3047 791 3116 supplicii
841 3051 1082 3118 gravitas
1131 3051 1412 3105 deterrere
1462 3054 1719 3120 potuerit.
1775 3052 1912 3108 Cum
1959 3055 2126 3122 igitur

2224 573 2391 636 σθεις,
2431 573 2551 626 ἀντὶ
2569 572 2662 626 τοῦ
2695 574 3050 643 προτεθέντος
3086 574 3431 645 γράμματος,
3457 573 3602 643 λόγῳ
3627 590 3794 644 προσ-

2219 666 2403 720 τάττει
2433 668 2545 729 τοῖς
2567 666 2657 718 ὑπ’
2676 666 2838 719 αὐτὸν
2865 667 3112 736 ἄρχουσι,
3139 666 3228 718 τὸν
3256 663 3377 718 καθ’
3399 665 3554 735 ἡμῶν
3591 665 3795 717 ἀνεῖναι

2223 757 2480 828 πόλεμον.
2522 757 2674 810 Ἐπεὶ
2721 759 2829 829 γὰρ
2861 757 3014 828 αὐτῷ
3056 757 3129 828 μὴ
3178 758 3304 829 ἐξῆν
3356 755 3528 819 ἄλλως
3573 759 3638 827 τῇ
3687 755 3795 808 τῶν

2220 851 2544 923 κρειττόνων
2618 849 2919 918 ἀντιλέγειν
2999 850 3197 921 κρίσει,
3252 849 3342 902 τὸν
3402 845 3798 918 προεκτεθέντα

2222 943 2384 1012 νόμον
2410 943 2467 994 ὲν
2501 941 2838 1013 παραϐύστῳ
2863 941 2995 1004 θεὶς,
3027 941 3119 993 καὶ
3158 941 3304 1003 ὅπως
3335 941 3390 991 ὲν
3423 941 3534 1001 τοῖς
3581 939 3670 990 ὑπ’
3703 937 3797 990 αὖ·

2218 1036 2310 1089 τὸν
2331 1036 2519 1106 μέρεσι
2541 1035 2613 1107 μὴ
2632 1036 2710 1096 είς
2733 1031 2868 1103 προῦ
2879 1051 3007 1086 πτον
3020 1033 3209 1103 ἀχθείη
3229 1031 3537 1102 φροντίσας,
3566 1030 3797 1101 ἀγράφῳ

2223 1130 2609 1200 προστάγματι
2636 1132 2748 1192 τοῖς
2787 1129 2879 1181 ὑπ’
2915 1128 3075 1182 αὑτὸν
3103 1128 3326 1200 ἄρχουσι
3351 1126 3441 1178 τὸν
3481 1125 3602 1179 καθ’
3641 1125 3797 1196 ἡμῶν

2219 1221 2458 1291 διωγμὸν
2502 1221 2709 1274 ἀνεῖναι
2762 1221 3088 1292 προστάττει
3143 1220 3202 1272 Οἱ
3235 1218 3290 1271 δὲ
3325 1218 3384 1270 τὸ
3413 1218 3511 1286 τῆς
3556 1234 3799 1288 παρακε-

2219 1313 2456 1377 λεύσεως
2493 1313 2740 1384 ἀλλήλοις
2789 1313 2878 1365 διὰ
2929 1312 3146 1384 γραφῆς
3198 1309 3680 1380 ὑποσημαίνουσιν.
3741 1307 3798 1361 '0

2218 1402 2350 1470 γοῦν
2380 1405 2507 1475 παρ’
2539 1403 2719 1466 αὐτοῖς
2749 1402 2822 1470 t3)
2871 1401 2949 1472 τῷ
2990 1402 3097 1454 τῶν
3159 1400 3503 1470 ἐξοχωτάτων
3543 1398 3799 1468 ἐπάρχων

2219 1493 2491 1566 ἀξιώματι
2521 1494 2886 1565 τετιμημένος
2915 1493 3156 1555 Σαϐῖνος,
3181 1491 3316 1563 πρὸς
3346 1492 3471 1554 τοὺς
3505 1490 3625 1544 κατ’
3649 1490 3798 1552 ἔθνος

2219 1587 2555 1658 ἡγουμένους
2587 1586 2684 1658 τὴν
2721 1585 2981 1657 βασιλέως
3028 1585 3280 1656 ἐμφαίνει
3322 1583 3545 1655 γνώμην
3596 1584 3670 1655 (4)
3704 1584 3794 1636 διὰ

2232 1680 2546 1752 Ῥωμαῖκῆς
2579 1679 2888 1747 ὲπιστολῆςο
2917 1674 2984 1750 ἧς
3019 1677 3111 1730 καὶ
3133 1675 3300 1746 αὐτῆς
3333 1679 3364 1746 ή
3392 1675 3652 1746 ἑρμηνεία
3676 1676 3800 1728 τού-

2219 1791 2310 1827 τον
2354 1771 2595 1844 περιέχει
2640 1771 2731 1823 τὸν
2783 1771 3002 1840 τρόπον.
3065 1788 3083 1820 ι
3123 1769 3489 1840 Λιπαρωτάτῃ
3529 1767 3622 1819 καὶ
3669 1767 3802 1820 καθ-

2223 1863 2512 1935 ωσιωμένῃ
2541 1863 2739 1932 σπουδῇ
2763 1863 2795 1932 ἡ
2827 1861 3037 1930 θειότης
3064 1859 3171 1912 τῶν
3191 1859 3462 1912 δεσποτῶν
3483 1856 3636 1928 ἡμῶν
3661 1857 3802 1910 θειο-

2221 1957 2398 2010 τάτων
2429 1953 2876 2026 αὐτοκρατόρων,
2926 1954 3142 2005 πάντων
3196 1951 3302 2005 τῶν
3351 1950 3650 2022 ἀνθρώπιον
3702 1950 3802 2013 τὰς

2222 2049 2461 2111 διανοίας
2498 2047 2631 2118 πρὸς
2673 2045 2768 2117 τὴν
2797 2045 2950 2098 ὁσίαν
2987 2045 3080 2097 καὶ
3109 2043 3274 2115 ὀρθὴν
3299 2042 3389 2096 τοῦ
3419 2043 3516 2113 ζῇν
3555 2042 3672 2096 ὁδὸν
3701 2060 3800 2094 πε-

2230 2141 2511 2212 ριαγαγεῖν
2540 2138 2618 2192 ἔτι
2648 2137 2814 2190 παλαι
2847 2136 3064 2207 ὥρισεν,
3107 2136 3256 2199 ὅπως
3312 2135 3406 2188 καὶ
3445 2137 3492 2188 οἱ
3543 2134 3801 2206 ἀλλοτρίᾳ

2235 2229 2520 2302 Ῥωμαίων
2553 2229 2808 2300 συνηθείᾳ
2839 2227 3148 2282 ἀκολουθεῖν
3179 2227 3496 2292 δοκοῦντες,
3531 2228 3632 2291 τὰς
3665 2231 3801 2290 ὦσε·-

2224 2323 2456 2393 λομένας
2491 2322 2786 2393 θρησκείας
2820 2325 2931 2384 τοῖς
2966 2322 3250 2384 ἀθανάτοις
3290 2320 3430 2383 θεοῖς
3481 2321 3793 2373 ἐπιτελοῖεν.

2238 2417 2376 2470 Ἀλλ’
2408 2417 2443 2487 ἦ
2489 2434 2652 2469 τινων
2705 2414 2954 2478 ἔνστασις
3002 2415 3095 2467 καὶ
3140 2414 3453 2484 τραχυτάτη
3510 2413 3673 2484 βουλὴ
3724 2415 3801 2475 είς

2223 2511 2473 2564 τοσοῦτον
2530 2509 2809 2579 περιέστη,
2859 2507 2934 2570 ὼς
2985 2509 3120 2578 μήτε
3166 2506 3408 2578 λογισμῷ
3458 2506 3651 2575 δικαίῳ
3703 2504 3803 2574 τῆς

2227 2603 2528 2665 κελεύσεως
2566 2601 2825 2654 δύνασθαι
2873 2603 2938 2652 ἐκ
2987 2601 3085 2664 τῆς
3127 2600 3264 2662 ἰδίας
3307 2597 3616 2670 προθέσεως
3671 2599 3803 2651 ἀνα-

2215 2694 2466 2766 λλωρεῖν,
2521 2696 2657 2763 μήτε
2724 2692 2820 2762 τὴν
2871 2690 3225 2760 ἐπικειμένην
3277 2690 3549 2761 τιμωρίαν
3607 2690 3805 2754 αὐτοὺς

2225 2787 2493 2856 ὲκτοΰεῖν.
2544 2784 2762 2853 Ἐπειδὴ
2789 2784 2964 2835 τοίνυν
3008 2781 3316 2835 συνέϐαινεν
3342 2783 3404 2834 ὲκ
3435 2781 3527 2834 τοῦ
3560 2781 3804 2834 τοιούτου

2224 2882 2425 2953 τρόπου
2480 2879 2705 2941 πολλοὺς
2741 2879 2818 2940 εἰς
2864 2876 3104 2929 κίνδυνον
3150 2877 3377 2939 ἑαυτοὺς
3426 2875 3801 2946 περιϐάλλειν,

2227 2971 2369 3025 κατά
2395 2970 2490 3039 τὴν
2507 2967 2814 3040 προσοῦσαν
2832 2965 3108 3033 εὐγένειαν
3126 2965 3222 3034 τῆς
3243 2964 3568 3035 εὐσεϐείαςὴ
3591 2964 3804 3034 θειότης

2225 3061 2334 3114 τῶν
2378 3058 2652 3112 δεσποτῶν
2692 3057 2848 3128 ἡμῶν
2896 3056 3003 3107 τῶν
3041 3055 3427 3108 δυνατωτάτων
3475 3055 3803 3125 αὑτοκρατό-

540 3140 802 3194 acciderit
832 3150 888 3195 ut
933 3157 997 3196 ea
1030 3142 1096 3195 dc
1129 3158 1292 3196 causa
1345 3143 1565 3208 plurimi
1614 3160 1737 3202 sese
1787 3145 1842 3200 in
1889 3147 2119 3216 abrupta

2229 3169 2362 3222 ρων,
2406 3149 2681 3219 ἀλλότριον
2729 3143 2865 3200 εἶναι
2899 3148 2994 3214 τῆς
3031 3145 3340 3216 προθέσεως
3387 3145 3485 3212 τῆς
3520 3143 3803 3216 θειοτάτης

538 3231 777 3298 pericula
811 3233 1155 3303 conjicerent
1179 3277 1198 3300 ,
1232 3234 1496 3304 maiestas
1521 3235 1864 3291 dominorum
1901 3249 2117 3292 nostro-

537 3339 656 3377 rum
690 3323 1110 3380 fortissimorum
1153 3328 1457 3395 principum
1499 3343 1600 3397 pro
1635 3329 1800 3383 insita
1851 3329 1957 3384 sibi
2003 3331 2120 3400 pie-

539 3424 653 3470 tate
703 3426 867 3485 atque
897 3417 1191 3474 clementia
1223 3459 1237 3481 ,
1269 3421 1504 3473 alienum
1539 3437 1568 3474 a
1619 3423 1969 3477 sanctissimo
2017 3439 2117 3477 suo

537 3508 816 3577 proposito
843 3525 962 3564 esse
1002 3511 1260 3581 iudicans
1287 3555 1302 3579 ,
1339 3523 1398 3566 ut
1429 3527 1496 3568 ex
1525 3515 1791 3579 eiusmodi
1826 3517 2117 3571 occasione

539 3601 592 3652 in
645 3609 794 3654 tanta
845 3603 1158 3658 discrimina
1209 3605 1458 3660 homines
1505 3608 1867 3675 adducam-vr,
1918 3621 2120 3666 nostra!

539 3693 818 3748 devotioni
853 3697 1110 3765 praecepit
1135 3736 1150 3759 ,
1197 3707 1255 3750 ιιι
1306 3697 1372 3750 ad
1425 3705 1569 3750 tuam
1601 3699 1879 3753 solertiam
1911 3701 2122 3757 litteras

538 3784 726 3837 darem
775 3799 790 3837 :
828 3787 972 3854 quod
1017 3787 1060 3841 si
1114 3789 1238 3858 quis
1281 3788 1424 3843 forte
1469 3789 1906 3844 Christianorum
1946 3795 2124 3861 gentis

537 3887 651 3927 sua:
675 3873 989 3943 religionem
1024 3877 1321 3931 observare
1372 3879 1749 3948 deprehensus
1775 3879 1959 3942 fuerit,
1996 3899 2120 3936 eum

537 3965 685 4017 onmi
727 3965 976 4019 molestia
1003 3981 1068 4020 ac
1095 3968 1410 4025 discrimine
1441 3970 1665 4036 liberes,
1687 3987 1861 4042 neque
1887 3973 1958 4029 ob
1983 3975 2124 4030 hanc

608 4119 686 4188 (3)
729 4118 791 4172 Ὀ
814 4119 965 4193 γοῦν
994 4123 1142 4193 ἕταρ’
1175 4121 1398 4187 αὐτοῖς.
1447 4123 1601 4192 Apud
1651 4123 2010 4193 Nicephorum
2049 4127 2128 4182 Ie-

540 4189 681 4271 gjtttr
718 4190 1050 4271 παρ’-αυτῷ,
1072 4202 1160 4271 _ttt
1187 4194 1459 4271 _§:tliiiitint
1499 4189 1813 4262 prtufectutit
1873 4199 2129 4271 praetorio

540 4258 818 4314 Maximini
857 4258 1024 4315 fuisse
1071 4262 1362 4329 intelligas.
1411 4258 1578 4317 Recte
1615 4275 1792 4320 tamen
1829 4258 1998 4321 nostri
2031 4283 2128 4322 co-

537 4330 686 4404 dices
735 4331 937 4404 habent
970 4331 1317 4404 recipias-eoi;
1353 4334 1404 4385 in
1437 4333 1626 4402 plurali
1684 4351 1926 4390 numero.
1992 4336 2125 4390 Nam

537 4398 797 4465 Sabinus,
827 4402 954 4455 licet
983 4398 1125 4469 apud
1150 4398 1500 4456 Maximinum
1531 4405 1797 4458 Ctesarem
1832 4406 1882 4458 in
1906 4405 2131 4461 Oriente

541 4470 917 4543 praefecturam
947 4484 1163 4543 gereret
1193 4473 1450 4540 praetorii.
1487 4483 1662 4528 tamen
1687 4477 1810 4543 quia
1843 4478 2130 4543 praefectus

2227 3246 2323 3315 τῆς
2353 3243 2486 3306 ἰδίας
2517 3240 2883 3312 δοκιμάζουσα
2911 3239 2969 3291 τὸ
3000 3241 3063 3291 ὲκ
3095 3239 3191 3307 τῆς
3219 3237 3475 3308 τοιαύτης
3513 3238 3691 3300 αἰτίας
3723 3240 3803 3300 είς

2222 3335 2476 3390 τοσοῦτον
2503 3333 2744 3386 κίνδυνον
2764 3332 2889 3395 τοὺς
2919 3329 3244 3400 ἀνθρώπους
3279 3328 3647 3400 περιϐάλλειν,
3684 3328 3804 3382 ἐκέ-

2223 3427 2382 3480 λευσε
2425 3425 2512 3478 διὰ
2553 3425 2651 3493 τῆς
2693 3421 2836 3492 ἐμῆς
2881 3419 3264 3483 καθοσιώσεως
3310 3423 3374 3490 τῇ
3436 3421 3501 3488 σῇ
3549 3420 3801 3492 ἀγχινοίᾳ

2223 3516 2565 3588 διαχαρᾶιξαι,
2589 3515 2653 3567 ἶν’
2676 3514 2820 3576 εἴτις
2836 3514 2944 3567 τῶν
2967 3511 3304 3583 Χριστιανῶν
3329 3510 3421 3564 τοῦ
3457 3511 3588 3564 ἰδίου
3619 3512 3802 3574 ἕθνοδς

2221 3611 2321 3681 τὴν
2338 3608 2632 3680 θρησκείαν
2653 3604 2848 3677 μετιὼν
2867 3607 2924 3659 εὖ
2935 3597 3253 3676 ρεθείη,’τῆς
3272 3605 3390 3656 κατ’
3407 3604 3570 3656 αὑτοῦ
3589 3603 3804 3673 ἐνοχλήο

2224 3718 2361 3764 σεως
2394 3701 2488 3754 καὶ
2530 3699 2623 3752 τοῦ
2666 3697 2914 3751 κινδύνου
2960 3695 3121 3749 αὐτὸν
3156 3695 3542 3763 ἀποστήσειας,
3591 3695 3681 3746 καὶ
3724 3694 3798 3763 μή

2221 3810 2340 3847 τινα
2386 3795 2448 3845 ἐκ
2487 3791 2692 3861 ταύτης
2723 3793 2826 3859 τῆς
2868 3787 3192 3860 προφάσεως
3236 3785 3476 3856 τιμωρίᾳ
3514 3785 3800 3838 κολαστέον

2220 3884 2520 3955 νομίσειας,
2553 3882 2714 3935 ὁπότε
2742 3885 2808 3951 τῇ
2835 3878 3088 3932 τοσούτου
3112 3877 3303 3948 χρόνου
3333 3873 3550 3928 συνελεύ
3562 3891 3640 3926 σει
3674 3891 3797 3928 συν-

2223 3974 2377 4047 έστη,
2417 3975 2614 4037 αὐτοὺς
2672 3971 2863 4045 μηδενὶ
2908 3969 3096 4041 τρόπῳ
3130 3965 3420 4020 πεπεῖσθαι
3463 3963 3803 4035 δεδυνῆσθαι,

2231 4132 2464 4184 inserens
2511 4129 2698 4199 legem,
2752 4126 3089 4194 manifestum
3155 4122 3304 4199 efﬁcit
3349 4122 3548 4175 cunctis
3585 4121 3640 4173 ir!
3665 4121 3802 4199 qnnd

2234 4189 2870 4253 Maximinus'obscuraro
2895 4189 3206 4249 ientaverat.
3253 4193 3305 4246 Iit
3341 4207 3447 4260 quo
3467 4203 3657 4260 tamen
3696 4189 3806 4242 Rn-

2233 4270 2373 4322 finus
2404 4277 2636 4323 mentem
2670 4266 2881 4320 Eusebii
2907 4280 3010 4318 non
3033 4272 3119 4317 est
3143 4259 3443 4316 assecutus.
3463 4259 3644 4329 Neque
3661 4263 3803 4312 enim

2233 4337 2469 4394 Sabinus
2523 4336 2868 4407 imperatoris
2900 4333 3113 4407 _Galerii
3153 4331 3590 4407 constitutionem
3628 4331 3804 4407 _edicto

2231 4425 2329 4463 suo
2369 4399 2740 4478 praemiserat.
2778 4414 2838 4478 ut
2891 4405 3072 4478 facere
3106 4403 3349 4478 solebant
3382 4399 3640 4478 _praefccti
3667 4414 3806 4465 prai-

2234 4472 2392 4532 torio'.
2437 4477 2642 4546 Quippe
2694 4474 3013 4546 Maximinus
3040 4488 3278 4546 operani_
3290 4472 3536 4546 dederat,
3570 4485 3636 4522 ne
3676 4484 3806 4521 con-

541 4536 1288 4614 creatusfuerai'apalerio,
1339 4545 1542 4614 idcirco
1571 4536 1957 4614 imperatorum
1991 4562 2128 4613 pra:-
2161 4536 2204 4592 ί)
2233 4536 2590 4603 ειίιιιιίοτὶΙΙΞί
2610 4549 2662 4600 in
2711 4545 2954 4598 notitiam
2985 4536 3397 4614 provincialium
3429 4555 3657 4614 suorum
3683 4553 3808 4614 per-

540 4609 720 4683 fectus
751 4610 969 4683 dicitur,
1024 4611 1226 4667 Galerii
1263 4613 1476 4666 scilicet
1505 4624 1558 4665 et
1583 4609 1882 4668 Maximini.
1919 4609 2128 4683 Quippe

539 4680 784 4751 Caesares
832 4682 922 4751 ius
958 4687 1320 4737 creandorum
1369 4683 1747 4750 prrefectorum
1805 4701 1909 4739 non
1944 4680 2130 4740 _ha'b'e—

541 4749 694 4826 bant,
741 4749 846 4804 sed
896 4752 1182 4826 praefectos
1219 4752 1301 4826 _a_b
1342 4749 1612 4826 Augustis
1631 4757 2130 4826 creatosiaccipie-

542 4818 692 4883 bant,
741 4818 920 4891 utiex
976 4823 1152 4878 Amm.
1219 4818 1516 4877 Marcellini
1563 4823 1807 4891 pluribus
1860 4818 2130 4880 locis'de-

543 4890 836 4962 monstrari
886 4902 1081 4960 potest.
1140 4891 1277 4947 Hinc
1302 4902 1387 4946 est
1426 4890 1572 4962 quod
1602 4895 1836 4950 Sabinus
1870 4897 1921 4948 in
1950 4897 2129 4950 edicto

540 4972 660 5021 suo,
696 4960 839 5032 quod
899 4962 989 5032 hic
1051 4963 1285 5016 refertur
1320 4965 1390 5017 ab
1443 4960 1712 5028 Eusebio,
1773 4966 2129 5032 imperatores

540 5041 757 5108 semper
788 5030 840 5082 in
873 5030 1066 5108 plurali
1097 5049 1325 5086 numero
1370 5033 1629 5108 appellat,
1676 5045 1732 5108 ut
1770 5030 2131 5103 provinciales

542 5097 903 5178 intelligerent
944 5101 996 5153 id
1023 5097 1550 5178 praeceptnmfiiisse
1581 5105 1679 5178 al3_
1709 5097 2131 5178 iniperatorilius

541 5165 783 5231 Galerio,
831 5165 1213 5237 Constantino;
1265 5171 1474 5226 Licinio
1528 5181 1584 5226 et
1632 5165 1945 5229 Maximino.
1995 5175 2128 5228 Pos-

541 5247 668 5316 snnt
704 5239 868 5293 etiam
893 5240 1020 5316 _hzec
1053 5244 1210 5295 verba
1253 5245 1380 5313 παρ’
1411 5242 1613 5316 αὐτοῖς,
1642 5246 1811 5316 accipi
1847 5246 1913 5298 de
1957 5255 2130 5298 recto-

544 5307 694 5382 ribus
730 5311 1173 5382 _proviuciarum
1207 5307 1344 5382 (μηθ’
1370 5307 1634 5381 parebant
1680 5307 1970 5368 Matxiitiitto
2008 5314 2128 5367 (3:2—

541 5379 698 5454 sariL
729 5378 814 5454 De
841 5379 938 5454 _his
971 5384 1115 5454 enim
1165 5378 1242 5454 in'
1266 5378 1606 5454 pra-cedente
1677 5385 1901 5454 periodo
1958 5384 2131 5450 loqui-

543 5456 632 5571 3:;
659 5447 942 5504 Eusebius.
971 5453 1149 5520 Atque
1179 5447 1296 5506 haec
1329 5453 1598 5521 expositio
1653 5447 1786 5508 mihi
1831 5457 2006 5510 verior
2031 5447 2132 5508 ’γῆς

635 5534 720 5571 nr.

577 5528 720 5573 etur.

615 5588 693 5656 (4)
725 5589 859 5664 ⁸Τὴν
911 5589 1219 5657 βασιλέως
1263 5591 1536 5664 ὲμφαίιίει
1567 5593 1843 5664 γνώμην.
1904 5593 2130 5646 Rufinus

545 5656 690 5712 hunc
723 5656 897 5714 locum
950 5665 1019 5715 ita
1064 5656 1392 5716 ventust-ad
1448 5656 1813 5731 Salrt'i'tus,'qni
1859 5680 1952 5731 per
1995 5663 2130 5715 illud

547 5737 749 5806 tempus
792 5731 1121 5806 prcefectura:
1148 5732 1353 5806 cnlmen
1383 5735 1604 5806 regebat,
1651 5735 1882 5806 animum
1919 5734 2128 5799 provin-

549 5800 747 5849 ciarum
799 5799 1064 5868 iudicibus
1088 5804 1342 5869 scribens,
1376 5799 1744 5870 clipra'latam
1797 5805 2127 5872 imperatoris

2229 4619 2460 4672 veniret.
2491 4617 2624 4670 Nam
2668 4609 2995 4680 rescriptum
3013 4612 3215 4666 Galerii
3250 4623 3580 4678 magnopere
3613 4609 3660 4661 ei
3691 4610 3806 4662 dil-

2229 4688 2494 4756 plicebat;
2558 4695 2668 4739 tttm
2735 4685 2876 4750 quod
2931 4681 3269 4756 Christiani,
3337 4681 3808 4756 quo_s__liactem_is

2229 4749 2572 4812 atrocissime
2613 4749 3142 4826 persecutusfuerat,
3180 4751 3302 4826 eius
3335 4749 3651 4826 crudelitate
3677 4750 3807 4801 sub-

2233 4828 2388 4881 lracti
2423 4821 2626 4889 eranti
2649 4836 2760 4878 tum
2797 4824 2942 4890 quod
2977 4837 3174 4876 nomen
3203 4821 3374 4890 ipsius
3397 4821 3672 4887 praefixum
3698 4834 3802 4872 non

2229 4908 2350 4952 erat
2372 4899 2694 4967 supradictae
2709 4889 3102 4967 constitutioni.
3125 4892 3226 4967 Sed
3259 4889 3450 4967 Licinii
3467 4891 3684 4958 quidem
3697 4903 3804 4967 ino-

2232 4982 2352 5020 nten
2400 4958 2518 5036 post
2541 4966 2815 5020 Galerium
2841 4975 2894 5016 et
2928 4962 3339 5036 Constantinum
3365 4960 3418 5036 in
3447 4975 3511 5013 eo
3544 4958 3808 5036 rescripto

2231 5029 2512 5104 legebatur
2555 5053 2569 5094 :
2600 5038 2714 5104 ipse
2747 5049 2894 5104 vero,
2925 5043 3109 5104 utpote
3149 5030 3561 5104 adhuc.C_:esar,
3603 5029 3805 5081 nullum

2233 5100 2310 5162 ibi
2336 5108 2512 5161 locum
2547 5100 2799 5161 habebat.
2823 5100 3054 5157 vPartim
3093 5102 3258 5168 igitur
3303 5100 3510 5167 pudore
3561 5114 3627 5152 ac
3653 5113 3810 5151 vere-

2231 5179 2424 5232 cundia
2449 5219 2462 5240 ,
2519 5179 2712 5246 partim
2746 5191 2854 5244 pra-2
2883 5174 3268 5246 indignatione,
3314 5169 3661 5246 Maximinus
3686 5183 3806 5246 eant

2231 5240 2674 5301 constitutionem
2707 5240 3028 5314 suppres~itl
3073 5242 3306 5314 Sabinus
3328 5254 3457 5314 vero
3495 5241 3548 5292 in
3581 5240 3806 5307 epistola

2231 5331 2326 5370 sua
2360 5319 2424 5370 ad
2461 5317 2718 5386 pnesides
2742 5310 3170 5386 provinciarum,
3184 5310 3353 5365 levem
3370 5310 3642 5386 duntaxat
3663 5323 3812 5361 men-

2234 5387 2434 5441 tionem
2461 5378 2607 5441 'fecit
2641 5378 2761 5452 eius
2801 5382 3239 5445 constitutionis,
3275 5389 3333 5433 ut
3367 5378 3661 5452 Maximino
3688 5394 3794 5431 mo-

2234 5474 2345 5510 rem
2371 5469 2604 5525 gereret.
2648 5449 2819 5510 Porro
2857 5453 3378 5525 Christophorsonus
3423 5449 3685 5525 βασιλέως
3703 5464 3811 5525 no-

2233 5519 2764 5581 mine'hfaximinum
2795 5527 2882 5579 hic
2912 5523 3197 5581 intellexit.
3225 5537 3329 5575 non
3363 5528 3422 5573 ut
3449 5519 3675 5574 Rufinus
3695 5519 3806 5574 Ga-

2232 5597 2446 5650 lerium.
2494 5598 2663 5667 Magis
2710 5595 3116 5667 tamen_placet
3162 5591 3339 5645 Rufini
3411 5591 3803 5667 interpretatio,

2231 5683 2352 5722 cum
2387 5661 2650 5722 Eusebius
2709 5661 3058 5719 Maximinum
3087 5672 3374 5736 tyrannum
3411 5661 3589 5731 potius
3614 5673 3809 5715 vocate

2233 5738 2398 5794 soleat
2440 5754 2599 5804 quam
2649 5736 2938 5790 Cat-sarem.
