4220 6392
375 338 470 393 8η
1410 317 1761 377 ΗΙΒΤΟΒῙᾹΕ
1801 314 1981 373 ΕΟΟΙΑ

2083 311 2368 369 ΞΑΞΤῘΕΕ
2408 311 2538 369 LIB.
2579 312 2675 369 ΚΧ.

3549 316 3659 373 sua
3713 387 3721 394 ο

373 454 523 517 ὅπως
562 450 674 505 ἀπὸ
719 418 827 502 τῶν
866 445 1123 502 τοιούτων
1162 443 1468 498 ὲνστάσεων
1521 441 1957 512 ἀναχωρήσαιεν.

2083 450 2290 491 ξειιιεοιη
2320 434 2429 490 ulla
2460 451 2621 506 poena
2653 433 2995 490 adiciendum
3027 447 3277 491 censeas.
3298 434 3507 507 Quippe
3529 451 3656 493 cum

387 541 691 615 Ἐγγράψαι
735 537 1025 611 τοιγαροῦν
1066 536 1204 607 πρὸς
1247 537 1373 599 τοὺς
1411 533 1669 602 λογιστὰς
1711 530 1804 585 καὶ
1835 532 1964 594 τοὺς

377 634 737 707 στρατηγοὺς,
760 633 855 685 καὶ
873 631 998 694 τοὺς
1014 626 1407 701 πραιποσίτους
1418 624 1512 678 τοῦ
1534 623 1712 692 πάγου
1727 620 1964 690 ἑκάστης

377 727 585 792 πόλεως
613 727 647 798 ή
683 725 751 797 σὴ
783 722 1145 795 ἐπιστρέφεια
1174 720 1412 792 ὀφείλει,
1452 718 1539 771 ἵνα
1566 716 1738 787 γνῷεν
1768 731 1965 785 περαι-

375 820 521 892 τέρω
574 819 757 882 αὐτοῖς
811 815 998 871 τούτου
1053 814 1148 868 τοῦ
1200 813 1523 884 πράγματος
1577 807 1654 879 (5)
1694 805 1950 879 φροντίδα

378 910 648 966 ποιεῖσθαι
684 909 759 981 μὴ
781 908 1101 981 προσήκειν.
1124 925 1141 956 ι
1176 905 1300 959 Ἐπὶ
1336 902 1547 965 τούτοις
1573 901 1622 953 οἱ
1643 897 1765 953 κατ’
1797 899 1968 967 ἐπαρ-

377 1003 522 1075 χίαν,
536 1002 636 1073 τὴν
652 1000 759 1053 τῶν
782 998 1102 1071 γραφέντων
1119 996 1303 1059 αὐτοῖς
1321 991 1682 1065 ἐπαληθεύειν
1706 988 1968 1060 προαίρε-

381 1113 466 1151 σιν
501 1093 874 1165 νενομικότες,
907 1090 1182 1161 λογισταῖς
1211 1089 1304 1143 καὶ¹
1336 1086 1662 1159 στρατηγοῖς
1699 1083 1795 1136 καὶ
1855 1082 1967 1143 τοῖς

380 1190 500 1244 κατ’
522 1190 727 1258 ἀγροὺς
757 1184 1227 1255 ἐπιτεταγμένοις,
1246 1183 1346 1253 τὴν
1366 1176 1646 1252 βασιλικὴν
1673 1176 1968 1249 διάγραμ-

384 1280 568 1352 μάτων
601 1278 817 1349 ἐμφανῆ
840 1275 1141 1331 καθιστῶσι
1166 1272 1414 1344 γνώμην,
1436 1272 1499 1324 ού
1529 1270 1688 1342 μόνον
1712 1268 1755 1321 δ’
1784 1267 1968 1328 αὐτοῖς

380 1372 468 1426 διὰ
512 1371 731 1444 γραφῆς
765 1367 938 1423 ταῦτα
984 1364 1320 1439 προύχώρει,
1362 1365 1458 1419 καὶ
1501 1362 1683 1435 ἔργοις
1727 1359 1783 1413 δὲ
1832 1358 1967 1413 πολὺ

383 1464 667 1536 πρότερον,
698 1462 774 1527 ὡς
805 1460 871 1516 ἂν
903 1459 1082 1531 νεῦμα
1112 1456 1388 1529 βασιλικὸν
1418 1458 1496 1518 είς
1520 1455 1693 1527 πέρας
1720 1453 1967 1520 ἄγοντες,

280 1616 285 1619 _
382 1553 477 1618 οὓς
505 1550 648 1625 εἶχον
682 1555 739 1606 ἐν
772 1548 1167 1623 δεσμωτηρίοις
1192 1544 1624 1617 καθειργμένους
1651 1541 1739 1595 διά
1761 1539 1860 1611 τὴν
1888 1539 1970 1602 είς

383 1646 445 1700 τὸ
471 1646 627 1699 Θεῖον
657 1642 967 1716 ὁμολογίαν,
1000 1643 1079 1704 είς
1115 1638 1346 1710 φανερὸν
1378 1635 1715 1707 προάγοντες
1744 1628 1969 1701 ἠλευθέ-

388 1758 534 1813 ρουν,
571 1738 808 1801 ἀνιέντες
849 1734 1054 1790 τούτων
1092 1733 1157 1804 δὴ
1199 1729 1381 1786 αὐτῶν
1409 1730 1535 1789 τοὺς
1585 1729 1643 1780 ἐν
1687 1723 1972 1796 μετάλλοις

2076 538 2185 582 tam
2221 527 2381 598 longo
2409 528 2520 597 jam
2564 530 2829 596 temporis
2861 536 3037 581 tractu
3079 537 3414 596 compertum
3448 527 3654 592 fuerit,

2073 635 2169 675 eos
2220 619 2363 676 nulla
2420 621 2635 674 ratione
2683 618 2877 673 adduci
2930 632 3092 688 posse
3137 628 3197 673 ut
3228 618 3298 673 ab
3344 619 3656 687 bujusmodi

2075 712 2376 784 pertinacia
2433 710 2755 765 abscedant.
2797 710 3052 766 Scribere
3083 711 3251 782 igitur
3277 710 3343 764 ad
3372 721 3657 766 curatores

2072 812 2130 859 et
2166 804 2517 873 magistratus
2540 844 2555 869 ,
2582 801 2753 875 348
2780 812 2835 857 et
2864 804 2932 858 ad
2975 805 3299 874 praepositos
3327 803 3449 873 pagi
3476 804 3659 873 singu-

2074 895 2248 951 larum
2273 896 2560 951 civitatum
2591 905 2681 950 tua
2716 897 2879 950 debet
2908 895 3176 951 industria
3201 935 3218 961 ,
3249 904 3308 950 ut
3348 897 3525 951 sciant
3552 896 3657 951 sibi
3698 889 3708 901 ”

2077 989 2131 1042 in
2179 996 2454 1057 posterum
2509 987 2671 1057 hujus
2726 987 2928 1057 negotii
2981 987 3214 1058 amplius
3263 1002 3451 1043 curam
3495 1002 3662 1060 agere

2076 1093 2184 1133 non
2236 1078 2428 1134 licere.
2488 1096 2508 1131 ι
2567 1077 2813 1133 P03thaec
2861 1078 3199 1150 singularum
3247 1079 3657 1148 provinciarum

2074 1170 2364 1243 prtesides.
2396 1170 2497 1225 rati
2540 1170 2682 1224 hanc
2714 1183 2905 1223 revera
2938 1183 3065 1225 csse
3095 1168 3360 1240 principis
3395 1179 3659 1234 utentem,

2078 1278 2200 1334 quae
2251 1262 2449 1317 litteris
2490 1261 2679 1317 Sabini
2724 1271 3165 1330 espromcrctur,
3203 1262 3471 1318 continuo
3499 1277 3664 1317 cura-

2079 1367 2225 1413 tores
2258 1366 2313 1411 et
2343 1354 2695 1424 magistratus
2723 1362 2777 1407 et
2812 1368 3072 1423 pagorum
3100 1354 3423 1423 prmpositos
3455 1368 3550 1424 per
3572 1354 3663 1407 lit-

2076 1456 2224 1504 teras
2270 1449 2339 1503 de
2395 1445 2747 1516 imperatoris
2793 1445 3073 1501 voluntate
3123 1446 3388 1501 certiores
3428 1446 3658 1500 faciunt.

2078 1540 2190 1595 Nec
2236 1553 2367 1594 vero
2421 1538 2644 1606 scriptis
2692 1538 3002 1604 duntaxat,
3053 1552 3243 1592 verum
3290 1537 3456 1592 etiam
3506 1537 3665 1591 factis

2079 1631 2251 1687 multo
2283 1632 2456 1702 magis
2483 1631 2757 1686 instabant
2788 1670 2805 1695 ,
2845 1638 3029 1699 utpote
3062 1630 3155 1699 qui
3196 1630 3466 1699 principis
3510 1630 3663 1699 jussa

2079 1725 2423 1780 exsecutioni
2456 1725 2795 1778 mandarent.
2829 1721 3111 1791 Quotquot
3148 1722 3317 1793 igitur
3352 1721 3424 1777 ob
3451 1720 3668 1777 confes-

385 1811 478 1886 ἐπὶ
499 1830 737 1902 τιμωρίᾳ
758 1826 1073 1898 δεδομένους
1091 1840 1105 1855 ·
1146 1822 1306 1877 τοῦτο
1339 1821 1447 1892 γὰρ
1476 1820 1565 1872 ἐπ’
1590 1815 1849 1887 ἀληθείας
1877 1813 1974 1885 βα-

2083 1815 2286 1870 siunem
2342 1814 2508 1870 divini
2556 1812 2811 1867 Numinis
2842 1813 3054 1867 vinctos
3099 1812 3154 1865 in
3202 1811 3448 1866 custodia
3498 1812 3666 1866 babe-

388 1926 526 1980 σιλεῖ
554 1924 726 1977 δοκεῖν
750 1922 1111 1990 ὑπειλήφασιν
1141 1914 1503 1986 ἠπατημένοι.
1533 1912 1644 1965 Καὶ
1676 1910 1741 1982 δὴ
1770 1907 1976 1962 τούτων

387 2018 561 2083 οὕτως
591 2013 1066 2078 ἐπιτελεσθέντων,
1102 2008 1315 2080 ἀθρόως
1346 2001 1457 2060 οἷόν
1482 2021 1536 2057 τι
1568 2000 1685 2073 φῶς
1719 2002 1785 2054 ἐκ
1821 2000 1979 2069 ζοφε-

395 2111 490 2179 ρᾶς
524 2106 716 2169 νυκτὸς
751 2100 1056 2173 ἐκλάμψαν,
1078 2097 1221 2152 κατά
1251 2096 1433 2150 πᾶσαν
1461 2092 1615 2145 πόλιν
1645 2105 1979 2161 συγκροτου-

391 2203 558 2275 μένας
596 2197 779 2270 παρῆν
807 2197 940 2269 ὁρᾷν
978 2189 1296 2262 ἐκκλησίας,
1333 2185 1583 2248 συνόδους
1623 2200 1683 2235 τε
1710 2180 1981 2275 παμπλη-

389 2269 525 2356 θεῖς,
572 2269 690 2343 και
718 2287 819 2351 τὰς
858 2284 954 2339 ἐπὶ
997 2281 1205 2338 τούτων
1253 2278 1313 2343 ἐξ
1351 2276 1510 2337 ἔθους
1554 2269 1981 2341 ἐπιτελουμένας

392 2381 715 2451 συναγωγὰς
749 2377 844 2450 (6),
879 2372 1303 2442 καταπέπληκτο
1328 2368 1373 2422 δ’
1408 2367 1502 2420 ἐπὶ
1533 2365 1744 2429 τούτοις
1764 2365 1826 2417 ού
1858 2378 1983 2435 σμι-

392 2474 542 2546 κρῶς
586 2473 694 2536 πᾶς
742 2487 827 2534 τις
870 2467 980 2521 τῶν
1024 2464 1270 2519 ἀπίστων
1317 2458 1523 2522 ἐθνῶν,
1557 2457 1659 2528 τῆς
1707 2454 1982 2525 τοσαύτης

396 2565 699 2639 μεταϐολῆς
727 2564 790 2618 τὸ
813 2558 1114 2633 παράδοξον
1139 2551 1567 2625 ἀποθαυμάζων,
1600 2550 1773 2623 μέγαν
1799 2566 1859 2602 τε
1888 2548 1983 2601 καὶ

396 2661 557 2731 μόνον
582 2657 754 2730 ἀληθῆ
787 2656 879 2710 τὸν
906 2648 1249 2727 Χριστιανῶν
1277 2646 1410 2701 Θεὸν
1438 2643 1830 2715 ἐπιϐοώμενος.
1860 2639 1984 2692 Τῶν

390 2753 435 2806 δ’
464 2751 747 2825 ἡμετέρων
777 2749 828 2802 οἱ
859 2748 955 2820 μέν
986 2745 1077 2799 τὸν
1102 2742 1208 2796 τῶν
1238 2736 1494 2811 διωγμῶν
1539 2737 1727 2806 ἀγῶνα
1773 2732 1984 2825 πιστῶς

395 2824 493 2899 και
519 2842 779 2916 ἀνδρείως
811 2836 1192 2911 διηθληκότες,
1228 2833 1328 2905 τὴν
1374 2828 1512 2903 πρὸς
1541 2829 1788 2892 ἅπαντας
1827 2824 1985 2889 αὖθις

393 2934 779 3006 ἀπελάμϐανον
804 2928 1138 3005 παρρησίαν,
1169 2928 1282 2980 ὅσοι
1315 2924 1373 2978 δέ
1402 2922 1471 2977 τὰ
1501 2923 1600 2994 τῆς
1630 2920 1868 2984 πίστεως
1899 2935 1987 2972 νε-

393 3029 705 3101 νοσηκάτες,
736 3025 835 3090 τὰς
864 3022 1044 3095 ψυχὰς
1088 3021 1384 3089 ἐτύγχανον
1414 3014 1841 3086 κεχειμασμένοι
1883 3008 1982 3082 (7),

395 3124 647 3195 ἀσμένως
690 3119 821 3190 περὶ
861 3117 960 3188 τὴν
1001 3114 1150 3184 σφῶν
1192 3109 1491 3181 θεραπείαν
1523 3106 1802 3169 ἔσπευδον,
1840 3106 1988 3160 ἀντι-

2079 1906 2210 1962 bant
2232 1949 2248 1974 ,
2280 1906 2577 1977 productos
2606 1906 2660 1959 in
2700 1904 2937 1959 medium
2985 1903 3355 1969 dimiserunt,
3397 1904 3466 1958 iis
3496 1903 3665 1958 etiam

2079 2001 2171 2070 qui
2198 1999 2264 2054 ad
2294 1998 2512 2054 metalla
2544 1998 2789 2053 damnati
2828 1999 3067 2062 fuerant,
3106 1997 3222 2066 pari
3253 1996 3504 2052 libertate
3527 2011 3666 2050 eon-

2081 2107 2258 2146 ccssa.
2292 2092 2346 2145 Id
2377 2090 2522 2145 enim
2553 2104 2745 2144 revera
2776 2090 2997 2159 placere
3029 2089 3262 2160 principi
3311 2087 3665 2142 arbitraban-

2084 2192 2196 2249 tur,
2227 2198 2352 2237 cum
2384 2192 2563 2236 tamen
2595 2180 2758 2235 aliter
2793 2195 2853 2235 se
2881 2194 2970 2235 res
2999 2180 3246 2235 haberet.
3278 2178 3546 2234 Caeterum
3581 2179 3667 2233 bis

2086 2276 2154 2331 ad
2185 2277 2328 2331 hunc
2372 2276 2594 2328 modum
2623 2274 2893 2328 confectis
2918 2312 2934 2338 ,
2965 2281 3194 2341 repente
3226 2273 3399 2326 instar
3426 2271 3669 2326 cmlestis

2083 2367 2365 2438 cujusdam
2394 2366 2552 2428 lucis.
2585 2380 2707 2434 qua:
2750 2374 2873 2434 post
2907 2364 3264 2419 densissimas
3300 2365 3476 2418 noctis
3512 2352 3666 2418 tene-

2085 2463 2211 2516 bras
2239 2460 2508 2520 exoritur.
2549 2458 2821 2513 Ecclesias
2848 2458 2901 2511 in
2929 2456 3156 2526 singulis
3185 2456 3500 2510 civitatibus
3534 2469 3671 2508 cou-

2085 2561 2363 2625 gregatas,
2392 2561 2446 2604 et
2472 2550 2948 2620 frequentissimos
2981 2546 3417 2603 Christianorum
3447 2559 3674 2600 concur-

2085 2661 2211 2709 sus,
2247 2654 2303 2699 et
2338 2643 2605 2699 collectas
2635 2642 2836 2697 ibidem
2867 2655 2935 2695 ex
2966 2656 3121 2695 more
3154 2639 3271 2694 fieri
3312 2638 3503 2694 solitas
3546 2650 3672 2692 cer-

2086 2752 2216 2793 nere
2246 2736 2465 2792 licebat.
2499 2736 2573 2790 Ex
2608 2750 2717 2807 quo
2743 2733 3042 2789 infidelium
3076 2731 3305 2803 papulos
3331 2731 3526 2800 ingens
3550 2743 3676 2800 per-

2084 2836 2305 2883 vaserat
2343 2838 2535 2898 stupor
2563 2842 2686 2882 cum
2720 2837 2927 2881 tantatn
2965 2836 3188 2893 tamque
3214 2826 3547 2892 insperatam
3582 2836 3672 2875 re-

2087 2935 2205 2974 rum
2248 2918 2666 2975 conversionem
2706 2917 3142 2972 admirarentur.
3169 2914 3677 2982 Exclamabautque

2086 3012 2265 3068 solum
2306 3024 2563 3081 magnum
2596 3020 2651 3065 ct
2676 3023 2807 3064 vere
2844 3008 3014 3063 Deum
3055 3021 3178 3062 esse
3213 3007 3308 3076 qui
3340 3021 3371 3060 a
3399 3004 3676 3061 Christia-

2089 3107 2176 3163 nis
2204 3106 2499 3162 coleretur.
2536 3104 2617 3161 Ex
2674 3104 2880 3159 nostris
2912 3115 3046 3157 vero
3082 3109 3352 3169 quotquot
3385 3098 3438 3152 in
3487 3112 3676 3167 perse-

394 3189 679 3277 δολοῦντες
715 3189 811 3265 καὶ
841 3207 1117 3279 σωτηρίας
1147 3201 1328 3267 δεξιάν
1356 3200 1485 3262 τοὺς
1517 3197 1867 3272 ἐρρωμένους
1901 3196 1981 3249 al.-

2090 3198 2329 3253 cutionis
2378 3197 2695 3253 discrimine
2735 3195 2972 3249 fideliter
3013 3208 3078 3247 ac
3109 3189 3324 3247 fortiter
3356 3192 3677 3245 decertan-

393 3306 670 3379 τούμενοι,
696 3304 789 3357 τόν
819 3319 879 3355 τε
908 3299 1040 3353 Θεὸν
1072 3296 1231 3350 ἵλεων
1260 3295 1445 3356 αὐτοῖς
1475 3289 1727 3356 γενέσθαι
1760 3287 1985 3341 καθικε-

394 3375 665 3457 τεύοντες.
713 3386 849 3443 Εἶτα
895 3388 953 3441 δέ
1003 3385 1097 3440 καὶ⁸
1147 3385 1197 3437 οἱ
1244 3384 1480 3452 γενναῖοι
1528 3379 1631 3449 τῆς
1678 3375 1987 3441 θεοσεϐείας

396 3485 628 3556 ἀθληταὶ
650 3482 754 3553 τῆς
780 3482 859 3543 είς
889 3479 957 3533 τὰ
991 3475 1228 3548 μέταλλα
1262 3471 1635 3535 κακοπαθείας
1673 3467 1989 3539 ἐλευθερού-

402 3593 574 3647 μενοι,
611 3574 703 3627 ἐπὶ
748 3571 847 3634 τάς
892 3567 1098 3623 ἑαυτῶν
1131 3563 1472 3627 ἐστέλλοντο,
1505 3561 1701 3632 γαῦροι
1734 3559 1828 3612 καὶ
1860 3575 1986 3629 φαι-

397 3668 514 3740 δροὶ
541 3666 631 3722 διὰ
652 3665 833 3735 πάσης
861 3661 1029 3723 ἰόντες
1047 3658 1273 3722 πόλεως,
1296 3654 1635 3728 εὐφροσύνης
1654 3670 1713 3706 τε
1734 3651 1985 3715 ἁλέκτου,

400 3760 491 3813 καὶ
527 3758 594 3825 ἢν
625 3755 744 3810 οὐδὲ
769 3753 912 3824 λόγῳ
940 3750 1160 3805 δυνατὸν
1188 3746 1521 3822 ἑρμηνεῦσαι
1551 3743 1866 3817 παρρησίας
1891 3741 1989 3812 εμ-

401 3851 574 3903 πλεοι.
615 3845 787 3916 Στίφη
828 3841 921 3899 οὖν
969 3838 1370 3911 πολυάνθρωπα
1408 3834 1551 3889 κατά
1587 3834 1758 3906 μέσας
1786 3831 1991 3900 λεωφόν

403 3961 530 4017 ρους
561 3942 656 3997 καὶ
683 3937 891 4011 ἀγορὰς
907 3978 922 4003 ,
968 3935 1134 4008 ᾠδαῖς
1165 3934 1260 3987 καὶ
1299 3931 1534 4002 ψαλμοῖς
1585 3930 1677 3984 τὸν
1718 3929 1853 3982 Θεὸν
1899 3929 1992 3981 άν-

402 4036 673 4109 υμνοῦντα
698 4034 767 4088 τά
798 4033 899 4104 τῆς
929 4026 1155 4102 πορείας
1182 4027 1334 4098 ἤνυε.
1368 4026 1478 4078 Καὶ
1501 4024 1629 4086 τοὺς
1661 4022 1798 4094 μετά
1827 4039 1991 4092 τιμω-

405 4129 525 4201 ρίας
550 4123 935 4198 ἀπηνεστάτης
975 4117 1157 4193 μικρῷ
1188 4114 1424 4189 πρόσθεν
1449 4113 1704 4185 δεσμίους
1744 4112 1853 4165 τῶν
1882 4129 1989 4165 πα-

402 4219 599 4291 τρίδων
625 4214 1092 4287 ἀπεληλαμένους,
1121 4206 1260 4273 εἷδες
1286 4207 1352 4262 ἂν
1378 4206 1583 4279 ἱλαροῖς
1614 4204 1707 4258 καὶ
1731 4202 1991 4275 γεγηθότι

405 4308 717 4384 προσώποις
762 4306 862 4369 τὰς
912 4302 1093 4359 αὐτῶν
1135 4299 1624 4371 ἀπολαμϐάνοντας
1666 4296 1882 4359 ἐστίας,
1915 4295 1990 4360 ὡς

405 4402 502 4455 καὶ
540 4400 668 4462 τοὺς
710 4397 973 4470 πρότερον
1015 4392 1137 4448 καθ’
1180 4390 1339 4465 ἡμῶν
1371 4390 1682 4460 φονῶντας,
1711 4387 1773 4442 τὸ
1805 4386 1992 4457 θαῦμα

408 4488 560 4561 παρά
596 4489 778 4542 πᾶσαν
808 4485 1049 4560 ὁρῶντας
1076 4482 1287 4549 ἐλπίδα,
1329 4480 1648 4552 συγχαίρειν
1684 4481 1797 4543 τοῖς
1830 4494 1989 4548 γεγε-

407 4581 681 4654 νημένοις.

2094 3298 2257 3354 rant,
2293 3302 2487 3357 magna
2538 3286 2683 3357 apud
2732 3300 2925 3340 omnes
2958 3282 3155 3340 fiducia
3199 3291 3254 3338 et
3290 3281 3546 3337 libertate
3576 3295 3675 3351 po-

2094 3380 2394 3435 tiebantur.
2428 3377 2534 3432 Sed
2557 3392 2787 3447 quorum
2812 3376 3164 3431 vacillaverat
3195 3374 3351 3437 fides,
3372 3373 3678 3442 animatque

2094 3468 2439 3540 naufragium
2468 3467 2752 3534 fecerant,
2788 3466 2824 3521 ii
2856 3467 2923 3520 ad
2951 3464 3252 3520 remedium
3291 3462 3448 3517 avide
3472 3475 3676 3532 prope-

2095 3563 2288 3617 rabant
2315 3601 2331 3628 ,
2380 3560 2751 3629 supplicantes
2783 3566 2839 3613 et
2884 3556 3198 3627 flagitantes
3248 3569 3278 3608 a
3313 3552 3677 3607 validioribus

2095 3663 2154 3709 ttt
2201 3653 2494 3708 salutarem
2539 3651 2642 3706 sibi
2678 3652 2924 3705 dextram
2978 3647 3319 3719 porrigereut
3350 3661 3365 3700 :
3402 3643 3677 3714 Deumque

2093 3758 2319 3802 orantes
2347 3757 2405 3799 ut
2433 3743 2703 3814 prapitius
2732 3742 2835 3797 sibi
2866 3756 2988 3796 esse
3026 3739 3207 3793 Vellet.
3244 3737 3491 3793 Postbtec
3509 3736 3676 3791 etiam

2098 3837 2349 3908 generosi
2401 3836 2476 3889 illi
2526 3848 2697 3889 sat-rae
2728 3832 3014 3904 religionis
3043 3828 3252 3899 pugiles
3280 3869 3297 3895 ,
3332 3827 3677 3883 metallorum

2094 3929 2355 3984 mrumuis
2385 3928 2622 3991 liberati,
2671 3926 2724 3980 in
2777 3942 2932 3981 suum
2976 3922 3175 3994 singuli
3214 3922 3447 3992 patriam
3481 3919 3678 3975 reverti

2095 4030 2381 4090 ceperunt
2417 4037 2433 4075 :
2467 4034 2671 4090 perque
2697 4018 2860 4072 urbes
2893 4018 3109 4085 pervias
3131 4014 3238 4069 l:cti
3271 4025 3434 4083 atque
3473 4011 3680 4066 alacres

2098 4110 2467 4173 incedebant,
2501 4106 2815 4163 incredibili
2849 4105 3088 4174 quodam
3137 4102 3340 4172 gaudio
3367 4112 3419 4154 et
3448 4098 3679 4167 inexpli-

2097 4201 2258 4256 cabili
2305 4200 2497 4256 fiducia
2551 4199 2762 4268 repleti.
2799 4197 2892 4253 Sic
2935 4196 3101 4265 igitur
3131 4206 3421 4249 numerosa
3462 4201 3679 4244 nostro-

2098 4309 2222 4349 rum
2276 4293 2494 4365 agmina
2522 4335 2538 4359 ,
2571 4307 2669 4361 per
2702 4295 2816 4344 vias
2848 4289 3094 4360 publicas
3124 4295 3178 4342 et
3207 4301 3304 4358 per
3335 4282 3454 4339 fora
3507 4282 3677 4338 Deum

2098 4384 2320 4457 hymnis
2349 4395 2405 4438 et
2449 4384 2683 4438 canticis
2710 4381 3035 4438 celebrando
3058 4419 3075 4444 ,
3106 4378 3212 4434 iter
3259 4391 3418 4431 suum
3454 4386 3679 4444 perege-

2102 4486 2252 4532 runt.
2290 4476 2357 4531 Et
2406 4477 2500 4547 qui
2546 4475 2711 4547 paulo
2744 4486 2905 4529 antea
2940 4488 3068 4528 cum
3115 4485 3329 4526 summa
3381 4467 3681 4523 acerbitate

2021 4557 2070 4615 Ι)
2098 4570 2264 4625 vincti
2297 4578 2351 4624 et
2375 4585 2444 4625 ex
2496 4568 2673 4640 patria
2723 4567 2942 4622 fuerant
2974 4563 3183 4636 expulsi
3213 4603 3229 4629 ,
3268 4577 3366 4618 eos
3397 4570 3526 4617 tunc
3554 4559 3679 4613 ιωιο

407 4651 571 4742 atque
629 4669 787 4724 ltilari
854 4666 1007 4722 vultu
1054 4652 1152 4722 sua
1193 4664 1470 4720 domicilia
1518 4662 1859 4730 postliminio
1917 4674 2306 4732 recuperantes
2372 4663 2624 4717 vidisses.
2671 4660 2823 4714 Adeo
2866 4667 2928 4713 ut
2975 4658 3050 4712 illi
3090 4655 3194 4725 ipsi
3249 4653 3342 4724 qui
3374 4651 3528 4723 prius
3571 4666 3682 4703 tae-

412 4741 533 4821 dem
580 4762 735 4819 nobis
786 4771 953 4830 atque
998 4757 1272 4814 excidium
1319 4757 1690 4820 minabantur,
1741 4763 1850 4809 tam
1897 4754 2188 4825 insperatae
2237 4755 2311 4812 rei
2362 4753 2625 4809 miraculo
2667 4750 2913 4817 attoniti,
2943 4747 3109 4821 349
3138 4745 3297 4802 nobis
3339 4741 3683 4816 gratularen-

412 4867 521 4913 ιω..
941 4941 1337 4997 ΚΕΦΑΛΑΙΟΝ
1371 4941 1447 4995 B'.

683 5034 822 5104 Περὶ
847 5033 960 5103 τῆς
984 5033 1302 5104 μετέπειτα
1330 5031 1702 5104 διαστροφῆς

876 5102 1015 5176 (Nm.
1058 5104 1128 5158 Η.
1160 5102 1226 5158 Ε.
1258 5120 1352 5170 VII,
1381 5102 1497 5175 25).

481 5198 667 5254 Ταῦτα
688 5198 732 5254 δ’
758 5198 942 5253 οὐκέτι
967 5190 1079 5260 οἷός
1107 5212 1167 5249 τε
1200 5193 1277 5250 ὢν
1300 5194 1486 5266 φέρειν
1511 5196 1540 5248 ό
1579 5192 1864 5267 τύραννος,
1905 5211 1997 5266 μι-

487 5360 579 5437 (5)
593 5360 758 5437 Vulg.
784 5360 1104 5437 περαιτέρω
1125 5361 1331 5437 αὐτοῖς
1344 5358 1577 5437 ’τούτου
1591 5359 1700 5437 to?
1723 5358 1992 5437 ψάμμα-

2717 4925 2948 4984 CAPUT
2991 4924 3059 4982 ll.

2351 5027 2429 5082 De
2461 5026 2721 5098 pravitate
2747 5037 2866 5093 qum
2897 5033 3023 5074 mox
3049 5017 3332 5072 subsecuta
3355 5023 3456 5070 est.

2179 5188 2383 5244 Verum
2440 5184 2531 5241 ille
2569 5171 2963 5239 bonestatis‘et
2998 5177 3265 5233 bonorum
3300 5173 3546 5232 omnium
3579 5169 3686 5225 iui-

2088 5352 2314 5425 αγωγάς
2338 5350 2520 5425 posuit
2547 5362 2646 5419 pro
2670 5343 2940 5409 συνάξεις.
2968 5342 3086 5409 Quo
3108 5354 3270 5425 sensu
3297 5332 3691 5425 etiam‘liiong-

405 5418 917 5502 τοξέῖηοιινόιιὶιὶἳο
935 5418 1066 5503 quin
1100 5418 1683 5503 SCI'll)elI-tlttlli8il.__‘t0§
1727 5418 1997 5503 πρᾶγμα-
2092 5418 2628 5503 δῖὶιεᾉιεξιιηιιιιίιιυὲ
2659 5429 3001 5503 eatnvocetn
3040 5418 3688 5503 usu-rpitittgfupﬁlntt:

560 5505 735 5571 Quam
757 5472 1192 5558 emendationem
1220 5499 1509 5555 conﬁrmat
1552 5472 1995 5571 Νιέἒιιιιὶἷῆιῖἷμ
2092 5472 2207 5550 ἶιινὶ
2248 5493 2303 5547 in
2336 5492 2428 5571 lib:
2450 5472 2556 5544 vti.
2591 5488 2796 5556 Duplex
2826 5496 3007 5571 autem
3039 5472 3420 5571 περ’σύναξις
3444 5472 3684 5571 ,τὲ

414 5569 657 5658 θηλὴ
702 5574 739 5658 Ι..
768 5590 867 5658 vtt,
891 5574 984 5642 qui
1031 5574 1194 5658 hunc,
1210 5571 1387 5625 locum
1419 5571 1525 5656 sic‘
1554 5571 1825 5658 expressit
1858 5587 1872 5622 :
1902 5569 1999 5640 Μὴ

411 5640 685 5727 προσῆκον
712 5640 939 5707 ἐκείνοις
968 5642 1281 5715 περαιτέρω
1307 5640 1562 5712 φροντίδα
1593 5640 1722 5712 περὶ
1741 5640 2005 5710 Χριστια-

411 5732 519 5772 νων
540 5715 825 5769 ποιεῖσθαι.

485 5785 563 5861 (θ)
603 5783 1102 5855 Ἐπιτελουμένας
1143 5778 1518 5853 συναγωγάς.
1568 5780 1690 5852 lloc
1736 5780 1855 5838 loco
1885 5796 2009 5837 συν-

2096 5543 3069 5635 νῗοὲιὲιὶἰίιέξῖιιιοξί·ει,εοςῖ·ε·ειιει·.ιιι·ὐι“τ
3110 5553 3184 5635 Ds
3234 5543 3690 5635 Pria'ﬁ'fttffffflﬁ

2099 5613 2447 5689 inaniis“;
2464 5632 2516 5684 in
2537 5627 2792 5696 Apologia
2811 5628 2877 5696 ad
2900 5613 3273 5696 constat-rgum
3294 5635 3309 5673 :
3328 5613 3439 5669 Kal.
3463 5613 3691 5683 γέγονεν

2099 5707 2202 5759 οὐκ
2222 5699 2490 5769 ἐγρκαίνια.
2521 5690 2658 5769 ἀλλά
2688 5690 2904 5769 σύναξις
2924 5691 3021 5764 τῆς
3044 5690 3230 5769 εὐχῆς.

2177 5757 2771 5847 (Ἱ)”Κεχειμασμένοι.
2800 5757 3003 5833 Lapsus
3051 5757 3318 5829 intelligit,
3388 5768 3525 5825 quos
3554 5768 3695 5809 nau-
