  <div class='ocr_page' id='page_1' title='image "/cluster/home/n/w/nwhite01/storage/ocr_20150623/20:no.2/coo.31924054873009/413.png"; bbox 0 0 4220 6398; ppageno 0'>
   <div class='ocr_carea' id='block_1_1' title="bbox 549 315 657 371">
    <p class='ocr_par' dir='ltr' id='par_1_1' title="bbox 549 315 657 371">
     <span class='ocr_line' id='line_1_1' title="bbox 549 315 657 371; baseline 0 -1"><span class='ocrx_word' id='word_1_1' title='bbox 549 315 657 371; x_wconf 74' lang='grc'><strong>805</strong></span> 
     </span>
    </p>
   </div>
   <div class='ocr_carea' id='block_1_2' title="bbox 1248 309 3087 378">
    <p class='ocr_par' dir='ltr' id='par_1_2' title="bbox 1248 309 3087 378">
     <span class='ocr_line' id='line_1_2' title="bbox 1248 309 3087 378; baseline 0.004 -8"><span class='ocrx_word' id='word_1_2' title='bbox 1248 314 1521 371; x_wconf 84' lang='lat' dir='ltr'><strong>EUSEBII</strong></span> <span class='ocrx_word' id='word_1_3' title='bbox 1558 309 2047 372; x_wconf 62' lang='lat' dir='ltr'><strong>CESARIENSIS</strong></span> <span class='ocrx_word' id='word_1_4' title='bbox 2082 312 2234 370; x_wconf 79' lang='lat' dir='ltr'><strong>OPP.</strong></span> <span class='ocrx_word' id='word_1_5' title='bbox 2274 313 2459 372; x_wconf 79' lang='lat' dir='ltr'><strong>PARS</strong></span> <span class='ocrx_word' id='word_1_6' title='bbox 2498 315 2539 371; x_wconf 90' lang='grc'>1.</span> <span class='ocrx_word' id='word_1_7' title='bbox 2579 346 2651 360; x_wconf 90' lang='grc'><strong><em>-</em></strong></span> <span class='ocrx_word' id='word_1_8' title='bbox 2686 315 3087 378; x_wconf 77' lang='lat' dir='ltr'><strong>HISTORICA.</strong></span> 
     </span>
    </p>
   </div>
   <div class='ocr_carea' id='block_1_3' title="bbox 3725 323 3836 385">
    <p class='ocr_par' dir='ltr' id='par_1_3' title="bbox 3725 323 3836 385">
     <span class='ocr_line' id='line_1_3' title="bbox 3725 323 3836 385; baseline 0.054 -7"><span class='ocrx_word' id='word_1_9' title='bbox 3725 323 3836 385; x_wconf 67' lang='grc'><strong>804</strong></span> 
     </span>
    </p>
   </div>
   <div class='ocr_carea' id='block_1_4' title="bbox 551 428 2127 507">
    <p class='ocr_par' dir='ltr' id='par_1_4' title="bbox 551 428 2127 500">
     <span class='ocr_line' id='line_1_4' title="bbox 551 428 2127 500; baseline -0.001 -15"><span class='ocrx_word' id='word_1_10' title='bbox 551 433 725 485; x_wconf 85' lang='lat' dir='ltr'><strong>uiicus</strong></span> <span class='ocrx_word' id='word_1_11' title='bbox 750 436 1037 500; x_wconf 83' lang='lat' dir='ltr'><strong>tyrannus,</strong></span> <span class='ocrx_word' id='word_1_12' title='bbox 1066 429 1182 498; x_wconf 90' lang='lat' dir='ltr'><strong>qui,</strong></span> <span class='ocrx_word' id='word_1_13' title='bbox 1225 439 1287 484; x_wconf 89' lang='lat' dir='ltr'><strong>ut</strong></span> <span class='ocrx_word' id='word_1_14' title='bbox 1325 443 1491 499; x_wconf 87' lang='lat' dir='ltr'><strong>supra</strong></span> <span class='ocrx_word' id='word_1_15' title='bbox 1523 430 1781 498; x_wconf 81' lang='lat' dir='ltr'><strong>diximus,</strong></span> <span class='ocrx_word' id='word_1_16' title='bbox 1812 431 1864 485; x_wconf 88' lang='lat' dir='ltr'><strong>in</strong></span> <span class='ocrx_word' id='word_1_17' title='bbox 1897 428 2127 484; x_wconf 79' lang='lat' dir='ltr'><strong>Orientit</strong></span> 
     </span>
    </p>
   </div>
   <div class='ocr_carea' id='block_1_5' title="bbox 2232 428 3832 507">
    <p class='ocr_par' dir='ltr' id='par_1_5' title="bbox 2243 432 3832 507">
     <span class='ocr_line' id='line_1_5' title="bbox 2243 432 3832 507; baseline 0.006 -22"><span class='ocrx_word' id='word_1_18' title='bbox 2243 432 2470 497; x_wconf 85' lang='grc' dir='ltr'>σόκαλος</span> <span class='ocrx_word' id='word_1_19' title='bbox 2493 437 2552 499; x_wconf 83' lang='grc' dir='ltr'>ὲς</span> <span class='ocrx_word' id='word_1_20' title='bbox 2573 436 2645 489; x_wconf 80' lang='grc' dir='ltr'>τὰ</span> <span class='ocrx_word' id='word_1_21' title='bbox 2678 436 2912 507; x_wconf 84' lang='grc' dir='ltr'>μάλιστα</span> <span class='ocrx_word' id='word_1_22' title='bbox 2941 438 3036 490; x_wconf 76' lang='grc' dir='ltr'>καὶ</span> <span class='ocrx_word' id='word_1_23' title='bbox 3062 438 3280 492; x_wconf 78' lang='grc' dir='ltr'>πάντων</span> <span class='ocrx_word' id='word_1_24' title='bbox 3300 437 3522 507; x_wconf 83' lang='grc' dir='ltr'><strong>ἀγαθῶν</strong></span> <span class='ocrx_word' id='word_1_25' title='bbox 3545 438 3832 507; x_wconf 77' lang='grc' dir='ltr'>ἐπίϐουλος</span> 
     </span>
    </p>
   </div>
   <div class='ocr_carea' id='block_1_6' title="bbox 554 521 2135 592">
    <p class='ocr_par' dir='ltr' id='par_1_6' title="bbox 554 521 2135 592">
     <span class='ocr_line' id='line_1_6' title="bbox 554 521 2135 592; baseline 0.001 -18"><span class='ocrx_word' id='word_1_26' title='bbox 554 521 798 592; x_wconf 84' lang='lat' dir='ltr'><strong>partibus</strong></span> <span class='ocrx_word' id='word_1_27' title='bbox 828 522 1118 589; x_wconf 91' lang='lat' dir='ltr'><strong>imperium</strong></span> <span class='ocrx_word' id='word_1_28' title='bbox 1148 524 1409 591; x_wconf 88' lang='lat' dir='ltr'><strong>gerebat,</strong></span> <span class='ocrx_word' id='word_1_29' title='bbox 1444 538 1568 576; x_wconf 90' lang='lat' dir='ltr'><strong>cum</strong></span> <span class='ocrx_word' id='word_1_30' title='bbox 1602 522 1748 577; x_wconf 89' lang='lat' dir='ltr'><strong>hunc</strong></span> <span class='ocrx_word' id='word_1_31' title='bbox 1799 537 1980 576; x_wconf 89' lang='lat' dir='ltr'><strong>rerum</strong></span> <span class='ocrx_word' id='word_1_32' title='bbox 2019 531 2135 576; x_wconf 80' lang='lat' dir='ltr'><strong>sta-</strong></span> 
     </span>
    </p>
   </div>
   <div class='ocr_carea' id='block_1_7' title="bbox 557 607 2135 682">
    <p class='ocr_par' dir='ltr' id='par_1_7' title="bbox 557 607 2135 682">
     <span class='ocr_line' id='line_1_7' title="bbox 557 607 2135 682; baseline 0.006 -24"><span class='ocrx_word' id='word_1_33' title='bbox 557 621 670 661; x_wconf 88' lang='lat' dir='ltr'><strong>tum</strong></span> <span class='ocrx_word' id='word_1_34' title='bbox 716 609 919 663; x_wconf 92' lang='lat' dir='ltr'><strong>diutius</strong></span> <span class='ocrx_word' id='word_1_35' title='bbox 955 607 1097 664; x_wconf 81' lang='lat' dir='ltr'><strong>ferre</strong></span> <span class='ocrx_word' id='word_1_36' title='bbox 1132 626 1241 664; x_wconf 90' lang='lat' dir='ltr'><strong>non</strong></span> <span class='ocrx_word' id='word_1_37' title='bbox 1270 619 1483 682; x_wconf 79' lang='lat' dir='ltr'><strong>posset,</strong></span> <span class='ocrx_word' id='word_1_38' title='bbox 1517 627 1587 666; x_wconf 89' lang='lat' dir='ltr'><strong>ne</strong></span> <span class='ocrx_word' id='word_1_39' title='bbox 1612 627 1710 666; x_wconf 82' lang='lat' dir='ltr'><strong>sex</strong></span> <span class='ocrx_word' id='word_1_40' title='bbox 1740 614 1961 682; x_wconf 80' lang='lat' dir='ltr'><strong>quidem</strong></span> <span class='ocrx_word' id='word_1_41' title='bbox 1992 613 2135 668; x_wconf 77' lang='lat' dir='ltr'><strong>inte-</strong></span> 
     </span>
    </p>
   </div>
   <div class='ocr_carea' id='block_1_8' title="bbox 553 702 2134 774">
    <p class='ocr_par' dir='ltr' id='par_1_8' title="bbox 553 702 2134 774">
     <span class='ocr_line' id='line_1_8' title="bbox 553 702 2134 774; baseline 0.006 -24"><span class='ocrx_word' id='word_1_42' title='bbox 553 703 666 770; x_wconf 83' lang='lat' dir='ltr'><strong>gris</strong></span> <span class='ocrx_word' id='word_1_43' title='bbox 692 702 971 756; x_wconf 85' lang='lat' dir='ltr'><strong>mensibus</strong></span> <span class='ocrx_word' id='word_1_44' title='bbox 1010 717 1203 771; x_wconf 90' lang='lat' dir='ltr'><strong>passus</strong></span> <span class='ocrx_word' id='word_1_45' title='bbox 1231 713 1315 758; x_wconf 90' lang='lat' dir='ltr'><strong>est</strong></span> <span class='ocrx_word' id='word_1_46' title='bbox 1345 720 1470 756; x_wconf 88' lang='lat' dir='ltr'><strong>eum</strong></span> <span class='ocrx_word' id='word_1_47' title='bbox 1502 719 1846 772; x_wconf 84' lang='lat' dir='ltr'><strong>permanere.</strong></span> <span class='ocrx_word' id='word_1_48' title='bbox 1886 706 2134 774; x_wconf 82' lang='lat' dir='ltr'><strong>Dumque</strong></span> 
     </span>
    </p>
   </div>
   <div class='ocr_carea' id='block_1_9' title="bbox 553 793 2130 868">
    <p class='ocr_par' dir='ltr' id='par_1_9' title="bbox 553 793 2130 868">
     <span class='ocr_line' id='line_1_9' title="bbox 553 793 2130 868; baseline 0.006 -24"><span class='ocrx_word' id='word_1_49' title='bbox 553 794 620 844; x_wconf 90' lang='lat' dir='ltr'><strong>ad</strong></span> <span class='ocrx_word' id='word_1_50' title='bbox 666 793 1032 848; x_wconf 85' lang='lat' dir='ltr'><strong>subruendam</strong></span> <span class='ocrx_word' id='word_1_51' title='bbox 1070 810 1256 865; x_wconf 80' lang='lat' dir='ltr'><strong>pacem</strong></span> <span class='ocrx_word' id='word_1_52' title='bbox 1290 796 1426 849; x_wconf 88' lang='lat' dir='ltr'><strong>nihil</strong></span> <span class='ocrx_word' id='word_1_53' title='bbox 1460 812 1569 852; x_wconf 91' lang='lat' dir='ltr'><strong>non</strong></span> <span class='ocrx_word' id='word_1_54' title='bbox 1611 799 1852 862; x_wconf 90' lang='lat' dir='ltr'><strong>molitur,</strong></span> <span class='ocrx_word' id='word_1_55' title='bbox 1897 800 2130 868; x_wconf 88' lang='lat' dir='ltr'><strong>prinnun</strong></span> 
     </span>
    </p>
   </div>
   <div class='ocr_carea' id='block_1_10' title="bbox 551 885 2131 960">
    <p class='ocr_par' dir='ltr' id='par_1_10' title="bbox 551 885 2131 960">
     <span class='ocr_line' id='line_1_10' title="bbox 551 885 2131 960; baseline 0.008 -25"><span class='ocrx_word' id='word_1_56' title='bbox 551 885 768 953; x_wconf 86' lang='lat' dir='ltr'><strong>quidem</strong></span> <span class='ocrx_word' id='word_1_57' title='bbox 811 897 1027 942; x_wconf 92' lang='lat' dir='ltr'><strong>nostros</strong></span> <span class='ocrx_word' id='word_1_58' title='bbox 1077 904 1104 941; x_wconf 91' lang='lat' dir='ltr'><strong>a</strong></span> <span class='ocrx_word' id='word_1_59' title='bbox 1155 892 1516 946; x_wconf 75' lang='lat' dir='ltr'><strong>conventibus</strong></span> <span class='ocrx_word' id='word_1_60' title='bbox 1549 893 1641 960; x_wconf 90' lang='lat' dir='ltr'><strong>qui</strong></span> <span class='ocrx_word' id='word_1_61' title='bbox 1693 891 1746 945; x_wconf 92' lang='lat' dir='ltr'><strong>in</strong></span> <span class='ocrx_word' id='word_1_62' title='bbox 1799 893 2131 947; x_wconf 73' lang='lat' dir='ltr'><strong>cmmeteriis</strong></span> 
     </span>
    </p>
   </div>
   <div class='ocr_carea' id='block_1_11' title="bbox 553 978 2133 1054">
    <p class='ocr_par' dir='ltr' id='par_1_11' title="bbox 553 978 2133 1054">
     <span class='ocr_line' id='line_1_11' title="bbox 553 978 2133 1054; baseline 0.008 -28"><span class='ocrx_word' id='word_1_63' title='bbox 553 978 668 1030; x_wconf 84' lang='lat' dir='ltr'><strong>licri</strong></span> <span class='ocrx_word' id='word_1_64' title='bbox 697 978 946 1033; x_wconf 89' lang='lat' dir='ltr'><strong>solebant</strong></span> <span class='ocrx_word' id='word_1_65' title='bbox 971 1020 986 1045; x_wconf 88' lang='lat'><strong>,</strong></span> <span class='ocrx_word' id='word_1_66' title='bbox 1022 981 1209 1035; x_wconf 88' lang='lat' dir='ltr'><strong>nescio</strong></span> <span class='ocrx_word' id='word_1_67' title='bbox 1254 997 1360 1050; x_wconf 91' lang='lat' dir='ltr'><strong>quo</strong></span> <span class='ocrx_word' id='word_1_68' title='bbox 1390 994 1657 1052; x_wconf 68' lang='lat' dir='ltr'><strong>praetextu</strong></span> <span class='ocrx_word' id='word_1_69' title='bbox 1687 997 1880 1039; x_wconf 90' lang='lat' dir='ltr'><strong>arcere</strong></span> <span class='ocrx_word' id='word_1_70' title='bbox 1910 1000 2133 1054; x_wconf 77' lang='lat' dir='ltr'><strong>aggres-</strong></span> 
     </span>
    </p>
   </div>
   <div class='ocr_carea' id='block_1_12' title="bbox 550 1072 2133 1144">
    <p class='ocr_par' dir='ltr' id='par_1_12' title="bbox 550 1072 2133 1144">
     <span class='ocr_line' id='line_1_12' title="bbox 550 1072 2133 1144; baseline 0.004 -22"><span class='ocrx_word' id='word_1_71' title='bbox 550 1085 644 1123; x_wconf 87' lang='lat' dir='ltr'><strong>sus</strong></span> <span class='ocrx_word' id='word_1_72' title='bbox 670 1079 775 1125; x_wconf 86' lang='lat' dir='ltr'><strong>est.</strong></span> <span class='ocrx_word' id='word_1_73' title='bbox 823 1072 1024 1125; x_wconf 87' lang='lat' dir='ltr'><strong>Deinde</strong></span> <span class='ocrx_word' id='word_1_74' title='bbox 1058 1072 1173 1140; x_wconf 86' lang='lat' dir='ltr'><strong>ipse</strong></span> <span class='ocrx_word' id='word_1_75' title='bbox 1211 1074 1278 1126; x_wconf 90' lang='lat' dir='ltr'><strong>ad</strong></span> <span class='ocrx_word' id='word_1_76' title='bbox 1327 1089 1387 1127; x_wconf 90' lang='lat' dir='ltr'><strong>se</strong></span> <span class='ocrx_word' id='word_1_77' title='bbox 1435 1078 1766 1144; x_wconf 79' lang='lat' dir='ltr'><strong>legationem</strong></span> <span class='ocrx_word' id='word_1_78' title='bbox 1821 1079 1988 1132; x_wconf 82' lang='lat' dir='ltr'><strong>mittit</strong></span> <span class='ocrx_word' id='word_1_79' title='bbox 2035 1079 2133 1132; x_wconf 78' lang='lat' dir='ltr'><strong>ad-</strong></span> 
     </span>
    </p>
   </div>
   <div class='ocr_carea' id='block_1_13' title="bbox 549 1165 2128 1237">
    <p class='ocr_par' dir='ltr' id='par_1_13' title="bbox 549 1165 2128 1237">
     <span class='ocr_line' id='line_1_13' title="bbox 549 1165 2128 1237; baseline 0.008 -25"><span class='ocrx_word' id='word_1_80' title='bbox 549 1174 740 1215; x_wconf 88' lang='lat' dir='ltr'><strong>versus</strong></span> <span class='ocrx_word' id='word_1_81' title='bbox 779 1173 997 1218; x_wconf 90' lang='lat' dir='ltr'><strong>nostros</strong></span> <span class='ocrx_word' id='word_1_82' title='bbox 1023 1205 1038 1226; x_wconf 91' lang='lat'><strong>,</strong></span> <span class='ocrx_word' id='word_1_83' title='bbox 1099 1165 1407 1220; x_wconf 78' lang='lat' dir='ltr'><strong>sollicitatis</strong></span> <span class='ocrx_word' id='word_1_84' title='bbox 1439 1183 1539 1237; x_wconf 92' lang='lat' dir='ltr'><strong>per</strong></span> <span class='ocrx_word' id='word_1_85' title='bbox 1567 1172 1831 1237; x_wconf 87' lang='lat' dir='ltr'><strong>quosdam</strong></span> <span class='ocrx_word' id='word_1_86' title='bbox 1881 1170 2128 1224; x_wconf 79' lang='lat' dir='ltr'><strong>nefarios</strong></span> 
     </span>
    </p>
   </div>
   <div class='ocr_carea' id='block_1_14' title="bbox 550 1254 2128 1325">
    <p class='ocr_par' dir='ltr' id='par_1_14' title="bbox 550 1254 2128 1325">
     <span class='ocr_line' id='line_1_14' title="bbox 550 1254 2128 1325; baseline 0.009 -21"><span class='ocrx_word' id='word_1_87' title='bbox 550 1254 798 1310; x_wconf 82' lang='lat' dir='ltr'><strong>homines</strong></span> <span class='ocrx_word' id='word_1_88' title='bbox 842 1255 1307 1313; x_wconf 88' lang='lat' dir='ltr'><strong>Antiochensibus</strong></span> <span class='ocrx_word' id='word_1_89' title='bbox 1332 1300 1347 1325; x_wconf 91' lang='lat'><strong>,</strong></span> <span class='ocrx_word' id='word_1_90' title='bbox 1382 1272 1441 1315; x_wconf 90' lang='lat' dir='ltr'><strong>ut</strong></span> <span class='ocrx_word' id='word_1_91' title='bbox 1473 1264 1570 1316; x_wconf 90' lang='lat' dir='ltr'><strong>abs</strong></span> <span class='ocrx_word' id='word_1_92' title='bbox 1599 1278 1658 1317; x_wconf 88' lang='lat' dir='ltr'><strong>se</strong></span> <span class='ocrx_word' id='word_1_93' title='bbox 1691 1264 1861 1317; x_wconf 90' lang='lat' dir='ltr'><strong>instar</strong></span> <span class='ocrx_word' id='word_1_94' title='bbox 1904 1264 2128 1318; x_wconf 78' lang='lat' dir='ltr'><strong>maximi</strong></span> 
     </span>
    </p>
   </div>
   <div class='ocr_carea' id='block_1_15' title="bbox 546 1345 2129 1420">
    <p class='ocr_par' dir='ltr' id='par_1_15' title="bbox 546 1345 2129 1420">
     <span class='ocr_line' id='line_1_15' title="bbox 546 1345 2129 1420; baseline 0.007 -21"><span class='ocrx_word' id='word_1_95' title='bbox 546 1345 829 1414; x_wconf 82' lang='lat' dir='ltr'><strong>cujusdam</strong></span> <span class='ocrx_word' id='word_1_96' title='bbox 867 1350 1117 1402; x_wconf 82' lang='lat' dir='ltr'><strong>beneﬁcii</strong></span> <span class='ocrx_word' id='word_1_97' title='bbox 1154 1363 1424 1420; x_wconf 88' lang='lat' dir='ltr'><strong>peterent,</strong></span> <span class='ocrx_word' id='word_1_98' title='bbox 1459 1370 1529 1408; x_wconf 92' lang='lat' dir='ltr'><strong>ne</strong></span> <span class='ocrx_word' id='word_1_99' title='bbox 1562 1355 1650 1407; x_wconf 88' lang='lat' dir='ltr'><strong>cui</strong></span> <span class='ocrx_word' id='word_1_100' title='bbox 1689 1355 2129 1410; x_wconf 87' lang='lat' dir='ltr'><strong>Christianorum</strong></span> 
     </span>
    </p>
   </div>
   <div class='ocr_carea' id='block_1_16' title="bbox 548 1437 2129 1515">
    <p class='ocr_par' dir='ltr' id='par_1_16' title="bbox 548 1437 2129 1515">
     <span class='ocr_line' id='line_1_16' title="bbox 548 1437 2129 1515; baseline 0.007 -25"><span class='ocrx_word' id='word_1_101' title='bbox 548 1437 896 1493; x_wconf 83' lang='lat' dir='ltr'><strong>Antiochiam</strong></span> <span class='ocrx_word' id='word_1_102' title='bbox 927 1440 1169 1495; x_wconf 87' lang='lat' dir='ltr'><strong>incolere</strong></span> <span class='ocrx_word' id='word_1_103' title='bbox 1205 1442 1414 1497; x_wconf 87' lang='lat' dir='ltr'><strong>liceret.</strong></span> <span class='ocrx_word' id='word_1_104' title='bbox 1456 1445 1594 1498; x_wconf 86' lang='lat' dir='ltr'><strong>Aliis</strong></span> <span class='ocrx_word' id='word_1_105' title='bbox 1638 1462 1853 1515; x_wconf 91' lang='lat' dir='ltr'><strong>quoque</strong></span> <span class='ocrx_word' id='word_1_106' title='bbox 1891 1457 1951 1500; x_wconf 93' lang='lat' dir='ltr'><strong>ut</strong></span> <span class='ocrx_word' id='word_1_107' title='bbox 1986 1448 2129 1501; x_wconf 88' lang='lat' dir='ltr'><strong>idem</strong></span> 
     </span>
    </p>
   </div>
   <div class='ocr_carea' id='block_1_17' title="bbox 553 1528 2130 1608">
    <p class='ocr_par' dir='ltr' id='par_1_17' title="bbox 553 1528 2130 1608">
     <span class='ocr_line' id='line_1_17' title="bbox 553 1528 2130 1608; baseline 0.008 -28"><span class='ocrx_word' id='word_1_108' title='bbox 553 1528 803 1582; x_wconf 79' lang='lat' dir='ltr'><strong>facerent</strong></span> <span class='ocrx_word' id='word_1_109' title='bbox 840 1532 1130 1600; x_wconf 75' lang='lat' dir='ltr'><strong>suggessit.</strong></span> <span class='ocrx_word' id='word_1_110' title='bbox 1163 1534 1403 1598; x_wconf 80' lang='lat' dir='ltr'><strong>Quorum</strong></span> <span class='ocrx_word' id='word_1_111' title='bbox 1442 1538 1683 1590; x_wconf 92' lang='lat' dir='ltr'><strong>omnium</strong></span> <span class='ocrx_word' id='word_1_112' title='bbox 1711 1547 1903 1592; x_wconf 87' lang='lat' dir='ltr'><strong>auctor</strong></span> <span class='ocrx_word' id='word_1_113' title='bbox 1933 1539 1984 1592; x_wconf 91' lang='lat' dir='ltr'><strong>in</strong></span> <span class='ocrx_word' id='word_1_114' title='bbox 2015 1539 2130 1608; x_wconf 90' lang='lat' dir='ltr'><strong>ipsa</strong></span> 
     </span>
    </p>
   </div>
   <div class='ocr_carea' id='block_1_18' title="bbox 548 1621 2126 1696">
    <p class='ocr_par' dir='ltr' id='par_1_18' title="bbox 548 1621 2126 1696">
     <span class='ocr_line' id='line_1_18' title="bbox 548 1621 2126 1696; baseline 0.005 -21"><span class='ocrx_word' id='word_1_115' title='bbox 548 1624 685 1675; x_wconf 86' lang='lat' dir='ltr'><strong>urbe</strong></span> <span class='ocrx_word' id='word_1_116' title='bbox 720 1621 1012 1678; x_wconf 79' lang='lat' dir='ltr'><strong>Antiochia</strong></span> <span class='ocrx_word' id='word_1_117' title='bbox 1039 1625 1247 1678; x_wconf 74' lang='lat' dir='ltr'><strong>exstitit</strong></span> <span class='ocrx_word' id='word_1_118' title='bbox 1286 1625 1635 1683; x_wconf 87' lang='lat' dir='ltr'><strong>Tlieotecnus</strong></span> <span class='ocrx_word' id='word_1_119' title='bbox 1661 1670 1678 1696; x_wconf 98' lang='lat'><strong>,</strong></span> <span class='ocrx_word' id='word_1_120' title='bbox 1702 1628 1789 1682; x_wconf 91' lang='lat' dir='ltr'><strong>vir</strong></span> <span class='ocrx_word' id='word_1_121' title='bbox 1818 1630 2089 1684; x_wconf 89' lang='lat' dir='ltr'><strong>violentus</strong></span> <span class='ocrx_word' id='word_1_122' title='bbox 2111 1671 2126 1696; x_wconf 96' lang='lat'><strong>,</strong></span> 
     </span>
    </p>
   </div>
   <div class='ocr_carea' id='block_1_19' title="bbox 550 1719 2129 1791">
    <p class='ocr_par' dir='ltr' id='par_1_19' title="bbox 550 1719 2129 1791">
     <span class='ocr_line' id='line_1_19' title="bbox 550 1719 2129 1791; baseline 0.008 -25"><span class='ocrx_word' id='word_1_123' title='bbox 550 1724 803 1772; x_wconf 75' lang='lat' dir='ltr'><strong>versutus</strong></span> <span class='ocrx_word' id='word_1_124' title='bbox 845 1728 1012 1787; x_wconf 91' lang='lat' dir='ltr'><strong>atque</strong></span> <span class='ocrx_word' id='word_1_125' title='bbox 1064 1719 1341 1787; x_wconf 87' lang='lat' dir='ltr'><strong>improbus</strong></span> <span class='ocrx_word' id='word_1_126' title='bbox 1364 1760 1380 1784; x_wconf 94' lang='lat'><strong>,</strong></span> <span class='ocrx_word' id='word_1_127' title='bbox 1411 1722 1503 1791; x_wconf 86' lang='lat' dir='ltr'><strong>qui</strong></span> <span class='ocrx_word' id='word_1_128' title='bbox 1537 1732 1667 1777; x_wconf 89' lang='lat' dir='ltr'><strong>tunc</strong></span> <span class='ocrx_word' id='word_1_129' title='bbox 1699 1722 1752 1776; x_wconf 91' lang='lat' dir='ltr'><strong>in</strong></span> <span class='ocrx_word' id='word_1_130' title='bbox 1784 1723 1874 1777; x_wconf 89' lang='lat' dir='ltr'><strong>illa</strong></span> <span class='ocrx_word' id='word_1_131' title='bbox 1904 1724 2129 1779; x_wconf 82' lang='lat' dir='ltr'><strong>civitate</strong></span> 
     </span>
    </p>
   </div>
   <div class='ocr_carea' id='block_1_20' title="bbox 548 1809 1364 1883">
    <p class='ocr_par' dir='ltr' id='par_1_20' title="bbox 548 1809 1364 1883">
     <span class='ocr_line' id='line_1_20' title="bbox 548 1809 1364 1883; baseline 0.004 -19"><span class='ocrx_word' id='word_1_132' title='bbox 548 1811 819 1864; x_wconf 86' lang='lat' dir='ltr'><strong>curatoris</strong></span> <span class='ocrx_word' id='word_1_133' title='bbox 851 1809 1084 1864; x_wconf 83' lang='lat' dir='ltr'><strong>ollicium</strong></span> <span class='ocrx_word' id='word_1_134' title='bbox 1119 1814 1364 1883; x_wconf 80' lang='lat' dir='ltr'><strong>gerebat.</strong></span> 
     </span>
    </p>
   </div>
   <div class='ocr_carea' id='block_1_21' title="bbox 1166 1900 1516 1956">
    <p class='ocr_par' dir='ltr' id='par_1_21' title="bbox 1166 1900 1516 1956">
     <span class='ocr_line' id='line_1_21' title="bbox 1166 1900 1516 1956; baseline 0 -1"><span class='ocrx_word' id='word_1_135' title='bbox 1166 1900 1396 1955; x_wconf 85' lang='lat' dir='ltr'><strong>CAPUT</strong></span> <span class='ocrx_word' id='word_1_136' title='bbox 1430 1901 1516 1956; x_wconf 92' lang='grc' dir='ltr'><strong>ΙΙΙ.</strong></span> 
     </span>
    </p>
   </div>
   <div class='ocr_carea' id='block_1_22' title="bbox 636 1990 2036 2111">
    <p class='ocr_par' dir='ltr' id='par_1_22' title="bbox 636 1990 2036 2111">
     <span class='ocr_line' id='line_1_22' title="bbox 636 1990 2036 2111; baseline 0.001 -67"><span class='ocrx_word' id='word_1_137' title='bbox 636 1990 718 2044; x_wconf 79' lang='lat' dir='ltr'><strong>De</strong></span> <span class='ocrx_word' id='word_1_138' title='bbox 760 2008 889 2046; x_wconf 82' lang='lat' dir='ltr'><strong>novo</strong></span> <span class='ocrx_word' id='word_1_139' title='bbox 926 1991 1155 2063; x_wconf 85' lang='lat' dir='ltr'><strong>quodam</strong></span> <span class='ocrx_word' id='word_1_140' title='bbox 1200 1994 1339 2111; x_wconf 54' lang='lat' dir='ltr'><strong>apud</strong></span> <span class='ocrx_word' id='word_1_141' title='bbox 1386 1993 1723 2047; x_wconf 77' lang='lat' dir='ltr'><strong>Antiochiam</strong></span> <span class='ocrx_word' id='word_1_142' title='bbox 1768 1993 2036 2061; x_wconf 77' lang='lat' dir='ltr'><strong>fabricato</strong></span> 
     </span>
     <span class='ocr_line' id='line_1_23' title="bbox 1175 2079 1485 2111; baseline 0 0"><span class='ocrx_word' id='word_1_143' title='bbox 1175 2080 1311 2111; x_wconf 70' lang='lat' dir='ltr'><strong>8mm</strong></span> <span class='ocrx_word' id='word_1_144' title='bbox 1339 2079 1485 2111; x_wconf 78' lang='lat' dir='ltr'><strong>acra.</strong></span> 
     </span>
    </p>
   </div>
   <div class='ocr_carea' id='block_1_23' title="bbox 1175 2079 1485 2117">
    <p class='ocr_par' dir='ltr' id='par_1_23' title="bbox 1175 2079 1485 2117">
     <span class='ocr_line' id='line_1_24' title="bbox 1175 2079 1485 2117; baseline 0 -2"><span class='ocrx_word' id='word_1_145' title='bbox 1175 2079 1485 2117; x_wconf 70' lang='lat' dir='ltr'><strong>szmumcro.</strong></span> 
     </span>
    </p>
   </div>
   <div class='ocr_carea' id='block_1_24' title="bbox 620 2153 2129 2225">
    <p class='ocr_par' dir='ltr' id='par_1_24' title="bbox 620 2153 2129 2225">
     <span class='ocr_line' id='line_1_25' title="bbox 620 2153 2129 2225; baseline 0 -18"><span class='ocrx_word' id='word_1_146' title='bbox 620 2153 717 2207; x_wconf 84' lang='lat' dir='ltr'><strong>llic</strong></span> <span class='ocrx_word' id='word_1_147' title='bbox 758 2153 923 2223; x_wconf 85' lang='lat' dir='ltr'><strong>igitur</strong></span> <span class='ocrx_word' id='word_1_148' title='bbox 953 2168 1075 2208; x_wconf 90' lang='lat' dir='ltr'><strong>cum</strong></span> <span class='ocrx_word' id='word_1_149' title='bbox 1106 2169 1206 2208; x_wconf 92' lang='lat' dir='ltr'><strong>nos</strong></span> <span class='ocrx_word' id='word_1_150' title='bbox 1254 2165 1415 2208; x_wconf 86' lang='lat' dir='ltr'><strong>antea</strong></span> <span class='ocrx_word' id='word_1_151' title='bbox 1461 2155 1720 2209; x_wconf 88' lang='lat' dir='ltr'><strong>omnibus</strong></span> <span class='ocrx_word' id='word_1_152' title='bbox 1750 2156 1925 2211; x_wconf 89' lang='lat' dir='ltr'><strong>modis</strong></span> <span class='ocrx_word' id='word_1_153' title='bbox 1954 2155 2129 2225; x_wconf 89' lang='lat' dir='ltr'><strong>impu-</strong></span> 
     </span>
    </p>
   </div>
   <div class='ocr_carea' id='block_1_25' title="bbox 544 2246 2131 2318">
    <p class='ocr_par' dir='ltr' id='par_1_25' title="bbox 544 2246 2131 2318">
     <span class='ocr_line' id='line_1_26' title="bbox 544 2246 2131 2318; baseline 0.004 -22"><span class='ocrx_word' id='word_1_154' title='bbox 544 2249 858 2318; x_wconf 67' lang='lat' dir='ltr'><strong>gnavisset,</strong></span> <span class='ocrx_word' id='word_1_155' title='bbox 889 2257 944 2303; x_wconf 87' lang='lat' dir='ltr'><strong>et</strong></span> <span class='ocrx_word' id='word_1_156' title='bbox 1000 2258 1216 2302; x_wconf 91' lang='lat' dir='ltr'><strong>nostros</strong></span> <span class='ocrx_word' id='word_1_157' title='bbox 1259 2257 1517 2316; x_wconf 88' lang='lat' dir='ltr'><strong>tauquam</strong></span> <span class='ocrx_word' id='word_1_158' title='bbox 1568 2246 1715 2302; x_wconf 89' lang='lat' dir='ltr'><strong>l‘nres</strong></span> <span class='ocrx_word' id='word_1_159' title='bbox 1758 2249 2024 2316; x_wconf 88' lang='lat' dir='ltr'><strong>quosdam</strong></span> <span class='ocrx_word' id='word_1_160' title='bbox 2066 2264 2131 2303; x_wconf 88' lang='lat' dir='ltr'><strong>ac</strong></span> 
     </span>
    </p>
   </div>
   <div class='ocr_carea' id='block_1_26' title="bbox 548 2338 2131 2410">
    <p class='ocr_par' dir='ltr' id='par_1_26' title="bbox 548 2338 2131 2410">
     <span class='ocr_line' id='line_1_27' title="bbox 548 2338 2131 2410; baseline -0.001 -17"><span class='ocrx_word' id='word_1_161' title='bbox 548 2340 824 2394; x_wconf 82' lang='lat' dir='ltr'><strong>maleﬁcos</strong></span> <span class='ocrx_word' id='word_1_162' title='bbox 869 2338 1189 2410; x_wconf 80' lang='lat' dir='ltr'><strong>investigari</strong></span> <span class='ocrx_word' id='word_1_163' title='bbox 1222 2378 1239 2404; x_wconf 94' lang='lat'><strong>,</strong></span> <span class='ocrx_word' id='word_1_164' title='bbox 1267 2350 1319 2392; x_wconf 90' lang='lat' dir='ltr'><strong>et</strong></span> <span class='ocrx_word' id='word_1_165' title='bbox 1359 2355 1426 2393; x_wconf 81' lang='lat' dir='ltr'><strong>ex</strong></span> <span class='ocrx_word' id='word_1_166' title='bbox 1458 2339 1700 2394; x_wconf 88' lang='lat' dir='ltr'><strong>latibulis</strong></span> <span class='ocrx_word' id='word_1_167' title='bbox 1729 2340 1844 2395; x_wconf 89' lang='lat' dir='ltr'><strong>suis</strong></span> <span class='ocrx_word' id='word_1_168' title='bbox 1876 2340 1994 2394; x_wconf 91' lang='lat' dir='ltr'><strong>erui</strong></span> <span class='ocrx_word' id='word_1_169' title='bbox 2034 2355 2131 2393; x_wconf 85' lang='lat' dir='ltr'><strong>cu-</strong></span> 
     </span>
    </p>
   </div>
   <div class='ocr_carea' id='block_1_27' title="bbox 546 2431 2134 2500">
    <p class='ocr_par' dir='ltr' id='par_1_27' title="bbox 546 2431 2134 2500">
     <span class='ocr_line' id='line_1_28' title="bbox 546 2431 2134 2500; baseline 0 -15"><span class='ocrx_word' id='word_1_170' title='bbox 546 2442 720 2487; x_wconf 88' lang='lat' dir='ltr'><strong>rasset</strong></span> <span class='ocrx_word' id='word_1_171' title='bbox 755 2472 771 2498; x_wconf 92' lang='lat'><strong>,</strong></span> <span class='ocrx_word' id='word_1_172' title='bbox 807 2447 1042 2500; x_wconf 88' lang='lat' dir='ltr'><strong>cmnque</strong></span> <span class='ocrx_word' id='word_1_173' title='bbox 1070 2433 1206 2487; x_wconf 89' lang='lat' dir='ltr'><strong>nihil</strong></span> <span class='ocrx_word' id='word_1_174' title='bbox 1247 2447 1435 2486; x_wconf 89' lang='lat' dir='ltr'><strong>eorum</strong></span> <span class='ocrx_word' id='word_1_175' title='bbox 1480 2446 1601 2499; x_wconf 70' lang='lat' dir='ltr'><strong>qua:</strong></span> <span class='ocrx_word' id='word_1_176' title='bbox 1628 2432 1694 2485; x_wconf 88' lang='lat' dir='ltr'><strong>ad</strong></span> <span class='ocrx_word' id='word_1_177' title='bbox 1728 2446 1829 2486; x_wconf 91' lang='lat' dir='ltr'><strong>nos</strong></span> <span class='ocrx_word' id='word_1_178' title='bbox 1861 2431 2134 2485; x_wconf 81' lang='lat' dir='ltr'><strong>infaman-</strong></span> 
     </span>
    </p>
   </div>
   <div class='ocr_carea' id='block_1_28' title="bbox 545 2520 2131 2590">
    <p class='ocr_par' dir='ltr' id='par_1_28' title="bbox 545 2520 2131 2590">
     <span class='ocr_line' id='line_1_29' title="bbox 545 2520 2131 2590; baseline -0.001 -15"><span class='ocrx_word' id='word_1_179' title='bbox 545 2524 643 2577; x_wconf 83' lang='lat' dir='ltr'><strong>dos</strong></span> <span class='ocrx_word' id='word_1_180' title='bbox 675 2532 731 2575; x_wconf 91' lang='lat' dir='ltr'><strong>et</strong></span> <span class='ocrx_word' id='word_1_181' title='bbox 759 2521 1175 2576; x_wconf 90' lang='lat' dir='ltr'><strong>calumniandos</strong></span> <span class='ocrx_word' id='word_1_182' title='bbox 1212 2520 1397 2577; x_wconf 86' lang='lat' dir='ltr'><strong>facere</strong></span> <span class='ocrx_word' id='word_1_183' title='bbox 1427 2530 1680 2590; x_wconf 89' lang='lat' dir='ltr'><strong>poterant</strong></span> <span class='ocrx_word' id='word_1_184' title='bbox 1729 2521 2026 2584; x_wconf 83' lang='lat' dir='ltr'><strong>omisisset,</strong></span> <span class='ocrx_word' id='word_1_185' title='bbox 2057 2522 2131 2574; x_wconf 90' lang='lat' dir='ltr'><strong>in-</strong></span> 
     </span>
    </p>
   </div>
   <div class='ocr_carea' id='block_1_29' title="bbox 546 2612 2127 2682">
    <p class='ocr_par' dir='ltr' id='par_1_29' title="bbox 546 2612 2127 2682">
     <span class='ocr_line' id='line_1_30' title="bbox 546 2612 2127 2682; baseline -0.001 -15"><span class='ocrx_word' id='word_1_186' title='bbox 546 2614 793 2670; x_wconf 87' lang='lat' dir='ltr'><strong>numeris</strong></span> <span class='ocrx_word' id='word_1_187' title='bbox 821 2614 1058 2682; x_wconf 89' lang='lat' dir='ltr'><strong>denique</strong></span> <span class='ocrx_word' id='word_1_188' title='bbox 1101 2614 1291 2668; x_wconf 90' lang='lat' dir='ltr'><strong>mortis</strong></span> <span class='ocrx_word' id='word_1_189' title='bbox 1317 2628 1488 2668; x_wconf 88' lang='lat' dir='ltr'><strong>causa</strong></span> <span class='ocrx_word' id='word_1_190' title='bbox 1516 2612 1857 2677; x_wconf 78' lang='lat' dir='ltr'><strong>exstitisset;</strong></span> <span class='ocrx_word' id='word_1_191' title='bbox 1908 2614 2127 2666; x_wconf 86' lang='lat' dir='ltr'><strong>tandem</strong></span> 
     </span>
    </p>
   </div>
   <div class='ocr_carea' id='block_1_30' title="bbox 544 2705 2131 2776">
    <p class='ocr_par' dir='ltr' id='par_1_30' title="bbox 544 2705 2131 2776">
     <span class='ocr_line' id='line_1_31' title="bbox 544 2705 2131 2776; baseline -0.002 -16"><span class='ocrx_word' id='word_1_192' title='bbox 544 2707 896 2761; x_wconf 87' lang='lat' dir='ltr'><strong>simulacrum</strong></span> <span class='ocrx_word' id='word_1_193' title='bbox 925 2705 1073 2761; x_wconf 84' lang='lat' dir='ltr'><strong>Jovis</strong></span> <span class='ocrx_word' id='word_1_194' title='bbox 1118 2705 1275 2762; x_wconf 88' lang='lat' dir='ltr'><strong>Philii</strong></span> <span class='ocrx_word' id='word_1_195' title='bbox 1328 2707 1553 2776; x_wconf 84' lang='lat' dir='ltr'><strong>magicis</strong></span> <span class='ocrx_word' id='word_1_196' title='bbox 1581 2705 1790 2760; x_wconf 89' lang='lat' dir='ltr'><strong>artibus</strong></span> <span class='ocrx_word' id='word_1_197' title='bbox 1838 2720 2131 2760; x_wconf 88' lang='lat' dir='ltr'><strong>consecra-</strong></span> 
     </span>
    </p>
   </div>
   <div class='ocr_carea' id='block_1_31' title="bbox 543 2798 2133 2870">
    <p class='ocr_par' dir='ltr' id='par_1_31' title="bbox 543 2798 2133 2870">
     <span class='ocr_line' id='line_1_32' title="bbox 543 2798 2133 2870; baseline -0.001 -16"><span class='ocrx_word' id='word_1_198' title='bbox 543 2808 657 2854; x_wconf 90' lang='lat' dir='ltr'><strong>tum</strong></span> <span class='ocrx_word' id='word_1_199' title='bbox 689 2801 883 2855; x_wconf 79' lang='lat' dir='ltr'><strong>erexit.</strong></span> <span class='ocrx_word' id='word_1_200' title='bbox 919 2799 1165 2870; x_wconf 87' lang='lat' dir='ltr'><strong>Cumque</strong></span> <span class='ocrx_word' id='word_1_201' title='bbox 1195 2801 1258 2854; x_wconf 91' lang='lat' dir='ltr'><strong>ad</strong></span> <span class='ocrx_word' id='word_1_202' title='bbox 1292 2798 1409 2866; x_wconf 87' lang='lat' dir='ltr'><strong>ejus</strong></span> <span class='ocrx_word' id='word_1_203' title='bbox 1437 2798 1640 2853; x_wconf 78' lang='lat' dir='ltr'><strong>cultant</strong></span> <span class='ocrx_word' id='word_1_204' title='bbox 1673 2799 1920 2868; x_wconf 89' lang='lat' dir='ltr'><strong>impuras</strong></span> <span class='ocrx_word' id='word_1_205' title='bbox 1950 2799 2133 2852; x_wconf 87' lang='lat' dir='ltr'><strong>initia-</strong></span> 
     </span>
    </p>
   </div>
   <div class='ocr_carea' id='block_1_32' title="bbox 546 2888 2131 2960">
    <p class='ocr_par' dir='ltr' id='par_1_32' title="bbox 546 2888 2131 2960">
     <span class='ocr_line' id='line_1_33' title="bbox 546 2888 2131 2960; baseline 0 -17"><span class='ocrx_word' id='word_1_206' title='bbox 546 2891 720 2945; x_wconf 87' lang='lat' dir='ltr'><strong>tiones</strong></span> <span class='ocrx_word' id='word_1_207' title='bbox 747 2900 805 2946; x_wconf 90' lang='lat' dir='ltr'><strong>et</strong></span> <span class='ocrx_word' id='word_1_208' title='bbox 833 2890 1011 2944; x_wconf 89' lang='lat' dir='ltr'><strong>inania</strong></span> <span class='ocrx_word' id='word_1_209' title='bbox 1039 2891 1298 2960; x_wconf 86' lang='lat' dir='ltr'><strong>mysteria</strong></span> <span class='ocrx_word' id='word_1_210' title='bbox 1320 2906 1384 2944; x_wconf 92' lang='lat' dir='ltr'><strong>ac</strong></span> <span class='ocrx_word' id='word_1_211' title='bbox 1411 2890 1765 2944; x_wconf 88' lang='lat' dir='ltr'><strong>detestandas</strong></span> <span class='ocrx_word' id='word_1_212' title='bbox 1790 2888 2131 2957; x_wconf 74' lang='lat' dir='ltr'><strong>expiationes</strong></span> 
     </span>
    </p>
   </div>
   <div class='ocr_carea' id='block_1_33' title="bbox 2243 525 3832 603">
    <p class='ocr_par' dir='ltr' id='par_1_33' title="bbox 2243 525 3832 603">
     <span class='ocr_line' id='line_1_34' title="bbox 2243 525 3832 603; baseline 0.005 -27"><span class='ocrx_word' id='word_1_213' title='bbox 2243 525 2524 596; x_wconf 83' lang='grc' dir='ltr'><strong>ὑπάρχων,</strong></span> <span class='ocrx_word' id='word_1_214' title='bbox 2548 526 2608 578; x_wconf 80' lang='grc' dir='ltr'><strong>ὃν</strong></span> <span class='ocrx_word' id='word_1_215' title='bbox 2625 526 2831 597; x_wconf 75' lang='grc' dir='ltr'>ἔφαμεν</span> <span class='ocrx_word' id='word_1_216' title='bbox 2853 527 2962 581; x_wconf 88' lang='grc' dir='ltr'><strong>τῶν</strong></span> <span class='ocrx_word' id='word_1_217' title='bbox 2987 529 3074 582; x_wconf 78' lang='grc' dir='ltr'><strong>ἐπ’</strong></span> <span class='ocrx_word' id='word_1_218' title='bbox 3105 528 3395 601; x_wconf 76' lang='grc' dir='ltr'>Ἀνατολῆς</span> <span class='ocrx_word' id='word_1_219' title='bbox 3414 531 3600 602; x_wconf 80' lang='grc' dir='ltr'>ἄρχειν</span> <span class='ocrx_word' id='word_1_220' title='bbox 3626 532 3832 603; x_wconf 84' lang='grc' dir='ltr'>μερῶν,</span> 
     </span>
    </p>
   </div>
   <div class='ocr_carea' id='block_1_34' title="bbox 2240 617 3834 690">
    <p class='ocr_par' dir='ltr' id='par_1_34' title="bbox 2240 617 3834 690">
     <span class='ocr_line' id='line_1_35' title="bbox 2240 617 3834 690; baseline 0.006 -21"><span class='ocrx_word' id='word_1_221' title='bbox 2240 617 2348 670; x_wconf 80' lang='grc' dir='ltr'>οὐδ’</span> <span class='ocrx_word' id='word_1_222' title='bbox 2380 617 2535 682; x_wconf 80' lang='grc' dir='ltr'>ὅλους</span> <span class='ocrx_word' id='word_1_223' title='bbox 2568 619 2661 671; x_wconf 73' lang='grc' dir='ltr'><strong>ἐπὶ</strong></span> <span class='ocrx_word' id='word_1_224' title='bbox 2696 620 2872 690; x_wconf 84' lang='grc' dir='ltr'>μῆνας</span> <span class='ocrx_word' id='word_1_225' title='bbox 2899 618 2958 686; x_wconf 78' lang='grc' dir='ltr'><strong>ἓξ</strong></span> <span class='ocrx_word' id='word_1_226' title='bbox 3005 619 3081 690; x_wconf 90' lang='lat'><strong>(8)</strong></span> <span class='ocrx_word' id='word_1_227' title='bbox 3109 620 3299 676; x_wconf 81' lang='grc' dir='ltr'>τοῦτον</span> <span class='ocrx_word' id='word_1_228' title='bbox 3337 622 3706 677; x_wconf 76' lang='grc' dir='ltr'><strong>ἐπιτελεῖσθαι</strong></span> <span class='ocrx_word' id='word_1_229' title='bbox 3738 624 3834 678; x_wconf 78' lang='grc' dir='ltr'><strong>τὸν</strong></span> 
     </span>
    </p>
   </div>
   <div class='ocr_carea' id='block_1_35' title="bbox 2237 706 3835 786">
    <p class='ocr_par' dir='ltr' id='par_1_35' title="bbox 2237 706 3835 786">
     <span class='ocr_line' id='line_1_36' title="bbox 2237 706 3835 786; baseline 0.004 -26"><span class='ocrx_word' id='word_1_230' title='bbox 2237 707 2440 778; x_wconf 79' lang='grc' dir='ltr'><strong>τρόπον</strong></span> <span class='ocrx_word' id='word_1_231' title='bbox 2468 708 2730 779; x_wconf 82' lang='grc' dir='ltr'>ὴνέσχετο</span> <span class='ocrx_word' id='word_1_232' title='bbox 2748 726 2762 739; x_wconf 74' lang='grc' dir='ltr'><strong>ο</strong></span> <span class='ocrx_word' id='word_1_233' title='bbox 2799 710 2900 763; x_wconf 83' lang='grc' dir='ltr'>ὅσα</span> <span class='ocrx_word' id='word_1_234' title='bbox 2927 710 2972 762; x_wconf 84' lang='grc' dir='ltr'>δ’</span> <span class='ocrx_word' id='word_1_235' title='bbox 3002 706 3095 763; x_wconf 79' lang='grc' dir='ltr'><strong>οὖν</strong></span> <span class='ocrx_word' id='word_1_236' title='bbox 3123 710 3199 782; x_wconf 88' lang='lat'><strong>(9)</strong></span> <span class='ocrx_word' id='word_1_237' title='bbox 3227 711 3363 782; x_wconf 84' lang='grc' dir='ltr'>πρὸς</span> <span class='ocrx_word' id='word_1_238' title='bbox 3390 713 3704 785; x_wconf 78' lang='grc' dir='ltr'><strong>ἀνατροπὴν</strong></span> <span class='ocrx_word' id='word_1_239' title='bbox 3731 715 3835 786; x_wconf 86' lang='grc' dir='ltr'>τῆς</span> 
     </span>
    </p>
   </div>
   <div class='ocr_carea' id='block_1_36' title="bbox 2239 801 3836 878">
    <p class='ocr_par' dir='ltr' id='par_1_36' title="bbox 2239 801 3836 878">
     <span class='ocr_line' id='line_1_37' title="bbox 2239 801 3836 878; baseline 0.003 -23"><span class='ocrx_word' id='word_1_240' title='bbox 2239 803 2463 873; x_wconf 80' lang='grc' dir='ltr'><strong>εἰρήνης</strong></span> <span class='ocrx_word' id='word_1_241' title='bbox 2492 801 2904 874; x_wconf 80' lang='grc' dir='ltr'>μηχανώμενος,</span> <span class='ocrx_word' id='word_1_242' title='bbox 2938 802 3156 874; x_wconf 85' lang='grc' dir='ltr'>πρῶτον</span> <span class='ocrx_word' id='word_1_243' title='bbox 3188 804 3287 869; x_wconf 83' lang='grc' dir='ltr'>μὲν</span> <span class='ocrx_word' id='word_1_244' title='bbox 3326 803 3533 874; x_wconf 76' lang='grc' dir='ltr'>εἴργειν</span> <span class='ocrx_word' id='word_1_245' title='bbox 3556 807 3708 876; x_wconf 78' lang='grc' dir='ltr'>ἡμᾶς</span> <span class='ocrx_word' id='word_1_246' title='bbox 3733 807 3836 878; x_wconf 84' lang='grc' dir='ltr'>τῆς</span> 
     </span>
    </p>
   </div>
   <div class='ocr_carea' id='block_1_37' title="bbox 2239 893 3836 970">
    <p class='ocr_par' dir='ltr' id='par_1_37' title="bbox 2239 893 3836 970">
     <span class='ocr_line' id='line_1_38' title="bbox 2239 893 3836 970; baseline 0.003 -23"><span class='ocrx_word' id='word_1_247' title='bbox 2239 897 2297 949; x_wconf 85' lang='grc' dir='ltr'><strong>ὲν</strong></span> <span class='ocrx_word' id='word_1_248' title='bbox 2325 898 2437 956; x_wconf 81' lang='grc' dir='ltr'>τοῖς</span> <span class='ocrx_word' id='word_1_249' title='bbox 2475 896 2857 967; x_wconf 86' lang='grc' dir='ltr'>κοιμητηρίοις</span> <span class='ocrx_word' id='word_1_250' title='bbox 2893 893 3110 949; x_wconf 76' lang='grc' dir='ltr'><strong>συνόδου</strong></span> <span class='ocrx_word' id='word_1_251' title='bbox 3146 896 3234 949; x_wconf 80' lang='grc' dir='ltr'>διὰ</span> <span class='ocrx_word' id='word_1_252' title='bbox 3278 895 3605 967; x_wconf 68' lang='grc' dir='ltr'>προφάσεως</span> <span class='ocrx_word' id='word_1_253' title='bbox 3639 901 3836 970; x_wconf 77' lang='grc' dir='ltr'>πειρᾶ-</span> 
     </span>
    </p>
   </div>
   <div class='ocr_carea' id='block_1_38' title="bbox 2238 984 3834 1061">
    <p class='ocr_par' dir='ltr' id='par_1_38' title="bbox 2238 984 3834 1061">
     <span class='ocr_line' id='line_1_39' title="bbox 2238 984 3834 1061; baseline 0.003 -21"><span class='ocrx_word' id='word_1_254' title='bbox 2238 1004 2347 1048; x_wconf 85' lang='grc' dir='ltr'>ται,</span> <span class='ocrx_word' id='word_1_255' title='bbox 2374 984 2492 1041; x_wconf 82' lang='grc' dir='ltr'>εἶτα</span> <span class='ocrx_word' id='word_1_256' title='bbox 2532 989 2622 1042; x_wconf 78' lang='grc' dir='ltr'>διά</span> <span class='ocrx_word' id='word_1_257' title='bbox 2661 1006 2825 1043; x_wconf 89' lang='grc' dir='ltr'>τινων</span> <span class='ocrx_word' id='word_1_258' title='bbox 2872 988 3126 1060; x_wconf 80' lang='grc' dir='ltr'>πονηρῶν</span> <span class='ocrx_word' id='word_1_259' title='bbox 3181 988 3390 1059; x_wconf 85' lang='grc' dir='ltr'>ἀνδρῶν</span> <span class='ocrx_word' id='word_1_260' title='bbox 3434 990 3598 1054; x_wconf 86' lang='grc' dir='ltr'>αὑτὸς</span> <span class='ocrx_word' id='word_1_261' title='bbox 3649 991 3834 1061; x_wconf 81' lang='grc' dir='ltr'>ἑαυτῷ</span> 
     </span>
    </p>
   </div>
   <div class='ocr_carea' id='block_1_39' title="bbox 2238 1080 3833 1154">
    <p class='ocr_par' dir='ltr' id='par_1_39' title="bbox 2238 1080 3833 1154">
     <span class='ocr_line' id='line_1_40' title="bbox 2238 1080 3833 1154; baseline 0.003 -21"><span class='ocrx_word' id='word_1_262' title='bbox 2238 1080 2361 1133; x_wconf 80' lang='grc' dir='ltr'>καθ’</span> <span class='ocrx_word' id='word_1_263' title='bbox 2404 1081 2560 1152; x_wconf 81' lang='grc' dir='ltr'>ἡμῶν</span> <span class='ocrx_word' id='word_1_264' title='bbox 2589 1082 2953 1154; x_wconf 89' lang='grc' dir='ltr'>πρεσϐεύεται</span> <span class='ocrx_word' id='word_1_265' title='bbox 2997 1082 3131 1151; x_wconf 87' lang='grc'>(10),</span> <span class='ocrx_word' id='word_1_266' title='bbox 3160 1082 3286 1145; x_wconf 79' lang='grc' dir='ltr'>τοὺς</span> <span class='ocrx_word' id='word_1_267' title='bbox 3327 1082 3833 1153; x_wconf 67' lang='grc' dir='ltr'>Ἀντιοχέωνπολί-</span> 
     </span>
    </p>
   </div>
   <div class='ocr_carea' id='block_1_40' title="bbox 2238 1171 3835 1243">
    <p class='ocr_par' dir='ltr' id='par_1_40' title="bbox 2238 1171 3835 1243">
     <span class='ocr_line' id='line_1_41' title="bbox 2238 1171 3835 1243; baseline 0.005 -21"><span class='ocrx_word' id='word_1_268' title='bbox 2238 1185 2335 1233; x_wconf 90' lang='grc' dir='ltr'><strong>τας</strong></span> <span class='ocrx_word' id='word_1_269' title='bbox 2378 1172 2762 1243; x_wconf 83' lang='grc' dir='ltr'>παρορμήσας,</span> <span class='ocrx_word' id='word_1_270' title='bbox 2797 1171 2890 1224; x_wconf 73' lang='grc' dir='ltr'>ἐπὶ</span> <span class='ocrx_word' id='word_1_271' title='bbox 2931 1172 2993 1224; x_wconf 78' lang='grc' dir='ltr'><strong>τὸ</strong></span> <span class='ocrx_word' id='word_1_272' title='bbox 3036 1171 3299 1241; x_wconf 85' lang='grc' dir='ltr'>μηδαμῶς</span> <span class='ocrx_word' id='word_1_273' title='bbox 3331 1189 3453 1225; x_wconf 90' lang='grc' dir='ltr'>τινα</span> <span class='ocrx_word' id='word_1_274' title='bbox 3485 1171 3835 1242; x_wconf 79' lang='grc' dir='ltr'>Χριστιανῶν</span> 
     </span>
    </p>
   </div>
   <div class='ocr_carea' id='block_1_41' title="bbox 2236 1259 3829 1336">
    <p class='ocr_par' dir='ltr' id='par_1_41' title="bbox 2236 1259 3829 1336">
     <span class='ocr_line' id='line_1_42' title="bbox 2236 1259 3829 1336; baseline 0.001 -23"><span class='ocrx_word' id='word_1_275' title='bbox 2236 1259 2335 1330; x_wconf 81' lang='grc' dir='ltr'>τὴν</span> <span class='ocrx_word' id='word_1_276' title='bbox 2376 1261 2556 1315; x_wconf 88' lang='grc' dir='ltr'>αὑτῶν</span> <span class='ocrx_word' id='word_1_277' title='bbox 2589 1263 2760 1314; x_wconf 82' lang='grc' dir='ltr'>οἰκεῖν</span> <span class='ocrx_word' id='word_1_278' title='bbox 2797 1261 3190 1333; x_wconf 80' lang='grc' dir='ltr'>ἐπιτρέπεσθαι</span> <span class='ocrx_word' id='word_1_279' title='bbox 3228 1262 3485 1332; x_wconf 78' lang='grc' dir='ltr'>πατρίδα,</span> <span class='ocrx_word' id='word_1_280' title='bbox 3520 1262 3596 1326; x_wconf 85' lang='grc' dir='ltr'>ὡς</span> <span class='ocrx_word' id='word_1_281' title='bbox 3629 1265 3687 1315; x_wconf 82' lang='grc' dir='ltr'>ἐν</span> <span class='ocrx_word' id='word_1_282' title='bbox 3728 1282 3829 1336; x_wconf 83' lang='grc' dir='ltr'>με-</span> 
     </span>
    </p>
   </div>
   <div class='ocr_carea' id='block_1_42' title="bbox 2237 1351 3831 1425">
    <p class='ocr_par' dir='ltr' id='par_1_42' title="bbox 2237 1351 3831 1425">
     <span class='ocr_line' id='line_1_43' title="bbox 2237 1351 3831 1425; baseline 0.004 -23"><span class='ocrx_word' id='word_1_283' title='bbox 2237 1351 2397 1423; x_wconf 85' lang='grc' dir='ltr'>γίστῃ</span> <span class='ocrx_word' id='word_1_284' title='bbox 2427 1352 2603 1423; x_wconf 80' lang='grc' dir='ltr'>δωρεᾷ</span> <span class='ocrx_word' id='word_1_285' title='bbox 2633 1352 2762 1422; x_wconf 73' lang='grc' dir='ltr'>παρ’</span> <span class='ocrx_word' id='word_1_286' title='bbox 2788 1352 2952 1405; x_wconf 80' lang='grc' dir='ltr'>αὑτοῦ</span> <span class='ocrx_word' id='word_1_287' title='bbox 2986 1356 3170 1422; x_wconf 77' lang='grc' dir='ltr'>τυχεῖν</span> <span class='ocrx_word' id='word_1_288' title='bbox 3204 1351 3453 1418; x_wconf 76' lang='grc' dir='ltr'>ἀξιῶσαι,</span> <span class='ocrx_word' id='word_1_289' title='bbox 3482 1353 3577 1405; x_wconf 73' lang='grc' dir='ltr'><strong>καὶ</strong></span> <span class='ocrx_word' id='word_1_290' title='bbox 3621 1353 3831 1425; x_wconf 73' lang='grc' dir='ltr'>ἑτέροις</span> 
     </span>
    </p>
   </div>
   <div class='ocr_carea' id='block_1_43' title="bbox 2236 1436 3829 1516">
    <p class='ocr_par' dir='ltr' id='par_1_43' title="bbox 2236 1436 3829 1516">
     <span class='ocr_line' id='line_1_44' title="bbox 2236 1436 3829 1516; baseline 0.003 -22"><span class='ocrx_word' id='word_1_291' title='bbox 2236 1441 2293 1494; x_wconf 85' lang='grc' dir='ltr'><strong>δὲ</strong></span> <span class='ocrx_word' id='word_1_292' title='bbox 2333 1443 2500 1495; x_wconf 80' lang='grc' dir='ltr'>ταυτὸ</span> <span class='ocrx_word' id='word_1_293' title='bbox 2534 1442 2827 1497; x_wconf 79' lang='grc' dir='ltr'>ὑποϐαλεῖν</span> <span class='ocrx_word' id='word_1_294' title='bbox 2873 1443 2986 1513; x_wconf 80' lang='grc'>(11)</span> <span class='ocrx_word' id='word_1_295' title='bbox 3034 1442 3432 1516; x_wconf 78' lang='grc' dir='ltr'>διαπράξασθαι</span> <span class='ocrx_word' id='word_1_296' title='bbox 3454 1459 3467 1472; x_wconf 78' lang='grc'><strong><em>⁸</em></strong></span> <span class='ocrx_word' id='word_1_297' title='bbox 3500 1436 3576 1497; x_wconf 84' lang='grc' dir='ltr'><strong>ὧν</strong></span> <span class='ocrx_word' id='word_1_298' title='bbox 3612 1444 3829 1498; x_wconf 82' lang='grc' dir='ltr'>πάντων</span> 
     </span>
    </p>
   </div>
   <div class='ocr_carea' id='block_1_44' title="bbox 2237 1533 3826 1606">
    <p class='ocr_par' dir='ltr' id='par_1_44' title="bbox 2237 1533 3826 1606">
     <span class='ocr_line' id='line_1_45' title="bbox 2237 1533 3826 1606; baseline 0.001 -21"><span class='ocrx_word' id='word_1_299' title='bbox 2237 1533 2480 1605; x_wconf 79' lang='grc' dir='ltr'>ἀρχηγὸς</span> <span class='ocrx_word' id='word_1_300' title='bbox 2516 1535 2601 1586; x_wconf 80' lang='grc' dir='ltr'><strong>ἐπ’</strong></span> <span class='ocrx_word' id='word_1_301' title='bbox 2630 1535 2799 1606; x_wconf 79' lang='grc' dir='ltr'>αὐτῆς</span> <span class='ocrx_word' id='word_1_302' title='bbox 2839 1534 3170 1605; x_wconf 79' lang='grc' dir='ltr'>Ἀντιοχείας</span> <span class='ocrx_word' id='word_1_303' title='bbox 3200 1535 3487 1603; x_wconf 75' lang='grc' dir='ltr'>ἐπιφύεται</span> <span class='ocrx_word' id='word_1_304' title='bbox 3515 1535 3826 1599; x_wconf 83' lang='grc' dir='ltr'>Θεότεκνος,</span> 
     </span>
    </p>
   </div>
   <div class='ocr_carea' id='block_1_45' title="bbox 2235 1622 3816 1698">
    <p class='ocr_par' dir='ltr' id='par_1_45' title="bbox 2235 1622 3816 1698">
     <span class='ocr_line' id='line_1_46' title="bbox 2235 1622 3816 1698; baseline 0.003 -23"><span class='ocrx_word' id='word_1_305' title='bbox 2235 1622 2408 1687; x_wconf 86' lang='grc' dir='ltr'>δεινὸς</span> <span class='ocrx_word' id='word_1_306' title='bbox 2450 1625 2544 1677; x_wconf 76' lang='grc' dir='ltr'>καὶ</span> <span class='ocrx_word' id='word_1_307' title='bbox 2572 1625 2706 1694; x_wconf 84' lang='grc' dir='ltr'><strong>γόης</strong></span> <span class='ocrx_word' id='word_1_308' title='bbox 2748 1626 2843 1679; x_wconf 77' lang='grc' dir='ltr'><strong>καὶ</strong></span> <span class='ocrx_word' id='word_1_309' title='bbox 2900 1626 3137 1696; x_wconf 76' lang='grc' dir='ltr'>πονηρὸς</span> <span class='ocrx_word' id='word_1_310' title='bbox 3180 1625 3356 1697; x_wconf 75' lang='grc' dir='ltr'>ἀνὴρ,</span> <span class='ocrx_word' id='word_1_311' title='bbox 3387 1626 3482 1679; x_wconf 74' lang='grc' dir='ltr'>καὶ</span> <span class='ocrx_word' id='word_1_312' title='bbox 3521 1626 3623 1696; x_wconf 83' lang='grc' dir='ltr'>τῆς</span> <span class='ocrx_word' id='word_1_313' title='bbox 3658 1642 3816 1698; x_wconf 86' lang='grc' dir='ltr'>προσ-</span> 
     </span>
    </p>
   </div>
   <div class='ocr_carea' id='block_1_46' title="bbox 2236 1702 3830 1791">
    <p class='ocr_par' dir='ltr' id='par_1_46' title="bbox 2236 1702 3830 1791">
     <span class='ocr_line' id='line_1_47' title="bbox 2236 1702 3830 1791; baseline 0.004 -23"><span class='ocrx_word' id='word_1_314' title='bbox 2236 1714 2482 1785; x_wconf 90' lang='grc' dir='ltr'>ωνυμίας</span> <span class='ocrx_word' id='word_1_315' title='bbox 2507 1715 2805 1787; x_wconf 66' lang='grc' dir='ltr'>ἀλλότριοςε</span> <span class='ocrx_word' id='word_1_316' title='bbox 2837 1702 3010 1770; x_wconf 72' lang='grc' dir='ltr'>ἐδόκει</span> <span class='ocrx_word' id='word_1_317' title='bbox 3030 1718 3087 1771; x_wconf 82' lang='grc' dir='ltr'>δὲ</span> <span class='ocrx_word' id='word_1_318' title='bbox 3108 1718 3439 1787; x_wconf 87' lang='grc' dir='ltr'>λογιστεύειν</span> <span class='ocrx_word' id='word_1_319' title='bbox 3456 1718 3568 1791; x_wconf 66' lang='grc'>(12)</span> <span class='ocrx_word' id='word_1_320' title='bbox 3591 1719 3659 1773; x_wconf 82' lang='grc' dir='ltr'>τὰ</span> <span class='ocrx_word' id='word_1_321' title='bbox 3685 1718 3830 1775; x_wconf 73' lang='grc' dir='ltr'>κατὰ</span> 
     </span>
    </p>
   </div>
   <div class='ocr_carea' id='block_1_47' title="bbox 2168 1797 2550 1880">
    <p class='ocr_par' dir='ltr' id='par_1_47' title="bbox 2168 1797 2550 1880">
     <span class='ocr_line' id='line_1_48' title="bbox 2168 1797 2550 1880; baseline 0.013 -23"><span class='ocrx_word' id='word_1_322' title='bbox 2168 1797 2211 1856; x_wconf 87' lang='grc' dir='ltr'><strong>Β</strong></span> <span class='ocrx_word' id='word_1_323' title='bbox 2238 1808 2339 1880; x_wconf 79' lang='grc' dir='ltr'><strong>τὴν</strong></span> <span class='ocrx_word' id='word_1_324' title='bbox 2375 1808 2550 1863; x_wconf 88' lang='grc' dir='ltr'>πόλιν.</span> 
     </span>
    </p>
   </div>
   <div class='ocr_carea' id='block_1_48' title="bbox 2713 1878 3277 1955">
    <p class='ocr_par' dir='ltr' id='par_1_48' title="bbox 2713 1878 3277 1955">
     <span class='ocr_line' id='line_1_49' title="bbox 2713 1878 3277 1955; baseline 0.002 -1"><span class='ocrx_word' id='word_1_325' title='bbox 2713 1878 2723 1900; x_wconf 75' lang='grc'>⁸</span> <span class='ocrx_word' id='word_1_326' title='bbox 2772 1900 3168 1955; x_wconf 56' lang='lat' dir='ltr'><strong>neos/wore</strong></span> <span class='ocrx_word' id='word_1_327' title='bbox 3205 1902 3277 1955; x_wconf 68' lang='lat'><strong>1&quot;.</strong></span> 
     </span>
    </p>
   </div>
   <div class='ocr_carea' id='block_1_49' title="bbox 2267 1993 3787 2064">
    <p class='ocr_par' dir='ltr' id='par_1_49' title="bbox 2267 1993 3787 2064">
     <span class='ocr_line' id='line_1_50' title="bbox 2267 1993 3787 2064; baseline 0.003 -19"><span class='ocrx_word' id='word_1_328' title='bbox 2267 1993 2408 2061; x_wconf 78' lang='grc' dir='ltr'>Περὶ</span> <span class='ocrx_word' id='word_1_329' title='bbox 2441 1994 2549 2047; x_wconf 85' lang='grc' dir='ltr'>τοῦ</span> <span class='ocrx_word' id='word_1_330' title='bbox 2585 1993 2712 2047; x_wconf 82' lang='grc' dir='ltr'>κατ’</span> <span class='ocrx_word' id='word_1_331' title='bbox 2768 1995 3135 2064; x_wconf 76' lang='grc' dir='ltr'>Ἀντιόχειαν</span> <span class='ocrx_word' id='word_1_332' title='bbox 3170 1994 3507 2064; x_wconf 64' lang='grc' dir='ltr'>ιἐοπαγοῦς</span> <span class='ocrx_word' id='word_1_333' title='bbox 3540 1994 3787 2060; x_wconf 69' lang='grc' dir='ltr'>ξοάνουε</span> 
     </span>
    </p>
   </div>
   <div class='ocr_carea' id='block_1_50' title="bbox 2307 2150 3833 2229">
    <p class='ocr_par' dir='ltr' id='par_1_50' title="bbox 2307 2150 3833 2229">
     <span class='ocr_line' id='line_1_51' title="bbox 2307 2150 3833 2229; baseline 0.003 -21"><span class='ocrx_word' id='word_1_334' title='bbox 2307 2156 2540 2209; x_wconf 83' lang='grc' dir='ltr'>Πλεῖστα</span> <span class='ocrx_word' id='word_1_335' title='bbox 2571 2156 2615 2209; x_wconf 87' lang='grc' dir='ltr'>δ’</span> <span class='ocrx_word' id='word_1_336' title='bbox 2643 2150 2735 2210; x_wconf 81' lang='grc' dir='ltr'>οὖν</span> <span class='ocrx_word' id='word_1_337' title='bbox 2777 2151 2931 2221; x_wconf 73' lang='grc' dir='ltr'>οὗτος</span> <span class='ocrx_word' id='word_1_338' title='bbox 2969 2155 3093 2210; x_wconf 82' lang='grc' dir='ltr'>καθ’</span> <span class='ocrx_word' id='word_1_339' title='bbox 3137 2156 3294 2227; x_wconf 80' lang='grc' dir='ltr'>ἡμῶν</span> <span class='ocrx_word' id='word_1_340' title='bbox 3327 2158 3833 2229; x_wconf 65' lang='grc' dir='ltr'>στρατευσάμενος,</span> 
     </span>
    </p>
   </div>
   <div class='ocr_carea' id='block_1_51' title="bbox 2233 2247 3820 2320">
    <p class='ocr_par' dir='ltr' id='par_1_51' title="bbox 2233 2247 3820 2320">
     <span class='ocr_line' id='line_1_52' title="bbox 2233 2247 3820 2320; baseline 0 -18"><span class='ocrx_word' id='word_1_341' title='bbox 2233 2249 2329 2302; x_wconf 83' lang='grc' dir='ltr'><strong>καὶ</strong></span> <span class='ocrx_word' id='word_1_342' title='bbox 2358 2249 2537 2301; x_wconf 82' lang='grc' dir='ltr'>πάντα</span> <span class='ocrx_word' id='word_1_343' title='bbox 2561 2248 2761 2319; x_wconf 87' lang='grc' dir='ltr'>τρόπον</span> <span class='ocrx_word' id='word_1_344' title='bbox 2789 2248 2917 2311; x_wconf 78' lang='grc' dir='ltr'>τοὺς</span> <span class='ocrx_word' id='word_1_345' title='bbox 2942 2247 3265 2319; x_wconf 81' lang='grc' dir='ltr'>ἡμετέρους,</span> <span class='ocrx_word' id='word_1_346' title='bbox 3305 2248 3495 2320; x_wconf 85' lang='grc' dir='ltr'>ὥσπερ</span> <span class='ocrx_word' id='word_1_347' title='bbox 3523 2250 3677 2312; x_wconf 81' lang='grc' dir='ltr'>τινὰς</span> 
     </span>
    </p>
   </div>
   <div class='ocr_carea' id='block_1_52' title="bbox 2236 2338 3823 2411">
    <p class='ocr_par' dir='ltr' id='par_1_52' title="bbox 2236 2338 3823 2411">
     <span class='ocr_line' id='line_1_53' title="bbox 2236 2338 3823 2411; baseline 0.001 -19"><span class='ocrx_word' id='word_1_348' title='bbox 2236 2356 2337 2411; x_wconf 89' lang='grc' dir='ltr'><strong>ρας</strong></span> <span class='ocrx_word' id='word_1_349' title='bbox 2370 2338 2649 2402; x_wconf 86' lang='grc' dir='ltr'>ἀνοσίους,</span> <span class='ocrx_word' id='word_1_350' title='bbox 2689 2341 2755 2391; x_wconf 84' lang='grc' dir='ltr'><strong>ὲκ</strong></span> <span class='ocrx_word' id='word_1_351' title='bbox 2791 2339 2974 2409; x_wconf 82' lang='grc' dir='ltr'>μυχῶν</span> <span class='ocrx_word' id='word_1_352' title='bbox 3008 2338 3271 2409; x_wconf 80' lang='grc' dir='ltr'>θηρεῦσαι</span> <span class='ocrx_word' id='word_1_353' title='bbox 3306 2339 3393 2393; x_wconf 83' lang='grc' dir='ltr'>διὰ</span> <span class='ocrx_word' id='word_1_354' title='bbox 3439 2338 3678 2410; x_wconf 83' lang='grc' dir='ltr'>σπουδῆς</span> <span class='ocrx_word' id='word_1_355' title='bbox 3723 2357 3823 2395; x_wconf 80' lang='grc' dir='ltr'>πε-</span> 
     </span>
    </p>
   </div>
   <div class='ocr_carea' id='block_1_53' title="bbox 2231 2428 3823 2504">
    <p class='ocr_par' dir='ltr' id='par_1_53' title="bbox 2231 2428 3823 2504">
     <span class='ocr_line' id='line_1_54' title="bbox 2231 2428 3823 2504; baseline 0.001 -21"><span class='ocrx_word' id='word_1_356' title='bbox 2231 2431 2546 2501; x_wconf 76' lang='grc' dir='ltr'>ποιημένος,</span> <span class='ocrx_word' id='word_1_357' title='bbox 2581 2428 2760 2482; x_wconf 80' lang='grc' dir='ltr'>πάντα</span> <span class='ocrx_word' id='word_1_358' title='bbox 2791 2447 2850 2482; x_wconf 86' lang='grc' dir='ltr'><strong>τε</strong></span> <span class='ocrx_word' id='word_1_359' title='bbox 2890 2430 2982 2483; x_wconf 79' lang='grc' dir='ltr'>ἐπὶ</span> <span class='ocrx_word' id='word_1_360' title='bbox 3015 2430 3237 2501; x_wconf 82' lang='grc' dir='ltr'>διαϐολῇ</span> <span class='ocrx_word' id='word_1_361' title='bbox 3272 2431 3365 2484; x_wconf 76' lang='grc' dir='ltr'>κα).</span> <span class='ocrx_word' id='word_1_362' title='bbox 3403 2432 3714 2504; x_wconf 79' lang='grc' dir='ltr'>κατηγορίᾳ</span> <span class='ocrx_word' id='word_1_363' title='bbox 3754 2433 3823 2503; x_wconf 75' lang='grc' dir='ltr'>τῇ</span> 
     </span>
    </p>
   </div>
   <div class='ocr_carea' id='block_1_54' title="bbox 2232 2521 3827 2594">
    <p class='ocr_par' dir='ltr' id='par_1_54' title="bbox 2232 2521 3827 2594">
     <span class='ocr_line' id='line_1_55' title="bbox 2232 2521 3827 2594; baseline 0.001 -19"><span class='ocrx_word' id='word_1_364' title='bbox 2232 2523 2353 2576; x_wconf 81' lang='grc' dir='ltr'>καθ’</span> <span class='ocrx_word' id='word_1_365' title='bbox 2398 2522 2555 2593; x_wconf 87' lang='grc' dir='ltr'>ἡμῶν</span> <span class='ocrx_word' id='word_1_366' title='bbox 2593 2522 3073 2593; x_wconf 69' lang='grc' dir='ltr'>μεμηχανημένοις,</span> <span class='ocrx_word' id='word_1_367' title='bbox 3113 2524 3208 2576; x_wconf 71' lang='grc' dir='ltr'><strong>καὶ</strong></span> <span class='ocrx_word' id='word_1_368' title='bbox 3242 2521 3473 2578; x_wconf 87' lang='grc' dir='ltr'>θανάτου</span> <span class='ocrx_word' id='word_1_369' title='bbox 3504 2524 3677 2589; x_wconf 83' lang='grc' dir='ltr'>αἴτιος</span> <span class='ocrx_word' id='word_1_370' title='bbox 3725 2541 3827 2594; x_wconf 86' lang='grc' dir='ltr'>μυ-</span> 
     </span>
    </p>
   </div>
   <div class='ocr_carea' id='block_1_55' title="bbox 2239 2613 3825 2686">
    <p class='ocr_par' dir='ltr' id='par_1_55' title="bbox 2239 2613 3825 2686">
     <span class='ocr_line' id='line_1_56' title="bbox 2239 2613 3825 2686; baseline 0.001 -19"><span class='ocrx_word' id='word_1_371' title='bbox 2239 2616 2374 2686; x_wconf 87' lang='grc' dir='ltr'>ρίοις</span> <span class='ocrx_word' id='word_1_372' title='bbox 2422 2616 2569 2677; x_wconf 85' lang='grc' dir='ltr'>ὅσοις</span> <span class='ocrx_word' id='word_1_373' title='bbox 2606 2614 2879 2682; x_wconf 86' lang='grc' dir='ltr'>γεγονὼς,</span> <span class='ocrx_word' id='word_1_374' title='bbox 2915 2613 3185 2667; x_wconf 84' lang='grc' dir='ltr'>τελευτῶν</span> <span class='ocrx_word' id='word_1_375' title='bbox 3230 2615 3445 2668; x_wconf 77' lang='grc' dir='ltr'>εἴδωλόν</span> <span class='ocrx_word' id='word_1_376' title='bbox 3483 2632 3537 2668; x_wconf 92' lang='grc' dir='ltr'><strong>τι</strong></span> <span class='ocrx_word' id='word_1_377' title='bbox 3577 2614 3699 2679; x_wconf 83' lang='grc' dir='ltr'>Διὸς</span> <span class='ocrx_word' id='word_1_378' title='bbox 3730 2617 3825 2668; x_wconf 79' lang='grc' dir='ltr'><strong>Φι-</strong></span> 
     </span>
    </p>
   </div>
   <div class='ocr_carea' id='block_1_56' title="bbox 2233 2705 3823 2779">
    <p class='ocr_par' dir='ltr' id='par_1_56' title="bbox 2233 2705 3823 2779">
     <span class='ocr_line' id='line_1_57' title="bbox 2233 2705 3823 2779; baseline 0.001 -21"><span class='ocrx_word' id='word_1_379' title='bbox 2233 2705 2350 2759; x_wconf 84' lang='grc' dir='ltr'>λίου</span> <span class='ocrx_word' id='word_1_380' title='bbox 2383 2706 2492 2776; x_wconf 80' lang='grc'>(15)</span> <span class='ocrx_word' id='word_1_381' title='bbox 2525 2705 2883 2775; x_wconf 84' lang='grc' dir='ltr'>μαγγανείαις</span> <span class='ocrx_word' id='word_1_382' title='bbox 2909 2707 3018 2759; x_wconf 76' lang='grc' dir='ltr'>τισὶ</span> <span class='ocrx_word' id='word_1_383' title='bbox 3051 2708 3145 2761; x_wconf 71' lang='grc' dir='ltr'><strong>καὶ</strong></span> <span class='ocrx_word' id='word_1_384' title='bbox 3177 2707 3455 2777; x_wconf 80' lang='grc' dir='ltr'>γοητείαις</span> <span class='ocrx_word' id='word_1_385' title='bbox 3490 2707 3659 2779; x_wconf 79' lang='grc' dir='ltr'>ἱδρύει</span> <span class='ocrx_word' id='word_1_386' title='bbox 3686 2707 3823 2778; x_wconf 61' lang='grc'>(14),</span> 
     </span>
    </p>
   </div>
   <div class='ocr_carea' id='block_1_57' title="bbox 2233 2795 3822 2868">
    <p class='ocr_par' dir='ltr' id='par_1_57' title="bbox 2233 2795 3822 2868">
     <span class='ocr_line' id='line_1_58' title="bbox 2233 2795 3822 2868; baseline 0 -19"><span class='ocrx_word' id='word_1_387' title='bbox 2233 2796 2458 2860; x_wconf 83' lang='grc' dir='ltr'>τελετάς</span> <span class='ocrx_word' id='word_1_388' title='bbox 2497 2813 2555 2849; x_wconf 88' lang='grc' dir='ltr'><strong>τε</strong></span> <span class='ocrx_word' id='word_1_389' title='bbox 2602 2796 2868 2864; x_wconf 83' lang='grc' dir='ltr'>ἀνάγνους</span> <span class='ocrx_word' id='word_1_390' title='bbox 2900 2795 3049 2866; x_wconf 83' lang='grc' dir='ltr'>αὑτῷ</span> <span class='ocrx_word' id='word_1_391' title='bbox 3094 2798 3187 2849; x_wconf 79' lang='grc' dir='ltr'><strong>καὶ</strong></span> <span class='ocrx_word' id='word_1_392' title='bbox 3225 2797 3458 2867; x_wconf 83' lang='grc' dir='ltr'>μυήσεις</span> <span class='ocrx_word' id='word_1_393' title='bbox 3490 2795 3822 2868; x_wconf 73' lang='grc' dir='ltr'>ἀκαλλιερήο</span> 
     </span>
    </p>
   </div>
   <div class='ocr_carea' id='block_1_58' title="bbox 2233 2886 3825 2958">
    <p class='ocr_par' dir='ltr' id='par_1_58' title="bbox 2233 2886 3825 2958">
     <span class='ocr_line' id='line_1_59' title="bbox 2233 2886 3825 2958; baseline 0.001 -19"><span class='ocrx_word' id='word_1_394' title='bbox 2233 2902 2379 2950; x_wconf 84' lang='grc' dir='ltr'>τους,</span> <span class='ocrx_word' id='word_1_395' title='bbox 2404 2886 2723 2955; x_wconf 78' lang='grc' dir='ltr'>ἐξαγίστους</span> <span class='ocrx_word' id='word_1_396' title='bbox 2753 2904 2811 2939; x_wconf 86' lang='grc' dir='ltr'><strong>τε</strong></span> <span class='ocrx_word' id='word_1_397' title='bbox 2847 2886 3162 2957; x_wconf 80' lang='grc' dir='ltr'>καθαρμοὺς</span> <span class='ocrx_word' id='word_1_398' title='bbox 3194 2888 3505 2958; x_wconf 77' lang='grc' dir='ltr'>ἐπινοήσας,</span> <span class='ocrx_word' id='word_1_399' title='bbox 3535 2887 3698 2958; x_wconf 81' lang='grc' dir='ltr'>μέχρι.</span> <span class='ocrx_word' id='word_1_400' title='bbox 3729 2887 3825 2940; x_wconf 66' lang='grc' dir='ltr'><strong>καὶ</strong></span> 
     </span>
    </p>
   </div>
   <div class='ocr_carea' id='block_1_59' title="bbox 542 2971 2127 3051">
    <p class='ocr_par' dir='ltr' id='par_1_59' title="bbox 542 2980 2126 3051">
     <span class='ocr_line' id='line_1_60' title="bbox 542 2980 2126 3051; baseline -0.001 -17"><span class='ocrx_word' id='word_1_401' title='bbox 542 2982 906 3049; x_wconf 88' lang='lat' dir='ltr'><strong>instituisset,</strong></span> <span class='ocrx_word' id='word_1_402' title='bbox 954 2982 1272 3051; x_wconf 84' lang='lat' dir='ltr'><strong>compositis</strong></span> <span class='ocrx_word' id='word_1_403' title='bbox 1308 2981 1633 3050; x_wconf 90' lang='lat' dir='ltr'><strong>quibusdam</strong></span> <span class='ocrx_word' id='word_1_404' title='bbox 1675 2980 1912 3035; x_wconf 88' lang='lat' dir='ltr'><strong>oraculis</strong></span> <span class='ocrx_word' id='word_1_405' title='bbox 1940 2981 2008 3034; x_wconf 91' lang='lat' dir='ltr'><strong>ad</strong></span> <span class='ocrx_word' id='word_1_406' title='bbox 2045 2981 2126 3049; x_wconf 89' lang='lat' dir='ltr'><strong>ip-</strong></span> 
     </span>
    </p>
   </div>
   <div class='ocr_carea' id='block_1_60' title="bbox 2232 2971 3825 3051">
    <p class='ocr_par' dir='ltr' id='par_1_60' title="bbox 2234 2971 3825 3051">
     <span class='ocr_line' id='line_1_61' title="bbox 2234 2971 3825 3051; baseline 0 -20"><span class='ocrx_word' id='word_1_407' title='bbox 2234 2977 2500 3048; x_wconf 79' lang='grc' dir='ltr'>βασιλὲως</span> <span class='ocrx_word' id='word_1_408' title='bbox 2534 2979 2632 3049; x_wconf 84' lang='grc' dir='ltr'>τὴν</span> <span class='ocrx_word' id='word_1_409' title='bbox 2663 2978 2951 3049; x_wconf 87' lang='grc' dir='ltr'>τερατείαν</span> <span class='ocrx_word' id='word_1_410' title='bbox 2980 2978 3047 3031; x_wconf 87' lang='grc' dir='ltr'>δι’</span> <span class='ocrx_word' id='word_1_411' title='bbox 3081 2971 3155 3033; x_wconf 83' lang='grc' dir='ltr'>ὧν</span> <span class='ocrx_word' id='word_1_412' title='bbox 3185 2978 3359 3033; x_wconf 73' lang='grc' dir='ltr'>ἐδόκει.</span> <span class='ocrx_word' id='word_1_413' title='bbox 3387 2981 3652 3051; x_wconf 84' lang='grc' dir='ltr'>χρησμῶν</span> <span class='ocrx_word' id='word_1_414' title='bbox 3673 2981 3825 3034; x_wconf 77' lang='grc' dir='ltr'>ἐκτει-</span> 
     </span>
    </p>
   </div>
   <div class='ocr_carea' id='block_1_61' title="bbox 541 3247 2133 3320">
    <p class='ocr_par' dir='ltr' id='par_1_61' title="bbox 541 3247 2133 3320">
     <span class='ocr_line' id='line_1_62' title="bbox 541 3247 2133 3320; baseline 0 -19"><span class='ocrx_word' id='word_1_415' title='bbox 541 3247 705 3316; x_wconf 78' lang='lat' dir='ltr'><strong>fragis</strong></span> <span class='ocrx_word' id='word_1_416' title='bbox 721 3255 1021 3320; x_wconf 79' lang='lat' dir='ltr'><strong>comparat.</strong></span> <span class='ocrx_word' id='word_1_417' title='bbox 1051 3248 1278 3303; x_wconf 87' lang='lat' dir='ltr'><strong>Eosdem</strong></span> <span class='ocrx_word' id='word_1_418' title='bbox 1308 3248 1359 3300; x_wconf 91' lang='lat' dir='ltr'><strong>in</strong></span> <span class='ocrx_word' id='word_1_419' title='bbox 1388 3247 1528 3302; x_wconf 88' lang='lat' dir='ltr'><strong>libro</strong></span> <span class='ocrx_word' id='word_1_420' title='bbox 1544 3263 1665 3320; x_wconf 76' lang='lat' dir='ltr'><strong>vni,</strong></span> <span class='ocrx_word' id='word_1_421' title='bbox 1692 3248 2133 3320; x_wconf 82' lang='grc' dir='ltr'>πεπειραμένους</span> 
     </span>
    </p>
   </div>
   <div class='ocr_carea' id='block_1_62' title="bbox 542 3318 2130 3390">
    <p class='ocr_par' dir='ltr' id='par_1_62' title="bbox 542 3318 2130 3390">
     <span class='ocr_line' id='line_1_63' title="bbox 542 3318 2130 3390; baseline 0.003 -23"><span class='ocrx_word' id='word_1_422' title='bbox 542 3320 776 3390; x_wconf 72' lang='lat' dir='ltr'><strong>vocavit.</strong></span> <span class='ocrx_word' id='word_1_423' title='bbox 833 3318 1018 3373; x_wconf 86' lang='lat' dir='ltr'><strong>Possis</strong></span> <span class='ocrx_word' id='word_1_424' title='bbox 1044 3320 1209 3372; x_wconf 87' lang='lat' dir='ltr'><strong>etiam</strong></span> <span class='ocrx_word' id='word_1_425' title='bbox 1241 3328 1458 3373; x_wconf 80' lang='lat' dir='ltr'><strong>vertere</strong></span> <span class='ocrx_word' id='word_1_426' title='bbox 1503 3318 1554 3372; x_wconf 81' lang='lat' dir='ltr'><strong>vi</strong></span> <span class='ocrx_word' id='word_1_427' title='bbox 1603 3318 1929 3386; x_wconf 73' lang='lat' dir='ltr'><strong>tempestatis</strong></span> <span class='ocrx_word' id='word_1_428' title='bbox 1967 3324 2130 3390; x_wconf 76' lang='lat' dir='ltr'><strong>qu‘as—</strong></span> 
     </span>
    </p>
   </div>
   <div class='ocr_carea' id='block_1_63' title="bbox 537 3388 688 3442">
    <p class='ocr_par' dir='ltr' id='par_1_63' title="bbox 537 3388 688 3442">
     <span class='ocr_line' id='line_1_64' title="bbox 537 3388 688 3442; baseline 0.013 -3"><span class='ocrx_word' id='word_1_429' title='bbox 537 3388 688 3442; x_wconf 71' lang='lat' dir='ltr'><strong>satis.</strong></span> 
     </span>
    </p>
   </div>
   <div class='ocr_carea' id='block_1_64' title="bbox 611 3454 2133 3527">
    <p class='ocr_par' dir='ltr' id='par_1_64' title="bbox 611 3454 2133 3527">
     <span class='ocr_line' id='line_1_65' title="bbox 611 3454 2133 3527; baseline 0.001 -15"><span class='ocrx_word' id='word_1_430' title='bbox 611 3460 685 3526; x_wconf 92' lang='lat'><strong>(8)</strong></span> <span class='ocrx_word' id='word_1_431' title='bbox 704 3457 840 3511; x_wconf 82' lang='grc' dir='ltr'><strong>Οὐδ’</strong></span> <span class='ocrx_word' id='word_1_432' title='bbox 857 3458 1042 3524; x_wconf 77' lang='grc' dir='ltr'>ὅλους</span> <span class='ocrx_word' id='word_1_433' title='bbox 1064 3457 1162 3512; x_wconf 72' lang='grc' dir='ltr'><strong>ἐπὶ</strong></span> <span class='ocrx_word' id='word_1_434' title='bbox 1175 3454 1374 3527; x_wconf 74' lang='grc' dir='ltr'>μῆνας</span> <span class='ocrx_word' id='word_1_435' title='bbox 1386 3457 1476 3523; x_wconf 78' lang='grc' dir='ltr'><strong>ἒξ.</strong></span> <span class='ocrx_word' id='word_1_436' title='bbox 1495 3456 1857 3513; x_wconf 80' lang='lat' dir='ltr'><strong>Maximianus</strong></span> <span class='ocrx_word' id='word_1_437' title='bbox 1880 3457 2133 3513; x_wconf 78' lang='lat' dir='ltr'><strong>Galerius</strong></span> 
     </span>
    </p>
   </div>
   <div class='ocr_carea' id='block_1_65' title="bbox 540 3530 2129 3598">
    <p class='ocr_par' dir='ltr' id='par_1_65' title="bbox 540 3530 2129 3598">
     <span class='ocr_line' id='line_1_66' title="bbox 540 3530 2129 3598; baseline 0.002 -20"><span class='ocrx_word' id='word_1_438' title='bbox 540 3537 661 3596; x_wconf 79' lang='lat' dir='ltr'><strong>post</strong></span> <span class='ocrx_word' id='word_1_439' title='bbox 687 3530 1137 3598; x_wconf 80' lang='lat' dir='ltr'><strong>constitutionem</strong></span> <span class='ocrx_word' id='word_1_440' title='bbox 1187 3530 1359 3593; x_wconf 88' lang='lat' dir='ltr'><strong>illam,</strong></span> <span class='ocrx_word' id='word_1_441' title='bbox 1388 3544 1551 3598; x_wconf 92' lang='lat' dir='ltr'><strong>quam</strong></span> <span class='ocrx_word' id='word_1_442' title='bbox 1588 3543 1686 3593; x_wconf 87' lang='lat' dir='ltr'><strong>pro</strong></span> <span class='ocrx_word' id='word_1_443' title='bbox 1717 3542 1849 3597; x_wconf 88' lang='lat' dir='ltr'><strong>pace</strong></span> <span class='ocrx_word' id='word_1_444' title='bbox 1875 3539 1930 3583; x_wconf 93' lang='lat' dir='ltr'><strong>et</strong></span> <span class='ocrx_word' id='word_1_445' title='bbox 1960 3530 2129 3583; x_wconf 87' lang='lat' dir='ltr'><strong>liber-</strong></span> 
     </span>
    </p>
   </div>
   <div class='ocr_carea' id='block_1_66' title="bbox 541 3597 2129 3668">
    <p class='ocr_par' dir='ltr' id='par_1_66' title="bbox 541 3597 2129 3668">
     <span class='ocr_line' id='line_1_67' title="bbox 541 3597 2129 3668; baseline 0.001 -17"><span class='ocrx_word' id='word_1_446' title='bbox 541 3608 648 3652; x_wconf 88' lang='lat' dir='ltr'><strong>tate</strong></span> <span class='ocrx_word' id='word_1_447' title='bbox 671 3597 1103 3652; x_wconf 85' lang='lat' dir='ltr'><strong>Christianorum</strong></span> <span class='ocrx_word' id='word_1_448' title='bbox 1128 3597 1525 3661; x_wconf 85' lang='lat' dir='ltr'><strong>ediderat,nou</strong></span> <span class='ocrx_word' id='word_1_449' title='bbox 1549 3598 1637 3651; x_wconf 93' lang='lat' dir='ltr'><strong>diu</strong></span> <span class='ocrx_word' id='word_1_450' title='bbox 1666 3600 1969 3668; x_wconf 80' lang='lat' dir='ltr'><strong>supervixit</strong></span> <span class='ocrx_word' id='word_1_451' title='bbox 1996 3616 2009 3652; x_wconf 89' lang='lat'><strong>:</strong></span> <span class='ocrx_word' id='word_1_452' title='bbox 2036 3600 2129 3653; x_wconf 87' lang='lat' dir='ltr'><strong>sed</strong></span> 
     </span>
    </p>
   </div>
   <div class='ocr_carea' id='block_1_67' title="bbox 540 3668 2131 3737">
    <p class='ocr_par' dir='ltr' id='par_1_67' title="bbox 540 3668 2131 3737">
     <span class='ocr_line' id='line_1_68' title="bbox 540 3668 2131 3737; baseline 0.003 -18"><span class='ocrx_word' id='word_1_453' title='bbox 540 3668 728 3734; x_wconf 84' lang='lat' dir='ltr'><strong>paucis</strong></span> <span class='ocrx_word' id='word_1_454' title='bbox 751 3678 873 3736; x_wconf 88' lang='lat' dir='ltr'><strong>post</strong></span> <span class='ocrx_word' id='word_1_455' title='bbox 902 3668 1206 3729; x_wconf 67' lang='lat' dir='ltr'><strong>mensibus,</strong></span> <span class='ocrx_word' id='word_1_456' title='bbox 1237 3669 1508 3737; x_wconf 81' lang='lat' dir='ltr'><strong>pestilenti</strong></span> <span class='ocrx_word' id='word_1_457' title='bbox 1534 3668 1758 3723; x_wconf 87' lang='lat' dir='ltr'><strong>vulnere</strong></span> <span class='ocrx_word' id='word_1_458' title='bbox 1777 3680 2131 3735; x_wconf 87' lang='lat' dir='ltr'><strong>consumptus</strong></span> 
     </span>
    </p>
   </div>
   <div class='ocr_carea' id='block_1_68' title="bbox 541 3737 2131 3807">
    <p class='ocr_par' dir='ltr' id='par_1_68' title="bbox 541 3737 2131 3807">
     <span class='ocr_line' id='line_1_69' title="bbox 541 3737 2131 3807; baseline 0.003 -18"><span class='ocrx_word' id='word_1_459' title='bbox 541 3738 769 3800; x_wconf 87' lang='lat' dir='ltr'><strong>interiit,</strong></span> <span class='ocrx_word' id='word_1_460' title='bbox 787 3739 912 3791; x_wconf 91' lang='lat' dir='ltr'><strong>utin</strong></span> <span class='ocrx_word' id='word_1_461' title='bbox 927 3739 1218 3807; x_wconf 76' lang='lat' dir='ltr'><strong>appendice</strong></span> <span class='ocrx_word' id='word_1_462' title='bbox 1243 3739 1361 3792; x_wconf 88' lang='lat' dir='ltr'><strong>libri</strong></span> <span class='ocrx_word' id='word_1_463' title='bbox 1389 3751 1482 3794; x_wconf 85' lang='lat' dir='ltr'><strong>vtn</strong></span> <span class='ocrx_word' id='word_1_464' title='bbox 1510 3737 1677 3793; x_wconf 78' lang='lat' dir='ltr'><strong>refert</strong></span> <span class='ocrx_word' id='word_1_465' title='bbox 1700 3740 1986 3794; x_wconf 88' lang='lat' dir='ltr'><strong>Eusebius.</strong></span> <span class='ocrx_word' id='word_1_466' title='bbox 2003 3740 2131 3806; x_wconf 86' lang='lat' dir='ltr'><strong>Ejus</strong></span> 
     </span>
    </p>
   </div>
   <div class='ocr_carea' id='block_1_69' title="bbox 541 3807 2128 3878">
    <p class='ocr_par' dir='ltr' id='par_1_69' title="bbox 541 3807 2128 3878">
     <span class='ocr_line' id='line_1_70' title="bbox 541 3807 2128 3878; baseline 0.003 -19"><span class='ocrx_word' id='word_1_467' title='bbox 541 3807 706 3874; x_wconf 66' lang='lat' dir='ltr'><strong>igitur</strong></span> <span class='ocrx_word' id='word_1_468' title='bbox 747 3818 921 3861; x_wconf 90' lang='lat' dir='ltr'><strong>morte</strong></span> <span class='ocrx_word' id='word_1_469' title='bbox 946 3808 1147 3870; x_wconf 87' lang='lat' dir='ltr'><strong>audita,</strong></span> <span class='ocrx_word' id='word_1_470' title='bbox 1191 3807 1519 3862; x_wconf 83' lang='lat' dir='ltr'><strong>Maximinus</strong></span> <span class='ocrx_word' id='word_1_471' title='bbox 1561 3808 1745 3863; x_wconf 69' lang='lat' dir='ltr'><strong>Caesar</strong></span> <span class='ocrx_word' id='word_1_472' title='bbox 1785 3810 2128 3878; x_wconf 89' lang='lat' dir='ltr'><strong>persecutio-</strong></span> 
     </span>
    </p>
   </div>
   <div class='ocr_carea' id='block_1_70' title="bbox 541 3878 2130 3948">
    <p class='ocr_par' dir='ltr' id='par_1_70' title="bbox 541 3878 2130 3948">
     <span class='ocr_line' id='line_1_71' title="bbox 541 3878 2130 3948; baseline 0.003 -19"><span class='ocrx_word' id='word_1_473' title='bbox 541 3891 663 3948; x_wconf 88' lang='lat' dir='ltr'><strong>nem</strong></span> <span class='ocrx_word' id='word_1_474' title='bbox 708 3878 969 3931; x_wconf 85' lang='lat' dir='ltr'><strong>adversus</strong></span> <span class='ocrx_word' id='word_1_475' title='bbox 1018 3878 1359 3933; x_wconf 77' lang='lat' dir='ltr'><strong>Christianos</strong></span> <span class='ocrx_word' id='word_1_476' title='bbox 1424 3880 1735 3948; x_wconf 82' lang='lat' dir='ltr'><strong>renOvavit,</strong></span> <span class='ocrx_word' id='word_1_477' title='bbox 1792 3893 1961 3948; x_wconf 90' lang='lat' dir='ltr'><strong>seque</strong></span> <span class='ocrx_word' id='word_1_478' title='bbox 2013 3879 2130 3946; x_wconf 90' lang='lat' dir='ltr'><strong>ipse</strong></span> 
     </span>
    </p>
   </div>
   <div class='ocr_carea' id='block_1_71' title="bbox 539 3947 2128 4013">
    <p class='ocr_par' dir='ltr' id='par_1_71' title="bbox 539 3947 2128 4013">
     <span class='ocr_line' id='line_1_72' title="bbox 539 3947 2128 4013; baseline 0.003 -15"><span class='ocrx_word' id='word_1_479' title='bbox 539 3947 842 4013; x_wconf 87' lang='lat' dir='ltr'><strong>Augustum</strong></span> <span class='ocrx_word' id='word_1_480' title='bbox 903 3948 1261 4010; x_wconf 82' lang='lat' dir='ltr'><strong>renuntiavit,</strong></span> <span class='ocrx_word' id='word_1_481' title='bbox 1297 3964 1417 4002; x_wconf 92' lang='lat' dir='ltr'><strong>cum</strong></span> <span class='ocrx_word' id='word_1_482' title='bbox 1465 3947 1726 4002; x_wconf 86' lang='lat' dir='ltr'><strong>hactenus</strong></span> <span class='ocrx_word' id='word_1_483' title='bbox 1764 3947 1944 4003; x_wconf 67' lang='lat' dir='ltr'><strong>Caesar</strong></span> <span class='ocrx_word' id='word_1_484' title='bbox 2004 3958 2128 4002; x_wconf 88' lang='lat' dir='ltr'><strong>tan-</strong></span> 
     </span>
    </p>
   </div>
   <div class='ocr_carea' id='block_1_72' title="bbox 542 4016 2130 4138">
    <p class='ocr_par' dir='ltr' id='par_1_72' title="bbox 542 4016 2130 4138">
     <span class='ocr_line' id='line_1_73' title="bbox 542 4016 2130 4138; baseline 0.004 -71"><span class='ocrx_word' id='word_1_485' title='bbox 542 4031 656 4138; x_wconf 64' lang='lat' dir='ltr'><strong>:lllll;</strong></span> <span class='ocrx_word' id='word_1_486' title='bbox 688 4018 897 4097; x_wconf 70' lang='lat' dir='ltr'><strong>luisset,</strong></span> <span class='ocrx_word' id='word_1_487' title='bbox 920 4028 975 4072; x_wconf 83' lang='lat' dir='ltr'><strong>et</strong></span> <span class='ocrx_word' id='word_1_488' title='bbox 999 4016 1198 4072; x_wconf 83' lang='lat' dir='ltr'><strong>Galerii</strong></span> <span class='ocrx_word' id='word_1_489' title='bbox 1225 4018 1450 4088; x_wconf 82' lang='lat' dir='ltr'><strong>Augusti</strong></span> <span class='ocrx_word' id='word_1_490' title='bbox 1484 4019 1649 4086; x_wconf 84' lang='lat' dir='ltr'><strong>jussis</strong></span> <span class='ocrx_word' id='word_1_491' title='bbox 1690 4033 1883 4089; x_wconf 87' lang='lat' dir='ltr'><strong>parere</strong></span> <span class='ocrx_word' id='word_1_492' title='bbox 1909 4033 2130 4074; x_wconf 87' lang='lat' dir='ltr'><strong>necesse</strong></span> 
     </span>
     <span class='ocr_line' id='line_1_74' title="bbox 562 4097 839 4138; baseline 0.004 -1"><span class='ocrx_word' id='word_1_493' title='bbox 562 4104 608 4137; x_wconf 66' lang='lat' dir='ltr'><strong>lii</strong></span> <span class='ocrx_word' id='word_1_494' title='bbox 654 4097 839 4138; x_wconf 72' lang='lat' dir='ltr'><strong>IIISSCL</strong></span> 
     </span>
    </p>
   </div>
   <div class='ocr_carea' id='block_1_73' title="bbox 562 4090 839 4139">
    <p class='ocr_par' dir='ltr' id='par_1_73' title="bbox 562 4090 839 4139">
     <span class='ocr_line' id='line_1_75' title="bbox 562 4090 839 4139; baseline 0.007 -2"><span class='ocrx_word' id='word_1_495' title='bbox 562 4090 839 4139; x_wconf 76' lang='lat' dir='ltr'><strong>inbuisset.</strong></span> 
     </span>
    </p>
   </div>
   <div class='ocr_carea' id='block_1_74' title="bbox 612 4151 2131 4279">
    <p class='ocr_par' dir='ltr' id='par_1_74' title="bbox 612 4151 2131 4279">
     <span class='ocr_line' id='line_1_76' title="bbox 612 4151 2131 4279; baseline 0.005 -73"><span class='ocrx_word' id='word_1_496' title='bbox 612 4154 852 4279; x_wconf 58' lang='grc' dir='ltr'>(ΩὲὌσα</span> <span class='ocrx_word' id='word_1_497' title='bbox 868 4156 920 4210; x_wconf 81' lang='grc' dir='ltr'>δ’</span> <span class='ocrx_word' id='word_1_498' title='bbox 941 4151 1074 4212; x_wconf 78' lang='grc' dir='ltr'><strong>οὖν.</strong></span> <span class='ocrx_word' id='word_1_499' title='bbox 1091 4156 1147 4210; x_wconf 87' lang='lat' dir='ltr'><strong>In</strong></span> <span class='ocrx_word' id='word_1_500' title='bbox 1171 4156 1355 4210; x_wconf 87' lang='lat' dir='ltr'><strong>codice</strong></span> <span class='ocrx_word' id='word_1_501' title='bbox 1374 4156 1538 4219; x_wconf 82' lang='lat' dir='ltr'><strong>Med.,</strong></span> <span class='ocrx_word' id='word_1_502' title='bbox 1557 4156 1693 4211; x_wconf 81' lang='lat' dir='ltr'><strong>Maz.</strong></span> <span class='ocrx_word' id='word_1_503' title='bbox 1710 4170 1760 4211; x_wconf 89' lang='lat' dir='ltr'><strong>et</strong></span> <span class='ocrx_word' id='word_1_504' title='bbox 1778 4154 1913 4214; x_wconf 82' lang='lat' dir='ltr'><strong>Fnk.</strong></span> <span class='ocrx_word' id='word_1_505' title='bbox 1931 4158 2131 4227; x_wconf 83' lang='lat' dir='ltr'><strong>legitur</strong></span> 
     </span>
     <span class='ocr_line' id='line_1_77' title="bbox 612 4220 2124 4279; baseline 0 0"><span class='ocrx_word' id='word_1_506' title='bbox 612 4243 638 4278; x_wconf 74' lang='grc' dir='ltr'><strong>α</strong></span> <span class='ocrx_word' id='word_1_507' title='bbox 698 4228 710 4246; x_wconf 83' lang='grc'>’</span> <span class='ocrx_word' id='word_1_508' title='bbox 730 4220 844 4279; x_wconf 83' lang='grc' dir='ltr'>οὖν.</span> <span class='ocrx_word' id='word_1_509' title='bbox 878 4228 1021 4279; x_wconf 84' lang='lat' dir='ltr'><strong>uuod</strong></span> <span class='ocrx_word' id='word_1_510' title='bbox 1045 4239 1100 4279; x_wconf 90' lang='lat' dir='ltr'><strong>et</strong></span> <span class='ocrx_word' id='word_1_511' title='bbox 1128 4226 1393 4279; x_wconf 84' lang='lat' dir='ltr'><strong>Gruterus</strong></span> <span class='ocrx_word' id='word_1_512' title='bbox 1420 4229 1470 4279; x_wconf 91' lang='lat' dir='ltr'><strong>in</strong></span> <span class='ocrx_word' id='word_1_513' title='bbox 1501 4228 1655 4279; x_wconf 85' lang='lat' dir='ltr'><strong>libris</strong></span> <span class='ocrx_word' id='word_1_514' title='bbox 1678 4230 1791 4279; x_wconf 84' lang='lat' dir='ltr'><strong>suis</strong></span> <span class='ocrx_word' id='word_1_515' title='bbox 1826 4239 2124 4279; x_wconf 85' lang='lat' dir='ltr'><strong>reuererat.</strong></span> 
     </span>
    </p>
   </div>
   <div class='ocr_carea' id='block_1_75' title="bbox 537 4220 2124 4349">
    <p class='ocr_par' dir='ltr' id='par_1_75' title="bbox 537 4220 2124 4349">
     <span class='ocr_line' id='line_1_78' title="bbox 537 4220 2124 4349; baseline 0.004 -73"><span class='ocrx_word' id='word_1_516' title='bbox 537 4220 638 4349; x_wconf 45' lang='grc' dir='ltr'><strong>εἷ’σὴ</strong></span> <span class='ocrx_word' id='word_1_517' title='bbox 668 4220 710 4279; x_wconf 83' lang='grc' dir='ltr'>δ’</span> <span class='ocrx_word' id='word_1_518' title='bbox 730 4220 844 4308; x_wconf 71' lang='grc' dir='ltr'>οὖν,</span> <span class='ocrx_word' id='word_1_519' title='bbox 878 4228 1021 4297; x_wconf 89' lang='lat' dir='ltr'><strong>quod</strong></span> <span class='ocrx_word' id='word_1_520' title='bbox 1045 4239 1100 4283; x_wconf 92' lang='lat' dir='ltr'><strong>et</strong></span> <span class='ocrx_word' id='word_1_521' title='bbox 1128 4226 1393 4282; x_wconf 85' lang='lat' dir='ltr'><strong>Gruterus</strong></span> <span class='ocrx_word' id='word_1_522' title='bbox 1420 4229 1470 4281; x_wconf 90' lang='lat' dir='ltr'><strong>in</strong></span> <span class='ocrx_word' id='word_1_523' title='bbox 1501 4228 1655 4283; x_wconf 87' lang='lat' dir='ltr'><strong>libris</strong></span> <span class='ocrx_word' id='word_1_524' title='bbox 1678 4230 1791 4284; x_wconf 84' lang='lat' dir='ltr'><strong>suis</strong></span> <span class='ocrx_word' id='word_1_525' title='bbox 1826 4220 2124 4300; x_wconf 74' lang='lat' dir='ltr'><strong>repererat.</strong></span> 
     </span>
     <span class='ocr_line' id='line_1_79' title="bbox 588 4311 877 4349; baseline 0.003 -1"><span class='ocrx_word' id='word_1_526' title='bbox 588 4312 619 4348; x_wconf 88' lang='grc' dir='ltr'><strong>ιι</strong></span> <span class='ocrx_word' id='word_1_527' title='bbox 642 4311 695 4349; x_wconf 76' lang='grc' dir='ltr'>α.</span> <span class='ocrx_word' id='word_1_528' title='bbox 725 4314 877 4349; x_wconf 88' lang='grc' dir='ltr'>γουν.</span> 
     </span>
    </p>
   </div>
   <div class='ocr_carea' id='block_1_76' title="bbox 588 4311 877 4366">
    <p class='ocr_par' dir='ltr' id='par_1_76' title="bbox 588 4311 877 4366">
     <span class='ocr_line' id='line_1_80' title="bbox 588 4311 877 4366; baseline 0.014 -19"><span class='ocrx_word' id='word_1_529' title='bbox 588 4311 695 4366; x_wconf 85' lang='lat' dir='ltr'><strong>uig.</strong></span> <span class='ocrx_word' id='word_1_530' title='bbox 725 4314 877 4365; x_wconf 88' lang='grc' dir='ltr'>γουν.</span> 
     </span>
    </p>
   </div>
   <div class='ocr_carea' id='block_1_77' title="bbox 610 4366 2129 4435">
    <p class='ocr_par' dir='ltr' id='par_1_77' title="bbox 610 4366 2129 4435">
     <span class='ocr_line' id='line_1_81' title="bbox 610 4366 2129 4435; baseline 0.003 -16"><span class='ocrx_word' id='word_1_531' title='bbox 610 4367 724 4434; x_wconf 86' lang='grc'>(10)</span> <span class='ocrx_word' id='word_1_532' title='bbox 751 4368 946 4433; x_wconf 85' lang='grc' dir='ltr'>Αὐτὸς</span> <span class='ocrx_word' id='word_1_533' title='bbox 983 4366 1175 4433; x_wconf 82' lang='grc' dir='ltr'>ἑαυτῷ</span> <span class='ocrx_word' id='word_1_534' title='bbox 1208 4368 1338 4422; x_wconf 75' lang='grc' dir='ltr'><strong>καθ’</strong></span> <span class='ocrx_word' id='word_1_535' title='bbox 1368 4367 1540 4435; x_wconf 72' lang='grc' dir='ltr'>ἡμῶν·</span> <span class='ocrx_word' id='word_1_536' title='bbox 1560 4368 1970 4435; x_wconf 77' lang='grc' dir='ltr'>πρεσϐεύεται.</span> <span class='ocrx_word' id='word_1_537' title='bbox 2005 4368 2129 4423; x_wconf 85' lang='lat' dir='ltr'><strong>Ele-</strong></span> 
     </span>
    </p>
   </div>
   <div class='ocr_carea' id='block_1_78' title="bbox 537 4438 2123 4508">
    <p class='ocr_par' dir='ltr' id='par_1_78' title="bbox 537 4438 2123 4508">
     <span class='ocr_line' id='line_1_82' title="bbox 537 4438 2123 4508; baseline 0.001 -20"><span class='ocrx_word' id='word_1_538' title='bbox 537 4451 678 4508; x_wconf 82' lang='lat' dir='ltr'><strong>gans</strong></span> <span class='ocrx_word' id='word_1_539' title='bbox 697 4438 916 4508; x_wconf 73' lang='lat' dir='ltr'><strong>locutio,</strong></span> <span class='ocrx_word' id='word_1_540' title='bbox 939 4454 1100 4507; x_wconf 87' lang='lat' dir='ltr'><strong>quam</strong></span> <span class='ocrx_word' id='word_1_541' title='bbox 1135 4453 1239 4491; x_wconf 91' lang='lat' dir='ltr'><strong>non</strong></span> <span class='ocrx_word' id='word_1_542' title='bbox 1279 4439 1544 4492; x_wconf 79' lang='lat' dir='ltr'><strong>intellexit</strong></span> <span class='ocrx_word' id='word_1_543' title='bbox 1578 4438 2123 4508; x_wconf 80' lang='lat' dir='ltr'><strong>Chrismphorsouus,</strong></span> 
     </span>
    </p>
   </div>
   <div class='ocr_carea' id='block_1_79' title="bbox 539 4505 2122 4578">
    <p class='ocr_par' dir='ltr' id='par_1_79' title="bbox 539 4505 2122 4578">
     <span class='ocr_line' id='line_1_83' title="bbox 539 4505 2122 4578; baseline 0.003 -19"><span class='ocrx_word' id='word_1_544' title='bbox 539 4519 640 4559; x_wconf 86' lang='lat' dir='ltr'><strong>nec</strong></span> <span class='ocrx_word' id='word_1_545' title='bbox 661 4505 972 4565; x_wconf 52' lang='lat' dir='ltr'><strong>Musculusf</strong></span> <span class='ocrx_word' id='word_1_546' title='bbox 992 4508 1315 4562; x_wconf 68' lang='lat' dir='ltr'><strong>Maviminus</strong></span> <span class='ocrx_word' id='word_1_547' title='bbox 1344 4510 1629 4562; x_wconf 88' lang='lat' dir='ltr'><strong>submissis</strong></span> <span class='ocrx_word' id='word_1_548' title='bbox 1656 4505 1978 4578; x_wconf 83' lang='lat' dir='ltr'><strong>quibusdam</strong></span> <span class='ocrx_word' id='word_1_549' title='bbox 2021 4510 2122 4563; x_wconf 89' lang='lat' dir='ltr'><strong>im-</strong></span> 
     </span>
    </p>
   </div>
   <div class='ocr_carea' id='block_1_80' title="bbox 555 4578 2127 4641">
    <p class='ocr_par' dir='ltr' id='par_1_80' title="bbox 555 4578 2127 4641">
     <span class='ocr_line' id='line_1_84' title="bbox 555 4578 2127 4641; baseline 0.001 -11"><span class='ocrx_word' id='word_1_550' title='bbox 555 4578 724 4631; x_wconf 73' lang='lat' dir='ltr'><strong>trobis</strong></span> <span class='ocrx_word' id='word_1_551' title='bbox 779 4579 1111 4641; x_wconf 86' lang='lat' dir='ltr'><strong>hominibus,</strong></span> <span class='ocrx_word' id='word_1_552' title='bbox 1161 4578 1551 4632; x_wconf 79' lang='lat' dir='ltr'><strong>sollicitaverat</strong></span> <span class='ocrx_word' id='word_1_553' title='bbox 1604 4581 2019 4641; x_wconf 84' lang='lat' dir='ltr'><strong>Antiochenses,</strong></span> <span class='ocrx_word' id='word_1_554' title='bbox 2068 4591 2127 4632; x_wconf 84' lang='lat' dir='ltr'><strong>ut</strong></span> 
     </span>
    </p>
   </div>
   <div class='ocr_carea' id='block_1_81' title="bbox 559 4649 2129 4718">
    <p class='ocr_par' dir='ltr' id='par_1_81' title="bbox 559 4649 2129 4718">
     <span class='ocr_line' id='line_1_85' title="bbox 559 4649 2129 4718; baseline 0.002 -19"><span class='ocrx_word' id='word_1_555' title='bbox 559 4656 747 4718; x_wconf 79' lang='lat' dir='ltr'><strong>egatos</strong></span> <span class='ocrx_word' id='word_1_556' title='bbox 777 4652 844 4702; x_wconf 89' lang='lat' dir='ltr'><strong>ad</strong></span> <span class='ocrx_word' id='word_1_557' title='bbox 879 4649 1197 4703; x_wconf 88' lang='lat' dir='ltr'><strong>comitatum</strong></span> <span class='ocrx_word' id='word_1_558' title='bbox 1227 4650 1522 4709; x_wconf 85' lang='lat' dir='ltr'><strong>mitterent,</strong></span> <span class='ocrx_word' id='word_1_559' title='bbox 1564 4651 1831 4718; x_wconf 87' lang='lat' dir='ltr'><strong>petituros</strong></span> <span class='ocrx_word' id='word_1_560' title='bbox 1862 4650 1932 4703; x_wconf 87' lang='lat' dir='ltr'><strong>ab</strong></span> <span class='ocrx_word' id='word_1_561' title='bbox 1964 4665 2045 4711; x_wconf 87' lang='lat' dir='ltr'><strong>se,</strong></span> <span class='ocrx_word' id='word_1_562' title='bbox 2070 4659 2129 4702; x_wconf 91' lang='lat' dir='ltr'><strong>ut</strong></span> 
     </span>
    </p>
   </div>
   <div class='ocr_carea' id='block_1_82' title="bbox 537 4717 2126 4788">
    <p class='ocr_par' dir='ltr' id='par_1_82' title="bbox 537 4717 2126 4788">
     <span class='ocr_line' id='line_1_86' title="bbox 537 4717 2126 4788; baseline -0.001 -17"><span class='ocrx_word' id='word_1_563' title='bbox 537 4717 881 4788; x_wconf 81' lang='lat' dir='ltr'><strong>Christianos</strong></span> <span class='ocrx_word' id='word_1_564' title='bbox 904 4734 1096 4773; x_wconf 91' lang='lat' dir='ltr'><strong>omnes</strong></span> <span class='ocrx_word' id='word_1_565' title='bbox 1122 4734 1188 4772; x_wconf 78' lang='lat' dir='ltr'><strong>ex</strong></span> <span class='ocrx_word' id='word_1_566' title='bbox 1213 4721 1344 4771; x_wconf 83' lang='lat' dir='ltr'><strong>urbe</strong></span> <span class='ocrx_word' id='word_1_567' title='bbox 1368 4717 1577 4788; x_wconf 82' lang='lat' dir='ltr'><strong>ejicere</strong></span> <span class='ocrx_word' id='word_1_568' title='bbox 1597 4721 1727 4787; x_wconf 82' lang='lat' dir='ltr'><strong>ipsis</strong></span> <span class='ocrx_word' id='word_1_569' title='bbox 1760 4720 1967 4774; x_wconf 82' lang='lat' dir='ltr'><strong>liceret.</strong></span> <span class='ocrx_word' id='word_1_570' title='bbox 2019 4720 2126 4772; x_wconf 87' lang='lat' dir='ltr'><strong>Ita-</strong></span> 
     </span>
    </p>
   </div>
   <div class='ocr_carea' id='block_1_83' title="bbox 539 4787 2124 4856">
    <p class='ocr_par' dir='ltr' id='par_1_83' title="bbox 539 4787 2124 4856">
     <span class='ocr_line' id='line_1_87' title="bbox 539 4787 2124 4856; baseline 0.002 -19"><span class='ocrx_word' id='word_1_571' title='bbox 539 4800 645 4853; x_wconf 87' lang='lat' dir='ltr'><strong>que</strong></span> <span class='ocrx_word' id='word_1_572' title='bbox 676 4787 1033 4850; x_wconf 77' lang='lat' dir='ltr'><strong>Maximinus,</strong></span> <span class='ocrx_word' id='word_1_573' title='bbox 1063 4789 1152 4856; x_wconf 80' lang='lat' dir='ltr'><strong>qui</strong></span> <span class='ocrx_word' id='word_1_574' title='bbox 1185 4792 1322 4841; x_wconf 89' lang='lat' dir='ltr'><strong>hanc</strong></span> <span class='ocrx_word' id='word_1_575' title='bbox 1348 4787 1673 4855; x_wconf 70' lang='lat' dir='ltr'><strong>legationem</strong></span> <span class='ocrx_word' id='word_1_576' title='bbox 1709 4791 2124 4851; x_wconf 85' lang='lat' dir='ltr'><strong>subornavera‘l,</strong></span> 
     </span>
    </p>
   </div>
   <div class='ocr_carea' id='block_1_84' title="bbox 541 4858 2127 4926">
    <p class='ocr_par' dir='ltr' id='par_1_84' title="bbox 541 4858 2127 4926">
     <span class='ocr_line' id='line_1_88' title="bbox 541 4858 2127 4926; baseline 0.002 -18"><span class='ocrx_word' id='word_1_577' title='bbox 541 4870 666 4926; x_wconf 60' lang='lat' dir='ltr'><strong>iere</strong></span> <span class='ocrx_word' id='word_1_578' title='bbox 688 4858 794 4910; x_wconf 91' lang='lat' dir='ltr'><strong>dici</strong></span> <span class='ocrx_word' id='word_1_579' title='bbox 820 4859 992 4926; x_wconf 88' lang='lat' dir='ltr'><strong>potuit</strong></span> <span class='ocrx_word' id='word_1_580' title='bbox 1025 4860 1134 4925; x_wconf 86' lang='lat' dir='ltr'><strong>ipse</strong></span> <span class='ocrx_word' id='word_1_581' title='bbox 1183 4860 1248 4910; x_wconf 85' lang='lat' dir='ltr'><strong>ad</strong></span> <span class='ocrx_word' id='word_1_582' title='bbox 1285 4874 1408 4912; x_wconf 85' lang='lat' dir='ltr'><strong>sese</strong></span> <span class='ocrx_word' id='word_1_583' title='bbox 1451 4859 1776 4926; x_wconf 83' lang='lat' dir='ltr'><strong>legationem</strong></span> <span class='ocrx_word' id='word_1_584' title='bbox 1814 4861 2045 4922; x_wconf 89' lang='lat' dir='ltr'><strong>misisse,</strong></span> <span class='ocrx_word' id='word_1_585' title='bbox 2072 4870 2127 4911; x_wconf 88' lang='lat' dir='ltr'><strong>et</strong></span> 
     </span>
    </p>
   </div>
   <div class='ocr_carea' id='block_1_85' title="bbox 540 4925 2127 4991">
    <p class='ocr_par' dir='ltr' id='par_1_85' title="bbox 540 4925 2127 4991">
     <span class='ocr_line' id='line_1_89' title="bbox 540 4925 2127 4991; baseline 0.001 -14"><span class='ocrx_word' id='word_1_586' title='bbox 540 4925 701 4991; x_wconf 84' lang='lat' dir='ltr'><strong>legati</strong></span> <span class='ocrx_word' id='word_1_587' title='bbox 754 4925 977 4980; x_wconf 87' lang='lat' dir='ltr'><strong>munere</strong></span> <span class='ocrx_word' id='word_1_588' title='bbox 1011 4926 1230 4981; x_wconf 81' lang='lat' dir='ltr'><strong>functus</strong></span> <span class='ocrx_word' id='word_1_589' title='bbox 1275 4929 1463 4983; x_wconf 81' lang='lat' dir='ltr'><strong>luisse.</strong></span> <span class='ocrx_word' id='word_1_590' title='bbox 1509 4925 1605 4982; x_wconf 80' lang='lat' dir='ltr'><strong>Est</strong></span> <span class='ocrx_word' id='word_1_591' title='bbox 1634 4929 1798 4982; x_wconf 86' lang='lat' dir='ltr'><strong>etiam</strong></span> <span class='ocrx_word' id='word_1_592' title='bbox 1829 4929 1918 4983; x_wconf 89' lang='lat' dir='ltr'><strong>hic</strong></span> <span class='ocrx_word' id='word_1_593' title='bbox 1949 4940 2127 4982; x_wconf 83' lang='lat' dir='ltr'><strong>trans-</strong></span> 
     </span>
    </p>
   </div>
   <div class='ocr_carea' id='block_1_86' title="bbox 540 4996 2126 5059">
    <p class='ocr_par' dir='ltr' id='par_1_86' title="bbox 540 4996 2126 5059">
     <span class='ocr_line' id='line_1_90' title="bbox 540 4996 2126 5059; baseline 0.003 -12"><span class='ocrx_word' id='word_1_594' title='bbox 540 4997 735 5059; x_wconf 83' lang='lat' dir='ltr'><strong>positio</strong></span> <span class='ocrx_word' id='word_1_595' title='bbox 759 4998 1041 5049; x_wconf 84' lang='lat' dir='ltr'><strong>verborum</strong></span> <span class='ocrx_word' id='word_1_596' title='bbox 1072 4996 1353 5050; x_wconf 79' lang='lat' dir='ltr'><strong>familiaris</strong></span> <span class='ocrx_word' id='word_1_597' title='bbox 1379 4999 1630 5053; x_wconf 80' lang='lat' dir='ltr'><strong>Eusebio.</strong></span> <span class='ocrx_word' id='word_1_598' title='bbox 1654 4999 1779 5053; x_wconf 65' lang='lat' dir='ltr'><strong>llaac</strong></span> <span class='ocrx_word' id='word_1_599' title='bbox 1800 5002 1941 5054; x_wconf 92' lang='lat' dir='ltr'><strong>enim</strong></span> <span class='ocrx_word' id='word_1_600' title='bbox 1963 4998 2126 5052; x_wconf 83' lang='lat' dir='ltr'><strong>verba</strong></span> 
     </span>
    </p>
   </div>
   <div class='ocr_carea' id='block_1_87' title="bbox 537 5064 2126 5137">
    <p class='ocr_par' dir='ltr' id='par_1_87' title="bbox 537 5064 2126 5137">
     <span class='ocr_line' id='line_1_91' title="bbox 537 5064 2126 5137; baseline 0.003 -21"><span class='ocrx_word' id='word_1_601' title='bbox 537 5064 627 5117; x_wconf 83' lang='grc' dir='ltr'>διά</span> <span class='ocrx_word' id='word_1_602' title='bbox 650 5082 811 5118; x_wconf 90' lang='grc' dir='ltr'>τινων</span> <span class='ocrx_word' id='word_1_603' title='bbox 842 5065 1091 5136; x_wconf 83' lang='grc' dir='ltr'>πονηρῶν</span> <span class='ocrx_word' id='word_1_604' title='bbox 1124 5066 1427 5137; x_wconf 86' lang='grc' dir='ltr'>ἀνθρώπων</span> <span class='ocrx_word' id='word_1_605' title='bbox 1460 5070 1741 5123; x_wconf 73' lang='lat' dir='ltr'><strong>referenda</strong></span> <span class='ocrx_word' id='word_1_606' title='bbox 1768 5079 1895 5123; x_wconf 85' lang='lat' dir='ltr'><strong>sunt</strong></span> <span class='ocrx_word' id='word_1_607' title='bbox 1929 5070 1997 5123; x_wconf 87' lang='lat' dir='ltr'><strong>ad</strong></span> <span class='ocrx_word' id='word_1_608' title='bbox 2032 5084 2126 5121; x_wconf 87' lang='lat' dir='ltr'><strong>vo-</strong></span> 
     </span>
    </p>
   </div>
   <div class='ocr_carea' id='block_1_88' title="bbox 537 5138 1072 5205">
    <p class='ocr_par' dir='ltr' id='par_1_88' title="bbox 537 5138 1072 5205">
     <span class='ocr_line' id='line_1_92' title="bbox 537 5138 1072 5205; baseline 0 -16"><span class='ocrx_word' id='word_1_609' title='bbox 537 5151 654 5189; x_wconf 86' lang='lat' dir='ltr'><strong>cem</strong></span> <span class='ocrx_word' id='word_1_610' title='bbox 691 5138 1072 5205; x_wconf 87' lang='grc' dir='ltr'>παρορμήσας.</span> 
     </span>
    </p>
   </div>
   <div class='ocr_carea' id='block_1_89' title="bbox 609 5204 2121 5276">
    <p class='ocr_par' dir='ltr' id='par_1_89' title="bbox 609 5204 2121 5276">
     <span class='ocr_line' id='line_1_93' title="bbox 609 5204 2121 5276; baseline 0.002 -19"><span class='ocrx_word' id='word_1_611' title='bbox 609 5206 720 5276; x_wconf 84' lang='lat' dir='ltr'><strong>(il)</strong></span> <span class='ocrx_word' id='word_1_612' title='bbox 757 5204 865 5258; x_wconf 75' lang='lat' dir='ltr'><strong>Kal</strong></span> <span class='ocrx_word' id='word_1_613' title='bbox 892 5204 1115 5274; x_wconf 67' lang='grc' dir='ltr'>ἑτέροις</span> <span class='ocrx_word' id='word_1_614' title='bbox 1150 5204 1218 5258; x_wconf 83' lang='grc' dir='ltr'>δὲ</span> <span class='ocrx_word' id='word_1_615' title='bbox 1251 5207 1431 5262; x_wconf 82' lang='grc' dir='ltr'><strong>ταύτὸ</strong></span> <span class='ocrx_word' id='word_1_616' title='bbox 1463 5208 1815 5264; x_wconf 74' lang='grc' dir='ltr'>ὑποϐαλεῖν.</span> <span class='ocrx_word' id='word_1_617' title='bbox 1853 5208 1976 5263; x_wconf 64' lang='lat' dir='ltr'><strong>Hau:</strong></span> <span class='ocrx_word' id='word_1_618' title='bbox 1998 5223 2121 5261; x_wconf 88' lang='lat' dir='ltr'><strong>cum</strong></span> 
     </span>
    </p>
   </div>
   <div class='ocr_carea' id='block_1_90' title="bbox 538 5276 2121 5345">
    <p class='ocr_par' dir='ltr' id='par_1_90' title="bbox 538 5276 2121 5345">
     <span class='ocr_line' id='line_1_94' title="bbox 538 5276 2121 5345; baseline 0.002 -18"><span class='ocrx_word' id='word_1_619' title='bbox 538 5276 981 5331; x_wconf 74' lang='lat' dir='ltr'><strong>antecedentibus</strong></span> <span class='ocrx_word' id='word_1_620' title='bbox 1029 5281 1325 5331; x_wconf 86' lang='lat' dir='ltr'><strong>conuexuit</strong></span> <span class='ocrx_word' id='word_1_621' title='bbox 1370 5281 1919 5345; x_wconf 70' lang='lat' dir='ltr'><strong>Christophorsouus.</strong></span> <span class='ocrx_word' id='word_1_622' title='bbox 1960 5279 2121 5331; x_wconf 71' lang='lat' dir='ltr'><strong>Nice-</strong></span> 
     </span>
    </p>
   </div>
   <div class='ocr_carea' id='block_1_91' title="bbox 538 5347 2123 5418">
    <p class='ocr_par' dir='ltr' id='par_1_91' title="bbox 538 5347 2123 5418">
     <span class='ocr_line' id='line_1_95' title="bbox 538 5347 2123 5418; baseline 0.003 -23"><span class='ocrx_word' id='word_1_623' title='bbox 538 5348 739 5418; x_wconf 62' lang='lat' dir='ltr'><strong>phorus</strong></span> <span class='ocrx_word' id='word_1_624' title='bbox 766 5349 966 5418; x_wconf 62' lang='lat' dir='ltr'><strong>degit:</strong></span> <span class='ocrx_word' id='word_1_625' title='bbox 1007 5347 1117 5400; x_wconf 75' lang='lat' dir='ltr'><strong>Kal.</strong></span> <span class='ocrx_word' id='word_1_626' title='bbox 1156 5347 1362 5418; x_wconf 79' lang='grc' dir='ltr'>ἑτέροις</span> <span class='ocrx_word' id='word_1_627' title='bbox 1409 5348 1468 5400; x_wconf 86' lang='grc' dir='ltr'>δὲ</span> <span class='ocrx_word' id='word_1_628' title='bbox 1503 5350 1669 5402; x_wconf 84' lang='grc' dir='ltr'><strong>ταὺτὸ</strong></span> <span class='ocrx_word' id='word_1_629' title='bbox 1700 5349 1987 5404; x_wconf 83' lang='grc' dir='ltr'>ὑποϐαλὼν</span> <span class='ocrx_word' id='word_1_630' title='bbox 2012 5348 2123 5401; x_wconf 85' lang='grc' dir='ltr'>δια-</span> 
     </span>
    </p>
   </div>
   <div class='ocr_carea' id='block_1_92' title="bbox 535 5413 2123 5487">
    <p class='ocr_par' dir='ltr' id='par_1_92' title="bbox 535 5413 2123 5487">
     <span class='ocr_line' id='line_1_96' title="bbox 535 5413 2123 5487; baseline 0.002 -18"><span class='ocrx_word' id='word_1_631' title='bbox 535 5413 865 5487; x_wconf 77' lang='grc' dir='ltr'>πράξασθαι.</span> <span class='ocrx_word' id='word_1_632' title='bbox 903 5416 1074 5482; x_wconf 87' lang='lat' dir='ltr'><strong>Quam</strong></span> <span class='ocrx_word' id='word_1_633' title='bbox 1122 5413 1444 5481; x_wconf 71' lang='lat' dir='ltr'><strong>scripturam</strong></span> <span class='ocrx_word' id='word_1_634' title='bbox 1495 5435 1716 5474; x_wconf 89' lang='lat' dir='ltr'><strong>secutus</strong></span> <span class='ocrx_word' id='word_1_635' title='bbox 1757 5436 1879 5475; x_wconf 64' lang='lat' dir='ltr'><strong>esse</strong></span> <span class='ocrx_word' id='word_1_636' title='bbox 1910 5421 2123 5474; x_wconf 86' lang='lat' dir='ltr'><strong>videtur</strong></span> 
     </span>
    </p>
   </div>
   <div class='ocr_carea' id='block_1_93' title="bbox 535 5486 2120 5559">
    <p class='ocr_par' dir='ltr' id='par_1_93' title="bbox 535 5486 2120 5559">
     <span class='ocr_line' id='line_1_97' title="bbox 535 5486 2120 5559; baseline 0.004 -24"><span class='ocrx_word' id='word_1_637' title='bbox 535 5486 787 5559; x_wconf 63' lang='lat' dir='ltr'><strong>ilulinus,</strong></span> <span class='ocrx_word' id='word_1_638' title='bbox 813 5489 1015 5559; x_wconf 77' lang='lat' dir='ltr'><strong>quiita</strong></span> <span class='ocrx_word' id='word_1_639' title='bbox 1048 5489 1209 5559; x_wconf 86' lang='lat' dir='ltr'><strong>vertit</strong></span> <span class='ocrx_word' id='word_1_640' title='bbox 1253 5504 1279 5559; x_wconf 12' lang='lat'><strong>:7</strong></span> <span class='ocrx_word' id='word_1_641' title='bbox 1309 5508 1324 5538; x_wconf 82' lang='grc' dir='ltr'><strong>ι</strong></span> <span class='ocrx_word' id='word_1_642' title='bbox 1358 5490 1542 5543; x_wconf 77' lang='lat' dir='ltr'><strong>Sedet</strong></span> <span class='ocrx_word' id='word_1_643' title='bbox 1574 5492 1708 5545; x_wconf 82' lang='lat' dir='ltr'><strong>alios</strong></span> <span class='ocrx_word' id='word_1_644' title='bbox 1740 5507 1835 5557; x_wconf 88' lang='lat' dir='ltr'><strong>per</strong></span> <span class='ocrx_word' id='word_1_645' title='bbox 1875 5490 2120 5559; x_wconf 83' lang='lat' dir='ltr'><strong>singulas</strong></span> 
     </span>
    </p>
   </div>
   <div class='ocr_carea' id='block_1_94' title="bbox 535 5553 2118 5615">
    <p class='ocr_par' dir='ltr' id='par_1_94' title="bbox 535 5553 2118 5615">
     <span class='ocr_line' id='line_1_98' title="bbox 535 5553 2118 5615; baseline 0.006 -12"><span class='ocrx_word' id='word_1_646' title='bbox 535 5553 785 5611; x_wconf 78' lang='lat' dir='ltr'><strong>civitates</strong></span> <span class='ocrx_word' id='word_1_647' title='bbox 817 5557 1407 5611; x_wconf 85' lang='lat' dir='ltr'><strong>similiterdeterrimos</strong></span> <span class='ocrx_word' id='word_1_648' title='bbox 1430 5561 1576 5614; x_wconf 90' lang='lat' dir='ltr'><strong>cives</strong></span> <span class='ocrx_word' id='word_1_649' title='bbox 1602 5563 1667 5614; x_wconf 87' lang='lat' dir='ltr'><strong>ad</strong></span> <span class='ocrx_word' id='word_1_650' title='bbox 1707 5553 1882 5615; x_wconf 78' lang='lat' dir='ltr'><strong>simile</strong></span> <span class='ocrx_word' id='word_1_651' title='bbox 1908 5553 2118 5613; x_wconf 74' lang='lat' dir='ltr'><strong>facinus</strong></span> 
     </span>
    </p>
   </div>
   <div class='ocr_carea' id='block_1_95' title="bbox 537 5623 2119 5696">
    <p class='ocr_par' dir='ltr' id='par_1_95' title="bbox 537 5623 2119 5696">
     <span class='ocr_line' id='line_1_99' title="bbox 537 5623 2119 5696; baseline 0.006 -21"><span class='ocrx_word' id='word_1_652' title='bbox 537 5623 780 5690; x_wconf 86' lang='lat' dir='ltr'><strong>impellit.</strong></span> <span class='ocrx_word' id='word_1_653' title='bbox 805 5645 823 5676; x_wconf 74' lang='grc' dir='ltr'><strong>ι</strong></span> <span class='ocrx_word' id='word_1_654' title='bbox 852 5625 983 5681; x_wconf 84' lang='lat' dir='ltr'><strong>Vide</strong></span> <span class='ocrx_word' id='word_1_655' title='bbox 1010 5637 1172 5696; x_wconf 74' lang='lat' dir='ltr'><strong>caput</strong></span> <span class='ocrx_word' id='word_1_656' title='bbox 1191 5627 1225 5680; x_wconf 78' lang='grc'><strong>4</strong></span> <span class='ocrx_word' id='word_1_657' title='bbox 1257 5626 1416 5696; x_wconf 88' lang='lat' dir='ltr'><strong>hujus</strong></span> <span class='ocrx_word' id='word_1_658' title='bbox 1448 5630 1589 5694; x_wconf 89' lang='lat' dir='ltr'><strong>libri,</strong></span> <span class='ocrx_word' id='word_1_659' title='bbox 1619 5632 1707 5685; x_wconf 89' lang='lat' dir='ltr'><strong>ubi</strong></span> <span class='ocrx_word' id='word_1_660' title='bbox 1732 5633 1924 5685; x_wconf 86' lang='lat' dir='ltr'><strong>eadem</strong></span> <span class='ocrx_word' id='word_1_661' title='bbox 1952 5635 2119 5685; x_wconf 80' lang='lat' dir='ltr'><strong>verba</strong></span> 
     </span>
    </p>
   </div>
   <div class='ocr_carea' id='block_1_96' title="bbox 537 5707 871 5760">
    <p class='ocr_par' dir='ltr' id='par_1_96' title="bbox 537 5707 871 5760">
     <span class='ocr_line' id='line_1_100' title="bbox 537 5707 871 5760; baseline 0.009 -15"><span class='ocrx_word' id='word_1_662' title='bbox 537 5707 677 5760; x_wconf 80' lang='lat' dir='ltr'><strong>repet</strong></span> <span class='ocrx_word' id='word_1_663' title='bbox 688 5708 871 5748; x_wconf 82' lang='lat' dir='ltr'><strong>untur.</strong></span> 
     </span>
    </p>
   </div>
   <div class='ocr_carea' id='block_1_97' title="bbox 607 5764 2115 5840">
    <p class='ocr_par' dir='ltr' id='par_1_97' title="bbox 607 5764 2115 5840">
     <span class='ocr_line' id='line_1_101' title="bbox 607 5764 2115 5840; baseline 0.007 -24"><span class='ocrx_word' id='word_1_664' title='bbox 607 5764 719 5835; x_wconf 70' lang='lat'><strong>(12)</strong></span> <span class='ocrx_word' id='word_1_665' title='bbox 758 5765 1414 5840; x_wconf 67' lang='lat' dir='ltr'><strong>A07~tatsdetr.Logistae</strong></span> <span class='ocrx_word' id='word_1_666' title='bbox 1472 5771 1786 5827; x_wconf 71' lang='lat' dir='ltr'><strong>dicebantur</strong></span> <span class='ocrx_word' id='word_1_667' title='bbox 1835 5787 1864 5826; x_wconf 88' lang='lat' dir='ltr'><strong>a</strong></span> <span class='ocrx_word' id='word_1_668' title='bbox 1910 5770 2115 5829; x_wconf 61' lang='lat' dir='ltr'><strong>Graecis</strong></span> 
     </span>
    </p>
   </div>
   <div class='ocr_carea' id='block_1_98' title="bbox 2235 3244 3823 3314">
    <p class='ocr_par' dir='ltr' id='par_1_98' title="bbox 2235 3244 3823 3314">
     <span class='ocr_line' id='line_1_102' title="bbox 2235 3244 3823 3314; baseline 0.001 -14"><span class='ocrx_word' id='word_1_669' title='bbox 2235 3257 2515 3300; x_wconf 85' lang='lat' dir='ltr'><strong>curatores</strong></span> <span class='ocrx_word' id='word_1_670' title='bbox 2539 3246 2838 3301; x_wconf 84' lang='lat' dir='ltr'><strong>civitatum.</strong></span> <span class='ocrx_word' id='word_1_671' title='bbox 2886 3244 3035 3300; x_wconf 89' lang='lat' dir='ltr'><strong>Unde</strong></span> <span class='ocrx_word' id='word_1_672' title='bbox 3080 3245 3414 3314; x_wconf 83' lang='grc' dir='ltr'>λογιστεύειν</span> <span class='ocrx_word' id='word_1_673' title='bbox 3443 3256 3527 3301; x_wconf 84' lang='lat' dir='ltr'><strong>est</strong></span> <span class='ocrx_word' id='word_1_674' title='bbox 3552 3250 3823 3302; x_wconf 84' lang='lat' dir='ltr'><strong>curatoris</strong></span> 
     </span>
    </p>
   </div>
   <div class='ocr_carea' id='block_1_99' title="bbox 2233 3315 3824 3391">
    <p class='ocr_par' dir='ltr' id='par_1_99' title="bbox 2233 3315 3824 3391">
     <span class='ocr_line' id='line_1_103' title="bbox 2233 3315 3824 3391; baseline 0.003 -22"><span class='ocrx_word' id='word_1_675' title='bbox 2233 3316 2408 3391; x_wconf 69' lang='lat' dir='ltr'><strong>ofﬁcio</strong></span> <span class='ocrx_word' id='word_1_676' title='bbox 2440 3315 2611 3391; x_wconf 71' lang='lat' dir='ltr'><strong>fungi.</strong></span> <span class='ocrx_word' id='word_1_677' title='bbox 2647 3316 3009 3391; x_wconf 71' lang='lat' dir='ltr'><strong>Plijl_0s_tratus</strong></span> <span class='ocrx_word' id='word_1_678' title='bbox 3038 3316 3091 3391; x_wconf 85' lang='lat' dir='ltr'><strong>i_n</strong></span> <span class='ocrx_word' id='word_1_679' title='bbox 3130 3318 3314 3391; x_wconf 43' lang='lat' dir='ltr'><strong>igicete</strong></span> <span class='ocrx_word' id='word_1_680' title='bbox 3334 3318 3586 3391; x_wconf 78' lang='lat' dir='ltr'><strong>sophista</strong></span> <span class='ocrx_word' id='word_1_681' title='bbox 3616 3318 3824 3391; x_wconf 55' lang='grc' dir='ltr'><strong>τΪΔνὴρ</strong></span> 
     </span>
    </p>
   </div>
   <div class='ocr_carea' id='block_1_100' title="bbox 2234 3384 3822 3509">
    <p class='ocr_par' dir='ltr' id='par_1_100' title="bbox 2234 3384 3822 3509">
     <span class='ocr_line' id='line_1_104' title="bbox 2234 3384 3822 3509; baseline 0.001 -70"><span class='ocrx_word' id='word_1_682' title='bbox 2234 3385 2469 3469; x_wconf 71' lang='grc' dir='ltr'>ὕπατος,</span> <span class='ocrx_word' id='word_1_683' title='bbox 2507 3386 2678 3509; x_wconf 52' lang='grc' dir='ltr'>ὄνομα</span> <span class='ocrx_word' id='word_1_684' title='bbox 2727 3384 3104 3455; x_wconf 55' lang='grc' dir='ltr'>Ῥοῦφοςςτοὺς</span> <span class='ocrx_word' id='word_1_685' title='bbox 3138 3384 3477 3458; x_wconf 87' lang='grc' dir='ltr'>Σμυρναίους</span> <span class='ocrx_word' id='word_1_686' title='bbox 3517 3384 3822 3470; x_wconf 68' lang='grc' dir='ltr'>ὲλογίστιυε</span> 
     </span>
     <span class='ocr_line' id='line_1_105' title="bbox 2234 3456 3821 3509; baseline 0 0"><span class='ocrx_word' id='word_1_687' title='bbox 2234 3474 2446 3509; x_wconf 79' lang='grc' dir='ltr'>πικοως</span> <span class='ocrx_word' id='word_1_688' title='bbox 2472 3458 2566 3509; x_wconf 80' lang='grc' dir='ltr'>καὶ</span> <span class='ocrx_word' id='word_1_689' title='bbox 2625 3456 2927 3509; x_wconf 81' lang='grc' dir='ltr'>υστοόπως.</span> <span class='ocrx_word' id='word_1_690' title='bbox 2952 3466 3057 3509; x_wconf 88' lang='lat' dir='ltr'><strong>etc.</strong></span> <span class='ocrx_word' id='word_1_691' title='bbox 3088 3456 3141 3509; x_wconf 88' lang='lat' dir='ltr'><strong>Id</strong></span> <span class='ocrx_word' id='word_1_692' title='bbox 3171 3467 3253 3509; x_wconf 89' lang='lat' dir='ltr'><strong>est</strong></span> <span class='ocrx_word' id='word_1_693' title='bbox 3282 3475 3295 3509; x_wconf 92' lang='lat'><strong>:</strong></span> <span class='ocrx_word' id='word_1_694' title='bbox 3328 3476 3348 3509; x_wconf 77' lang='grc' dir='ltr'><strong>ι</strong></span> <span class='ocrx_word' id='word_1_695' title='bbox 3387 3456 3562 3509; x_wconf 80' lang='lat' dir='ltr'><strong>Rufus</strong></span> <span class='ocrx_word' id='word_1_696' title='bbox 3577 3462 3821 3509; x_wconf 74' lang='lat' dir='ltr'><strong>cuidam.</strong></span> 
     </span>
    </p>
   </div>
   <div class='ocr_carea' id='block_1_101' title="bbox 2234 3456 3821 3528">
    <p class='ocr_par' dir='ltr' id='par_1_101' title="bbox 2234 3456 3821 3528">
     <span class='ocr_line' id='line_1_106' title="bbox 2234 3456 3821 3528; baseline 0.001 -18"><span class='ocrx_word' id='word_1_697' title='bbox 2234 3457 2446 3528; x_wconf 86' lang='grc' dir='ltr'>πικρῶς</span> <span class='ocrx_word' id='word_1_698' title='bbox 2472 3458 2566 3510; x_wconf 79' lang='grc' dir='ltr'><strong>καὶ</strong></span> <span class='ocrx_word' id='word_1_699' title='bbox 2594 3456 2927 3527; x_wconf 85' lang='grc' dir='ltr'>δυστρόπως,</span> <span class='ocrx_word' id='word_1_700' title='bbox 2952 3466 3057 3510; x_wconf 89' lang='lat' dir='ltr'><strong>etc.</strong></span> <span class='ocrx_word' id='word_1_701' title='bbox 3088 3456 3146 3528; x_wconf 73' lang='lat' dir='ltr'><strong>Id</strong></span> <span class='ocrx_word' id='word_1_702' title='bbox 3171 3456 3295 3512; x_wconf 14' lang='lat' dir='ltr'><strong>esti:</strong></span> <span class='ocrx_word' id='word_1_703' title='bbox 3328 3476 3348 3509; x_wconf 78' lang='grc' dir='ltr'><strong>ι</strong></span> <span class='ocrx_word' id='word_1_704' title='bbox 3387 3456 3562 3513; x_wconf 80' lang='lat' dir='ltr'><strong>Rufus</strong></span> <span class='ocrx_word' id='word_1_705' title='bbox 3577 3456 3821 3528; x_wconf 83' lang='lat' dir='ltr'><strong>quidam,</strong></span> 
     </span>
    </p>
   </div>
   <div class='ocr_carea' id='block_1_102' title="bbox 2234 3527 3823 3598">
    <p class='ocr_par' dir='ltr' id='par_1_102' title="bbox 2234 3527 3823 3598">
     <span class='ocr_line' id='line_1_107' title="bbox 2234 3527 3823 3598; baseline 0.001 -17"><span class='ocrx_word' id='word_1_706' title='bbox 2234 3528 2318 3581; x_wconf 90' lang='lat' dir='ltr'><strong>vir</strong></span> <span class='ocrx_word' id='word_1_707' title='bbox 2342 3527 2690 3587; x_wconf 86' lang='lat' dir='ltr'><strong>consularis.</strong></span> <span class='ocrx_word' id='word_1_708' title='bbox 2723 3538 2943 3580; x_wconf 89' lang='lat' dir='ltr'><strong>curator</strong></span> <span class='ocrx_word' id='word_1_709' title='bbox 2963 3536 3080 3579; x_wconf 89' lang='lat' dir='ltr'><strong>erat</strong></span> <span class='ocrx_word' id='word_1_710' title='bbox 3115 3527 3547 3598; x_wconf 65' lang='lat' dir='ltr'><strong>Smyrnaeorum,</strong></span> <span class='ocrx_word' id='word_1_711' title='bbox 3591 3527 3641 3584; x_wconf 86' lang='lat' dir='ltr'><strong>et</strong></span> <span class='ocrx_word' id='word_1_712' title='bbox 3677 3531 3731 3583; x_wconf 89' lang='lat' dir='ltr'><strong>in</strong></span> <span class='ocrx_word' id='word_1_713' title='bbox 3757 3545 3823 3583; x_wconf 90' lang='lat' dir='ltr'><strong>eo</strong></span> 
     </span>
    </p>
   </div>
   <div class='ocr_carea' id='block_1_103' title="bbox 2234 3598 3825 3665">
    <p class='ocr_par' dir='ltr' id='par_1_103' title="bbox 2234 3598 3825 3665">
     <span class='ocr_line' id='line_1_108' title="bbox 2234 3598 3825 3665; baseline 0.002 -15"><span class='ocrx_word' id='word_1_714' title='bbox 2234 3613 2457 3652; x_wconf 89' lang='lat' dir='ltr'><strong>munere</strong></span> <span class='ocrx_word' id='word_1_715' title='bbox 2480 3598 2735 3652; x_wconf 91' lang='lat' dir='ltr'><strong>acerbum</strong></span> <span class='ocrx_word' id='word_1_716' title='bbox 2779 3610 2838 3651; x_wconf 93' lang='lat' dir='ltr'><strong>se</strong></span> <span class='ocrx_word' id='word_1_717' title='bbox 2870 3612 2935 3650; x_wconf 90' lang='lat' dir='ltr'><strong>ac</strong></span> <span class='ocrx_word' id='word_1_718' title='bbox 2987 3612 3262 3651; x_wconf 88' lang='lat' dir='ltr'><strong>morosum</strong></span> <span class='ocrx_word' id='word_1_719' title='bbox 3300 3599 3599 3665; x_wconf 71' lang='lat' dir='ltr'><strong>praebebat.</strong></span> <span class='ocrx_word' id='word_1_720' title='bbox 3624 3618 3645 3651; x_wconf 74' lang='grc' dir='ltr'><strong>ι</strong></span> <span class='ocrx_word' id='word_1_721' title='bbox 3692 3600 3825 3653; x_wconf 78' lang='lat' dir='ltr'><strong>Vide</strong></span> 
     </span>
    </p>
   </div>
   <div class='ocr_carea' id='block_1_104' title="bbox 2232 3666 3819 3737">
    <p class='ocr_par' dir='ltr' id='par_1_104' title="bbox 2232 3666 3819 3737">
     <span class='ocr_line' id='line_1_109' title="bbox 2232 3666 3819 3737; baseline 0.003 -19"><span class='ocrx_word' id='word_1_722' title='bbox 2232 3684 2353 3737; x_wconf 77' lang='lat' dir='ltr'><strong>qua:</strong></span> <span class='ocrx_word' id='word_1_723' title='bbox 2415 3667 2598 3724; x_wconf 89' lang='lat' dir='ltr'><strong>notavi</strong></span> <span class='ocrx_word' id='word_1_724' title='bbox 2672 3666 2740 3722; x_wconf 87' lang='lat' dir='ltr'><strong>ad</strong></span> <span class='ocrx_word' id='word_1_725' title='bbox 2810 3666 3012 3721; x_wconf 91' lang='lat' dir='ltr'><strong>librum</strong></span> <span class='ocrx_word' id='word_1_726' title='bbox 3072 3681 3163 3722; x_wconf 75' lang='lat' dir='ltr'><strong>xw</strong></span> <span class='ocrx_word' id='word_1_727' title='bbox 3231 3669 3411 3722; x_wconf 87' lang='lat' dir='ltr'><strong>Amm.</strong></span> <span class='ocrx_word' id='word_1_728' title='bbox 3485 3668 3819 3732; x_wconf 78' lang='lat' dir='ltr'><strong>Marcellini,</strong></span> 
     </span>
    </p>
   </div>
   <div class='ocr_carea' id='block_1_105' title="bbox 2267 3738 2475 3793">
    <p class='ocr_par' dir='ltr' id='par_1_105' title="bbox 2267 3738 2475 3793">
     <span class='ocr_line' id='line_1_110' title="bbox 2267 3738 2475 3793; baseline 0.014 -3"><span class='ocrx_word' id='word_1_729' title='bbox 2267 3754 2354 3793; x_wconf 74' lang='lat' dir='ltr'><strong>att.</strong></span> <span class='ocrx_word' id='word_1_730' title='bbox 2385 3738 2475 3793; x_wconf 81' lang='grc'><strong>56.</strong></span> 
     </span>
    </p>
   </div>
   <div class='ocr_carea' id='block_1_106' title="bbox 2232 3754 3823 3879">
    <p class='ocr_par' dir='ltr' id='par_1_106' title="bbox 2232 3754 3823 3879">
     <span class='ocr_line' id='line_1_111' title="bbox 2232 3754 3823 3879; baseline -0.001 -18"><span class='ocrx_word' id='word_1_731' title='bbox 2232 3754 2579 3879; x_wconf 36' lang='lat' dir='ltr'><strong>mihi?“</strong></span> <span class='ocrx_word' id='word_1_732' title='bbox 2601 3808 2834 3861; x_wconf 66' lang='grc' dir='ltr'>Φιλίουε</span> <span class='ocrx_word' id='word_1_733' title='bbox 2864 3804 3024 3879; x_wconf 73' lang='lat' dir='ltr'><strong>Jovis</strong></span> <span class='ocrx_word' id='word_1_734' title='bbox 3050 3806 3203 3862; x_wconf 90' lang='lat' dir='ltr'><strong>Philii</strong></span> <span class='ocrx_word' id='word_1_735' title='bbox 3232 3808 3488 3879; x_wconf 85' lang='lat' dir='ltr'><strong>templum</strong></span> <span class='ocrx_word' id='word_1_736' title='bbox 3508 3807 3823 3879; x_wconf 61' lang='lat' dir='ltr'><strong>Antiochia;</strong></span> 
     </span>
    </p>
   </div>
   <div class='ocr_carea' id='block_1_107' title="bbox 2232 3875 3819 3950">
    <p class='ocr_par' dir='ltr' id='par_1_107' title="bbox 2232 3875 3819 3950">
     <span class='ocr_line' id='line_1_112' title="bbox 2232 3875 3819 3950; baseline 0.001 -19"><span class='ocrx_word' id='word_1_737' title='bbox 2232 3875 2491 3950; x_wconf 82' lang='lat' dir='ltr'><strong>memorat</strong></span> <span class='ocrx_word' id='word_1_738' title='bbox 2552 3877 2805 3933; x_wconf 82' lang='lat' dir='ltr'><strong>Julianus</strong></span> <span class='ocrx_word' id='word_1_739' title='bbox 2861 3878 2912 3930; x_wconf 88' lang='lat' dir='ltr'><strong>iti</strong></span> <span class='ocrx_word' id='word_1_740' title='bbox 2964 3875 3329 3950; x_wconf 81' lang='lat' dir='ltr'><strong>Misopogone,</strong></span> <span class='ocrx_word' id='word_1_741' title='bbox 3349 3875 3405 3932; x_wconf 84' lang='lat' dir='ltr'><strong>et</strong></span> <span class='ocrx_word' id='word_1_742' title='bbox 3454 3877 3736 3943; x_wconf 84' lang='lat' dir='ltr'><strong>Libanius,</strong></span> <span class='ocrx_word' id='word_1_743' title='bbox 3767 3879 3819 3932; x_wconf 91' lang='lat' dir='ltr'><strong>ni</strong></span> 
     </span>
    </p>
   </div>
   <div class='ocr_carea' id='block_1_108' title="bbox 2231 3947 2859 4012">
    <p class='ocr_par' dir='ltr' id='par_1_108' title="bbox 2231 3947 2859 4012">
     <span class='ocr_line' id='line_1_113' title="bbox 2231 3947 2859 4012; baseline 0 -11"><span class='ocrx_word' id='word_1_744' title='bbox 2231 3947 2413 4012; x_wconf 82' lang='lat' dir='ltr'><strong>fallor,</strong></span> <span class='ocrx_word' id='word_1_745' title='bbox 2461 3951 2513 4001; x_wconf 86' lang='lat' dir='ltr'><strong>iii</strong></span> <span class='ocrx_word' id='word_1_746' title='bbox 2545 3950 2859 4001; x_wconf 82' lang='lat' dir='ltr'><strong>Antiochico</strong></span> 
     </span>
    </p>
   </div>
   <div class='ocr_carea' id='block_1_109' title="bbox 2300 4016 3821 4087">
    <p class='ocr_par' dir='ltr' id='par_1_109' title="bbox 2300 4016 3821 4087">
     <span class='ocr_line' id='line_1_114' title="bbox 2300 4016 3821 4087; baseline 0 -17"><span class='ocrx_word' id='word_1_747' title='bbox 2300 4017 2415 4085; x_wconf 71' lang='lat' dir='ltr'><strong>(t4)</strong></span> <span class='ocrx_word' id='word_1_748' title='bbox 2461 4019 2775 4087; x_wconf 79' lang='grc' dir='ltr'>Γοητείαις</span> <span class='ocrx_word' id='word_1_749' title='bbox 2830 4017 3036 4087; x_wconf 69' lang='grc' dir='ltr'>ἱδρύει.</span> <span class='ocrx_word' id='word_1_750' title='bbox 3095 4017 3273 4073; x_wconf 64' lang='lat' dir='ltr'><strong>Variae</strong></span> <span class='ocrx_word' id='word_1_751' title='bbox 3328 4026 3489 4073; x_wconf 91' lang='lat' dir='ltr'><strong>erant</strong></span> <span class='ocrx_word' id='word_1_752' title='bbox 3536 4016 3821 4087; x_wconf 77' lang='lat' dir='ltr'><strong>gentilium</strong></span> 
     </span>
    </p>
   </div>
   <div class='ocr_carea' id='block_1_110' title="bbox 2231 4087 3820 4156">
    <p class='ocr_par' dir='ltr' id='par_1_110' title="bbox 2231 4087 3820 4156">
     <span class='ocr_line' id='line_1_115' title="bbox 2231 4087 3820 4156; baseline 0 -16"><span class='ocrx_word' id='word_1_753' title='bbox 2231 4090 2571 4142; x_wconf 67' lang='lat' dir='ltr'><strong>caeremonia:</strong></span> <span class='ocrx_word' id='word_1_754' title='bbox 2617 4091 2667 4142; x_wconf 93' lang='lat' dir='ltr'><strong>in</strong></span> <span class='ocrx_word' id='word_1_755' title='bbox 2698 4089 2973 4156; x_wconf 80' lang='lat' dir='ltr'><strong>erigendis</strong></span> <span class='ocrx_word' id='word_1_756' title='bbox 3015 4088 3238 4141; x_wconf 87' lang='lat' dir='ltr'><strong>deorum</strong></span> <span class='ocrx_word' id='word_1_757' title='bbox 3297 4088 3630 4156; x_wconf 86' lang='lat' dir='ltr'><strong>simulacris.</strong></span> <span class='ocrx_word' id='word_1_758' title='bbox 3683 4087 3820 4142; x_wconf 89' lang='lat' dir='ltr'><strong>Aliis</strong></span> 
     </span>
    </p>
   </div>
   <div class='ocr_carea' id='block_1_111' title="bbox 2230 4154 3822 4226">
    <p class='ocr_par' dir='ltr' id='par_1_111' title="bbox 2230 4154 3822 4226">
     <span class='ocr_line' id='line_1_116' title="bbox 2230 4154 3822 4226; baseline -0.003 -13"><span class='ocrx_word' id='word_1_759' title='bbox 2230 4160 2374 4213; x_wconf 90' lang='lat' dir='ltr'><strong>enim</strong></span> <span class='ocrx_word' id='word_1_760' title='bbox 2433 4159 2627 4213; x_wconf 90' lang='lat' dir='ltr'><strong>ritibus</strong></span> <span class='ocrx_word' id='word_1_761' title='bbox 2679 4154 2890 4226; x_wconf 82' lang='lat' dir='ltr'><strong>Jupiter</strong></span> <span class='ocrx_word' id='word_1_762' title='bbox 2934 4158 3170 4217; x_wconf 86' lang='lat' dir='ltr'><strong>Ctesius,</strong></span> <span class='ocrx_word' id='word_1_763' title='bbox 3228 4159 3348 4211; x_wconf 88' lang='lat' dir='ltr'><strong>aliis</strong></span> <span class='ocrx_word' id='word_1_764' title='bbox 3392 4154 3647 4216; x_wconf 63' lang='lat' dir='ltr'><strong>Herceus,</strong></span> <span class='ocrx_word' id='word_1_765' title='bbox 3700 4157 3822 4221; x_wconf 83' lang='lat' dir='ltr'><strong>aliis</strong></span> 
     </span>
    </p>
   </div>
   <div class='ocr_carea' id='block_1_112' title="bbox 2230 4226 3818 4297">
    <p class='ocr_par' dir='ltr' id='par_1_112' title="bbox 2230 4226 3818 4297">
     <span class='ocr_line' id='line_1_117' title="bbox 2230 4226 3818 4297; baseline -0.002 -14"><span class='ocrx_word' id='word_1_766' title='bbox 2230 4228 2436 4283; x_wconf 80' lang='lat' dir='ltr'><strong>Philius</strong></span> <span class='ocrx_word' id='word_1_767' title='bbox 2463 4229 2911 4283; x_wconf 90' lang='lat' dir='ltr'><strong>consecrabatur.</strong></span> <span class='ocrx_word' id='word_1_768' title='bbox 2965 4231 3041 4281; x_wconf 83' lang='lat' dir='ltr'><strong>Ac</strong></span> <span class='ocrx_word' id='word_1_769' title='bbox 3067 4226 3277 4296; x_wconf 86' lang='lat' dir='ltr'><strong>Jupiter</strong></span> <span class='ocrx_word' id='word_1_770' title='bbox 3314 4229 3533 4297; x_wconf 87' lang='lat' dir='ltr'><strong>quidem</strong></span> <span class='ocrx_word' id='word_1_771' title='bbox 3583 4228 3818 4288; x_wconf 73' lang='lat' dir='ltr'><strong>Ctesius,</strong></span> 
     </span>
    </p>
   </div>
   <div class='ocr_carea' id='block_1_113' title="bbox 2231 4297 3822 4369">
    <p class='ocr_par' dir='ltr' id='par_1_113' title="bbox 2231 4297 3822 4369">
     <span class='ocr_line' id='line_1_118' title="bbox 2231 4297 3822 4369; baseline -0.004 -16"><span class='ocrx_word' id='word_1_772' title='bbox 2231 4300 2384 4369; x_wconf 87' lang='lat' dir='ltr'><strong>cujus</strong></span> <span class='ocrx_word' id='word_1_773' title='bbox 2413 4299 2765 4352; x_wconf 88' lang='lat' dir='ltr'><strong>simulacrum</strong></span> <span class='ocrx_word' id='word_1_774' title='bbox 2825 4299 2877 4369; x_wconf 84' lang='lat' dir='ltr'><strong>in</strong></span> <span class='ocrx_word' id='word_1_775' title='bbox 2914 4299 3066 4352; x_wconf 90' lang='lat' dir='ltr'><strong>cellis</strong></span> <span class='ocrx_word' id='word_1_776' title='bbox 3101 4299 3342 4366; x_wconf 89' lang='lat' dir='ltr'><strong>penariis</strong></span> <span class='ocrx_word' id='word_1_777' title='bbox 3387 4297 3680 4369; x_wconf 71' lang='lat' dir='ltr'><strong>habebant,</strong></span> <span class='ocrx_word' id='word_1_778' title='bbox 3722 4311 3822 4369; x_wconf 80' lang='lat' dir='ltr'><strong>ca-</strong></span> 
     </span>
    </p>
   </div>
   <div class='ocr_carea' id='block_1_114' title="bbox 2230 4365 3821 4423">
    <p class='ocr_par' dir='ltr' id='par_1_114' title="bbox 2230 4365 3821 4423">
     <span class='ocr_line' id='line_1_119' title="bbox 2230 4365 3821 4423; baseline -0.001 -2"><span class='ocrx_word' id='word_1_779' title='bbox 2230 4365 2384 4423; x_wconf 81' lang='lat' dir='ltr'><strong>disco</strong></span> <span class='ocrx_word' id='word_1_780' title='bbox 2414 4369 2792 4423; x_wconf 81' lang='lat' dir='ltr'><strong>dedicabatur.</strong></span> <span class='ocrx_word' id='word_1_781' title='bbox 2825 4368 3006 4420; x_wconf 74' lang='lat' dir='ltr'><strong>Ritum</strong></span> <span class='ocrx_word' id='word_1_782' title='bbox 3037 4365 3470 4423; x_wconf 88' lang='lat' dir='ltr'><strong>consecrationis</strong></span> <span class='ocrx_word' id='word_1_783' title='bbox 3507 4365 3673 4420; x_wconf 84' lang='lat' dir='ltr'><strong>refert</strong></span> <span class='ocrx_word' id='word_1_784' title='bbox 3706 4366 3821 4419; x_wconf 90' lang='lat' dir='ltr'><strong>Au-</strong></span> 
     </span>
    </p>
   </div>
   <div class='ocr_carea' id='block_1_115' title="bbox 2232 4435 3819 4508">
    <p class='ocr_par' dir='ltr' id='par_1_115' title="bbox 2232 4435 3819 4508">
     <span class='ocr_line' id='line_1_120' title="bbox 2232 4435 3819 4508; baseline -0.003 -18"><span class='ocrx_word' id='word_1_785' title='bbox 2232 4440 2445 4494; x_wconf 86' lang='lat' dir='ltr'><strong>ticlides</strong></span> <span class='ocrx_word' id='word_1_786' title='bbox 2494 4442 2548 4492; x_wconf 92' lang='lat' dir='ltr'><strong>in</strong></span> <span class='ocrx_word' id='word_1_787' title='bbox 2602 4435 2984 4508; x_wconf 71' lang='grc' dir='ltr'>Ὲξηγητικῷ,</span> <span class='ocrx_word' id='word_1_788' title='bbox 3018 4437 3069 4491; x_wconf 89' lang='lat' dir='ltr'><strong>id</strong></span> <span class='ocrx_word' id='word_1_789' title='bbox 3119 4447 3224 4503; x_wconf 90' lang='lat' dir='ltr'><strong>est,</strong></span> <span class='ocrx_word' id='word_1_790' title='bbox 3278 4439 3331 4491; x_wconf 91' lang='lat' dir='ltr'><strong>in</strong></span> <span class='ocrx_word' id='word_1_791' title='bbox 3365 4435 3500 4508; x_wconf 86' lang='lat' dir='ltr'><strong>libro</strong></span> <span class='ocrx_word' id='word_1_792' title='bbox 3534 4435 3610 4508; x_wconf 73' lang='lat' dir='ltr'><strong>De</strong></span> <span class='ocrx_word' id='word_1_793' title='bbox 3634 4437 3819 4508; x_wconf 71' lang='lat' dir='ltr'><strong>ritibus</strong></span> 
     </span>
    </p>
   </div>
   <div class='ocr_carea' id='block_1_116' title="bbox 2229 4505 3821 4577">
    <p class='ocr_par' dir='ltr' id='par_1_116' title="bbox 2229 4505 3821 4577">
     <span class='ocr_line' id='line_1_121' title="bbox 2229 4505 3821 4577; baseline -0.002 -16"><span class='ocrx_word' id='word_1_794' title='bbox 2229 4510 2394 4563; x_wconf 81' lang='lat' dir='ltr'><strong>sacris</strong></span> <span class='ocrx_word' id='word_1_795' title='bbox 2423 4510 2563 4574; x_wconf 85' lang='lat' dir='ltr'><strong>apud</strong></span> <span class='ocrx_word' id='word_1_796' title='bbox 2588 4505 2929 4570; x_wconf 69' lang='lat' dir='ltr'><strong>Athenaeum,</strong></span> <span class='ocrx_word' id='word_1_797' title='bbox 2959 4510 3009 4561; x_wconf 89' lang='lat' dir='ltr'><strong>in</strong></span> <span class='ocrx_word' id='word_1_798' title='bbox 3041 4508 3134 4563; x_wconf 91' lang='lat' dir='ltr'><strong>lib.</strong></span> <span class='ocrx_word' id='word_1_799' title='bbox 3166 4521 3245 4571; x_wconf 73' lang='grc' dir='ltr'><strong>ιι,</strong></span> <span class='ocrx_word' id='word_1_800' title='bbox 3278 4522 3401 4577; x_wconf 82' lang='lat' dir='ltr'><strong>cap.</strong></span> <span class='ocrx_word' id='word_1_801' title='bbox 3432 4507 3487 4561; x_wconf 83' lang='lat'><strong>6.</strong></span> <span class='ocrx_word' id='word_1_802' title='bbox 3515 4505 3821 4577; x_wconf 70' lang='lat' dir='ltr'><strong>Simulacra</strong></span> 
     </span>
    </p>
   </div>
   <div class='ocr_carea' id='block_1_117' title="bbox 2229 4575 3821 4633">
    <p class='ocr_par' dir='ltr' id='par_1_117' title="bbox 2229 4575 3821 4633">
     <span class='ocr_line' id='line_1_122' title="bbox 2229 4575 3821 4633; baseline -0.003 -1"><span class='ocrx_word' id='word_1_803' title='bbox 2229 4589 2411 4633; x_wconf 84' lang='lat' dir='ltr'><strong>autem</strong></span> <span class='ocrx_word' id='word_1_804' title='bbox 2445 4579 2597 4633; x_wconf 85' lang='lat' dir='ltr'><strong>Jovis</strong></span> <span class='ocrx_word' id='word_1_805' title='bbox 2642 4578 2830 4631; x_wconf 84' lang='lat' dir='ltr'><strong>Hercei</strong></span> <span class='ocrx_word' id='word_1_806' title='bbox 2875 4593 3000 4631; x_wconf 92' lang='lat' dir='ltr'><strong>cum</strong></span> <span class='ocrx_word' id='word_1_807' title='bbox 3026 4578 3153 4633; x_wconf 91' lang='lat' dir='ltr'><strong>ollis</strong></span> <span class='ocrx_word' id='word_1_808' title='bbox 3188 4575 3669 4633; x_wconf 81' lang='lat' dir='ltr'><strong>consecrabantur.</strong></span> <span class='ocrx_word' id='word_1_809' title='bbox 3697 4575 3821 4630; x_wconf 80' lang='lat' dir='ltr'><strong>Ari-</strong></span> 
     </span>
    </p>
   </div>
   <div class='ocr_carea' id='block_1_118' title="bbox 2228 4647 3016 4720">
    <p class='ocr_par' dir='ltr' id='par_1_118' title="bbox 2228 4647 3016 4720">
     <span class='ocr_line' id='line_1_123' title="bbox 2228 4647 3016 4720; baseline -0.008 -16"><span class='ocrx_word' id='word_1_810' title='bbox 2228 4652 2524 4720; x_wconf 85' lang='lat' dir='ltr'><strong>stophanes</strong></span> <span class='ocrx_word' id='word_1_811' title='bbox 2558 4650 2608 4720; x_wconf 83' lang='lat' dir='ltr'><strong>in</strong></span> <span class='ocrx_word' id='word_1_812' title='bbox 2646 4647 3016 4720; x_wconf 70' lang='lat' dir='ltr'><strong>Danaidilms;</strong></span> 
     </span>
    </p>
   </div>
   <div class='ocr_carea' id='block_1_119' title="bbox 2402 4712 3606 4789">
    <p class='ocr_par' dir='ltr' id='par_1_119' title="bbox 2402 4712 3606 4789">
     <span class='ocr_line' id='line_1_124' title="bbox 2402 4712 3606 4789; baseline -0.004 -18"><span class='ocrx_word' id='word_1_813' title='bbox 2402 4717 2771 4789; x_wconf 75' lang='grc' dir='ltr'>Μαρτύρομαι</span> <span class='ocrx_word' id='word_1_814' title='bbox 2809 4718 2868 4789; x_wconf 66' lang='grc' dir='ltr'>δὲ</span> <span class='ocrx_word' id='word_1_815' title='bbox 2898 4718 3066 4789; x_wconf 55' lang='grc' dir='ltr'>Ζηνὸς</span> <span class='ocrx_word' id='word_1_816' title='bbox 3104 4715 3349 4789; x_wconf 59' lang='grc' dir='ltr'>Ἑρκείου</span> <span class='ocrx_word' id='word_1_817' title='bbox 3380 4712 3606 4789; x_wconf 88' lang='grc' dir='ltr'>χύτρας,</span> 
     </span>
    </p>
   </div>
   <div class='ocr_carea' id='block_1_120' title="bbox 2403 4782 3724 4862">
    <p class='ocr_par' dir='ltr' id='par_1_120' title="bbox 2403 4782 3724 4862">
     <span class='ocr_line' id='line_1_125' title="bbox 2403 4782 3724 4862; baseline -0.005 -20"><span class='ocrx_word' id='word_1_818' title='bbox 2403 4782 2541 4843; x_wconf 78' lang='grc' dir='ltr'><strong>Μεθ’</strong></span> <span class='ocrx_word' id='word_1_819' title='bbox 2676 4782 2705 4840; x_wconf 77' lang='grc' dir='ltr'>ὃ</span> <span class='ocrx_word' id='word_1_820' title='bbox 2736 4786 2915 4858; x_wconf 81' lang='grc' dir='ltr'>βωμὸς</span> <span class='ocrx_word' id='word_1_821' title='bbox 2939 4782 3093 4862; x_wconf 78' lang='grc' dir='ltr'>οὗτος</span> <span class='ocrx_word' id='word_1_822' title='bbox 3125 4782 3524 4862; x_wconf 58' lang='lat' dir='ltr'><strong>l8?l5V011_</strong></span> <span class='ocrx_word' id='word_1_823' title='bbox 3713 4851 3724 4862; x_wconf 46' lang='grc'><strong>.</strong></span> 
     </span>
    </p>
   </div>
   <div class='ocr_carea' id='block_1_121' title="bbox 2227 4857 3822 4920">
    <p class='ocr_par' dir='ltr' id='par_1_121' title="bbox 2227 4857 3822 4920">
     <span class='ocr_line' id='line_1_126' title="bbox 2227 4857 3822 4920; baseline -0.006 -7"><span class='ocrx_word' id='word_1_824' title='bbox 2227 4858 2428 4913; x_wconf 87' lang='lat' dir='ltr'><strong>Eodem</strong></span> <span class='ocrx_word' id='word_1_825' title='bbox 2464 4862 2573 4912; x_wconf 89' lang='lat' dir='ltr'><strong>ritu</strong></span> <span class='ocrx_word' id='word_1_826' title='bbox 2610 4859 2860 4911; x_wconf 87' lang='lat' dir='ltr'><strong>Mercurii</strong></span> <span class='ocrx_word' id='word_1_827' title='bbox 2912 4867 2965 4910; x_wconf 91' lang='lat' dir='ltr'><strong>et</strong></span> <span class='ocrx_word' id='word_1_828' title='bbox 3017 4857 3249 4910; x_wconf 83' lang='lat' dir='ltr'><strong>aliorum</strong></span> <span class='ocrx_word' id='word_1_829' title='bbox 3317 4857 3608 4910; x_wconf 85' lang='lat' dir='ltr'><strong>simulacra</strong></span> <span class='ocrx_word' id='word_1_830' title='bbox 3648 4857 3822 4920; x_wconf 79' lang='lat' dir='ltr'><strong>erige-</strong></span> 
     </span>
    </p>
   </div>
   <div class='ocr_carea' id='block_1_122' title="bbox 2227 4922 3820 4999">
    <p class='ocr_par' dir='ltr' id='par_1_122' title="bbox 2227 4922 3820 4999">
     <span class='ocr_line' id='line_1_127' title="bbox 2227 4922 3820 4999; baseline -0.006 -16"><span class='ocrx_word' id='word_1_831' title='bbox 2227 4932 2353 4983; x_wconf 91' lang='lat' dir='ltr'><strong>haul</strong></span> <span class='ocrx_word' id='word_1_832' title='bbox 2383 4946 2397 4980; x_wconf 88' lang='lat'>:</span> <span class='ocrx_word' id='word_1_833' title='bbox 2426 4931 2589 4996; x_wconf 88' lang='lat' dir='ltr'><strong>idque</strong></span> <span class='ocrx_word' id='word_1_834' title='bbox 2628 4929 2880 4981; x_wconf 85' lang='lat' dir='ltr'><strong>dicebant</strong></span> <span class='ocrx_word' id='word_1_835' title='bbox 2933 4929 3159 4999; x_wconf 82' lang='grc' dir='ltr'>χύτραις</span> <span class='ocrx_word' id='word_1_836' title='bbox 3195 4925 3416 4999; x_wconf 55' lang='grc' dir='ltr'>ἱδρύειν,</span> <span class='ocrx_word' id='word_1_837' title='bbox 3472 4922 3653 4999; x_wconf 85' lang='lat' dir='ltr'><strong>lu___his</strong></span> <span class='ocrx_word' id='word_1_838' title='bbox 3695 4923 3820 4975; x_wconf 83' lang='lat' dir='ltr'><strong>ollis</strong></span> 
     </span>
    </p>
   </div>
   <div class='ocr_carea' id='block_1_123' title="bbox 2227 4994 3816 5072">
    <p class='ocr_par' dir='ltr' id='par_1_123' title="bbox 2227 4994 3816 5072">
     <span class='ocr_line' id='line_1_128' title="bbox 2227 4994 3816 5072; baseline -0.004 -23"><span class='ocrx_word' id='word_1_839' title='bbox 2227 5001 2430 5072; x_wconf 86' lang='lat' dir='ltr'><strong>pultem</strong></span> <span class='ocrx_word' id='word_1_840' title='bbox 2457 4994 2554 5051; x_wconf 75' lang='lat' dir='ltr'><strong>aut</strong></span> <span class='ocrx_word' id='word_1_841' title='bbox 2576 5000 2845 5067; x_wconf 81' lang='lat' dir='ltr'><strong>legumina</strong></span> <span class='ocrx_word' id='word_1_842' title='bbox 2864 4994 3275 5072; x_wconf 51' lang='grc' dir='ltr'>ἐοιῇυεέιιειιιιβὶι</span> <span class='ocrx_word' id='word_1_843' title='bbox 3302 4996 3499 5072; x_wconf 73' lang='lat' dir='ltr'><strong>quibus</strong></span> <span class='ocrx_word' id='word_1_844' title='bbox 3525 4994 3816 5072; x_wconf 66' lang='lat' dir='ltr'><strong>libamenta</strong></span> 
     </span>
    </p>
   </div>
   <div class='ocr_carea' id='block_1_124' title="bbox 2226 5066 3818 5129">
    <p class='ocr_par' dir='ltr' id='par_1_124' title="bbox 2226 5066 3818 5129">
     <span class='ocr_line' id='line_1_129' title="bbox 2226 5066 3818 5129; baseline -0.005 -8"><span class='ocrx_word' id='word_1_845' title='bbox 2226 5070 2330 5122; x_wconf 89' lang='lat' dir='ltr'><strong>diis</strong></span> <span class='ocrx_word' id='word_1_846' title='bbox 2379 5087 2406 5123; x_wconf 83' lang='grc' dir='ltr'><strong>ιι</strong></span> <span class='ocrx_word' id='word_1_847' title='bbox 2454 5084 2519 5124; x_wconf 84' lang='lat' dir='ltr'><strong>se</strong></span> <span class='ocrx_word' id='word_1_848' title='bbox 2572 5066 2907 5123; x_wconf 77' lang='lat' dir='ltr'><strong>consecratis</strong></span> <span class='ocrx_word' id='word_1_849' title='bbox 2958 5066 3305 5129; x_wconf 73' lang='lat' dir='ltr'><strong>oll&#39;erebant,</strong></span> <span class='ocrx_word' id='word_1_850' title='bbox 3387 5066 3438 5118; x_wconf 91' lang='lat' dir='ltr'><strong>in</strong></span> <span class='ocrx_word' id='word_1_851' title='bbox 3500 5066 3818 5116; x_wconf 84' lang='lat' dir='ltr'><strong>memoriam</strong></span> 
     </span>
    </p>
   </div>
   <div class='ocr_carea' id='block_1_125' title="bbox 2225 5130 3820 5211">
    <p class='ocr_par' dir='ltr' id='par_1_125' title="bbox 2225 5130 3820 5211">
     <span class='ocr_line' id='line_1_130' title="bbox 2225 5130 3820 5211; baseline -0.006 -19"><span class='ocrx_word' id='word_1_852' title='bbox 2225 5140 2393 5208; x_wconf 89' lang='lat' dir='ltr'><strong>prisci</strong></span> <span class='ocrx_word' id='word_1_853' title='bbox 2460 5141 2651 5207; x_wconf 46' lang='lat' dir='ltr'><strong>victus,</strong></span> <span class='ocrx_word' id='word_1_854' title='bbox 2687 5147 2779 5211; x_wconf 24' lang='lat' dir='ltr'><strong>Aet</strong></span> <span class='ocrx_word' id='word_1_855' title='bbox 2840 5138 3103 5211; x_wconf 65' lang='lat' dir='ltr'><strong>antiquae</strong></span> <span class='ocrx_word' id='word_1_856' title='bbox 3146 5135 3496 5211; x_wconf 82' lang='lat' dir='ltr'><strong>frugalitatis.</strong></span> <span class='ocrx_word' id='word_1_857' title='bbox 3566 5130 3820 5211; x_wconf 34' lang='lat' dir='ltr'><strong>Quodnsi</strong></span> 
     </span>
    </p>
   </div>
   <div class='ocr_carea' id='block_1_126' title="bbox 2226 5204 3819 5275">
    <p class='ocr_par' dir='ltr' id='par_1_126' title="bbox 2226 5204 3819 5275">
     <span class='ocr_line' id='line_1_131' title="bbox 2226 5204 3819 5275; baseline -0.005 -14"><span class='ocrx_word' id='word_1_858' title='bbox 2226 5204 2424 5262; x_wconf 80' lang='lat' dir='ltr'><strong>numen</strong></span> <span class='ocrx_word' id='word_1_859' title='bbox 2463 5204 2651 5262; x_wconf 46' lang='lat' dir='ltr'><strong>situm&quot;</strong></span> <span class='ocrx_word' id='word_1_860' title='bbox 2686 5204 2989 5275; x_wconf 74' lang='lat' dir='ltr'><strong>impensius</strong></span> <span class='ocrx_word' id='word_1_861' title='bbox 3024 5206 3204 5260; x_wconf 88' lang='lat' dir='ltr'><strong>colere</strong></span> <span class='ocrx_word' id='word_1_862' title='bbox 3242 5204 3462 5275; x_wconf 79' lang='lat' dir='ltr'><strong>vellent,</strong></span> <span class='ocrx_word' id='word_1_863' title='bbox 3526 5212 3647 5275; x_wconf 11' lang='lat' dir='ltr'><strong>tum,</strong></span> <span class='ocrx_word' id='word_1_864' title='bbox 3678 5204 3819 5275; x_wconf 58' lang='lat' dir='ltr'><strong>caiisa</strong></span> 
     </span>
    </p>
   </div>
   <div class='ocr_carea' id='block_1_127' title="bbox 2226 5272 3821 5345">
    <p class='ocr_par' dir='ltr' id='par_1_127' title="bbox 2226 5272 3821 5345">
     <span class='ocr_line' id='line_1_132' title="bbox 2226 5272 3821 5345; baseline -0.004 -17"><span class='ocrx_word' id='word_1_865' title='bbox 2226 5281 2444 5332; x_wconf 73' lang='lat' dir='ltr'><strong>victima</strong></span> <span class='ocrx_word' id='word_1_866' title='bbox 2478 5280 2627 5333; x_wconf 87' lang='lat' dir='ltr'><strong>illius</strong></span> <span class='ocrx_word' id='word_1_867' title='bbox 2678 5272 3025 5332; x_wconf 75' lang='lat' dir='ltr'><strong>siuiulacrum</strong></span> <span class='ocrx_word' id='word_1_868' title='bbox 3053 5277 3362 5345; x_wconf 85' lang='lat' dir='ltr'><strong>erigebant.</strong></span> <span class='ocrx_word' id='word_1_869' title='bbox 3412 5272 3566 5345; x_wconf 81' lang='lat' dir='ltr'><strong>Quod</strong></span> <span class='ocrx_word' id='word_1_870' title='bbox 3599 5273 3821 5345; x_wconf 80' lang='lat' dir='ltr'><strong>diceba-</strong></span> 
     </span>
    </p>
   </div>
   <div class='ocr_carea' id='block_1_128' title="bbox 2228 5340 3817 5422">
    <p class='ocr_par' dir='ltr' id='par_1_128' title="bbox 2228 5340 3817 5422">
     <span class='ocr_line' id='line_1_133' title="bbox 2228 5340 3817 5422; baseline -0.006 -22"><span class='ocrx_word' id='word_1_871' title='bbox 2228 5360 2313 5422; x_wconf 89' lang='lat' dir='ltr'><strong>tur</strong></span> <span class='ocrx_word' id='word_1_872' title='bbox 2347 5348 2550 5420; x_wconf 71' lang='grc' dir='ltr'>ίδρύειν</span> <span class='ocrx_word' id='word_1_873' title='bbox 2581 5349 2786 5420; x_wconf 72' lang='grc' dir='ltr'>ἱερείῳ,</span> <span class='ocrx_word' id='word_1_874' title='bbox 2820 5358 2879 5401; x_wconf 85' lang='grc' dir='ltr'><strong>ιιι</strong></span> <span class='ocrx_word' id='word_1_875' title='bbox 2910 5350 3085 5422; x_wconf 56' lang='lat' dir='ltr'><strong>docet</strong></span> <span class='ocrx_word' id='word_1_876' title='bbox 3097 5340 3492 5422; x_wconf 62' lang='lat' dir='ltr'><strong>Aristophanes</strong></span> <span class='ocrx_word' id='word_1_877' title='bbox 3538 5342 3617 5422; x_wconf 37' lang='grc' dir='ltr'>ιιι.</span> <span class='ocrx_word' id='word_1_878' title='bbox 3640 5340 3817 5404; x_wconf 82' lang='lat' dir='ltr'><strong>lrette,</strong></span> 
     </span>
    </p>
   </div>
   <div class='ocr_carea' id='block_1_129' title="bbox 2223 5413 3821 5488">
    <p class='ocr_par' dir='ltr' id='par_1_129' title="bbox 2223 5413 3821 5488">
     <span class='ocr_line' id='line_1_134' title="bbox 2223 5413 3821 5488; baseline -0.006 -17"><span class='ocrx_word' id='word_1_879' title='bbox 2223 5413 2450 5488; x_wconf 76' lang='lat' dir='ltr'><strong>ejusque</strong></span> <span class='ocrx_word' id='word_1_880' title='bbox 2491 5413 2832 5483; x_wconf 72' lang='grc' dir='ltr'>ευΙιοΙίιιείθε,</span> <span class='ocrx_word' id='word_1_881' title='bbox 2862 5435 2988 5487; x_wconf 80' lang='lat' dir='ltr'><strong>pag.</strong></span> <span class='ocrx_word' id='word_1_882' title='bbox 3024 5413 3333 5488; x_wconf 80' lang='lat' dir='ltr'><strong>695..Adde</strong></span> <span class='ocrx_word' id='word_1_883' title='bbox 3357 5413 3576 5488; x_wconf 84' lang='lat' dir='ltr'><strong>Suidam</strong></span> <span class='ocrx_word' id='word_1_884' title='bbox 3608 5413 3657 5464; x_wconf 89' lang='lat' dir='ltr'><strong>iti</strong></span> <span class='ocrx_word' id='word_1_885' title='bbox 3687 5424 3821 5488; x_wconf 74' lang='lat' dir='ltr'><strong>vace</strong></span> 
     </span>
    </p>
   </div>
   <div class='ocr_carea' id='block_1_130' title="bbox 2224 5483 3822 5545">
    <p class='ocr_par' dir='ltr' id='par_1_130' title="bbox 2224 5483 3822 5545">
     <span class='ocr_line' id='line_1_135' title="bbox 2224 5483 3822 5545; baseline -0.009 -1"><span class='ocrx_word' id='word_1_886' title='bbox 2224 5483 2441 5544; x_wconf 69' lang='grc' dir='ltr'>κανοῦν.</span> <span class='ocrx_word' id='word_1_887' title='bbox 2474 5489 2686 5545; x_wconf 66' lang='lat' dir='ltr'><strong>Praeter</strong></span> <span class='ocrx_word' id='word_1_888' title='bbox 2713 5491 2808 5543; x_wconf 83' lang='lat' dir='ltr'><strong>has</strong></span> <span class='ocrx_word' id='word_1_889' title='bbox 2837 5483 3191 5542; x_wconf 61' lang='lat' dir='ltr'><strong>cleremouias</strong></span> <span class='ocrx_word' id='word_1_890' title='bbox 3226 5486 3513 5538; x_wconf 84' lang='lat' dir='ltr'><strong>utebantur</strong></span> <span class='ocrx_word' id='word_1_891' title='bbox 3547 5483 3822 5535; x_wconf 85' lang='lat' dir='ltr'><strong>interdum</strong></span> 
     </span>
    </p>
   </div>
   <div class='ocr_carea' id='block_1_131' title="bbox 2223 5548 3821 5632">
    <p class='ocr_par' dir='ltr' id='par_1_131' title="bbox 2223 5548 3821 5632">
     <span class='ocr_line' id='line_1_136' title="bbox 2223 5548 3821 5632; baseline -0.006 -21"><span class='ocrx_word' id='word_1_892' title='bbox 2223 5562 2476 5632; x_wconf 64' lang='lat' dir='ltr'><strong>magicis</strong></span> <span class='ocrx_word' id='word_1_893' title='bbox 2508 5560 3052 5632; x_wconf 70' lang='lat' dir='ltr'><strong>consecrationibus,</strong></span> <span class='ocrx_word' id='word_1_894' title='bbox 3112 5556 3566 5632; x_wconf 70' lang='lat' dir='ltr'><strong>quemadmodum</strong></span> <span class='ocrx_word' id='word_1_895' title='bbox 3578 5625 3588 5632; x_wconf 80' lang='lat'><strong>_</strong></span> <span class='ocrx_word' id='word_1_896' title='bbox 3615 5548 3821 5632; x_wconf 52' lang='lat' dir='ltr'><strong>&quot;Titillo-</strong></span> 
     </span>
    </p>
   </div>
   <div class='ocr_carea' id='block_1_132' title="bbox 2224 5622 3822 5687">
    <p class='ocr_par' dir='ltr' id='par_1_132' title="bbox 2224 5622 3822 5687">
     <span class='ocr_line' id='line_1_137' title="bbox 2224 5622 3822 5687; baseline -0.005 -4"><span class='ocrx_word' id='word_1_897' title='bbox 2224 5622 2412 5683; x_wconf 71' lang='lat' dir='ltr'><strong>tecniis</strong></span> <span class='ocrx_word' id='word_1_898' title='bbox 2453 5629 2644 5687; x_wconf 78' lang='lat' dir='ltr'><strong>fecisse</strong></span> <span class='ocrx_word' id='word_1_899' title='bbox 2670 5630 2870 5685; x_wconf 85' lang='lat' dir='ltr'><strong>dicitur</strong></span> <span class='ocrx_word' id='word_1_900' title='bbox 2916 5629 2971 5683; x_wconf 90' lang='lat' dir='ltr'><strong>in</strong></span> <span class='ocrx_word' id='word_1_901' title='bbox 3009 5622 3303 5683; x_wconf 79' lang='lat' dir='ltr'><strong>simulacro</strong></span> <span class='ocrx_word' id='word_1_902' title='bbox 3340 5623 3492 5681; x_wconf 88' lang='lat' dir='ltr'><strong>Jovis</strong></span> <span class='ocrx_word' id='word_1_903' title='bbox 3530 5622 3687 5677; x_wconf 88' lang='lat' dir='ltr'><strong>Philii</strong></span> <span class='ocrx_word' id='word_1_904' title='bbox 3725 5624 3822 5675; x_wconf 75' lang='lat' dir='ltr'><strong>de-</strong></span> 
     </span>
    </p>
   </div>
   <div class='ocr_carea' id='block_1_133' title="bbox 2220 5703 2478 5759">
    <p class='ocr_par' dir='ltr' id='par_1_133' title="bbox 2220 5703 2478 5759">
     <span class='ocr_line' id='line_1_138' title="bbox 2220 5703 2478 5759; baseline -0.004 0"><span class='ocrx_word' id='word_1_905' title='bbox 2220 5703 2449 5759; x_wconf 74' lang='lat' dir='ltr'><strong>dicanda</strong></span> <span class='ocrx_word' id='word_1_906' title='bbox 2464 5743 2478 5757; x_wconf 98' lang='lat'><strong>.</strong></span> 
     </span>
    </p>
   </div>
  </div>
