4220 6396
386 344 490 398 sua

1380 330 1733 388 HlSTORhE
1775 327 2334 385 ECCLESIASTICZE
2374 327 2504 383 LIB.
2548 327 2639 382 1X.

3553 323 3658 378 806

392 463 522 524 λεῖν,
574 459 948 512 ἐπεδείκνυτοο
990 456 1083 509 καὶ
1119 454 1182 524 δὴ
1231 448 1385 518 οὗτος
1433 453 1696 524 κολακείᾳ
1746 454 1813 523 τῇ
1847 449 1969 504 καθ’

2079 465 2196 503 sum
2224 464 2395 519 usque
2420 449 2809 518 imperatorem
2844 446 3242 516 praestigiarum
3279 461 3502 502 suarum
3530 461 3658 515 spe-

386 554 575 625 ἡδονὴν
609 551 701 604 τοῦ
731 547 1057 620 κρατοῦντος
1077 588 1091 609 ,
1130 547 1407 617 ἐπεγείρει
1455 545 1597 598 κατὰ
1628 540 1971 615 Χριστιανῶν

385 648 474 701 τὸν
506 645 755 715 δαίμονα,
792 640 1001 695 καὶτὸν
1035 639 1157 692 θεὸν
1185 638 1250 709 δὴ
1280 636 1535 691 κελεῦσαί
1577 652 1763 705 φησιν,
1799 636 1971 706 ὑπερ-

385 737 566 809 ορίους
603 734 704 803 τῆς
735 731 943 792 πόλεως
989 728 1082 780 καὶ
1113 726 1222 780 τῶν
1251 725 1393 796 ἀμφὶ
1423 723 1522 794 τὴν
1567 721 1721 775 πόλιν
1757 720 1968 792 ἀγρῶν,

386 826 462 890 ὡς
487 824 553 880 ἂν
580 821 805 893 ἐχθροὺς
831 818 978 890 αὐτῷ
1008 816 1364 887 Χριστιανοὺς
1393 812 1684 868 ἀπελάσαι.

917 995 1316 1053 ΚΕΦΑΛᾹῙΟΝ
1364 997 1437 1050 Δ’.

628 1093 768 1163 Περὶ
799 1091 931 1163 τῶν
948 1092 1075 1145 καθ’
1109 1087 1277 1163 ἡμῶν
1308 1084 1713 1163 ψηξισμὰτων

870 1162 1006 1232 (Nic.
1036 1164 1107 1215 H.
1140 1161 1207 1211 Ε.
1237 1174 1352 1218 viti,
1388 1158 1503 1227 ‘25).

461 1258 647 1328 Τούτῳ
678 1257 735 1311 δὲ
768 1254 968 1327 πρώτῳ
1002 1251 1146 1307 κατὰ
1177 1249 1401 1321 γνώμην
1434 1247 1721 1320 πράξαντι.
1769 1246 1967 1310 πάντες

390 1357 439 1407 οἱ
460 1353 636 1405 λοιποὶ
668 1348 775 1403 τῶν
804 1350 861 1399 ἐν
892 1346 1034 1425 τέλει
1065 1342 1163 1406 τὰς
1191 1342 1294 1395 ὑπὸ
1326 1341 1425 1412 τὴν
1456 1341 1625 1410 αὐτὴν
1654 1338 1827 1411 ἀρχὴν
1874 1338 1970 1391 πό-

391 1445 501 1509 λεις
538 1442 831 1505 οἰκοῦντες,
864 1439 963 1510 τὴν
995 1436 1186 1508 ὁμοίαν
1214 1432 1484 1505 ὡρμῶντο
1510 1432 1692 1502 ψῆφον
1736 1427 1970 1501 ποιήσα-

393 1537 538 1599 σθαι,
568 1531 860 1605 προσφιλὲς
890 1530 935 1582 δ’
963 1525 1103 1583 εἶναι
1135 1520 1245 1598 (15)
1275 1524 1434 1577 τοῦτο
1469 1523 1679 1595 βασιλεῖ
1707 1522 1814 1576 τῶν
1848 1523 1968 1575 κατ’

392 1624 656 1696 ἐπαρχίαν
689 1618 972 1692 ἡγεμόνων
1016 1615 1475 1687 συνεωρακότων,
1522 1612 1618 1665 καὶ
1654 1611 1798 1665 τοῦτ’
1839 1610 1971 1665 αὐτὸ

392 1694 788 1787 διαπράξασθαι
828 1713 941 1774 τοῖς
974 1708 1233 1779 ὑπηκόοις
1265 1703 1732 1776 ὑποϐεϐληκὸτων.
1778 1694 1876 1755 Ὦν
1904 1702 1969 1773 δὴ

392 1807 485 1860 καὶ
535 1804 714 1860 αὐτῶν
754 1805 868 1866 τοῖς
911 1801 1227 1871 ψηφίσμασι
1281 1798 1349 1851 δι’
1404 1794 1747 1865 ἀντιγραφῆς
1801 1795 1972 1864 ἁσμε-

2077 540 2254 594 cimeu
2307 539 2544 603 detulit,
2602 537 2857 606 fmdaque
2889 537 3197 591 adulatione
3248 537 3506 607 principis
3531 553 3657 607 gra-

2080 632 2211 684 tiam
2244 641 2470 699 captans
2494 671 2510 697 ,
2546 630 2848 685 daemonem
2879 633 3143 684 adversus
3175 628 3519 683 Christianos
3550 629 3655 683 sti-

2076 725 2279 791 tltttlal,
2323 725 2533 794 lingens
2593 724 2754 778 deum
2797 723 2992 793 jubere
3024 729 3083 775 ul
3116 721 3432 786 Christiani,
3457 721 3653 791 quippe

2075 821 2165 888 qui
2196 819 2381 872 hostes
2421 818 2504 871 sui
2533 826 2744 883 essent,
2783 817 2918 872 urbe
2961 816 3220 885 omnique
3247 814 3522 871 territorio
3548 814 3645 885 pe!

2079 910 2336 966 lereutttr.

2579 998 2743 1069 350
2788 997 3016 1054 CAPUT
3059 996 3144 1051 tv.

2219 1093 2295 1145 De
2321 1089 2542 1145 decretis
2576 1091 2848 1143 civitatum
2878 1091 3128 1144 adversus
3153 1086 3510 1143 Christianos.

2148 1247 2273 1303 Haec
2300 1264 2419 1303 cum
2452 1250 2528 1302 illi
2558 1265 2623 1304 ex
2666 1250 2935 1305 sententia
2987 1249 3425 1312 successissent,
3461 1246 3651 1317 reliqui

2076 1342 2331 1409 deinceps
2358 1343 2711 1412 magistratus
2754 1342 2845 1411 qui
2879 1342 3131 1397 civitates
3159 1340 3438 1395 Maximini
3477 1342 3652 1408 impe-

2076 1434 2158 1487 rio
2206 1434 2484 1503 subjectus
2531 1433 2879 1497 incolebant,
2930 1434 3068 1487 idem
3113 1447 3329 1502 quoque
3359 1431 3652 1486 decernere

2077 1526 2467 1593 instituerunt;
2518 1526 2651 1597 ipsis
2683 1528 2847 1581 etiam
2880 1526 3291 1594 provinciarum
3334 1522 3653 1593 praesidibus

2075 1616 2166 1686 qui
2206 1617 2254 1670 id
2283 1626 2501 1685 gratum
2535 1633 2654 1672 esse
2683 1619 2996 1687 imperatori
3032 1623 3447 1687 perspexerant,
3473 1613 3661 1668 subdi-

2077 1718 2159 1763 tos
2186 1724 2374 1764 omnes
2404 1719 2462 1764 ut
2507 1711 2646 1765 idem
2682 1711 2928 1766 facerent
2980 1709 3453 1765 submonentibus.
3510 1706 3654 1773 Quo-

2078 1817 2194 1853 rum
2224 1802 2458 1856 decretis
2480 1819 2602 1857 cum
2642 1812 2903 1876 tyrannus
2939 1803 3066 1857 dato
3097 1802 3365 1870 rescripto
3408 1800 3655 1855 libentis-

394 1900 621 1951 νέστατα
648 1894 1032 1956 ἐπινεύσαντος
1064 1891 1158 1945 τοῦ
1188 1891 1475 1962 τυράννου,
1515 1885 1673 1950 αὖθις
1699 1887 1759 1951 ἐξ
1796 1888 1973 1957 ὑπαρ-

2076 1893 2208 1946 sime
2236 1893 2524 1949 annuisset
2548 1934 2564 1959 ,
2608 1910 2796 1949 rursus
2843 1897 3108 1949 adversus
3145 1905 3363 1949 nostros
3394 1892 3657 1949 recrude-

391 1990 489 2059 χῆς
518 1989 544 2039 ὁ
585 1986 705 2040 καθ’
745 1984 899 2056 ήμῶν
938 1982 1265 2053 ἀνεφλέγετο
1296 1972 1555 2050 διωγμός.
1615 1978 1801 2047 Ἰερεῖς
1832 1976 1965 2047 δῆτα

391 2079 529 2134 κατά
569 2079 723 2131 πόλιν
759 2076 867 2129 τῶν
912 2075 1136 2142 ξοάνων,
1173 2074 1269 2126 καὶ
1313 2073 1408 2125 ἐπὶ
1439 2071 1650 2133 τούτοις
1692 2071 1968 2141 ἀρχιερεῖς

391 2173 526 2245 πρὸς
567 2171 731 2225 αὐτοῦ
760 2168 1069 2238 Μαξιμίνου
1112 2166 1253 2237 (i6),
1298 2167 1347 2218 οἱ
1391 2165 1623 2236 μάλιστα
1661 2167 1781 2228 ταῖς
1813 2164 1965 2217 πολι-

394 2266 561 2327 τείαις
578 2261 974 2334 διαπρέψαντες
1000 2259 1092 2313 καὶ
1120 2258 1207 2311 διὰ
1235 2256 1423 2310 πασῶν
1455 2255 1653 2320 ἔνδοξοι
1690 2256 1972 2327 γενόμενοι

394 2355 746 2409 καθίσταντο’
777 2346 858 2415 οἷς
888 2352 983 2404 καὶ
1008 2349 1177 2419 πολλή
1209 2366 1294 2411 τις
1324 2348 1575 2417 εἰσήγετο
1605 2347 1808 2418 σπουδὴ
1843 2348 1971 2419 περὶ

396 2444 489 2516 τὴν
516 2443 623 2496 τῶν
656 2440 1108 2514 θεραπευομένων
1150 2438 1287 2509 πρὸς
1326 2437 1506 2491 αὐτῶν
1545 2436 1861 2509 θρησκείαν.
1906 2438 1969 2491 Ἡ

402 2536 524 2605 γοῦν
545 2536 774 2599 ἔκτοπος
804 2535 915 2605 (17)
938 2532 1030 2587 τοῦ
1058 2531 1384 2604 κρατοῦντος
1404 2529 1811 2601 δεισιδαιμονία,
1849 2547 1970 2582 cov-

395 2627 565 2680 ελόντι
609 2626 794 2696 φάναι,
842 2624 1053 2685 πάντας
1102 2622 1228 2683 τοὺς
1274 2619 1366 2671 ὑπ’
1410 2619 1574 2672 αὐτὸν
1616 2618 1883 2690 ἄρχοντάς
1909 2635 1969 2670 τε

395 2716 489 2769 καὶ
527 2714 859 2786 ἀρχομένους
884 2715 964 2775 είς
990 2711 1086 2783 τὴν
1125 2710 1287 2764 αὑτοῦ
1317 2710 1474 2779 χάριν
1504 2709 1681 2763 πάντα
1713 2709 1968 2780 πράττειν

395 2806 514 2861 καθ’
544 2806 703 2877 ἡμῶν
735 2807 859 2876 ὲνῆγ
872 2823 920 2867 ε,
947 2805 1148 2872 ταύτην
1181 2800 1329 2872 αὑτῷ
1362 2802 1520 2873 χάριν
1563 2801 1825 2873 μεγίστην
1854 2802 1970 2856 ἀνθ’

394 2893 467 2951 ὧν
496 2897 743 2968 ἐνόμιζον
778 2900 913 2969 πρὸς
947 2896 1111 2950 αὐτοῦ
1153 2894 1436 2961 τεύξεσθαι
1461 2893 1790 2965 εὐεργεσιῶν
1827 2895 1974 2947 ἀντι-

394 2988 765 3061 δωρουμένων,
808 2988 869 3041 τὸ
920 2987 1042 3042 καθ’
1086 2986 1245 3058 ἡμῶν
1296 2989 1494 3057 φονᾷν,
1541 2985 1634 3038 καί
1697 3002 1853 3049 τινας
1899 2986 1981 3049 εἰς

394 3082 541 3151 ἡμᾶς
566 3080 887 3152 καινοτέρας
910 3078 1241 3151 κακοηθείας
1265 3077 1659 3132 ἐνδείκνυσθαι.

2074 1989 2231 2035 s‘cere
2264 1984 2431 2052 coepit
2484 1986 2889 2053 persecutionis
2944 1985 3119 2041 furor.
3164 1983 3442 2040 Flamines
3475 1984 3659 2053 itaque

2074 2073 2490 2127 simulacrorum
2530 2074 2583 2128 in
2618 2076 2847 2145 singulis
2876 2078 3104 2132 urbibus
3131 2119 3145 2143 ,
3176 2095 3238 2134 ac
3267 2078 3532 2149 praeterea
3566 2102 3657 2141 sa-

2075 2168 2329 2221 cerdotes
2358 2167 2427 2222 ab
2459 2166 2576 2236 ipso
2606 2168 2903 2222 Maximino
2930 2172 3216 2225 coitstituti
3252 2185 3379 2228 sunt
3401 2216 3414 2236 ,
3465 2178 3499 2231 ii
3547 2195 3658 2233 ma-

2076 2258 2221 2311 xime
2263 2259 2354 2327 qui
2410 2261 2461 2314 in
2499 2260 2730 2330 publicis
2783 2260 3149 2318 {unctionibus
3194 2266 3461 2322 obeundis
3506 2284 3656 2323 sum-

2078 2364 2222 2402 mam
2253 2350 2478 2419 gloriam
2526 2354 2670 2407 inter
2715 2358 2866 2408 cives
2894 2369 3024 2408 suos
3053 2371 3097 2408 l't
3116 2357 3388 2411 tulissent.
3419 2357 3480 2412 lli
3529 2374 3661 2429 ergo

2078 2440 2131 2493 in
2167 2440 2470 2497 incolendis
2502 2446 2818 2501 numinibus
2841 2446 2956 2501 suis
2990 2446 3219 2500 multum
3260 2450 3425 2502 studii
3469 2465 3534 2504 ac
3567 2452 3657 2503 di-

2077 2530 2315 2600 ligentiae
2336 2534 2721 2590 adhibuerunt.
2752 2537 2994 2607 Denique
3024 2538 3241 2593 insolita
3271 2547 3327 2594 et
3349 2540 3661 2611 prodigiosa

2076 2623 2342 2694 principis
2388 2628 2714 2697 superstitio
2739 2670 2754 2695 ,
2803 2638 3059 2694 cunctos,
3102 2638 3161 2684 ut
3195 2631 3432 2685 breviter
3462 2635 3661 2698 dicam,

2078 2715 2246 2783 ipsius
2302 2718 2659 2774 dominationi
2714 2722 2993 2790 subjectos
3044 2731 3151 2775 tam
3206 2723 3449 2789 privatos
3498 2740 3662 2794 quam

2080 2809 2430 2878 magistratus
2474 2825 2540 2865 eo
2586 2811 2861 2881 perpulit,
2907 2824 2969 2869 ut
3012 2815 3065 2869 in
3112 2814 3228 2885 ejus
3263 2817 3493 2884 gratiam
3532 2817 3665 2870 nihi:

2081 2913 2187 2952 non
2233 2911 2459 2968 agerent
2507 2903 2770 2956 adversus
2820 2914 3037 2959 nostros
3072 2922 3086 2957 :
3128 2914 3182 2960 et
3233 2920 3332 2974 pro
3380 2906 3665 2960 beneﬂciis

2078 3004 2198 3058 quae
2242 3005 2301 3046 se
2326 2992 2397 3048 ab
2430 2992 2521 3047 illo
2560 3003 2958 3050 consecuturos
2983 3011 3104 3051 esse
3151 2997 3489 3066 sperabant,
3524 2998 3663 3051 nihil

2080 3082 2289 3150 gratius
2319 3083 2624 3151 rependere
2657 3099 2716 3139 se
2741 3099 2902 3154 posse
2941 3087 3196 3142 crederet
3224 3125 3240 3152 ,
3270 3103 3437 3157 quam
3483 3089 3664 3142 si'cre-

393 3184 489 3237 des
525 3187 829 3233 nostrorum
857 3186 1157 3247 patrareut,
1181 3185 1235 3229 et
1255 3190 1399 3229 nova
1433 3174 1679 3244 quaedam
1707 3172 1971 3227 adversus
1999 3185 2214 3231 nostros
2254 3175 2503 3232 fraudum
2529 3188 2693 3248 atque
2715 3180 3036 3234 insidiarum
3073 3196 3273 3250 genera
3294 3190 3663 3240 ostentarent.

921 3294 1318 3348 ΚΕΦΑΛΔΙΟΝ
1360 3291 1435 3348 E'.

570 3389 711 3456 Περὶ
744 3387 862 3442 τῶν
893 3385 1285 3440 ἐπιπλάστων
1320 3386 1767 3456 ὑπομνημάτων

853 3456 995 3527 (Nic.
1026 3459 1099 3509 Η.
1121 3457 1188 3508 Ε.
1230 3471 1325 3519 vn,
1350 3456 1479 3526 28).

467 3550 812 3621 [ἱλασάμενοι
845 3549 981 3618 δῆτα
1014 3546 1247 3601 Πιλάτου
1285 3547 1380 3600 καὶ
1417 3547 1511 3601 τοῦ
1543 3528 1793 3620 Σωτῆρος
1819 3550 1977 3622 ἡμῶν

396 3642 764 3712 ὑπομνήματα
791 3639 923 3709 (l8),
966 3638 1148 3709 πάσης
1188 3637 1399 3709 ἔμπλεα
1429 3640 1572 3693 κατά
1611 3640 1707 3694 τοῦ
1738 3643 1975 3714 Χριστοῦ

398 3734 765 3806 βλασφημίας,
810 3731 1004 3804 γνώμῃ
1052 3730 1148 3785 τοῦ
1203 3731 1449 3803 μείζονος
1494 3733 1605 3806 (19)
1654 3736 1748 3788 ἐπὶ
1796 3739 1976 3791 πᾶσαν

480 3878 591 3949 (15)
648 3874 1003 3949 ,Προσὲιλὲς
1067 3873 1121 3927 δ’
1173 3870 1348 3929 εἶναι.

394 3943 689 4023 προσφιλές
709 3943 784 4015 *γε
815 3943 973 4023 εἶναι.

466 4013 578 4092 (ιθ)
607 4013 922 4092 Ἀρχ¹ερξῖς
949 4013 1305 4092 ξζρὸςᾲαῠτοῦ
1325 4015 1680 4092 Μαξιμίνον.
1717 4017 1985 4092 Sacerdos

394 4086 1027 4160 provinciaecontagiis
1083 4086 1437 4160 decurionum
1490 4087 1802 4160 creabatur,
1836 4089 1983 4158 iique

398 4155 737 4229 potissimum
765 4159 831 4212 ad
862 4157 1121 4229 honorem
1149 4155 1438 4229 sacerdotii
1499 4155 1977 4229 promovebantur,

397 4224 487 4301 qui
538 4229 792 4301 omnibus
822 4227 1020 4301 _curi_:e
1075 4224 1389 4301 tuti_iteribt_ts
1441 4227 1657 4301 egregie
1708 4225 1978 4301 periuucti

396 4295 602 4362 essent,
631 4307 690 4350 ut
733 4297 929 4368 legitur
959 4296 1010 4349 iu
1053 4296 1240 4350 codice
1289 4295 1330 4348 Τ
1336 4295 1688 4368 heodosiano,
1710 4295 1874 4353 titulo
1914 4300 1983 4352 de

398 4366 805 4425 decurionibus.
829 4367 880 4419 ld
914 4376 1126 4435 ergout
1163 4381 1360 4419 novum
1401 4375 1453 4419 et
1489 4366 1800 4435 inusitatum
1832 4378 1984 4422 notat

401 4440 681 4501 Eusebius,
711 4438 852 4504 quod
891 4435 1214 4490 Maximinus
1262 4435 1378 4505 ipse
1422 4434 1734 4491 sacerdotes
1762 4438 1982 4507 provin-

399 4512 496 4563 cia:
522 4506 912 4573 designaverit.

472 4575 583 4649 (Π)
621 4578 927 4649 'Eagtoagq.
952 4572 1135 4649 νοις..
1158 4573 1481 4649 dammae.
1505 4575 1726 4649 Rectius
1775 4578 1826 4631 in
1849 4577 1973 4632 cod.

404 4644 543 4701 Med.
566 4644 642 4699 'et
674 4646 805 4699 Maz.
836 4644 1064 4717 ξκτοπος
1105 4646 1319 4717 legitur.
1347 4649 1450 4717 βία
1493 4647 1657 4701 etiam
1709 4650 1974 4717 scriptum

404 4719 603 4772 habent
630 4718 799 4770 codex
838 4713 1046 4769 Fuketii
1083 4723 1137 4768 et
1169 4713 1381 4772 ’Savilii.

474 4786 584 4859 (i8)
613 4784 942 4859 Πιλάτου...
969 4783 1394 4859 ὑπομνήματα.
1406 4784 1480 4840 De
1504 4785 1698 4859 horum
1723 4786 1976 4859 Actorum

402 4856 660 4919 falsitate,
684 4856 804 4909 vide
827 4870 946 4921 qua:
968 4857 1172 4909 notavit
1198 4857 1467 4910 Eusebius
1502 4856 1555 4909 in
1585 4868 1704 4924 c‘ap.
1738 4857 1770 4910 9
1815 4858 1906 4911 lib.
1935 4873 1973 4911 ι.

402 4927 724 4982 Eorumdem
759 4928 1014 4979 Actorum
1057 4926 1259 4977 mentio
1315 4928 1373 4978 lit
1430 4925 1484 4979 in
1520 4926 1664 4979 Actis
1694 4928 1977 4993 prmsidiab

401 4998 540 5053 libus
564 4995 816 5059 Tarachi,
849 4994 1007 5048 Probi
1032 5003 1086 5046 et
1106 4995 1422 5065 Andronici,
1458 5012 1579 5065 cap.
1607 4996 1662 5059 9,
1692 4998 1779 5049 ubi
1809 4997 1977 5051 Maxi-

404 5083 525 5121 mus
560 5080 756 5135 pratses
785 5068 897 5119 hate
930 5065 1105 5136 dicit:
1150 5081 1169 5114 ι
1198 5062 1384 5135 Inique
1407 5062 1671 5130 nonscis,
1699 5081 1859 5136 quem
1891 5070 1977 5120 iu-

403 5134 570 5191 vocas
592 5136 889 5199 Christum,
934 5134 1207 5187 hominem
1240 5134 1459 5203 quidem
1524 5134 1735 5204 fuisse,"
1773 5136 1975 5191 factum

403 5210 505 5263 sub
530 5207 771 5262 custodia
799 5205 973 5258 i’outii
999 5204 1153 5257 Pilati
1200 5214 1257 5257 et
1294 5205 1560 5272 punitum,
1587 5207 1741 5272 cujus
1763 5217 1980 5262 exstant

402 5282 536 5334 Acta
579 5276 863 5346 passionis.
896 5294 920 5346 ν»
958 5274 1128 5346 Porro
1158 5274 1295 5346 bace
1332 5278 1463 5327 Acta
1495 5276 1824 5346 pra'aidialia
1872 5274 1979 5329 Ta-

404 5344 763 5413 rachi,‘l’robi
797 5355 848 5398 et
879 5344 1363 5414 Andronici,gesta
1381 5353 1508 5398 sunt
1540 5345 1974 5413 DiocletianolV,

400 5430 455 5476 et
493 5418 822 5473 Maximiano
854 5413 945 5477 lll,
966 5428 1132 5479 coss.,
1167 5413 1234 5466 ut
1260 5414 1666 5484 quidemhabet
1698 5417 1979 5484 inscriptio

404 5490 590 5557 prima:
648 5484 1129 5557 interrogationis._
1161 5484 1237 5537 Ex
1272 5498 1391 5557 quo
1421 5482 1671 5557 edicitur,
1719 5482 1977 5539 Acta’illa

406 5552 560 5613 l’ilati
591 5559 680 5612 diu
704 5565 829 5610 ante
864 5554 1295 5623 persecutionem
1319 5552 1488 5607 fuisse
1510 5555 1760 5620 cculicta,
1782 5566 1976 5623 contra

403 5644 564 5698 quam
593 5620 1165 5698 Eusebittsaﬂlrmare
1205 5624 1418 5698 videtur
1461 5624 1569 5698 hoc
1604 5627 1740 5698 loco.
1782 5620 1980 5680 Verum

406 5695 465 5751 ut
494 5700 659 5754 libere
690 5698 868 5751 dicam
907 5697 1050 5764 quod
1086 5695 1283 5756 sentio,
1312 5697 1572 5749 mendosa
1607 5696 1734 5749 mihi
1764 5699 1980 5749 videtur

1429 3875 1790 3931 Scribendum
1851 3891 1982 3948 puto

404 5769 685 5838 inscriptio
718 5765 806 5822 itla
845 5764 1097 5820 Actorum
1149 5764 1529 5830 prmidialium
1550 5804 1571 5834 ,
1607 5766 1977 5822 εετὶὺθηαυω-
2037 5801 2043 5807 ι

2706 3300 2938 3357 CAPUT
2970 3302 3036 3355 V.

2628 3393 2705 3449 De
2755 3393 2908 3464 falsis
2966 3395 3124 3449 actis.

2151 3549 2393 3620 Denique
2436 3564 2560 3605 cum
2596 3560 2716 3605 acta
2755 3549 3000 3619 quaedam
3037 3549 3177 3620 apud
3207 3548 3450 3604 Pilatum
3504 3564 3667 3619 super

2082 3643 2381 3699 Servatore
2414 3653 2606 3698 nostro
2639 3644 2823 3698 habita
2871 3643 3350 3712 composuissent,
3382 3641 3539 3710 plena
3575 3644 3677 3696 im-

2092 3736 2316 3805 pietatis
2357 3737 2623 3790 adversus
2648 3734 2930 3790 Christum
2960 3775 2975 3800 ,
3011 3748 3074 3788 ea
3103 3749 3201 3802 per
3235 3748 3426 3787 omnes
3453 3734 3668 3802 provin-

2090 3895 2196 3949 que
2232 3895 2377 3935 coss.
2413 3878 2745 3949 Diocletiano
2769 3877 3039 3949 Augrhtx,
3072 3882 3131 3949 et
3171 3872 3513 3949 lllaximiano
3549 3887 3668 3927 vui.

2090 3943 2273 4004 Primo
2294 3950 2437 4003 enim
2467 3949 2668 4003 mentio
2709 3947 2767 4000 tit
2795 3943 2987 3999 iu'illis
3015 3946 3166 3999 Actis
3211 3943 3461 4011 praecepti
3499 3943 3670 4010 impe-

2093 4029 2354 4080 ratorum,
2377 4034 2485 4088 quo
2513 4019 2721 4072 scilicet
2745 4017 2958 4088 jussum
2983 4026 3119 4074 erat,
3144 4022 3205 4068 ut
3226 4026 3414 4066 omnes
3441 4013 3543 4066 diis
3567 4013 3669 4065 im-

2092 4087 2407 4145 mortalibus
2435 4088 2828 4142 sacriﬁcarent.
2862 4087 2985 4139 lla-c
3025 4095 3204 4137 autem
3233 4092 3497 4149 pratcepta
3538 4093 3668 4137 sunt

2089 4177 2234 4213 anno
2265 4160 2479 4213 decimo
2535 4172 2677 4210 nouo
2724 4156 2937 4225 imperii
2990 4154 3327 4225 Diocletiani.
3382 4152 3582 4225 Deinde
3614 4152 3666 4225 i_u

2087 4247 2210 4295 cap.
2241 4230 2295 4295 9,
2348 4230 2462 4282 hate
2506 4229 2758 4296 leguntur
2801 4220 2815 4279 Ξ
2859 4244 2878 4277 ‹
2920 4224 3130 4296 Prmses
3174 4223 3311 4275 dixit
3346 4238 3361 4276 :
3392 4220 3670 4296 Maledicis

2087 4291 2361 4370 principes
2393 4300 2482 4367 qui
2509 4291 2818 4370 diuturnam
2853 4306 2905 4350 et
2933 4295 3094 4347 altam
3130 4307 3316 4362 pacem
3344 4291 3665 4360 praestitere.

2085 4367 2432 4424 Andronicus
2466 4369 2602 4422 dixit
2654 4382 2668 4418 :
2720 4367 2829 4436 Ego
2861 4375 3181 4436 eXsecratus
3210 4376 3329 4415 sum
3378 4371 3584 4436 pestem
3612 4371 3669 4414 et

2088 4439 2516 4506 sanguibibulos,
2568 4438 2659 4506 qui
2701 4430 2952 4491 evErtuut
3021 4435 3304 4506 mundum.
3350 4449 3369 4483 ι
3424 4430 3665 4484 Primum

2007 4510 2051 4564 D
2084 4504 2216 4564 illud
2237 4511 2304 4564 de
2334 4510 2442 4562 alta
2473 4523 2538 4561 ac
2558 4504 2816 4560 diuturna
2855 4519 3007 4574 pace,
3036 4504 3331 4557 convenire
3357 4516 3464 4554 non
3491 4508 3670 4569 potest

2081 4583 2133 4635 in
2185 4590 2436 4648 quartum
2469 4578 2805 4632 consulatum
2853 4573 3202 4648 Diocletiani,
3242 4586 3366 4648 cum
3413 4576 3478 4624 eo
3525 4577 3669 4623 tetu-

2078 4640 2216 4721 pore'
2240 4649 2457 4721 barbari
2499 4648 2802 4721 imperium
2847 4643 3162 4721 liomauum
3194 4640 3431 4721 undique
3473 4655 3668 4721 aggre:

2078 4711 2356 4776 ilereutur.
2419 4711 2622 4771 Deinde
2653 4732 2759 4770 non
2810 4716 2965 4768 video
2992 4713 3262 4782 quomodo
3294 4711 3664 4782 sauguibihuli

2079 4791 2185 4844 dici
2215 4791 2426 4859 possint
2461 4787 2832 4859 Diocletianus
2882 4795 2938 4836 et
2985 4780 3371 4842 Maximianus,
3407 4780 3507 4833 nisi
3543 4792 3667 4859 post

2078 4854 2279 4915 annum
2330 4875 2425 4913 nx
2462 4857 2801 4921 Diocletiani,
2856 4869 2963 4923 quo
2994 4863 3172 4920 empta
3212 4854 3668 4923 est_persecutio.

2080 4930 2303 4983 Accedit
2358 4937 2737 4996 argumentum
2788 4919 2927 4978 illud
2980 4930 3047 4996 de
3087 4919 3256 4976 Actis
3308 4919 3493 4996 Pilati,
3550 4935 3672 4996 qua:

2077 4999 2239 5070 hujus
2265 4989 2660 5068 persecutionis
2708 5006 2951 5065 tempore
2997 4993 3121 5047 ﬁcta
3170 5006 3291 5048 esse
3343 4989 3511 5044 tradit
3558 4989 3668 5044 Eu-

2078 5072 2285 5124 sebius.

2150 5140 2262 5211 (i9)
2290 5134 2504 5206 Γνώμη
2530 5134 2636 5190 τοῦ
2658 5131 2947 5211 μείζονος.
2978 5133 3206 5211 Ruﬁnus
3229 5132 3342 5211 bmc
3365 5133 3437 5186 ita
3461 5132 3623 5211 vertit
3652 5148 3667 5185 :

2081 5202 2211 5276 Qua:
2243 5202 2374 5262 'acta
2404 5202 2704 5272 peromné;
2762 5207 2909 5276 regni
2963 5206 3052 5276 sui
3097 5206 3395 5267 provincias
3446 5202 3669 5276 praelato

2079 5274 2249 5334 edicto
2278 5278 2417 5332 mitti
2471 5278 2736 5347 pra'cepit.
2794 5275 2972 5328 Rulini
3023 5274 3670 5347 verba‘expressissevi-

2079 5352 2236 5404 detur
2270 5341 2705 5418 Nicephorusjin
2741 5347 2834 5399 lib.
2871 5360 3121 5418 vu,_cap_.
3151 5342 3249 5418 26,
3285 5341 3363 5397 sic
3389 5343 3535 5396 enim
3565 5341 3665 5418 ha:

2080 5420 2169 5475 bet
2201 5438 2213 5472 :
2253 5418 2376 5472 Ἐπὶ
2407 5410 2519 5489 ’τὴν
2549 5416 2653 5489 ὑπὸ
2698 5418 2856 5489 χεῖρα
2894 5410 3512 5489 σφῶν-διαπέμπονται,
3562 5410 3669 5489 ,καί

2078 5507 2237 5562 τινων
2263 5480 3182 5562 προγράμμάτωνππροηγουμένων.
3212 5480 3372 5536 certe
3401 5483 3452 5534 iu
3506 5480 3668 5562 codd.

2079 5549 2604 5615 Fuketii'et'Sa'vilii
2661 5549 2922 5626 scriptqu
2970 5549 3051 5613 est
3082 5549 3668 5629 διὰιπρογραμμάτωι

2080 5630 2595 5703 παρακελευόμενοι,
2628 5638 2737 5684 etc.
