4220 6400
557 321 664 378 807

1270 319 1540 380 EUSEBll
1579 316 2067 375 CIESARIENSIS
2106 314 2258 374 OPP.
2303 314 2483 372 PARS
2519 315 2564 371 1.
2603 343 2673 357 —-
2711 311 3104 372 HISTORICA.

3723 309 3830 362 808

559 445 675 499 cias
703 439 912 510 imperii
945 439 1245 502 Maximini,
1277 439 1651 507 ipsojubenle,
1680 438 1952 507 dirigunt;
1997 451 2150 489 man-

2251 430 2654 501 διαπέμπονται
2692 428 2790 500 τὴν
2815 428 2906 479 ὑπ’
2937 424 3098 478 αὑτὸν
3121 423 3316 495 ἀρχὴν,
3346 420 3435 475 διὰ
3464 421 3833 493 προγραμμάι

560 539 749 590 dantes
782 551 876 604 per
909 533 1155 596 litteras,
1179 544 1228 584 ut
1265 532 1466 600 ubique
1495 531 1734 583 locorum
1769 538 1876 583 tam
1908 530 1960 582 in
1992 529 2140 594 agris

557 644 724 699 quam
760 630 811 681 in
847 627 1163 682 civitatibus
1199 624 1420 694 publice
1465 634 1934 694 proponerentur;
1976 634 2143 692 utque

562 722 922 786 ludimagislri
977 735 1074 790 pro
1123 718 1345 772 dictatis
1391 717 1507 772 haec
1537 717 1894 771 declamanda
1923 726 1975 770 et
2025 731 2140 770 me-

561 815 748 868 moria:
782 810 1214 867 commendanda
1250 810 1434 878 pueris
1488 811 1786 863 traderent.
1829 807 1961 874 Qum
2006 808 2141 861 dum

563 909 636 961 ita
685 915 967 974 geruntur,
1013 904 1120 958 dux
1174 902 1396 970 quidam
1441 900 1494 954 in
1533 901 1665 955 urbe
1713 899 2004 954 Phtnnices
2038 899 2142 952 Da-

561 1015 744 1053 masco
769 1039 782 1058 .
817 1013 940 1052 cum
990 997 1230 1064 impuras
1276 994 1462 1049 nescio
1508 1007 1646 1062 quas
1681 991 2034 1046 mulierculas
2072 1005 2141 1044 ex

562 1092 678 1144 foro
709 1089 998 1157 rapuisset,
1031 1093 1301 1141 tormenta
1337 1100 1396 1139 se
1422 1084 1556 1153 ipsis
1581 1083 1926 1136 admoturum
1963 1081 2137 1136 ruina-

561 1191 667 1245 tus,
698 1194 763 1232 eo
793 1178 1020 1232 miseras
1050 1176 1253 1246 adegit,
1287 1185 1344 1230 ut
1383 1175 1599 1244 publice
1637 1174 1805 1228 editis
1849 1173 1992 1240 apud
2023 1181 2140 1226 acta

562 1267 888 1321 testimoniis
934 1267 1244 1319 laterentur
1295 1279 1354 1319 se
1386 1265 1515 1318 olim
1553 1263 1902 1318 Christianas
1934 1263 2102 1317 fuisse
2125 1301 2141 1326 ,

560 1369 615 1412 et
660 1358 986 1429 ﬂagitiorum
1031 1373 1154 1426 quae
1198 1372 1227 1409 a
1279 1355 1608 1411 Christianis
1656 1367 1980 1426 gererentur
2007 1371 2142 1411 con-

559 1453 702 1508 scias
721 1467 843 1506 esse
875 1469 889 1504 :
919 1465 1012 1504 eos
1042 1451 1094 1504 in
1124 1450 1254 1518 ipsis
1280 1450 1486 1503 :edibus
1516 1450 1690 1504 sacris
1716 1451 1952 1505 obscena
1978 1449 2138 1520 351

560 1545 803 1612 quadam
851 1552 1164 1612 perpetrare
1217 1551 1634 1607 asseverantes,
1692 1548 1747 1595 et
1807 1555 2146 1610 quacunque

561 1637 665 1692 alia
691 1637 756 1690 ad
787 1635 1154 1690 infamandam
1189 1635 1504 1703 religionem
1539 1644 1782 1690 nostram
1813 1633 2032 1690 ell'uti-re
2051 1649 2146 1689 eas

561 1730 669 1783 dus
716 1728 979 1783 voluerat.
1018 1727 1219 1781 llarum
1273 1729 1440 1799 igitur
1488 1727 1773 1782 mulierum
1829 1726 2142 1780 testimonia

2245 541 2355 578 των
2388 521 2904 594 παρακελευόμενοι,
2936 516 3078 571 κατὰ
3114 518 3291 570 πάντα
3319 515 3485 567 τόπον
3519 510 3724 584 ἀγρούς
3771 530 3832 566 τε

2247 617 2342 669 καὶ
2386 615 2591 678 πόλεις,
2632 617 2690 667 ὲν
2730 615 2957 682 ἐκφανεί
2990 611 3162 664 ταῦτα
3204 610 3318 672 τοῖς
3358 609 3524 661 πᾶσιν
3567 604 3830 669 ἐκθεῖναι,

2245 713 2358 773 τοῖς
2389 725 2449 761 τε
2483 709 2638 762 παισὶ
2671 708 2796 770 τοὺς
2821 701 3469 778 γραμματοδιδασκάλους
3507 701 3628 754 ἀντὶ
3655 697 3836 771 μαθη-

2251 801 2434 871 μάτων
2473 798 2646 853 ταῦτα
2692 798 2921 869 μελετᾷν
2948 797 3042 849 καὶ
3075 795 3166 849 διὰ
3197 796 3417 866 μνήμης
3442 793 3693 864 κατέχειν
3727 811 3834 846 πα-

2252 891 2540 962 ραδιδόναι.
2596 885 2696 943 Ὧν
2743 889 2931 942 τοῦτον
2987 886 3418 956 ἐπιτελουμένων
3465 881 3557 938 τδν
3607 884 3831 956 τρόπον,

2247 985 2433 1054 ἕτερος
2465 982 2945 1054 στρατοπεδάρχης
2971 981 3032 1034 δν
3058 981 3228 1034 δοῠκα
3266 981 3527 1050 Ῥωμαῖοι
3562 993 3834 1049 προσαγο-

2251 1074 2518 1145 ρεύουσιν,
2553 1074 2657 1127 ἀνὰ
2677 1074 2776 1144 τὴν
2811 1069 3101 1144 Δαμασκὸν
3129 1072 3227 1142 τῆς
3261 1070 3517 1139 Φοινίκης
3557 1070 3835 1142 ἐπίρρητὰ

2245 1183 2369 1220 τινα
2409 1167 2741 1239 γυναικάρια
2775 1165 2835 1231 ἐξ
2871 1167 3076 1238 ἀγορᾶς
3101 1165 3425 1236 ἀνάρπαστα
3453 1165 3706 1234 ποιήσας,
3738 1163 3837 1233 βα-

2251 1259 2443 1322 σάνους
2502 1261 2693 1322 αὐταῖς
2753 1257 3034 1329 ἐπιθήσειν
3091 1256 3340 1326 ἠπείλει,
3395 1254 3573 1323 λέγειν
3633 1255 3836 1326 ἐγγρα-

2253 1368 2368 1418 φως
2399 1350 2511 1423 (20)
2543 1347 2958 1417 ἐπαναγκάζων,
2985 1344 3061 1412 ὡς
3093 1347 3156 1418 δὴ
3194 1347 3383 1417 εἴησαν
3412 1363 3542 1398 ποτε
3573 1345 3835 1416 Χριστια-

2255 1443 2362 1506 ναὶ,
2408 1442 2695 1495 συνειδεῖεν
2740 1459 2800 1495 τε
2843 1442 3024 1504 αὐτοῖς
3071 1439 3512 1511 ἀθεμιτουργίας,
3551 1441 3610 1492 ὲν
3651 1439 3835 1502 αὐτοῖς

2245 1552 2306 1587 τε
2339 1538 2449 1598 τοῖς
2467 1537 2764 1606 Κυριακοίς
2791 1533 3050 1604 πράττειν
3080 1532 3273 1595 αὐτοὺς
3301 1532 3368 1584 τὰ
3400 1531 3696 1595 ἀκόλαστα,
3741 1533 3836 1584 καὶ

2247 1626 2346 1679 ὃσα
2388 1626 2522 1679 ἄλλα
2569 1626 2746 1694 λέγειν
2797 1625 2968 1688 αὐτὰς
3016 1625 3108 1678 ἐπὶ
3161 1623 3378 1694 διαϐολῇ
3426 1622 3520 1676 τοῦ
3565 1622 3836 1692 δόγματος

2250 1717 2440 1787 ἤθελεν
2471 1718 2585 1790 (21)
2610 1734 2623 1748 ο
2654 1712 2728 1770 ὧν
2756 1719 2849 1771 καὶ
2870 1713 3020 1780 οὗτος
3043 1719 3101 1770 ὲν
3133 1716 3487 1786 ὑπομνήμασι
3517 1714 3616 1777 τὰς
3649 1713 3836 1783 φωνὰς

561 1822 699 1874 aclis
727 1820 932 1874 inserta
958 1860 974 1884 ,
1005 1820 1111 1874 dux
1162 1819 1449 1876 confestim
1481 1820 1548 1874 ad
1599 1820 1982 1890 imperatorem
2021 1820 2147 1873 mit-

2251 1809 2574 1872 ἐντεθείσας,
2609 1809 2816 1879 βασιλεῖ
2844 1807 3136 1862 κοινοῦται.
3175 1809 3286 1862 Καὶ
3311 1807 3373 1878 δὴ
3409 1805 3833 1878 προστάξαντος,

563 1913 645 1966 tit.
687 1910 796 1966 Nec
832 1910 1262 1980 mora,jubente
1293 1910 1556 1980 principe,
1608 1909 1662 1964 in
1714 1910 1943 1980 singulis
1992 1911 2148 1964 urbi-

561 2001 661 2055 bus
712 2017 774 2056 ac
825 2001 959 2055 locis
1011 2002 1124 2056 ha-c
1178 2015 1397 2072 quoque
1445 2011 1796 2056 monumenta
1843 1999 2148 2072 'publican-

563 2102 670 2148 llll'.

1181 2183 1407 2240 SAPUT
1441 2183 1528 2238 VI.

647 2273 725 2330 De
761 2277 829 2330 iis
861 2276 950 2341 qui
981 2286 1102 2329 tunc
1134 2277 1380 2345 temporis
1407 2276 1722 2346 martyrium
1761 2275 2059 2330 subierunt.

629 2431 828 2486 Verum
865 2447 972 2486 non
1013 2431 1177 2502 longo
1211 2441 1331 2502 post
1367 2441 1612 2501 tempore
1657 2433 1765 2487 dux
1796 2433 1890 2488 ille
1918 2444 2146 2487 mortem

561 2522 666 2578 sibi
701 2523 815 2592 ipse
844 2521 1192 2577 consciscens
1217 2563 1232 2588 ,
1268 2520 1637 2588 improbitatis
1687 2536 1802 2576 suae
1833 2537 2024 2592 pinnas
2053 2523 2148 2576 de-

561 2616 664 2669 dit.
700 2615 1026 2669 Nostroruin
1070 2629 1201 2669 vero
1242 2613 1381 2684 lugze
1425 2629 1616 2670 rursus
1667 2623 1722 2669 et
1773 2615 2148 2669 acerbissimis

561 2707 978 2775 persecutiones
1010 2706 1266 2760 renovari
1314 2718 1534 2774 cmpere
1555 2743 1572 2770 ,
1623 2705 2031 2776 provinciarum
2063 2720 2148 2760 re-

561 2799 807 2852 ctoribus
834 2797 1034 2852 acriter
1064 2807 1260 2851 contra
1311 2811 1410 2852 nos
1437 2797 1884 2867 insurgentibus;
1917 2797 2054 2850 adeo
2090 2806 2148 2852 ιιι

562 2889 805 2943 nonnulli
838 2889 931 2957 qui
979 2890 1030 2942 in
1060 2902 1228 2944 sacrae
1270 2888 1393 2942 ﬁdei
1443 2887 1833 2957 praedicatione
1877 2887 2149 2943 excellere

560 2980 914 3043 videbantur,
957 2980 1340 3050 comprehensi
1372 2981 1580 3049 absque
1633 2978 1742 3034 nlla
1795 2979 2148 3036 miseratione

561 3074 779 3143 capitali
813 3075 1085 3128 sententia
1115 3074 1355 3128 damnati
1390 3073 1613 3129 sint.Ex
1639 3073 1841 3142 quibus
1870 3082 1982 3128 tres
2004 3073 2146 3142 apud

2251 1903 2330 1965 εἰς
2363 1902 2538 1955 πάντα
2567 1903 2730 1956 τόπον
2757 1903 2850 1956 καὶ
2876 1903 3029 1956 πόλιν
3061 1901 3154 1955 καὶ
3183 1901 3356 1954 ταῦτα
3383 1898 3737 1972 δημοσιοῦται
3764 1898 3839 1954 τὰ

2250 1995 2576 2066 γράμματα.

2781 2176 3177 2229 κΕψΑΑΑιοΝ
3219 2178 3307 2243 σε.

2250 2271 2388 2339 Περὶ
2435 2269 2552 2322 τῶν
2593 2268 2663 2320 ἐν
2706 2267 2855 2352 rigatis
2902 2268 2984 2352 τῷ
3021 2268 3834 2352 ,χρόνῳ-’ἐίεμαρτυρηκότων

2712 2338 2850 2409 (Nic.
2907 2339 2976 2391 ll.
3013 2338 3078 2391 Ε.
3120 2355 3212 2403 vlt,
3257 2338 3376 2407 28).

2334 2431 2473 2485 Ἀλλ’
2505 2433 2533 2484 ὁ
2568 2430 2666 2502 μὲν
2697 2431 2794 2482 οὐκ
2824 2432 2904 2493 εἰς
2938 2429 3146 2500 μακρὸν
3175 2430 3429 2502 αὐτόχειρ
3456 2427 3650 2482 ἑαυτοῦ
3679 2446 3840 2498 γεγο-

2249 2523 2356 2588 νὼς
2391 2527 2420 2578 ὁ
2449 2523 2964 2594 στρατοπεδάρχης,
2999 2522 3154 2591 δίκην
3197 2521 3402 2574 τίννυσι
3442 2523 3541 2593 τῆς
3573 2539 3840 2594 κακοτρο-

2250 2615 2400 2680 πίας.
2463 2614 2650 2685 Ἣμῶν
2689 2613 2732 2666 δ’
2782 2609 2850 2666 αὖ
2903 2614 3072 2683 φυγαὶ
3119 2613 3280 2667 πάλιν
3325 2612 3694 2676 ἁνεκινοῦντο,
3742 2614 3840 2668 καὶ

2248 2708 2478 2779 διωγμοὶ
2502 2707 2748 2778 χαλεποὶ,
2774 2707 2884 2760 τῶν
2909 2723 2968 2758 τε
2995 2706 3140 2760 κατὰ
3170 2707 3350 2769 πάσας
3374 2707 3643 2778 ἐπαρχίας
3671 2709 3841 2778 inrau-

2254 2802 2429 2873 μένων
2459 2796 2619 2862 αὖθις
2650 2801 2822 2853 δειναὶ
2851 2799 2970 2852 καθ’
2999 2799 3153 2869 ἡμῶν
3186 2800 3611 2864 ἐπαναστάσεις,
3642 2802 3718 2864 ὼς
3745 2799 3841 2854 καί

2247 2911 2401 2956 τινας
2448 2893 2677 2955 ἁλόντας
2708 2893 2816 2945 τῶν
2844 2892 2974 2964 περὶ
3015 2890 3106 2944 τὸν
3154 2891 3296 2945 θεῖον
3329 2891 3487 2961 λόγον
3532 2893 3837 2962 ἐπιφανῶν,

2249 2985 2629 3056 ἀπαραίτητον
2665 2983 2764 3055 τὴν
2807 2984 2900 3036 ἐπὶ
2930 2983 3146 3054 θανάτῳ
3181 2985 3360 3054 ψῆφον
3405 2983 3834 3048 καταδέξασθαι·

2249 3071 2326 3131 ὧν
2355 3080 2502 3148 τρεῖς
2537 3079 2595 3131 ὲν
2632 3075 2836 3148 Ἐμέσῃ
2861 3078 2927 3146 τῇ
2964 3075 3114 3128 πόλει
3144 3076 3240 3142 τῆς
3270 3076 3544 3145 Φοινίκης,
3577 3077 3842 3148 Χριστιαο

562 3166 812 3222 Emesam
847 3165 1034 3220 urbem
1073 3165 1360 3220 l'htcnices
1386 3165 1738 3220 Christianos
1771 3181 1831 3219 se
1862 3179 1984 3219 esse
2015 3179 2146 3219 con-

2251 3172 2373 3234 νοὺς
2399 3171 2539 3240 σφᾶς
2564 3170 3020 3241 ὁμολογήσαντες,
3045 3168 3249 3239 θηρίων
3277 3167 3411 3239 βορᾷ
3433 3169 3837 3240 παραδίδονταιο

565 3259 716 3322 fessi,
767 3259 955 3313 bestiis
1001 3257 1355 3326 objiciuntur.
1405 3257 1535 3313 Erat
1571 3258 1713 3312 inter
1755 3259 1856 3312 hos
1891 3255 2146 3311 Silvanus

561 3347 890 3418 episcopus.
945 3347 1238 3417 decrepitis
1280 3348 1394 3416 jam
1437 3349 1640 3409 aetatis,
1687 3349 1780 3418 qui
1832 3361 1929 3415 per
1975 3361 2146 3400 annos

562 3439 930 3509 quadraginta
989 3439 1292 3496 sacerdotis
1351 3440 1714 3494 ministerium
1755 3438 1992 3496 obierat.
2043 3437 2148 3494 Per

564 3533 702 3586 idem
742 3541 954 3603 tempus
998 3529 1196 3587 Petrus
1231 3547 1474 3602 quoque,
1502 3533 1594 3602 qui
1625 3533 2010 3587 Alexandrina
2039 3533 2143 3587 Ec-

561 3625 742 3680 clesia:
771 3641 981 3680 summa
1012 3639 1137 3680 cum
1166 3626 1324 3680 laude
1363 3625 1616 3694 przel'nit;
1651 3641 1776 3681 vere
1814 3626 2146 3694 praecipuum

563 3733 630 3772 ac
659 3718 902 3770 divinum
936 3719 1314 3787 episcoporum
1341 3719 1507 3773 decus
1533 3760 1548 3784 ,
1577 3735 1702 3774 cum
1727 3721 1797 3773 ob
1827 3721 1995 3774 totius
2021 3718 2146 3774 vita

565 3808 1022 3872 sanctimoniam,
1057 3818 1167 3861 tum
1201 3811 1271 3862 ob
1302 3809 1538 3863 studium
1583 3825 1644 3864 ac
1675 3811 1927 3880 peritiam
1959 3824 2145 3863 sacra-

567 3915 686 3953 rum
713 3894 1120 3968 Scripturarum
1147 3917 1162 3966 ;
1215 3901 1422 3953 nullum
1454 3902 1526 3954 ob
1551 3902 1758 3955 crimen
1789 3903 2150 3970 comprehen~

567 4007 681 4055 sus,
717 4003 914 4062 praeter
940 3993 1182 4047 omnium
1213 3993 1678 4061 exspectationem
1709 3997 1898 4052 subito
1932 4005 1986 4050 et
2018 3996 2147 4048 abs-

565 4100 672 4152 que
702 4085 806 4138 ulla
839 4085 1103 4156 probabili
1134 4101 1320 4152 causa,
1350 4099 1538 4156 utpote
1578 4088 1870 4142 Maximino
1895 4087 2142 4154 iubente,

565 4176 743 4243 capite
805 4185 1110 4230 truncatur.
1171 4175 1317 4230 Idem
1371 4193 1498 4232 cum
1554 4179 1674 4246 ipso
1723 4178 1962 4248 perpessi
2017 4187 2145 4232 sunt

565 4265 874 4334 complures
905 4281 1122 4335 quoque
1173 4265 1264 4320 alii
1315 4266 1693 4338 Egyptiormn
1735 4267 2000 4337 episc0pi.
2033 4268 2140 4322 Sed

639 4383 751 4456 (ΞΟ)
783 4384 994 4455 Αέγειν
1033 4385 1356 4456 ἐγγράφως.
1412 4387 1654 4442 Pessime
1703 4387 2151 4456 Christopborso—

565 4470 668 4510 nus
709 4461 893 4519 vertit,
947 4471 1309 4512 asseveranter
1346 4459 1535 4512 dicere.
1603 4459 1826 4511 Rectius
1874 4458 2150 4515 Musculus

567 4527 762 4578 tradito
791 4529 1004 4594 scripto.
1035 4527 1248 4591 Langus
1273 4531 1468 4596 scripto
1496 4531 1812 4582 testimonio.
1835 4527 1968 4580 Nam
1996 4533 2150 4583 testi—

569 4599 808 4668 inonium
843 4615 947 4651 non
994 4600 1165 4650 solutn
1205 4613 1356 4668 voce,
1394 4601 1488 4651 sed
1527 4601 1692 4652 etiam
1728 4601 1936 4666 scripto
1968 4601 2151 4668 perhi-

566 4664 748 4737 betur.
805 4668 910 4721 Sed
966 4669 1167 4737 optime
1227 4667 1454 4721 llulinus
1497 4664 1889 4734 interpretatur
1945 4664 2151 4723 {Actis

566 4735 822 4808 proﬁteri.
873 4735 1097 4808 “0016M
1130 4738 1274 4806 quod
1305 4739 1504 4792 dicitur
1535 4740 1586 4790 in
1619 4737 1789 4792 Cestis
1821 4741 2152 4808 purgationis

568 4803 862 4876 Cret-ilium.
904 4803 1164 4876 professio
1197 4821 1290 4860 tua
1328 4808 1470 4861 Actis
1509 4813 1691 4862 lueret.

639 4874 754 4944 (2|)
793 4874 1058 4931 7103.137.
1110 4877 1202 4931 Sic
1241 4879 1398 4930 codd.
1437 4877 1572 4932 Med.
1602 4889 1654 4930 et
1691 4877 1848 4944 Maz.,
1882 4876 1958 4932 ita
1987 4877 2152 4933 etiam

566 4940 978 5019 Fu‘ltet'iaiinset
1021 4947 1348 5001 Savilianus.
1378 4945 1534 5019 Vulg.
1565 4948 1777 5019 ἤθελον.

641 5015 752 5085 (22)
795 5016 1222 5082 Ἐπίσκοπος...
1251 5017 1560 5084 Σιλόανός.
1588 5015 1737 5072 Ἀιὶιιε
1766 5019 1852 5072 hic
1877 5027 1960 5073 est
1988 5032 2015 5071 a
2052 5017 2157 5072 Sil-

572 5096 712 5156 vano
749 5088 1022 5156 episcopo.
1053 5090 1118 5140 de
1157 5103 1264 5156 quo
1299 5088 1566 5144 Eusebius
1607 5090 1657 5142 iu
1714 5090 1850 5143 libro
1908 5088 1986 5142 De
2016 5104 2157 5140 mar-

575 5154 772 5220 tyribus
811 5154 1134 5226 Palaestinas,
1168 5154 1286 5225 cap.
1333 5159 1433 5211 ult.
1467 5158 1564 5213 Hic
1606 5159 1748 5213 enim
1810 5159 2016 5212 Emesa:
2046 5159 2160 5226 epi-

572 5226 935 5298 scopnstuit;
969 5229 1055 5280 ille
1079 5225 1266 5298 Gazae.
1296 5227 1361 5280 Et
1408 5231 1555 5296 prior
1591 5229 1810 5298 quidem
1849 5230 1900 5283 in
1930 5225 2161 5282 metallis

572 5290 874 5368 Paliestinaa
912 5290 1018 5350 una
1051 5311 1174 5350 cum
1205 5297 1325 5350 aliis
1358 5290 1546 5352 novem
1589 5290 1656 5352 ac
1703 5300 1923 5367 triginta
1956 5311 2163 5368 marty-

575 5363 724 5418 ribus
785 5368 962 5435 capite
1035 5377 1320 5420 truncatus
1369 5377 1490 5432 est,
1565 5383 1708 5422 anno
1762 5363 2162 5436 persecutiouis

571 5442 784 5490 octavo.
836 5438 932 5490 llic
965 5451 1096 5490 vero
1129 5437 1271 5503 apud
1297 5437 1546 5491 Emesam
1593 5439 1646 5491 in
1677 5438 1936 5492 Phoenice
1976 5437 2164 5492 bestiis

572 5504 816 5578 pbjectus
838 5522 981 5578 anno
1012 5506 1404 5578 persecutionis
1432 5523 1596 5561 nono.
1627 5509 1698 5562 De
1719 5511 1871 5578 cujus
1896 5511 2164 5578 martyrio

565 5569 681 5641 jam
708 5591 868 5644 supra
914 5569 1126 5631 locutus
1157 5586 1240 5630 est.
1286 5576 1552 5633 Eusebius
1595 5579 1649 5633 in
1682 5569 1820 5634 libro
1864 5592 1982 5644 vui,

575 5659 682 5696 non
724 5661 821 5698 suo
853 5647 986 5701 loco.

645 5715 755 5784 (25)
781 5715 1000 5784 Πέτρος
1025 5715 1144 5773 τῶν
1163 5719 1288 5772 κατ’
1317 5715 1782 5787 Ἀλεξάνδρειαν,
1819 5717 1988 5788 Hujus
2019 5732 2164 5772 inar-

2060 5583 2166 5634 icet

2253 3264 2553 3325 ἐπίσκοπος
2583 3257 2650 3333 ἦν
2681 3263 2739 3314 ὲν
2769 3261 2978 3325 τούτοις
3017 3260 3274 3323 Σιλὸανὸς
3305 3261 3441 3332 (2'2),
3477 3262 3576 3332 τὴν
3625 3261 3841 3332 ἡλικίαν

2254 3356 2606 3427 ὑπέργηρως,
2658 3357 2716 3408 ὲν
2767 3354 2911 3417 ὅλοις
2963 3353 3108 3407 ἔτεσι
3147 3354 3552 3424 τεσσαράκοντα
3601 3353 3702 3426 τὴν
3732 3352 3843 3407 λει-

2253 3446 2510 3519 τουργίαν
2555 3446 2843 3517 διηνυκώς.
2878 3445 3036 3498 Κατά
3085 3445 3142 3498 δὲ
3176 3445 3267 3498 τὸν
3307 3445 3472 3497 αὑτὸν
3509 3446 3701 3517 χρόνον
3746 3446 3840 3500 καὶ

2256 3539 2463 3610 Πέτρος
2525 3538 2634 3590 τῶν
2700 3537 2820 3591 κατ’
2899 3536 3303 3608 Ἀλεξάνδρειαν
3370 3535 3480 3604 (23)
3536 3536 3842 3606 παροικῶν

2256 3629 2497 3700 προστὰς
2559 3628 2999 3697 ἐπιφανέστατα,
3055 3626 3199 3680 θεῖον
3246 3625 3560 3678 ἐπισκὸπων
3627 3625 3840 3697 χρῆμα,

2257 3720 2372 3792 βίον
2401 3719 2603 3791 ἀρετῆς
2632 3737 2692 3773 τε
2715 3719 2878 3772 ἕνεκα
2923 3719 3016 3772 καὶ
3045 3718 3148 3788 τῆς
3173 3717 3282 3770 τῶν
3313 3718 3473 3788 ἱερῶν
3504 3718 3680 3784 λόγων
3713 3735 3842 3771 συν-

2254 3813 2560 3882 ασκήσεως,
2587 3809 2645 3875 ἐξ
2690 3811 2948 3880 οὐδεμιᾶς
2989 3810 3337 3880 ἁνάρπαστος
3371 3809 3608 3878 γεγονὼς
3639 3808 3838 3871 αἰτίας,

2260 3903 2528 3974 μηδεμιᾶς
2553 3899 2930 3972 προλαϐούσης
2957 3901 3302 3973 προσδοκίας,
3334 3901 3545 3972 ἀθρόως
3573 3901 3715 3954 οὕτω
3747 3900 3844 3951 καὶ

2257 3995 2487 4062 ἀλόγως.
2516 3995 2591 4058 ὡς
2617 3993 2682 4047 ἂν
2703 3993 3010 4063 Μαξιμίνου
3037 3992 3460 4062 προστάξαντος,
3483 3993 3581 4060 τὴν
3602 3990 3843 4060 κεφαλὴν

2256 4085 2654 4154 ἀποτέμνεται,
2691 4084 2786 4135 σὺν
2832 4081 2982 4152 αὺτῷ
3024 4081 3079 4134 δὲ
3122 4082 3216 4133 καὶ
3254 4081 3360 4133 τῶν
3413 4084 3533 4134 κατ’
3567 4081 3843 4148 Αἴγυπτον

2251 4177 2569 4229 ἐπισκόπων
2622 4175 2771 4229 ἄλλοι
2821 4175 3038 4238 πλείους
3081 4172 3275 4226 ταύτὸν
3315 4174 3668 4243 ὑπομένουσιο
3713 4175 3848 4226 Δου-

2251 4270 2438 4334 κιανός
2472 4270 2582 4340 (2.5)
2613 4287 2672 4322 τε
2696 4269 2835 4340 ἀνὴρ
2860 4267 2929 4320 τὰ
2956 4269 3133 4320 πάντα
3158 4268 3401 4339 ἄριστος,
3429 4266 3528 4337 βίῳ
3553 4283 3612 4319 τε
3640 4268 3846 4337 ὲγκραα

2183 4396 2226 4452 D
2256 4394 2454 4463 lyrium
2485 4394 2592 4463 jam
2621 4405 2780 4463 supra
2833 4389 3017 4463 retulit
3050 4389 3316 4463 Eusebius
3351 4389 3401 4442 in
3443 4388 3577 4442 liliro
3608 4403 3720 4449 vui,
3748 4390 3844 4439 sed

2257 4461 2360 4514 non
2395 4477 2492 4514 suo
2525 4462 2661 4516 loco.
2693 4461 2824 4514 Nam
2860 4462 2996 4514 liber
3028 4476 3144 4518 \'lll.
3179 4461 3315 4513 ultra
3345 4474 3597 4512 0CIavnm
3636 4473 3842 4508 annum

2253 4533 2650 4600 persecutionis
2681 4547 2783 4584 non
2823 4532 3186 4600 progreditur.
3228 4530 3419 4600 Petrus
3451 4544 3577 4581 vero
3607 4523 3844 4600 Alexan-

2252 4595 2443 4655 ili-inus
2489 4616 2679 4669 passus
2726 4595 2991 4654 est'anno
3019 4599 3413 4667 persecutionis
3446 4614 3521 4653 Ix.
3555 4607 3612 4669 ut
3642 4595 3846 4669 diserte

2254 4666 2784 4726 inminuat—Eusebius
2825 4672 2876 4722 in
2913 4666 3030 4724 line
3052 4670 3145 4724 lib.
3173 4685 3271 4732 vn,
3303 4670 3536 4735 septimo
3570 4666 3846 4720 Kalendas

2257 4743 2593 4801 Decembris.
2645 4752 2700 4792 ιιι
2738 4741 2932 4810 legitur
2988 4743 3039 4793 in
3072 4736 3840 4810 Excerptis_elironntogicisAa

2257 4812 2538 4880 Scaligero
2573 4811 2751 4864 editis.
2793 4806 3007 4876 Quibus
3041 4809 3318 4880 cou_sentit
3363 4807 3678 4880 Usnardns,
3727 4806 3846 4858 Ado

2256 4893 2308 4936 et
2386 4877 2541 4934 vetus
2581 4881 3059 4951 Amarlyrolngium
3133 4877 3474 4951 Ριοιιιειιιιιιιι.Δ
3509 4877 3848 4951 Gr:eci_vero

2258 4952 2345 5006 die
2383 4965 2514 5006 xxrv
2552 4942 2868 5004 Novembris
2907 4942 3024 5014 eius
3058 4950 3302 5000 natalitia
3343 4947 3644 5000 celebrant.
3675 4942 3847 5014 Porro

2259 5025 2391 5089 Arta
2421 5021 2690 5089 passionis
2731 5021 2872 5073 illius
2902 5012 2998 5072 bis.
3046 5017 3238 5072 Graace
3263 5018 3647 5089 exstant‘apud
3679 5015 3739 5068 Β.
3765 5012 3845 5089 _P.

2259 5084 2612 5145 Franciscum
2635 5088 3041 5149 Combelisium.
3061 5090 3151 5154 qui
3178 5104 3239 5143 ea
3264 5104 3386 5142 cum
3411 5084 3848 5154 aliis’quamplu-

2264 5163 2413 5214 rimis
2441 5160 2588 5214 brevi
2627 5161 2994 5226 publicatnrus
3027 5165 3129 5212 est.

2335 5227 2448 5300 (‘26)
2483 5224 2833 5292 Λουκιανός.
2871 5229 3040 5294 llujus
3077 5227 3401 5300 martyrium
3438 5224 3623 5300 relulit
3671 5224 3846 5300 etiam

2265 5295 2534 5354 Eusebius
2567 5302 2620 5352 in
2655 5303 2794 5353 libro
2827 5314 2944 5361 \‘lll,
2977 5315 3099 5366 cap.
3137 5295 3237 5362 ιῦξ
3273 5301 3366 5349 sed
3395 5295 3610 5348 turbato
3653 5295 3849 5346 ordine

2267 5378 2591 5437 temporum.
2626 5369 2722 5422 Hic
2759 5381 2935 5422 autern
2963 5369 3276 5421 distinctius
3315 5376 3470 5420 notat
3500 5376 3848 5437 tempusque

2269 5436 2409 5505 passi
2427 5452 2553 5493 sunt
2574 5439 2766 5494 Petrus
2780 5450 2833 5493 et
2856 5437 3158 5500 anianns;
3181 5453 3373 5505 nempe
3401 5437 3503 5490 sub
3524 5436 3846 5505 Maximino,

2269 5504 2372 5562 non
2403 5521 2583 5564 autem
2615 5512 2716 5562 sub
2745 5509 2965 5563 Galerio
3012 5504 3366 5568 Maximiano,
3405 5517 3460 5559 ut
3513 5505 3624 5557 vult
3679 5504 3851 5555 Baro-

2271 5581 2413 5642 nius,
2456 5582 2522 5632 ad
2571 5596 2770 5632 annum
2813 5580 3012 5632 Christi
3073 5579 3198 5639 5H.
3229 5593 3350 5646 cap.
3395 5576 3447 5630 5.
3491 5577 3649 5630 Errat
3677 5578 3848 5646 etiam

2273 5651 2410 5702 idem
2438 5649 2722 5712 Baronius,
2774 5651 2865 5718 qui
2901 5649 3074 5718 Pelrii
3105 5644 3460 5718 Alexandrini
3523 5644 3849 5718 martyrium

2273 5721 2479 5774 confert
2513 5720 2565 5773 in
2595 5711 3019 5774 attumn'Christi
3047 5717 3174 5773 310.
3208 5716 3410 5774 Passus
3461 5725 3544 5773 est
3565 5711 3708 5772 enim
3741 5711 3850 5766 Pe-
