4220 6396
538 322 643 385 8Ίί

1271 318 1547 378 EUSEBII
1579 318 2057 378 CESABIENSIS
2093 322 2243 380 OPP.
2285 322 2464 378 PARS
2501 322 2542 378 l.
2580 353 2648 364 —
2691 323 3081 380 dlSTORlCA.

3679 322 3787 376 8η

531 437 816 495 dederitis.
850 435 985 492 Nam
1023 448 1180 490 antea
1216 436 1434 505 quidem
1482 437 1689 492 nemini
1736 447 1854 492 erat
1902 438 2099 494 obscu-
2128 447 2177 501 Α

2128 447 2177 501 Α
2203 455 2322 504 νεν,
2371 438 2448 502 ὡς
2492 438 2746 509 μέγιστον
2772 439 2972 510 δεῖγμα
3002 441 3102 510 τῆς
3144 435 3425 507 θεοφιλοῦς
3458 435 3612 505 ὑμῶν
3655 454 3791 508 προ-

534 546 653 585 rnm
684 542 889 600 quanta
935 529 1279 583 observantia
1310 543 1376 584 ac
1410 527 1670 598 religione
1715 530 1844 584 deos
1880 530 2101 583 immor-

534 620 672 676 tales
695 618 968 676 coleretis.
1002 618 1212 688 Quippe
1247 619 1445 688 quibus
1476 635 1581 675 non
1618 622 1885 675 nudorum
1919 621 2105 674 etina-

534 712 684 767 nium
721 710 1006 766 verborum
1044 710 1219 773 ﬁdes,
1270 709 1364 762 sed
1417 711 1678 764 continua
1734 719 1789 763 et
1839 711 2103 780 stupenda

532 802 826 858 illustrium
858 802 1164 856 facinorum
1198 800 1459 854 miracula
1503 800 1899 856 innotuissent.
1950 800 2105 857 Unde

532 904 585 948 et
614 894 809 949 civitas
832 904 1015 949 vestra
1048 892 1271 948 deorum
1301 892 1688 946 immortalium
1718 891 1876 947 sedes
1913 907 1978 946 ac
2010 894 2107 945 do-

534 985 797 1041 micilium
815 985 940 1055 jure
974 984 1169 1038 merito
1201 982 1523 1053 appelletur.
1563 981 1746 1037 Multis
1771 993 1922 1038 certe
1947 998 2107 1052 argu-

534 1075 737 1128 mentis
786 1072 1199 1127 evidentissime
1241 1080 1488 1141 apparet,
1519 1086 1641 1125 eam
1676 1071 1977 1127 cailestium
2008 1088 2109 1126 nu-

536 1164 741 1219 minum
788 1166 1020 1219 adventu
1066 1178 1130 1217 ac
1178 1162 1468 1231 praesentia
1523 1161 1744 1217 ﬂorere.
1791 1162 1942 1218 Nune
1976 1176 2108 1217 vero

540 1256 735 1313 civitas
763 1264 965 1317 vestra,
1006 1252 1267 1321 neglectis
1294 1252 1549 1306 omnibus
1581 1267 1701 1322 qua:
1741 1252 1912 1321 ipsius
1936 1253 2110 1307 inter-

535 1362 657 1403 esse
715 1346 1058 1410 videbantur,
1101 1353 1156 1398 et
1182 1344 1403 1398 omissis
1433 1344 1685 1411 precibus
1713 1359 1847 1413 quas
1882 1360 1982 1414 pro
2006 1346 2111 1400 rei-

536 1436 765 1508 publica
802 1449 915 1490 sua:
964 1432 1194 1503 negotiis
1239 1434 1472 1488 antehac
1530 1432 1689 1488 nobis
1737 1431 1934 1488 oli'erre
1983 1449 2113 1489 con-

537 1536 829 1590 sueverat;
879 1525 971 1579 ubi
1017 1524 1252 1595 primum
1309 1525 1479 1579 sensit
1535 1524 1787 1579 homines
1834 1527 2113 1579 detestan-

540 1620 626 1674 da:
692 1617 953 1673 vanitatis
1033 1616 1231 1670 iterum
1299 1628 1518 1685 serpere
1592 1615 1820 1685 coepisse
1859 1654 1876 1682 ,
1951 1613 2112 1686 353

539 1718 597 1765 e't
661 1708 816 1779 quasi
886 1705 1190 1776 neglectum
1257 1719 1322 1759 ac
1378 1707 1613 1773 s0pitum
1668 1706 1955 1773 quemdam
2025 1722 2113 1760 ro-

2203 531 2468 602 αιρέσεως
2513 530 2803 584 δεδωκέναι
2829 549 2845 562 ·
2895 532 3055 584 ὁπότε
3101 530 3195 584 καὶ
3233 528 3340 599 πρὸ
3376 528 3567 581 τούτου
3613 527 3789 581 οὐδενὶ.

2206 622 2486 689 ἄγνωστον
2516 616 2586 691 ἦν
2605 661 2620 685 ,
2665 620 2856 682 ὁποίας
2895 618 3330 690 παρατηρήσεως
3361 618 3452 669 καὶ
3480 615 3788 680 θεοσεϐείας
3816 686 3825 697 κ

2205 712 2342 783 πρὸς
2372 712 2497 774 τοὺς
2539 710 2838 775 ἀθανάτους
2873 710 3027 773 θεοὺς
3060 708 3384 780 ἐτυγχάνετε
3408 708 3582 772 ὄντες,
3616 702 3699 771 οἷς
3727 709 3788 761 οὐ

2203 802 2376 872 ψιλῶν
2403 801 2497 855 καὶ
2523 802 2801 856 ὐποκένων
2829 801 3087 873 ῥημάτων
3117 801 3227 871 (29)
3260 801 3462 863 πίστις,
3495 798 3630 852 ἀλλά
3662 815 3790 854 συν-

2206 894 2307 964 εχῆ
2373 894 2468 948 καὶ
2526 893 2807 966 παράδοξα
2857 894 3037 964 ἔργων
3098 893 3388 962 ἐπισήμων
3436 890 3786 961 γνωρίζεται.

2206 985 2405 1057 Διόπερ
2458 985 2696 1049 ἐπαξίως
2750 987 2785 1057 ὴ
2828 984 3072 1056 ὑμετέρα
3119 983 3273 1044 πόλις
3326 981 3464 1034 θεῶν
3504 980 3789 1035 ἀθανάτων

2207 1079 2411 1150 ῖδρυμά
2447 1096 2508 1132 τε
2549 1079 2644 1132 καὶ
2691 1080 3005 1155 οἰκητήριον
3033 1074 3375 1129 ἐπικαλοίτο·
3412 1072 3627 1136 πολλοῖς
3659 1071 3790 1141 γοῦν

2209 1169 2614 1240 παραδείγμασι
2659 1167 3082 1237 καταφαίνεται,
3124 1169 3191 1237 τῇ
3223 1166 3330 1218 τῶν
3358 1164 3624 1236 οὐρανίων
3652 1162 3793 1216 θεῶν

2209 1260 2378 1331 αὐτὴν
2424 1260 2688 1332 ἐπιδημίᾳ
2716 1260 2827 1331 (50)
2861 1258 3062 1313 ἀνθεῖν.
3109 1257 3238 1311 Ἰδοὺ
3272 1257 3449 1310 τοίνυν
3488 1258 3521 1327 ὴ
3554 1255 3793 1326 ὑμετέρα

2212 1353 2364 1416 πόλις
2382 1352 2599 1405 πάντων
2625 1351 2733 1405 τῶν
2761 1352 2866 1423 ίδίᾳ
2891 1351 3253 1423 διαφερόντων
3278 1350 3415 1419 αὐτῇ
3443 1348 3790 1419 ἀμελήσασα,

2211 1444 2307 1496 καὶ
2335 1442 2435 1505 τὰς
2456 1442 2723 1514 πρότερον
2743 1441 2853 1494 τῶν
2880 1441 3021 1513 ὑπὲρ
3046 1443 3183 1510 αὐτῇ
3213 1439 3552 1509 πραγμάτων
3577 1436 3793 1507 δεήσεις

2212 1532 2533 1606 παριδοῦσα,
2561 1535 2651 1586 ὅτε
2694 1532 2855 1587 πάλιν
2885 1532 3079 1605 ᾔσθετο
3102 1533 3227 1595 τοὺς
3250 1530 3351 1599 τῆς
3383 1529 3657 1601 ἐπαράτου
3690 1544 3795 1598 μα-

2212 1627 2493 1698 ταιότητος
2518 1626 2805 1696 γεγονότας
2825 1624 3013 1697 ἕρπειν
3037 1622 3300 1697 ἄρχεσθαι
3327 1622 3459 1693 (3i),
3488 1622 3583 1675 xui.
3604 1622 3795 1688 ὥσπερ

2214 1718 2578 1790 ἀμεληθεῖσαν
2607 1717 2701 1772 καὶ
2728 1716 3136 1787 κεκοιμημένην
3164 1714 3343 1785 πυράν
3363 1754 3377 1777 ,
3407 1712 3797 1784 ἀναζωπυρου-

539 1811 664 1866 gum
725 1797 979 1853 redivivis
1023 1796 1300 1851 fomitibus
1366 1796 1614 1867 ingentes
1673 1796 1879 1866 ignium
1925 1797 2113 1867 globos
2144 1813 2188 1868 Β

2144 1813 2188 1868 Β
2219 1811 2397 1882 μένων
2435 1810 2542 1863 τῶν
2581 1807 2805 1881 πυρσῶν
2841 1808 3099 1877 μεγίστας
3143 1804 3413 1877 πυρκαῖάς
3453 1800 3794 1874 ἀναπληροῦ-

539 1892 717 1945 denuo
755 1890 1035 1955 excitare;
1084 1888 1378 1943 confestim
1434 1889 1501 1942 ad
1558 1897 1798 1942 nostram
1848 1887 2107 1957 pietatem

543 1992 801 2052 tauquam
856 1982 921 2034 ad
971 1980 1137 2035 totius
1170 1979 1442 2048 religionis
1474 1980 1812 2047 metropolim
1840 1977 2107 2048 confugit,

543 2074 842 2128 remedium
881 2073 1098 2144 aliquod
1136 2082 1193 2128 et
1236 2072 1539 2127 subsidium
1589 2070 1911 2139 efﬂagitans.
1954 2072 2110 2139 Quod

539 2169 759 2241 quidem
799 2166 1018 2222 salubre
1060 2164 1366 2228 consilium,
1396 2162 1550 2218 vobis
1592 2163 1661 2217 ob
1695 2163 1855 2219 tidem
1895 2163 2113 2233 pietatis

542 2270 732 2314 vestrae
763 2273 792 2313 a
826 2259 933 2313 diis
962 2254 1360 2312 immortalibus
1382 2265 1691 2326 suggestum
1727 2269 1852 2310 esse
1878 2269 1983 2309 non
2015 2255 2114 2309 du-

540 2350 688 2404 bium
718 2358 824 2405 est.
859 2348 1085 2404 Scilicet
1115 2346 1415 2401 altissimus
1445 2345 1534 2401 ille
1572 2354 1628 2400 et
1652 2345 1920 2402 maximus
1956 2344 2113 2416 Jupi-

542 2450 648 2506 ter,
689 2439 782 2509 qui
838 2437 1158 2493 clarissima:
1206 2436 1414 2492 civitati
1453 2445 1650 2492 vestra:
1687 2438 1977 2508 prmsidet;
2019 2438 2111 2509 qui

541 2533 752 2602 patrios
779 2540 994 2585 vestros
1019 2529 1172 2596 deos,
1191 2529 1280 2597 qui
1323 2543 1520 2584 uxores
1558 2537 1612 2584 et
1648 2529 1869 2593 liberos,
1904 2530 1994 2601 qui
2022 2546 2114 2600 pe-

542 2632 698 2675 nates
725 2629 780 2674 et
812 2621 1000 2673 domos
1030 2620 1099 2673 ab
1124 2622 1271 2673 omni
1320 2628 1476 2687 peste
1515 2627 1678 2687 atque
1716 2619 1884 2673 exitio
1931 2629 2114 2674 servat

541 2712 865 2775 incolumes,
894 2711 1093 2765 vestris
1120 2710 1395 2765 mentibus
1430 2711 1571 2766 hanc
1603 2710 1895 2767 salutarem
1929 2712 2117 2782 injecit

540 2805 967 2875 cogitationem;
1024 2812 1211 2873 aperte
1261 2802 1514 2857 indicans
1570 2813 1735 2874 atque
1786 2805 2113 2869 ostendens,

540 2909 703 2966 quam
730 2895 987 2949 eximium
1012 2909 1289 2965 quamque
1318 2894 1636 2963 praeclarum
1669 2905 1724 2950 et
1759 2894 1995 2950 salutare
2021 2896 2113 2962 sit,

540 2988 609 3042 ad
636 2987 843 3043 cultum
879 2988 1047 3057 ipsius
1076 2998 1129 3043 et
1159 2989 1224 3041 ad
1258 3002 1442 3043 sacras
1462 2988 1687 3043 deorum
1721 2987 2114 3042 immortalium

540 3080 896 3137 caeremonias
924 3095 1045 3135 cum
1076 3080 1254 3134 debita
1289 3080 1639 3135 veneratione
1673 3080 1955 3135 accedere.
1982 3078 2117 3147 Quis

2217 1919 2347 1965 σαν,
2397 1899 2599 1963 εὐθέως
2642 1898 2778 1970 πρὸς
2816 1897 2915 1968 τὴν
2955 1896 3230 1968 ἡμετέραν
3261 1894 3573 1959 εὐσέϐειαν,
3609 1893 3798 1965 ὥσπερ

2216 1992 2351 2065 πρὸς
2383 1991 2713 2063 μητρόπολιν
2736 1989 2925 2042 πασῶν
2950 1988 3286 2051 θεοσεδειῶν,
3314 1987 3482 2059 χωρίς
3503 2003 3648 2050 τινος
3679 1984 3799 2056 μελ-

2215 2082 2423 2155 λήσεως
2460 2081 2800 2150 κατέφυγεν,
2848 2079 2991 2133 ἴασίν
3035 2096 3155 2131 τινα
3204 2079 3299 2131 καὶ
3342 2076 3592 2148 βοήθειαν
3635 2077 3800 2130 ἀπαι-

2215 2174 2383 2227 τοῦσα
2405 2192 2419 2205 σ
2470 2174 2658 2246 ἥντινα
2711 2172 2947 2226 διάνοιαν
2982 2169 3333 2241 σωτηριώδη,
3364 2168 3451 2221 διὰ
3487 2169 3584 2239 τὴν
3617 2167 3800 2221 πίστιν

2216 2267 2317 2336 τῆς
2347 2265 2618 2337 ὑμετέρας
2644 2264 2953 2328 θεοσεϐείας
2980 2265 3105 2327 τοὺς
3125 2263 3278 2326 θεοὺς
3312 2264 3439 2333 ὑμῖν
3469 2260 3800 2333 ἐμϐεϐληκέ-

2217 2374 2305 2413 ναι
2354 2354 2511 2427 δῆλόν
2561 2355 2743 2407 ἐστιν·
2797 2355 3003 2416 ἐκεῖνος
3050 2350 3338 2420 τοιγαροῦν
3371 2351 3399 2402 ὁ
3439 2348 3663 2417 ὕψιστος
3706 2349 3802 2402 aut

2223 2442 2476 2514 μέγιστος
2520 2443 2689 2506 Ζεὺς,
2732 2443 2761 2494 ό
2809 2441 3227 2512 προκαθήμενος
3266 2439 3367 2508 τῆς
3407 2438 3802 2510 λαμπροτάτης

2219 2536 2250 2587 ὑ
2259 2535 2373 2606 μῶν
2404 2534 2631 2598 πόλεως,
2666 2533 2695 2584 ὁ
2717 2535 2841 2597 τοὺς
2870 2532 3158 2605 πατρῴους
3182 2530 3336 2603 ὑμῶν
3362 2531 3519 2594 θεοὺς
3539 2570 3554 2593 ,
3585 2530 3680 2584 καὶ
3705 2546 3801 2599 γυο

2219 2631 2411 2691 ναῖκας
2448 2627 2543 2681 καὶ
2582 2626 2770 2690 τέκνα,
2803 2627 2897 2679 καὶ
2923 2624 3107 2678 ἐστίαν
3136 2623 3232 2676 καὶ
3269 2622 3450 2685 οἴκους
3482 2621 3591 2674 ἀπὸ
3618 2620 3801 2691 πάσης

2219 2716 2460 2787 ὀλεθρίου
2494 2715 2699 2788 φθορᾶς
2726 2715 2985 2786 ῥυόμενος
3008 2756 3023 2780 ,
3051 2716 3173 2777 ταῖς
3198 2713 3493 2785 ὑμετέραις
3515 2713 3712 2784 ψυχαῖς
3741 2712 3803 2766 τὸ

2222 2809 2488 2880 σωτήριον
2518 2807 2804 2861 ἐνέπνευσε
2839 2805 3083 2877 βούλημα
3107 2847 3123 2871 ,
3153 2806 3458 2869 ἐπιδεικνὺς
3483 2806 3573 2860 καὶ
3604 2804 3801 2876 ἐμφαίο

2221 2918 2354 2966 νων,
2398 2901 2548 2963 ὅπως
2585 2897 2861 2970 ἐξαίρετόν
2900 2898 3015 2950 ἐστι
3055 2898 3150 2953 καὶ
3190 2896 3440 2969 λαμπρόν
3486 2897 3583 2951 καὶ
3622 2912 3799 2967 σωτη-

2224 2991 2444 3063 ριῶδες,
2488 2992 2627 3062 μετά
2662 2991 2756 3044 τοῦ
2792 2990 3140 3063 ὀφειλομένου
3183 2990 3526 3061 σεϐάσματος
3569 2991 3635 3062 τῇ
3676 2990 3802 3061 θρηο

2224 3082 2379 3155 sicsi;
2404 3083 2513 3154 (5‘2)
2536 3083 2629 3136 καὶ
2646 3085 2764 3146 ταῖς
2789 3082 3192 3154 ίεροθρησκίαις
3218 3082 3325 3135 τῶν
3351 3081 3634 3137 ἀθανάτων
3662 3081 3800 3135 θεῶν

540 3172 683 3225 enim
727 3181 833 3225 tam
884 3170 1149 3237 demens,
1200 3179 1418 3239 tamquc
1456 3171 1635 3223 omnis
1687 3185 1880 3225 sensus
1918 3183 2113 3240 expers
2140 3171 2184 3229 C

2140 3171 2184 3229 C
2216 3173 2517 3245 προσιέναι.
2553 3174 2648 3237 Τίς
2682 3173 2790 3244 γὰρ
2821 3172 2994 3237 οὕτως
3025 3174 3252 3245 ἀνόητος
3280 3174 3312 3244 ἢ
3341 3172 3433 3227 νοῦ
3467 3173 3664 3237 παντὸς
3703 3172 3799 3226 ἀλ-

540 3262 770 3331 reperiri
805 3270 1005 3331 potest,
1049 3261 1141 3329 qui
1178 3275 1283 3314 non
1317 3258 1582 3330 intelligat
1614 3261 1847 3331 propitia
1890 3261 2112 3316 deorum

541 3354 594 3408 in
625 3369 723 3409 nos
752 3351 1128 3408 benevolentia
1189 3352 1327 3414 ﬁeri,
1380 3353 1524 3422 quod
1576 3367 1678 3408 nec
1723 3364 1871 3407 terra
1904 3353 2113 3407 credita

539 3447 642 3502 sibi
668 3449 908 3516 abnegat
934 3447 1171 3511 semina,
1205 3461 1355 3515 spem
1379 3446 1739 3513 agricolarum
1763 3459 1901 3499 vana
1932 3459 2117 3514 exspe-

539 3539 780 3594 ctatione
814 3537 1076 3592 deludens
1102 3550 1121 3603 ;
1152 3551 1253 3591 nec
1279 3536 1431 3607 impii
1466 3536 1589 3591 belli
1619 3545 1874 3607 aspectus
1900 3535 2114 3605 impne-

538 3626 720 3698 pedite
746 3624 954 3680 deﬁxus
985 3626 1158 3679 hmret
1185 3624 1239 3679 in
1285 3626 1494 3680 terris:
1538 3641 1639 3681 nec
1686 3632 1943 3694 corrupta
1989 3625 2113 3680 cmli

542 3718 803 3787 temperie
825 3718 1033 3771 arentia
1056 3726 1286 3786 pereunt
1313 3732 1542 3788 corpora
1575 3730 1593 3772 :
1625 3733 1726 3773 nec
1746 3718 2116 3773 immoderatis

539 3820 823 3864 ventorum
853 3805 1078 3864 ﬂatibus
1107 3808 1368 3876 agitatum
1400 3811 1621 3880 pelagus
1649 3810 1982 3874 intumescit,
2015 3823 2115 3864 nec

540 3900 738 3953 subitae
781 3906 836 3952 et
885 3907 1084 3966 praeter
1124 3902 1582 3967 exspectationem
1630 3901 1943 3970 ingruentes
1989 3914 2115 3971 pro-

541 3992 691 4049 cella:
715 3991 1082 4061 perniciosam
1123 3992 1366 4047 excitant
1407 4000 1784 4062 tempestatem
1815 4009 1832 4047 :
1862 3993 2118 4064 quodque

541 4099 737 4155 parens
765 4084 1007 4137 omnium
1029 4093 1085 4138 et
1112 4084 1295 4138 nutrix
1330 4091 1498 4150 terra,
1523 4098 1622 4139 nec
1651 4084 1718 4140 ab
1743 4084 1866 4140 imis
1895 4084 2116 4139 sedibus

541 4174 816 4230 horrendo
863 4183 1102 4230 tremore
1153 4187 1424 4230 concussa
1465 4174 1736 4243 emergit;
1772 4187 1873 4228 nec
1925 4187 2115 4228 rursus

540 4276 751 4324 montes
775 4265 953 4323 ﬂidem
985 4266 1315 4338 superpositi
1337 4264 1491 4321 hiatu
1523 4267 1702 4321 subito
1727 4266 2110 4321 absorbentur.

2217 3266 2426 3339 λότριος
2458 3266 2742 3338 εὑρεθῆναι
2789 3266 3044 3330 δύναται,
3090 3265 3150 3329 ὃς
3193 3265 3294 3318 οὐκ
3337 3263 3681 3327 αἰσθάνεται,
3731 3265 3798 3334 τῇ

2218 3358 2503 3431 φιλαγάθῳ
2542 3358 2649 3412 τῶν
2690 3357 2828 3412 θεῶν
2872 3356 3074 3428 σπουδῇ
3112 3356 3429 3427 συμϐαίνειν
3452 3395 3468 3420 ,
3522 3358 3660 3426 μήτε
3700 3355 3799 3426 τὴν

2217 3452 2321 3521 γῆν
2349 3449 2420 3503 τά
2444 3449 2847 3521 παραδιδόμενα
2876 3449 3011 3519 αὐτῇ
3042 3448 3334 3519 σπέρματα
3372 3445 3676 3518 ἀρνεῖσθαι,
3701 3446 3802 3517 τὴν

2220 3541 2636 3620 τῶνῇγεωργῶν
2688 3541 2878 3594 ἐλπίδα
2925 3542 3055 3611 κενῇ
3092 3538 3387 3612 προσδοκίᾳ
3438 3538 3798 3608 σφάλλουσαν,

2225 3632 2347 3703 μηδ’
2378 3626 2445 3685 αὖ
2496 3630 2723 3695 ἀσεϐοῦς
2781 3628 3015 3699 πολέμου
3066 3628 3330 3700 πρόσοψιν
3385 3626 3801 3689 ἀνεπικωλύτως

2220 3723 2313 3777 ἐπὶ
2360 3723 2466 3793 γῆς
2505 3722 2852 3796 στηρίζεσθαι
2901 3720 3043 3792 (⁸55),
3090 3720 3183 3773 καὶ
3228 3718 3526 3792 φθαρείσης
3569 3719 3669 3790 τῆς
3705 3715 3801 3772 τοῦ

2220 3815 2449 3888 οὐρανοῦ
2478 3816 2796 3889 εὐκρασίας,
2838 3813 3133 3883 αὐχμῶντα
3171 3811 3241 3865 τὰ
3273 3810 3499 3881 σώματα
3532 3812 3612 3875 είς
3639 3811 3808 3864 θάνα-

2221 3923 2313 3961 τον
2341 3906 2767 3977 κατασύρεσθσι,
2803 3906 2940 3977 μηδὲ
2971 3906 3077 3975 μὴν
3104 3904 3359 3975 ἀμέτρων
3391 3901 3608 3972 ἀνέμων
3634 3902 3800 3954 πνεύο

2225 4013 2358 4068 μασι
2391 3996 2489 4068 τὴν
2522 3996 2798 4050 θάλασσαν
2827 3996 3197 4066 κυμαίνουσαν
3231 3990 3598 4065 κορυφοῦσθαι
3618 4028 3634 4054 ,
3668 3990 3803 4061 μηδέ

2222 4102 2284 4156 γε
2319 4088 2635 4155 καταιγίόας
2657 4087 3094 4159 ἀπροσδοκήτους
3122 4080 3651 4155 καταρρηγνυμένας
3680 4079 3799 4134 όλέ-

2220 4181 2367 4253 θριον
2397 4178 2640 4250 χειμῶνα
2674 4178 2979 4250 ἐπεγείρειν
3003 4216 3018 4241 ,
3066 4176 3146 4228 ἔτι
3181 4175 3360 4228 τοίνυν
3390 4175 3526 4245 μήτε
3553 4172 3650 4245 τὴν
3678 4189 3802 4245 τρο-

2220 4267 2318 4335 φὸν
2353 4266 2606 4320 ἁπάντων
2642 4268 2735 4320 καὶ
2778 4266 2990 4337 μητέρα
3034 4267 3170 4336 γῆν,
3218 4262 3327 4318 ἀπὸ
3362 4262 3472 4317 τῶν
3503 4263 3803 4317 κατωτάτω

609 4445 724 4515 (29)
761 4439 863 4513 Οἷς
890 4448 964 4519 ρὺ
985 4445 1186 4517 ψιλῶν
1217 4444 1316 4500 καὶ
1342 4444 1659 4499 ὐποκένων
1670 4444 1973 4515 ῥημάτων.
1991 4443 2125 4519 ΑΜιιτ
2148 4462 2201 4519 D

2078 4460 2125 4519 ιτ-
2148 4462 2201 4519 D
2299 4446 2489 4519 Qualis
2517 4447 2607 4499 ubi
2641 4444 2913 4519 hibernam
2944 4444 3744 4519 Lyciam,Kent/iique‘ﬂucnta

536 4522 724 4571 sculus
766 4528 823 4572 et
876 4515 1410 4587 Christophorsonus
1464 4519 1580 4571 base
1631 4521 1698 4570 ad
1750 4522 1882 4587 deos
1923 4515 2115 4587 referri

535 4589 942 4642 existimarunt.
979 4589 1089 4657 Ego
1104 4584 1174 4640 ad
1211 4587 1592 4657 Tyriosgipsos
1629 4588 1810 4643 retuli.
1840 4584 2114 4657 Perstrin-

535 4659 613 4727 git
637 4667 815 4712 autem
841 4655 1167 4727 Maximinus
1202 4655 1364 4727 ﬁdem
1388 4655 1829 4711 Christianorum
1861 4656 2108 4727 liisgver-

539 4724 622 4780 bis
650 4743 665 4781 :
693 4727 975 4798 ὐποκένων
1006 4726 1266 4798 ῥημάτων
1287 4725 1490 4791 πίστις,
1518 4726 1669 4794 quasi
1695 4724 2115 4798 lidesChristia-

544 4810 731 4849 rorum
769 4797 904 4849 nihil
934 4795 1128 4866 praetor
1159 4798 1324 4851 verba
1360 4799 1608 4863 haberet,
1665 4811 1731 4851 ac
1769 4795 1933 4850 rebus
1979 4797 2113 4865 ipsis

545 4880 707 4919 vacua
735 4876 903 4920 esset.

606 4935 721 5006 (δυ)
760 4934 1099 5004 Ἐπιδημίᾳ.
1127 4934 1489 5006 Crediderunt
1530 4944 1765 5000 veteres,
1795 4934 1962 4990 certis
1989 4931 2110 4988 die-

538 5003 640 5059 bus
669 5003 799 5060 deos
854 5009 906 5059 in
957 5003 1219 5086 quaedam
1274 5006 1448 5086 urbes
1475 5006 1607 5086 ipsis
1654 5015 2110 5086 acceptascoin-

540 5088 769 5146 meare;
804 5089 1033 5146 easque
1047 5074 1376 5146 -ἐπιδημίας
1422 5073 1561 5127 θεῶν
1595 5073 1969 5146 appellabant.
2014 5074 2111 5146 Sic

536 5145 680 5213 apud
721 5144 902 5200 Delios
935 5143 990 5198 et
1016 5143 1258 5200 Milesios
1290 5150 1557 5200 adventus
1583 5146 1863 5214 Apollinis
1887 5144 2107 5199 coleba-

537 5221 663 5278 tur;
705 5214 846 5282 apud
901 5217 1130 5283 Argivos
1189 5216 1416 5279 Dianai,
1477 5226 1533 5267 ut
1574 5213 1764 5269 scribit
1815 5213 2111 5267 Menander

536 5289 722 5355 rhetor
757 5300 951 5355 tnrcap.
986 5286 1055 5340 de
1089 5286 1306 5355 hymnis
1347 5284 1806 5355 ἀποπεμπτικοίς.
1842 5284 2110 5355 Aristides

535 5352 591 5407 in
627 5351 1027 5426 Panathenaico
1064 5351 1292 5426 πότερον
1318 5356 1415 5418 τὰς
1442 5351 1593 5407 Θεῶν
1636 5352 1931 5426 ἐπιδημίας
1965 5352 2109 5426 εἴποι

534 5439 639 5495 τις.
679 5424 776 5476 Ilio
806 5423 1229 5495 Chrysostomus
1274 5426 1337 5495 in
1376 5426 1647 5495 oratione
1694 5423 1816 5495 qua;
1882 5423 2105 5495 Tarsica

535 5494 895 5564 inscribitur,
916 5492 1038 5563 pag.
1076 5494 1184 5549 408
1212 5513 1226 5549 :
1261 5492 1555 5564 Qualem);
1579 5563 1583 5564 ν
1604 5492 1849 5555 οἰκιστὰς
1877 5492 2064 5564 ἥρῳας
2089 5531 2105 5557 ν

532 5561 568 5634 ἢ
599 5561 760 5635 θεοὺς
784 5561 1043 5635 πολλάκις
1073 5562 1495 5635 ἐπιστρέφεσθαι
1534 5563 1634 5635 τὰς
1673 5564 1855 5617 αὐτῶν
1894 5561 2102 5635 πόλεις,

533 5631 647 5694 τοῖς
682 5633 862 5703 ἄλλοις
910 5633 1068 5699 ὄντας
1119 5631 1382 5703 ἀφανεῖς,
1425 5633 1482 5685 ἐν
1510 5650 1571 5685 τε
1604 5633 1816 5695 θυσίαις
1838 5631 1932 5686 καί
1965 5647 2107 5684 τισιν

536 5702 745 5772 ἐσρταί,
774 5702 1146 5774 δημοτελέσιν,
1172 5702 1293 5759 etc.
1319 5705 1394 5758 De
1423 5704 1729 5774 hujusmodi
1760 5712 1985 5756 deorum
2018 5705 2109 5757 atl-

539 5771 699 5828 ventu
741 5771 917 5843 poetic
946 5790 1145 5843 passim
1174 5771 1502 5844 loquuntur.
1522 5771 1670 5846 Virg.
1704 5772 1799 5829 lib.
1825 5788 1878 5827 tv
1908 5791 1922 5828 ;

2290 4516 2532 4582 Deserit,
2555 4533 2619 4570 ac
2652 4516 2842 4570 Delum
2866 4528 3159 4570 maternam
3181 4516 3357 4569 invisit
3393 4515 3605 4584 Apollo.

2216 4649 2357 4705 Hinc
2386 4659 2470 4721 est
2507 4651 2649 4721 quod
2679 4650 2945 4705 adventus
2970 4651 3136 4720 impp.
3173 4652 3226 4705 in
3251 4650 3533 4721 veteribus
3558 4651 3797 4705 nummis

2215 4736 2268 4775 et
2303 4723 2356 4774 in
2381 4720 2712 4775 Kalendario
2750 4722 3047 4790 inscriptus
3095 4721 3363 4783 cernitur.
3414 4720 3521 4774 Sed
3550 4730 3605 4773 et
3632 4722 3796 4774 Chri-

2214 4792 2376 4844 stiani
2417 4793 2485 4844 de
2512 4793 2835 4860 quibusdam
2866 4792 3071 4845 sanctis
3092 4792 3235 4845 idem
3269 4791 3590 4845 credidere:
3623 4799 3683 4843 ut
3724 4790 3795 4844 de

2217 4861 2416 4915 Thecla
2456 4861 2745 4916 Dalisamla
2779 4862 2849 4916 ab
2884 4861 3017 4915 urbe
3043 4862 3288 4915 Seleucia
3330 4870 3672 4915 eommeante
3696 4861 3797 4914 sub

2216 4932 2362 4984 diem
2395 4932 2564 4999 ipsius
2590 4931 2811 4994 festum.
2844 4944 2899 4985 et
2937 4932 3002 4985 de
3037 4930 3209 4986 Paulo
3239 4931 3409 4983 lloma
3444 4930 3676 4984 Tarsum
3712 4929 3795 4983 in-

2215 5003 2449 5062 visente,
2493 5003 2569 5055 ait
2599 5001 2835 5055 Basilius
2868 5002 2919 5053 iu
2956 5000 3046 5054 lih.
3076 5016 3137 5066 ii,
3172 5003 3241 5053 de
3270 5000 3470 5054 Tllet-la
3497 5040 3511 5060 ,
3548 5014 3667 5067 cap.
3704 5000 3792 5052 10.

2285 5069 2398 5141 (51)
2423 5073 2665 5139 Ἔρπειν
2680 5070 2991 5141 ἄρχεσθαι.
3011 5073 3163 5140 Apud
3181 5069 3541 5136 Nicephorum
3562 5068 3792 5141 legitur;

2212 5138 2402 5213 emo
2435 5138 2530 5213 καὶ
2556 5138 2833 5213 ἔρχεσθαι.
2869 5138 3360 5213 [taque—legendum
3390 5144 3604 5213 videtur
3634 5178 3650 5204 ,
3701 5138 3795 5193 καὶ

2210 5209 2430 5283 ἔχεσθαι
2462 5209 2654 5283 ὥσπερ
2687 5210 3075 5283 ἀμεληθεῖσαν,
3106 5226 3237 5273 etc.,
3283 5209 3447 5264 scribi
3497 5210 3663 5263 etiam
3690 5223 3792 5278 po-

2215 5282 2738 5363 tesltgatjfxecom
2771 5282 3142 5363 (beneﬁcia,
3166 5284 3357 5363 eodem
3381 5294 3565 5363 sensu:

2210 5419 2240 5474 0
2283 5349 2395 5424 (52)
2422 5346 2526 5474 (Τῇ
2549 5346 2855 5422 amantes.
2883 5346 3239 5406 scribendum
3270 5351 3486 5405 videtur
3514 5350 3583 5420 τῇ
3623 5346 3790 5403 αὐτοῦ

2248 5436 2414 5474 unus
2442 5440 2496 5474 α.

2319 5438 2496 5477 σκεια.

2248 5436 2732 5563 ρῗῶεῖῗρόσοψιν
2750 5487 3167 5563 στηρίζεσθαι.
3192 5489 3396 5545 Alludit
3421 5489 3487 5543 ad
3508 5496 3788 5563 aspectum

2208 5572 2263 5635 et
2285 5556 2587 5635 στηριγμὸν
2616 5556 2976 5635 planetarum.
3008 5562 3214 5635 Dicitur
3254 5571 3437 5614 autem
3483 5556 3789 5635 στηριγμός

2210 5631 2264 5685 in
2293 5629 2547 5701 planetis,
2576 5629 2699 5686 cum
2733 5633 2786 5685 in
2822 5634 3068 5703 epicyclo
3114 5648 3213 5703 suo
3260 5646 3360 5684 nec
3394 5629 3647 5701 progredi
3673 5645 3789 5681 am-

2210 5703 2371 5771 plius,
2412 5719 2512 5758 uec
2541 5704 2889 5758 retrocedere
2913 5704 3090 5757 adhuc
3122 5702 3401 5756 videmur.
