4220 6388
571 359 675 416 Sl3

1561 346 1915 404 HlSTOthE
1954 339 2521 401 ECCLESIASTICIE
2563 340 2694 396 LIB.
2734 338 2827 395 lX.

3733 323 3839 391 BM

569 479 810 550 λαγόνων
834 479 1034 549 ἑαυτῆς
1058 478 1117 529 ὲν
1138 472 1355 546 φοϐερῷ
1376 470 1563 545 τρόμῳ
1584 468 1989 541 καταδυομένην
2020 465 2155 538 (54),

2264 460 2412 528 Quas
2434 459 2652 530 quidem
2680 469 2871 514 omnes
2904 448 3251 512 calamitates
3283 452 3458 524 iisque
3480 453 3656 510 adhuc
3685 468 3840 511 acer-

574 570 709 644 μηδέ
733 581 797 641 γε
815 572 885 623 τά
912 568 1238 638 ἐπικείμενα
1268 566 1370 637 όρη
1398 562 1698 635 χασμάτων
1731 560 2032 630 γινομένων
2060 574 2160 612 κα-

567 661 892 728 ταδύεσθαι,
924 661 1068 731 ἀπερ
1107 659 1286 713 πάντα
1312 659 1406 710 καὶ
1431 656 1636 709 τούτων
1680 651 1761 705 ἔτι
1803 648 2160 723 χαλεπώτερα

571 754 716 811 κακά
751 752 857 823 πρὸ
888 750 1077 805 τούτου
1121 749 1381 813 πολλάκις
1417 746 1719 817 γεγονέναι,
1750 743 1925 808 οὐδεὶς
1953 744 2156 812 ἀγνοεῖ.

569 845 682 899 Καὶ
721 842 895 898 ταῦτα
931 847 1221 913 σύμπαντα
1244 839 1334 893 διὰ
1377 840 1476 910 τὴν
1522 835 1764 907 ὀλέθριον
1807 833 2016 904 πλάνην
2057 832 2160 903 τῆς

570 937 835 991 ὑποκένου
873 937 1230 1009 ματαιότητος
1259 932 1369 986 τῶν
1388 931 1662 1003 ἀθεμίτων
1695 926 1996 1001 ἀνθρώπων
2019 926 2160 979 ὲκεί-

570 1047 675 1084 νων
704 1031 946 1099 ἐγίνετο,
994 1029 1158 1100 ἡνίκα
1189 1025 1333 1081 κατά
1373 1024 1474 1088 τὰς
1513 1022 1693 1095 ψυχὰς
1739 1021 1919 1077 αὑτῶν
1960 1018 2161 1072 ἐπεπό-

568 1117 731 1187 λαζε,
764 1123 889 1186 καὶ,
923 1121 1105 1191 σχεδὸν
1139 1120 1312 1172 εἰπεῖν
1333 1157 1348 1181 ,
1378 1116 1448 1171 τὰ
1474 1116 1750 1187 πανταχοῦ
1782 1115 1883 1184 τῆς
1908 1113 2161 1185 οἰκουμέ-

568 1225 667 1281 νης
696 1210 977 1281 αἰσχύναις
1011 1209 1247 1274 ἐπίεζε.»
1287 1208 1510 1272 Τούτοις
1549 1206 1667 1278 μεθ’
1694 1207 1858 1279 ἕτερα
1880 1206 2121 1274 ἐπιλέγει
2140 1222 2155 1237 ο

577 1320 595 1353 ι
617 1301 1000 1374 Ἐφοράτωσαν
1025 1304 1083 1354 ἐν
1115 1303 1225 1364 τοῖς
1246 1300 1504 1353 πλατέσιν
1534 1299 1634 1370 ήδη
1665 1299 1866 1363 πεδίοις
1895 1297 2159 1352 ἀνθοῦντα

568 1393 638 1449 τὰ
667 1394 813 1466 λήῖα,
849 1394 943 1446 καὶ
970 1395 1081 1456 τοῖς
1112 1392 1412 1463 ἀστάχυσιν
1437 1389 1881 1461 ἐπικυμαίνοντα,
1907 1391 2002 1443 καὶ
2031 1390 2160 1453 τοὺς

568 1485 842 1557 λειμῶνας
887 1486 952 1538 δι’
987 1484 1285 1557 εὑομϐρίαν
1309 1524 1324 1549 ,
1366 1485 1553 1554 φυτοῖς
1586 1483 1682 1536 καὶ
1729 1482 1914 1537 ἄνθεσι
1947 1481 2160 1554 λαμπο-

575 1577 789 1647 μένους,
817 1576 913 1630 καὶ
946 1575 1047 1646 τὴν
1084 1574 1179 1629 τοῦ
1209 1574 1372 1646 ἀέρος
1407 1573 1739 1628 κατάστασιν
1770 1571 2036 1644 εὔκρατον
2064 1572 2160 1627 καὶ

572 1670 887 1741 πραοτάτην
915 1667 1270 1721 ἀποδοθεῖσαν
1289 1683 1304 1697 ·
1336 1665 1678 1738 χαιρέτωσαν
1708 1663 1893 1718 λοιπὸν
1919 1662 2158 1728 ἅπαντες

569 1758 661 1814 διὰ
705 1760 807 1830 τῆς
849 1758 1121 1830 ὑμετέρας
1161 1756 1472 1822 εὐσεϐείας,
1511 1756 1820 1829 ἱερουργίας
1848 1771 1909 1808 τε
1946 1755 2041 1808 καὶ
2071 1772 2157 1807 τι-

2261 557 2440 613 biores
2468 556 2603 610 alias
2624 594 2640 620 ,
2671 552 2907 608 antebae
2936 549 3138 621 smpius
3187 548 3500 619 contigisse,
3564 563 3727 603 nemo
3756 559 3842 606 cst

2260 649 2353 719 qui
2382 649 2616 719 ignoret.
2648 644 2777 700 Haec
2806 657 2968 714 porro
3004 641 3186 696 omnia
3215 641 3285 697 ob
3324 641 3644 711 pestiferum
3685 656 3840 697 errob

2262 756 2374 798 rem
2400 741 2736 797 inanissima:
2758 735 3017 791 vanitatis
3045 732 3437 790 sceleratorum
3473 731 3693 808 illorum
3732 732 3838 786 bo-

2261 837 2470 891 minum
2499 840 2827 895 evenerunt,
2855 844 2962 898 quo
2992 838 3236 897 tempore
3264 842 3420 883 error
3445 826 3533 881 ille
3556 827 3610 881 in
3640 826 3841 882 animis

2261 943 2448 983 eorum
2498 924 2808 996 pullulavit,
2860 931 2916 975 et
2956 920 3268 974 universum
3298 918 3688 988 prepemodum
3727 928 3841 972 ter-

2262 1035 2449 1075 rarum
2477 1020 2664 1074 orbem
2688 1015 2891 1087 probro
2913 1028 2978 1069 ac
3005 1012 3269 1068 dedecore
3296 1010 3554 1080 opplevit.
3580 1029 3599 1063 ι
3636 1010 3841 1065 Deinde

2262 1110 2453 1184 paucis
2516 1108 2980 1180 iuterjectisdmc
3025 1104 3348 1174 subiungit:
3390 1122 3409 1156 ι
3440 1103 3727 1174 Aspiciant
3782 1103 3837 1158 in

2261 1217 2447 1278 aperta
2479 1215 2792 1274 camporum
2828 1199 3054 1272 planitie
3081 1198 3337 1255 ﬂorentes
3358 1208 3567 1270 segetes
3589 1210 3645 1255 et
3672 1201 3839 1270 spicis

2261 1298 2662 1370 quodammodo
2693 1295 3052 1357 ﬂuctuantes,
3081 1301 3232 1360 prata
3265 1292 3611 1347 considerent
3637 1293 3840 1363 plantis

2261 1400 2317 1447 et
2339 1392 2567 1447 tioribus
2592 1389 2912 1445 collucentia
2943 1397 3166 1459 prepter
3188 1397 3546 1455 opportunam
3580 1386 3838 1440 imbrium

2260 1480 2677 1551 irrigationem;
2713 1478 2835 1534 caeli
2864 1487 3066 1533 statum
3095 1477 3413 1532 intueantur
3447 1476 3500 1530 in
3531 1476 3840 1548 placidissie'

2262 1588 2407 1627 mam
2434 1571 2749 1641 temperiem
2798 1569 2964 1643 355
3028 1570 3364 1625 restitutum;
3430 1568 3706 1624 Lmtentur
3781 1569 3837 1625 in

2260 1673 2536 1734 posterum
2589 1663 2793 1721 cuncti.
2849 1663 2992 1733 quod
3049 1679 3149 1733 per
3185 1671 3421 1717 vestram
3478 1662 3736 1729 pietatem
3786 1671 3843 1716 et

2260 1753 2532 1811 sacriﬁcia
2564 1763 2620 1808 et
2659 1754 2864 1810 cultum
2893 1754 3143 1819 deorum,
3196 1768 3396 1809 numen
3456 1751 3739 1808 fortissimi
3783 1761 3843 1807 et

575 1853 681 1923 μῆς
703 1891 718 1915 ,
747 1850 849 1921 τῆς
887 1849 981 1902 τοῦ
1026 1849 1404 1903 δυνατωτάτου
1444 1848 1537 1902 καὶ
1579 1846 1937 1919 περῤοτάτου
1967 1847 2161 1917 ’Ἄρεος

2265 1846 2626 1918 potentissimi
2676 1847 2866 1902 Martis
2920 1846 3189 1917 placatum
3255 1856 3341 1902 cst
3376 1864 3388 1901 :
3424 1854 3589 1916 atque
3639 1845 3841 1901 idcirco

570 1940 854 2009 δυνάμεως
892 1937 1386 2010 ἐξευμενισθείσης,
1430 1938 1526 1992 καὶ
1568 1936 1659 1991 διὰ
1693 1936 1852 1990 τοῦτο
1883 1938 1983 2007 τῆς
2018 1936 2161 1990 εὐδι-

571 2031 820 2102 νωτάτης
841 2030 1063 2102 εἰρήνης
1101 2028 1332 2099 βεϐαίως
1369 2028 1489 2100 μεθ’
1516 2028 1747 2100 ἡσυχίας
1773 2027 2156 2093 ἀπολαύοντες,

572 2121 981 2194 ἡδυνέσθωσαψ
1016 2121 1112 2175 καί¹
1140 2121 1253 2174 ὅσοι
1297 2122 1399 2192 τῆς
1443 2118 1652 2189 τυφλῆς
1691 2119 1908 2191 ἐκείνης
1952 2118 2160 2190 πλάνης

571 2212 669 2267 καὶ
700 2213 948 2286 περιόδου
979 2212 1323 2267 παντάπασιν
1350 2210 1683 2274 ἀποστάντες
1705 2252 1718 2277 ,
1750 2211 1830 2274 εἰς
1870 2209 2034 2282 ὀρθὴν
2067 2211 2161 2263 καὶ

573 2304 870 2375 καλλίστην
917 2304 1156 2359 διάνοιαν
1219 2298 1543 2375 ἐπανῆλθον,
1601 2301 1861 2373 μειζόνως
1922 2306 2019 2373 μὲν
2066 2296 2161 2355 οὖν

573 2396 945 2468 χαιρέτωσαν,
999 2395 1075 2459 ὡς
1127 2395 1194 2449 ἂν
1241 2397 1307 2449 ἐκ
1352 2393 1620 2466 χειμῶνος
1664 2394 2070 2465 ἀπροσδοκήτου
2123 2393 2156 2465 ἢ

571 2488 728 2543 νόσου
761 2488 986 2560 βαρείας
1011 2487 1473 2552 ἀποσπασθέντες,
1506 2488 1601 2540 καὶ
1623 2488 1808 2559 ἡδεῖαν
1837 2489 1915 2552 είς
1940 2487 2159 2542 τούπιὸν

573 2581 722 2653 ζωῆς
754 2581 1053 2635 ἀπόλαυσιν
1082 2579 1530 2651 καρπωσάμενοι.
1574 2577 1640 2632 El
1684 2578 1741 2632 δὲ
1780 2582 1849 2651 τῇ
1898 2579 2160 2651 ἐπαράτῳ

574 2672 753 2727 αὐτῶν
776 2672 1093 2744 ματαιότητι
1115 2672 1444 2743 ἐπιμένοιεν,
1467 2670 1525 2722 ἐν
1549 2669 1728 2741 πολλῷ
1755 2669 2039 2743 πόρρωθεν
2061 2670 2161 2741 τῆς

575 2764 844 2836 ὑμετέρας
878 2764 1087 2827 πόλεως
1129 2763 1224 2817 καὶ
1268 2760 1614 2835 περιχώρου,
1653 2760 1837 2826 καθὼς
1867 2761 2157 2833 ἠξιώσατε,

573 2856 1047 2929 ἁποχωρισθέντες
1087 2854 1531 2927 ἐξελαθήτωσαν,
1566 2854 1632 2907 ἵν’
1667 2852 1840 2919 οὕτως
1877 2855 1999 2909 κατ’
2040 2856 2164 2908 ἀκο-

574 2948 794 3004 λουθίαν
826 2952 926 3022 τῆς
972 2947 1287 3015 ἀξιεπαίνου
1334 2948 1489 3019 ὑμῶν
1533 2948 1660 3022 περὶ
1701 2948 1859 3001 τοῦτο
1902 2948 2158 3019 σπουδῆς,

576 3043 775 3106 παντὸς
827 3043 1135 3115 μιάσματος
1184 3043 1278 3096 καὶ
1330 3042 1585 3106 ἀσεϐείας
1636 3041 2075 3114 ἀποχωρισθεῖσα
2124 3043 2158 3113 ἡ

575 3131 817 3202 ὑμετέρα
862 3131 1037 3196 πόλις,
1085 3132 1225 3187 κατά
1278 3131 1378 3203 τὴν
1428 3131 1665 3203 ἔμφυτον
1720 3134 1856 3203 αὑτῇ
1904 3131 2162 3202 πρόθεσιν

575 3221 686 3295 (55)
742 3223 882 3295 μετά
925 3224 1019 3278 τοῦ
1065 3223 1417 3295 ὀφειλομένου
1470 3224 2003 3295 σεϐάσματος,’ταῖς
2050 3221 2161 3314 τῶν
2190 3252 2235 3314 C

575 3314 859 3369 ἀθανάτων
889 3314 1027 3369 θεῶν
1069 3315 1400 3386 ἱερουργίαις
1430 3316 1699 3388 ὑπακούῃ.
1741 3316 1859 3368 Ἵνα
1892 3315 1951 3369 δέ
1987 3310 2160 3385 εἰδῆτε

574 3408 685 3477 ὅσῳ
717 3406 1020 3478 προσφιλὴς
1051 3409 1185 3477 ἡμῖν
1213 3407 1436 3475 γέγονεν
1469 3408 1503 3478 ἡ
1547 3409 1675 3478 περὶ
1708 3406 1898 3460 τούτου
1941 3405 2164 3473 ἀξίωσις

576 3498 751 3569 ὑμῶν,
788 3500 882 3551 καὶ
904 3499 1073 3570 χωρὶς
1100 3497 1467 3568 ψηφισμάτων
1495 3498 1589 3550 καὶ
1612 3498 1780 3570 χωρὶς
1802 3498 2040 3569 δεήσεως
2067 3498 2166 3550 αὑ-

576 3587 812 3660 θαιρέτῳ
856 3588 1108 3660 βουλήσει
1140 3590 1173 3659 ὴ
1211 3588 1456 3660 ἡμετέρα
1500 3588 1884 3660 προθυμοτάτη
1929 3589 2163 3659 φιλαγα-

577 3680 720 3744 θὶαις
758 3680 941 3751 ψυχὴ,
986 3681 1357 3752 ἐπιτρέπομεν
1401 3683 1468 3752 τῇ
1521 3681 1762 3754 ὑμετέρᾳ
1815 3682 2160 3749 καθοσιώσει,

575 3775 767 3831 ὁποίαν
803 3775 847 3828 δ’
875 3775 941 3829 ἂν
981 3773 1281 3846 βουληθῆτε
1317 3773 1763 3845 μεγαλώωρεάν,
1807 3774 1928 3828 ἀντὶ
1958 3774 2165 3847 ταύτης

577 3866 733 3938 ὑμῶν
759 3870 858 3935 τῆς
892 3867 1142 3936 φιλοθέου
1172 3865 1486 3937 προθέσεως
1518 3867 1759 3937 αἰτῆσαι.
1790 3868 1899 3921 Καὶ
1927 3867 2027 3939 ἤδη
2066 3867 2164 3938 μὲν

572 3960 734 4013 τοῦτο
764 3965 941 4014 ποιεῖν
971 3962 1065 4014 καὶ
1092 3960 1278 4014 λαϐεῖν
1307 3958 1575 4027 ἀξιώσατε
1597 3974 1608 3987 ·
1652 3958 1905 4024 τεύξεσθε
1932 3959 2041 4032 γὰρ
2069 3960 2166 4012 αὑ-

574 4053 673 4123 τῆς
709 4053 879 4126 χωρὶς
911 4071 1056 4117 τινος
1088 4052 1436 4124 ὑπερθέσεως
1460 4062 1475 4081 ⁸
1508 4052 1629 4122 ἥτις
1654 4050 2061 4124 παρασχεθεῖσα
2095 4054 2163 4123 τῇ

576 4142 820 4215 ὑμετέρᾳ
847 4144 1036 4209 πόλει,
1065 4146 1146 4208 εἰς
1177 4143 1394 4199 ἅπαντα
1428 4143 1521 4196 τὸν
1559 4143 1733 4198 αἰῶνα
1764 4147 1863 4216 τῆς
1888 4144 2016 4216 περὶ
2040 4146 2166 4209 τοὺς

576 4234 879 4299 ἀθανάτους
909 4236 1066 4299 θεοὺς
1105 4235 1354 4306 φιλοθέου
1386 4234 1668 4298 εὐσεϐείας
1697 4235 1925 4307 παρέξει
1965 4252 2168 4307 μαρτυ-

578 4327 732 4401 ρίαν,
770 4328 866 4380 τοῦ
906 4328 964 4381 δὲ
1006 4330 1152 4399 ὑμᾶς
1189 4328 1300 4401 (36)
1336 4326 1501 4393 ἀξίων
1534 4327 1784 4383 ἐπάθλων
1812 4329 2163 4400 τετυχηκέναι

576 4417 728 4488 παρὰ
752 4418 852 4488 τῆς
887 4416 1160 4490 ἡμετέρας
1188 4420 1537 4490 φιλαγαθίας,
1572 4421 1775 4492 ταύτης
1798 4418 1953 4492 ὑμῶν
1979 4419 2164 4473 ἕνεκεν

574 4508 677 4580 τῆς
702 4507 796 4562 τοῦ
831 4509 945 4579 βίου
967 4513 1360 4584 προαιρέσεως,
1391 4516 1525 4578 υἱοῖς
1551 4531 1612 4567 τε
1640 4514 1734 4568 καὶ
1762 4514 2007 4582 ἐκγόνοις
2039 4512 2164 4582 ὑμε-

2265 1941 2711 2012 tranquillissima
2771 1955 2904 2011 pace
2956 1941 3198 2011 quietius
3267 1939 3660 2010 pet-fruentes,-
3719 1956 3841 1996 sese

2262 2033 2554 2087 oblectent.
2581 2033 2686 2088 Sed
2711 2044 2763 2088 et
2801 2034 3108 2105 quicunque
3133 2049 3276 2091 ορερο
3296 2035 3389 2091 illo
3415 2048 3609 2090 errore
3639 2042 3695 2090 et
3723 2046 3841 2088 am!-

2264 2122 2630 2192 bageliberati
2660 2127 2727 2180 ad
2760 2136 2968 2181 rectam
2998 2142 3295 2196 sanamque
3313 2127 3641 2182 sententiam
3674 2127 3843 2181 tedict-

2264 2226 2412 2284 runt,
2446 2233 2512 2273 eo
2558 2219 2734 2288 magis
2784 2219 3098 2287 gaudeant;
3148 2229 3403 2289 tanquam
3452 2235 3519 2276 ex
3560 2219 3841 2290 inopinata

2264 2315 2584 2378 tempestate
2635 2319 2729 2364 aut
2785 2327 2853 2365 ex
2913 2312 3236 2382 gravissimo
3277 2313 3468 2367 morbo
3522 2312 3751 2378 servati,
3786 2321 3845 2367 et.

2257 2398 2655 2470 iucundissima
2685 2400 2738 2454 in
2764 2413 3042 2472 posterum
3079 2403 3188 2457 vita
3227 2403 3467 2458 lruituri.
3492 2401 3645 2469 Quod
3678 2403 3725 2458 si
3749 2403 3840 2472 qui

2264 2490 2318 2544 in
2347 2493 2667 2545 detestando
2693 2508 2802 2546 suae
2841 2492 3101 2547 vanitatis
3140 2508 3328 2550 errore
3361 2494 3537 2550 adlmc
3574 2502 3859 2564 perstant,.

2263 2579 2301 2634 ii
2359 2595 2523 2649 quam
2571 2581 2889 2652 longissime
2941 2598 2971 2638 a
3027 2595 3208 2639 vestra
3270 2585 3404 2642 urbe
3455 2594 3511 2641 et
3558 2586 3843 2641 territorio

2263 2671 2486 2739 seclusi,
2536 2673 2679 2729 sicut
2725 2675 2982 2744 petiistis,
3045 2677 3362 2747 alligantur;
3417 2687 3476 2732 ιιι
3534 2679 3637 2734 hoc
3684 2686 3843 2748 pacto

2264 2763 2459 2818 civitas
2483 2773 2662 2818 Vestra
2710 2762 2866 2833 juxta
2918 2765 3193 2822 laudabile
3224 2769 3461 2822 studium
3510 2778 3749 2824 vestrum
3779 2784 3844 2824 ac

2265 2854 2619 2920 desiderium,
2679 2859 2828 2911 omni
2856 2858 3071 2928 piaculo
3101 2875 3166 2917 ac
3196 2861 3401 2917 scelere
3443 2860 3689 2927 liberata,
3741 2877 3845 2931 pro

2265 2948 2429 3004 insito
2472 2948 2576 3004 sibi
2623 2946 2821 3003 all’eclu
2858 2965 2980 3004 cum
3025 2951 3203 3005 debita
3241 2953 3589 3009 veneratione
3618 2953 3842 3008 deorum

2265 3040 2650 3096 immortalium
2683 3044 2967 3099 Sacriliciis
2995 3043 3271 3100 inserviat.
3299 3044 3471 3101 Porro
3496 3057 3557 3100 ut
3585 3045 3849 3117 intelliga-

2268 3132 2337 3188 tis
2368 3148 2529 3202 quam
2558 3143 2712 3204 grata
2756 3135 2913 3190 nobis
2942 3133 3108 3190 fuerit
3159 3147 3342 3191 vestra
3383 3138 3496 3191 haec
3524 3136 3843 3207 postulatio,

2266 3233 2321 3275 et
2345 3222 2580 3292 qualiter
2615 3223 2831 3279 animus
2889 3235 3077 3280 noster
3130 3228 3293 3281 etiam
3357 3225 3562 3297 absque
3604 3228 3846 3282 decretis

2264 3311 2392 3367 ullis
2426 3327 2492 3367 ae
2528 3314 2889 3383 petitionibus
2916 3317 3061 3372 ultro
3101 3333 3195 3372 sua
3246 3326 3443 3387 sponte
3477 3317 3543 3372 ad
3577 3315 3846 3373 beneﬁcia

2263 3406 2401 3461 viris
2421 3406 2581 3462 bonis
2612 3406 2893 3476 largienda
2921 3409 3372 3481 promptissimus
3403 3419 3523 3473 est;
3570 3408 3844 3466 ἀενοιίοιιί

2263 3506 2462 3552 vestrae
2488 3498 2867 3564 concedimus,
2903 3508 2962 3552 ιιι
2994 3501 3356 3570 quodcunque
3378 3509 3435 3554 et
3463 3515 3628 3570 quam
3667 3502 3845 3555 maxi-

2265 3604 2414 3643 mum
2464 3589 2752 3644 volueritis
2780 3590 3101 3645 beneﬁcium
3133 3606 3232 3661 pro
3256 3592 3360 3647 hoc
3389 3592 3478 3660 pio
3500 3606 3565 3647 ac
3590 3590 3847 3662 religioso

2264 3692 2452 3736 vestro
2486 3682 2769 3752 proposito
2796 3683 3104 3751 postuletis.
3135 3681 3254 3738 Jam
3283 3697 3413 3752 ergo
3452 3691 3512 3737 ut
3549 3682 3602 3737 id
3630 3682 3848 3737 faciatis

2265 3784 2434 3843 utque
2454 3773 2742 3844 accipiatis
2768 3790 2989 3844 operam
3041 3775 3187 3830 date.
3217 3773 3431 3830 Etenim
3466 3775 3596 3830 illud
3640 3775 3846 3844 absque

2265 3866 2371 3920 ulla
2415 3882 2568 3922 mora
2595 3867 2942 3922 consecuturi
2975 3866 3131 3920 estis.
3186 3864 3338 3932 Quod
3390 3866 3609 3935 quidem
3653 3876 3847 3921 vestra:

2267 3957 2474 4012 civitati
2520 3959 2824 4030 praestitum
2870 3958 3229 4024 beneﬁcium,
3262 3974 3386 4014 eum
3423 3958 3847 4029 religiosissimum

2267 4061 2466 4106 vestrae
2513 4067 2643 4121 erga
2700 4052 2832 4107 deos
2892 4050 3230 4107 immortales
3270 4050 3488 4121 pietatis
3525 4062 3846 4122 perpetuum

2238 4142 2526 4213 'deinceps
2560 4143 2667 4198 erit
2701 4144 3120 4209 testimonium;
3182 4154 3294 4197 tum
3339 4142 3537 4197 vestris
3565 4141 3847 4198 liberisue

2267 4233 2553 4302 nepotibus
2595 4234 2939 4300 declarabit,
2985 4250 3081 4289 vos
3134 4250 3233 4305 pro
3281 4233 3586 4303 huiusmodi
3633 4233 3844 4288 vivendi

2265 4327 2480 4382 ratione
2513 4338 2679 4398 atque
2708 4329 2962 4385 instituto
2988 4330 3151 4399 digna
3194 4328 3412 4399 praemia
3451 4341 3482 4382 a
3512 4325 3846 4395 benignitate

2266 4429 2457 4474 nostra
2485 4421 2800 4477 retulisse»
2836 4419 3159 4490 Hujusmodi
3186 4421 3350 4490 igitur
3371 4418 3566 4473 littera:
3592 4418 3646 4472 in
3669 4422 3846 4471 enmi-

2268 4508 2368 4565 bus
2419 4512 2719 4579 provinciis
2780 4512 3073 4568 adversum
3130 4524 3233 4566 nos
3272 4509 3486 4581 publice
3533 4508 3845 4578 propositae,

572 4600 752 4674 τέροις
802 4603 1291 4676 ἐπιδειχθήσεται.»
1340 4604 1527 4659 Ταῦτα
1570 4605 1634 4677 δὴ
1674 4605 1796 4660 καθ’
1828 4605 1985 4675 ἡμῶν
2021 4602 2161 4658 κατά

2267 4621 2486 4661 omnem
2534 4607 2692 4663 nobis
2739 4618 3000 4676 quantum
3048 4605 3267 4675 quidem
3315 4603 3371 4658 in
3410 4602 3692 4658 hominum
3746 4618 3845 4673 po-

575 4696 758 4750 πᾶσαν
785 4697 1055 4769 ἐπαρχίαν
1092 4697 1539 4771 ἀνεστηλίτευτο,
1585 4700 1765 4769 πάσης
1804 4696 2051 4762 ἐλπίδος,
2099 4697 2160 4749 τὸ

574 4788 705 4857 γοῦν
737 4790 826 4843 ἐπ’
854 4789 1182 4861 ἀνθρώποις,
1217 4789 1431 4862 ἀγαθῆς
1457 4791 1526 4845 τὰ
1564 4791 1686 4845 καθ’
1715 4792 1863 4863 ἡμᾶς
1902 4789 2159 4844 ἀποκλεί-

574 4896 731 4933 ονταο
760 4879 855 4943 ὼς,
890 4883 1013 4934 κατ’
1044 4873 1178 4935 αὑτό
1203 4882 1268 4952 δὴ
1294 4882 1356 4934 τὸ
1385 4882 1525 4937 θεῖον
1549 4884 1725 4936 ἐκεῖνο
1754 4881 1952 4950 λόγιον,
1983 4883 2031 4934 εἰ
2062 4880 2155 4933 δυ-

572 4970 752 5035 νατὸν,
783 4972 874 5025 ἐπὶ
906 4971 1116 5035 τούτοις
1153 4972 1246 5026 καὶ
1276 4973 1402 5038 τοὺς
1433 4974 1722 5038 ἐκλεκτοὺς
1761 4973 1959 5038 αὑτοὺς
1991 4989 2155 5026 σκαν-

571 5061 897 5126 δαλίζεσθαι.
944 5063 1083 5133 Ἤδη
1113 5054 1177 5132 γέ
1196 5080 1278 5117 τοι
1325 5054 1509 5134 σχεδὸν
1544 5068 1646 5138 τῆς
1672 5063 1825 5135 παρά
1847 5067 1958 5126 τοῖς
1999 5063 2155 5117 πλεί-

575 5169 722 5217 στοις
753 5153 1145 5227 ἀποψυχούσης.
1166 5155 1513 5226 προσδοκίας,
1540 5156 1751 5229 ἀθρόως
1777 5156 1899 5210 καθ’
1922 5156 2041 5210 ὁδὸν
2075 5155 2152 5208 ἔτι

575 5241 761 5314 σχεδὸν
795 5241 895 5314 τὴν
937 5245 1161 5316 πορείαν
1207 5243 1265 5298 ἐν
1304 5260 1413 5298 τισι
1447 5244 1652 5320 χώραις
1694 5246 2018 5301 διανυόντων
2047 5245 2155 5299 τῶν

645 5404 756 5473 (54)
795 5404 898 5459 Ἐν
920 5402 1149 5476 φοϐερῷ
1176 5406 1371 5476 τρόμῳ
1390 5404 1859 5476 καταδυομένην.
1895 5405 2155 5463 Scriben-

572 5476 700 5528 dum
731 5476 946 5529 videtur
1000 5474 1444 5544 ἀναδιδομένην.
1476 5477 1590 5529 Duo
1641 5474 1786 5529 enim
1847 5486 2006 5530 terra:
2037 5492 2154 5532 mo-

574 5554 724 5598 tuum
755 5559 954 5615 genera
982 5546 1085 5600 sibi
1114 5546 1345 5607 invicem
1380 5546 1653 5611 opposita,-
1680 5547 1767 5600 ltic
1797 5561 1826 5599 a
1853 5545 2150 5601 Maximino

574 5613 923 5667 referuntur:
963 5613 1298 5667 Βοασιιατίαι
1342 5617 1553 5667 scilicet
1604 5626 1658 5667 et
1711 5617 2029 5667 γασιιατὶαι.
2074 5618 2149 5667 De

571 5629 923 5680 reret-untur;
963 5629 1298 5687 βρασματιαι
1342 5629 1553 5670 scilicet
1604 5629 1658 5670 et
1711 5629 2029 5687 χασματιαι.
2073 5629 2142 5672 ue

541 5718 547 5724 .
572 5685 769 5756 quibus
796 5684 920 5739 vide
951 5691 1132 5756 Anim.
1162 5686 1558 5752 Marcellinum,
1582 5695 1638 5741 et
1664 5702 1784 5756 quae
1814 5687 1885 5739 ibi
1934 5688 2142 5742 notavi.

572 5751 754 5826 innuit
779 5763 962 5826 alitem
1013 5753 1336 5826 Mt}_xitttintts
1389 5766 1548 5809 terra:
1619 5751 1823 5811 mutum
1854 5757 2024 5821 illum,
2050 5758 2143 5826 qui

2272 4706 2470 4751 testate
2519 4697 2684 4752 situm
2729 4707 2866 4757 erat.
2923 4712 3073 4766 spem
3144 4694 3424 4751 felicitatis
3472 4697 3840 4750 ademerant:

2264 4789 2404 4843 adeo
2436 4798 2517 4854 ut,-
2542 4788 2696 4859 juxta
2723 4790 2968 4844 divinum
2994 4788 3123 4843 illud
3140 4789 3446 4851 oraculum,
3470 4787 3632 4845 etiam
3661 4786 3844 4852 electi,

2263 4880 2309 4934 si
2343 4881 2446 4935 hoc
2474 4880 2589 4935 lieri
2620 4890 2833 4950 posset,
2866 4879 2937 4936 ob
2986 4881 3103 4936 haec
3141 4880 3458 4936 scandalum
3492 4888 3833 4950 paterentur:

2278 4970 2527 5041 Cumque
2572 4971 2814 5030 caelestis
2848 4973 3033 5029 auxilii
3066 4973 3405 5044 exspectatio
3427 4971 3538 5042 jam
3577 4974 3631 5026 in
3668 4971 3844 5043 pluri-

2265 5064 2369 5117 mis
2400 5072 2713 5119 nostrorum
2745 5063 3146 5135 refrigesceret,
3181 5072 3400 5134 repente
3422 5059 3688 5118 ministris
3713 5063 3845 5134 ips's

2262 5155 2356 5224 qui
2386 5156 2737 5224 supradictas
2769 5157 2981 5215 litteras
3026 5156 3492 5213 circumferebant
3555 5156 3735 5211 adhuc
3789 5157 3842 5211 iu

2267 5246 2595 5318 quibusdam
2657 5249 2955 5319 provinciis
3016 5248 3121 5304 iter
3179 5263 3336 5303 suum
3408 5249 3837 5316 peragentibus,

2266 5404 2615 5471 Diocletiani,
2653 5415 2713 5460 ut
2747 5404 2917 5460 refert
2951 5405 3213 5460 Eusebius
3242 5406 3294 5459 in
3325 5404 3609 5460 Chronico.

2330 5477 2442 5548 (55)
2479 5470 2890 5548 Τὴνγέμςομυτον
2916 5474 3070 5545 αὐτῇ
3120 5476 3428 5548 πρόθεσιν.
3453 5470 3834 5548 JScribettdnm

2263 5534 2479 5602 videtur
2506 5534 2664 5601 κὶιτᾶ
2689 5534 2806 5615 τὴν
2828 5534 3117 5616 ἔμφυτῶο,
3157 5534 3226 5600 ἰιι
3262 5534 3537 5616 Muscnlus
3584 5554 3639 5597 et
3668 5542 3832 5596 Chri-

963 5613 1298 5687 βρασματίαι
1342 5617 1553 5670 scilicet
1604 5626 1658 5670 et
1711 5617 2029 5687 χασματίαι.
2073 5618 2149 5672 De

2260 5620 2646 5687 stopliorsonus
2676 5613 2943 5687 legerunt.
2985 5616 3152 5687 Paulo
3175 5624 3306 5687 post
3335 5630 3433 5684 pro
3459 5614 3571 5686 ὅσῳ
3604 5626 3833 5682 προσφι-

2250 5684 2572 5759 λὴςᾼηιοιὶιιι
2593 5687 2835 5759 scribere
2859 5685 2937 5759 ως
2969 5685 3293 5759 προσφιλής.

2320 5747 2433 5841 (ὅθ)
2465 5754 2575 5841 Teii
2589 5753 2657 5807 δὲ
2677 5752 2856 5841 ὑμᾶς.
2891 5747 3262 5841 scribendum
3276 5763 3405 5824 puto
3428 5750 3535 5807 τοῦ
3566 5768 3632 5841 τε
3650 5747 3832 5821 ὑμᾶς,

575 5825 763 5878 urbem
793 5823 995 5893 Tyrum
1029 5822 1318 5894 amiserat,
1348 5841 1491 5881 antro
1531 5836 1660 5882 ante
1706 5822 2145 5897 persecutionem
2252 5822 2551 5897 supplendo
2592 5822 2919 5897 μαρτυρίαν.
