4220 6398
514 334 622 391 815

1219 329 1489 389 EUSEBII
1526 329 2008 388 CESARIENSIS
2047 330 2200 388 OPP.
2241 328 2424 387 PARS
2463 331 2505 386 ι.
2545 362 2613 373 --
2652 328 3053 389 HISTORICA.

3657 341 3764 397 816

517 454 677 522 Deus,
694 453 785 523 qui
804 450 1056 509 Ecclesizc
1088 466 1200 507 suae
1238 467 1458 522 semper
1495 453 1811 519 auxiliatur,
1846 452 2084 507 insolen-

2185 450 2283 522 τὴν
2312 450 2677 523 προκειμένην
2716 451 2930 522 γραφὴν
2963 449 3085 504 καθ’
3114 450 3269 521 ἡμῶν
3313 449 3762 523 διακονουμένων.

518 554 627 600 tem
699 545 960 600 adversus
1013 559 1110 599 nos
1182 544 1400 615 tyranni
1459 545 1768 614 superbiam
1830 554 2086 612 tanquam

518 637 721 708 injecto
774 637 829 692 in
882 651 945 692 os
1000 636 1153 689 freno
1198 636 1586 705 comprimens,
1634 635 1797 707 355
1848 637 2089 693 ccclesiis

517 745 632 785 suae
661 728 919 801 potentia:
960 727 1116 784 nobis
1145 728 1463 797 opitulantis
1512 729 1859 797 praesentiam
1903 728 2087 785 decla-

517 820 675 875 ravit.

1095 909 1322 967 CAPUT
1366 910 1495 967 VIII.

516 1000 594 1057 De
646 1001 726 1057 his
772 1016 893 1073 qua!
942 1011 1120 1070 postea
1162 1002 1470 1056 acciderunt
1505 1012 1615 1056 tum
1654 1003 1712 1058 in
1754 1002 1923 1071 bello,
1977 1014 2088 1059 tum

938 1073 1097 1142 famis
1131 1089 1196 1127 ac
1222 1076 1380 1142 pestis
1412 1084 1662 1142 tenipore.

586 1185 721 1242 Nam
752 1186 957 1243 imbres
986 1188 1204 1257 quidem
1239 1203 1303 1243 ac
1340 1188 1532 1256 pluviae
1577 1190 1809 1246 hiberno
1845 1200 2089 1263 tempore

518 1278 886 1334 abundantius
923 1280 1117 1333 cadere
1162 1291 1362 1349 praeter
1413 1282 1632 1336 solitum
1661 1284 1960 1339 desierunt.
2018 1285 2087 1340 Et

517 1369 795 1441 insperata
821 1372 1049 1441 contigit
1076 1370 1275 1435 fames;
1306 1386 1466 1442 quam
1493 1373 1686 1428 deinde
1709 1376 1877 1445 pestis
1897 1376 2087 1431 subse-

513 1472 638 1517 cuta
688 1473 789 1518 est.
841 1464 1045 1518 Praeter
1075 1464 1194 1518 haec
1227 1464 1450 1520 alterius
1484 1465 1769 1532 cujusdam
1799 1467 1970 1523 morbi
2008 1468 2088 1524 vis

512 1556 720 1621 sazviit;
781 1555 934 1611 ulcus
980 1556 1232 1611 videlicet
1287 1557 1429 1626 quod
1482 1558 1553 1613 ob
1604 1557 2084 1615 inﬂammationem

512 1647 885 1703 carbunculus
930 1657 1178 1703 vocatur.
1236 1647 1334 1703 Hic
1377 1650 1617 1714 morbus,
1642 1666 1739 1719 per
1771 1651 2085 1706 universum

510 1754 714 1808 corpus
744 1739 1006 1811 paulatim
1040 1754 1295 1806 serpens,
1338 1740 1525 1807 gravia
1578 1742 1739 1813 aegris
1767 1742 2082 1797 discrimina

510 1830 793 1887 uﬂ'ercbat.
831 1831 936 1887 Sed
979 1832 1245 1902 praecipue
1276 1832 1420 1888 circa
1456 1832 1642 1888 oculos
1668 1833 1882 1889 inserens
1912 1844 1967 1889 et
1997 1834 2080 1889 in-

511 1923 698 1979 sidens
721 1923 950 1985 diutius.
970 1923 1283 1981 innmneros
1305 1927 1630 1995 promiscuae
1648 1927 1827 1982 artatis
1849 1935 1904 1982 et
1926 1941 2087 1983 sexus

510 2014 811 2072 luminibus
837 2017 1070 2072 orbavit.
1107 2017 1310 2073 Bellum
1346 2020 1567 2088 insuper
1599 2036 1628 2073 a
1667 2031 1903 2092 tyranno
1934 2036 2086 2075 cont—

512 2115 717 2160 motum
748 2116 831 2161 est
856 2106 1123 2163 adversus
1167 2109 1480 2174 Armenios,
1525 2109 1635 2177 jam
1666 2109 1796 2165 inde
1824 2125 1853 2164 a
1889 2110 2087 2181 priscis

510 2198 849 2268 temporibus
889 2198 1098 2256 amicos
1127 2216 1192 2255 ac
1241 2201 1420 2256 socios
1463 2200 1643 2271 populi
1690 2200 1942 2257 Romani.
1984 2202 2086 2269 Qui

509 2305 634 2347 cunt
663 2291 962 2346 Christiani
995 2292 1093 2363 ipsi
1129 2308 1343 2364 quoque
1399 2303 1585 2350 essent
1630 2306 1686 2350 et
1718 2294 1916 2350 divina:
1954 2295 2084 2351 reli-

508 2381 690 2452 ginnis
716 2384 1127 2449 studiosissimi,
1190 2385 1299 2441 Deo
1346 2386 1553 2442 invisus
1595 2400 1857 2457 tyrannus
1889 2403 1987 2443 eos
2020 2387 2086 2443 ad

509 2473 930 2530 simulacrorum
973 2491 1038 2532 ac
1077 2478 1381 2532 daamunum
1420 2476 1624 2532 cultum
1663 2477 1949 2531 traducere
1990 2491 2087 2545 per

508 2566 618 2619 vim
645 2577 902 2635 conatus,
938 2584 1036 2639 pro
1072 2569 1263 2624 amicis
1291 2568 1562 2632 inimicos,
1586 2569 1773 2625 hostes
1799 2583 1897 2639 pro
1923 2568 2088 2624 sociis

506 2655 711 2716 cliecit.
748 2660 877 2716 llaec
920 2661 1086 2732 igitur
1130 2661 1308 2716 omnia
1350 2676 1458 2716 uno
1498 2662 1798 2731 eodemque
1842 2670 2087 2730 tempore

508 2766 637 2809 eum
665 2754 846 2808 subito
872 2752 1265 2808 conﬂuxissent
1288 2794 1303 2817 ,
1356 2765 1698 2825 arrogantem
1729 2757 2085 2813 conﬁdentis-

510 2845 634 2899 simi
661 2844 873 2916 tyranni
902 2846 1222 2913 jactantiam
1253 2844 1623 2911 confuturum,
1644 2847 1735 2917 qui
1757 2847 1827 2901 ob
1849 2849 2085 2902 studium

508 2940 567 2995 in
622 2940 866 2995 colendis
892 2940 1222 3008 simulacris,
1275 2952 1331 2996 et
1385 2952 1606 3012 propter
1654 2946 2082 3013 persecutionem

510 3038 843 3095 nostrorum,
882 3045 984 3085 nec
1014 3029 1210 3085 famem
1236 3071 1250 3090 .
1285 3046 1383 3086 nec
1412 3032 1800 3101 pestilentiam,
1839 3049 1940 3090 nec
1970 3034 2085 3089 bel-

2188 545 2218 596 ὁ
2252 544 2351 614 τῆς
2391 542 2527 604 ιδίας
2563 542 2883 614 Ἐκκλησίας
2917 542 3238 615 ὑπέρμαχος
3276 543 3442 609 Θεὸς,
3484 548 3764 617 μονονουχὶ

2187 634 2287 705 τὴν
2313 632 2404 687 τοῦ
2431 634 2694 704 τυράννου
2737 635 2859 688 καθ’
2888 633 3048 705 ἡμῶν
3076 636 3445 706 ἐπιστομίζων
3485 639 3763 708 μεγαλαυ-

2188 726 2332 796 χίαν.
2382 726 2483 797 τὴν
2525 726 2668 798 ὑπὲρ
2721 726 2878 798 ἡμῶν
2932 726 3181 798 οὐράνιον
3225 727 3390 781 αὐτοῦ
3445 729 3764 801 συμμαχίαν

2188 819 2552 873 ἐπεδείκνυτο.

2721 912 3115 966 ΚΕΦΑΛΔΙΟΝ
3153 914 3234 967 H'.

2186 1002 2328 1071 Περὶ
2356 1001 2478 1057 τῶν
2507 1002 2658 1057 κατὰ
2684 1003 2869 1076 ταῦτα
2895 1006 3356 1076 συμϐεϐηκότων
3382 1006 3455 1062 ἐν
3479 1004 3632 1076 λιμῷ
3665 1005 3761 1062 καί

2628 1073 2819 1144 λοιμῷ
2856 1074 2956 1128 καί
2994 1074 3301 1145 πολέμοις.

2257 1186 2319 1238 Οἱ
2349 1185 2449 1256 μὲν
2472 1182 2565 1241 οὖν
2599 1186 2657 1253 ἐξ
2682 1186 2838 1252 ἐθους
2869 1188 2979 1259 (57)
3009 1190 3204 1263 ὄμϐροι
3228 1207 3286 1245 τε
3321 1193 3415 1245 καὶ
3433 1190 3578 1246 ὑετοί⁸
3599 1230 3613 1253 ,
3644 1207 3761 1260 χειά

2189 1274 2379 1345 μαδίου
2411 1281 2511 1349 τῆς
2547 1277 2693 1350 ὥρας
2730 1280 3115 1353 ὑπαρχούσης,
3161 1283 3259 1354 τὴν
3290 1284 3384 1336 ἐπὶ
3414 1283 3519 1353 γῆς
3550 1284 3765 1355 ἀνεῖχον

2187 1368 2390 1440 συνήθη
2439 1369 2643 1441 φορὰν,
2696 1370 2855 1442 λιμὸς
2894 1372 2941 1426 δ’
2976 1373 3237 1445 ἀδόκητος
3278 1376 3638 1447 ἐπισκήπτει,
3671 1375 3767 1431 καὶ

2185 1459 2370 1531 λοιμὸς
2402 1462 2494 1515 ἐπὶ
2518 1462 2710 1533 τούτῳ,
2747 1463 2841 1517 καί
2865 1481 3008 1528 τινος
3032 1466 3221 1536 ἐτέρου
3250 1469 3576 1537 νοσήματος,
3610 1467 3767 1532 ἐλκος

2184 1550 2241 1605 δὲ
2271 1546 2338 1621 ἦν
2369 1552 2708 1622 φερωνύμως
2727 1552 2821 1607 τοῦ
2840 1553 3119 1624 πυρώδους
3149 1557 3352 1619 ἕνεκεν,
3374 1555 3580 1629 ἄνθραξ
3601 1574 3769 1629 προσ-

2186 1642 2581 1712 ἀγορευόμενον
2600 1683 2615 1706 ,
2662 1644 2931 1715 ἐπιφορά·
2965 1644 2994 1697 ὃ
3022 1645 3144 1700 καθ’
3160 1646 3296 1701 ὅλων
3324 1648 3421 1717 μὲν
3440 1648 3606 1718 ἕρπον
3632 1648 3766 1717 (37')

2187 1734 2294 1788 τῶν
2345 1735 2650 1805 σωμάτων,
2704 1736 3008 1807 σφαλεροὺς
3051 1738 3283 1792 ἐνεποίει
3326 1742 3436 1803 τοῖς
3472 1739 3766 1796 πεπονθόσι

2115 1799 2158 1854 Β
2186 1799 2495 1889 κινδύνους,
2543 1826 2606 1881 οὐ
2639 1799 2763 1898 μὴν
2815 1799 2950 1881 ἀλλά
2988 1799 3091 1883 *καὶ
3134 1829 3275 1883 κατά
3324 1799 3431 1884 τῶν
3472 1830 3767 1901 ὀφθαλμῶν

2185 1922 2549 1993 διαφερόντως
2579 1924 2673 1977 ἐπὶ
2714 1923 2965 1978 πλεῖστον
3005 1924 3318 1995 γινόμενον,
3353 1923 3581 1995 μυρίους
3609 1924 3769 1988 ὅσους

2187 2014 2385 2085 ἄνδρας
2424 2014 2543 2085 ἅμα
2573 2015 2764 2084 γυναξὶ
2800 2018 2894 2070 καὶ
2925 2017 3081 2070 παισὶ
3127 2017 3336 2087 πηροὺς
3377 2014 3765 2087 ἀπειργάζετο.

2187 2104 2410 2167 Τούτοις
2439 2106 2943 2176 προσεπανίσταται
2970 2104 3047 2176 τῷ
3069 2105 3319 2177 τυράννῳ
3342 2107 3371 2159 ὁ
3396 2105 3535 2178 πρὸς
3566 2107 3768 2178 ’Δρμι-

2186 2196 2331 2259 νίους
2363 2196 2619 2267 πόλεμος,
2651 2198 2850 2270 ἀνδρας
2873 2197 2934 2262 ἐξ
2963 2198 3192 2269 ἀρχαίου
3219 2198 3403 2267 φίλους
3423 2216 3484 2252 τε
3511 2198 3606 2252 καὶ
3632 2216 3769 2270 συμ-

2189 2286 2396 2358 μάχους
2440 2287 2729 2359 Ῥωμαίων
2756 2308 2769 2321 ·
2815 2288 2910 2353 οὓς
2937 2290 3031 2344 καί⁵
3064 2291 3261 2354 αὐτοὺς
3292 2290 3652 2361 Χριστιανοὺς
3678 2289 3768 2346 ὕν-

2186 2394 2305 2442 τας,
2336 2379 2431 2433 καὶ
2458 2380 2556 2451 τὴν
2583 2382 2664 2445 είς
2695 2382 2756 2435 τὸ
2781 2382 2935 2436 Θείον
2966 2383 3247 2437 εὐσέϐειαν
3276 2382 3364 2438 διὰ
3397 2384 3633 2455 σπουδῆς
3657 2401 3770 2439 ποι-

2186 2472 2479 2542 ουμένους,
2524 2475 2554 2527 ὁ
2599 2472 2857 2545 θεομισὴς
2900 2475 3141 2540 εἰδώλοις
3184 2475 3332 2530 θύειν
3379 2478 3474 2530 καὶ
3520 2477 3770 2547 δαίμοσιν

2186 2564 2564 2633 ἐπαναγκάσαι
2604 2567 3007 2637 πεπειραμένος
3025 2610 3039 2633 ,
3072 2568 3299 2640 ἐχθροὺς
3329 2569 3451 2622 ἀντὶ
3480 2569 3647 2639 φίλων
3676 2569 3771 2624 καὶ

2188 2654 2477 2726 πολεμίους
2512 2657 2635 2712 ἀντὶ
2668 2659 2973 2729 συμμάχων
3001 2661 3391 2731 κατεστήσατο.
3440 2661 3675 2732 Ἀθρόως
3702 2661 3768 2734 δὴ

2186 2743 2359 2799 ταῦτα
2405 2746 2583 2799 πάντα
2632 2746 2722 2816 ὑφ’
2763 2746 2859 2799 ἕνα
2906 2747 3000 2800 καὶ
3046 2748 3135 2802 τὸν
3187 2750 3348 2803 αὑτὸν
3396 2751 3772 2822 συρρεύσαντα

2186 2841 2378 2913 καιρὸν
2399 2881 2415 2906 ,
2457 2846 2559 2912 τῆς
2588 2841 2681 2897 τοῦ
2727 2841 2989 2914 τυράννου
3020 2843 3354 2917 θρασύτητος
3380 2846 3477 2916 τὴν
3505 2846 3645 2900 κατὰ
3671 2843 3769 2900 τοῦ

2186 2931 2330 2986 θείου
2392 2934 2763 3005 μεγαλαυχίαν
2805 2934 3111 3006 διήλεγξεν,
3153 2937 3237 2990 ὅτι
3278 2936 3341 3007 δὴ
3384 2937 3486 3007 τῆς
3530 2937 3659 3008 περὶ
3699 2937 3770 2991 τὰ

2178 3024 2381 3092 ,εἴδωλα
2417 3025 2528 3097 (Ἶ8)
2559 3025 2725 3079 αὑτοῦ
2755 3027 2991 3097 σπουδῆς
3014 3027 3106 3079 καὶ
3137 3028 3236 3097 τῆς
3263 3027 3386 3081 καθ’
3419 3028 3578 3100 ήμῶν
3605 3030 3772 3085 ἕνεκα

507 3121 620 3175 lmn
654 3121 890 3190 denique
936 3120 1104 3175 ullum
1146 3121 1260 3177 suis
1312 3122 1647 3192 temporibus
1680 3124 1945 3181 accidisse
1984 3140 2084 3178 au-

2190 3116 2529 3188 πολιορκίας,
2566 3116 2641 3189 μὴ
2673 3116 2849 3187 λιμὸν,
2886 3118 3020 3189 μηδέ
3054 3118 3258 3190 λοιμὸν,
3298 3119 3431 3191 μηδὲ
3477 3120 3585 3193 μὴν
3611 3121 3770 3175 πόλει·

507 3212 699 3267 dacter
743 3211 1101 3283 gloriabatur.
1131 3212 1310 3282 Atque
1348 3214 1463 3269 haec
1495 3214 1680 3270 omnia
1710 3216 1901 3271 eodem
1950 3226 2085 3270 tem-

506 3306 658 3374 poris
706 3315 979 3360 momento
1032 3304 1193 3358 simul
1254 3305 1589 3375 ingruentia,
1649 3308 1896 3375 quedam
1928 3308 2083 3377 quasi

508 3393 773 3463 prommia
834 3394 1168 3448 imminentis
1219 3402 1453 3463 tyranno
1498 3394 1650 3450 exitii
1714 3399 2083 3453 ostentabant.

509 3482 577 3536 Et
614 3482 730 3550 ipse
760 3483 980 3551 quidem
1025 3484 1077 3538 in
1132 3482 1276 3539 bello
1328 3483 1594 3542 adversus
1633 3486 1924 3542 Armenios
1978 3502 2085 3541 una

509 3589 630 3628 cum
680 3574 924 3629 exercitu
979 3590 1079 3628 sun
1128 3575 1309 3631 varias
1373 3575 1562 3632 clades
1601 3586 1766 3647 atque
1815 3593 2086 3634 aerumnas

508 3664 749 3732 pertulit.
797 3665 1010 3736 Reliqui
1055 3681 1185 3720 vero
1223 3667 1315 3737 qui
1348 3669 1509 3724 urbes
1546 3667 1660 3738 ejus
1697 3671 1930 3739 imperio
1958 3673 2085 3727 sub-

508 3758 652 3811 ditas
684 3758 1015 3823 incolebant,
1042 3758 1187 3813 fame
1217 3760 1377 3815 simul
1407 3778 1471 3816 ac
1499 3761 1812 3832 pestilentia
1845 3765 2086 3833 graviter

496 3849 690 3903 vexati
720 3858 886 3904 sunt:
920 3850 1056 3907 adeo
1087 3860 1149 3905 ut
1178 3868 1316 3907 unus
1348 3851 1607 3907 frumenti
1652 3854 1957 3909 medimnus
2001 3854 2086 3911 bis

509 3940 662 3995 mille
692 3951 744 3997 et
768 3942 1081 4012 quingentis
1104 3944 1302 4000 Atticis
1333 3944 1612 4001 drachmis
1652 3949 2078 4001 venundaretur.

462 4062 467 4070 ~
510 4033 578 4088 Et
622 4033 894 4089 innumeri
945 4034 1164 4105 quidem
1208 4035 1259 4090 in
1304 4036 1549 4101 urbibus,
1609 4036 1791 4106 plures
1850 4052 1982 4093 vero
2028 4038 2082 4093 in

507 4129 656 4201 agris
687 4140 742 4186 et
776 4129 912 4185 vicis
936 4129 1138 4199 passim
1162 4130 1463 4185 interibant
1493 4146 1507 4183 :
1542 4130 1594 4184 in
1628 4141 1838 4185 tantum
1872 4142 1933 4185 ut
1954 4146 2085 4185 cen-

505 4222 690 4278 suales
747 4221 940 4276 tabulas
1003 4220 1132 4276 olim
1184 4221 1391 4289 ingenti
1462 4222 1788 4277 rusticorum
1854 4237 2082 4277 numero

507 4314 753 4385 repletae,
781 4328 891 4367 una
919 4327 1087 4383 prope
1118 4312 1280 4366 litura
1319 4313 1783 4377 deletze'l'uerint;
1831 4314 2083 4369 omnibus

508 4404 621 4459 fere
647 4414 743 4459 aut
769 4403 947 4458 victus
995 4402 1201 4469 inopia,
1246 4412 1339 4457 aut
1371 4403 1642 4472 pestilenti
1689 4406 1881 4459 morbo
1922 4404 2082 4459 simul

2192 3225 2291 3279 μον
2340 3208 2432 3262 ἐπὶ
2482 3208 2594 3263 τῶν
2649 3209 2812 3265 αὐτοῦ
2866 3209 3136 3281 συμϐῆναι
3167 3211 3375 3283 καιρῶν
3422 3212 3767 3285 ἐθρασύνετο.

2187 3299 2372 3355 Ταῦτα
2403 3301 2447 3354 δ’
2474 3297 2567 3355 οὖν
2598 3301 2735 3371 ὁμοῦ
2763 3301 2857 3355 καὶ
2888 3300 3030 3355 κατά
3061 3302 3121 3356 τὸ
3149 3303 3282 3356 αὐτὸ
3308 3304 3602 3357 ἐπελθόντα
3626 3344 3641 3366 ,
3677 3303 3771 3358 καὶ

2184 3394 2283 3463 τῆς
2332 3392 2496 3446 αὑτοῦ
2552 3394 2937 3464 καταστροφῆς
2985 3395 3322 3467 περιειλήφει
3367 3395 3438 3449 τὰ
3483 3394 3769 3468 προοίμια.

2184 3483 2355 3548 Αὐτὸς
2407 3486 2506 3556 μὲν
2548 3481 2640 3539 οὖν
2689 3487 2816 3558 περὶ
2855 3487 2948 3542 τὸν
2997 3487 3133 3559 πρὸς
3177 3488 3494 3559 Ἀρμενίους
3535 3488 3775 3560 πόλεμον

2185 3575 2302 3645 ἅμα
2342 3579 2454 3640 τοῖς
2496 3576 2661 3631 αὐτοῦ
2708 3578 3090 3648 στρατοπέδοις
3130 3584 3511 3643 κατεπονεῖτο,
3547 3582 3673 3647 τοὺς
3713 3581 3769 3635 δέ

2183 3666 2402 3732 λοιποὺς
2428 3669 2536 3721 τῶν
2564 3671 2664 3735 τάς
2697 3670 2789 3723 ὑπ’
2817 3671 2978 3725 αὐτὸν
3019 3671 3202 3729 πόλεις
3235 3673 3545 3728 οἰκούντων.
3582 3672 3770 3736 δεινῶς

2182 3760 2212 3812 ὀ
2257 3758 2416 3831 λιμός
2451 3779 2512 3815 τε
2547 3763 2662 3834 ἅμα
2705 3763 2802 3815 καὶ
2833 3762 3021 3832 λοιμὸς
3053 3764 3457 3836 κατετρυχέτην
3497 3766 3607 3834 (59)
3630 3804 3643 3827 ,
3693 3766 3769 3829 ὡς

2184 3850 2301 3915 ἐνὸς
2334 3853 2535 3925 μέτρου
2579 3853 2790 3926 πυρῶν,
2828 3853 3092 3924 δισχιλίας
3119 3854 3213 3907 καί⁵
3248 3857 3611 3919 πεντακοσίας
3645 3857 3766 3909 Ἀτ-

2182 3947 2343 4010 τικάς
2370 3946 2975 4001 ἀντικαταλλάττεσθαι.
3009 3948 3206 4019 Μυρίοι
3234 3948 3333 4018 μὲν
3354 3943 3447 4001 οὖν
3473 3947 3770 4017 ἐτύγχανον

2181 4042 2231 4093 οἱ
2267 4040 2408 4093 κατὰ
2433 4039 2613 4104 πόλεις
2644 4038 2987 4111 θνήσκοντες,
3014 4040 3232 4103 πλείους
3258 4039 3315 4093 δὲ
3339 4040 3543 4094 τούτων
3567 4041 3616 4093 οἱ
3646 4041 3766 4093 κατ’

2182 4130 2387 4203 ἀγρούς
2419 4148 2478 4185 τε
2510 4132 2605 4185 καὶ
2636 4130 2858 4202 κώμας,
2905 4131 2983 4194 ὡς
3029 4130 3130 4202 ἢδη
3179 4132 3274 4185 καὶ
3318 4131 3417 4195 τὰς
3461 4132 3627 4186 πάλαι
3659 4130 3768 4185 τῶν

2182 4224 2455 4295 ἀγροίκων
2486 4222 2849 4293 πολυάνδρους
2876 4223 3226 4292 ἀπογραφὰς,
3261 4224 3458 4295 μικροῦ
3494 4224 3602 4277 δεῖν
3632 4241 3765 4277 παν-

2179 4314 2307 4386 τελῆ
2342 4314 2535 4368 παθεῖν
2580 4313 2874 4382 ἐξάλειψιν,
2915 4314 3126 4385 ἀθρόως
3164 4315 3348 4386 σχεδὸν
3380 4316 3635 4369 ἁπάντων
3676 4317 3765 4369 ἐν·

2179 4405 2297 4476 δείᾳ
2323 4404 2532 4476 τροφῆς
2561 4405 2655 4458 καὶ
2686 4402 2938 4474 λοιμώδει
2965 4404 3105 4475 νόσῳ
3147 4404 3578 4477 διεφθαρμένων.
3611 4406 3768 4469 Τινὲς

506 4495 832 4564 absumptis.
871 4493 1102 4561 Quidam
1136 4508 1234 4562 pro
1262 4492 1455 4563 exiguo
1478 4493 1768 4548 admodum
1804 4495 1931 4549 cibo
1956 4495 2078 4549 cita-

2185 4496 2283 4569 μέν
2314 4491 2406 4549 οὖν
2438 4496 2505 4550 τὰ
2544 4496 2753 4550 ἑαυτῶν
2790 4494 3020 4565 φίλτατα
3055 4495 3397 4567 βραχυτάτης
3425 4499 3630 4568 τροφῆς
3656 4500 3767 4560 τοῖς

508 4585 724 4641 rissima
758 4584 982 4656 pignora
1017 4582 1184 4655 356
1213 4583 1664 4654 locupletioribus
1707 4587 1942 4641 vendere
1972 4601 2079 4641 non

507 4677 853 4731 dubitabant.
906 4676 1034 4740 Alii,
1065 4676 1345 4731 distractis
1402 4677 1664 4746 paulatim
1733 4678 1952 4745 praediis
2018 4694 2083 4734 ac

506 4764 859 4820 facultatibus
925 4764 1059 4829 suis,
1118 4764 1187 4820 ad
1224 4775 1527 4821 extremam
1583 4767 1821 4837 inopiam
1874 4767 2077 4821 redacti

507 4866 655 4912 sunt.
683 4856 794 4911 Nec
822 4854 1047 4912 defuere
1070 4856 1164 4923 qui
1196 4857 1407 4911 modica
1450 4857 1557 4912 leni
1586 4870 1861 4928 segmenta
1892 4858 2079 4913 avulsa

508 4951 849 5012 mandentes,
873 4958 930 5003 et
955 4949 1133 5005 noxiis
1165 4951 1489 5020 quibusdam
1521 4949 1724 5019 absque
1745 4950 1856 5005 ullo
1885 4952 2082 5006 discri-

507 5045 661 5097 mine
714 5043 853 5111 pasti
909 5043 1247 5110 graminibus
1294 5042 1491 5112 quibus
1541 5042 1795 5099 valetudo
1834 5045 2080 5112 corporis

507 5134 987 5200 corrumpebatur,
1036 5132 1179 5189 ﬁnde
1210 5134 1520 5189 interirent.
1566 5133 1673 5189 Sed
1720 5145 1775 5190 et
1823 5137 2079 5191 mulieres

504 5224 753 5294 quaedam
802 5225 946 5278 inter
997 5238 1125 5280 suos
1187 5240 1292 5280 nun
1340 5223 1626 5293 ignobiles,
1685 5239 1797 5294 pm
1863 5239 2076 5279 summa

504 5322 750 5384 egestate
782 5315 849 5368 ad
884 5313 1304 5368 inverecumlam
1335 5313 1633 5384 compulsa:
1673 5315 2077 5378 necessitatem,

574 5476 688 5546 (57)
719 5478 784 5529 οι
803 5472 1049 5545 μὲνοῦν
1070 5475 1141 5541 ἐξ
1170 5475 1367 5541 εθους.
1408 5476 1490 5528 Ab
1516 5476 1598 5529 bis
1633 5477 1814 5531 verbis
1844 5477 2072 5531 inclma-

504 5555 594 5600 tur
637 5562 688 5599 c.
718 5546 751 5599 8
774 5587 789 5610 ,
824 5549 875 5598 in
896 5546 1269 5600 vetustissimo
1294 5546 1566 5600 Mazarino
1592 5548 1796 5612 codice,
1823 5548 1911 5601 cui
1936 5562 2071 5601 con-

506 5619 671 5669 sentit
694 5616 963 5670 cnd.Fuk.
989 5616 1330 5686 achuliuus,
1349 5628 1404 5671 et
1420 5617 1555 5669 ratio
1575 5617 1687 5684 ipsa
1719 5619 1789 5669 ita
1814 5619 2069 5686 postulat.

580 5686 714 5755 (ὅτ)
758 5687 1006 5752 Ἕρπον.
1048 5684 1138 5739 Sic
1167 5688 1509 5741 correximus
1542 5688 1686 5756 quod
1718 5688 1770 5740 in
1806 5684 1964 5755 impr.
1992 5688 2069 5741 Ie-

502 5757 650 5826 gitur
677 5756 882 5830 ἔρειπον,
907 5757 1019 5811 sive
1046 5770 1236 5812 errore
1269 5768 1507 5828 typogr.,
1540 5762 1654 5813 sive
1678 5758 2065 5827 manuscriptis

2185 4586 2581 4659 εὐπορωτέροις
2612 4587 2946 4657 ἀπεμπολεῖν
2986 4587 3205 4657 ἠξίουν,
3245 4588 3392 4643 ἄλλοι
3421 4588 3478 4641 δὲ
3505 4589 3603 4652 τὰς
3637 4591 3769 4659 κτή-

2189 4693 2302 4743 σεις
2330 4678 2471 4732 κατά
2511 4678 2684 4749 βραχὺ
2729 4677 3245 4749 διαπιπράσκοντες,
3295 4683 3375 4742 εἰς
3417 4681 3652 4752 ἐσχάτην
3683 4683 3769 4733 ὲν-

2185 4769 2335 4833 δείας
2367 4770 2600 4842 ἀπορίαν
2640 4770 2899 4841 ῆλαυνον·
2940 4770 3040 4843 ἤδη
3074 4770 3131 4824 δέ
3162 4788 3306 4835 τινες
3337 4772 3547 4842 σμικρὰ
3574 4772 3766 4844 χόρτου

2186 4858 2625 4930 διαμασσὼμενοι
2655 4858 3046 4930 σπαράγματα,
3087 4859 3180 4912 καί
3208 4877 3357 4924 τινας
3382 4860 3606 4930 ἀναίδην
3636 4861 3766 4931 φθο-

2189 4949 2441 5022 ροποιοίδς
2472 4948 2740 5012 ἐσθίοντες
2767 4949 2903 5014 πόας
2921 4989 2935 5012 ,
2965 4950 3062 5021 τὴν
3089 4949 3197 5002 τῶν
3237 4951 3503 5020 σωμάτων
3528 4950 3640 5016 ἐξιν
3672 4951 3765 5005 λυ-

2188 5042 2489 5113 μαινόμενα
2529 5040 2838 5094 διώλλυντο.
2872 5043 2982 5095 Καὶ
3010 5042 3245 5111 γυναίων
3274 5042 3331 5095 δὲ
3357 5041 3466 5096 τῶν
3500 5042 3639 5096 κατά
3671 5043 3768 5095 πό-

2185 5133 2297 5198 λεις
2344 5133 2630 5201 εὐγενίδων
2662 5132 2803 5196 τινὲς
2824 5172 2838 5196 ,
2865 5135 2945 5197 είς
2970 5133 3325 5202 ἀναίσχυντον
3353 5134 3599 5204 ἀνάγκην
3630 5134 3766 5205 πρὸς

2183 5227 2283 5298 τῆς
2315 5227 2548 5299 ἀπορίας
2581 5226 2910 5287 ἐλασθεῖσαι,
2955 5230 3228 5298 μεταιτεῖν
3272 5228 3363 5281 ἐπὶ
3404 5228 3513 5282 τῶν
3551 5229 3768 5298 ἀγορῶν

2183 5318 2617 5390 προεληλύθεσαν
2641 5358 2656 5384 ,
2698 5318 2799 5389 τῆς
2842 5318 3010 5372 πάλαι
3051 5318 3358 5391 ἐλευθερίου
3400 5320 3607 5392 τροφῆς
3635 5322 3766 5374 ὑπό-

2171 5478 2245 5533 ita
2279 5477 2676 5531 exitibentibns.
2722 5477 2887 5532 Enn.

2243 5549 2356 5613 (58)
2392 5549 2521 5601 Ὅτι
2543 5546 2620 5615 δὴ
2654 5546 2766 5615 τῆς
2793 5546 2928 5614 περὶ
2953 5544 3028 5598 τὰ
3055 5544 3293 5599 εἴδωλα.
3315 5545 3496 5600 Malim
3520 5546 3767 5601 scribere

2171 5616 2206 5672 ὅ
2232 5617 2871 5809 ξδᾶήίίατετρυέἐτηγ.
2905 5686 2997 5741 Sic
3062 5686 3114 5771 in
3146 5685 3303 5740 codd.
3341 5683 3506 5751 Ian,
3540 5684 3678 5740 Med.
3710 5695 3765 5739 et

2175 5758 2255 5809 Fu
2278 5775 2315 5809 ·.
2353 5760 2632 5809 scribitur.
2712 5757 3236 5809 υία.κατετουγετο.

2175 5755 2315 5814 Filii.
2345 5755 2632 5815 scribitur.
2669 5755 2827 5828 Vulg.
2848 5755 3236 5827 κατετρύχετο.
