4220 6400
506 347 614 408 819

1220 344 1499 403 EUSEBII
1537 343 2020 403 CESARIENSIS
2057 344 2207 403 OPP.
2246 346 2427 403 PARS
2466 345 2506 401 Ι.
2544 378 2606 390 -—
2653 342 3047 403 HISTORICA.

3671 350 3776 403 εει)

506 464 683 521 omnia
720 466 882 520 rebus
911 462 1042 533 ipsis
1082 462 1427 528 exhibentes,
1468 462 1713 532 quotidie
1764 464 1963 532 partim
1993 479 2072 519 cu-

2187 467 2438 535 πρᾶγμα,
2469 463 2600 518 Θεόν
2631 481 2690 517 τε
2720 463 2831 517 τῶν
2856 462 3198 535 Χριστιανῶν
3225 461 3491 530 δοξάζειν,
3531 463 3775 528 εὐσεϐεῖς

506 557 694 613 randis
725 571 790 611 ac
816 555 1141 625 sepeliendis
1166 564 1507 608 mortuorum
1533 555 1887 610 cadaveribus
1919 569 2081 610 vaea-

506 645 659 704 bant.
684 644 1051 700 Moriebantur
1076 652 1257 697 autem
1296 644 1346 698 in
1381 644 1496 699 dies
1525 645 1818 711 innumeri,
1846 659 2079 715 quorum

508 749 667 791 nemo
696 749 882 791 curam
941 734 1189 803 gerebat.
1243 732 1447 788 Partim
1484 734 1740 790 omnibus
1784 745 1896 791 tota
1945 736 2081 791 urbe

503 829 690 908 egenis
722 829 812 899 qui
836 828 979 884 lame
1006 827 1451 899 opprimebantur
1475 828 1528 883 in
1552 845 1719 885 unum
1747 831 2078 897 convocatis,

504 937 676 994 panes
703 922 932 992 singulis
983 919 1296 976 dividebant
1330 938 1343 974 :
1376 922 1509 976 adeo
1559 932 1620 977 ut
1666 938 1788 978 cum
1817 923 1977 993 hujus
2002 926 2079 980 rei

503 1013 648 1078 fama
692 1014 905 1077 crebris
951 1015 1235 1070 hominum
1288 1014 1634 1069 sermonibus
1686 1016 2077 1084 divulgaretur,

501 1104 686 1171 cuncti
730 1103 1172 1169 Christianorum
1226 1106 1393 1166 Deum
1434 1103 1661 1159 summis
1697 1104 1946 1161 laudibus
1975 1121 2078 1162 ex-

504 1196 776 1265 tollerent,
819 1212 1023 1271 eosque
1059 1198 1205 1253 solos
1258 1198 1375 1267 pios
1434 1196 1527 1251 Dei
1572 1197 1812 1253 cultores
1852 1214 1912 1254 re
1962 1200 2078 1269 ipsa

498 1299 555 1351 et
607 1288 768 1346 factis
808 1290 1192 1359 comprobatos
1244 1305 1369 1345 esse
1417 1291 1738 1345 faterentur.
1790 1290 1920 1358 Quae
1950 1291 2076 1346 dum

501 1383 574 1448 ita
621 1390 915 1453 geruntur,
963 1398 1198 1453 magnus
1254 1381 1343 1436 ille
1398 1397 1465 1438 ac
1520 1381 1754 1437 caelestis
1807 1382 2078 1439 Christia-

499 1486 691 1539 porum
730 1456 1099 1543 propugnator
1127 1472 1288 1537 Deus,
1307 1473 1397 1543 qui
1427 1488 1524 1539 per
1561 1487 1725 1542 supra
1752 1481 2077 1528 memoratas

497 1563 836 1629 calamitates
861 1547 997 1620 iram
1016 1573 1178 1634 atque
1195 1565 1618 1634 indignationem
1638 1580 1790 1621 suam
1815 1566 2075 1621 adversus

495 1664 727 1724 cunctos
755 1657 1013 1713 mortales
1036 1658 1105 1711 ob
1127 1672 1191 1711 ea
1216 1672 1335 1726 quae
1362 1667 1550 1712 contra
1589 1673 1687 1713 nos
1718 1658 1925 1712 nefarie
1955 1673 2075 1729 ges-

494 1750 715 1817 sissent,
761 1751 896 1805 satis
930 1763 1205 1820 superque
1246 1749 1648 1814 declaraverat,
1685 1750 1931 1820 benignae
1960 1763 2074 1804 sum

2183 574 2243 609 τε
2271 557 2365 610 καὶ
2396 556 2590 627 μόνους
2616 555 2888 621 θεοσεϐεῖς
2911 558 3137 619 τούτους
3158 555 3395 626 άληθῶς,
3428 555 3563 627 πρὸς
3592 555 3773 609 αὐτῶν

2183 647 2541 718 ἐλεγχθέντας
2555 648 2663 702 τῶν
2698 650 3036 720 πραγμάτων
3051 647 3352 718 ὁμολογεῖν.
3395 648 3509 717 Ἐφ’
3534 642 3616 710 οἷς
3644 647 3771 701 τοῦ-

2181 754 2272 791 τον
2308 738 2743 809 ἐπιτελουμένοις
2768 738 2861 791 τὸν
2885 738 3107 808 τρόπον,
3134 740 3164 791 ό
3198 738 3369 809 μέγας
3397 738 3492 793 καὶ
3521 739 3772 810 οὐράνιος

2181 831 2521 902 Χριστιανῶν
2560 830 2877 903 ὑπέρμαχος
2901 830 3033 894 Θεὸς
3056 871 3070 894 ,
3112 831 3213 900 τὴν
3244 831 3384 885 κατὰ
3420 832 3639 885 πάντων
3673 832 3769 885 ἀν-

2181 920 2415 993 θρώπων
2441 922 2530 975 διὰ
2560 924 2667 977 τῶν
2695 923 3082 994 δεδηλωμένων
3110 922 3517 993 ἐπιδειξάμενος
3539 922 3766 995 ἀπειλὴν

2181 1017 2275 1069 καὶ
2311 1018 2710 1087 ἀγανάκτησιν,
2747 1016 2862 1070 ἀνθ’
2891 1010 2967 1070 ὧν
3006 1017 3085 1079 είς
3127 1016 3278 1087 ἡμᾶς
3323 1015 3767 1087 ὑπερϐαλλόντως

2180 1107 2531 1173 ἐνεδείξαντο,
2570 1109 2670 1180 τὴν
2703 1110 2905 1181 εὐμενῆ
2936 1109 3032 1162 καὶ
3061 1109 3293 1180 φαιδρὰν
3318 1108 3416 1178 τῆς
3443 1107 3609 1161 αὐτοῦ
3637 1107 3767 1180 περὶ

2180 1199 2327 1269 ἡμᾶς
2364 1199 2621 1269 προνοίας
2668 1195 2824 1263 αὖθις
2876 1201 3008 1271 ἡμῖν
3062 1200 3238 1271 αὐγὴν
3279 1199 3552 1261 ἀπεδίδου,
3593 1198 3669 1263 ὡς
3704 1201 3765 1254 ἐν

2180 1287 2335 1359 βαθεῖ
2365 1289 2541 1360 σκότῳ
2583 1290 2991 1362 παραδοξότατα
3043 1290 3160 1361 φῶς
3205 1291 3337 1360 ἡμῖν
3372 1290 3430 1356 ἐξ
3462 1290 3625 1346 αὐτοῦ
3661 1307 3764 1344 κα-

2176 1379 2477 1450 ταλάμπων
2517 1383 2762 1454 εἰρήνης,
2800 1382 3037 1451 ἐκφανές
3062 1399 3123 1435 τε
3162 1386 3278 1446 τοῖς
3308 1385 3441 1434 πᾶσι
3475 1380 3761 1446 καθιστὰς,

2176 1472 2309 1525 Θεὸν
2356 1472 2521 1526 αὐτὸν
2571 1472 2679 1526 τῶν
2725 1473 2849 1529 καθ’
2890 1476 3039 1546 ἡμᾶς
3082 1474 3378 1530 ἐπίσκοπον
3429 1474 3517 1529 διὰ
3562 1475 3764 1539 παντὸς

2176 1562 2455 1630 γεγονέναι
2490 1563 2854 1634 πραγμάτων,
2901 1564 3229 1636 μαστίζοντα
3266 1566 3366 1635 μὲν
3399 1566 3490 1621 καὶ
3530 1565 3621 1619 διὰ
3653 1565 3763 1619 τῶν

2175 1655 2549 1724 περιστάσεων
2590 1655 2733 1709 κατὰ
2782 1656 2972 1727 καιρὸν
3022 1657 3419 1728 ἐπιστρέφοντα
3463 1658 3553 1712 τὸν
3594 1655 3761 1712 αὐτοῦ

2175 1745 2322 1808 λαὸν,
2351 1746 2512 1801 πάλιν
2540 1749 2588 1801 τ’
2615 1744 2683 1801 αὖ
2719 1749 2861 1820 μετὰ
2885 1748 2983 1820 τὴν
3016 1750 3262 1821 αὐτάρκη
3300 1749 3568 1814 παιδείαν,
3604 1748 3762 1803 ἵλεων

493 1850 623 1908 erga
666 1851 765 1901 nos
802 1838 1160 1909 providentiae
1215 1838 1622 1893 serenissimam
1681 1839 1856 1894 lucem
1920 1839 2072 1894 nobis

2174 1839 2270 1893 καὶ
2300 1839 2503 1910 εὐμενῆ
2537 1842 2650 1904 τοῖς
2682 1842 2763 1904 είς
2801 1841 2962 1895 αὐτὸν
3001 1840 3101 1906 τὰς
3138 1841 3359 1906 ἐλπίδας
3384 1840 3601 1913 ἔχουσιν
3630 1845 3764 1897 ἀναρ-

492 1928 768 1995 restituit,
843 1928 990 1984 velut
1059 1930 1111 1984 in
1170 1931 1511 1987 densissimis
1575 1929 1817 1986 tenebris
1876 1940 2073 2000 praeter

490 2026 732 2082 omnium
762 2026 1224 2094 exspectationem
1252 2028 1401 2098 pacis
1418 2043 1532 2083 sua:
1553 2028 1891 2097 splendidum
1916 2026 2077 2095 jubar
2134 2028 2289 2082 nobis
2335 2028 2632 2083 ostendens

2179 1930 2520 2001 φαινόμενον.

2689 2045 2705 2082 :
2764 2038 2817 2083 et
2851 2028 3101 2083 omnibus
3144 2028 3486 2099 apertissime
3535 2031 3756 2085 demon-

490 2126 692 2181 strans,
726 2114 896 2173 Deum
938 2120 1111 2189 ipsum
1144 2134 1323 2176 rerum
1384 2130 1702 2178 nostrarum
1759 2121 2117 2193 iuspectorem
2181 2128 2237 2176 et
2266 2121 2683 2191 gubernatorem
2721 2131 2979 2192 perpetuo
3008 2123 3301 2188 exstitisse,
3341 2124 3433 2193 qui
3497 2123 3754 2193 p0pulum

487 2224 642 2264 stium
702 2210 975 2270 interdum
1024 2216 1243 2286 quidem
1303 2218 1554 2293 castiget,
1599 2226 1655 2271 et
1688 2217 1857 2283 variis
1910 2218 2155 2272 cladibus
2192 2218 2454 2286 corripiat
2489 2234 2720 2273 :rursus
2777 2234 2906 2273 vero
2955 2229 3077 2288 post
3115 2217 3465 2275 subicientem
3516 2219 3758 2275 animad-

485 2304 797 2363 versionem
830 2310 1126 2381 propitium
1157 2325 1216 2365 se
1251 2326 1314 2368 ac
1341 2312 1631 2381 benignum
1660 2326 1785 2381 erga
1810 2326 1905 2367 eos
1929 2312 2164 2382 praebeat
2220 2311 2311 2382 qui
2348 2326 2499 2381 spem
2532 2311 2585 2364 in
2616 2310 2735 2382 ipso
2758 2311 3188 2367 collocaverunt.

1104 2424 1335 2481 CAPUT
1376 2425 1465 2493 ix.

484 2513 566 2585 De
629 2515 843 2569 interitu
890 2526 1235 2586 tyrannorum
1287 2534 1305 2571 :
1352 2528 1399 2571 et
1447 2518 1640 2587 quibus
1686 2519 1853 2582 verbis
1902 2520 2064 2590 paulo

945 2595 1069 2641 ante
1094 2597 1313 2643 mortem
1336 2601 1459 2643 sunt
1494 2592 1599 2644 usi.

556 2747 692 2817 Cum
728 2748 895 2818 igitur
940 2747 1351 2819 Constantinus,
1379 2766 1538 2822 quem
1585 2751 1967 2821 imperatorem
1992 2769 2058 2809 ex

485 2836 835 2911 imperatore,
863 2842 1008 2912 pium
1033 2858 1100 2897 ex
1128 2842 1373 2912 piissimo
1418 2858 1481 2898 ac
1532 2842 1932 2901 modestissimo
1965 2861 2061 2916 pas

484 2939 642 2991 rente
683 2943 1001 3003 pregnatum
1060 2949 1183 2989 esse
1235 2937 1349 3006 jam
1422 2935 1682 3002 diximus,
1718 2949 1772 2993 et
1834 2938 2057 2994 secundi

485 3031 608 3104 post
631 3037 753 3087 eum
796 3023 898 3097 ioci
940 3024 1205 3094 Licinius,
1262 3027 1545 3096 prudentia
1584 3028 1745 3084 simul
1773 3045 1836 3084 ac
1861 3032 2060 3100 pietate

480 3115 786 3183 -::onspicui,
827 3118 896 3185 ab
934 3120 1178 3174 omnium
1219 3135 1347 3189 rege
1387 3135 1452 3175 ac
1496 3130 1774 3177 servatore
1815 3123 1924 3179 [leo
1956 3124 2063 3180 duo

483 3205 876 3278 religiosissimi
907 3211 1169 3282 adversus
1202 3211 1371 3294 358
1403 3214 1536 3269 duos
1579 3214 1938 3284 impiissimos
1976 3225 2061 3288 ty-

481 3324 684 3381 rannos
718 3316 941 3378 excitati
990 3316 1250 3389 fuissent;
1296 3318 1484 3389 praalio
1523 3321 1830 3392 congressi,
1861 3320 2064 3376 auxilio

482 3415 651 3474 divini
690 3419 929 3475 numinis
955 3419 1348 3491 Constantinus
1372 3423 1589 3493 quidem
1640 3423 1973 3480 Maxentium
2008 3428 2061 3482 in

480 3508 619 3564 urbe
663 3508 829 3566 Roma
871 3522 1067 3581 praeter
1097 3515 1345 3569 omnium
1378 3516 1688 3586 Opinionem
1741 3530 2060 3588 superatum

480 3601 704 3665 occidit.
731 3603 1061 3661 Maximinus
1102 3621 1237 3663 vero
1275 3607 1514 3675 Orientis
1537 3611 1804 3688 tyrannis,
1832 3627 1938 3665 non
1970 3612 2059 3667 diu

479 3704 605 3763 post
655 3693 915 3751 Maxentii
976 3698 1177 3753 credent
1221 3715 1252 3754 a
1296 3698 1513 3757 Licinio
1568 3703 1660 3771 qui
1711 3701 1948 3758 nondum
2004 3704 2058 3758 in

480 3794 728 3854 apertam
777 3788 1054 3845 vesaniam
1105 3803 1363 3861 eruperat
1418 3793 1688 3860 devictus,
1745 3795 2060 3865 turpissimo

480 3878 674 3933 mortis
707 3893 904 3948 genere
936 3882 1211 3937 occubuit.
1241 3881 1441 3939 Verum
1473 3887 1623 3955 prior
1647 3886 2058 3950 Constantinus,

479 3972 572 4041 qui
602 3971 765 4026 etiam
797 3971 1024 4031 honoris
1047 3979 1410 4048 praerogativa
1433 3988 1489 4033 et
1511 3979 1723 4049 imperii
1749 3980 1919 4050 gradu
1943 3981 2057 4049 pri-

478 4075 628 4119 mum
660 4062 836 4118 locum
867 4065 1169 4130 obtinebat,
1199 4066 1569 4124 Romanorum
1598 4072 1691 4136 qui
1732 4070 2057 4138 gravissima

480 4152 768 4223 tyrannide
796 4166 1173 4223 premerentur
1223 4160 1403 4213 vicem
1435 4160 1732 4218 miseratus
1755 4202 1772 4227 ,
1818 4160 2060 4227 cmlestis

477 4246 576 4302 Dei
605 4248 848 4315 numine,
908 4249 1133 4321 ejusque
1173 4251 1312 4307 Filio
1336 4268 1399 4312 ac
1442 4254 1622 4313 Verbo
1648 4256 1889 4321 omnium
1921 4255 2054 4311 Ser-

476 4346 670 4394 vatore
714 4338 839 4398 Jesu
883 4342 1106 4397 Christo
1157 4345 1208 4407 in
1244 4344 1504 4399 auxilium
1555 4346 1872 4417 suppliciter
1900 4347 2054 4403 invo-

475 4440 762 4496 cato,cum
796 4434 1052 4490 universo
1091 4437 1333 4495 exercitu
1369 4454 1689 4505 progressus
1711 4449 1817 4501 est,
1835 4454 1899 4495 eo
1921 4456 2055 4495 con-

476 4527 600 4584 silio
635 4538 693 4583 ut
728 4528 990 4587 Romanis
1022 4532 1329 4589 libertatem
1363 4551 1529 4604 quam
1561 4551 1589 4589 a
1633 4537 1929 4602 majoribus
1958 4553 2055 4595 ac-

476 4630 755 4689 ceperant,
804 4621 1114 4678 iuterveutu
1174 4640 1274 4681 suo
1324 4628 1657 4684 restitueret.
1716 4628 1886 4685 Porro
1927 4645 2052 4690 cum
2085 4627 2131 4683 D

476 4710 805 4778 Maxentius,
850 4718 1183 4785 tnagicarum
1255 4720 1456 4774 artium
1528 4722 1814 4792 prastigiis
1883 4723 2056 4794 magis

474 4834 637 4891 quam
673 4822 1012 4879 subditorum
1049 4825 1424 4880 benevolentia
1448 4826 1708 4893 conlisus,
1735 4844 1802 4884 ne
1830 4829 2049 4897 quidem

472 4935 627 4981 extra
674 4926 823 4984 urbis
869 4939 1055 4999 portas
1090 4932 1340 5001 progredi
1397 4932 1622 4988 auderet
1652 4952 1665 4988 :
1698 4943 1892 4989 cuncta
1923 4948 2051 4990 vero

474 5033 530 5106 in
559 5035 787 5103 circuitu
834 5038 988 5097 Urbis
1019 5035 1206 5097 Romae
1234 5055 1300 5097 ac
1326 5040 1493 5098 totius
1531 5042 1697 5098 Italia:
1730 5043 1871 5108 loca,
1897 5042 2054 5113 oppi-

543 5202 658 5273 (45)
687 5203 742 5258 in
775 5206 1031 5265 munibus
1053 5207 1333 5263 codicibus
1366 5206 1689 5275 transpositi
1717 5217 1875 5262 erant
1904 5207 2045 5263 tituli

468 5275 808 5351 capitumet
834 5279 994 5343 capiti
1021 5277 1055 5331 9
1084 5277 1325 5345 adjectus
1347 5290 1467 5351 erat
1500 5278 1694 5351 titulus
1734 5279 1825 5351 qui
1852 5281 2049 5351 capitis

470 5343 548 5400 (0'
572 5360 693 5399 esse
722 5346 1020 5410 debuerat;
1057 5343 1246 5403 contra
1280 5347 1449 5416 capiti
1491 5347 1561 5402 10
1608 5343 1949 5413 tribuebatur
2000 5350 2049 5403 is

469 5415 563 5483 qui
596 5416 851 5484 preprius
887 5428 1007 5471 erat
1033 5418 1230 5485 capitis
1263 5417 1318 5473 9.
1353 5415 1532 5473 illunc
1559 5432 1802 5474 errorem
1836 5419 1888 5473 in
1920 5435 2048 5474 ver-

468 5487 629 5540 sione
657 5496 840 5538 nostra
892 5489 1406 5542 emendaveramus.

539 5554 663 5628 (44)-
692 5556 1015 5628 Herm-erat
1043 5557 1499 5628 προειρήκαμεν,
1530 5559 1657 5617 Post
1684 5560 1784 5617 has
1809 5573 1969 5613 voces
2000 5559 2051 5611 in

467 5625 821 5697 vetustissim.
877 5628 1037 5697 codd.
1082 5625 1219 5680 Maz.
1273 5625 1327 5684 et
1367 5625 1518 5686 'Med.
1573 5633 1689 5684 htec
1749 5640 2052 5697 sequuntur

468 5695 629 5769 verba
658 5711 672 5748 :
695 5695 968 5769 Λικιννίου
999 5713 1059 5750 τε
1081 5697 1175 5769 τοῦ
1210 5700 1328 5769 μετ’
1353 5699 1515 5755 αὐτὸν
1543 5700 1757 5755 συνέσει
1784 5695 1880 5769 καὶ
1904 5699 2054 5769 εὐσε-

471 5761 592 5841 ἦείᾳ
628 5764 1027 5842 τετιμημένων,
1073 5761 1222 5838 πρὸς
1244 5769 1337 5822 τοῦ
1382 5769 1773 5842 παμϐασιλέως
1805 5762 1959 5825 Θεοῦ
1989 5761 2051 5823 τε

2698 2429 3096 2484 ΚΕΦΑΛΛῙΟΝ
3140 2429 3216 2483 Θ.

2171 2519 2332 2594 Περὶ-
2351 2519 2463 2594 τῆς
2491 2519 2610 2594 τῶν
2638 2518 2949 2594 τυράννων
2980 2522 3404 2594 καταστροφῆς
3442 2523 3549 2594 τοῦ
3580 2525 3751 2594 βίου,

2240 2590 2344 2666 ml
2389 2590 2924 2666 sisicézpﬁgmzo
2977 2592 3099 2666 πρὸ
3138 2592 3249 2666 ῑῆς
3284 2590 3582 2663 ’τελευτῆς
3630 2590 3751 2666 ερωὲ

2237 2659 2372 2726 ναῖς
2406 2661 2515 2732 (45)
2544 2661 2683 2732 (Nic.
2724 2660 2792 2715 Η.
2830 2659 2896 2713 Ε.
2922 2677 3016 2727 vn,
3039 2662 3253 2732 "29-51).

2239 2752 2396 2806 υῦτω
2440 2753 2504 2825 δὴ
2534 2753 2973 2815 Κωνσταντίνου,
3007 2753 3066 2807 ὃν
3097 2753 3323 2824 βασιλέα
3353 2758 3417 2809 ἐκ
3466 2756 3749 2827 βασιλέως,

2168 2843 2367 2914 εὐσεϐῆ
2395 2861 2455 2897 τε
2485 2844 2543 2911 ἐξ
2566 2843 2954 2898 εὐσεϐεστάτου
2979 2846 3073 2898 καὶ
3102 2847 3279 2900 πάντα
3307 2849 3750 2919 σωφρονεστάτου

2167 2937 2450 3005 γεγονέναι
2489 2938 2897 3009 προειρήκαμεν
2939 2938 3073 3009 (44),
3109 2940 3381 2993 Λικιννίου
3414 2957 3474 2994 τε
3500 2941 3598 2995 τοῦ
3632 2942 3749 3013 μετ’

2168 3028 2332 3083 αὐτὸν
2376 3028 2588 3082 συνέσει
2639 3031 2730 3083 καὶ
2767 3029 3020 3101 εὐσεϐείᾳ
3062 3032 3441 3103 τετιμημένων
3485 3034 3621 3105 πρὸς
3655 3032 3750 3087 τοῦ

2171 3120 2561 3191 παμϐασιλέως
2607 3120 2741 3174 Θεοῦ
2784 3138 2844 3174 τε
2878 3120 2986 3174 τῶν
3029 3121 3166 3175 ὅλων
3201 3124 3296 3176 καὶ
3336 3124 3610 3196 Σωτῆρος,
3656 3124 3751 3178 δύο

2170 3211 2433 3277 θεοφιλῶν
2475 3212 2615 3274 κατὰ
2668 3212 2777 3266 τῶν
2835 3212 2928 3267 δύο
2987 3213 3422 3267 δυσσεϐεστάτων
3471 3215 3750 3287 τυράννων

2165 3304 2640 3375 ἀνεγηγερμένων,
2678 3304 2915 3375 πολέμου
2956 3323 3016 3359 τε
3055 3307 3205 3376 νόμῳ
3252 3306 3744 3379 παραταξαμένων,

2163 3394 2301 3449 Θεοῦ
2368 3397 2780 3468 συμμαχοῦντος
2833 3398 3037 3462 αὐτοῖς,
3093 3398 3504 3470 παραδοξότατα
3558 3400 3748 3458 πίπτει
3842 3458 3857 3473 ι

2167 3487 2266 3558 μὲν
2306 3489 2398 3542 ἐπὶ
2449 3488 2663 3561 Ῥώμης
2690 3487 2798 3555 ὑπὸ
2831 3491 3242 3544 Κωνσταντίνου
3290 3489 3611 3557 Μαξέντιος,
3645 3492 3675 3543 ό
3699 3490 3745 3543 δ’

2162 3580 2249 3634 ἐπ’
2311 3581 2601 3652 Ἀνατολῆς
2652 3582 2712 3635 οὐ
2760 3581 2926 3635 πολὺν
2983 3580 3249 3652 ἐπιζήσας
3281 3582 3474 3650 ἐκείνῳ
3532 3583 3743 3655 χρόνον,

2162 3675 2427 3745 αἰσχίστῳ
2467 3675 2563 3727 καὶ
2594 3674 2755 3737 αὐτὸς
2795 3674 2901 3728 ὑπὸ
2934 3675 3231 3740 Λικιννίου,
3283 3674 3436 3728 obsto)
3484 3676 3746 3746 μανέντος

2159 3766 2282 3819 τότε
2302 3805 2317 3829 ,
2348 3766 2711 3838 καταστρέφει
2753 3765 2989 3836 θανάτῳ.
3024 3766 3299 3838 Πρότερός
3330 3782 3394 3834 γε
3438 3766 3546 3838 μὴν
3577 3767 3606 3818 ὁ
3650 3766 3744 3820 καὶ

2159 3859 2290 3928 τιμῇ
2322 3857 2416 3911 καὶ
2440 3856 2591 3921 τάξει
2622 3856 2724 3927 τῆς
2750 3856 3027 3928 βασιλείας
3065 3859 3280 3928 πρῶτος
3313 3861 3740 3923 Κωνσταντῖνος,

2158 3947 2268 4000 τῶν
2308 3948 2401 4000 ἐπὶ
2454 3947 2673 4019 Ῥώμης
2715 3950 3304 4021 κατατυραννουμένων
3337 3948 3504 4019 φειδὼ
3536 3948 3741 4013 λαϐὼν,

2159 4039 2291 4093 Θεὸν
2333 4040 2426 4094 τὸν
2477 4042 2745 4112 οὐράνιον,
2787 4040 2876 4094 τόν
2908 4058 2968 4094 τε
3002 4041 3192 4094 τούτου
3242 4042 3434 4111 Λόγον,
3470 4042 3631 4096 αὐτὸν
3681 4041 3742 4112 δὴ

2156 4132 2249 4185 τὸν
2291 4132 2508 4187 πάντων
2539 4133 2767 4204 Σωτῆρα
2824 4131 3032 4204 Ἰησοῦν
3073 4132 3307 4203 Χριστὸν
3344 4132 3630 4203 σύμμαχον
3673 4131 3742 4184 δι’

2156 4222 2331 4292 εὐχῶν
2387 4222 2885 4292 ἐπικαλεσάμενος,
2937 4222 3151 4293 πρόεισι
3183 4223 3543 4293 πανστρατιᾷ,
3606 4221 3742 4274 Ῥω-

2160 4313 2342 4384 μαίοις
2365 4312 2434 4367 τὰ
2465 4314 2564 4384 τῆς
2586 4316 2650 4367 ἐκ
2682 4312 2962 4385 προγόνων
2992 4312 3305 4385 ἐλευθερίας
3326 4310 3738 4383 προμνώμενος.

2154 4404 2457 4471 Μαξεντίου
2485 4405 2621 4476 δῆτα
2669 4405 2868 4476 μᾶλλον
2916 4407 3036 4468 ταῖς
3073 4404 3216 4459 κατὰ
3262 4404 3517 4474 γοητείαν
3562 4419 3741 4473 μηχα-

2154 4501 2294 4561 ναῖς,
2316 4498 2348 4568 ἢ
2370 4500 2436 4569 τῇ
2457 4497 2564 4550 τῶν
2598 4497 2855 4568 ὑπηκόων
2870 4495 3288 4567 ἐπιθαρσοῦντος
3319 4494 3520 4564 εὐνοίᾳ,
3554 4492 3743 4566 προελ-

2159 4585 2273 4643 θεῖν
2314 4603 2380 4655 γε
2427 4586 2535 4658 μὴν
2581 4586 2689 4639 οὐδ’
2727 4587 2850 4639 ὅσον
2904 4585 3086 4638 πυλῶν
3132 4583 3229 4642 τοῦ
3274 4585 3481 4648 ἄστεως
3528 4582 3742 4637 ἐπιτολ-

2166 4678 2396 4750 μῶντος,
2443 4678 2677 4732 ὁπλιτῶν
2720 4678 2765 4730 δ’
2810 4677 3094 4749 ἀναρίθμῳ
3140 4677 3335 4748 πλήθει
3388 4675 3481 4732 καὶ
3517 4691 3744 4745 στρατο-

2161 4771 2339 4833 πέδων
2384 4771 2562 4843 λόχοις
2609 4771 2824 4844 μυρίοις
2859 4773 3033 4826 πάντα
3079 4771 3240 4824 τόπον
3290 4771 3384 4823 καὶ
3418 4768 3600 4840 χώραν
3645 4768 3741 4821 καὶ

2159 4861 2337 4926 ⁴πόλιν,
2368 4862 2468 4932 ὅση
2497 4878 2584 4925 τις
2610 4862 2667 4914 ἐν
2696 4861 2881 4932 κύκλῳ
2918 4862 3017 4932 τῆς
3058 4861 3346 4931 Ῥωμαίων
3376 4861 3469 4913 καὶ
3511 4857 3739 4920 Ἰταλίας

2157 4955 2376 5025 ἁπάσης
2408 4954 2499 5017 ὑπ’
2544 4954 2693 5026 αὐτῷ
2734 4953 3042 5018 δεῶύλωτο,
3080 4953 3450 5026 φραξαμένου,
3484 4954 3513 5006 ὁ
3544 4950 3645 5021 τῆς
3673 4953 3740 5004 ἐκ

2156 5045 2294 5101 Θεοῦ
2330 5045 2646 5117 συμμαχίας
2676 5045 2988 5117 ἀνημμένος
3037 5044 3287 5117 βασιλεὺς
3327 5040 3496 5096 ἐπιὼν
3547 5039 3736 5112 πρώτῃ

2149 5209 2257 5264 τῶν
2288 5209 2427 5262 ὅλων
2466 5209 2561 5261 καὶ
2600 5208 2881 5279 Σωτῆρος·
2915 5208 3009 5261 δύο
3031 5207 3292 5279 θεοφιλῶν
3325 5205 3467 5260 κατὰ
3519 5205 3613 5279 τῶ,
3643 5204 3737 5279 δύο

2149 5277 2903 5351 δυσσεϐεστάτωνξυράννων
2931 5278 3405 5351 ἀνεγηγερμένων,
3437 5287 3546 5332 etc.
3590 5277 3737 5351 (ipti-

2152 5365 2259 5404 me.
2290 5352 2468 5418 Atque
2501 5350 2575 5401 ita
2601 5347 2897 5402 Eusebium
2946 5347 3234 5417 scripsisse
3280 5361 3358 5418 ex_
3381 5347 3736 5418 sequentibus

2152 5415 2399 5489 apparet.
2425 5419 2562 5473 Nam
2592 5419 2646 5472 in
2686 5420 2793 5471 iine
2817 5415 3285 5489 periodi,_m_entio
3332 5416 3391 5489 [it
3439 5426 3548 5489 tam
3585 5415 3735 5489 _Lici-

2153 5485 2237 5544 nii—
2258 5504 2420 5557 quam
2447 5489 2795 5545 Constantini
2821 5485 2836 5542 ξ
2870 5503 2935 5542 ex
2959 5503 3067 5555 quo
3091 5487 3307 5557 planum
3331 5487 3408 5547 lit,
3442 5485 3732 5539 Eusebium

2149 5562 2217 5614 de
2245 5556 2474 5626 utroque
2498 5574 2661 5629 supra
2695 5557 2933 5629 locutum
2951 5556 3137 5629 fuisse.
3163 5556 3267 5629 _Sed
3297 5558 3601 5629 exscriptor
3631 5570 3733 5629 no-

2152 5645 2276 5684 men
2316 5623 2509 5683 l.icinii
2567 5623 2823 5682 consulto
2842 5628 3105 5697 expunxit
3135 5627 3205 5681 ob
3226 5623 3583 5697 subsecutam
3614 5624 3733 5697 ejus

2149 5700 2504 5769 impietatem.
2544 5698 2678 5769 Cum
2707 5698 2867 5769 codd.
2913 5694 3070 5762 Matt.
3105 5707 3162 5753 et
3191 5696 3333 5753 Med.
3378 5694 3733 5763 consentiunt

2148 5766 2317 5833 etiam
2354 5766 2491 5829 Fuit.
2522 5777 2578 5823 et
2606 5766 2781 5835 Savil.
