4220 6460
610 367 707 421 8‘21

1587 370 1934 428 HISTORIA?
1974 361 2534 428 ECCLESIASTICAS
2570 368 2702 427 LIB.
2748 367 2837 426 IX.

3747 365 3854 420 ses

611 485 705 537 ttat
735 483 963 557 δευτέρᾳ
1009 486 1102 540 καὶ
1133 488 1288 560 τρίτῃ
1321 488 1414 542 τοῦ
1446 491 1707 560 τυράννου
1758 489 2082 562 παρατάξει,
2116 484 2176 544 εὖ
2207 494 2251 550 Α

2207 494 2251 550 Α
2283 490 2371 554 da,
2400 505 2494 558 reg
2516 504 2651 544 ones
2681 502 2816 558 quas
2843 486 3124 541 servitutis
3149 486 3278 557 iugo
3300 499 3588 555 oppressas
3611 487 3849 550 tenebat,

613 577 755 643 μάλα
780 591 838 628 τε
867 575 1047 639 πάσας
1080 575 1234 640 ἑλὼν,
1266 578 1509 648 πρόεισιν
1536 579 1629 631 ἐπὶ
1658 579 1906 632 πλεῖστον
1930 580 2054 633 ὅσον
2082 579 2181 649 τῆς

622 664 869 727 Ἰταλίας,
897 666 995 738 ἤδη
1028 683 1088 719 τε
1126 668 1294 738 αὐτῆς
1330 667 1544 740 Ῥώμης
1575 669 1809 739 ἄγχιστα
1838 665 1934 740 ἦν·
1976 665 2077 722 εἷθ’
2105 668 2181 733 ὡς

612 755 687 825 μὴ
713 755 807 808 τοῦ
839 758 1101 828 τυράννου
1133 759 1287 830 χάριν
1333 759 1622 830 Ῥωμαίοις
1656 760 1912 830 πολεμεῖν
1940 759 2182 828 ἀναγκά-

612 860 773 913 ςοιτο,
802 847 937 911 Θεὸς
973 849 1135 913 αὐτὸς
1165 850 1381 921 δεσμοῖς
1409 868 1551 905 τισιν
1583 851 1772 923 ὥσπερ
1801 850 1891 903 τόν
1921 850 2179 923 τύραννον

608 937 943 1006 πορρωτάτω
980 937 1164 991 πυλῶν
1205 937 1431 1003 ἐξέλκει,
1478 940 1571 993 καὶ
1612 939 1682 992 τὰ
1724 939 1891 993 πάλαι
1928 939 1993 1011 δὴ
2039 940 2180 993 κατὰ

607 1027 820 1081 ἀσεϐῶν
870 1028 947 1092 ὡς
997 1030 1057 1083 ὲν
1116 1029 1286 1101 μύθου
1340 1031 1481 1102 λόγῳ
1534 1031 1686 1103 παρά
1739 1035 1851 1096 τοῖς
1908 1032 2180 1093 πλείστοις

606 1118 996 1191 ἀπιστούμενα,
1024 1122 1191 1176 πιστά
1211 1139 1273 1190 γε
1299 1124 1405 1193 μὴν
1438 1127 1647 1186 πιστοῖς
1673 1125 1732 1176 ἐν
1765 1126 1937 1197 ἱεραῖς
1964 1122 2178 1185 Βίϐλοις

606 1209 1047 1281 ἐστηλιτευμένα,
1089 1213 1224 1285 αὐτῇ
1260 1214 1508 1285 ἐνεργείᾳ
1534 1216 1721 1281 πᾶσιν,
1764 1214 1947 1279 ἁπλῶς
1979 1216 2175 1277 εἰπεῖν,

606 1304 815 1365 πιστοῖς
850 1304 944 1355 καὶ
970 1303 1237 1369 ἀπίστοις,
1266 1305 1564 1377 ὀφθαλμοῖς
1589 1305 1657 1360 τά
1689 1306 1966 1378 παράδοξα
1995 1322 2181 1376 παρει-

604 1389 827 1458 ληφόσιν
871 1393 1230 1449 ἐπιστώσατο.
1282 1397 1492 1465 Ὠσπερ
1523 1394 1616 1452 οὖν
1660 1399 1746 1451 ἐπ’
1794 1396 1959 1452 αὐτοῦ
2017 1399 2180 1451 Μωῦ-

606 1480 742 1545 σέως
786 1482 880 1536 καὶ
933 1483 1026 1536 τοῦ
1082 1485 1249 1539 πάλαι
1293 1485 1577 1552 θεοσεϐοῦς
1634 1486 1900 1558 Ἐϐραίων
1954 1485 2176 1555 γένους,

610 1590 629 1622 ι
669 1570 887 1643 ἅρματα
912 1574 1110 1645 Φαραὼ
1147 1576 1240 1628 καὶ
1266 1575 1364 1647 τὴν
1401 1577 1629 1646 δύναμιν
1658 1576 1823 1630 αὑτοῦ
1848 1576 2071 1647 ἔρριψεν
2096 1578 2178 1640 είς

604 1661 904 1728 θάλασσαν,
940 1665 1255 1730 ἐπιλέκτους
1287 1667 1560 1731 ἀναϐάτας
1604 1668 1897 1739 τριστάτας
1934 1667 2043 1739 (45)
2078 1685 2177 1721 κα-

599 1757 910 1811 τεπόντισεν
941 1760 999 1811 ἐν
1034 1757 1273 1830 θαλάσσῃ
1306 1760 1561 1832 Ἐρυθρᾷ,
1588 1761 1765 1830 πόντῳ
1796 1760 2064 1829 ἐκάλυψεν
2088 1761 2179 1815 αὐ-

2283 579 2665 636 innumerabili
2717 588 3051 633 armatorum
3101 577 3442 631 multitudine
3487 587 3542 631 et
3575 576 3852 644 dispositis

2282 671 2349 725 ad
2401 671 2765 725 insidiandum
2826 668 3164 723 exercitibus
3237 669 3472 739 undique
3522 669 3848 723 muniisset:

2280 760 2467 815 divino
2496 760 2666 814 fretus
2706 759 2910 814 auxilio
2945 750 3333 815 Cbnstantinus
3371 759 3625 829 primam,
3652 773 3851 813 secun-

2280 851 2403 905 dam
2446 866 2511 906 ac
2565 852 2778 906 tertiam
2828 851 3040 922 tyranni
3081 866 3372 921 aggressus
3401 852 3595 915 aciem,
3629 859 3854 906 cunctas

2280 944 2383 998 levi
2431 944 2646 1014 negotio
2681 943 2815 996 fudit
2843 958 2906 997 ac
2932 942 3163 1013 fugavit.
3195 941 3271 995 lta
3307 943 3470 997 totius
3499 941 3669 997 Italiae
3698 941 3851 996 aditu

2277 1034 2377 1089 sibi
2410 1032 2951 1103 patefacto,ulterius
2976 1047 3312 1103 progressus,
3339 1034 3555 1087 tandem
3585 1033 3651 1088 ad
3675 1033 3848 1101 ipsam

2277 1140 2451 1194 usque
2497 1124 2687 1178 urbem
2742 1123 2969 1177 Romam
3016 1122 3284 1202 pervenit.
3320 1123 3521 1178 Verum
3576 1138 3644 1178 ne
3687 1123 3848 1177 unius

2281 1214 2494 1286 tyranni
2550 1229 2711 1269 causa
2744 1213 3019 1268 Romanos
3044 1227 3231 1267 omnes
3269 1228 3582 1283 oppugnare
3627 1228 3851 1269 necesse

2277 1308 2518 1374 haberet,
2552 1306 2692 1361 Deus
2730 1305 2879 1359 illum
2916 1306 3069 1374 quasi
3104 1304 3336 1360 vinculis
3370 1305 3693 1374 quibusdam
3720 1321 3851 1361 cou-

2277 1397 2524 1451 strictum
2556 1410 2716 1465 quant
2768 1393 3086 1464 longissime
3127 1402 3282 1448 extra
3320 1395 3470 1448 urbis
3507 1406 3690 1463 portas
3715 1410 3851 1465 pro-

2279 1488 2449 1542 traxit
2488 1505 2502 1541 :
2536 1487 2804 1555 simulque
2856 1486 3035 1556 prisca
3080 1484 3173 1539 illa
3200 1485 3458 1540 adversus
3489 1485 3679 1554 impios
3703 1486 3846 1540 edita

2278 1578 2539 1634 miracula
2586 1594 2707 1648 quae
2759 1578 2933 1633 sacris
2973 1576 3350 1632 Voluminibus
3390 1576 3761 1643 continentur,
3793 1588 3850 1632 el

2275 1669 2472 1738 quibus
2518 1669 2671 1722 multi
2707 1668 2922 1737 quidem
2950 1668 3175 1737 perinde
3205 1683 3271 1723 ac
3319 1667 3520 1723 fabulis
3566 1667 3725 1724 fidem
3756 1668 3849 1723 de-

2277 1769 2490 1831 rogant,
2522 1775 2645 1815 cum
2674 1770 2849 1814 tamen
2885 1760 3025 1829 apud
3077 1759 3260 1815 fideles
3295 1760 3397 1815 {ide
3434 1761 3595 1827 digna
3626 1759 3849 1814 videan-

599 1848 745 1912 τοὺς,
789 1868 809 1900 ι
842 1851 986 1903 κατά
1013 1850 1082 1903 τὰ
1105 1850 1244 1904 αὐτὰ
1270 1851 1334 1921 δὴ
1368 1851 1464 1906 καὶ
1492 1850 1815 1917 Μαξὲντιος,
1855 1852 1906 1905 o't'
1940 1869 2000 1905 τε
2033 1851 2170 1923 ἀμφ’
2205 1837 2246 1896 Β

2205 1837 2246 1896 Β
2278 1859 2366 1904 tur
2395 1868 2410 1903 :
2444 1852 2654 1907 cunctis
2682 1861 2791 1905 tam
2816 1852 3064 1907 fidelibus
3094 1868 3255 1922 qttatn
3287 1852 3596 1907 infidelibus
3624 1853 3716 1923 qui
3746 1852 3847 1908 hoc

599 1938 759 1993 αὑτὸν
791 1940 1004 1994 ὁπλῖται
1039 1941 1136 1994 καὶ
1174 1941 1461 2014 δορυφόροι
1495 1942 1685 1996 ἔδυσαν
1728 1946 1808 2007 εἰς
1842 1943 1999 2014 βυθὸν
2039 1944 2170 1997 ὡσεὶ

599 2026 763 2093 λίθος,
792 2030 1028 2100 ὁπηνίκα
1053 2030 1196 2086 νῶτα
1226 2032 1350 2097 δοὺς
1379 2035 1445 2104 τῇ
1470 2035 1534 2086 ἐκ
1565 2033 1699 2086 Θεοῦ
1728 2034 1865 2104 μετά
1893 2036 2172 2088 Κωνσταν-

601 2121 742 2176 τίνου
771 2120 1018 2192 δύναμει,
1053 2122 1144 2176 τὸν
1177 2123 1283 2194 πρὸ
1315 2124 1414 2195 τῆς
1447 2124 1671 2195 πορείας
1716 2125 1856 2196 διῄει
1891 2126 2165 2196 ποταμόν’

601 2209 656 2265 δν
695 2211 856 2275 αὐτὸς
899 2213 1131 2281 σκάφεσι
1180 2211 1374 2279 ζεύξας
1415 2216 1509 2268 καὶ
1541 2211 1599 2269 εὖ
1647 2216 1792 2287 μάλα
1822 2215 2166 2287 γεφυρώσας,

600 2303 846 2374 μηχανὴν
876 2303 1097 2375 ὀλέθρου
1136 2305 1257 2359 καθ’
1290 2305 1483 2359 ἑαυτοῦ
1528 2308 1913 2378 συνεστήσατο.
1972 2308 2086 2377 Ἐφ’
2126 2301 2171 2377 ᾧ

599 2390 664 2463 ἦν
696 2393 761 2448 ἂν
788 2396 959 2448 εἰπεῖν
980 2414 991 2426 ·
1030 2415 1048 2447 ι
1082 2396 1296 2450 Λάκκον
1322 2396 1496 2469 ὤρυξε
1526 2398 1622 2451 καὶ
1647 2397 1951 2469 ἀνέσκαψεν
1984 2400 2167 2464 αὐτὸν,

598 2486 691 2538 καὶ
724 2486 1043 2556 ἐμπεσεῖται
1074 2490 1156 2552 εἰς
1201 2488 1390 2560 βόθρον
1421 2488 1479 2541 ὃν
1510 2487 1827 2559 εἰργάσατο.
1885 2490 2169 2563 Ἐπιστρέ-

597 2572 688 2642 ψει
710 2574 737 2626 ό
766 2574 923 2637 πόνος
947 2575 1110 2629 αὐτοῦ
1154 2580 1234 2641 εἰς
1260 2577 1498 2649 κεφαλὴν
1526 2577 1711 2641 αὑτοῦ,
1744 2579 1838 2632 καὶ
1870 2579 1962 2633 ἐπὶ
2003 2597 2166 2651 κορυ-

597 2661 703 2733 φὴν
741 2662 902 2716 αὐτοῦ
952 2665 985 2735 ἡ
1033 2665 1217 2720 ἀδικία
1260 2667 1425 2721 αὐτοῦ
1465 2666 1849 2738 καταϐήσεται.
1909 2687 1928 2720 ι
1987 2669 2169 2743 Ταύτῃ

597 2753 732 2822 δῆτα
761 2753 858 2807 τοῦ
893 2757 985 2809 ἐπὶ
1026 2757 1119 2810 τοῦ
1168 2757 1413 2828 ποταμοῦ
1459 2757 1762 2828 ζεύγματος
1804 2759 2166 2824 διαλυθέντος,

599 2843 849 2914 ύφιζάνει
878 2848 976 2918 μὲν
1013 2851 1046 2919 ὴ
1084 2848 1351 2913 διάϐασις,
1381 2851 1553 2921 χωρεῖ
1576 2849 1620 2902 δ’
1654 2849 1867 2921 ἀθρόως
1898 2849 2169 2923 αὔτανδρα

596 2947 737 2998 κατά
768 2946 863 2999 τοῦ
904 2947 1063 3017 βυθοῦ
1104 2949 1171 3003 τὰ
1212 2950 1415 3020 σκάφη,
1455 2950 1548 3004 καὶ
1585 2951 1747 3014 αὑτός
1788 2967 1850 3019 γε
1894 2950 2106 3023 πρῶτος
2142 2953 2171 3005 ό

595 3034 1038 3103 δυσσεϐέστατος,
1072 3036 1189 3094 εἶτα
1228 3041 1286 3094 δέ
1318 3041 1413 3094 καὶ
1450 3042 1499 3094 οἱ
1541 3042 1679 3112 ἀμφ’
1719 3042 1882 3096 αὐτὸν
1928 3043 2170 3095 ὑπασπι-

598 3129 741 3192 σταὶ,
840 3130 907 3182 τὰ
941 3129 1061 3183 θεῖα
1083 3133 1458 3202 προαναφωνεῖ
1504 3130 1692 3199 λόγια,
1728 3150 1747 3183 ι
1786 3132 1980 3186 ἔδυσαν
2039 3132 2170 3185 ὡσεὶ

2276 1941 2601 1997 miraculum
2642 1943 2783 2012 quod
2814 1942 3009 1997 dicturi
3046 1958 3254 2007 sumus,
3290 1943 3462 1999 oculis
3495 1944 3606 1998 suis
3636 1952 3848 2015 specta-

2275 2040 2492 2098 verunt,
2510 2033 2789 2087 verissima
2827 2047 2948 2087 esse
2974 2047 3139 2101 opere
3163 2033 3278 2102 ipso
3300 2033 3692 2102 comprobavit.
3712 2032 3847 2087 Nam

2276 2121 2726 2187 quemadmodum
2766 2120 2933 2176 Mosis
2968 2136 3031 2175 ac
3061 2120 3326 2192 religiosae
3369 2123 3639 2192 quondam
3670 2124 3848 2192 gentis

2277 2209 2625 2266 Hebrzeorum
2661 2213 3014 2281 temporibus,
3045 2213 3189 2269 Deus
3230 2227 3424 2268 currus
3461 2221 3515 2268 et
3546 2216 3846 2270 exercitum

2275 2299 2577 2357 Pharaonis
2604 2302 2828 2373 projecit
2867 2303 2920 2357 in
2951 2318 3121 2370 mare,
3146 2303 3473 2360 lectissimos
3509 2304 3710 2360 milites
3736 2313 3845 2360 ter-

2276 2412 2372 2452 nos
2401 2411 2467 2451 ex
2507 2412 2666 2452 curru
2707 2408 3010 2469 pugnantes
3056 2398 3349 2454 submersit
3392 2399 3446 2453 in
3477 2399 3610 2454 mari
3636 2399 3844 2462 Rubro,

2275 2498 2331 2542 et
2368 2484 2615 2542 ﬂuctibus
2639 2489 2851 2557 operuit
2877 2489 2923 2521 ⁸³
2950 2505 2964 2542 :
2995 2488 3077 2544 sic
3112 2489 3275 2558 plane
3312 2488 3614 2545 Maxentius
3646 2501 3700 2545 et
3723 2492 3848 2560 qni-

2275 2592 2488 2647 cunque
2537 2578 2684 2634 cirea
2740 2579 2889 2633 illum
2951 2589 3108 2634 erant
3157 2580 3357 2637 milites
3405 2596 3469 2637 ac
3530 2582 3843 2652 stipatores,

2277 2669 2451 2723 instar
2490 2669 2681 2738 lapidis
2722 2671 2774 2725 in
2806 2670 3128 2725 altissimum
3165 2673 3434 2740 gurgitem
3482 2673 3794 2729 ceciderunt
3825 2690 3842 2731 :

2276 2766 2408 2812 tunc
2450 2758 2701 2813 videlicet
2730 2774 2851 2814 cum
2881 2761 3060 2815 divina
3110 2760 3310 2816 virtute
3342 2761 3677 2818 Constantini
3717 2777 3843 2832 par-

2276 2848 2423 2903 tibus
2459 2849 2758 2905 auxiliante
2791 2850 2846 2905 in
2888 2847 3068 2920 fugam
3119 2866 3330 2918 versus,
3360 2850 3585 2909 fluvium
3619 2853 3721 2909 sibi
3744 2856 3845 2910 ob-

2270 2938 2472 3008 jectum
2498 2940 2865 3008 pertransiret
2912 2955 2928 2994 :
2968 2941 3135 3013 359
3163 2945 3216 2997 in
3251 2959 3394 3013 quo,
3426 2955 3589 3014 ponte
3624 2960 3691 3001 ex
3718 2961 3842 3002 sca.

2276 3031 2398 3102 phis
2442 3030 2810 3095 contabulato,
2887 3032 3004 3102 ipse
3056 3035 3366 3090 machinam
3411 3037 3702 3106 quamdam
3773 3040 3841 3093 ad

2276 3138 2426 3178 suam
2452 3122 2619 3192 ipsius
2638 3123 2935 3195 perniciem
2962 3134 3364 3183 construxerat.
3394 3124 3629 3182 Proinde
3658 3137 3713 3183 et
3739 3128 3842 3183 hoc

601 3189 858 3287 μόλυϐδος
904 3220 962 3273 ἐν
1007 3189 1156 3272 ὕδατί
1199 3189 1445 3285 σφοδρῷ*
1493 3239 1512 3271 t
1559 3189 1701 3274 ϐιστέ
1741 3220 1964 3284 εἰκότως
2006 3221 2055 3272 εί
2094 3220 2168 3292 μὴ
2197 3189 2238 3248 c

2197 3189 2238 3248 (ἶ
2272 3212 2376 3265 dici
2422 3189 2616 3267 merito
2638 3189 2828 3281 'potuit
2858 3229 2875 3268 :
2914 3231 2935 3266 ι
2972 3212 3231 3270 Scrobem
3261 3215 3474 3283 aperuit
3510 3222 3674 3283 atque
3703 3214 3837 3270 etfa-

596 3306 807 3376 λόγοις,
842 3308 1023 3379 ἔργοις
1059 3309 1104 3362 δ’
1136 3307 1229 3364 οὖν
1275 3311 1475 3381 ὁμοίως
1511 3312 1624 3375 τοῖς
1672 3311 1814 3382 ἀμφὶ
1857 3311 1950 3364 τὸν
1999 3310 2169 3382 μέγαν

597 3397 904 3470 θεράποντα
935 3401 1172 3453 Μωῦσέα
1198 3403 1321 3464 τοὺς
1353 3401 1505 3473 παρά
1539 3402 1674 3455 Θεοῦ
1717 3402 1817 3473 τὴν
1849 3401 2007 3473 νίκην
2038 3401 2171 3473 ἀρα-

600 3488 816 3557 μένους,
855 3488 997 3542 αύτὰ
1027 3490 1092 3560 δὴ
1132 3490 1199 3543 τὰ
1228 3490 1372 3543 κατά
1402 3491 1498 3544 τοῦ
1547 3490 1715 3546 πάλαι
1746 3488 2041 3555 δυσσεϐοῦς
2072 3507 2168 3543 τυ-

600 3577 794 3647 ράννου
823 3571 925 3632 ὧδέ
955 3595 1072 3643 πως
1101 3580 1358 3650 ἀνυμνεῖν
1398 3579 1509 3651 (46)
1546 3581 1642 3634 καὶ
1681 3579 1888 3649 λέγειν’
1929 3599 1949 3631 t
1996 3580 2165 3652 ’ᾼσω-

601 3683 701 3735 μεν
730 3664 808 3737 τῷ
838 3667 1305 3738 Κυρίῳ,’ἐνδόξως
1336 3668 1445 3739 γὰρ
1480 3668 1808 3734 δεδόξασται.
1848 3670 2045 3724 Ἵππον
2077 3669 2174 3724 καὶ

597 3754 874 3828 ἀναϐάτην
906 3757 1127 3828 ἔρριψεν
1159 3758 1238 3822 εἰς
1271 3758 1573 3811 Θάλασσαν·
1614 3758 1803 3829 βοηθὸς
1838 3759 1935 3813 καὶ
1969 3775 2173 3811 σκεπα-

598 3850 729 3919 στής
742 3865 845 3920 μου
860 3847 1064 3915 Κύριος
1080 3847 1292 3917 ἐγένετό
1314 3866 1403 3918 μοι
1438 3851 1518 3912 εἰς
1548 3848 1839 3921 σωτηρίαν·
1860 3849 1970 3919 (4-7)
1997 3867 2015 3899 ι
2042 3848 2132 3901 καί
2154 3864 2168 3877 ·

602 3957 624 3991 ι
669 3940 767 4003 Τίς
805 3940 988 4011 ὅμοιός
1039 3957 1121 3993 σοι
1173 3942 1229 3993 ἐν
1262 3939 1421 4003 θεοῖς,
1454 3939 1649 4011 Κύριε,
1693 3938 1779 4002 τίς
1822 3938 2005 4010 ὅμοιός
2054 3954 2169 4003 σοι;

596 4029 981 4102 δεδοξασμένος
1018 4031 1076 4084 ἐν
1107 4030 1302 4098 ἁγίοις.
1333 4029 1640 4100 θαυμαστὸς
1674 4030 1730 4083 ἐν
1763 4028 1962 4094 δόξαις,
2002 4027 2172 4082 ποιῶν

597 4122 821 4195 τέρατα.
860 4142 879 4175 ι
912 4121 1100 4175 Ταῦτά
1126 4138 1188 4190 γε
1224 4122 1316 4175 καὶ
1346 4122 1447 4175 ὅσα
1477 4120 1685 4184 τούτοις
1724 4119 1928 4188 ἀδελφά
1970 4136 2029 4172 τε
2077 4118 2173 4173 καὶ

598 4211 814 4285 ἐμφερῆ
842 4215 1251 4274 Κωνσταντῖνος
1277 4211 1354 4283 τῷ
1384 4213 1720 4285 πανηγεμόνι
1763 4211 1857 4289 καὶ
1889 4211 1989 4281 τῆς
2017 4210 2175 4281 νίκης

598 4303 756 4373 αἰτίῳ
800 4301 919 4373 Θεῷ
967 4304 1150 4366 αὐτοῖς
1194 4303 1375 4375 ἔργοις
1419 4304 1755 4375 ἀνυμνήσας,
1811 4302 1903 4356 ἐπὶ
1957 4300 2174 4373 Ῥώμης

602 4392 718 4461 μετ’
746 4391 1026 4445 ἐπινικίων
1055 4392 1361 4464 εἰσήλαυνε,
1391 4392 1607 4447 πάντων
1636 4391 1847 4464 ἀθρόως
1870 4391 2031 4445 αὑτὸν
2056 4391 2175 4462 ἅμα

599 4482 793 4553 κομιδῆ
820 4484 1033 4554 νηπίοις
1061 4486 1153 4538 καὶ
1178 4483 1411 4554 γυναιξὶ,
1444 4484 1555 4538 τῶν
1580 4502 1641 4538 τε
1670 4485 1779 4539 ἀπὸ
1802 4486 1900 4556 τῆς
1934 4482 2173 4555 συγκλή-

596 4591 689 4627 του
724 4574 918 4648 βουλῆς
949 4575 1045 4629 καὶ
1075 4576 1184 4629 τῶν
1225 4577 1401 4631 ἄλλων
1441 4576 1857 4648 διασημοτάτων
1903 4576 2036 4648 (48),
2073 4575 2171 4628 σὺν

668 4666 714 4698 ⁸³
743 4665 912 4723 Ειυιι.
948 4684 1036 4723 xv.
1112 4668 1160 4700 δι
1204 4668 1346 4723 Psttl.
1379 4684 1474 4732 vn,
1505 4669 1590 4723 l6.

2271 3300 2393 3354 dit:
2427 3306 2483 3353 et
2535 3298 2589 3353 in
2638 3299 2845 3356 foveam
2892 3316 3055 3373 quam
3100 3299 3229 3357 fecit
3273 3302 3389 3373 ipse
3433 3298 3654 3354 incidet.
3700 3300 3840 3356 Con-

2273 3398 2512 3445 vertetur
2539 3389 2694 3444 labor
2715 3390 2831 3461 ejus
2863 3391 2915 3444 in
2942 3396 3216 3462 proprium
3257 3402 3435 3459 caput,
3492 3400 3548 3446 et
3583 3390 3637 3444 in
3667 3391 3835 3444 verti-

2268 3492 2387 3534 cem
2425 3481 2596 3550 ipsius
2629 3474 2889 3542 iniustitia
2916 3476 3035 3548 ejus
3055 3478 3333 3537 recidet“.
3369 3478 3464 3532 tln
3489 3478 3639 3533 hunc
3673 3480 3838 3549 igitur

2270 3579 2491 3622 modum
2542 3568 2720 3625 soluta
2764 3570 2945 3639 pontis
2980 3583 3262 3640 compage,
3306 3571 3571 3624 transitus
3614 3569 3835 3639 quidem

2269 3659 2552 3716 subsidere
2583 3660 2786 3729 cmpit;
2822 3661 3033 3730 navigia
3067 3675 3197 3716 vero
3225 3660 3385 3715 simul
3414 3676 3537 3715 cum
3582 3661 3715 3731 ipsis
3741 3662 3833 3717 ho-

2270 3751 2506 3806 minibus
2564 3761 2787 3822 repente
2831 3752 3164 3822 pessumiere
3192 3771 3206 3807 :
3236 3754 3555 3823 primusque
3593 3753 3838 3808 omnium

2270 3841 2689 3898 scelestissimus
2718 3843 2806 3898 ille
2839 3853 3123 3914 tyrannus,
3166 3858 3233 3898 ac
3260 3843 3459 3898 deinde
3488 3845 3666 3900 cuncti
3701 3858 3842 3915 quos

2269 3935 2415 3991 circa
2463 3950 2522 3990 se
2573 3935 2809 3991 habebat
2855 3936 3102 4006 corporis
3151 3937 3422 3997 custodes,
3467 3937 3611 3991 sicut
3656 3936 3836 3991 divina

2270 4031 2638 4101 praedixerunt
2695 4029 2953 4094 oracula,
3004 4028 3176 4083 instar
3225 4027 3491 4097 plumbeae
3547 4041 3739 4081 massa:
3783 4026 3837 4079 in

2270 4120 2594 4176 altissimum
2638 4121 2903 4190 gurgitem
2954 4118 3157 4189 delapsi
3187 4128 3333 4173 sunt.
3366 4119 3515 4173 Adeo
3541 4126 3598 4171 ut
3641 4117 3841 4170 milin

2270 4212 2362 4282 qui
2387 4218 2517 4266 tunc
2534 4226 2636 4281 ope
2675 4211 2841 4266 divini
2883 4211 3123 4266 numinis
3155 4211 3442 4266 victoriam
3476 4208 3655 4278 adepti
3688 4215 3839 4270 sunt,

2270 4303 2494 4371 perinde
2538 4317 2604 4357 ac
2629 4302 2758 4356 olim
2792 4301 3048 4356 Israelita;
3077 4317 3215 4371 quos
3255 4315 3482 4370 magnus
3504 4299 3596 4353 ille
3625 4298 3718 4353 Dei
3752 4297 3837 4350 fa-

2271 4393 2451 4448 mulus
2471 4391 2683 4465 Moyses
2699 4394 2947 4459 ducebat,
2966 4394 3180 4459 merito,
3205 4393 3250 4448 si
3284 4407 3389 4446 non
3419 4391 3621 4454 verbis,
3646 4389 3836 4444 saltem

2274 4485 2436 4540 rebus
2477 4483 2612 4553 ipsis
2642 4483 2831 4538 eadem
2859 4498 2981 4553 quae
3010 4483 3087 4537 illi
3132 4483 3403 4551 quondam
3435 4483 3696 4534 adversus
3738 4481 3836 4532 itn—

2276 4575 2422 4644 pium
2457 4573 2606 4629 illum
2650 4572 2986 4629 Pharaonem
3028 4571 3297 4627 cantaturi
3353 4570 3553 4625 fuerint
3602 4570 3654 4625 in
3695 4569 3840 4624 hunc

667 4757 1156 4830 (τίείλτριστάτας.
1188 4761 1263 4830 Ita
1298 4760 1492 4830 legitur
1515 4759 1683 4830 Exodi
1729 4774 1850 4830 cap.
1904 4773 1976 4812 xv
2005 4798 2020 4822 ,
2042 4757 2160 4830 Διιιιί
2262 4775 2333 4830 με

2262 4775 2365 4830 μοι
2388 4758 2476 4823 εις
2499 4757 2818 4825 σωτηρίαν.
2854 4754 2996 4830 Haec
3013 4765 3095 4830 est
3121 4755 3284 4810 lectio
3313 4753 3469 4830 codd.
3500 4753 3639 4830 lliaz.
3664 4763 3717 4808 et
3739 4754 3840 4830 Sa-

599 4828 762 4880 multa
792 4829 1115 4896 interpretes
1148 4828 1385 4882 afferunt
1415 4832 1481 4882 tle
1514 4829 1672 4895 hujus
1709 4829 1859 4882 vocis
1888 4828 2164 4897 signiﬁca-

600 4898 766 4954 tione.
803 4898 914 4966 Ego
938 4908 1234 4969 iternosex
1269 4900 1522 4953 curribus
1545 4909 1849 4969 pugnantes
1898 4898 2158 4969 intelligo,

597 4976 659 5019 ut
690 4975 835 5021 recte
866 4968 1027 5021 habet
1048 4966 1271 5035 Vulgata
1296 4970 1475 5022 versio
1499 5007 1514 5032 ,
1547 4966 1727 5033 quam
1761 4968 2032 5021 immerito
2086 4983 2165 5021 re-

599 5037 883 5109 prehendit
910 5035 1289 5107 HierOnymtts.
1319 5038 1730 5109 Πρωτοστάτης,
1788 5036 2163 5109 παραστάτης,

596 5106 860 5160 vocabula
886 5114 1015 5179 sunt
1050 5106 1260 5160 taetica.
1293 5106 1492 5161 Eadem
1517 5106 1687 5161 forma
1719 5106 2033 5179 τριστάτης.
2061 5107 2166 5161 lie-

598 5184 688 5230 cte
717 5191 847 5243 ergo
886 5175 1112 5229 Rufinus
1144 5186 1318 5230 ternos
1342 5187 1562 5231 statores
1596 5175 1777 5230 vertit.

670 5238 805 5316 (46f
820 5238 962 5299 Ὧδέ
987 5258 1111 5311 πως
1133 5245 1438 5315 ἁνυμνεῖν.
1482 5246 1596 5300 Non
1633 5246 1798 5315 probo
1849 5246 2170 5314 interpreta-

597 5314 800 5383 tionem
850 5314 1356 5383 Christophorstmi,
1386 5317 1477 5383 qui
1502 5314 1869 5370 vert'ttcanere
1888 5316 2165 5383 potuisset.

597 5381 712 5438 ιιιιο
763 5381 1086 5438 vertendum
1113 5395 1231 5437 erat
1260 5381 1528 5449 cecinerit,
1585 5395 1644 5437 ut
1700 5399 1764 5437 ex
1810 5381 2166 5453 seqttentibtts

598 5465 843 5521 apparet.
875 5455 966 5507 Ait
991 5456 1134 5507 enim
1176 5454 1464 5515 Eusebius,
1490 5470 1596 5508 non
1622 5454 1827 5514 verbis,
1876 5455 1970 5508 sed
2005 5454 2164 5508 factis

601 5522 731 5592 ipsis
754 5523 1168 5577 Constantinum
1208 5524 1280 5577 ita
1306 5524 1569 5577 cecinisse
1593 5539 1608 5577 :
1641 5521 1829 5592 Ταῦτά
1852 5540 1916 5592 γε
1943 5523 2037 5577 καὶ
2069 5524 2170 5576 ὅσα

596 5589 806 5664 τούτοις
842 5592 1064 5663 ἀδελφὰ,
1097 5593 1503 5656 Κωνσταντῖνος
1530 5591 1608 5662 τῷ
1638 5591 1757 5662 Θεῷ
1785 5589 1966 5664 ἔργοις
1986 5593 2170 5657 αὐτοῖς

601 5661 1045 5802 ἀνῖϊῧήὲᾭθὸς
1065 5732 1160 5787 καί
1186 5732 1537 5801 σκεπαστής
1562 5749 1684 5803 μου
1700 5732 1916 5800 Κύριος
1937 5730 2173 5800 ἐγένετό

2268 4825 2573 4899 vil.,qnatn
2624 4831 2913 4881 continuat
2968 4825 3240 4890 Rufinus;
3285 4825 3375 4899 _sic
3428 4826 3570 4878 enim
3624 4825 3839 4899 vertit:

2271 4915 2291 4949 ι
2322 4894 2552 4966 Adjutor
2586 4905 2640 4966 et
2681 4905 2956 4966 protector
2986 4909 3155 4966 meus,
3187 4907 3241 4948 et
3280 4894 3579 4966 faet_ns»es_t
3619 4895 3749 4966 mihi
3783 4897 3836 4948 in

2267 4963 2551 5036 salutem.»
2590 4963 2746 5036 Vulg.
2781 4964 2973 5036 βοηθὸς
2995 4964 3104 5036 οιαὶ
3133 4963 3440 5036 σκεπαστὴς
3473 4963 3834 5036 ἐγένετό-μοι,

2268 5035 2447 5091 Locus
2467 5043 2552 5090 est
2598 5035 2652 5088 in
2689 5032 2809 5104 cap.
2864 5032 2934 5088 xv
2993 5034 3204 5098 Exodi,
3241 5035 3332 5087 ubi
3390 5032 3631 5104 Romana
3690 5032 3834 5088 LXX

2272 5107 2634 5172 lnterpretum
2668 5102 2833 5158 editio
2861 5119 3023 5158 voces
3071 5104 3193 5156 illas
3224 5120 3326 5174 μου
3350 5102 3556 5174 Κύριος
3595 5118 3701 5174 non
3738 5104 3837 5156 ha-

2278 5175 2387 5229 bet.
2427 5176 2578 5240 Quod
2603 5174 2845 5243 profecto
2877 5174 3085 5228 miror:
3125 5173 3245 5225 natu
3274 5173 3563 5228 Eusebium
3600 5173 3836 5226 editione

2274 5243 2419 5298 LXX
2488 5242 2844 5312 interpretum
2903 5259 3056 5297 nsunt
3116 5256 3257 5301 esse.
3292 5258 3390 5312 pro
3437 5253 3590 5312 certo
3638 5242 3831 5312 habeo.

2272 5313 2440 5369 Paulo
2462 5323 2582 5381 post
2607 5310 2694 5367 ubi
2724 5313 2996 5435 legebatur
3019 5331 3033 5365 :
3061 5311 3371 5382 θαυμαστὸς
3416 5311 3642 5377 ἐνδόξως
3667 5310 3834 5388 ποιῶν

2272 5384 2496 5435 τέρατα.
2528 5385 2734 5435 restitui
2803 5381 3079 5435 αυιιαστὸς
3112 5385 3169 5434 ἐν
3197 5380 3375 5435 δόξαις
3402 5398 3466 5435 ex
3512 5390 3834 5433 auctorttate

2269 5384 2509 5455 τέρατα,
2524 5385 2734 5455 restitui
2769 5380 3079 5455 θαυμαστὸς
3112 5380 3375 5455 ἐν’δόξαις
3402 5398 3466 5435 ex
3493 5382 3835 5455 auctoritate

2273 5447 2431 5508 co'dd.
2481 5447 2630 5506 'Maz.
2684 5463 2743 5506 et
2772 5447 2935 5517 Fui,
2974 5454 3169 5520 quibus
3199 5450 3439 5504 Romana
3493 5447 3637 5505 LXX
3713 5450 3837 5503 sub-

2274 5523 2464 5577 scribit
2488 5522 2674 5583 edttio,
2707 5532 2763 5573 ιιι
2788 5533 2842 5574 et
2877 5523 3253 5588 interpretatio
3285 5520 3488 5588 Ruﬁni.

2349 5592 2462 5662 (48)
2498 5590 2613 5645 Καὶ
2635 5588 2755 5644 τῶν
2777 5589 2982 5662 ἄλλων
3007 5584 3475 5658 διασημοτάτων.
3520 5585 3636 5662 Non
3669 5584 3832 5662 intel-

2279 5655 2581 5736 l_t-_x'it_'haue
2604 5677 2790 5736 vocem
2824 5655 3380 5736 Cbristnphor'sonus,
3411 5671 3524 5736 nec“
3541 5655 3832 5736 Masculus.

2281 5730 2374 5786 Sic
2393 5730 2566 5787 Graeci
2594 5732 2862 5787 vocabant
2892 5745 3005 5799 eos,
3034 5724 3169 5799 quos
3206 5727 3381 5782 Latini
3404 5724 3832 5796 perfectissimus.
