4220 6444
500 358 605 419 823
1203 348 1473 409 EUSEBII
1510 351 1989 410 CESARIENSIS
2026 352 2176 410 OPP.
2218 352 2403 410 PARS
2441 353 2480 407 Ι.
2518 382 2584 393 -——
2625 348 3013 409 HISTORICA.
3641 348 3748 404 828

500 452 718 507 modum
753 466 768 503 :
800 468 821 504 ι
861 448 1154 504 Cantemus
1178 445 1438 513 Domino;
1479 447 1765 516 magniﬁce
1791 450 1934 503 enim
1956 450 2064 519 glo-

2170 450 2333 503 παντὶ
2372 448 2528 520 δήμῳ
2585 445 2891 518 Ῥωμαίων,
2946 444 3189 516 φαιδροῖς
3246 441 3508 516 δμμασιν,
3556 445 3749 510 αὐταῖς

501 542 755 599 riiicatus
806 550 911 596 est.
965 539 1172 608 Equum
1236 547 1294 594 et
1347 553 1689 595 ascensorem
1743 540 1967 611 projecit
2015 544 2064 598 in

2173 539 2392 609 ψυχαῖς,
2440 533 2527 591 οἷα
2581 536 2879 609 λυτρωτὴν,
2918 534 3143 607 σωτῆρά
3184 550 3243 586 τε
3291 534 3388 588 καὶ
3430 533 3746 605 εὐεργέτην,

500 648 674 688 mare.
721 632 958 701 Adjutor
985 638 1038 685 et
1088 628 1373 685 Protector
1399 630 1578 686 factus
1610 641 1692 687 est
1732 633 1861 688 mihi
1887 633 1953 689 ad
1984 649 2071 689 sa-

498 724 665 780 lutem
686 724 754 778 ".
785 742 805 777 ι
841 723 906 777 Ει
930 723 1121 777 iterum
1158 737 1173 775 :
1213 739 1233 776 ι
1271 720 1403 788 Qdis
1431 722 1621 778 similis
1651 722 1897 779 tibiinter
1913 723 2068 791 deos,

499 816 770 873 Domine?
812 815 935 886 quis
974 813 1173 871 similis
1213 813 1712 886 tibiigloriﬁcatus
1753 816 1808 870 in
1830 817 2067 880 sanctis,

498 909 763 968 mirabilis
818 909 872 963 in
927 906 1121 978 gloria,
1178 904 1384 962 iaciens
1416 908 1653 976 prodigia
1686 908 1754 961 ⁸⁵.
1793 926 1814 962 ι
1856 907 1981 965 Haec
2012 919 2068 963 et

497 1000 600 1055 alia
630 1001 820 1055 borum
847 1014 1104 1068 germana
1130 1006 1291 1066 atque
1318 998 1511 1052 similia
1535 1015 1653 1053 cum
1679 998 2068 1058 Constantinus

499 1094 553 1147 in
590 1092 800 1148 laudem
844 1091 940 1148 Dei
993 1092 1369 1145 universorum
1420 1090 1677 1161 principis
1728 1098 1784 1146 et
1826 1092 2068 1148 victoriae

497 1185 738 1241 auctoris
772 1185 932 1239 factis
966 1184 1097 1253 ipsis
1127 1170 1437 1246 cecinisset,
1457 1182 1687 1237 Romam
1724 1184 2066 1253 triumphans

494 1277 942 1346 ingressus-est:
986 1275 1243 1330 universo
1282 1276 1487 1339 pariter
1514 1284 1704 1331 senatu
1745 1275 1971 1343 aliisque
1996 1290 2064 1330 ex

494 1364 733 1435 equestri
759 1365 952 1420 ordine
983 1373 1038 1419 et
1066 1363 1263 1434 populo
1295 1362 1563 1427 Romano,
1592 1361 1751 1417 simul
1778 1378 1900 1418 cuin
1929 1378 2068 1418 nxoo

492 1456 652 1511 ribus
690 1469 755 1511 ac
780 1454 964 1510 liberis
994 1454 1117 1511 laeto
1149 1454 1300 1508 vultu
1349 1469 1416 1508 ex
1462 1455 1665 1518 animo,
1702 1469 1847 1518 eum,
1880 1463 2065 1525 utpote

492 1546 864 1612 liberatorem,
892 1555 1254 1611 servatorem,
1312 1553 1367 1600 et
1400 1547 1664 1600 bonorum
1700 1546 1938 1599 omnium
1966 1561 2065 1601 au-

493 1646 699 1692 ctorem
730 1651 852 1691 cum
903 1635 1099 1691 faustis
1144 1635 1625 1691 acclamationibus
1654 1645 1709 1690 et
1749 1636 2061 1705 inexplebili

491 1725 725 1794 quodam
774 1724 970 1795 gaudio
1011 1724 1423 1794 excipientibus.
1451 1722 1651 1779 Verum
1685 1724 1774 1780 ille
1803 1726 2061 1795 pietatem

2172 631 2290 700 μετ’
2320 626 2607 699 εὐφημιῶν
2649 625 2744 680 καὶ
2784 624 3061 696 ἀπλήστου
3098 624 3273 694 χαρᾶς
3313 622 3745 694 ὑποδεχομένων.

2180 718 2238 772 ὐ
2271 716 2315 771 δ’
2343 717 2534 788 ὥσπερ
2562 718 2802 788 ἔμφυτον
2833 716 2933 787 τὴν
2965 716 3045 778 εἰς
3077 714 3209 783 Θεὸν
3240 714 3522 768 εὐσέϐειαν
3550 731 3748 788 κεκτη-

2170 808 2350 880 μένος,
2402 809 2526 880 μηδ⁹
2559 808 2695 872 ὅλως
2736 806 2831 860 ἐπὶ
2881 808 3001 870 ταῖς
3053 805 3204 876 βοαῖς
3253 806 3743 877 ὑποσαλευόμενος,

2169 900 2292 971 μηδ’
2325 900 2682 971 ἐπαιρόμενος
2708 902 2822 959 τοῖς
2844 897 3103 961 ἐπαίνοις,
3130 892 3189 950 εὖ
3218 896 3365 968 μάλα
3393 896 3496 966 τῆς
3520 898 3586 951 ὲκ
3606 896 3744 952 Θεοῦ

2167 991 2404 1064 συνῃσθη
2413 992 2711 1062 μένος(48¹)
2730 990 2999 1062 βοηθείας,
3014 988 3214 1043 αὐτίκα
3225 987 3320 1041 τοῦ
3339 1006 3482 1059 σωτη
3492 989 3603 1059 ρίου
3615 989 3742 1060 τρό-

2165 1101 2325 1139 παιον
2363 1085 2573 1150 πάθους
2601 1085 2708 1138 ὑπὸ
2741 1088 2901 1156 χεῖρα
2932 1083 3065 1147 ἰδίας
3096 1083 3304 1146 εἰκόνος
3336 1082 3448 1153 (49)
3478 1082 3741 1155 ἀνατεθῆ-

2163 1192 2254 1230 ναι
2309 1177 2636 1249 προστάττει
2659 1195 2672 1207 ’
2714 1179 2808 1231 καὶ
2839 1177 2905 1248 δὴ
2953 1176 3013 1229 τὸ
3065 1176 3329 1245 σωτήριον
3360 1173 3455 1227 τοῦ
3509 1172 3742 1244 σταυροῦ

2166 1270 2387 1339 σημεῖον
2408 1269 2501 1322 ἐπὶ
2526 1271 2592 1339 τῇ
2615 1268 2763 1338 δεξιᾷ
2798 1268 3096 1338 κατέχοντα
3125 1264 3289 1317 αὑτὸν
3315 1266 3373 1317 ὲν
3399 1262 3477 1335 τῷ
3509 1263 3742 1333 μάλιστα

2162 1358 2272 1413 τῶν
2305 1360 2398 1413 ἐπὶ
2446 1359 2665 1431 Ῥώμης
2712 1358 3181 1429 δεδημοσιευμένῳ
3225 1356 3374 1424 τόπῳ
3423 1357 3741 1425 στήσαντες,

2164 1452 2334 1522 αὑτὴν
2409 1451 2474 1523 δὴ
2542 1451 2745 1523 ταύτην
2809 1450 3134 1521 ὑπογραφὴν
3201 1447 3419 1511 ἐντάξαι
3503 1449 3743 1518 ῥήμασιν

2163 1541 2349 1604 αὐτοῖς
2378 1543 2444 1611 τῇ
2503 1541 2789 1612 Ῥωμαίων
2832 1540 3180 1610 ὲγκελεύεται
3215 1540 3366 1609 φωνῇ
3387 1554 3401 1569 ⁸
3441 1539 3633 1605 Τούτῳ
3660 1535 3745 1604 τῷ

2163 1631 2522 1698 σωτηριώδει
2571 1634 2818 1702 σημείῳ,
2869 1631 2960 1697 ,τῷ
3013 1629 3279 1698 ἀληθινῷ
3336 1629 3565 1699 ἐλέγχῳ
3628 1626 3744 1697 τῆς

2163 1720 2432 1789 ἀνδρίας,
2464 1723 2581 1792 τὴν
2602 1724 2783 1777 πόλιν
2806 1721 2973 1792 ὑμῶν
3003 1721 3123 1777 ἀπὸ
3168 1719 3346 1791 ζτυγοῦ
3379 1720 3486 1774 τοῦ
3524 1718 3741 1788 mpii"

492 1815 549 1869 in
581 1814 746 1871 Deum
771 1815 927 1885 quasi
973 1814 1189 1870 insitam
1220 1814 1328 1870 sibi
1366 1824 1530 1884 atque
1560 1815 1801 1869 innatam
1846 1830 2062 1883 gerens,

2165 1830 2276 1867 νου
2318 1813 2715 1868 ὄιασωθεῖσαν
2752 1812 3167 1882 ἠλευθέρωσα’
3212 1814 3299 1867 ἐτι
3323 1811 3453 1881 μὴν
3486 1810 3586 1865 καὶ
3628 1809 3743 1879 τὴν

492 1906 578 1960 his
601 1904 1085 1961 acclamationibus
1118 1904 1429 1961 nullatenus
1461 1905 1528 1960 de
1563 1915 1707 1960 statu
1747 1907 1941 1962 mentis
1972 1907 2068 1962 de-

494 1995 761 2060 turbatus,
809 2009 911 2048 nec
951 1992 1168 2049 inﬂatus
1199 1993 1484 2054 laudibus:
1526 2009 1646 2048 cum
1677 1995 1917 2051 divinum
1964 1996 2067 2051 sibi

491 2083 750 2138 auxilium
795 2083 1036 2138 adfuisse
1083 2082 1251 2151 probe
1298 2083 1644 2154 intelligeret,
1682 2084 1863 2138 statim
1903 2081 2068 2151 jussit

491 2185 551 2237 ut
580 2174 872 2231 Dominicze
902 2174 1172 2244 passionis
1205 2181 1467 2243 tropteum
1500 2188 1662 2245 supra
1694 2190 1915 2229 manum
1955 2185 2069 2231 sta-

492 2278 597 2320 tum
634 2266 737 2322 sibi
782 2267 972 2337 positae
997 2268 1324 2336 erigeretur.
1354 2265 1598 2335 Cumque
1641 2264 1867 2320 Romani
1901 2266 1953 2320 in
1978 2281 2068 2322 ce-

488 2357 782 2424 leberrimo
816 2357 966 2412 urbis
1019 2357 1139 2412 loco
1183 2366 1418 2411 statuam
1454 2357 1503 2411 ei
1548 2356 1918 2419 dedicassent,
1946 2372 2067 2427 qum

489 2450 686 2506 dextra
753 2465 917 2504 manu
973 2449 1213 2504 salutare
1265 2449 1446 2504 crucis
1512 2449 1729 2518 signum
1794 2452 2065 2517 gestabat,

487 2537 799 2609 huiusmodi
858 2539 1261 2609 inscriptionem
1301 2537 1499 2593 Latino
1540 2554 1791 2593 sermone
1857 2540 1910 2593 in
1949 2538 2065 2595 basi

482 2629 649 2699 jussit
678 2630 871 2705 apponi
906 2647 922 2684 :
948 2628 1064 2683 Hoc
1095 2630 1319 2684 salutari
1346 2629 1498 2699 signa
1525 2631 1666 2699 quod
1698 2645 1831 2683 vera:
1858 2630 2064 2685 uirtutis

490 2720 697 2789 insigne
720 2727 817 2786 est,
848 2729 1076 2773 vestram
1111 2723 1287 2772 urbem
1322 2721 1609 2789 tyrannica
1638 2718 1802 2791 360
1828 2720 2068 2775 domina-

490 2810 652 2871 tionis
670 2809 801 2880 jugo
831 2810 1107 2863 liberatam
1127 2813 1346 2866 seruaui.
1380 2808 1601 2865 Senatui
1627 2812 1918 2880 populoque
1948 2810 2063 2864 Ro-

489 2918 648 2963 mano
669 2904 723 2956 in
756 2903 1047 2955 libertatem
1070 2911 1270 2956 asserto
1294 2902 1571 2969 pristinum
1588 2901 1744 2957 decus
1768 2881 2061 2959 nobilitatis

489 2990 920 3062 splendoremque
955 2992 1187 3048 restitui.
1240 2991 1372 3047 Post
1429 2993 1543 3047 haec
1591 2994 1887 3060 imperator
1918 2994 2063 3050 Can-

491 3085 782 3149 stantiaus,
836 3092 895 3139 et
935 3083 1140 3155 collega
1175 3084 1292 3155 ejus
1329 3084 1569 3140 Licinius
1601 3086 1692 3155 qni
1738 3086 1974 3140 nondum
2006 3089 2058 3142 in

2166 1905 2515 1975 σύγκλητον
2546 1905 2645 1959 καὶ
2673 1906 2779 1959 τὸν
2810 1904 3003 1975 δῆμον
3045 1905 3367 1974 Ῥωμαῖον,
3421 1901 3497 1971 τῇ
3521 1902 3742 1972 ἀρχαίᾳ

2163 1995 2478 2065 ἐπιφανείᾳ
2504 1998 2601 2049 καὶ
2632 1996 2705 2064 τῇ
2738 1997 3128 2065 λαμπρότητι,
3157 1993 3567 2062 ἐλευθερώσας
3594 1995 3743 2047 ἀπο-

2165 2086 2530 2155 κατέστησα.
2563 2087 2673 2141 Καὶ
2705 2087 2769 2157 δὴ
2805 2087 2897 2141 ἐπὶ
2928 2089 3139 2149 τούτοις
3169 2086 3331 2147 αὐτός
3360 2102 3421 2137 τε
3451 2085 3743 2137 Κωνστανη

2163 2180 2305 2241 τῖνος
2333 2178 2426 2231 καὶ
2457 2177 2553 2230 σὺν
2599 2176 2747 2248 αὐτῷ
2791 2175 3043 2247 βασιλεὺς
3093 2174 3381 2237 Λικίννιος,
3428 2171 3580 2225 οῡπω
3619 2172 3743 2225 τότε

2164 2268 2249 2339 ἐφ’
2276 2271 2341 2340 ἢν
2372 2269 2595 2340 ὕστερον
2624 2268 2943 2321 ἔκπέπτωκε
2984 2267 3180 2337 μανίαν
3200 2307 3215 2331 ,
3257 2267 3358 2338 τὴν
3388 2266 3624 2319 διάνοιαν
3652 2264 3745 2317 ὲκ-

2162 2362 2413 2433 τραπεὶς,
2436 2361 2571 2414 Θεὸν
2593 2360 2684 2414 τὸν
2712 2359 2819 2413 τῶν
2839 2359 3058 2428 ἀγαθῶν
3089 2358 3341 2412 ἁπάντων
3364 2358 3544 2420 αὐτοῖς
3571 2357 3743 2409 αἴτιον

2163 2454 2545 2525 εὐμενίσαντες
2592 2451 2778 2523 ἄμφω,
2834 2451 2933 2522 μιᾷ
2982 2449 3143 2521 βουλῇ
3191 2450 3286 2503 καὶ
3332 2449 3527 2523 γνώμῃ
3579 2449 3744 2520 νόμον

2165 2540 2306 2611 ὑπὲρ
2335 2538 2676 2612 Χριστιανῶν
2703 2538 3029 2593 τελεώτατον
3062 2539 3408 2610 πληρέστατα
3431 2539 3744 2592 διατυποῦν-

2161 2649 2273 2696 ται,
2312 2631 2410 2685 καὶ
2446 2633 2555 2685 τῶν
2588 2630 2991 2702 πεπραγμένων
3033 2631 3114 2694 εἰς
3155 2631 3354 2695 αὐτοὺς
3378 2633 3441 2684 ὲκ
3488 2629 3624 2684 Θεοῦ
3673 2629 3744 2691 τὰ

2164 2723 2463 2795 παράδοξα,
2496 2724 2565 2778 τά
2603 2740 2665 2776 τε
2698 2722 2799 2793 τῆς
2835 2722 2976 2777 κατὰ
3007 2721 3101 2776 τοῦ
3136 2723 3401 2795 τυράννου
3431 2723 3607 2794 νίκης,
3649 2722 3744 2779 καὶ

2162 2812 2256 2867 τὸν
2286 2813 2447 2883 νόμον
2481 2811 2643 2866 αὐτόν
2674 2810 2963 2882 Μαξιμίνῳ
2984 2811 3090 2866 τῶν
3129 2813 3214 2865 ἐπ’
3242 2812 3534 2882 Ἀνατολῆς
3571 2811 3745 2891 έθνῶν

2163 2902 2245 2957 ἔτι
2281 2903 2678 2965 δυναστεύοντι,
2707 2903 2888 2973 φιλίαν
2916 2919 2976 2955 τε
3020 2903 3155 2975 πρὸς
3185 2905 3382 2975 αὐτοὺς
3422 2903 3742 2974 ὑποκοριζο-

2166 2994 2313 3067 μένῳ
2355 2968 2773 3066 διαπέμπονται.
2822 2995 2882 3049 Ὃ
2909 2995 2954 3048 δ’
2987 2968 3077 3048 οἷα
3116 2968 3399 3068 τύρανθος,
3439 2968 3743 3069 περιαλγὴς

2164 3086 2249 3157 ἐφ’
2287 3082 2370 3151 οἷς
2406 3086 2546 3156 έγνω
2588 3088 2975 3159 γεγενημένος,
3021 3083 3140 3141 εἶτα
3193 3087 3268 3159 μὴ
3310 3088 3486 3141 δοκεῖν
3532 3088 3742 3159 ἑτέροις

488 3192 611 3239 eam
648 3175 909 3235 insaniam
951 3184 1277 3245 proruperat
1316 3190 1437 3245 quae
1466 3185 1652 3244 postea
1680 3186 1917 3230 mentem
1946 3177 2062 3243 ejus

2167 3175 2305 3244 εἶξαι
2352 3177 2693 3248 βουλόμενος,
2744 3157 2864 3250 μηδ’
2927 3173 2994 3232 αὖ
3034 3157 3399 3250 παρεκθέσθαι
3445 3178 3505 3230 τὸ
3555 3157 3743 3230 κελευ-

490 3268 793 3341 pervertit;
821 3268 982 3325 ambo
1013 3267 1180 3323 Deum
1212 3269 1452 3323 omnium
1487 3282 1606 3337 qua:
1633 3267 1739 3322 sibi
1765 3279 2061 3323 evenerant

2168 3270 2293 3324 σθὲν
2326 3270 2435 3341 (50)
2470 3270 2577 3324 δέει
2614 3270 2723 3323 τῶν
2763 3271 3228 3342 προστεταχότων,
3272 3270 3349 3334 ὡς
3388 3269 3453 3323 ἂν
3490 3269 3550 3336 ἐξ
3606 3269 3743 3333 ιδίας

492 3361 756 3431 honorum
806 3369 1086 3414 auctorem
1124 3367 1448 3423 venerantes
1504 3357 1911 3428 placantesque,
1951 3371 2060 3412 uno

2164 3362 2476 3426 αὐθεντείας
2526 3366 2639 3426 τοῖς
2685 3363 2778 3416 ὑπ’
2829 3363 2991 3416 αὑτὸν
3036 3363 3269 3434 ἡγεμόσι
3318 3362 3478 3416 τοῦτο
3524 3362 3743 3433 πρῶτον

489 3464 755 3511 consensu
785 3450 958 3522 legem
1003 3465 1111 3530 ιιιιοι
1132 3449 1460 3505 Christianis
1510 3449 1965 3505 absolutissimam
2007 3458 2061 3505 et

2162 3454 2303 3527 ὑπὲρ
2329 3455 2671 3526 Χριστιανῶν
2699 3456 3006 3524 ἐπάναγκες
3029 3455 3377 3526 διαχαράττει
3400 3455 3459 3507 τὸ
3485 3453 3739 3527 γράμμα,

486 3540 915 3610 copiosissimam
945 3537 1374 3610 promulgarunt.
1403 3539 1469 3593 Et
1494 3539 1753 3595 miracula
1775 3554 1896 3609 quae
1918 3540 2060 3597 Deus

2162 3543 2227 3596 τά
2252 3544 2475 3615 μηδέπω
2496 3544 2623 3597 ποτὲ
2646 3545 2782 3616 πρὸς
2803 3545 2966 3599 αὐτοῦ
2989 3546 3374 3617 πεπραγμένα,
3394 3546 3742 3609 ὲπιπλάστως

490 3631 542 3700 in
569 3631 701 3700 ipsis
719 3632 966 3691 ediderat
988 3641 1264 3701 paruaque
1292 3631 1361 3685 de
1388 3639 1623 3701 tyranno
1653 3632 1896 3687 victoria
1915 3648 2055 3686 nun-

2162 3635 2321 3700 αὐτὸς
2347 3635 2468 3690 καθ’
2496 3635 2689 3690 ἐαυτοῦ
2718 3636 3067 3708 ψευδόμενος.

493 3721 652 3788 tium,
690 3721 973 3790 ipsamque
1016 3721 1153 3778 adeo
1185 3720 1353 3790 legem
1385 3722 1451 3774 ad
1490 3719 1841 3775 Maximinum
1877 3722 1970 3791 qui
2002 3722 2056 3777 in

487 3815 726 3874 Orientis
751 3815 992 3886 partibus
1022 3815 1187 3870 etiam
1220 3827 1330 3870 tum
1357 3815 1681 3885 imperabat,
1717 3830 1885 3891 seque
1916 3818 2048 3888 ipsis
2071 3819 2305 3875 amicum
2345 3834 2469 3876 esse
2491 3820 2799 3891 simulabat,
2828 3823 3196 3880 transmisere.
3232 3824 3305 3879 At
3337 3824 3428 3881 ille
3451 3825 3539 3882 his
3575 3828 3740 3884 rebus

485 3909 807 3980 compertis,
834 3909 1066 3980 primum
1100 3910 1343 3977 quidem,
1365 3920 1553 3980 utpote
1579 3914 2097 3985 tyrannus,graviter
2121 3914 2405 3986 ingemuit.
2435 3914 2628 3973 Postea
2660 3932 2811 3984 vero,
2836 3933 2959 3973 cum
2985 3934 3083 3975 nec
3108 3921 3278 3975 videri
3301 3922 3460 3977 vellet
3484 3923 3608 3978 aliis
3620 3939 3741 3979 ces-

485 4002 647 4067 uisse,
695 4017 797 4058 nec
836 4017 1028 4062 rursus
1075 4004 1127 4057 id
1169 4004 1312 4074 quod
1348 4003 1558 4072 iussum
1601 4015 1720 4060 erat
1746 4009 2086 4077 supprimere
2113 4012 2355 4079 auderet,
2409 4021 2554 4067 metu
2599 4027 2788 4068 eorum
2845 4014 2936 4084 qni
2985 4014 3290 4084 iusserant;
3326 4018 3464 4072 hanc
3503 4018 3736 4087 primum

485 4110 587 4165 pro
612 4095 944 4153 Christianis
964 4096 1251 4167 epistolam
1280 4099 1442 4154 veluti
1496 4108 1690 4170 suopte
1745 4112 1891 4158 motu
1923 4113 1979 4159 et
2012 4120 2081 4159 ex
2112 4107 2328 4177 propria
2355 4109 2682 4164 auctoritate
2705 4111 3067 4179 conscriptam
3125 4112 3190 4166 ad
3222 4113 3480 4181 praesides
3515 4113 3732 4185 imperii

486 4189 591 4253 sui,
628 4188 958 4242 necessitate
1003 4187 1230 4243 adactus
1270 4187 1505 4254 direxit;
1541 4204 1603 4245 ea
1638 4205 1758 4261 qua).
1808 4208 2081 4264 nunquam
2121 4207 2281 4251 antea
2324 4196 2565 4265 iecisset,
2609 4198 2721 4269 ipse
2752 4209 2938 4255 contra
2970 4215 3029 4255 se
3062 4202 3309 4258 simulate
3343 4205 3676 4275 contingens.

592 4277 907 4349 Exemplum
951 4280 1396 4354 interpretationis
1449 4283 1684 4351 epistola
1739 4291 1952 4354 tyranni

1089 4348 1398 4407 Maximini.

565 4476 583 4510 ι
614 4454 806 4514 Jovius
836 4456 1164 4516 Maximinus
1208 4460 1511 4531 Augustus,
1564 4458 1786 4515 Sabino.
1837 4458 1902 4514 Et
1927 4472 2058 4530 grai

488 4552 643 4607 vitati
674 4560 782 4607 tuae
813 4558 868 4608 et
914 4554 1130 4608 cunctis
1173 4554 1496 4610 mortalibus
1540 4560 1727 4609 notum
1762 4567 1885 4609 esse
1912 4551 2057 4609 arbi-

558 4645 605 4677 ⁸³
638 4642 809 4699 Exod.
844 4660 934 4707 xv,
967 4644 1052 4700 12.
1086 4645 1133 4678 "
1161 4642 1298 4700 Ibid.
1342 4646 1428 4699 il.

486 4730 803 4812 llic-autern
831 4731 1299 4812 tituliis'proprius
1324 4739 1469 4812 “erat
1514 4731 1785 4812 equestris
1810 4732 2054 4812 ordinis,
2087 4738 2132 4795 Ι)
2163 4741 2496 4812 terpretattls
2549 4741 2637 4812 est
2647 4731 3025 4812 praevaricari.

488 4812 546 4871 ut
571 4800 856 4871 clarissimi
898 4800 1156 4871 dignitas,
1185 4800 1477 4871 peculiaris
1515 4811 1634 4856 erat
1672 4802 1930 4857 senatorii
1963 4818 2056 4857 or-

489 4868 654 4925 (linis.
689 4869 851 4925 Certe
879 4868 1260 4938 procuratores
1300 4871 1561 4940 principis
1617 4881 1672 4926 et
1717 4872 2013 4927 rationales
2040 4912 2057 4937 ,

490 4952 629 5010 quos
659 4953 724 4993 ex
757 4941 999 5010 equestri
1030 4942 1223 5010 ordine
1252 4940 1418 4995 fuisse
1471 4950 1708 5007 constat,
1773 4940 2058 5010 perfectiy

490 5008 613 5068 simi
645 5008 1000 5077 vocabantur.
1029 5008 1198 5066 Porro
1231 5011 1346 5065 haec
1369 5010 1605 5077 dignitas
1632 5010 1685 5065 in
1716 5008 1946 5065 vetustis
1980 5012 2064 5065 in-

490 5076 877 5147 scriptionibus
907 5080 992 5133 his
1024 5078 1139 5134 fere
1167 5081 1308 5135 notis
1335 5076 1651 5147 designatur
1678 5080 1735 5133 P.
1766 5078 1856 5145 ν..
1883 5081 1932 5135 id
1954 5090 2061 5144 est,

495 5146 592 5220 vir
608 5147 1213 5220 perfectissimus.__Sic
1263 5149 1317 5204 in
1355 5146 1625 5203 Thesauro
1656 5148 1898 5220 Crateri,
1932 5166 2056 5220 pag.

494 5215 738 5288 1098,7et
771 5216 1021 5288 inrepist.
1057 5217 1151 5281 40,
1180 5220 1276 5273 lib.
1310 5235 1368 5283 x,
1405 5220 1746 5288 Symmachi.
1783 5216 1910 5274 Vide
1935 5215 2062 5286 quae

495 5287 776 5359 nntaviad
818 5285 1011 5359 librum
1043 5304 1137 5359 _xxt
1196 5289 1375 5359 Amm.
1425 5285 1749 5351 Marcellini,
1780 5305 1905 5359 pag.
1929 5285 2060 5359 202.

565 5354 698 5477 (483
733 5355 1166 5439 Συνησθημένος.
1197 5358 1288 5413 Sic
1308 5358 1592 5438 Stephan._,
1619 5366 1679 5412 ut
1703 5368 1759 5413 et
1781 5354 1907 5433 'pa‘g.
1937 5358 2062 5426 840,

589 5425 662 5477 ita
696 5424 909 5477 ημένοι.
945 5429 1045 5477 Alli
1077 5428 1522 5477 συναισθόμενος.
1552 5431 1704 5477 ltni'r-

494 5419 909 5496 (λίησθημένὸὶ.
945 5419 1045 5480 ᾹῙίί
1077 5419 1522 5496 σύναισθόμενος.
1552 5419 1704 5493 Eutr.

568 5493 841 5567 (49)]Ῠπὸ
863 5496 1032 5567 χεῖρα
1058 5497 1210 5565 ιδίας
1228 5493 1478 5564 εἰκόνος.
1498 5498 1572 5551 lia
1605 5499 1801 5555 lenitur
1824 5499 1986 5553 etiam
2011 5498 2089 5567 in,

494 5562 753 5637 iib.__tDe
790 5562 898 5637 vita
943 5562 1296 5631 Constantini,
1351 5562 1475 5637 cap.
1523 5569 1615 5623 LO.
1651 5568 1829 5622 Malim
1884 5579 2065 5637 tamen

495 5634 739 5708 scribere
768 5636 908 5708 ὑπὲρ
935 5640 1116 5708 χεῖρα,
1145 5634 1607 5708 ιιιιοιΙΑοοιιίιιιηθι
1638 5638 1895 5692 Rufinus:
1930 5636 2071 5692 (Ve—

498 5718 528 5767 λ
541 5703 688 5777 illum
703 5703 995 5777 Dominicie
1008 5703 1191 5763 crucis
1207 5709 1259 5762 in
1278 5706 1499 5762 dextera
1522 5724 1615 5759 sua
1632 5709 1782 5773 jubet
1796 5708 2065 5777 depingia

572 5773 687 5840 (50)
724 5775 1130 5841 Παρεκθὼνθαι
1153 5777 1222 5831 τό
1251 5778 1581 5833 κελευσθέν
1622 5773 1878 5832 Pessime
1909 5773 2070 5831 Chri-

500 5843 893 5923 iiopltorsonus
931 5849 1093 5912 vertit
1121 5849 1412 5921 divulgare.
1448 5848 1666 5911 Rectius
1686 5847 1958 5905 Musculus
1984 5848 2066 5902 in»

2168 4292 2552 4362 Ἀντιγραφον
2587 4292 2905 4426 ἐρμηνὲίαὲ·
2940 4296 3271 4419 ἐῗτιστολῆς
3299 4300 3406 4354 τοῦ
3439 4299 3739 4370 τυράννου

2821 4382 2860 4417 α
2903 4384 2963 4426 ιιι
2990 4384 3120 4421 νου.

2821 4382 2893 4426 ac
2903 4382 2981 4431 ιιιι
2990 4384 3120 4421 νου.

2238 4483 2258 4517 ι
2312 4460 2499 4526 ’ἰόσιος
2526 4460 2831 4533 Μαξιμῖνος
2865 4460 2978 4531 (5i)
3015 4458 3301 4524 ΣεΕαστδς,
3346 4459 3575 4528 Σαϐίνῳ.
3616 4456 3728 4510 Καὶ

2161 4553 2315 4627 παρὰ
2338 4556 2408 4626 τῇ
2437 4554 2506 4625 σῇ
2538 4549 2886 4622 στιϐαρότητι
2915 4548 3009 4603 καὶ
3048 4549 3199 4621 παρὰ
3232 4549 3396 4601 πᾶσιν
3423 4545 3729 4618 ἀνθρώποις

3079 4729 3396 4798 Quanquam
3444 4744 3620 4799 neque
3644 4730 3733 4788 hic

2160 4798 2395 4857 mentem
2443 4798 2674 4858 Eusebii
2716 4811 2997 4855 assecutus
3042 4810 3144 4855 est.
3183 4798 3558 4870 Παρεκθέσθαι
3594 4801 3734 4856 idem

2159 4885 2237 4926 est
2263 4871 2405 4943 quod
2431 4872 2488 4943 ὲν
2517 4870 2855 4943 παραϐύστῳ
2880 4869 3100 4943 θέσθαι,
3130 4879 3189 4921 ιιι
3232 4869 3368 4923 dixit
3392 4870 3654 4943 Eusebius
3681 4873 3735 4925 iu

2160 4940 2431 5012 principio
2454 4940 2616 5012 hujus
2641 4942 2814 5012 lili_ri,_
2839 4942 2892 5012 id
2936 4952 3040 5003 est,
3070 4955 3319 5004 seponere
3344 4949 3399 5012 et
3421 4940 3687 5012 occultare
3714 4979 3731 5005 ,

2163 5006 2225 5065 iit
2256 5006 2414 5064 antea
2444 5006 2651 5063 fecerat
2676 5009 3024 5073 Maximianus,
3070 5024 3191 5063 cum
3230 5009 3548 5076 rescriptum
3572 5006 3734 5062 Gale-

2170 5081 2231 5135 rii
2263 5095 2361 5149 pro
2384 5080 2706 5149 Christianis
2740 5081 2804 5131 ad
2837 5081 3008 5147 ipsum
3043 5080 3287 5149 missum,
3316 5080 3526 5149 fuisset.
3584 5079 3737 5133 Tunc

2167 5147 2297 5203 vero
2328 5165 2450 5202 cum
2477 5148 2866 5203 Constantinus
2884 5161 2937 5202 et
2961 5148 3385 5209 Licinius,victo
3415 5147 3686 5204 Maxentio
3717 5186 3734 5210 .

2163 5219 2342 5288 legem
2374 5233 2474 5289 pro
2499 5219 2827 5273 Christianis
2859 5220 2922 5271 ad
2952 5235 3074 5272 eum
3104 5219 3394 5283 miserunt,
3439 5231 3558 5289 eam
3604 5234 3736 5287 sup-

2164 5290 2402 5361 primere
2433 5304 2537 5343 non
2566 5304 2726 5361 ausus
2755 5298 2839 5361 e_st
2861 5288 3208 5361 Maximinus,
3234 5297 3378 5361 metu
3406 5288 3615 5361 scilicet
3638 5303 3735 5356 po-

2166 5356 2479 5421 tentiorum,
2507 5369 2558 5411 ut
2582 5359 2731 5412 addit
2752 5357 3035 5411 Eusebius.
3058 5357 3228 5412 Porro
3245 5356 3597 5426 Nicephorus,
3613 5371 3736 5411 cum

2167 5442 2287 5500 eam
2308 5442 2496 5500 vocem
2519 5444 2624 5483 non
2650 5428 2996 5496 intelligeret,
3013 5424 3397 5500 παραιτεῖσθαι
3417 5441 3515 5496 pro
3534 5442 3597 5481 ea
3617 5429 3737 5482 sub-

2171 5497 2370 5554 stituit.
2909 5544 2915 5551 .

2244 5566 2358 5637 (51)
2410 5566 2609 5637 ῗιόϐιος
2633 5564 2981 5635 Μαξιμῖνος.
3012 5565 3153 5623 Jovii
3184 5574 3596 5637 cognomentum
3624 5564 3739 5637 pri-

2174 5635 2297 5693 mus
2323 5635 2423 5690 sibi
2453 5639 2679 5705 sumpsit
2719 5639 3107 5705 Diocletianus,
3144 5647 3204 5689 ut
3233 5636 3441 5705 collega
3471 5635 3586 5701 ejus
3626 5635 3741 5688 bla-

2178 5707 2451 5760 ximianus
2480 5704 2733 5760 Herculii.
2761 5704 2954 5760 Postea
2980 5721 3103 5760 cum
3131 5704 3528 5760 Caesares'l'acti
3551 5714 3738 5760 essent

2176 5776 2518 5830 Constantius
2571 5787 2626 5828 et
2662 5774 2912 5829 Galerius
2940 5792 2955 5828 :
2979 5773 3226 5831 Galerius
3249 5775 3465 5844 quidem
3496 5776 3588 5843 qui
3612 5774 3737 5828 Dio-

2176 5846 2396 5913 cletiani
2432 5845 2599 5909 tiliam
2632 5847 2879 5913 duxerat,
2909 5855 2963 5905 et
2994 5848 3087 5921 qui
3136 5861 3257 5903 cum
3301 5844 3645 5908 Diocletiano,
3682 5844 3737 5901 in
