4220 6396
386 377 494 434 825

1369 364 1718 423 HISTORIA}
1756 361 2316 421 ECCLESIASTICJE
2356 361 2486 417 ΜΒ.
2527 359 2619 415 IX.

3525 355 3633 410 89.6

388 495 618 567 φανερὸν
647 489 786 547 εἶναι
811 489 1068 553 πέποιθα,
1102 488 1228 551 τοὺς
1257 487 1521 549 δεσπότας
1547 485 1704 556 ἡμῶν
1742 483 1965 553 Διοκλη-

2070 493 2203 546 tror,
2259 480 2493 549 qualiter
2540 474 2746 531 domini
2790 489 2850 530 ac
2895 482 3149 544 parentes
3203 471 3373 527 nostri
3418 470 3630 526 Diocle-

388 588 566 643 τιανδν
584 587 678 641 καὶ
699 582 1038 654 Μαξιμιανὸν
1055 582 1182 643 τοὺς
1202 579 1501 650 ἡμετέρους
1521 577 1782 647 πατέρας,
1800 575 1959 646 ήνίκα

391 679 632 733 συνεῖδον
662 676 846 747 σχεδὸν
868 674 1116 735 ἅπαντας
1137 671 1233 725 ἀνθ
1244 670 1477 741 ρώπους,
1511 666 1960 735 καταλειφθείσης

389 773 485 841 τῆς
516 769 624 823 τῶν
658 767 795 821 θεῶν
830 765 1146 836 θρησκείας,
1178 762 1256 832 τῷ
1291 760 1432 814 ἔθνει
1472 758 1581 812 τῶν
1622 755 1960 828 Χριστιανῶν

390 864 615 924 ἑαυτοὺς
652 858 1085 931 συμμεμιχότας,
1121 852 1297 926 ὀρθῶς
1332 849 1721 919 διατεταχέναι,
1753 848 1960 911 πάντας

388 952 703 1024 ἀνθρώπους
729 951 855 1012 τοὺς
881 948 988 1002 ἀπὸ
1019 948 1119 1016 τῆς
1142 946 1248 1000 τῶν
1275 943 1451 998 αὐτῶν
1505 943 1644 997 θεῶν
1688 942 1795 996 τῶν
1827 942 1960 995 ἀθα-

388 1046 561 1098 νάτων
595 1041 890 1115 θρησκείας
931 1040 1411 1111 ἀναχωρήσαντας,
1453 1035 1703 1107 προδήλῳ
1742 1036 1957 1089 κολάσει

389 1138 482 1191 καὶ
508 1136 749 1206 τιμωρίᾳ
777 1136 856 1196 εἰς
889 1132 985 1204 τὴν
1016 1131 1311 1203 θρησκείαν
1343 1128 1450 1182 τῶν
1478 1128 1616 1181 θεῶν
1653 1126 1960 1195 ἀνακληθῆ-

388 1243 492 1283 ναι.
534 1224 669 1276 Ἀλλ’
695 1225 783 1277 ὅτε
813 1223 924 1290 ἐγὼ
950 1220 1189 1292 εὐτυχῶς
1209 1220 1271 1272 τὸ
1300 1218 1516 1289 πρῶτον
1559 1219 1638 1280 εἰς
1664 1218 1762 1287 τὴν
1800 1217 1958 1269 Ἀνα-

388 1317 544 1386 τολὴν
578 1316 688 1387 (52)
723 1313 1122 1386 παρεγενόμην,
1156 1311 1248 1364 καὶ
1282 1310 1451 1378 ἔγνων
1478 1308 1556 1373 εἷς
1581 1325 1732 1371 τινας
1762 1307 1960 1371 τόπους

389 1408 670 1469 πλείστους
710 1405 818 1458 τῶν
851 1403 1151 1475 ἀνθρώπων
1186 1401 1256 1455 τὰ
1286 1402 1519 1473 δημόσια
1546 1399 1775 1469 ὠφελεῖν
1802 1399 1959 1451 δυνα-

392 1499 604 1569 μένους,
638 1497 742 1550 ὐπὸ
768 1495 875 1548 τῶν
903 1494 1172 1548 δικαστῶν
1199 1493 1286 1546 διὰ
1314 1494 1412 1562 τὴν
1446 1491 1849 1563 προειρημένην
1878 1493 1961 1544 al-

386 1591 505 1643 τίαν
547 1587 903 1660 ὲξορίζεσθαι,
936 1586 1149 1655 ἑκάστῳ
1181 1584 1289 1638 τῶν
1329 1583 1597 1638 δικαστῶν
1630 1582 1847 1645 ἐντολὰς
1875 1582 1961 1635 δέ-

386 1681 554 1743 δωκα,
580 1679 720 1733 ὥστε
755 1678 958 1749 μηδένα
984 1676 1187 1730 τούτων
1212 1674 1305 1729 τοῦ
1335 1674 1523 1728 λοιποῦ
1558 1673 1960 1746 προσφέρεσθαι

385 1774 497 1835 τοῖς
524 1769 893 1842 ὲπαρχιώταις
930 1767 1153 1839 ἀπηνῶς
1173 1806 1188 1830 ,
1236 1765 1370 1822 ἀλλὰ
1415 1765 1614 1836 μᾶλλον
1651 1762 1960 1827 κολακείαις

2064 578 2245 629 tianns
2272 584 2329 629 et
2379 572 2760 633 Maximianus,
2796 583 2916 623 cum
2946 577 3174 623 cunctos
3223 568 3337 622 fere
3360 566 3629 631 homines,

2063 665 2253 719 relicto
2300 665 2524 717 deorum
2557 658 2941 714 immortalium
2976 657 3147 725 cultu,
3171 658 3238 710 ad
3290 656 3631 712 Christiano-

2062 772 2180 811 rum
2211 765 2415 810 sectam
2444 769 2504 808 se
2553 752 2883 820 applicuisse
2930 758 3243 816 cernerent,
3282 757 3428 804 recte
3467 760 3631 819 atque

2062 849 2251 904 ordine
2280 846 2698 908 constituerunt,
2744 852 2803 895 ut
2841 842 3151 911 quicunque
3195 855 3223 894 a
3254 841 3477 894 deorum
3504 857 3631 896 suo-

2061 957 2182 996 rum
2206 939 2465 1008 religione
2490 937 2865 999 descivissent,
2898 934 3112 1006 publica
3161 933 3630 988 animadversione

2059 1042 2110 1085 et
2168 1030 2429 1099 supplicio
2467 1028 2535 1082 ad
2587 1026 2907 1082 eorumdcm
2957 1026 3160 1079 cultum
3218 1034 3628 1079 revocarentur.

2060 1121 2172 1191 Ego
2201 1134 2331 1174 vero
2367 1133 2489 1172 cum
2539 1118 2593 1172 in
2628 1115 2862 1171 Orientis
2900 1113 3206 1185 provincias
3253 1112 3498 1168 felicibus
3535 1127 3632 1168 au-

2061 1210 2248 1278 Spiciis
2277 1208 2509 1277 primunt
2558 1210 2851 1270 venissem,
2898 1203 3393 1273 comperissemque
3440 1217 3630 1271 quam-

2062 1301 2325 1371 plurimas
2365 1302 2611 1355 homines
2657 1299 2749 1369 qui
2804 1296 3122 1365 reipublicte
3170 1296 3290 1348 usui
3348 1309 3470 1349 esse
3508 1309 3633 1364 pos-

2064 1402 2202 1456 sent,
2230 1392 2300 1448 ob
2337 1405 2457 1445 eam
2482 1403 2645 1459 quam
2665 1387 2773 1443 dixi
2794 1401 3015 1445 causam
3038 1402 3069 1440 a
3094 1384 3366 1453 jndicibus
3395 1384 3448 1437 in
3481 1394 3630 1438 certa

2063 1486 2180 1541 loca
2223 1483 2494 1552 relegari;
2541 1480 2767 1549 singulis
2796 1478 3070 1550 judicibus
3134 1475 3189 1530 in
3233 1476 3507 1531 mandatis
3537 1477 3634 1531 de-

2062 1578 2150 1644 di,
2185 1590 2252 1630 ne
2282 1575 2403 1644 quis
2447 1588 2634 1628 eorum
2673 1572 2926 1639 deinceps
2961 1569 3224 1624 adversus
3275 1569 3635 1638 provinciales

2063 1670 2330 1725 atrociter
2368 1667 2620 1730 saeviret;
2684 1665 2778 1720 sed
2834 1674 2894 1718 ut
2934 1663 3114 1732 potius
3151 1662 3427 1717 blanditiis
3458 1674 3513 1719 et
3540 1665 3634 1718 ad-

2065 1759 2468 1816 ltortationibus
2489 1760 2554 1811 ad
2582 1757 2808 1810 deorum
2832 1752 3034 1808 cultum
3060 1768 3155 1808 eos
3188 1767 3445 1808 revocare
3473 1768 3635 1807 cona-

387 1864 480 1917 καί
521 1865 856 1933 προτροπαῖς
894 1860 1029 1931 πρὸς
1068 1858 1168 1930 τὴν
1203 1857 1310 1911 τῶν
1344 1856 1481 1910 θεῶν
1527 1855 1824 1926 θρησκείαν
1862 1854 1957 1906 αὐ-

2069 1863 2275 1908 rentur.
2312 1850 2558 1918 Quanditt
2606 1849 2768 1917 igitur
2798 1846 2950 1914 juxta
2990 1846 3301 1899 mandatum
3337 1845 3637 1915 tnajestatis

385 1958 512 2019 τοὺς
543 1955 849 2009 ἀνακαλεῖν.
911 1953 1226 2024 Τηνικαῦτα
1262 1948 1354 2005 οὖν
1405 1952 1494 2005 ὅτε
1545 1948 1852 2012 ἀκολούθως
1896 1951 1961 2020 τῇ

386 2047 630 2101 κελεύσει
677 2049 743 2116 τῇ
787 2048 892 2117 ἐμῇ
928 2046 1033 2100 ὑπὸ
1073 2046 1182 2099 τῶν
1221 2043 1486 2097 δικαστῶν
1519 2041 1847 2112 ἐφυλάττετο
1893 2041 1964 2095 τὰ

386 2137 835 2209 προστεταγμένα
854 2177 868 2200 ,
903 2136 1180 2189 συνέόαινε
1228 2134 1429 2205 μηδένα
1461 2135 1526 2186 ἐκ
1556 2133 1665 2184 τῶν
1695 2132 1966 2202 τῆςἈνα-

383 2228 545 2299 τολῆς
576 2228 778 2299 μερῶν,
813 2228 947 2297 μήτε
986 2227 1258 2297 ἐξόριστον
1294 2226 1431 2295 μήτε
1464 2222 1779 2294 ὲνύδριστον
1807 2220 1965 2289 γενέ-

386 2319 529 2384 σθαι,
556 2318 691 2372 ἀλλὰ
730 2318 925 2388 μᾶλλον
960 2320 1025 2370 ὲκ
1068 2316 1162 2370 τοῦ
1195 2317 1269 2387 μὴ
1308 2315 1518 2387 βαρέως
1542 2314 1662 2367 κατ’
1697 2313 1878 2367 αὐτῶν
1907 2330 1962 2367 τι

384 2404 645 2473 γίνεσθαι,
678 2406 758 2468 εἰς
785 2404 882 2475 τὴν
909 2403 1016 2457 τῶν
1049 2403 1186 2457 θεῶν
1219 2401 1513 2474 θρησκείαν
1537 2401 1959 2472 ἀνακεκλῆσθαι.

382 2497 537 2552 Μετὰ
565 2497 621 2549 δὲ
648 2495 820 2549 ταῦτα
845 2497 934 2549 ὅτε
955 2494 1033 2566 τῷ
1059 2494 1378 2567 παρελθόντι
1405 2493 1634 2564 ἐνιαυτῷ
1668 2494 1778 2563 (55)
1810 2494 1965 2546 εὐτυ-

382 2591 493 2664 χῶς
536 2589 741 2658 ἐπέϐην
786 2590 867 2651 εἰς
911 2589 1010 2660 τὴν
1054 2587 1421 2659 Νικομήδειαν
1465 2587 1626 2640 κάκεῖ
1669 2585 1961 2649 διετέλουν,

383 2682 745 2754 παρεγένοντο
774 2682 985 2736 πολῖται
1016 2681 1115 2751 τῆς
1142 2679 1314 2748 αὐτῆς
1342 2678 1548 2742 πόλεως
1578 2678 1718 2751 πρὸς
1750 2679 1819 2749 μὲ
1846 2679 1963 2748 ἅμα

385 2773 523 2844 μετὰ
549 2773 657 2826 τῶν
695 2772 896 2837 ξοάνων
935 2771 1043 2825 τῶν
1074 2771 1233 2834 θεῶν,
1273 2771 1533 2842 μειζόνως
1574 2771 1840 2842 δεόμενοι,
1875 2771 1962 2824 ἵνα

382 2865 548 2920 παντὶ
577 2867 762 2938 τρόπῳ
787 2866 848 2919 τὸ
876 2864 1115 2920 τοιοῦτον
1139 2864 1290 2928 ἔθνος
1320 2863 1586 2935 μηδαμῶς
1618 2863 1963 2936 ὲπιτρέποιτο

382 2959 440 3013 ἐν
473 2961 537 3029 τῇ
578 2957 759 3012 αὐτῶν
803 2959 1018 3030 πατρίδι
1077 2960 1262 3013 οἰκεῖν.
1312 2957 1450 3009 Ἀλλ’
1482 2958 1570 3010 ὅτε
1604 2957 1776 3025 ἔγνων
1809 2955 1962 3010 πλεί-

383 3067 541 3113 στους
584 3051 684 3122 τῆς
713 3052 884 3121 αὐτῆς
936 3049 1230 3122 θρησκείας
1257 3049 1455 3120 ἄνδρας
1509 3050 1566 3102 ὲν
1620 3050 1805 3113 αὐτοῖς
1850 3050 1962 3111 τοῖς

386 3140 609 3213 μέρεσιν
662 3143 852 3203 οἰκεῖν,
901 3140 1073 3202 οὕτως
1115 3140 1299 3202 αὐτοῖς
1349 3138 1449 3202 τὰς
1491 3138 1813 3210 ἀποκρίσεις
1857 3139 1963 3191 ἀπ-

382 3231 615 3304 ένειμον,
649 3234 732 3286 ὅτι
773 3236 838 3304 τῇ
889 3233 986 3304 μὲν
1031 3233 1244 3297 αἰτήσει
1295 3232 1472 3284 αὐτῶν
1520 3232 1771 3302 ἀσμένως
1804 3231 1964 3304 χάριν

382 3324 612 3395 ἔσχηκα,
644 3323 758 3377 ἀλλ’
793 3325 854 3376 οὐ
891 3323 1042 3393 παρὰ
1072 3323 1288 3376 πάντων
1330 3322 1488 3376 τοῦτο
1521 3322 1739 3394 αἰτηθὲν
1782 3325 1965 3375 κατεῖ-

380 3416 499 3470 δονο
528 3418 578 3468 εἰ
612 3415 712 3485 μὲν
738 3411 833 3468 οὖν
855 3431 999 3476 τινες
1024 3410 1132 3466 εἷεν
1168 3416 1235 3485 τῇ
1267 3415 1402 3485 αὐτῇ
1436 3413 1828 3484 δεισιδαιμονίᾳ
1849 3413 1964 3466 δια-

387 3508 658 3579 μένοντες,
690 3505 864 3566 οῢτως
899 3506 995 3558 ἕνα
1024 3506 1254 3559 ἕκαστον
1298 3508 1355 3559 ὲν
1392 3508 1460 3577 τῇ
1498 3506 1605 3577 ἰδίᾳ
1644 3505 1962 3577 προαιρέσει

381 3602 483 3672 τὴν
505 3599 757 3670 βούλησιν
776 3599 918 3669 ἔχειν
938 3598 1095 3670 (53⁴),
1114 3600 1207 3652 καὶ
1227 3601 1276 3652 εἰ
1300 3599 1568 3670 βούλοιντο
1588 3600 1686 3672 τὴν
1699 3598 1806 3652 τῶν
1823 3597 1961 3651 θεῶν

385 3692 683 3764 θρησκείαν
722 3689 1124 3760 ἐπιγινώσκειν,
1163 3693 1350 3763 Ὅμως
1391 3692 1484 3745 καί
1517 3694 1630 3755 τοῖς
1662 3692 1760 3761 τῆς
1795 3690 1967 3761 αὐτῆς

386 3784 594 3848 πόλεως
637 3782 1031 3855 Νικομηδεῦσι,
1079 3782 1176 3836 καὶ
1207 3785 1330 3846 ταῖς
1379 3781 1596 3845 λοιπαῖς
1635 3781 1855 3835 πόλεσιν
1908 3781 1966 3835 αἰ

385 3875 480 3929 καὶ
512 3876 673 3929 αὑταί
702 3877 782 3939 είς
809 3875 1060 3929 τοσοῦτον
1080 3875 1178 3947 τὴν
1202 3875 1394 3945 ὁμοίαν
1419 3872 1634 3944 αἴτησιν
1664 3889 1965 3944 περισπου-

380 3967 593 4030 δάστως
623 3969 762 4039 πρὸς
801 3969 868 4038 μὲ
898 3968 1284 4037 πεποιήκασιν,
1318 3966 1557 4037 δηλονότι
1592 3968 1679 4020 ἵνα
1715 3964 1850 4037 μηδὲ
1885 3960 1967 4030 εἷς

382 4060 490 4112 τῶν
512 4060 850 4130 Χριστιανῶν
872 4063 993 4123 ταῖς
1019 4060 1236 4113 πόλεσιν
1256 4059 1511 4131 ὲνοικοίη,
1540 4060 1783 4130 ἀνάγκην
1808 4058 1966 4129 ἔσχον

385 4152 696 4225 προσφιλῶς
727 4152 1145 4224 ἀποκρίνασθαι,
1180 4154 1263 4207 ὅτι
1299 4152 1364 4224 δὴ
1411 4152 1542 4206 αὐτὸ
1571 4151 1730 4205 τοῦτο
1774 4152 1869 4206 καὶ
1914 4152 1964 4205 οἰ

385 4248 598 4316 ἀρχαῖοι
626 4245 1026 4317 αὐτοκράτορες
1055 4247 1255 4310 πάντες
1286 4246 1634 4315 διεφύλαξαν,
1664 4246 1761 4300 καὶ
1784 4247 1966 4311 αὐτοῖς

385 4343 496 4404 τοῖς
530 4340 671 4404 θεοῖς
711 4340 779 4393 δι’
811 4339 905 4404 οὒς
943 4342 1144 4406 πάντες
1175 4342 1450 4414 ἄνθρωποι
1482 4343 1578 4396 καὶ
1611 4342 1747 4413 αὑτὴ
1783 4341 1816 4413 ἡ
1858 4340 1966 4395 τῶν

384 4432 656 4504 δημοσίων
709 4430 974 4502 διοίκησις
1038 4433 1371 4499 συνίσταται,
1429 4433 1627 4504 ήρεσεν
1681 4427 1775 4485 οὖν
1824 4430 1961 4500 (54),

2062 1946 2220 2018 361
2253 1957 2471 2008 nostrae,
2501 1945 2615 1999 htec
2644 1960 2671 1997 a
2697 1944 2989 2014 judicibns,
3024 1952 3183 2011 prout
3211 1942 3507 2011 iusseram,
3534 1941 3637 1996 ob-

2065 2049 2280 2097 servata
2309 2049 2455 2102 sunt,
2489 2053 2648 2092 nemo
2688 2052 2756 2090 ex
2812 2035 3057 2104 partibus
3090 2033 3334 2089 Orientis
3365 2043 3459 2087 aut
3490 2031 3636 2088 rele-

2064 2141 2242 2202 gatus,
2271 2139 2364 2184 aut
2392 2127 2723 2184 contumelia
2750 2125 2978 2180 affectus
3006 2134 3110 2180 est.
3135 2125 3276 2191 Quin
3312 2125 3488 2192 potius
3518 2138 3637 2194 pro-

2064 2220 2325 2276 vinciales
2352 2218 2518 2273 nostri
2546 2233 2613 2272 eo
2647 2218 2790 2285 quod
2819 2217 3141 2271 clementius
3166 2231 3286 2269 cum
3333 2214 3463 2282 ipsis
3509 2229 3637 2284 age-

2064 2313 2243 2376 batur,
2275 2313 2341 2367 ad
2372 2311 2653 2368 numinum
2685 2310 2890 2365 cultum
2925 2310 3225 2364 redierunt.
3279 2307 3474 2361 Postea
3504 2322 3637 2362 vero

2050 2418 2187 2462 ‘cutn
2221 2422 2363 2462 anno
2388 2405 2666 2475 praeterito
2700 2402 3071 2459 Nicomediam
3104 2400 3338 2455 feliciter
3358 2400 3635 2456 essemin-

2065 2511 2308 2566 gressus,
2335 2497 2483 2551 cives
2508 2496 2627 2564 ejus
2652 2494 2804 2547 urbis
2849 2506 2937 2546 me
2969 2490 3079 2544 illic
3143 2490 3429 2559 degentem
3483 2489 3638 2542 adie-

2063 2600 2190 2644 runt
2221 2605 2347 2644 cum
2384 2590 2607 2642 deorum
2648 2582 2994 2648 simulacris;
3039 2581 3242 2636 obnixe
3292 2591 3540 2643 orantes,
3571 2595 3640 2634 ne

2062 2681 2369 2753 hujusmodi
2400 2680 2680 2735 hominum
2707 2693 2878 2747 genus
2929 2674 2983 2729 in
3009 2688 3108 2728 sua
3136 2674 3360 2729 civitate
3387 2674 3640 2729 habitare

2062 2773 2286 2829 omnino
2318 2772 2611 2828 sineretur.
2657 2769 2762 2825 Sed
2818 2771 3074 2839 quoniam
3134 2766 3447 2836 complures
3479 2765 3642 2834 hujus

2064 2867 2342 2938 religionis
2373 2865 2521 2921 viros
2546 2864 2654 2919 illis
2683 2864 2736 2917 itt
2757 2862 3002 2932 partibtts
3025 2862 3225 2931 degere
3248 2873 3639 2941 cognoveram,

2061 2957 2166 3014 hoc
2191 2959 2272 3013 eis
2297 2973 2612 3028 responsum
2645 2958 2787 3018 dedi,
2823 2971 2909 3011 me
2933 2956 3148 3024 quidem
3178 2968 3364 3009 eorum
3393 2949 3639 3021 petitioni

2062 3050 2296 3105 libenter
2360 3048 2833 3119 gratificaturum;
2887 3047 2981 3101 sed
3038 3062 3145 3101 non
3203 3045 3641 3099 animadvertere

2064 3141 2296 3211 idipsum
2324 3156 2389 3195 ex
2418 3156 2574 3211 aequo
2606 3141 2673 3195 ab
2706 3140 2963 3194 omnibus
2985 3136 3273 3207 postulari.
3298 3135 3452 3202 Quod
3483 3133 3529 3188 si
3548 3133 3640 3202 qui

2066 3233 2175 3288 sint
2190 3234 2279 3303 qui
2306 3234 2358 3287 in
2379 3233 2815 3289 Christianorum
2838 3231 3228 3301 superstitione
3258 3234 3639 3299 permaneant,

2065 3341 2510 3396 unumquemque
2544 3342 2641 3395 pro
2671 3325 2938 3379 arbitratu
2973 3340 3037 3379 ac
3076 3324 3274 3377 mentis
3305 3335 3416 3375 sua:
3441 3333 3642 3390 propo-

2065 3421 2169 3475 sito
2194 3419 2395 3489 eligere
2420 3420 2562 3488 quod
2586 3417 2850 3482 vellet;et
2872 3416 2918 3470 si
2942 3420 3167 3470 deorum
3195 3415 3508 3483 religionem
3533 3426 3645 3473 am-

2065 3512 2226 3582 plecti
2256 3511 2474 3575 vellent,
2503 3510 2728 3579 perinde
2750 3511 2801 3562 id
2827 3508 3009 3563 licere.
3036 3505 3145 3561 Sed
3178 3516 3358 3559 tanten
3394 3515 3449 3558 et
3478 3501 3642 3557 Nico-

2066 3604 2449 3667 mediensibus,
2476 3614 2531 3657 et
2558 3602 2784 3671 reliquis
2811 3599 3128 3654 civitatibus
3152 3612 3273 3668 qute
3300 3596 3546 3650 eamdem
3573 3594 3641 3649 ad

2065 3711 2150 3748 me
2182 3696 2492 3764 petitionem
2515 3710 2640 3749 cum
2665 3708 2880 3747 summa
2909 3692 3264 3747 contentione
3306 3687 3641 3751 detulerant,

2062 3797 2126 3841 ttt
2165 3787 2415 3842 videlicet
2449 3786 2627 3840 nullus
2650 3783 3088 3841 Christianorum
3141 3785 3194 3839 in
3245 3783 3363 3838 suis
3413 3783 3644 3837 urbibus

2063 3880 2355 3947 habitaret,
2375 3893 2595 3933 necesse
2616 3877 2778 3933 habui
2797 3877 3029 3945 benigne
3050 3877 3403 3944 respondere,
3427 3873 3642 3944 quando

2065 3971 2136 4025 ita
2170 3971 2517 4026 observatum
2543 3968 2733 4024 fuisset
2784 3985 2815 4023 a
2856 3969 3071 4024 cunctis
3114 3977 3262 4024 retro
3297 3968 3642 4038 imperatori-

2068 4064 2200 4129 bus;
2236 4063 2339 4118 diis
2364 4078 2582 4133 quoque
2616 4062 3010 4118 immortalibus
3035 4077 3134 4132 per
3162 4076 3299 4130 quos
3330 4076 3500 4129 genus
3538 4061 3642 4113 hu-

2071 4169 2288 4207 manum
2313 4163 2367 4209 et
2387 4153 2700 4223 reipublicae
2726 4162 3008 4220 permanet
3038 4162 3231 4216 status,
3267 4151 3499 4220 idipsum
3527 4150 3644 4221 pla-

2067 4246 2436 4301 cuissetzme
2487 4261 2702 4316 quoque
2740 4244 3049 4314 hujnsmodi
3104 4246 3422 4315 petitionem
3481 4260 3642 4314 quam

2067 4338 2136 4393 de
2171 4339 2316 4393 cultu
2348 4340 2572 4394 deorum
2604 4354 2826 4393 suorum
2857 4338 2923 4393 ad
2953 4353 3041 4392 me
3063 4339 3417 4402 detulissent,
3445 4337 3647 4391 confir-

2069 4442 2365 4490 maturum.
2401 4431 2760 4499 Quamobrem
2799 4434 2901 4490 etsi
2949 4432 3060 4505 jam
3090 4442 3251 4488 antea
3305 4445 3449 4502 saepe
3476 4430 3647 4485 devo-

385 4613 608 4666 (lrfente
638 4612 761 4683 fere
777 4626 990 4680 semper
1018 4620 1272 4683 versatus
1303 4620 1407 4671 est,
1439 4611 1621 4666 Caesar
1660 4611 1846 4667 Jovitts
1876 4621 1963 4683 est
1994 4618 2038 4674 ι)
2063 4609 2305 4683 Orientis
2340 4623 2605 4674 recenset,
2641 4614 2787 4667 inter
2813 4612 2919 4683 has
2952 4621 3202 4666 numerat
3240 4610 3533 4683 Egyptum
3586 4619 3645 4666 et

386 4683 707 4753 appellatus.
741 4682 833 4736 Sic
858 4684 1001 4735 enim
1033 4684 1082 4734 itt
1113 4681 1776 4753 Cltrom'corAfeatarndrino
1818 4682 1954 4753 «ρεῖ-

387 4750 494 4817 tur,
528 4762 580 4806 et
610 4754 659 4805 in
692 4764 874 4805 vetere
902 4768 1122 4805 nummo
1149 4766 1308 4821 quem
1340 4752 1509 4805 edidit
1559 4752 1799 4806 Joannes
1831 4750 1956 4805 Tri-

387 4834 597 4882 stanus.
635 4822 1007 4876 ‘Constantius
1046 4837 1201 4885 vero,
1264 4832 1449 4891 utpote
1499 4825 1590 4893 qui
1641 4821 1952 4893 Maximiani

389 4893 625 4947 Herculii
655 4893 949 4961 privignam
1002 4893 1250 4956 duxerat,
1286 4902 1341 4944 et
1395 4890 1526 4945 cum
1573 4893 1662 4946 illo
1694 4894 1745 4946 in
1803 4890 1954 4946 Occi-

386 4967 548 5017 dente
579 4961 920 5022 versabatur,
947 4961 1133 5015 Caesar
1158 4961 1444 5016 Herculius
1469 4964 1644 5017 dictus
1668 4971 1772 5023 est,
1807 4974 1864 5014 ttt
1885 4976 1953 5015 ex

385 5043 568 5087 Vetere
594 5032 919 5102 panegyrico
949 5033 1256 5085 observavit
1291 5033 1458 5086 frater
1500 5047 1650 5086 meus
1678 5033 1952 5087 Adrianus

386 5103 658 5156 Valesius.
720 5101 934 5154 Mortuo
985 5103 1179 5154 deinde
1217 5103 1459 5167 Galerio,
1482 5102 1828 5160 Maximinus.
1860 5103 1953 5170 qui

386 5175 566 5226 Caesar
593 5173 662 5225 ab
691 5171 780 5225 illo
820 5172 992 5223 factus
1026 5172 1222 5232 fuerat,
1258 5183 1676 5241 cognomentum
1702 5171 1840 5227 Jovii
1867 5186 1957 5226 as-

386 5243 639 5309 sumpsit,
672 5250 727 5295 ιιι
752 5258 814 5295 ex
851 5241 950 5293 huc
979 5242 1194 5295 EllSt‘llli
1240 5242 1356 5295 loco
1389 5243 1669 5297 discimus.

456 5312 569 5383 (5‘2)
601 5312 704 5377 Εἰς
730 5309 1211 5383 thr-drawing:
1239 5310 1480 5383 Orientis
1519 5313 1751 5383 nomine
1788 5309 1957 5382 IEgy-

384 5380 510 5452 ptus
540 5380 705 5436 etiam
739 5380 1137 5436 continebatur;
1164 5380 1338 5451 Hujus
1379 5382 1522 5437 enim
1554 5380 1954 5452 administratio

384 5450 678 5505 commissa
706 5451 879 5506 fuerat
905 5452 1200 5505 Maximino
1226 5450 1446 5506 Ctesari.
1475 5452 1683 5520 Quippe
1715 5450 1957 5504 Maximi-

387 5538 487 5575 nus
515 5538 638 5575 cum
673 5523 853 5576 Caesar
887 5537 916 5574 a
940 5522 1158 5577 Galerio
1187 5522 1361 5576 factus
1390 5522 1601 5584 fuisset,
1637 5536 1828 5575 omnes
1858 5535 1954 5577 eas

384 5592 692 5660 provincias
714 5606 847 5661 quas
885 5591 1247 5645 Diocletianus
1274 5591 1374 5646 sibi
1414 5592 1730 5661 retinuerat,
1764 5606 1954 5661 regen-

385 5664 482 5714 das
516 5660 741 5730 accepit.
770 5663 944 5728 Atque
968 5663 1093 5715 hinc
1115 5661 1315 5715 factum
1347 5670 1450 5723 est,
1486 5671 1541 5715 ut
1567 5660 1833 5731 Aigyptus
1860 5660 1948 5731 diu

387 5741 572 5797 postea
609 5729 752 5784 inter
783 5732 1092 5797 provincias
1146 5733 1385 5790 Orientis
1417 5729 1826 5785 numeraia’sit.
1857 5729 1951 5786 Sic

385 5811 533 5856 certe
567 5803 749 5857 Amm.
776 5799 1123 5861 Marcellinus
1148 5803 1203 5858 in
1229 5802 1322 5862 lib.
1348 5816 1463 5870 xlv,
1505 5802 1598 5865 ubi
1648 5801 1955 5876 provincias

2064 4681 2528 4752 Mesopotamiam.
2555 4684 2661 4736 Sed
2695 4691 2751 4736 et
2789 4680 3057 4752 Egyptus
3089 4682 3244 4735 initio
3269 4680 3400 4735 ΐιιίἵ
3421 4683 3520 4736 sub
3552 4696 3646 4737 co-

2063 4752 2196 4806 mite
2228 4751 2488 4810 Orientis.
2514 4761 2576 4804 ut
2604 4754 2765 4806 docet
2795 4751 2953 4804 vetus
2983 4753 3267 4821 inscriptio
3294 4768 3414 4820 quae
3434 4752 3516 4806 sic
3545 4756 3643 4806 ha-

2060 4822 2152 4877 bet
2188 4838 2201 4872 :
2234 4838 2290 4875 n.
2330 4838 2529 4876 lAt-JCIO
2559 4836 2767 4876 nsunto
2821 4837 2980 4878 rumo
3028 4837 3292 4878 ωιιιυιιιο
3341 4837 3644 4877 ειεοιιιλιιο

2059 4907 2288 4947 Ριλσωο
2322 4908 2373 4947 C.
2405 4909 2456 4947 V.
2487 4907 2671 4947 COMl'l'l
2706 4908 2958 4948 ORIENTIS
2994 4906 3205 4950 EG‘PTI
3250 4907 3638 4949 ΙΕΒΟΡΟΤΔΙΙΒ

2060 4976 2278 5017 ουηςυιιι
2311 4978 2625 5021 ORDINABIO.
2661 4974 2767 5017 CIC.

2132 5033 2244 5103 (55)
2289 5032 2374 5103 Τῷ
2397 5035 2753 5102 παρελθόντι
2795 5031 3066 5099 ἐνιαυτῷ.
3090 5033 3245 5087 Anno
3259 5032 3465 5089 scilicet
3488 5031 3640 5087 Chri-

2065 5104 2131 5156 sti
2164 5102 2290 5167 Eill,
2323 5102 2647 5157 Maximiano
2674 5106 2848 5160 octies
2890 5119 3006 5158 cos.
3045 5104 3122 5157 Eo
3170 5104 3314 5157 enim
3340 5117 3483 5156 anno
3511 5118 3636 5157 cum

2065 5172 2317 5229 Galerius
2354 5183 2615 5244 mortuus
2641 5185 2806 5240 esset,
2844 5175 3170 5244 Maximinus
3207 5171 3511 5244 Bithyniam
3542 5188 3638 5244 oc-

2063 5245 2304 5312 cupavit,
2338 5259 2497 5311 quam
2523 5243 2772 5298 Galerius
2794 5261 2899 5298 una
2924 5259 3047 5299 cum
3077 5243 3289 5314 Illyrico
3315 5241 3633 5314 etAThracia

2062 5311 2165 5385 sibi
2199 5314 2523 5368 retinuerat.
2561 5314 2694 5368 Vide
2715 5330 2835 5385 quae
2862 5314 3044 5370 notavi
3073 5311 3239 5383 supra
3266 5328 3316 5368 c.
3356 5311 3415 5379 5,
3445 5311 3535 5367 ubi
3568 5313 3636 5366 de

2059 5381 2583 5463 L".‘E§§!!9.'“"‘.YF9:

2130 5454 2268 5523 (ὅδ’)
2284 5454 2388 5508 Ἐν
2400 5449 2484 5522 τῇ
2496 5453 2617 5522 ἰδίᾳ
2636 5453 2975 5523 προαιρέσει
2993 5453 3109 5522 τὴν
3123 5453 3436 5521 ,ϐούλησιν
3445 5449 3629 5523 ἔχειν.

2059 5521 2185 5578 Haec
2211 5521 2629 5591 proverbialiter
2655 5521 2760 5580 dici
2793 5521 3070 5581 videntur.
3102 5523 3217 5579 Hoc
3260 5534 3345 5579 est
3377 5530 3522 5590 quod
3549 5521 3633 5573 dt-

2058 5595 2134 5648 cit
2167 5593 2387 5648 Persius
2412 5610 2426 5646 :

2142 5662 2281 5717 Velle
2307 5679 2459 5717 suum
2484 5665 2668 5728 cuique
2689 5673 2764 5717 est

2062 5733 2168 5801 Sed
2196 5742 2318 5802 post
2349 5735 2463 5789 bare
2487 5736 2651 5802 verba
2681 5733 2894 5797 videtur
2921 5732 3196 5802 quidpiam
3227 5730 3437 5802 deesse.

2134 5795 2246 5875 (δί)
2292 5795 2547 5873 Ἠρεσεν
2567 5798 2700 5860 οὖν.
2740 5795 3073 5861 ῠιιίωείνοὶ
3109 5799 3377 5872 superﬂua
3399 5803 3506 5864 est,
3532 5810 3633 5853 nec
