4220 6400
577 353 685 412 821

1291 354 1560 412 EUSEBII
1598 338 2077 410 C£SARIENSIS
2115 351 2270 409 OPP.
2314 350 2500 408 PARS
2539 351 2581 406 I.
2623 384 2693 393 —
2729 351 3123 409 HISTORICA.

3728 357 3833 415 89.8

578 474 710 528 tioni
741 481 842 528 tua:
864 474 1059 543 partim
1095 487 1193 544 per
1224 475 1437 528 litteras
1469 475 1685 545 scripsi,
1721 475 1918 544 partim
1956 488 2140 529 coram
2175 482 2217 535 Α

2175 482 2217 535 Α
2245 472 2387 526 ὥστε
2434 473 2533 544 τὴν
2563 473 2832 545 τοσαύτην
2863 475 3081 547 αἴτησιν
3110 476 3177 546 ἡν
3211 476 3348 549 ὑπὲρ
3392 477 3495 547 τῆς
3537 477 3832 550 θρησκείας

580 563 631 616 in
668 565 936 618 mandatis
965 564 1108 626 dedi,
1130 572 1187 617 ut
1221 564 1481 619 adversus
1505 564 1865 633 pr0vinciales
1889 566 1980 635 qui
2002 566 2146 620 hunc

576 650 904 705 Christianae
938 651 1217 721 religionis
1248 652 1410 705 ritum
1440 653 1679 708 retinere
1702 653 1991 716 voluerint,
2019 668 2147 722 pro-

577 742 875 794 vinciarum
907 751 1147 797 rectores
1175 742 1313 796 nihil
1334 744 1528 796 acerbe
1549 752 1811 808 statuant,
1840 746 1935 797 sed
1966 744 2146 813 potius

575 830 874 887 clementer
925 842 979 887 et
1020 834 1297 887 moderate
1333 835 1666 903 indulgeant,
1714 851 1883 906 seque
1913 837 2022 891 illis
2054 853 2146 892 ac-

575 927 917 999 commodent
946 943 961 980 :
986 938 1162 980 tamen
1195 941 1262 980 ne
1292 926 1474 983 fortea
1513 929 1877 984 beneﬁciariis
1908 939 2002 985 aut
2024 933 2146 1001 qui-

573 1017 893 1084 buscunque
925 1017 1047 1072 aliis
1081 1018 1311 1087 injurias
1338 1030 1392 1074 et
1426 1023 1811 1077 concussiones
1843 1024 2141 1093 patiantur,

575 1107 659 1161 bis
682 1108 848 1163 etiam
879 1109 1076 1165 litteris
1097 1112 1417 1179 gravitatem
1439 1124 1582 1168 tuam
1603 1115 1996 1170 admoneudam
2021 1131 2143 1172 esse

572 1200 907 1267 existimavi,
941 1214 995 1255 ut
1026 1205 1384 1270 provinciales
1409 1217 1622 1259 nostros
1659 1206 1934 1259 blanditiis
1962 1208 2143 1276 potius

573 1302 628 1347 et
657 1294 1133 1350 exhortationibus
1154 1296 1218 1349 ad
1251 1298 1475 1350 deorum
1507 1313 1694 1352 curam
1743 1314 1807 1352 ac
1848 1299 2141 1368 previden-

572 1386 702 1439 tiam
736 1389 1132 1454 agnoseendam
1153 1389 1381 1444 allicias.
1409 1390 1591 1459 Itaque
1615 1391 1662 1444 si
1683 1391 1804 1459 quis
1824 1406 1919 1445 sua
1948 1403 2141 1460 sponte

570 1477 797 1531 deorum
829 1477 1032 1531 cultum
1066 1480 1468 1548 suscipiendum
1497 1482 1797 1549 agnoverit,
1851 1481 1995 1535 hunc
2021 1497 2140 1535 am-

570 1568 746 1624 babus
775 1570 920 1624 ulnis
952 1572 1204 1642 amplecti
1234 1581 1468 1641 oportet.
1499 1572 1652 1639 Quod
1693 1575 1736 1628 si
1769 1573 1860 1640 qui
1891 1573 2137 1644 religioni

571 1675 683 1714 sua:
714 1660 984 1715 inhaerere
1015 1663 1321 1728 maluerint,
1368 1664 1597 1718 arbitrio
1643 1679 1708 1717 ac
1736 1666 1989 1733 potestati
2030 1680 2141 1719 suae

568 1761 696 1806 sunt
719 1753 1081 1820 permittendi.
1106 1752 1269 1824 362
1289 1754 1452 1809 Debet
1470 1756 1633 1821 igitur
1648 1756 1861 1810 dev0tio
1887 1766 1978 1811 tua
1995 1759 2137 1824 quod

568 1843 671 1911 ipsi
709 1844 1025 1898 mandatum
1066 1856 1151 1899 est
1184 1848 1370 1899 sedqu
1414 1848 1750 1910 observare;
1793 1862 1892 1901 nec
1919 1849 2142 1916 provin-

565 1934 735 1989 ciales
756 1946 967 1990 nostros
987 1937 1199 2005 injuriis
1219 1947 1311 1991 aut
1338 1941 2135 2009 concussionibusopprimendi

565 2023 785 2079 licentia
824 2026 1074 2095 cuiquam
1104 2027 1478 2081 concedatur:
1515 2044 1637 2081 cum
1685 2030 1891 2097 potius,
1916 2029 1993 2083 uti
2018 2028 2135 2096 jam

565 2115 769 2169 dictum
802 2125 904 2179 est,
971 2117 1445 2173 cohortationibus
1501 2118 1822 2186 blandisque
1866 2120 2139 2176 illecebris

562 2209 632 2262 ad
677 2209 898 2264 deorum
947 2210 1149 2264 cultum
1216 2212 1501 2266 revocandi
1557 2212 1687 2266 sint.
1726 2210 1896 2267 Porro
1933 2222 1993 2267 ut
2032 2213 2136 2269 hoc

562 2310 893 2370 praeceptum
920 2300 1223 2368 majeStatis
1261 2314 1463 2357 nostra:
1511 2303 1792 2359 universis
1824 2305 2134 2373 provincia-

562 2390 703 2446 libus
745 2393 950 2448 nostris
1007 2394 1353 2458 innotescat,
1413 2396 1593 2450 edicto
1634 2395 1734 2451 abs
1772 2406 1824 2450 te
1858 2398 2134 2465 proposito

558 2484 858 2552 jussionem
891 2494 1132 2538 nostram
1168 2486 1428 2554 publicari
1466 2485 1871 2541 curabisalltec
1893 2502 2016 2542 cum
2042 2487 2133 2543 ille

562 2589 668 2627 non
692 2588 759 2627 ex
786 2572 951 2627 animi
983 2575 1065 2628 sui
1096 2576 1389 2638 sententia,
1421 2576 1513 2630 sed
1540 2575 1862 2631 necessitate
1892 2579 2136 2645 compul-

560 2678 657 2719 sus
676 2665 1045 2734 praecepisset,
1070 2681 1175 2719 non
1202 2666 1434 2736 amplius
1482 2681 1646 2720 verax
1679 2676 1773 2721 aut
1800 2666 1905 2723 ﬁde
1936 2669 2131 2739 dignus

558 2757 813 2812 omnibus
832 2757 1137 2819 videbatur,
1178 2768 1459 2827 prepterea
1495 2757 1640 2827 quod
1689 2756 1799 2825 jam
1831 2768 1987 2814 antea
2013 2770 2134 2830 post

561 2864 749 2919 pacem
787 2850 941 2905 nobis
960 2851 1214 2907 similiter
1237 2851 1525 2915 indultam,
1563 2851 1855 2905 versutiam
1908 2867 1975 2907 ac
2002 2868 2128 2925 per-

558 2992 700 3059 apud
745 2989 1101 3058 Nicephorum
1144 2992 1395 3044 habetur.
1450 2990 1610 3045 Certe
1651 2998 1795 3043 totus
1845 2990 1934 3045 hic
1980 2990 2133 3048 locus

558 3059 714 3131 valde
746 3061 1036 3131 intricatus
1060 3071 1142 3115 est
1170 3071 1224 3114 et
1246 3063 1528 3115 obscurus.
1557 3062 1634 3115 Ae
1656 3061 1887 3131 primum
1910 3063 2129 3131 quidem

559 3128 846 3203 ditlicqltas
870 3142 956 3185 est
977 3132 1029 3184 in
1076 3133 1157 3203 his
1187 3133 1408 3203 verbis:
1439 3131 1608 3203 ὁτιδὴ
1638 3130 1771 3203 αὐτὸ
1794 3128 1953 3185 τοῦτο
1972 3171 1987 3195 ,
2020 3143 2126 3187 etc.

557 3213 677 3267 qua:
725 3198 940 3270 Langus
982 3212 1034 3255 ct
1104 3198 1630 3269 Christophorsonu's
1700 3201 2129 3267 interpretantur

561 3286 582 3339 ς
616 3280 899 3337 propterea
933 3273 1096 3339 quod.
1130 3291 1148 3322 ι
1187 3271 1367 3324 Potest
1407 3282 1585 3324 tamen
1626 3270 1943 3323 adverbium
1996 3272 2128 3324 illud

554 3338 638 3393 ὅτι
667 3338 766 3409 δὴ,
793 3338 1107 3403 simpliciter
1133 3342 1269 3393 sumi
1305 3357 1403 3405 pro
1436 3361 1455 3392 ι
1496 3341 1660 3407 quod.
1698 3358 1718 3391 ι
1767 3339 1839 3394 Ut
1879 3343 1953 3394 sit
2000 3356 2128 3395 sen-

556 3424 650 3463 sus
688 3413 776 3464 hic
827 3429 841 3465 :
896 3410 1400 3466 Nb-omedieosibus
1446 3413 1677 3476 benigne
1723 3411 2010 3478 respondi,
2055 3413 2127 3464 ita

555 3492 776 3550 semper
805 3482 1154 3536 observatum
1185 3480 1353 3535 fuisse
1393 3497 1421 3534 a
1454 3480 1831 3550 superioribus
1869 3480 2130 3548 principi-

555 3549 678 3604 bus.
729 3552 905 3619 Atque
950 3551 1037 3604 hic
1072 3567 1263 3605 sensus
1299 3566 1355 3602 re
1396 3549 1538 3604 nune
1583 3550 1892 3616 diligentius
1922 3551 2131 3603 exami-

555 3628 709 3690 nata,
731 3622 861 3674 mihi
891 3621 1057 3688 magis
1079 3622 1271 3689 placet.
1296 3620 1483 3674 Postea
1508 3636 1605 3688 pro
1626 3620 1709 3672 his
1732 3621 1912 3690 verbis
1932 3620 2129 3690 ἡρεσεν

555 3684 670 3761 οξν,
702 3692 928 3743 emendo
950 3684 1115 3761 mosus
1147 3690 1262 3755 νῦν,
1290 3684 1591 3743 cet'tissiiua
1623 3684 2126 3761 conjectura."N.uu

555 3757 653 3812 νῦν
684 3757 1181 3826 ορροηῑιιιι·”νει·ι›ίε
1221 3761 1651 3829 pnecedentibus
1699 3761 1748 3813 oi
1779 3759 1994 3828 ἀρχαῖοι
2028 3760 2128 3812 αὐτ

555 3829 905 3900 τοκράτορες.
970 3831 1060 3900 Sic
1108 3831 1268 3899 igitur
1314 3832 1599 3883 vertendus
1649 3838 1731 3882 est
1786 3830 1873 3900 hic
1925 3829 2125 3881 locus:

562 3916 583 3949 ι
621 3898 853 3953 Necesse
895 3899 1053 3952 habui
1116 3898 1342 3968 benigne
1394 3900 1756 3968 respondere.
1794 3898 1864 3950 ita
1914 3913 2131 3965 semper

556 3968 901 4023 observatum
936 3968 1103 4023 fuisse
1139 3987 1166 4021 a
1213 3967 1423 4024 cunctis
1459 3967 1608 4022 retro
1653 3967 2079 4036 imperatoribus
2114 3989 2125 4023 :

555 4047 612 4093 et
650 4053 793 4093 nunc
834 4054 1053 4108 quoque
1083 4040 1187 4094 diis
1231 4039 1627 4094 immortalibus
1661 4052 1745 4105 pet
1795 4053 1931 4106 quos
1958 4053 2130 4105 genus

557 4108 853 4162 humanum
895 4119 949 4164 et
992 4110 1301 4177 reipublicae
1339 4118 1620 4176 permanet
1671 4118 1845 4161 status
1897 4109 2127 4174 idipsum

556 4177 833 4246 placuisse
860 4220 877 4245 ,
908 4188 966 4232 ut
1001 4179 1306 4248 huiusmodi
1337 4179 1650 4246 petitionem
1682 4192 1845 4248 quam
1876 4178 1941 4230 de
1980 4177 2128 4231 cultu

558 4249 782 4302 deorum
827 4264 1049 4303 suorum
1078 4247 1147 4303 ad
1180 4264 1264 4303 me
1293 4248 1633 4310 detulissent,
1663 4247 2067 4312 conﬁrmarem.
2107 4265 2126 4297 ι

556 4319 727 4441 Certe1
740 4318 1084 4441 7aIdverbium
1109 4320 1190 4373 ὅτι
1236 4320 1335 4391 δή,
1370 4319 1446 4372 ita
1495 4321 1730 4373 sumitur
1776 4318 1843 4371 ab
1894 4316 2130 4371 Eusebio

558 4401 679 4441 patr.
812 4427 826 4441 .

594 4404 826 4442 82.1”.

556 4401 880 4529 paiésififaz
906 4458 983 4513 δι’
1012 4456 1294 4513 ἐντολῶν.
1328 4456 1579 4511 Mandata
1611 4455 1721 4529 hoc,
1739 4455 1858 4529 loco
1892 4454 2133 4529 Maximi-

2245 563 2339 616 τοῦ
2370 563 2513 617 θείου
2548 565 2725 618 αὐτῶν
2770 567 3120 637 ἀναφέρουσι,
3171 566 3553 639 βεϐαιώσαιμι.
3599 571 3832 644 Τοιγαρ-

2244 653 2339 707 οῦν
2391 656 2439 708 sl
2484 655 2579 708 καὶ
2618 655 2688 708 τὰ
2740 655 3105 726 μάλιστα-καὶ
3143 660 3208 728 τῇ
3259 659 3325 728 σῇ
3370 658 3693 714 καθοσιώσει
3728 663 3832 733 πρὸ

2244 746 2434 799 τούτου
2469 746 2565 799 τοῦ
2601 745 2794 816 χρόνου
2840 746 2929 800 διὰ
2961 748 3307 819 γραμμάτων
3349 750 3700 818 ἐπέσταλται,
3735 756 3831 806 καὶ

2243 835 2312 888 δι’
2351 835 2581 907 ἐντολῶν
2615 836 2727 907 (55)
2781 837 2984 906 ὁμοίως
3029 838 3405 903 κεκέλευσται,
3443 839 3531 894 ἵνα
3570 840 3644 912 μὴ
3690 843 3831 896 κατὰ

2244 928 2352 980 τῶν
2393 928 2747 998 ἐπαρχιωτῶν
2788 929 2849 982 τὸ
2884 928 3121 984 τοιοῦτον
3176 930 3296 993 έθος
3345 931 3667 999 διαφυλάξαι
3714 934 3827 1003 (56)

2243 1021 2716 1093 ἐπιμεληθέντων,
2788 1024 2955 1092 μηδὲν
3029 1024 3296 1094 τραχέως,
3372 1026 3510 1080 ἀλλὰ
3570 1027 3826 1094 ἀνεξικά-

2243 1128 2356 1174 κως
2402 1111 2514 1183 (57)
2570 1113 2665 1166 καὶ
2707 1113 3042 1185 συμμέτρως
3085 1115 3580 1186 συμπεριφέροιντο
3619 1119 3824 1186 αὐτοῖς,

2241 1203 2392 1271 ὅμως
2424 1203 2513 1257 ἵνα
2563 1206 2697 1275 μήτε
2745 1204 2851 1258 ὑπὸ
2883 1206 2993 1258 τῶν
3046 1204 3452 1276 βενεφικιαλίων
3504 1209 3638 1280 (58),
3686 1213 3826 1283 μήτε

2243 1291 2334 1343 ὑπ’
2388 1291 2563 1346 ἄλλων
2613 1291 2722 1345 τῶν
2773 1294 3064 1363 τυχόντων,
3123 1295 3309 1367 ὕϐρεις
3371 1299 3509 1369 μήτε
3567 1304 3824 1371 σεισμοὺς

2242 1384 2582 1452 ὑπομένοιεν,
2639 1384 2929 1439 ἀκόλουθον
2987 1386 3238 1456 ἐνόμισα,
3296 1389 3391 1441 καί⁹
3442 1389 3654 1454 τούτοις
3709 1394 3825 1455 τοῖς

2240 1477 2530 1547 γράμμασι
2575 1476 2674 1547 τὴν
2723 1477 2820 1547 σὴν
2866 1477 3228 1549 στιϐαρότητα
3275 1480 3622 1551 ὑπομνῆσαι,
3673 1484 3824 1548 ὅπως

2238 1570 2357 1631 ταῖς
2387 1566 2699 1631 κολακείαις
2732 1570 2826 1621 και¹
2858 1571 2977 1631 ταῖς
3000 1573 3339 1641 προτροπαῖς
3367 1571 3566 1641 μᾶλλον
3593 1572 3693 1644 τὴν
3713 1574 3823 1628 τῶν

2241 1658 2378 1712 θεῶν
2423 1659 2739 1730 ἐπιμέλειαν
2789 1662 2915 1723 τοὺς
2961 1660 3262 1733 ἡμετέρους
3288 1662 3636 1734 ἐπαρχιώτας
3665 1667 3823 1738 ποιή-

2245 1767 2397 1814 σειας
2442 1749 2849 1819 ἐπιγινώσκειν.
2888 1751 3051 1805 Ὅθεν
3084 1751 3138 1804 εί
3172 1770 3255 1816 τις
3275 1755 3342 1823 τῇ
3371 1754 3535 1806 αὐτοῦ
3564 1757 3823 1828 προαιρέ-

2244 1859 2326 1895 σει
2354 1842 2451 1913 τὴν
2477 1841 2774 1913 θρησκείαν
2800 1843 2908 1896 τῶν
2940 1843 3079 1897 θεῶν
3106 1846 3468 1912 ἐπιγνωστέον
3501 1847 3818 1919 προσλάϐοι,

2243 1934 2463 1998 τούτους
2512 1935 2874 2001 ὐποδέξασθαι
2916 1936 3210 2007 προσήκειο
3247 1937 3295 1988 εἰ
3333 1936 3388 1988 δέ
3422 1953 3565 2000 τινες
3608 1940 3675 2009 τῇ
3713 1939 3819 2009 ἰδίᾳ.

2243 2026 2507 2097 θρησκείᾳ
2534 2025 2844 2079 ἀκολουθεῖν
2873 2025 3163 2094 βούλοιντο,
3196 2026 3254 2078 ἐν
3286 2028 3352 2095 τῇ
3388 2026 3566 2080 αὐτῶν
3599 2027 3819 2101 ἐξουσίᾳ.

2242 2119 2561 2181 καταλίποις
2594 2117 2725 2187 (59).
2756 2117 2956 2187 Διόπερ
2985 2118 3017 2187 ἡ
3050 2117 3118 2186 σὴ
3151 2115 3473 2181 καθοσίωσις
3500 2118 3562 2170 τὸ
3594 2119 3821 2190 ἐπιτραι

2241 2212 2343 2264 πέν
2392 2227 2473 2263 σοι
2523 2210 2900 2277 διαφυλάττειν
2943 2209 3168 2279 ὀφείλει,
3227 2210 3322 2263 καὶ
3371 2210 3558 2281 μηδενὶ
3604 2209 3819 2275 ἐξουσία

2236 2303 2386 2375 δοθῇ,
2427 2304 2567 2357 ὥστε
2596 2304 2723 2366 τοὺς
2760 2303 3061 2373 ἡμετέρους
3104 2302 3451 2373 ἐπαρχιώτας
3499 2302 3691 2373 ὕϐρεσι
3723 2303 3817 2357 καὶ

2238 2399 2479 2466 σεισμοῖς
2530 2394 2834 2465 ἐπιτρίψαι,
2890 2394 3071 2456 ὁπότε,
3128 2392 3317 2463 ὥσπερ
3378 2394 3814 2463 προγέγραπται,

2235 2491 2353 2550 ταῖς
2392 2488 2725 2558 προτροπαῖς
2772 2485 2970 2555 μᾶλλον
3010 2485 3106 2538 κα.)⁸
3146 2488 3265 2547 ταῖς
3321 2484 3630 2549 κολακείαις
3678 2485 3816 2556 πρὸς

2237 2582 2335 2654 τὴν
2366 2581 2473 2633 τῶν
2502 2578 2638 2632 θεῶν
2669 2577 2965 2649 θρησκείαν
2996 2579 3119 2640 τοὺς
3141 2577 3445 2649 ἡμετέρους
3472 2578 3815 2649 ἐπαρχιώτας

2239 2674 2503 2745 προσήκει
2532 2670 2840 2724 ἀνακαλεῖν.
2875 2669 2993 2722 Ἵνα
3030 2668 3088 2721 δὲ
3125 2667 3262 2739 αὕτη
3306 2668 3460 2739 ἡμῶν
3493 2671 3527 2741 ἡ
3564 2671 3814 2734 κέλευσις

2237 2766 2317 2827 είς
2344 2762 2544 2832 γνῶσιν
2580 2761 2795 2814 πάντων
2838 2759 2945 2813 τῶν
2976 2759 3331 2829 ἐπαρχιωτῶν
3371 2759 3480 2813 τῶν
3528 2763 3813 2833 ἡμετέρων

2238 2855 2387 2927 ἔλθῃ,
2417 2853 2743 2924 διατάγματι
2781 2851 2885 2905 ὑπὸ
2919 2851 3013 2932 σου
3050 2851 3367 2923 προτεθέντι
3408 2851 3518 2925 (60)
3561 2855 3623 2908 τὸ
3652 2869 3813 2907 κεκε-

2231 2994 2487 3049 salarium
2522 3001 2632 3045 tum
2666 2991 2800 3059 ipsis
2839 2999 2950 3045 tum
2983 2990 3105 3045 aliis
3138 2993 3489 3059 prmberetur.
3524 3014 3543 3047 ι
3581 2994 3673 3050 Sic
3696 3010 3810 3051 ver-

2229 3067 2421 3120 tendus
2454 3071 2538 3115 est
2581 3061 2670 3133 ille
2698 3061 2882 3133 Dionis
2909 3061 3081 3133 locus,
3110 3075 3269 3133 quem
3294 3061 3572 3133 Xylander
3611 3070 3809 3133 partim

2228 3134 2444 3193 omisit,
2475 3132 2673 3199 partim
2723 3129 3090 3199 interpolavit.
3139 3129 3378 3196 Denique
3406 3132 3560 3187 Philo
3590 3129 3641 3188 in
3687 3151 3812 3187 ora-

2154 3180 2196 3236 α
2231 3180 3088 3274 ἶιὲὶίᾖέἰῖιτῖιέιόῥειιίἶ’ᾖέζαῖῖδὶ
3110 3180 3377 3274 aerea-.19"
3406 3180 3556 3274 35.3;

2230 3272 2478 3343 Μάξιμον
2511 3269 2738 3323 ὲντολῶν
2774 3268 3085 3341 μέλλοντας,
3116 3281 3249 3336 etc.,
3282 3272 3369 3326 ubi
3393 3268 3648 3329 Gelenius
3673 3268 3812 3330 male

2232 3343 2505 3397 Epistolas
2534 3342 2716 3394 vertit.

2264 3342 2505 3395 Epistolas
2534 3342 2716 3394 vertit.

2282 3360 2505 3411 putatas
2534 3360 2716 3394 vertit.

2301 3412 2415 3483 (56)
2443 3409 2519 3465 Τὸ
2551 3411 2823 3483 τοιοῦτον
2844 3410 3019 3483 ἔθνος
3038 3408 3808 3483 6tq9v1d5a1._Scribendttm

2230 3480 2320 3537 est
2340 3482 2480 3546 ἔθος,
2512 3496 2614 3533 non
2639 3480 2824 3543 έθνοςς
2862 3481 3006 3544 quod
3040 3481 3208 3533 miror
3235 3495 3333 3532 nec
3361 3496 3387 3531 a
3422 3481 3681 3548 Musculo,
3710 3499 3812 3537 nec

2232 3569 2260 3606 a
2295 3550 2788 3616 Christophorsono
2818 3550 3253 3602 animadversum
3292 3549 3486 3603 fuisse.

2298 3623 2411 3692 (57)
2481 3621 2659 3692 Ἀλλὰ
2704 3616 3093 3692 ἀνεξικάκως.
3156 3619 3352 3692 ῼοῙΙιΙη
3398 3619 3681 3692 Metliczeus
3752 3632 3811 3692 et

2231 3687 2369 3746 Mat.
2395 3687 2546 3744 duas
2588 3691 2674 3743 hic
2708 3705 2867 3743 voces
2902 3690 3123 3755 addunt,
3163 3687 3299 3741 ἀλλὰ
3332 3689 3673 3755 ἀνεξικάκως
3714 3691 3811 3745 καὶ

2232 3760 2580 3832 συμμέτρως.
2617 3759 2826 3832 Quibus
2853 3758 3147 3832 subscribit
3177 3762 3342 3832 etiam
3367 3762 3540 3832 codex
3567 3760 3780 3832 Savilii,

2302 3827 2412 3903 (5'3)
2446 3827 2929 3903 Βενεφηςταλίωις.
2973 3827 3309 3903 B_eneﬁciarii
3347 3830 3669 3903 dicebantur
3701 3831 3807 3883 mi-

2231 3899 2374 3964 lites,
2398 3899 2492 3967 qui
2529 3900 2790 3953 benelicio
2821 3899 3019 3952 tribuni
3051 3899 3282 3964 promoti
3322 3908 3507 3961 erant,
3538 3901 3812 3954 immunes

2234 3987 2263 4025 a
2293 3972 2567 4039 plerisque
2595 3970 2799 4039 muniis
2836 3978 2891 4021 et
2925 3969 3178 4039 operibus
3204 3968 3569 4039 militaribus,
3605 3979 3667 4039 ut
3703 3971 3804 4022 do-

2231 4035 2319 4094 cet
2350 4035 2621 4110 Vegetius.
2665 4041 2718 4110 In
2751 4038 2950 4110 ultimo
2977 4038 3169 4110 ealicto‘
3198 4035 3481 4110 Maximini
3521 4038 3663 4107 quod
3717 4054 3808 4110 re—

2232 4106 2517 4177 fertur,'c.
2558 4111 2654 4166 I0.
2703 4108 2896 4173 legitur
2929 4106 3307 4177 ὀφφικιαλίων.
3346 4106 3551 4160 Horum
3601 4108 3807 4161 mentio

2234 4184 2292 4233 ιιι
2345 4184 2396 4233 in
2430 4180 2679 4247 passione
2728 4178 2899 4229 sancti
2938 4176 3222 4247 Eructuosi
3262 4178 3534 4247 episcopi,
3560 4192 3681 4245 quae
3728 4178 3811 4232 sic

2234 4245 2505 4320 incipit‘in
2534 4265 2633 4320 ms.
2661 4263 2725 4320 is
2758 4247 2893 4301 Cum
2918 4262 2947 4299 a
2970 4245 3254 4320 Valeriano
3284 4246 3605 4320 et_Gallieno
3640 4248 3807 4320 impp.

2233 4316 2358 4372 data
2394 4329 2539 4374 esset
2570 4318 2744 4386 jussio
2791 4331 2887 4384 per
2919 4316 3251 4386 _ttuiversnm
3279 4317 3465 4369 orbem
3491 4354 3508 4381 ,
3559 4326 3617 4369 ut
3652 4317 3811 4370 Chri-

2233 4391 2398 4443 stiani
2449 4384 2843 4450 sacriﬁcarent,
2893 4384 3225 4440 Emilianus
3260 4400 3461 4453 praeses
3508 4386 3809 4439 adveniens

2237 4460 2289 4511 in
2339 4459 2617 4512 civitatem
2672 4454 3159 4510 Terraconensium
3215 4455 3515 4509 immolavit
3565 4456 3710 4520 diis,
3754 4464 3811 4508 et

560 4525 661 4584 nus
698 4525 767 4581 ab
788 4532 1029 4598 epistolis
1060 4529 1362 4591 distinguit.
1405 4529 1613 4596 Quippe
1639 4528 2126 4598 epistplaaquidem
2160 4530 2208 4588 ο
2234 4543 2461 4593 surgens
2484 4530 2551 4581 de
2585 4536 2764 4591 nocte,
2786 4525 2885 4598 alia
2925 4528 3012 4577 die
3042 4526 3393 4598 illu_cesrente
3414 4525 3686 4598 Dominiea
3707 4526 3811 4598 m_i-_

554 4595 887 4667 principum,
924 4602 991 4653 ad
1036 4601 1287 4653 absentes
1335 4595 1686 4665 magistratus
1733 4595 2128 4662 mittebantur;

558 4670 816 4740 mandata
886 4686 1017 4725 vero
1087 4671 1219 4737 ipsis
1274 4669 1633 4740 praesentibus
1689 4667 2043 4740 tradebantur
2099 4681 2130 4719 a

559 4739 807 4806 principe
832 4781 845 4799 ,
883 4753 1171 4808 antequam
1205 4740 1255 4793 in
1279 4737 1590 4808 provincias
1632 4737 2129 4808 proﬁciscerentur,

563 4804 714 4861 brevi
754 4810 938 4863 libello
968 4804 1385 4876 comprehensa.
1411 4806 1557 4860 Inter
1583 4804 1705 4874 qua:
1727 4807 1960 4875 primum
2001 4804 2130 4857 illud

561 4885 713 4941 erat,
742 4889 797 4931 ut
831 4880 1091 4947 prtesides
1123 4879 1489 4931 valetudinem
1518 4893 1671 4929 suam
1702 4876 1995 4947 diligenter
2022 4889 2130 4947 _cu-

566 4956 771 4999 rttt'ent.
800 4943 1072 5002 Lucianus
1106 4948 1170 4999 tle
1201 4948 1350 5016 lapsu
1391 4962 1548 5014 quem
1570 4948 1741 5016 dittler
1787 4943 2131 5016 salutandttjtt

564 5016 866 5086 admiserat
902 5038 913 5069 :
958 5018 1021 5069 Τί
1059 5018 1103 5069 δ’
1136 5012 1265 5086 οὑχϊ
1298 5018 1392 5069 καὶ⁸
1414 5012 1491 5069 ’ὲν
1522 5014 1601 5086 τῷ
1633 5014 1740 5068 τῶν
1774 5015 1868 5066 καὶ
1902 5012 2133 5086 ἐντολςύν

564 5084 775 5157 βιϐλίῳ,
814 5086 841 5139 δ
874 5089 960 5140 ἀεὶ
1008 5089 1100 5140 καὶ
1132 5082 1282 5157 mea
1318 5082 1583 5155 sacrum:
1621 5085 1957 5157 λαμϐάνετε,
1979 5082 2137 5157 τφῦτο

564 5154 779 5241 πρῶτον
801 5159 935 5241 ’ὑμῖν
961 5159 1077 5241 ἐστι
1109 5154 1491 5241 παράγγελμα,
1510 5157 1624 5238 ,τῆς
1643 5157 1843 5237 ,ὑγείας
1872 5154 1970 5223 τῆς
2001 5155 2139 5241 ἡμῖν’

561 5227 728 5297 τέρας
754 5227 933 5283 αὐτῶν
956 5227 1350 5297 ἐπιμελεῖσθαι;
1373 5230 1442 5280 bc
1473 5229 1553 5280 his
1577 5228 2137 5297 prittcipunt_manda-

568 5293 639 5349 tis
678 5299 877 5364 passim
917 5293 1216 5363 loquuntur
1250 5298 1387 5363 juris
1417 5309 1691 5349 aut-tores.
1739 5296 1835 5347 Dio
1885 5293 1979 5348 lib.
2011 5309 2133 5364 LIII.

565 5381 617 5435 p.
655 5361 759 5419 506
794 5385 806 5420 :
858 5361 1106 5430 Ἐντολάς
1133 5366 1194 5418 τέ
1216 5361 1366 5430 τινας
1402 5368 1497 5419 καὶ
1530 5369 1641 5427 τοῖς
1671 5364 2017 5435 ἐπιτρόποις,
2043 5361 2138 5415 καὶ

562 5433 677 5507 τοῖς
717 5436 1082 5500 ἀνθυπάτοις,
1132 5440 1244 5498 τοῖς
1285 5454 1345 5489 τε
1393 5433 1837 5507 ἀντιστρατήγοις
1902 5433 2136 5507 δίδωσιν,

563 5506 710 5570 ὅπως
758 5508 849 5560 ἐπὶ
876 5510 1059 5579 ῥητοῖς
1108 5506 1312 5573 ἐξίωσι.
1365 5507 1419 5560 Id
1447 5516 1531 5560 est
1564 5504 1921 5579 z’t‘Qutedam
1972 5504 2136 5554 etiam

567 5579 818 5629 mandata
857 5576 1151 5644 imperator
1197 5583 1286 5629 dat
1331 5576 1775 5646 procuratoribus
1814 5585 1868 5646 et
1902 5587 2138 5646 procon-

568 5647 775 5701 sutitus
803 5657 856 5699 et
900 5642 1089 5717 legatis
1117 5642 1471 5717 propraetore,
1506 5656 1562 5698 ut
1601 5645 1709 5717 sub
1731 5644 1897 5697 certis
1934 5642 2141 5717 legibus

567 5724 620 5766 et
650 5711 1051 5786 conditionibus
1092 5711 1145 5769 in
1173 5711 1482 5786 provincias
1522 5716 1961 5783 proﬁciscantur.
2005 5711 2138 5764 Nam

569 5793 621 5838 et
655 5785 755 5839 hoc
789 5797 913 5841 tunc
941 5785 1183 5856 primum
1229 5788 1535 5843 institutum
1574 5794 1678 5850 est,
1704 5795 1868 5853 utque
1898 5797 2136 5835 annuum

2232 4599 2307 4651 sit
2338 4598 2713 4651 beneﬁciarios
2760 4595 2824 4647 ad
2851 4597 3072 4648 domum
3111 4593 3396 4648 Fructuosi
3448 4596 3721 4663 episcopi,
3756 4596 3809 4648 id

2232 4677 2340 4730 est,
2368 4668 2668 4725 Aurelium,
2698 4664 3033 4727 Festucium,
3060 4663 3286 4723 Atilium,
3315 4665 3664 4726 Pollentium,
3700 4665 3808 4716 Do-

2233 4748 2420 4860 Batum
2454 4748 2510 4791 et
2538 4736 2935 4800 Maximum,“
2965 4736 3339 4802 perducendos
3375 4736 3445 4787 ad
3488 4749 3548 4788 se
3582 4745 3805 4788 sanctos

2281 4824 2348 4860 et.
2390 4825 2409 4857 ›

2281 4824 2348 4860 ει.
2390 4825 2409 4857 ι

2321 4876 2433 4946 (ῖι9)
2488 4873 2775 4941 Ἐξουσίςι
2829 4872 3199 4946 καταλίποις.
3282 4871 3640 4946 Scribeodum
3723 4881 3811 4946 est

2234 4943 2576 5008 καταλίπειν,
2610 4953 2668 4997 nt
2703 4946 2863 4998 habet
2892 4945 3261 5011 Nicephorus.
3301 4943 3627 4997 subauditur
3656 4944 3804 4994 enim

2236 5017 2521 5086 προσήκει.
2594 5015 2758 5067 Paulo
2814 5022 2975 5086 ante,
3010 5014 3099 5066 ubi
3170 5014 3380 5086 dicitur
3444 5013 3811 5086 émywocréov

2235 5079 2530 5154 προσλάϐοι
2580 5094 2662 5139 est
2706 5079 2978 5154 enallage,
3030 5097 3127 5150 pro
3168 5079 3521 5154 ἐπιγινῴσκοι
3571 5082 3814 5153 προσλη-

2238 5151 2420 5210 πτέον.
2457 5154 2510 5207 In
2543 5155 2731 5207 codice
2761 5151 2895 5205 Fuk.
2920 5154 3133 5223 legitur
3170 5151 3452 5223 προλάβοι.

2310 5226 2417 5294 (eo)
2448 5220 2937 5294 Atazdwanexd
2969 5221 3086 5294 σοῦ
3111 5220 3474 5289 «perederet.
3504 5220 3667 5294 Moris
3693 5231 3816 5277 erat

2240 5308 2298 5348 ιιι
2320 5291 2572 5364 ’ριἰιιΐουιί
2603 5291 2879 5362 praetorio,
2907 5291 3067 5345 simul
3100 5303 3263 5358 atque
3308 5294 3477 5359 legem
3513 5293 3811 5358 imperato-

2238 5366 2314 5417 ris
2345 5373 2686 5431 acceperant,
2719 5364 2896 5416 edicto
2925 5377 3025 5414 suo
3056 5364 3330 5430 proposito
3355 5377 3473 5414 eam
3505 5364 3812 5429 provincia-

2240 5434 2379 5487 libus
2410 5436 2767 5502 publicarent.
2813 5432 2876 5485 Et
2905 5431 3173 5484 interdqu
3220 5432 3440 5500 quidem
3495 5433 3667 5497 ipsam
3711 5431 3811 5482 im-

2240 5505 2510 5573 peratoris
2541 5505 2707 5572 legero
2734 5504 3045 5573 edictosuo
3085 5503 3471 5573 prchonebant
3494 5540 3524 5573 ,Α
3553 5509 3612 5553 ιιι
3651 5511 3810 5573 nota-

2240 5568 2316 5626 vit
2348 5573 2463 5628 Jac.
2495 5568 2815 5626 Sirmondus
2845 5572 2895 5624 in
2930 5570 3067 5623 libro
3092 5585 3129 5623 ι.
3165 5568 3525 5637 Propemptici
3549 5610 3563 5633 ,
3597 5584 3719 5635 cap.
3752 5568 3809 5623 2.

2240 5643 2509 5696 Interdum
2571 5657 2699 5697 vero
2762 5641 2896 5709 legis
2980 5641 3254 5709 mentione
3315 5641 3582 5694 duntaxat
3639 5640 3811 5709 I'acta,

2239 5714 2475 5766 edictmn
2541 5726 2697 5766 suum
2757 5707 3150 5779 proponebant.
3215 5710 3308 5763 Sic
3360 5721 3510 5764 certe
3569 5707 3811 5779 Sabinus

2242 5785 2527 5852 praelectus
2554 5778 2804 5852 praetorio
2832 5779 3026 5835 fecisse
3062 5780 3262 5836 dicitur
3296 5780 3349 5834 in
3387 5794 3511 5850 cap.
3540 5779 3610 5834 10
3649 5778 3810 5848 hujus
