4220 6388
368 355 474 409 8:29

1370 359 1723 418 HISTORIA”.
1770 362 2338 419 ECCLESlASTICA‘Z
2375 362 2502 417 LlB.
2549 362 2638 418 iX.

3545 368 3650 424 830

367 474 661 542 λευσμένον
693 473 931 545 ὀφείλεις
948 477 1204 549 δηλῶσαι.
1239 499 1256 532 t
1278 481 1444 534 Ταῦθ’
1462 482 1566 537 ὑπὸ
1597 484 1697 555 τῆς
1718 485 1954 555 ἀνάγκης

2072 485 2253 541 ﬁdiam
2277 486 2442 540 animi
2472 485 2553 539 sui
2586 485 2925 540 ostenderat.
2963 483 3152 556 Itaque
3208 500 3368 541 nemo
3402 496 3646 541 nostrum

368 569 817 641 ἐκϐεϐιασμένος,
870 571 984 625 ἀλλ’
1046 573 1106 624 οὐ
1169 574 1311 627 κατά
1364 574 1592 646 γνώμην
1643 575 1742 645 τὴν
1789 575 1957 629 αὐτοῦ

366 663 878 734 διακελευσάμενος,
951 665 1129 719 οὐκέτ’
1188 666 1424 738 ἀληθὴς,
1484 668 1595 721 οὐδ’
1647 666 1959 733 ἀξιόπιστος

370 757 524 826 παρὰ
570 757 686 819 τοῖς
718 757 885 809 πᾶσιν
937 751 1026 827 ἦν,
1081 758 1181 828 τῆς
1226 759 1461 828 πρόσθεν
1511 761 1612 831 ἤδη
1667 760 1804 832 μετὰ
1860 763 1960 831 τὴν

367 847 563 918 ὁμοίαν
616 846 965 920 συγχώρησιν
1027 849 1363 921 παλιμϐόλου
1418 853 1514 905 καὶ
1563 854 1960 925 διεψευσμὲνης

368 938 536 993 αὐτοῦ
570 938 796 1011 γνώμης
828 940 1008 995 ἕνεκα.
1044 939 1254 995 Οὔκουν
1285 942 1489 1013 ἐτόλμα
1515 961 1600 1007 τις
1630 945 1740 998 τῶν
1761 945 1960 1015 ἡμετέ-

370 1050 479 1113 ρων
514 1031 732 1086 σύνοδον
775 1036 1095 1104 συγκροτεῖν
1133 1033 1267 1103 (61),
1306 1034 1415 1087 οὐδ’
1448 1036 1610 1089 αὑτὸν
1646 1036 1704 1089 ὲν
1739 1036 1959 1108 φανερῷ

368 1124 836 1194 καταστήσασθαι,
894 1124 975 1176 ὅτι
1039 1124 1172 1195 μηδὲ
1235 1123 1381 1177 τοῦτ’
1444 1124 1633 1196 ἢθελεν
1694 1126 1844 1196 αὐτῷ
1898 1126 1960 1179 τὸ

367 1215 625 1288 γράμμα,
659 1215 790 1267 αὐτὸ
833 1216 990 1285 μόνον
1019 1216 1079 1269 τὸ
1112 1216 1518 1287 ἀνεπηρέαστον
1562 1221 1696 1289 ἡμῖν
1738 1218 1959 1289 ἐπιτρέ-

369 1321 471 1363 πον
507 1308 888 1379 φυλάττεσθαι,
923 1309 983 1361 οὐ
1014 1309 1120 1379 μὴν
1151 1309 1401 1373 συνόδους
1429 1309 1745 1363 ἐπικελεῦον
1788 1312 1959 1363 ποιεῖ-

370 1400 512 1464 σθαι,
568 1400 676 1453 οὐδ’
723 1400 906 1462 οἴκους
963 1397 1270 1470 ἐκκλησιῶν
1315 1380 1654 1471 οἰκοδομεῖν,
1690 1398 1798 1452 οὐδ’
1832 1398 1960 1453 ἄλλο

366 1508 421 1545 τι
477 1492 587 1545 τῶν
641 1491 885 1562 συνήθων
935 1493 1068 1561 ἡμῖν
1119 1489 1570 1561 διαπράττεσθαι.
1614 1490 1722 1543 Καί
1769 1487 1853 1542 τοί
1891 1505 1957 1556 γε

366 1584 520 1638 ταῦθ’
548 1587 596 1639 οί
635 1585 737 1655 τῆς
774 1585 997 1654 εἰρήνης
1031 1583 1329 1655 προήγοροι
1363 1583 1456 1637 καὶ
1488 1580 1770 1645 εὖσεὸείας
1798 1581 1956 1632 Κων-

370 1680 646 1741 σταντῖνος
687 1679 782 1730 καὶ
827 1676 1120 1739 Λικίννιος,
1172 1676 1322 1746 αὑτῷ
1393 1693 1451 1728 τε
1496 1674 1811 1741 ἐπιτρέπειν
1856 1673 1958 1724 ἐπ-

367 1768 699 1822 εστάλκεσαν
726 1769 858 1838 (62),
895 1769 987 1822 καὶ
1018 1771 1131 1832 τοῖς
1158 1768 1248 1822 ὑπ’
1277 1768 1473 1832 αὐτοὺς
1516 1768 1686 1822 ἅπασι
1709 1766 1797 1820 διὰ
1825 1781 1960 1837 προ-

2014 600 2019 605 λ
2063 587 2159 631 aut
2186 587 2490 631 conventus
2516 576 2921 632 ecclesiasticos
2948 592 3133 647 agere,
3163 587 3258 631 aut
3281 578 3521 646 seipsum
3552 594 3648 647 pa-

2062 666 2167 718 lam
2207 664 2388 720 facere
2414 667 2541 719 etin
2573 674 2818 733 apertum
2844 665 3092 735 proferre
3111 679 3277 719 ausus
3297 673 3411 720 est:
3445 666 3648 736 quippe

2062 771 2185 810 cum
2239 772 2340 811 nec
2374 756 2599 826 epistola
2641 758 2758 826 ipsa
2791 757 2842 808 id
2901 757 3223 810 nominatim
3274 759 3642 825 concederet;

2060 849 2156 901 sed
2188 856 2394 902 tantum
2415 848 2629 916 juberot
2685 859 2743 904 ut
2785 850 2854 903 ab
2880 850 3027 903 omni
3080 850 3355 904 calumnia
3387 860 3445 905 et
3477 865 3646 905 vexa-

2062 942 2208 996 tione
2235 942 2506 997 immunes
2529 957 2906 998 servaremnr.
2932 941 3245 998 Conventus
3274 953 3454 997 autem
3479 958 3643 1013 agere

2061 1043 2156 1088 aut
2182 1034 2449 1089 ecclesias
2468 1046 2772 1099 exstruere,
2807 1045 2900 1089 aut
2957 1037 3104 1090 aliud
3139 1037 3268 1105 quid
3297 1051 3488 1091 eorum
3520 1051 3642 1105 quae

2061 1124 2500 1180 nobissoletnnia
2558 1136 2689 1181 sunt
2737 1142 3022 1198 peragere,
3073 1143 3413 1197 nequaquam
3447 1128 3641 1196 praci-

2061 1218 2264 1284 piebat.
2294 1217 2361 1272 Et
2390 1227 2567 1273 tamen
2605 1220 2756 1287 pacis
2779 1235 2840 1273 ac
2872 1221 3095 1290 pietatis
3128 1222 3343 1290 patroni
3373 1221 3643 1277 Constan-

2061 1311 2206 1362 tinus
2228 1317 2282 1363 et
2317 1308 2588 1377 Licinius,
2624 1322 2734 1364 tum
2769 1313 2963 1366 litteris
3000 1313 3066 1365 ad
3110 1314 3282 1381 ipsum
3309 1315 3451 1368 datis
3502 1315 3553 1369 id
3582 1328 3642 1369 se

2058 1397 2217 1452 nobis
2243 1400 2542 1454 concedere
2580 1400 3072 1469 signiﬁcaverant:
3110 1412 3220 1456 tum
3255 1404 3528 1459 universis
3556 1406 3641 1458 (Ιί-

2061 1488 2336 1543 tionisua:
2383 1490 2795 1554 famulantibus,
2841 1493 3138 1562 propositis
3186 1496 3380 1549 edictis
3413 1506 3467 1549 et
3510 1495 3642 1567 legi-

2058 1580 2160 1635 bus
2191 1581 2423 1651 idipsum
2453 1585 2838 1653 permiseram.
2874 1584 3071 1639 Verum
3113 1587 3313 1655 impius
3343 1587 3432 1641 ille
3460 1604 3531 1643 ne
3559 1589 3641 1643 sic

2058 1673 2277 1740 quidem
2330 1674 2471 1730 ﬂecti
2536 1692 2601 1732 ac
2658 1678 2936 1743 paululum
2983 1679 3181 1733 cedere
3213 1681 3474 1745 decrevit,
3535 1681 3638 1734 nisi

2057 1778 2346 1835 poSIquam
2379 1768 2561 1822 divina
2623 1785 2746 1822 eum
2804 1781 3169 1841 persequente
3224 1772 3438 1841 justitia
3483 1773 3549 1828 ad
3587 1774 3639 1826 id

366 1862 711 1932 γραμμάτων
758 1862 853 1914 καὶ
885 1862 1065 1931 νόμων
1116 1861 1632 1931 συγκεχωρήκεσαν.
1669 1860 1743 1913 Οὐ
1784 1858 1888 1929 μὴν
1928 1858 1954 1909 ὁ

2063 1860 2277 1913 tandem
2310 1861 2513 1916 invitus
2546 1862 2843 1930 perductus
2866 1875 2968 1919 cst.

364 1954 791 2019 δυσσεϐέστατος
829 1954 1001 2028 ταύτῃ
1031 1954 1273 2008 ἐνδοῦναι
1320 1956 1619 2028 προήρητο,
1660 1956 1709 2008 εί
1774 1953 1848 2025 μὴ
1885 1951 1974 2005 ὅτε
2015 1951 2153 2021 πρὸς
2185 1954 2284 2024 τῆς
2316 1954 2466 2020 θείας
2501 1957 2847 2022 συνελασθεὶς
2893 1958 3069 2031 δίκης,
3113 1957 3340 2013 ὕστατόν
3392 1976 3456 2029 γε
3491 1957 3639 2016 ἄκων

367 2048 460 2106 ἐπὶ
489 2046 633 2101 τοῦτ’
669 2048 831 2123 ἤχθη.

905 2140 1300 2197 ΚΕΦΛΛΑΙΟΝ
1347 2139 1403 2194 I'.

484 2234 624 2303 Περὶ
654 2232 763 2302 τῆς
792 2233 909 2306 τῶν
947 2233 1243 2306 θεοφιείῶν
1261 2234 1576 2299 ,βασιλέων
1619 2235 1812 2306 νίκης.

824 2304 963 2373 (Nic.
995 2306 1064 2363 ll.
1090 2303 1156 2359 E.
1190 2320 1284 2371 vu,
1310 2306 1399 2371 37,
1424 2306 1535 2376 ss).

452 2397 810 2469 Ἐκπεριῆλθε
858 2398 901 2451 δ’
937 2398 1101 2451 αὐτὸν
1146 2396 1253 2468 (65)
1290 2398 1512 2469 τοιαύτη
1547 2415 1631 2461 τις
1681 2401 1862 2457 αίτία·
1896 2405 1957 2460 τὸ

368 2487 596 2559 μέγεθος
631 2488 730 2558 τῆς
769 2488 831 2541 οὐ
876 2488 996 2540 κατ’
1037 2486 1196 2552 ἀξίαν
1226 2489 1626 2559 ἐπιτραπείσης
1654 2493 1955 2563 ἡγεμονίας

363 2576 512 2647 αὐτῷ
558 2577 753 2649 μηκέθ’
800 2576 910 2642 οἷός
941 2595 1001 2631 τε
1030 2577 1245 2650 φέρειν,
1273 2578 1407 2633 ἁλλά
1450 2580 1519 2633 δι’
1549 2582 1806 2654 ἀπειρίαν
1841 2586 1948 2640 σώ-

364 2685 561 2740 φρονος
608 2669 868 2741 λογισμοῦ
917 2672 1012 2724 καὶ
1061 2669 1362 2740 βασιλικοῦ,
1420 2673 1799 2744 ἀπειροκάλως
1832 2683 1948 2744 τοῖς

364 2762 682 2833 πράγμασιν
739 2761 1025 2833 ἐγχειρῶν,
1084 2763 1178 2816 ἐπὶ
1235 2764 1383 2834 πάσῃ
1446 2780 1507 2816 τε
1570 2765 1948 2838 ὑπερηφανίας

367 2850 706 2922 μεγαλαυχίᾳ
729 2853 827 2922 τὴν
854 2851 1033 2923 ψυχὴν
1067 2853 1514 2925 ἀλόγως’ἀρθεὶς,
1557 2856 1655 2928 ἤδη
1688 2860 1782 2911 καὶ
1807 2861 1947 2915 κατὰ

360 2946 472 3000 τῶν
503 2948 599 3018 τῆς
636 2947 909 3017 βασιλείας
938 2949 1230 3013 κοινωνῶν,
1261 2947 1329 3000 τὰ
1353 2949 1532 3002 πάντα
1562 2951 1726 3004 αὑτοῦ
1756 2952 1946 3024 διαφε-

2676 2154 2905 2211 C.-\PUT
2933 2156 3001 2210 Χ.

2058 2242 2138 2297 De
2165 2247 2383 2299 victoria
2410 2247 2618 2317 piorum
2650 2247 2859 2318 Deoque
2878 2258 3208 2317 acceptorum
3239 2250 3632 2318 imperatorum.

2120 2398 2295 2455 Porro
2321 2401 2633 2472 huiusmodi
2659 2390 2821 2459 causa
2856 2419 2921 2459 ac
2979 2407 3278 2461 necessitas
3317 2422 3446 2461 eum
3478 2411 3632 2478 quasi

2050 2492 2292 2562 undique
2322 2495 2607 2548 obsessum
2650 2498 3006 2549 constrinxit.
3039 2498 3172 2551 Cum
3203 2499 3633 2568 magnitudinem

2048 2585 2386 2655 principatus
2413 2588 2620 2654 absque
2650 2586 2759 2640 ullo
2810 2588 3009 2644 merito
3043 2589 3144 2658 ipsi
3185 2591 3431 2643 concessi
3462 2591 3637 2645 susti-

2054 2698 2186 2738 nere
2215 2681 2449 2752 amplius
2475 2696 2584 2734 non
2618 2690 2800 2750 posset
2829 2696 2844 2734 :
2881 2681 2979 2735 sed
3011 2683 3288 2736 moderata
3313 2693 3369 2737 et
3398 2684 3638 2752 impera-

2055 2774 2194 2829 toria
2221 2772 2512 2841 prudentia
2543 2773 2763 2841 penitus
2792 2771 3108 2837 destitutus,
3140 2773 3324 2843 inepte
3356 2785 3520 2845 atque
3548 2778 3636 2830 in-

2054 2869 2252 2920 decore
2277 2865 2488 2935 publica
2514 2868 2729 2935 negotia
2758 2876 3057 2932 tractaret;
3081 2882 3144 2921 ac
3184 2878 3444 2934 praeterea
3480 2883 3637 2923 arro-

2056 2958 2202 3028 ganti
2239 2959 2436 3012 tuentis
2462 2967 2676 3011 tumore
2718 2968 2920 3012 temere
2945 2967 3087 3011 esset
3113 2957 3309 3018 elatus.
3342 2959 3508 3013 etiam
3537 2960 3634 3011 ad-

364 3038 565 3111 ρόντων
590 3037 737 3107 γένει
764 3057 824 3093 τε
859 3040 954 3094 και)⁸
987 3040 1225 3111 παιδείᾳ,
1267 3039 1540 3111 ἀξιώματί
1601 3061 1661 3097 τε
1704 3047 1799 3099 κα)⁸
1828 3065 1954 3101 συν-

2061 3064 2254 3105 versus
2280 3049 2424 3119 ipsos
2451 3048 2666 3117 imperii
2692 3058 3011 3115 consortes,
3036 3050 3126 3118 qui
3155 3050 3410 3104 omnibus
3458 3051 3636 3106 modis

363 3131 499 3194 ἐσει,
535 3131 729 3203 καὶτῷ
761 3149 825 3200 γε
876 3133 1095 3186 πάντων
1138 3134 1572 3205 κορυφαιοτὰτῳ,
1600 3139 1943 3213 σωφροσύνῃ,

362 3224 455 3276 καὶ
476 3225 540 3295 τῇ
568 3224 696 3296 περὶ
722 3224 811 3277 τὸν
834 3223 1008 3294 ἀληθῆ
1035 3224 1167 3277 Θεὸν
1192 3223 1463 3296 εὐσεϐείᾳ,
1493 3225 1698 3298 τολμᾷν
1722 3227 1947 3303 ὥρμητο

363 3312 749 3388 θρασύνεσθαι,
793 3318 886 3370 καὶ⁹
927 3317 1140 3388 πρῶτον
1182 3317 1371 3370 ἑαυτὸν
1420 3321 1541 3382 ταῖς
1587 3324 1772 3391 τιμαῖς
1816 3325 1948 3377 ἀνα-

360 3407 607 3481 γορεύειν
630 3408 761 3479 (ϐό).
809 3408 1111 3470 Ἐπιτείνας
1138 3407 1193 3463 δὲ
1217 3408 1298 3471 είς
1323 3409 1581 3462 ἀπόνοιαν
1616 3412 1726 3483 (65)
1751 3414 1819 3467 τά
1846 3417 1946 3488 τῆς

365 3511 580 3583 μανίας,
630 3510 899 3581 συνθήκας
933 3508 999 3572 ἃς
1039 3507 1177 3582 πρὸς
1210 3508 1482 3561 Λικίννιον
1535 3512 1800 3582 πεποίητο
1837 3530 1945 3566 πα-

361 3669 502 3723 libri.
547 3668 863 3735 Quanquam
893 3666 1116 3720 Ruﬁnus
1140 3666 1404 3724 Sabinum
1462 3667 1596 3722 dicit
1637 3668 1810 3738 legem
1848 3670 1952 3724 im-

361 3740 631 3811 peratoris
659 3740 859 3811 edicto
889 3753 987 3811 suo
1029 3739 1408 3811 prmposuisse.
1447 3738 1537 3792 Sic
1565 3740 1705 3811 enim
1737 3743 1895 3794 habet
1923 3758 1937 3795 :

367 3808 388 3861 ἆ
431 3810 536 3863 Sed
578 3809 929 3875 Saliintts,qui
962 3823 1057 3874 per
1098 3809 1150 3860 id
1196 3818 1408 3872 tempus
1448 3808 1780 3874 prrefecutra:
1824 3811 1943 3864 cul-

363 3894 486 3934 men
538 3881 799 3948 gerebat,
851 3879 1093 3930 omnium
1161 3878 1568 3945 provinciarum
1631 3881 1941 3936 rectoribus

361 3950 609 4004 Scriberis
634 3989 648 4009 ,
678 3958 731 4001 et
760 3948 1036 4016 prtelatam
1069 3948 1413 4015 imperatoris
1464 3949 1711 4003 inserens
1740 3950 1936 4018 legem,

360 4028 466 4073 etc.
508 4038 527 4071 ι
576 4018 870 4072 Fatendum
920 4026 1070 4071 certe
1100 4028 1220 4077 est,
1262 4018 1408 4084 leges
1442 4018 1831 4088 imperatorum
1880 4032 1939 4073 ut

360 4088 688 4157 plurimmn,
737 4088 1224 4157 antelatasfuisse
1280 4088 1474 4141 edictis
1553 4090 1934 4157 praefectorum

363 4156 624 4228 praitorii.
666 4159 829 4224 Cujus
868 4158 939 4212 rei
988 4156 1198 4228 illustre
1235 4156 1847 4224 excutplum’habemus
1882 4160 1936 4217 in

362 4227 651 4283 collatione
679 4227 1114 4293 Carthaginiensi,
1149 4228 1235 4280 ubi
1265 4238 1388 4294 post
1430 4229 1708 4282 recitatatn
1741 4231 1940 4297 episto-

363 4298 467 4350 latn
498 4300 662 4367 impp.
699 4300 764 4350 ad
814 4297 1185 4367 Marcellinum
1228 4298 1502 4350 tribunum
1555 4307 1608 4351 et
1636 4300 1932 4363 notarium,

356 4366 587 4437 jubetur’
612 4366 829 4421 recitari
854 4368 1091 4420 edictum
1125 4366 1467 4429 Marcellini,
1495 4369 1638 4434 Quod
1679 4369 1759 4422 sic
1800 4370 1937 4423 inci-

364 4439 441 4507 pit
474 4455 487 4490 :
526 4456 545 4489 ί
581 4438 718 4505 Quid
752 4438 1206 4507 clementissimus
1249 4437 1500 4503 princeps
1534 4437 1595 4493 Ι).
1641 4438 1704 4493 Ν.
1748 4438 1932 4492 Ιῐοιιο-

2058 3144 2232 3213 ipsum
2270 3140 2575 3206 anteibant,
2614 3154 2837 3210 genere,
2872 3141 3218 3195 institutione
3241 3179 3257 3205 ,
3319 3140 3585 3209 dignitate
3611 3180 3631 3209 ,

2054 3234 2384 3305 prudentia:
2426 3234 2681 3303 quodque
2725 3234 3057 3303 praecipuum
3114 3242 3234 3295 est,
3282 3234 3545 3287 modestia
3577 3245 3630 3289 et

2055 3328 2258 3396 pietate
2290 3340 2417 3395 erga
2443 3339 2630 3378 verum
2656 3323 2899 3377 omnium
2942 3324 3107 3377 Deum
3138 3342 3151 3379 :
3188 3322 3518 3378 conlidentia
3543 3332 3630 3376 at-

2051 3433 2160 3487 que
2186 3417 2470 3472 insolentia
2496 3415 2663 3485 coepit
2712 3415 2916 3481 extolli,
2968 3415 3183 3485 sibique
3220 3415 3456 3484 primttm
3490 3416 3632 3470 inter

2054 3512 2199 3580 ipsos
2232 3508 2408 3562 locum
2434 3509 2487 3561 in
2518 3509 2687 3563 titulis
2726 3508 2887 3581 363
2928 3518 3090 3577 atque
3120 3507 3421 3561 honoribus
3448 3507 3628 3562 vindi-

2059 3668 2292 3722 voluisse
2324 3667 2615 3722 Eusebium
2644 3666 2898 3722 existimo
2931 3684 2944 3719 :
2983 3665 3395 3722 Constantinum
3418 3664 3628 3720 scilicet

2050 3756 2115 3794 ac
2147 3738 2414 3793 Licinium
2466 3739 2753 3806 scripsisse
2812 3737 3146 3801 Maximino,
3201 3753 3259 3791 se
3314 3736 3627 3807 permisisse

2047 3809 2377 3865 Christianis
2407 3817 2465 3861 ut
2501 3818 2805 3862 conventus
2833 3819 3057 3877 agerent
3083 3821 3132 3860 et
3170 3807 3437 3877 ecclesias
3456 3807 3627 3877 aedili-

2046 3888 2255 3934 carent.
2317 3879 2373 3931 Si
2429 3880 2552 3945 quis
2603 3888 2782 3931 tamen
2841 3876 3343 3945 interpretationem
3394 3876 3624 3931 Musculi

2042 3951 2196 4018 sequi
2231 3948 2518 4011 maluerit,
2553 3962 2648 4017 per
2678 3963 2764 4001 me
2799 3947 2943 4002 licet.
2976 3948 3103 4000 Mihi
3150 3950 3369 4018 quidem
3424 3961 3626 4015 nequa-

2044 4016 2210 4086 quam
2235 4019 2531 4072 verisimile
2558 4016 2790 4079 videtur,
2820 4018 3241 4072 Constantinum
3274 4033 3334 4070 ac
3352 4016 3619 4070 Licinium

2044 4089 2340 4145 Maximino
2377 4089 2596 4156 collega!
2628 4104 2726 4140 suo
2754 4090 3043 4141 mandasse
3086 4099 3149 4149 ut
3195 4089 3308 4140 haec
3357 4089 3623 4140 concede-

2045 4171 2122 4213 ret
2156 4158 2510 4213 Christianis.
2551 4158 2603 4209 Id
2644 4160 2789 4210 enim
2832 4160 2996 4211 nimis
3031 4172 3293 4225 arrogans
3332 4156 3546 4210 fuisset.

2114 4228 2223 4301 (65)
2265 4227 2641 4297 Ἐκπεριῆλθε
2667 4227 2720 4281 δ’
2746 4229 2951 4301 αὐτόν.
3013 4227 3180 4295 Hujus
3203 4227 3352 4301 verbi
3378 4228 3484 4301 vim
3512 4241 3618 4279 non

2043 4297 2429 4354 intellexerunt
2483 4302 2830 4368 interpretes.
2889 4300 3040 4364 Quod
3084 4299 3345 4363 .equidem
3407 4297 3615 4368 miror;

2041 4385 2164 4423 cum
2197 4370 2412 4436 vulgata
2447 4367 2745 4423 lexis-a'eos
2774 4371 2977 4422 docere
3009 4368 3287 4434 potuerint
3324 4367 3479 4419 verbi
3516 4367 3617 4418 litt-

2036 4439 2128 4509 jus
2175 4439 2650 4509 signiﬁcationem.
2699 4438 2869 4491 Porro
2898 4438 2983 4509 ab
3040 4439 3141 4509 hac
3190 4450 3314 4509 voce
3345 4436 3616 4509 caputi

363 4499 476 4562 rius
519 4499 620 4575 pro
664 4508 946 4561 catholicae
996 4506 1114 4559 ﬁdei
1149 4499 1564 4561 conﬁrmatione
1605 4508 1937 4572 decreverit,
1969 4499 2255 4563 Dorditur
2328 4512 2727 4562 vetustissimus
2807 4508 2977 4562 codex
3049 4505 3377 4559 Mazarinus.
3419 4499 3616 4573 'Cujus

362 4578 725 4647 antelaturum
784 4579 994 4647 apicum
1056 4585 1245 4647 tenore
1306 4589 1679 4642 monstratur,
1747 4589 1856 4632 etc.
1915 4598 1936 4632 ι

363 4646 507 4701 Idem
538 4650 699 4702 etiam
749 4646 831 4701 dei
869 4646 1114 4713 epistolis
1156 4647 1544 4713 imperatorum
1598 4648 1941 4701 sentiendum

362 4727 468 4784 est,
519 4733 656 4787 quas
685 4717 1041 4787 magistratus
1065 4729 1279 4787 semper
1298 4715 1413 4787 suis
1435 4717 1777 4787 jussiouibus
1805 4733 1943 4786 pra:-

360 4785 652 4855 ponebant.
690 4785 1090 4857 Sic‘ilititerius
1140 4785 1683 4857 rationalis'zEgypti
1735 4785 1940 4856 inepi-

361 4858 496 4912 stola
529 4860 596 4912 ad
625 4860 969 4925 praepositum
996 4855 1250 4908 Marcone
1295 4871 1456 4921 quam
1488 4855 1655 4910 relert
1696 4855 1941 4910 Athana-

360 4930 472 4998 sius
500 4929 551 4981 in
584 4927 836 4998 Apologia
871 4941 902 4998 3
934 4925 1236 4998 (φρόντισον
1259 4926 1437 4978 τοίνυν
1485 4925 1805 4998 προστυχὼν
1845 4928 1940 4998 καὶ

356 4996 437 5068 τῷ
479 4997 756 5068 ἀντιτύπῳ
802 4995 896 5050 τοῦ
945 4995 1088 5048 θείου
1119 4995 1493 5068 γράμματος,
1533 4995 1585 5049 ’ὃ
1656 4995 1794 5068 μετά
1842 4997 1937 5050 τοῦ

357 5064 559 5122 οἰκείου
586 5064 926 5137 σεϐάσματος
964 5064 1351 5137 προτέτακται,
1380 5078 1487 5121 etc.

428 5138 541 5210 (ﬁl)
569 5136 837 5192 Σύνοδον
856 5136 1233 5210 συγκροτεῖν.
1268 5136 1372 5189 Pro
1398 5206 1407 5210 _
1430 5138 1522 5210 his.
1557 5138 1737 5210 verbis
1769 5136 1941 5210 Nice-

359 5206 561 5276 pltorus
609 5209 770 5263 habet
803 5208 1087 5277 συνάγειν,
1121 5221 1281 5274 quam
1320 5206 1535 5277 quidem
1586 5207 1707 5277 ejus
1767 5208 1937 5261 intcr~

374 5279 719 5332 iretationetn
754 5273 1079 5346 magnopere
1128 5273 1503 5344 probo.iNatn
1536 5275 1751 5340 σύνοδος
1794 5279 1935 5345 apud

374 5295 719 5332 iretattonetn
754 5295 1079 5346 magnopere
1128 5295 1317 5344 prono.
1370 5295 1503 5328 nam
1536 5295 1751 5340 συνοοος
1794 5295 1934 5345 apud

357 5295 671 5409 iﬂusebium,
713 5364 817 5400 nou
849 5362 1063 5417 semper
1092 5347 1361 5417 signiﬁcat
1393 5348 1684 5417 concilium
1722 5348 1935 5414 episco-

359 5435 574 5488 porum,
609 5420 705 5472 sed
741 5415 1011 5477 interdum
1042 5432 1139 5486 pro
1164 5415 1547 5471 ecclesiasticis
1576 5418 1934 5472 conventibus

357 5499 604 5542 Sllllllllll'.

429 5557 543 5629 (62)
577 5555 748 5623 Αὐτῷ
766 5573 830 5611 τε
848 5557 1187 5625 ἐπιτρέπειν
1206 5554 1687 5610 ἐπεστάλκεσαν.
1722 5556 1772 5609 Μ
1780 5572 1807 5629 u
1815 5571 1933 5610 scu-

360 5626 450 5681 lus'
475 5626 634 5683 vertit
662 5645 677 5680 :
712 5647 731 5679 ι
768 5629 1082 5694 Maximino,
1112 5637 1165 5680 ut
1195 5629 1295 5682 ista
1328 5633 1669 5693 concederet,
1699 5627 1932 5694 scripse-

361 5706 504 5752 rant.
554 5717 574 5751 ι
630 5700 888 5752 Euntdem
951 5712 1168 5766 quoque
1216 5712 1471 5760 sensum,
1504 5697 1627 5766 ._sed
1684 5697 1929 5762 pluribus

362 5769 545 5827 verbis
592 5772 863 5837 expressit
903 5764 1452 5839 CtiristOpttorsorius.
1501 5764 1614 5838 Ego
1647 5767 1792 5824 aliud
1821 5767 1925 5824 sibi

2046 4580 2376 4635 auctoritate
2407 4577 2774 4645 conjecturam
2805 4593 2979 4631 meum
3011 4576 3319 4630 conﬁrmari
3362 4590 3468 4628 non
3501 4593 3616 4629 me-

2044 4650 2304 4703 diocriter
2351 4665 2470 4703 sum
2525 4650 2768 4717 gavisus.
2804 4647 2939 4700 Nam
2970 4660 3259 4715 antequam
3287 4661 3409 4698 eum
3457 4647 3614 4717 codi-

2042 4734 2161 4773 cem
2213 4730 2407 4773 nactus
2453 4716 2666 4782 essent,
2721 4732 2751 4771 a
2804 4718 3047 4783 proxime
3098 4716 3346 4781 sequenti
3389 4716 3613 4782 periodo

2040 4798 2203 4857 caput
2233 4788 2301 4841 lO
2337 4789 2737 4842 inchom'eram.
2773 4788 2907 4841 Cum
2946 4787 3133 4841 codice
3158 4785 3297 4839 Mal.
3341 4787 3614 4841 consentit

2040 4862 2203 4911 etiam
2235 4857 2455 4928 Regael
2487 4857 2620 4910 Fuk.

2110 4928 2222 5000 (64)
2273 4925 2516 5009 Πρῶτοιρ
2547 4926 2768 4981 ἑαυτὸν
2807 4926 2938 4993 ταῖς
2972 4925 3165 5007 τιμαῖς
3203 4925 3607 5050 ἀναγυρεύειγ.

2128 5011 2243 5050 est.
2277 5001 2329 5050 in
2366 5001 2533 5050 titulis
2570 5002 2748 5050 legum
2781 5008 2836 5050 et
2864 5008 3338 5050 constitutionum.
3409 5009 3511 5050 teni
3555 5013 3607 5050 tn

2038 4996 2093 5051 Id
2122 4996 2243 5064 est,
2277 4996 2331 5052 in
2366 4999 2533 5051 titulis
2570 5002 2748 5067 legum
2781 5008 2836 5050 et
2864 4996 3339 5051 constitutionum.
3381 4996 3511 5050 Item
3555 4999 3608 5050 in

2040 5068 2493 5137 inscriptionibus
2531 5084 2755 5137 operum
2797 5069 3170 5137 publicorum,
3207 5077 3509 5120 statuarum
3556 5076 3612 5120 et

2039 5136 2329 5210 imaginum
2362 5154 2421 5193 se
2448 5136 2773 5210 Maximinus
2799 5136 2979 5210 priore
3007 5139 3125 5191 loco
3156 5138 3458 5210 nominavit
3482 5146 3610 5191 ante

2035 5208 2414 5263 ConStantium
2437 5218 2490 5262 et
2515 5208 2783 5261 Licinium
2815 5209 3070 5277 collegas,
3102 5209 3191 5275 qui
3225 5217 3405 5262 tamen
3433 5222 3609 5259 sento-

2039 5293 2127 5331 res
2164 5289 2320 5334 erant
2368 5280 2616 5346 Augusti.
2654 5277 2850 5333 Verum
2906 5278 3230 5333 Maximinus
3276 5294 3397 5331 cum
3430 5278 3609 5330 Caesar

2034 5361 2161 5403 ante
2204 5351 2351 5416 ipsos
2387 5358 2602 5402 creatus
2631 5348 2821 5404 fuisset
2844 5388 2858 5414 ,
2902 5349 3203 5418 principem
3236 5347 3415 5402 locum
3452 5347 3523 5400 ob
3551 5347 3604 5399 id

2033 5421 2134 5472 sibi
2167 5419 2496 5475 vindicabat.

2106 5489 2225 5612 (65)
2250 5492 2352 5557 Εἰς
2389 5490 2704 5545 ἀπόνοιαν.
2744 5489 3089 5558 Nicephorns
3141 5488 3356 5542 inverso
3412 5484 3605 5539 ordine

2106 5563 2162 5612 tit
2231 5561 2473 5612 πιτείνας
2508 5562 2565 5612 δὲ
2591 5564 2671 5612 εἰς
2703 5561 2899 5612 μανίαν
2929 5561 3000 5612 τὰ
3043 5559 3143 5612 τῆς
3174 5556 3432 5612 ἀπονοίας
3454 5593 3471 5612 .
3497 5570 3603 5607 Ιιυιι

2033 5556 2162 5634 legit
2198 5556 2473 5634 επιτείνας
2508 5562 2565 5615 δὲ
2591 5564 2671 5624 εἰς
2702 5556 2899 5634 μανίαν
2929 5561 3007 5634 ιιτάΔ
3043 5559 3143 5628 τῆς
3174 5556 3432 5618 ἀπονοίας
3454 5593 3474 5634 ,
3497 5570 3603 5634 non

2032 5623 2172 5685 male
2201 5632 2427 5685 ἀπόνοια
2457 5623 2556 5700 pro
2589 5623 2839 5700 superbia
2870 5623 3122 5695 sumitur,
3153 5642 3211 5682 ut
3238 5625 3510 5682 sexcentis
3544 5623 3601 5678 in

2030 5703 2165 5760 locis
2190 5706 2431 5761 occurrit
2463 5699 2601 5775 apud
2637 5699 2901 5758 Joannem
2933 5701 3397 5771 Chrysostomutn.
