4220 6400
634 330 693 383 31
1305 330 1581 389 EUSEBII
1617 328 2095 387 CAESARIENSIS
2130 328 2282 385 OPP.
2324 329 2506 384 PARS
2540 330 2580 385 l.
2624 361 2693 371 —
2732 330 3126 388 HISTORICA.

3769 336 3873 392 833

595 460 745 499 cure.
778 445 908 498 Dein
939 447 1004 499 ad
1029 445 1469 514 desperationem
1500 461 1674 516 usque
1694 448 2077 517 progrediente
2102 447 2179 501 in-

2283 447 2665 519 ρασπονδήσας
2684 488 2699 512 ,
2758 450 2993 520 πόλεμον
3042 450 3305 504 ἄσπονδον
3358 452 3574 524 αἴρεται
3593 470 3606 484 ·
3666 450 3767 510 εἶτ’
3813 461 3871 512 ὲν

597 539 749 590 sania
770 579 786 602 ,
824 538 1027 592 violato
1066 539 1210 607 quod
1247 554 1369 594 cum
1401 538 1613 594 Licinio
1643 541 1923 609 pepigerat
1948 538 2173 604 findere,

601 628 802 682 bellum
838 628 1169 696 inexpiabile
1207 632 1472 699 suscepit.
1524 629 1656 686 Post
1703 631 1817 685 haec
1851 646 1977 685 cum
2028 632 2175 686 brevi

599 718 863 785 temporis
892 720 1072 785 spatio
1096 708 1290 774 cuncta
1321 719 1653 786 miscuisset,
1681 729 1737 775 et
1773 719 2060 774 universas
2088 735 2180 773 ur-

597 808 695 861 bes
732 819 943 862 terrore
968 825 1033 864 ac
1067 809 1299 864 tumultu
1340 810 1652 880 implesset;
1700 810 1954 865 collectis
1996 810 2181 864 omni-

595 902 697 956 bus
729 903 902 971 copiis
938 913 993 957 et
1021 904 1406 957 innumerabili
1444 912 1785 957 armatorum
1827 902 2179 958 multitudine

598 996 650 1049 in
676 1012 840 1050 unum
865 1004 1079 1061 coacta,
1112 996 1378 1050 adversus
1403 994 1671 1050 Licinium
1696 1005 2036 1067 pugnaturus
2064 1010 2181 1064 per-

598 1088 779 1153 rexit;
823 1087 1131 1141 daemonum
1163 1102 1301 1157 quos
1344 1090 1461 1158 ipse
1499 1089 1627 1142 deos
1664 1089 2040 1149 existimabat,
2081 1103 2179 1141 au-

597 1180 747 1243 xilio,
771 1189 826 1234 et
850 1179 1197 1234 multitudine
1244 1179 1478 1233 militum
1526 1195 1689 1250 supra
1724 1180 1944 1233 modum
1977 1180 2174 1233 elatus.

597 1271 655 1325 In
692 1272 810 1340 ipso
840 1281 1022 1325 autem
1058 1269 1338 1337 conﬂictu,
1365 1286 1469 1341 ope
1491 1272 1669 1325 divina
1694 1273 1916 1341 penitus
1943 1271 2177 1325 nudatus

597 1363 860 1417 remansit
888 1378 904 1427 ;
939 1372 994 1417 et
1025 1378 1123 1432 per
1153 1362 1303 1416 illum
1332 1364 1424 1432 qui
1455 1363 1605 1418 solus
1628 1372 1714 1417 est
1737 1361 1979 1417 omnium
2008 1362 2173 1430 Deus,

594 1453 824 1508 victoria
854 1451 1068 1508 Licinio
1093 1463 1408 1523 comparata
1435 1464 1540 1509 est.
1576 1456 1655 1508 Ac
1682 1454 1920 1522 primum
1950 1453 2173 1523 quidem

596 1547 865 1602 militares
892 1547 1080 1614 cupias
1104 1547 1303 1616 quibus
1333 1548 1573 1602 maxime
1604 1546 1935 1612 conﬁdebat,
1967 1545 2172 1601 amisit.

595 1636 839 1704 Cumque
864 1646 1199 1707 protectores
1229 1650 1354 1689 eum
1386 1637 1593 1689 nudum
1626 1637 2015 1698 deseruissent,
2035 1650 2086 1690 et
2107 1637 2174 1690 ad

597 1725 863 1781 Licinium
913 1736 1039 1782 tunc
1098 1728 1360 1781 victorem
1407 1726 1829 1798 transfugissent
1859 1767 1875 1793 ,
1926 1728 2176 1799 protinus

596 1818 809 1889 abiecto
836 1818 1109 1885 imperiali
1133 1818 1284 1873 cultu
1317 1819 1409 1889 qui
1458 1820 1634 1887 ipsum
1665 1820 1891 1875 minime
1922 1820 2171 1885 decebat,
2205 1798 2248 1852 Β

597 1909 787 1976 ignave
819 1907 1110 1963 admodum
1138 1918 1195 1964 et
1227 1925 1418 1979 parum
1452 1909 1685 1965 viriliter
1739 1910 1912 1964 turb-.2
1958 1924 2018 1965 se
2052 1924 2175 1978 gre-

594 2000 793 2069 galium
827 1999 1142 2055 immiscuit.
1188 2002 1395 2058 Deinde
1445 2000 1658 2069 fugiens
1686 2042 1703 2069 ,
1754 2013 1810 2057 et
1846 2003 1897 2056 iu
1930 2003 2079 2071 agris
2108 2017 2175 2056 ac

594 2093 729 2145 vicis
749 2106 868 2147 sese
894 2093 1197 2161 occultans,
1224 2095 1348 2148 dum
1389 2095 1551 2150 saluti
1601 2109 1713 2149 sua:
1760 2093 2041 2156 consulit,
2082 2094 2172 2147 vix

596 2185 809 2240 tandem
848 2201 880 2240 e
908 2187 1159 2241 manibus
1208 2187 1443 2240 hostium
1472 2186 1681 2251 evasit;
1719 2184 1901 2239 divina
1930 2185 2018 2239 illa
2047 2200 2173 2239 ora-

592 2278 713 2331 cula
741 2293 871 2333 vera
905 2294 1131 2348 prorsus
1163 2294 1226 2333 ac
1257 2279 1360 2334 ﬁde
1392 2279 1551 2344 digna
1582 2293 1702 2333 esse
1733 2278 1913 2347 reipsa
1966 2278 2172 2333 confir-

596 2383 794 2437 mans,
848 2386 970 2441 qua:
1015 2371 1093 2426 sic
1128 2370 1375 2425 habent:
1420 2390 1439 2423 ι
1482 2369 1599 2424 Non
1627 2370 1867 2424 salvatur
1930 2385 2024 2425 rex
2075 2384 2174 2439 per

593 2463 998 2517 multitudinem
1031 2463 1248 2517 virtutis
1278 2478 1412 2524 suae,
1446 2477 1544 2516 nec
1577 2464 1729 2533 gigas
1763 2462 1952 2515 salvus
1981 2463 2088 2515 erit
2116 2461 2171 2515 in

595 2554 947 2609 multitudine
974 2554 1312 2611 fortitudinis
1341 2569 1469 2608 sum.
1519 2554 1709 2609 Fallax
1737 2568 1908 2623 equus
1933 2553 1998 2607 ad
2028 2552 2172 2607 salu-

591 2654 701 2701 tem
739 2664 754 2701 :
789 2646 843 2700 in
898 2646 1232 2700 abundantia
1271 2646 1486 2699 virtutis
1542 2659 1654 2699 sine
1699 2660 1807 2700 non
1841 2645 2169 2700 servabitur.

592 2738 734 2793 Ecce
762 2736 903 2793 oculi
965 2736 1179 2792 Domini
1238 2751 1405 2806 super
1455 2746 1758 2791 metuentes
1789 2751 1936 2803 eum,
1972 2745 2028 2791 et
2078 2737 2169 2804 qui

2282 538 2476 609 βραχεῖ
2505 538 2576 593 τὰ
2609 541 2788 595 πάντα
2825 542 3072 612 κυκήσας
3108 541 3239 615 (66),
3279 544 3461 597 πᾶσάν
3492 561 3552 598 τε
3589 546 3747 601 πόλιν
3779 550 3873 603 ὲκ-

2277 629 2552 701 ταράξας,
2588 633 2685 686 καὶ
2717 633 2825 687 πᾶν
2860 632 3221 705 στρατόπεδον
3263 634 3541 706 μυριάδων
3572 638 3634 691 τὸ
3668 639 3871 711 πλῆθος

2278 723 2597 794 ἀνηρίθμων
2629 724 2972 794 συναγαγὼν,
3007 725 3208 790 ἔξεισιν
3246 728 3328 790 είς
3364 729 3544 800 μάχην
3580 731 3729 802 αὐτῷ
3762 752 3868 787 πα-

2282 815 2673 887 ραταξάμενος,
2722 816 2997 887 δαιμόνων
3042 819 3256 875 ἐλπίσιν
3299 814 3374 876 ὧν
3419 821 3482 893 δὴ
3530 821 3669 893 ᾤετο
3704 822 3867 889 θεῶν,

2277 906 2371 959 καὶ
2401 909 2521 969 ταῖς
2551 907 2661 960 τῶν
2688 908 2922 962 ὁπλιτῶν
2965 912 3242 982 μυριάσιν,
3275 912 3372 985 τὴν
3413 914 3591 986 ψυχὴν
3620 918 3869 988 ἐπῃρμὲ-

2277 1013 2385 1059 νος.
2422 999 2533 1051 Καὶ
2579 997 2644 1069 δὴ
2694 997 2988 1069 συμϐαλὼν
3025 1003 3106 1065 εἰς
3149 1005 3359 1074 χεῖρας,
3404 1003 3611 1075 ἔρημος
3657 1004 3753 1077 τῆς
3800 1008 3868 1061 ἐκ

2276 1086 2412 1140 Θεοῦ
2452 1087 2778 1143 καθίσταται
2811 1094 3151 1163 ἐπισκοπῆς,
3185 1095 3446 1167 Λικιννίῳ
3473 1098 3572 1168 τῆς
3614 1097 3773 1169 νίκης
3805 1098 3868 1163 ἐξ

2277 1180 2442 1235 αὐτοῦ
2515 1181 2609 1236 τοῦ
2676 1184 2895 1237 πάντων
2958 1186 3077 1250 ἑνὸς
3137 1188 3232 1242 καὶ
3281 1188 3443 1259 μόνου
3502 1189 3637 1244 Θεοῦ
3725 1208 3868 1263 πρυ-

2275 1272 2628 1347 τανευθείσης
2670 1274 2802 1345 (67).
2848 1277 3136 1332 ’Λπόλλυσι
3197 1279 3263 1351 δὴ
3331 1281 3547 1352 πρῶτον
3578 1282 3640 1335 τὸ
3691 1284 3779 1352 ἐφ’
3818 1275 3866 1351 ᾧ

2276 1363 2556 1418 ἐπεποίθει
2618 1366 2894 1421 ὁπλιτικὸν
2941 1367 3075 1438 (68),
3120 1370 3228 1424 τῶν
3273 1388 3335 1425 τε
3395 1371 3535 1444 ἀμφ’
3570 1373 3735 1428 αὐτὸν
3780 1372 3867 1427 δο-

2278 1456 2530 1529 ρυφόρων
2575 1458 2783 1527 γυμνὸν
2840 1459 2935 1512 καὶ
2969 1460 3187 1514 πάντων
3219 1460 3426 1532 ἔρημον
3481 1462 3649 1517 αὑτὸν
3693 1480 3864 1518 κατα-

2274 1545 2632 1611 λελοιπότων,
2685 1548 2780 1600 καὶ
2832 1548 2910 1618 τῷ
2962 1548 3085 1601 τότε
3140 1550 3431 1620 κρατοῦντι
3508 1567 3864 1622 προσπεφευ-

2274 1637 2474 1706 γότων,
2513 1639 2751 1702 ὑπεκδὺς
2791 1640 2821 1693 ό
2858 1640 3091 1705 δείλαιος
3118 1641 3195 1704 ὼς
3236 1642 3468 1712 τάχιστα
3498 1643 3589 1697 τδν
3620 1644 3682 1697 οὐ
3730 1644 3867 1715 πρέ-

2277 1744 2447 1782 ποντα
2489 1729 2639 1800 αὒτῷ
2674 1730 2949 1801 βασιλικὸν
2982 1733 3206 1803 κόσμον,
3237 1733 3426 1798 δειλῶς
3458 1736 3551 1788 καὶ
3589 1734 3864 1804 δυσγενῶς

2276 1821 2371 1875 καὶ
2409 1821 2688 1893 ἀνάνδρως
2730 1822 2981 1877 ὑποδύνει
3029 1824 3090 1876 τὸ
3137 1824 3365 1894 πλῆθος,
3412 1826 3652 1881 κᾶπειτα
3688 1826 3862 1881 διαδι-

2274 1912 2501 1985 δράσκει
2531 1913 2982 1985 κρυπταξόμενός
3012 1931 3072 1968 τε
3109 1915 3213 1968 ἀνὰ
3242 1917 3370 1979 τοὺς
3400 1917 3604 1987 ἀγροὺς
3640 1918 3736 1971 καὶ
3761 1918 3863 1982 τὰς

2276 2005 2488 2076 κώμας,
2529 2006 2681 2077 μόλις
2710 2007 2818 2061 τῶν
2849 2007 3122 2078 πολεμίων
3147 2008 3247 2071 τὰς
3274 2012 3482 2081 χεῖρας,
3513 2009 3583 2064 τὰ
3612 2011 3715 2081 τῆς
3751 2029 3862 2065 σω-

2274 2097 2470 2167 τηρίας
2514 2096 2664 2167 αὑτῷ
2700 2097 3094 2169 προμνώμενος
3137 2098 3406 2165 διέξεισιν,
3456 2099 3641 2172 ἔργοις
3677 2100 3864 2166 αὐτοῖς

2274 2181 2334 2239 εὖ
2380 2185 2522 2256 μάλα
2564 2187 2789 2250 πιστοὺς
2823 2188 2917 2240 καὶ
2948 2188 3166 2260 ἀληθεῖς
3194 2189 3321 2252 τοὺς
3361 2188 3538 2254 θειους
3575 2191 3864 2263 ἀποφήνας

2274 2275 2576 2350 χρησμοὺς,
2597 2278 2655 2331 ὲν
2675 2274 2757 2342 οἷς
2782 2278 2998 2350 εἴρηται
3019 2299 3030 2310 ·
3063 2300 3082 2332 ι
3122 2282 3198 2335 Οὐ
3230 2280 3460 2346 σώζεται
3490 2282 3743 2353 βασιλεὺς
3772 2284 3863 2338 διὰ

2273 2367 2476 2439 πολλὴν
2502 2367 2751 2438 δύναμιν,
2799 2369 2894 2421 καὶ
2934 2369 3096 2438 γίγας
3124 2371 3185 2424 οὐ
3219 2371 3523 2442 σωθήσεται
3558 2374 3618 2427 ὲν
3664 2373 3860 2444 πλήθει

2274 2458 2457 2530 ίσχύος
2509 2460 2709 2513 αὐτοῦ’
2763 2460 2964 2532 ψευδὴς
3004 2462 3170 2526 ἵππος
3225 2464 3306 2526 είς
3357 2464 3656 2535 σωτηρίαν,
3695 2467 3753 2519 ὲν
3801 2465 3862 2520 δὲ

2274 2550 2468 2622 πλήθει
2493 2551 2774 2622 δυνάμεως
2796 2552 2961 2605 αὑτοῦ
2991 2554 3051 2605 οὐ
3080 2553 3402 2625 σωθήσεται.
3441 2555 3573 2609 ἰὁοὺ
3595 2559 3644 2610 οἱ
3669 2556 3863 2626 ὀφθαλ-

2275 2645 2365 2716 μοὶ
2393 2645 2598 2717 Κυρίου
2631 2646 2724 2699 ἐπὶ
2752 2648 2877 2710 τοὺς
2916 2647 3285 2716 φοϐουμένους
3328 2649 3514 2713 αὑτὸν,
3547 2651 3674 2715 τοὺς
3706 2652 3860 2705 ἐλπί-

2272 2736 2464 2803 ζοντας
2492 2738 2585 2791 ἐπὶ
2609 2738 2670 2791 τὸ
2702 2738 2849 2802 ἔλεος
2874 2738 3064 2801 αὐτοῦ,
3096 2739 3364 2810 ῥύσασθαι
3398 2744 3464 2796 ὲκ
3495 2742 3725 2796 θανάτου
3758 2743 3860 2806 τὰς

592 2840 816 2901 sperant
846 2830 900 2886 in
935 2828 1310 2884 misericordia
1338 2828 1454 2895 eius
1488 2845 1502 2881 :
1544 2836 1603 2881 ut
1656 2827 1849 2882 liberet
1901 2843 1932 2882 a
1995 2836 2171 2881 morte

2271 2830 2449 2902 ψυχὰς
2473 2831 2672 2885 αὐτῶν.
2706 2850 2726 2883 ι
2759 2830 2918 2885 Οὕτω
2951 2832 3086 2902 δῆτα
3116 2832 3380 2904 αἰσχύνης
3410 2833 3661 2904 ἔμπλεως
3698 2836 3728 2888 ὁ
3758 2835 3856 2889 τύ-

592 2926 808 2978 auimas
837 2937 1026 2978 eorum
1054 2922 1123 2980 ".
1158 2940 1177 2975 ι
1210 2922 1302 2976 Sic
1330 2921 1495 2990 igitur
1526 2928 1786 2989 tyrannus
1810 2934 1932 2974 cum
1957 2934 2171 2975 summo

2275 2940 2465 2995 ραννος
2496 2923 2589 2976 ἐπὶ
2615 2921 2685 2976 τὰ
2716 2922 2837 2976 καθ’
2865 2924 3057 2977 ἐαυτὸν
3094 2923 3261 2976 ἐλθὼν
3300 2925 3461 2996 μέρη,
3494 2924 3710 2997 πρῶτον
3755 2926 3858 2995 μὲν

592 3019 861 3074 dedecore
907 3028 1070 3087 atque
1123 3017 1422 3088 ignominia
1486 3016 1553 3069 ad
1607 3023 1791 3084 partes
1837 3014 2049 3084 imperii
2084 3012 2169 3068 sui

2271 3017 2507 3087 ἐμμανεί
2526 3014 2706 3086 θυμῷ,
2741 3014 2968 3079 πολλοὺς
2995 3017 3162 3086 ίερεῖς
3183 3016 3277 3068 καὶ
3304 3018 3590 3088 προφήτας
3612 3018 3721 3071 τῶν
3753 3020 3856 3073 πά-

593 3124 872 3175 reversus,
901 3110 1137 3179 primum
1172 3107 1389 3176 quidem
1421 3104 1619 3159 .l'urore
1659 3104 1927 3174 percitus,
1973 3103 2170 3157 multos

2275 3105 2364 3159 λαι
2399 3104 2826 3177 θαυμαζομένων
2863 3105 3010 3177 αὐτῷ
3051 3106 3208 3170 θεῶν,
3243 3100 3319 3160 ὧν
3354 3106 3418 3179 δὴ
3442 3111 3554 3173 τοῖς
3588 3115 3857 3182 χρησμοῖς

590 3201 902 3256 sacerdotes
931 3215 996 3257 ac
1027 3200 1321 3271 prophetas
1355 3198 1580 3253 deorum
1608 3211 1854 3259 suorum,
1881 3208 2019 3264 quos
2047 3204 2172 3249 ante

2275 3196 2686 3269 ἀναῤῥιπισθεὶς
2710 3198 2801 3251 τὸν
2829 3197 3067 3269 πόλεμον
3092 3198 3283 3269 ἤρατο,
3315 3198 3391 3262 ὡς
3421 3198 3486 3252 ἂν
3523 3200 3726 3270 γόητας
3764 3205 3858 3256 καὶ

591 3298 940 3361 suspexernt,
973 3300 1030 3347 et
1081 3305 1314 3359 quorum
1356 3287 1593 3343 oraculis
1640 3287 1917 3341 excitatus
1971 3285 2168 3339 bellum

2272 3287 2594 3352 ἀπατεῶνας
2619 3288 2714 3341 καὶ
2740 3290 2832 3342 ἐπὶ
2863 3290 2994 3342 πᾶσι
3024 3289 3285 3360 προδότας
3312 3290 3410 3360 τῆς
3442 3290 3608 3344 αὐτοῦ
3633 3294 3856 3364 γενομέ-

591 3393 932 3453 susceperat,
969 3391 1227 3452 tanquam
1269 3379 1700 3450 prmstigiatores
1723 3394 1786 3433 ac
1807 3383 2126 3447 deceptores
2150 3417 2165 3440 ,

593 3486 756 3542 atque
791 3473 1014 3542 insuper
1064 3471 1257 3525 salutis
1309 3485 1422 3524 sua:
1477 3469 1784 3538 proditores
1835 3470 1953 3523 neci
1998 3467 2168 3522 dedit.

592 3564 842 3620 Posthtee
874 3578 997 3618 cum
1042 3562 1480 3617 Christianorum
1518 3561 1629 3616 Deo
1660 3560 1890 3631 gloriam
1924 3559 2170 3614 laudem-

590 3671 698 3726 que
728 3655 1029 3719 tribuisset,
1063 3668 1118 3709 et
1150 3653 1613 3709 absolutissimam
1650 3663 1813 3722 atque
1836 3651 2167 3707 uberrimam

590 3749 767 3819 legem
799 3763 898 3819 pro
930 3749 1245 3802 eorumdem
1276 3746 1715 3801 Christianorum
1744 3745 1995 3800 libertate
2022 3744 2172 3800 tulis-

592 3852 699 3908 set,
733 3856 857 3896 mox
893 3839 1213 3912 gravissima
1269 3839 1589 3908 aegritudine
1635 3848 1924 3908 correptus
1948 3875 1965 3903 ,
2024 3836 2170 3893 nulla

593 3934 694 4004 ipsi
728 3932 987 3987 dilatione
1018 3947 1285 3988 concessa
1316 3970 1334 3997 ,
1395 3940 1702 3987 extremum
1750 3930 1892 3985 diem
1949 3928 2167 3985 clausit.

594 4028 704 4085 Lex
733 4042 897 4098 porro
927 4027 994 4081 ab
1032 4026 1127 4081 illo
1153 4026 1349 4080 emissa
1380 4025 1460 4081 sic
1492 4024 1655 4079 habet
1684 4039 1699 4078 :

594 4122 909 4192 Exemplum
947 4120 1334 4192 constitutionis
1367 4136 1398 4173 a
1444 4127 1671 4192 tyranno
1708 4131 1802 4192 p10
1844 4110 2168 4168 Christianis

662 4183 828 4259 datin,
882 4203 932 4246 et
992 4205 1059 4245 ea:
1097 4188 1288 4244 Latino
1330 4183 1569 4245 sermone
1614 4188 1669 4241 in
1720 4183 2170 4240 ercumtrans-

665 4265 812 4320 lane.

665 4352 1021 4424 «Imperator
1062 4349 1249 4408 Caesar
1294 4350 1462 4405 Caius
1509 4347 1762 4404 Valerius
1807 4345 2161 4409 Maximinus,

2271 3396 2395 3444 νους
2428 3380 2721 3452 σωτηρίας,
2752 3380 2986 3452 ἀναιρεῖ,
3030 3377 3151 3434 εἶτα
3180 3380 3244 3452 δὴ
3275 3380 3399 3444 δοὺς
3433 3381 3590 3449 δόξαν
3629 3382 3708 3455 τῷ
3746 3384 3855 3438 τῶν

2270 3470 2610 3541 Χριστιανῶν
2648 3470 2788 3540 Θεῷ,
2825 3469 2987 3541 νόμον
3024 3487 3085 3523 τε
3115 3470 3204 3523 τὸν
3239 3472 3379 3542 ὑπὲρ
3406 3472 3721 3544 ἐλευθερίας
3752 3473 3855 3526 αὗ-

2268 3562 2379 3615 τῶν
2421 3561 2729 3617 τελεώτατα
2772 3562 2867 3616 καὶ
2913 3563 3261 3633 πληρέστατα
3284 3562 3694 3635 διαταξάμενος,
3723 3564 3853 3618 δυσ-

2271 3652 2577 3725 θανατήσας
2624 3652 2842 3711 αὐτίκα.
2885 3653 3155 3724 μηδεμιᾶς
3191 3653 3341 3724 αὐτῷ
3374 3654 3564 3725 χρόνου
3607 3654 3852 3727 δοθείσης

2221 3736 2230 3746 ’
2270 3745 2628 3817 προθεσμίας,
2670 3745 2894 3816 τελευτᾷ
2921 3744 3013 3797 τὸν
3048 3744 3185 3815 βίον.
3228 3746 3287 3799 '0
3331 3746 3388 3799 δὲ
3436 3745 3856 3818 καταπεμφθεὶς

2271 3837 2362 3895 ὑπ’
2382 3836 2547 3893 αὑτοῦ
2572 3837 2755 3909 νόμος,
2779 3837 3019 3902 τοιοῦτος
3036 3833 3103 3910 ἦν
3127 3855 3141 3868 ·

2281 4109 2671 4180 Ἀντίγραφον
2701 4108 3019 4180 ἑρμηνείας
3046 4106 3158 4180 τῆς
3197 4107 3305 4180 τοῦ
3356 4106 3658 4180 τυράννου
3686 4107 3853 4180 -ὑπὲρ

2340 4177 2710 4251 ἓφιοντιανῶν
2740 4177 3065 4251 διατάξεως
3084 4220 3098 4242 ,
3129 4178 3198 4232 ἐκ
3230 4178 3559 4249 Ῥωμαῖκῆς
3584 4178 3855 4251 γλώττης

2338 4254 2426 4317 εὶς
2449 4251 2563 4319 τὴν
2601 4249 2857 4305 Ἐλλάδα
2880 4251 3391 4319 μετωῑηφθείσης.

2344 4359 2364 4393 ι
2385 4338 2746 4410 Αὐτοκράτωρ
2772 4340 2983 4410 Καῖσαρ
3033 4339 3194 4403 Γαῖος
3211 4339 3504 4409 Οὐαλέριος
3522 4338 3850 4409 Μαξιμῖνος,

590 4420 755 4515 364
768 4420 1145 4508 όθτιιιιιιιὶοιιε,
1163 4442 1521 4505 Sarmaticus,
1539 4443 1687 4509 Pius,
1706 4442 1879 4509 Felix,
1898 4442 2164 4511 Invictus,

2271 4429 2627 4504 Γερμανικὸς,
2657 4431 3021 4503 Σαρματικὸς,
3051 4430 3315 4502 Εὐσεϐὴς,
3348 4431 3614 4504 Εὐτυχὴς,
3634 4431 3851 4503 Ἀνίκη-

592 4536 890 4606 Augustus.
925 4532 1353 4589 Provincialinm
1389 4544 1699 4589 nostrorum
1736 4536 1961 4590 utilitati
1987 4534 2166 4588 omni-

593 4624 698 4680 bus
728 4626 904 4682 modis
932 4642 1034 4681 nos
1083 4637 1342 4700 perpetuo
1378 4627 1691 4694 consulere,
1725 4643 1899 4698 eaque
1932 4627 2069 4698 ipsis
2094 4627 2166 4681 li-

658 4752 704 4784 "
738 4751 879 4807 Psal.
906 4768 1084 4819 xxx",
1124 4750 1308 4805 lli-l9.

661 4889 773 4961 (66)
810 4892 884 4946 Τὰ
916 4891 1115 4949 πάντα
1144 4893 1421 4961 κινήσας.
1472 4892 1656 4949 Nostri
1706 4894 1924 4950 endit-es
1977 4909 2166 4951 omnes

589 4961 792 5016 habent
819 4963 1083 5033 κυκήσας.
1116 4963 1267 5029 Quod
1301 4965 1591 5034 conﬁrmat
1618 4966 1780 5019 etiam
1807 4964 2166 5034 Nicephorus.

589 5034 986 5105 Quaremeseio
1027 5037 1173 5105 unde
1210 5035 1497 5105 vulgatam
1530 5033 1869 5104 Seripturam
1926 5033 2169 5092 hauserit

591 5100 727 5154 Rob.
749 5100 1090 5173 Stephanus.
1133 5103 1267 5156 Nam
1289 5100 1344 5157 ἐι
1374 5103 1573 5172 Regius
1602 5100 1769 5160 codex
1788 5147 1805 5172 ,
1837 5121 1996 5173 quem
2049 5108 2169 5160 ubi-

589 5170 1057 5246 que_Siephanus
1100 5176 1408 5244 expressit,
1450 5170 1654 5229 diserte
1693 5170 1958 5246 scriptum
2000 5178 2168 5232 habet

587 5257 857 5303 κυκησας.

683 5241 1088 5382 ἕίῖῗαῗικιννίῳ
1122 5311 1232 5382 τῆς
1261 5313 1435 5382 νίκης
1464 5314 1533 5381 ἐξ
1556 5314 1748 5370 αὑτοῦ
1788 5316 1894 5372 τοῦ
1924 5315 2167 5371 πάντων

585 5378 881 5453 ἑνός-’καὶ
933 5378 1126 5453 μόνου
1181 5378 1337 5453 Θεοῦ
1386 5378 1589 5453 apvt.
1640 5385 1751 5441 Hoc
1810 5388 1927 5441 loco
1991 5388 2163 5441 nostri

588 5452 747 5525 f'odd.
787 5451 950 5515 Maz.,
987 5451 1131 5525 Med.
1154 5463 1207 5507 et
1239 5451 1598 5525 Eubuliquot
1638 5471 1800 5525 voces
1832 5460 2164 5510 interserunt

587 5519 1094 5600 inibuncﬁmodnm
1146 5540 1160 5577 :
1200 5522 1280 5594 τῷ
1322 5519 1824 5600 τότεςκρατοῦντιη
1862 5543 2164 5600 πρυτανευ-

588 5589 790 5662 θείσης.
827 5590 956 5658 Quae
988 5606 1145 5647 voces
1172 5589 1296 5647 cuin
1354 5593 1513 5648 tertia
1547 5589 1763 5651 'abhinc
1794 5589 1932 5651 linea
1964 5598 2159 5651 iterum

589 5661 857 5729 legantur,
891 5677 1076 5727 parum
1113 5664 1199 5717 hic
1231 5666 1553 5719 necessariae
1583 5675 1732 5719 sunt.

660 5731 773 5802 (68)
818 5732 1181 5787 'Onliztxdr.
1216 5734 1505 5790 Pedem-es
1536 5734 1813 5792 Maximini
1855 5737 2041 5807 copias
2078 5738 2163 5792 in-

2270 4540 2383 4587 τος,
2414 4521 2701 4585 Σεῦαστός.
2747 4523 2906 4577 Κατά
2960 4522 3140 4576 πάντα
3159 4522 3362 4595 τρόπον
3396 4524 3546 4595 ἡμᾶς
3584 4523 3852 4597 διηνεκῶς

2271 4612 2379 4668 τῶν
2422 4612 2777 4684 ἐπαρχιωτῶν
2820 4612 2929 4666 τῶν
2965 4613 3250 4686 ἡμετέρων
3286 4611 3382 4666 τοῦ
3422 4613 3692 4685 χρησίμου
3718 4631 3855 4687 προ-

2267 4892 2433 4959 telligi
2488 4900 2636 4958 puto.
2676 4888 2846 4959 Porro
2881 4889 2947 4945 de
2979 4889 3082 4943 hac
3125 4886 3405 4942 Maximini
3435 4905 3613 4959 pugna
3652 4890 3849 4945 adver-

2266 4979 2358 5019 sus
2388 4958 2668 5016 Licinium
2722 4960 2776 5013 in
2825 4958 3041 5030 Illyrico
3088 4962 3237 5012 solus
3283 4974 3348 5013 ex
3373 4958 3666 5030 historicis
3697 4960 3851 5015 Zosi-

2267 5049 2388 5088 mus
2425 5032 2666 5099 loquitur
2697 5031 2752 5083 in
2793 5029 2983 5093 Ιίῠζιι,
3017 5031 3104 5082 ubi
3140 5029 3335 5082 scribit
3369 5029 3633 5083 Licinium
3667 5032 3848 5099 primo

2265 5104 2484 5174 quidem
2508 5101 2718 5174 cladem
2735 5101 2981 5174 aliquam
3003 5100 3281 5174 accepisse
3307 5116 3320 5151 :
3347 5100 3441 5152 sed
3460 5114 3583 5174 mox
3616 5104 3850 5174 repetito

2265 5168 2495 5244 prmlio,
2529 5170 2878 5244 Maximinum
2929 5169 2981 5244 in
3038 5168 3218 5237 fugam
3253 5183 3472 5244 versum
3513 5171 3577 5244 ad
3606 5169 3850 5226 Orientis

2265 5239 2448 5313 partes
2473 5255 2533 5313 se
2553 5242 2844 5313 recepisse.
2872 5246 2927 5293 et
2954 5242 3020 5313 de
3042 5239 3349 5313 reparando
3377 5242 3848 5313 exercitugogtta-f

2265 5308 2429 5366 visse.
2471 5311 2627 5378 Quod
2655 5310 2872 5378 quidem
2903 5308 3136 5361 tuirilice
3167 5308 3429 5378 convenit
3473 5324 3595 5362 cum
3623 5308 3844 5365 Eusebii

2268 5381 2440 5436 nostri
2469 5377 2801 5443 narratione,
2831 5379 2923 5446 qui
2950 5379 3142 5432 scribit
3165 5377 3516 5446 Maximinum
3542 5378 3662 5432 l'nso
3687 5393 3848 5432 exer-

2262 5453 2374 5506 citu
2417 5466 2536 5517 suo,
2567 5452 2635 5503 ad
2666 5464 2795 5504 suas
2822 5444 3026 5517 partes,
3059 5448 3108 5502 id
3139 5457 3223 5517 est
3263 5449 3315 5500 in
3354 5444 3635 5501 Orientem
3665 5464 3723 5502 se
3757 5465 3845 5502 re-

2263 5523 2495 5592 cepisse.
2526 5516 2723 5589 Pugna
2752 5516 2916 5592 igitur
2949 5518 3144 5592 illa_i_n_
3161 5516 3391 5592 Europa:
3432 5517 3680 5592 partibus
3737 5533 3840 5587 pu-

2263 5586 2422 5655 gnata
2458 5602 2563 5655 est,
2599 5586 2743 5643 anno
2776 5586 2985 5642 Christi
3042 5586 3169 5649 515,
3223 5586 3583 5640 Canstantiuo
3640 5601 3697 5639 Ill
3740 5586 3747 5587 ⁷
3785 5600 3841 5642 et

2263 5660 2473 5715 Licinio
2503 5677 2562 5714 ιιι
2619 5669 2853 5720 coss.,ut
2891 5666 3037 5713 recte
3064 5665 3213 5712 notat
3243 5655 3503 5726 Sigonius
3542 5656 3596 5711 in
3626 5656 3718 5713 lib.
3751 5672 3838 5725 ιιι,

2266 5734 2340 5787 De
2369 5729 2697 5787 Occidentali
2724 5728 2961 5798 imperio.
