4220 6440
547 352 653 408 835
972 397 977 402 .
1259 342 1528 403 EUSEBII
1566 339 2047 401 CESARIENSIS
2087 337 2164 394 OF

2283 335 2463 391 PARS
2501 333 2541 388 l.
2583 364 2652 375 ——
2699 330 3091 388 illSTORlCA.
3734 330 3841 385 856

549 464 712 520 alicui
743 463 887 519 dono
917 462 1083 525 data;
1115 472 1311 515 cuncta
1348 461 1415 513 ad
1443 460 1735 531 pristinum
1766 459 1853 522 ius
1876 474 1939 512 ac
1972 456 2140 512 domi-

2270 452 2468 521 ’ένηται
2496 452 2529 521 ἡ
2553 449 2798 520 ἡμετέρα
2820 448 3021 520 δωρεὰ,
3040 448 3135 501 καὶ
3162 445 3323 501 τοῦτο
3344 445 3708 517 νομοθετῆσαι
3741 466 3842 503 κα-

552 558 703 612 nium
740 555 1181 611 Christianorum
1208 562 1554 619 revocentur,
1585 560 1644 606 ut
1669 551 1772 606 hac
1803 551 1969 605 etiam
2003 552 2054 602 in
2081 563 2141 603 re

2278 540 2614 613 ηξιώσαμεν,
2643 542 2708 594 ἵν’
2742 540 2796 593 εῖ
2814 557 2961 603 τινες
2987 539 3156 592 οἰκίαι
3185 539 3281 591 καὶ
3307 538 3484 610 χωρία
3503 538 3599 591 τοῦ
3628 538 3843 592 δικαίου

553 650 812 719 pietatem
865 663 929 702 ac
958 645 1361 716 providentiam
1404 654 1648 699 nostram
1690 643 1876 699 cuncti
1928 641 2144 711 possint

2270 637 2350 689 ῶν
2380 635 2724 708 Χριστιανῶν
2769 634 2876 706 πρὸ
2919 632 3111 686 τούτου
3144 630 3447 702 ἐτύγχανον
3470 631 3621 694 ὅντα,
3651 633 3717 685 ὲκ
3744 631 3847 704 τῆς

556 750 874 805 agnoscere.
920 753 938 785 ι
975 732 1102 788 Haac
1156 742 1284 787 sunt
1333 734 1547 803 tyranni
1604 734 1794 798 verba,
1852 747 1973 801 quae
2022 740 2145 801 post

557 827 736 880 edicta
774 825 862 877 illa
894 824 1168 878 adversus
1197 824 1543 879 Christianos
1570 823 1621 876 in
1649 824 1808 877 mrcis
1846 823 2048 877 tabulis
2076 824 2144 876 ab

559 917 679 986 ipso
713 916 1013 986 proposita,
1049 915 1287 970 nondum
1326 932 1470 970 anno
1518 915 1738 987 penitus
1772 927 1967 969 exacto
2014 916 2145 969 sul)-

559 1021 745 1063 secuta
785 1019 935 1062 sunt.
966 1007 1034 1061 Et
1064 1008 1155 1075 qui
1187 1010 1347 1076 paulo
1370 1019 1530 1063 antea
1562 1024 1660 1061 nos
1693 1008 1952 1077 profanos
1982 1020 2148 1075 atque

559 1098 756 1167 impios
787 1109 842 1150 et
880 1098 932 1150 in
967 1097 1264 1165 perniciem
1296 1098 1518 1167 generis
1558 1097 1784 1152 humani
1823 1108 1980 1153 natos
2027 1113 2150 1152 esse

561 1200 872 1255 censuerat,
904 1189 1040 1243 adeo
1072 1198 1133 1242 ut
1158 1205 1262 1242 non
1304 1189 1466 1243 modo
1515 1191 1703 1251 urbes,
1734 1190 1830 1244 sed
1888 1206 1957 1245 ne
1987 1204 2151 1259 agros

561 1281 781 1351 quidem
830 1292 885 1334 et
929 1278 1253 1335 solitudines
1303 1279 1550 1334 incolere
1600 1280 1938 1343 sineremur;
1976 1281 2043 1333 ab
2083 1292 2149 1335 eo

563 1372 983 1427 constitutiones
1011 1382 1066 1427 et
1118 1371 1266 1441 leges
1317 1386 1415 1441 pro
1445 1370 1776 1426 Christianis
1815 1373 2146 1427 edebantur.

564 1464 632 1518 Et
652 1464 744 1534 qui
779 1478 951 1533 nuper
985 1474 1111 1517 ante
1145 1463 1315 1533 ipsius
1348 1462 1566 1533 tyranni
1614 1462 1801 1518 oculos
1826 1461 2059 1516 ﬂammis
2088 1478 2152 1516 ac

567 1557 735 1617 ferro,
760 1566 814 1610 et
838 1555 1134 1609 bestiarum
1196 1570 1258 1610 ac
1307 1556 1587 1610 volucrum
1634 1554 1836 1608 laniatu
1900 1553 2154 1609 absume-

567 1650 790 1712 bantur,
824 1659 1129 1717 cunetaque
1156 1663 1441 1719 poenarum
1470 1657 1525 1702 et
1557 1647 1747 1701 mortis
1777 1663 1975 1717 genera
2008 1646 2155 1701 velut

570 1741 719 1809 impii
753 1748 807 1795 et
833 1741 1113 1807 religionis
1167 1741 1346 1795 omnis
1373 1750 1631 1809 expertes
1681 1739 2046 1793 miserabilem
2096 1739 2151 1793 in

2244 726 2549 791 κελεύσεως
2581 725 2689 778 τῶν
2718 724 2921 794 γονέων
2957 722 3067 775 τῶν
3102 722 3392 793 ἡμετέρων
3425 723 3505 785 είς
3539 722 3602 775 τὸ
3634 722 3845 776 δίκαιον

2250 819 2515 889 μετέπεσε
2541 818 2635 871 τοῦ
2667 818 2885 887 φίσκου,
2912 817 2943 887 ῆ
2969 816 3074 867 ὑπό
3106 831 3250 877 τινος
3273 813 3587 886 κατελήφθη
3614 814 3844 878 πόλεως,

2247 910 2358 963 εἴτε
2397 910 2692 981 διάπρασις
2724 908 2930 963 τούτων
2961 907 3288 977 γεγένηται,
3325 905 3435 958 εἴτε
3481 906 3562 969 εἰς
3601 905 3841 976 χάρισμν*

2246 1002 2453 1055 δέδοταί
2485 1002 2596 1072 (75)
2620 1019 2747 1067 τινι,
2771 1000 2943 1053 ταῦτα
2972 1000 3151 1051 πάντα
3179 1000 3259 1060 είς
3292 997 3354 1050 τὸ
3379 998 3607 1068 ἀρχαῖον
3638 997 3849 1051 δίκαιον

2247 1097 2357 1149 τῶν
2390 1094 2734 1167 Χριστιανῶν
2778 1091 3149 1164 ἀνακληθῆναι
3184 1089 3586 1161 ἐκελεύσαμεν,
3624 1091 3710 1144 ἵνα
3752 1090 3852 1144 καὶ

2249 1188 2308 1239 ἐν
2344 1184 2521 1255 τούτῳ
2557 1184 2660 1252 τῆς
2705 1183 2980 1254 ἡμετέρας
3016 1179 3298 1243 εὐσεϐείας
3331 1181 3426 1232 καὶ
3461 1178 3561 1249 τῆς
3590 1180 3850 1251 προνοίας

2251 1277 2502 1348 αἴσθησιν
2536 1276 2735 1338 πάντες
2767 1273 3025 1328 λάϐωσιν.
3066 1291 3085 1323 ι
3119 1267 3287 1325 Αὖται
3318 1270 3413 1325 τοῦ
3446 1272 3711 1343 τυράννου
3738 1289 3852 1342 φω-

2251 1375 2362 1438 ναὶ,
2387 1371 2496 1425 οὐδ’
2525 1370 2644 1423 ὅλον
2678 1369 2923 1421 ἐνιαυτὸν
2953 1365 3060 1420 τῶν
3092 1363 3233 1418 κατὰ
3264 1364 3608 1435 Χριστιανῶν
3636 1367 3694 1418 ἐν
3721 1367 3852 1435 στή-

2251 1466 2370 1528 λαις
2400 1462 2833 1531 ἀνατεθειμένων
2868 1458 3015 1529 αὐτῷ
3045 1456 3431 1526 διαταγμάτων
3473 1456 3849 1530 ὐστερίσασαι.

2251 1555 2364 1608 Καὶ
2394 1554 2523 1623 παρ’
2556 1545 2601 1618 ᾧ
2636 1568 2701 1620 γε
2745 1548 2925 1621 μικρῴ
2973 1547 3208 1619 πρόσθεν
3242 1545 3522 1615 δυσσεϐεῖς
3559 1544 3853 1618 ἐδοκοῦμεν

2253 1647 2351 1700 καὶ
2377 1643 2527 1699 ἄθεοι
2558 1645 2653 1697 καὶ
2682 1643 2884 1706 παντὸς
2918 1641 3129 1711 ὄλεθροι
3157 1640 3252 1694 τοῦ
3280 1639 3418 1710 βίου,
3447 1638 3523 1700 ὡς
3557 1637 3632 1709 μὴ
3666 1639 3750 1691 ὅτι
3786 1654 3852 1707 γε

2257 1738 2434 1801 πόλιν,
2458 1735 2572 1789 ἀλλ’
2597 1734 2718 1788 οὐδέ
2749 1732 2932 1805 χώραν
2957 1734 3066 1787 οὐδ’
3095 1732 3332 1807 ἐρημίαν
3363 1733 3529 1784 οίκεῖν
3562 1730 3855 1801 ἐπιτρέπει

572 1838 788 1886 modum
814 1831 1175 1912 sustinebant,
1215 1832 1377 1885 iidem
1410 1846 1555 1884 nunc
1592 1838 1648 1883 et
1700 1829 2023 1898 religionem
2055 1843 2153 1882 co—

2270 1832 2408 1891 seat,
2431 1830 2583 1901 παρὰ
2609 1827 2782 1897 τούτῳ
2806 1827 3078 1891 διατάξεις
3108 1828 3248 1898 ὑπὲρ
3271 1823 3613 1896 Χριστιανῶν
3642 1825 3737 1877 καὶ
3764 1842 3850 1878 νο·

595 1918 703 1971 Iere
732 1916 1013 1980 dicuntur,
1046 1923 1099 1970 et
1131 1914 1443 1973 instaurare
1484 1916 1768 1973 Dominica
1815 1932 1914 1975 sua
1966 1916 2163 1972 sinun-

593 2016 684 2060 tur
711 2026 723 2061 :
757 2008 891 2076 quin
913 2014 967 2060 et
994 2005 1119 2076 jura
1144 2008 1391 2077 quaedam
1418 2009 1554 2078 ipsis
1584 2017 1891 2079 competere
1913 2009 2055 2063 idem
2082 2016 2166 2077 ty-

593 2111 805 2152 rannus
851 2105 1087 2152 testatur
1136 2098 1462 2170 fateturque.
1514 2100 1640 2157 Hac
1692 2103 1859 2172 igitur
1903 2118 2029 2158 cum
2077 2101 2169 2157 ille

592 2187 882 2245 confessus
918 2187 1135 2255 fuisset,
1171 2190 1330 2259 quasi
1360 2192 1593 2261 quodam
1617 2202 1843 2263 accepto
1862 2193 2163 2255 beneﬁcio;

593 2280 664 2334 ob
713 2295 831 2334 eam
882 2280 1057 2350 ipsam
1110 2296 1336 2336 causam
1387 2284 1604 2339 mitiore
1654 2299 1818 2354 quam
1858 2285 2169 2339 merebatur

592 2384 755 2439 paena
793 2371 1042 2434 aﬂ‘ectus,
1083 2375 1365 2441 repentina
1400 2389 1430 2427 a
1466 2375 1573 2430 Deo
1602 2390 1900 2444 percussus
1927 2376 2083 2446 plaga
2112 2376 2169 2430 in

594 2462 838 2517 secundo
884 2464 1070 2533 praelio
1117 2474 1347 2519 mortem
1382 2467 1628 2535 oppetiit.
1672 2465 1842 2521 Porro
1883 2482 1993 2521 non
2042 2468 2169 2523 talis

592 2554 776 2607 exitus
803 2553 928 2608 vitae
956 2555 1003 2609 ei
1042 2557 1290 2626 contigit,
1321 2558 1501 2626 qualis
1533 2558 1768 2615 ducibus
1798 2566 1962 2629 atque
1995 2561 2163 2629 impe-

593 2646 869 2701 ratoribus
904 2647 1223 2716 contingere
1264 2648 1423 2712 solet,
1483 2650 1578 2719 qui
1620 2664 1720 2719 pro
1758 2651 1931 2720 gloria
1972 2657 2027 2705 et
2070 2665 2171 2720 pro

596 2737 744 2791 notis
770 2752 835 2792 ac
863 2736 1228 2793 familiaribus
1268 2738 1482 2794 fortiter
1516 2740 1843 2796 dimicantes
1876 2740 2168 2811 gloriosam

596 2837 829 2884 mortem
878 2830 1152 2885 consmnti
1201 2832 1382 2885 animo
1434 2833 1737 2886 subierunt.
1784 2832 1985 2888 Verum
2042 2848 2168 2888 cum

599 2920 876 2975 exercitus
900 2921 1076 2990 ipsius
1106 2922 1349 2991 aciejam
1381 2924 1648 2976 instructa
1680 2930 1851 2977 staret
1877 2924 1931 2977 in
1955 2939 2167 2994 campo,

597 3007 716 3078 ipse
751 3010 896 3064 domi
935 3010 1132 3067 sedens
1170 3026 1234 3067 ac
1276 3028 1396 3068 sese
1433 3016 1741 3077 occultans,
1775 3013 1959 3068 subito
1984 3023 2172 3084 utpote

596 3101 796 3170 impius
820 3100 1022 3171 Deique
1051 3102 1226 3158 hostis
1249 3104 1451 3159 inflicta
1480 3106 1699 3160 coalitus
1726 3104 1883 3175 plaga
1914 3114 2028 3161 toto
2052 3121 2168 3160 cor-

598 3210 730 3264 pore
769 3210 1086 3264 percussus,
1138 3196 1346 3252 debitas
1396 3213 1587 3267 poenas
1630 3198 1909 3268 persolvit.
1957 3196 2170 3268 Quippe

595 3287 934 3356 gravissimis
962 3287 1242 3341 doloribus
1277 3291 1672 3360 tormentisque
1690 3290 2014 3360 exagitatus,
2041 3305 2169 3359 pro-

595 3391 702 3431 nus
726 3376 875 3430 humi
898 3377 1283 3445 volutabatur;
1319 3380 1498 3433 inedia
1530 3380 1923 3435 contabescens
1944 3397 1959 3446 ;
1984 3380 2169 3434 carni-

594 3467 699 3523 bus
732 3470 945 3523 occulto
973 3468 1210 3539 quodam
1249 3480 1302 3524 ct
1335 3470 1596 3526 divinitus
1622 3470 1869 3526 immisso
1896 3468 2020 3539 igne
2047 3471 2162 3523 col-

591 3556 1031 3626 liquescentibus.
1099 3564 1253 3618 Adeo
1321 3574 1382 3617 ut
1432 3581 1554 3620 cum
1618 3565 1724 3620 illa:
1783 3564 1895 3634 jam
1960 3567 2176 3636 penitus

594 3646 979 3716 diﬂluxissent,
1010 3654 1258 3722 pristina:
1299 3658 1518 3724 quidem
1543 3657 1730 3712 formae
1759 3658 1969 3728 species
1998 3660 2177 3714 omnis

593 3743 648 3796 in
684 3743 776 3796 illo
801 3744 1151 3817 aboleretur;
1202 3748 1477 3803 aridorum
1512 3758 1692 3803 autem
1743 3752 1948 3807 ossium
1998 3755 2175 3824 quod-

593 3835 721 3886 dam
752 3838 902 3903 quasi
938 3839 1288 3894 simulacrum
1311 3840 1471 3911 longo
1504 3843 1765 3911 temporis
1801 3854 1973 3898 tractu
1998 3844 2179 3900 exsic-

594 3936 776 3980 catum
808 3929 1071 3983 duntaxat
1101 3943 1429 3988 remaneret.
1465 3936 1653 4003 Itaque
1685 3952 1876 3992 omnes
1919 3939 2009 4006 qui
2050 3939 2180 3993 ade-

597 4027 741 4082 rant,
763 4032 960 4088 corpus
988 4020 1129 4075 illius
1161 4021 1297 4075 nihil
1331 4021 1475 4076 aliud
1502 4036 1621 4077 esse
1644 4024 1983 4093 judicabant,
2015 4041 2177 4094 quam

594 4109 900 4177 sepulcrum
942 4112 1155 4176 animae,
1191 4113 1246 4167 in
1277 4124 1490 4169 mortuo
1524 4116 1635 4183 jam
1673 4131 1738 4170 ac
1760 4115 2034 4171 tabefacto
2060 4132 2183 4171 cor-

597 4218 730 4272 pore
753 4202 999 4259 defosszc.
1028 4205 1194 4277 366
1220 4204 1466 4276 Cumque
1508 4209 1690 4262 acrius
1721 4209 1899 4262 adhuc
1928 4218 1984 4261 et
2013 4210 2182 4263 vehe-

596 4293 836 4347 mentius
867 4294 935 4348 ab
978 4295 1187 4349 intimis
1223 4310 1394 4363 usque
1429 4296 1673 4350 medullis
1704 4312 1827 4350 eum
1881 4296 2182 4351 inﬂamma-

599 4386 674 4439 tio
704 4394 953 4453 torreret,
1015 4386 1157 4442 oculi
1206 4388 1421 4455 quidem
1478 4389 1577 4459 ipsi
1618 4389 1957 4454 exsilierunt,
2007 4402 2063 4444 et
2113 4406 2180 4446 ex

597 4477 831 4547 propriis
886 4479 1110 4535 sedibus
1167 4478 1361 4546 avulsi,
1412 4494 1616 4536 caecum
1666 4496 1791 4535 cum
1818 4481 2174 4550 reliquerunt.

2277 1909 2525 1983 μοθεσίαι
2562 1911 2961 1972 συνετάττοντο,
2993 1909 3089 1962 καὶ
3116 1910 3166 1961 οἱ
3198 1907 3303 1976 πρὸ
3335 1908 3566 1979 βραχέος
3594 1911 3725 1981 πυρὶ
3751 1908 3846 1964 καὶ

2274 2001 2496 2071 σιδήρῳ,
2547 1999 2751 2071 θηρίων
2788 2016 2847 2052 τε
2877 2000 2971 2052 καὶ
3008 1997 3211 2052 οἰωνῶν
3249 1998 3381 2070 βορᾷ
3415 1999 3520 2070 πρὸ
3553 1999 3846 2070 ὀφθαλμῶν

2271 2091 2437 2146 αὐτοῦ
2473 2090 2566 2145 τοῦ
2608 2092 2873 2158 τυράννου
2917 2092 3372 2163 διαφθειρόμενοι,
3418 2092 3514 2145 καὶ
3558 2095 3666 2146 πᾶν
3705 2089 3845 2157 εἶδος

2273 2182 2547 2245 κολάσεως
2582 2181 2679 2234 καὶ
2715 2182 3004 2251 τιμωρίας,
3037 2182 3355 2251 ἀπαλλαγῆς
3383 2200 3441 2235 τε
3478 2181 3595 2252 βίου
3632 2184 3847 2254 οίκτρό-

2272 2288 2430 2335 τατα,
2453 2271 2527 2334 ὡς
2557 2271 2624 2324 ἂν
2645 2270 2792 2324 ἄθεοι
2820 2271 2915 2323 καὶ
2946 2272 3246 2335 δυσσεϐεῖς,
3282 2274 3665 2343 ὑπομένοντες,
3699 2270 3845 2327 οὗτοι

2272 2367 2366 2421 νῦν
2410 2365 2546 2438 πρὸς
2592 2366 2758 2420 αὐτοῦ
2796 2369 2889 2420 καὶ
2932 2368 3255 2438 θρησκεύειν
3293 2368 3677 2438 ὁμολογοῦνται
3715 2369 3848 2440 θρη-

2275 2459 2482 2524 σκείαν,
2514 2459 2608 2511 καὶ
2638 2457 3022 2522 ἐπισκευάζειν
3051 2459 3304 2530 Κυριακά
3326 2457 3730 2529 ὲπιτρέπονται,
3753 2459 3848 2512 καὶ

2272 2550 2495 2603 δικαίων
2513 2550 2673 2602 τινῶν
2696 2552 2880 2614 αὐτοῖς
2906 2552 3167 2621 μετεῖναι,
3191 2551 3352 2615 αὐτὸς
3376 2554 3403 2605 ὁ
3425 2549 3682 2621 τύραννος
3707 2568 3846 2622 μαρ-

2272 2646 2427 2713 τυρεῖ
2464 2643 2560 2696 καὶ
2592 2642 2862 2713 ὁμολογεῖ.
2904 2644 3015 2696 Καὶ
3038 2643 3101 2715 δὴ
3126 2643 3351 2697 τοιαῦτα
3379 2642 3848 2714 ἐξομολογησάμε-

2272 2751 2382 2800 νος,
2406 2734 2595 2806 ῶσπερ
2624 2735 2769 2797 τινὸς
2798 2734 2975 2805 τυχὼν
2997 2737 3335 2806 εὐεργεσίας,
3359 2736 3561 2789 τούτων
3583 2737 3648 2807 δὴ
3669 2736 3851 2789 αὐτῶν

2274 2827 2457 2888 ἕνεκα,
2502 2821 2665 2897 ἦττον
2702 2827 2735 2899 ἢ
2783 2827 2974 2880 παθεῖν
3014 2828 3177 2881 αὐτὸν
3218 2828 3385 2899 ἐχρῆν
3424 2828 3597 2898 δήπου
3637 2829 3848 2891 παθὼν,

2274 2917 2448 2989 ἀθρόᾳ
2481 2918 2617 2971 Θεοῦ
2649 2919 2878 2989 πληγεὶς
2918 2919 3163 2989 μάστιγι,
3201 2921 3258 2973 ὲν
3290 2919 3517 2991 δευτέρα
3548 2919 3643 2973 τοῦ
3688 2919 3849 2972 πολέο

2280 3027 2379 3081 μου
2415 3010 2657 3083 συμϐολῇ
2694 3011 3083 3083 καταστρέφει.
3128 3012 3342 3065 Γίνεται
3379 3012 3423 3065 δ’
3456 3011 3607 3083 αὐτῷ
3642 3011 3713 3065 τὰ
3749 3011 3851 3080 τῆς

2276 3103 2660 3173 καταστροφῆς
2689 3103 2788 3173 οὐχ
2824 3098 2911 3156 οἷα
2952 3107 3274 3175 στρατηγοῖς
3312 3104 3684 3175 πολεμάρχαις
3713 3103 3849 3174 (76),

2278 3194 2419 3265 ὑπὲρ
2458 3195 2659 3266 ἀρετῆς
2697 3196 2792 3248 καὶ
2832 3195 3122 3266 γνωρίμων
3158 3195 3411 3259 πολλάκις
3448 3196 3852 3267 ἀνδριζομένοις

2274 3286 2334 3338 ἐν
2368 3285 2613 3358 πολέμῳ,
2635 3286 2732 3357 τὴν
2752 3286 2947 3358 εὐκλεῆ
2973 3287 3224 3359 τελευτὴν
3255 3288 3534 3359 εὐθαρσῶς
3562 3280 3852 3357 ὑπομεῖναι

2277 3377 2495 3449 συνέϐη,
2519 3377 2652 3431 ἀλλὰ
2681 3377 2790 3449 γὰρ
2818 3378 2911 3432 ἆτε
2933 3395 3016 3443 τις
3040 3378 3305 3450 δυσσεϐὴς
3329 3381 3422 3432 καὶ
3447 3380 3733 3451 θεομάχος,
3752 3381 3852 3450 τῆς

2272 3468 2628 3542 παρατάξεως
2653 3469 2727 3522 ἔτ’
2759 3469 2908 3539 αὐτῷ
2942 3470 3048 3541 πρὸ
3084 3470 3176 3523 τοῦ
3230 3472 3411 3524 πεδίου
3436 3471 3543 3541 (77)
3581 3474 3853 3525 συνεστῶ-

2278 3590 2398 3644 σης,
2415 3572 2554 3626 οῖκοι
2584 3571 2758 3643 μένων
2783 3569 2945 3633 αὐτὸς
2966 3569 3059 3623 καὶ
3084 3567 3553 3639 κρυπταζόμενος,
3584 3565 3679 3637 τὴν
3705 3579 3851 3638 προσ

2276 3667 2513 3737 ήκουσαν
2559 3664 2829 3735 τιμωρίαν
2862 3662 3076 3732 ὑπέχει,
3122 3660 3296 3733 ἀθρόα
3318 3658 3453 3713 Θεοῦ
3485 3659 3715 3729 πληγεὶς
3748 3652 3873 3712 καθ’

2277 3758 2401 3810 ὅλου
2431 3755 2524 3808 τοῦ
2576 3754 2828 3826 σώματος
2858 3754 3115 3824 μάστιγι,
3145 3751 3222 3815 ὼς
3262 3752 3518 3822 ἀλγηδόσι
3550 3751 3751 3814 δειναῖς
3779 3748 3875 3802 καὶ

2281 3847 2665 3920 περιωδυνίαις
2711 3845 3101 3915 ἐλαυνόμενον,
3149 3845 3332 3916 πρηνῆ
3370 3845 3700 3898 καταπεσεῖν
3727 3840 3875 3912 λιμῷ

2281 3940 2657 4012 φθειρόμενον,
2675 3955 2775 4002 τας
2796 3957 2856 3992 τε
2881 3939 3089 4008 σάρκας
3113 3938 3239 4001 ὅλας
3270 3938 3488 4009 ἀοράτῳ
3514 3937 3608 3989 καὶ
3628 3935 3876 4005 θεηλάτῳ

2280 4029 2415 4101 πυρὶ
2443 4028 2743 4099 τηκόμενον
2766 4026 3188 4099 διαρῤευσάσας,
3224 4025 3301 4089 ὡς
3339 4025 3401 4077 τὸ
3442 4025 3539 4095 μὲν
3582 4025 3691 4076 πᾶν
3732 4018 3873 4085 εἶδος

2279 4122 2378 4192 τῆς
2408 4119 2641 4183 παλαιᾶς
2664 4118 2879 4191 μορφῆς
2904 4117 3293 4188 ἀφανισθῆναι,
3325 4116 3504 4188 ξηρῶν
3526 4116 3572 4169 δ’
3597 4112 3747 4186 αὐτῷ
3772 4114 3875 4184 μό-

2280 4230 2369 4266 νον
2392 4211 2594 4265 ὀστέων
2628 4205 2738 4263 οἷόν
2769 4228 2821 4263 τι
2862 4209 3061 4281 μακρῷ
3094 4204 3274 4281 χρόνῳ
3316 4206 3876 4277 κατεσκελετευμένον

2282 4302 2499 4356 εἴδωλον
2522 4301 2916 4371 ὑπολειφθῆναι
2934 4316 2947 4331 ⁸
2982 4294 3059 4365 ὡς
3088 4301 3209 4373 μηδ’
3236 4300 3364 4354 ἄλλο
3383 4316 3435 4353 τι
3469 4297 3710 4370 νομίζειν
3745 4296 3877 4361 τοὺς

2283 4392 2579 4464 παρόντας,
2604 4390 2637 4462 ἢ
2661 4389 2828 4460 τάφον
2848 4386 2997 4460 αὐτῷ
3023 4389 3123 4458 τῆς
3154 4391 3331 4461 ψυχῆς
3363 4390 3646 4458 γεγονέναι
3675 4389 3735 4441 τὸ
3766 4385 3874 4439 σῶ-

2287 4500 2384 4553 μα,
2413 4483 2469 4536 ἐν
2495 4481 2596 4552 ἤδη
2649 4478 2827 4551 νεκρῷ
2858 4480 2950 4531 καὶ
2991 4478 3267 4542 παντελῶς
3306 4478 3708 4551 ἀπορῤεύσαντι
3745 4494 3880 4531 κατι

597 4567 846 4625 Posthac
878 4570 1232 4626 nihilominus
1273 4572 1451 4627 adhuc
1479 4574 1732 4642 spirans;
1800 4548 1966 4627 multa
2016 4589 2164 4643 spon-

2285 4548 2697 4651 ορωρυγμένης.
2731 4548 3095 4650 Σφοδρότερον
3129 4576 3173 4630 δ’
3202 4576 3282 4629 ἔτι
3315 4548 3513 4647 μᾶλλον
3539 4576 3636 4648 τῆς
3668 4574 3879 4646 θέρμης

598 4657 734 4713 dens
756 4657 1008 4726 Domino,
1054 4670 1284 4716 mortem
1332 4661 1649 4717 advocabat.
1709 4659 2058 4733 Tandemque
2109 4665 2180 4720 ob

599 4754 957 4809 contumelias
1028 4754 1227 4823 quibus
1292 4752 1568 4810 Christum
1622 4752 1930 4822 affecisset,
1983 4757 2182 4813 merito

673 4934 787 5007 (75l
811 4939 913 5005 Εἰς
935 4936 1197 5007 χάρισμα
1218 4938 1472 4994 δέδοται.
1502 4938 1637 4993 Data
1665 4939 1735 4994 ab
1758 4940 2183 5009 imperatoribus

603 5006 864 5076 intelligo.
900 5006 1161 5063 Solebant
1188 5014 1332 5063 enim
1384 5013 1777 5077 imperatores,
1806 5006 2008 5079 praedia
2060 5023 2183 5079 quas

605 5079 739 5130 tisco
768 5079 1038 5147 applicata
1070 5080 1286 5134 fuerant
1330 5082 1644 5148 petentibus
1669 5083 1895 5135 donare.
1936 5080 2072 5136 Vide
2114 5081 2183 5135 ti-

607 5147 774 5218 tulmn
810 5149 864 5201 in
912 5149 1105 5218 codice
1134 5150 1209 5204 De
1238 5147 1600 5218 petitionibus.

677 5215 1248 5289 (Ἰϐληολεμάρχαιςξ
1284 5219 1375 5275 Sic
1425 5220 1479 5273 in
1535 5220 1697 5275 codd.
1745 5217 1912 5289 Regio
1954 5218 2091 5274 Fuk.
2124 5227 2179 5272 et

604 5285 883 5343 Mazarino
914 5285 1133 5358 legitur,
1156 5297 1323 5354 recte,
1358 5292 1410 5344 ni
1443 5289 1618 5343 fallor.
1647 5291 1741 5345 Est
1781 5285 1926 5343 eriint
1967 5292 2178 5359 epithe—

606 5367 717 5409 tutn
770 5359 920 5412 vocis
971 5358 1327 5426 prtecedentis
1387 5375 1450 5413 στ
1535 5363 1731 5429 νηγοῖς.
1804 5361 1957 5430 Vulg.
2004 5358 2181 5413 ίπολε-

606 5427 857 5484 μάργοις.
890 5428 1056 5481 Paulo
1087 5441 1207 5484 post
1237 5445 1305 5484 ex
1331 5376 1665 5484 cudmed.
1699 5443 1754 5484 et
1790 5430 1928 5484 Μαι.
1956 5433 2175 5484 scribe:

605 5428 857 5500 μάργοις.
890 5428 1056 5511 Paulo
1087 5441 1207 5497 post
1237 5445 1305 5484 ex
1331 5428 1491 5512 codd.
1521 5428 1665 5485 Med.
1699 5443 1754 5485 et
1790 5428 1928 5512 Man.
1956 5433 2175 5512 scribe:

604 5496 1316 5622 ἒτίῗῗῂἑξέᾗιὲνδριζομένοις.
1354 5500 1513 5556 Prior
1541 5516 1642 5555 vox
1670 5503 1824 5556 deest
1850 5517 1905 5555 In
1942 5500 2179 5569 vulgatis

602 5580 951 5623 coitionibus.

675 5638 789 5713 (Ti)
827 5640 943 5693 Ἔτ’
968 5637 1130 5705 αὐτῷ
1151 5639 1266 5708 πρὸ
1298 5639 1408 5694 τοῦ
1436 5639 1668 5696 πεδίου.
1703 5640 2003 5713 improprie
2033 5640 2191 5713 locu:

605 5718 692 5762 tus
722 5711 973 5776 videtur,
1007 5726 1106 5778 pro
1152 5727 1250 5773 eo,
1311 5715 1453 5773 quod
1527 5713 1616 5765 alii
1670 5710 1915 5767 dicerent
1961 5711 2056 5764 ἐπὶ
2093 5710 2187 5764 τοῦ

607 5778 810 5834 πεδίου.
842 5779 931 5835 Sit:
958 5781 1087 5836 alibi
1118 5782 1252 5836 dixit
1290 5780 1395 5851 πρὸ
1443 5781 1536 5836 τοῦ
1566 5781 1939 5854 δικαστηρίου,
1982 5793 2034 5837 et
2080 5782 2188 5855 πρὸ

2288 4670 2450 4724 αὐτὸν
2484 4671 2549 4723 ἐκ
2580 4666 2776 4738 βάθους
2824 4667 3032 4739 μυελῶν
3059 4665 3530 4738 καταφλεγούσης,
3559 4664 3879 4738 προπηδῶσι

2293 4761 2393 4833 μὲν
2418 4760 2569 4832 αὐτῷ
2594 4761 2662 4814 τά
2690 4760 2915 4832 ὄμματα
2942 4759 3076 4831 (78),
3110 4760 3327 4830 καὶτῆς
3353 4759 3489 4823 ἰδίας
3512 4758 3717 4832 λήξεως
3741 4757 3880 4810 ἀπο-

2287 4940 2384 4994 τοῦ
2433 4940 2712 5026 ,βῆματοφ
2777 4940 2886 4997 Sed
2955 4950 3012 4996 et
3065 4940 3127 4994 τὸ
3185 4940 3308 5005 ἔτι,
3366 4939 3580 4994 videtur
3641 4939 3881 5011 positum

2290 5013 2932 5151 ρὛἹέλῖηῘΙροπηδῶσιν
2945 5080 3106 5147 αὐτῷ
3128 5080 3200 5134 τὰ
3225 5080 3473 5149 ὄμματα.
3517 5077 3881 5151 ldem_testa-

2294 5148 2381 5207 tur
2420 5148 2871 5223 (ΙιιιογὲοςιιοιιιιιεΔ
2906 5153 2958 5204 in
2995 5148 3374 5223 orationeque
3426 5159 3621 5223 sancto
3671 5148 3879 5223 Babyla

2289 5233 2480 5275 contra
2506 5218 2735 5291 gentiles
2761 5240 2774 5275 :
2803 5221 2916 5274 τῶν
2952 5220 3051 5291 μὲν
3082 5221 3191 5292 γὰρ
3216 5219 3385 5275 πάλαι
3421 5218 3879 5290 βασιλευσάντων,

2289 5292 2329 5345 οἳ
2360 5291 2429 5344 τὰ
2459 5293 2683 5363 τοιαῦτα
2709 5290 3077 5363 τολμήσαντες
3097 5330 3123 5363 ,ν
3147 5291 3285 5363 μετὰ
3312 5291 3513 5363 πολλάς
3539 5292 3648 5363 καὶΔ
3666 5291 3878 5358 ἀφορή-

2279 5309 2329 5345 ut
2360 5309 2429 5344 τα
2459 5309 2683 5345 τοιαῦτα
2709 5309 3077 5363 τολμησαντες
3097 5330 3111 5352 ,
3147 5309 3285 5361 μετα
3312 5309 3513 5355 ποΛΛας
3539 5309 3633 5343 και
3666 5309 3878 5358 αφορη-

2280 5378 2408 5461 ξρυς
2440 5362 2746 5450 συμφορὰς,
2780 5361 3020 5461 αίρχριές
3050 5362 3142 5461 καὶ
3174 5361 3550 5461 ἐλεεένῶςητδν
3596 5360 3709 5448 βίον
3741 5375 3879 5446 κατι

2281 5433 2478 5485 έλυσαν
2498 5431 2520 5461 ’ί
2550 5431 2638 5495 ὡς
2657 5432 2750 5485 τοῦ
2790 5431 3033 5503 pstea;
3081 5431 3249 5513 κόρας
3288 5431 3368 5484 ἐτι
3400 5432 3603 5497 ζῶντος
3635 5431 3768 5483 αὐτο
3815 5431 3882 5483 ά-

2283 5519 2392 5565 τως
2421 5503 2728 5573 ἐκπηδῆσαι
2758 5504 2866 5557 τῶν
2906 5501 3225 5572 ὀφθαλμίαν,
3255 5502 3561 5569 Μαξιμῖνος
3586 5496 3740 5563 οὗτος
3769 5448 3839 5573 ἓν
3859 5517 3877 5532 ·

2293 5573 2384 5625 τὸν
2430 5572 2486 5625 δὲ
2529 5573 2766 5625 μανέντα
2790 5590 2802 5603 ο
2856 5572 2949 5624 τὸν
2994 5572 3050 5623 δὲ
3089 5571 3221 5625 ἄλλη
3266 5572 3487 5625 τοιαύτη
3529 5571 3882 5625 γοησάιιενον

2293 5590 2384 5625 τον
2430 5590 2486 5626 οε

2529 5571 2766 5652 μανέντα
2790 5590 2802 5603 ³
2856 5572 2949 5652 τὸν
2969 5572 3050 5652 ,δὲ
3089 5571 3223 5652 ἄλλῃ
3246 5572 3488 5652 ,τοιαύτῃ
3529 5571 3885 5652 χρησάμενον

2297 5641 2572 5715 συμφορᾷ.
2607 5661 2625 5694 ι
2656 5641 3015 5715 Exantiquis
3064 5641 3220 5696 enini‘
3245 5641 3669 5715 imperatoribus
3698 5641 3733 5695 ii
3782 5642 3876 5711 qui

2295 5713 2492 5767 similia
2529 5713 2665 5766 ausi
2724 5713 2834 5766 sint
2881 5722 3217 5779 perpetrare,
3267 5722 3389 5781 post
3432 5713 3631 5764 multas
3675 5728 3880 5782 easque

2298 5783 2670 5841 intolerabiles
2696 5782 3038 5840 calamitates
3065 5824 3078 5851 ,
3109 5783 3253 5838 [σεύο
3297 5798 3363 5839 ac
3404 5783 3701 5838 miserabili
3727 5784 3877 5839 exitu
