4220 6388
398 342 501 396 837

1391 333 1744 390 IIISTOBUE.
1782 333 2345 390 ECCLESIASTICAE
2388 334 2520 390 LIB.
2563 333 2652 391 IX.

3570 329 3675 386 838

400 459 655 522 πεσόντα,
696 458 874 529 πηρὸν
902 457 1063 511 αὑτὸν
1092 457 1334 528 ἀφίησιν.
1374 458 1433 509 '0
1461 458 1507 510 δ’
1543 457 1634 509 ἐπὶ
1663 455 1872 518 τούτοις
1909 455 1989 509 ἔτι

2102 458 2209 511 haee
2276 474 2333 511 se
2411 458 2617 525 perpeti
2671 455 3020 519 ,confessus,
3084 453 3323 507 animam
3382 450 3673 506 exhalavit.

402 550 673 621 ἐμπνέων,
698 551 1231 621 ἀνθομολογούμενος
1257 549 1337 619 τῷ
1370 549 1580 619 Κυρίῳ,
1631 548 1859 602 θάνατον
1908 550 2001 601 ἐπ-

401 640 667 703 εκαλεῖτο,
699 642 880 696 καὶτὸ
923 640 1281 706 πανύστατον,
1315 640 1538 703 ἐνδίκως
1563 638 1736 692 ταῦτα
1763 638 1862 709 τῆς
1885 638 2026 692 κατά
2056 641 2150 695 τοῦ
2182 639 2416 713 Χριστοῦ
2443 639 2728 712 παροινίας
2766 637 2925 709 χάριν
2979 634 3317 707 ὁμολογήσας
3342 632 3554 698 παθεῖν,
3579 642 3675 703 την

401 732 580 803 ψυχὴν
608 733 859 801 ἀφιησιν.

927 822 1326 876 ΚΕΦᾹΛΑΙΟΝ
1360 822 1440 875 IA'
1451 863 1464 876 .

403 913 546 982 Περὶ
576 912 688 981 τῆς
728 910 994 980 ὑστάτης
1028 913 1329 978 ἀπωλείας
1361 911 1483 965 τῶν
1508 910 1620 978 τῆς
1654 911 1999 976 θεοσεϐείας

792 982 1021 1051 ἐχθρῶν
1044 984 1182 1053 (.\ic.
1218 982 1371 1035 (LE.
1413 997 1508 1042 VII.
1535 983 1646 1050 59).

479 1075 637 1130 Οὕτω
665 1076 802 1146 δῆτα
826 1075 1136 1146 Μαξιμίνου
1167 1073 1413 1128 ἐκποδὼν
1445 1074 1764 1146 γενομένου,
1794 1073 1870 1138 ὡς
1902 1074 1999 1145 μό-

407 1185 497 1232 νος
525 1167 605 1221 ἔτι
632 1167 833 1221 λείπων
861 1166 970 1219 τῶν
1002 1165 1102 1236 τῆς
1132 1166 1442 1231 θεοσεϐείας
1474 1166 1707 1237 ἐχθρῶν,
1745 1165 2001 1219 ἁπάντων

409 1260 679 1331 χείριστος
715 1259 1030 1331 ἀναπέφηνε
1055 1298 1070 1322 ,
1119 1259 1187 1313 τὰ
1245 1259 1345 1328 μὲν
1388 1259 1490 1329 τῆς
1533 1258 1641 1312 τῶν
1693 1258 2000 1329 ἐκκλησιῶν

410 1349 760 1415 ἀνανεώσεως
793 1353 860 1405 ὲκ
901 1351 1166 1422 θεμελίων
1195 1351 1376 1422 χάριτι
1408 1350 1542 1403 Θεοῦ
1577 1349 1671 1404 τοῦ
1699 1349 2003 1419 παντοκρά-

410 1456 568 1511 τορος
613 1439 886 1512 ἠγείρετο,
930 1442 959 1494 ὅ
1006 1458 1065 1493 τε
1094 1439 1333 1512 Χριστοῦ
1369 1440 1525 1509 λόγος
1572 1442 1655 1503 είς
1708 1439 1865 1504 δόξαν
1905 1437 2000 1494 τοῦ

412 1529 518 1582 τῶν
545 1529 681 1583 ὅλων
703 1529 838 1583 Θεοῦ
868 1530 1210 1601 διαλάμπων,
1242 1531 1462 1601 μείζονα
1498 1530 1597 1599 τὴν
1640 1530 1877 1601 πρόσθεν
1905 1532 2005 1585 ἀπ-

417 1620 693 1691 ελάμϐανε
724 1622 1059 1693 παρρησίαν,
1088 1619 1158 1673 τὰ
1195 1621 1252 1674 δὲ
1293 1622 1391 1693 τῆς
1420 1620 1735 1684 δυσσεϐείας
1762 1622 1870 1675 τῶν
1902 1623 2003 1691 τῆς

414 1710 721 1776 θεοσεϐείας
769 1713 977 1787 ἐχθρῶν
1031 1713 1294 1784 αἰσχύνης
1344 1712 1438 1766 καὶ
1488 1713 1716 1782 ἀτιμίας
1765 1714 2003 1784 ἐσχάτης

413 1805 806 1875 ἐνεπίμπλατο.
860 1805 1084 1877 Πρῶτός
1128 1824 1188 1859 τε
1229 1806 1339 1878 γὰρ
1372 1805 1536 1866 αὐτὸς
1580 1807 1788 1869 ἐκεῖνος
1823 1805 2002 1871 Μαξι-

418 1899 590 1965 μῖνος,
616 1896 871 1950 ἁπάντων
895 1896 1300 1968 πολεμιώτατος
1324 1896 1435 1968 (79)
1471 1895 1579 1949 ὑπὸ
1599 1896 1710 1949 τῶν
1738 1897 2003 1969 κρατούν-

2727 812 2952 869 CAPUT
2976 810 3067 865 XI.

2212 931 2287 986 De
2311 933 2496 985 ultimo
2517 930 2674 983 exitio
2702 927 2927 981 hostium
2947 924 3267 979 Christianae
3285 922 3572 993 religionis.

2164 1062 2231 1122 In
2264 1069 2409 1122 hunc
2431 1065 2599 1135 igitur
2625 1064 2840 1118 modum
2868 1060 3081 1114 sublato
3111 1074 3142 1114 e
3197 1060 3334 1113 vivis
3363 1057 3675 1120 Maximino,

2101 1161 2193 1230 qui
2228 1159 2376 1214 solus
2401 1173 2466 1211 ex
2502 1155 2777 1233 religionis
2805 1152 3050 1207 hostibus
3089 1152 3269 1205 adhuc
3316 1149 3538 1203 relictus
3568 1164 3682 1204 om-

2102 1266 2198 1305 nes
2224 1250 2568 1318 improbitate
2590 1246 2888 1315 superavit,
2918 1243 3274 1298 ecclesiarum
3306 1240 3522 1309 quidem
3546 1241 3679 1295 aedi-

2104 1343 2222 1396 ﬁcia
2257 1339 2642 1411 omnipotentis
2670 1338 2762 1391 Dei
2794 1335 3060 1390 beneﬁcio
3093 1333 3159 1388 ab
3199 1333 3332 1402 ipsis
3354 1331 3680 1385 fundamen-

2105 1434 2173 1487 tis
2209 1443 2463 1485 renovata
2494 1431 2936 1491 exstruebantur,
2981 1425 3292 1494 Christique
3321 1424 3569 1478 doctrina
3610 1421 3680 1475 ad

2102 1523 2327 1595 gloriam
2386 1522 2581 1577 summi
2614 1521 2856 1574 omnium
2908 1519 3004 1589 Dei
3057 1516 3429 1586 reslilendens,
3475 1512 3681 1582 majore

2102 1630 2263 1684 quam
2291 1623 2447 1667 antea
2482 1612 2731 1666 libertate
2759 1608 2863 1663 frui
2899 1607 3087 1677 erepit.
3123 1607 3275 1675 Itnpii
3310 1620 3441 1661 vero
3472 1613 3527 1660 et
3552 1604 3683 1660 reli-

2103 1707 2278 1777 gionis
2334 1707 2541 1771 hostes,
2600 1717 2812 1758 summo
2860 1701 3125 1755 dedecore
3173 1708 3337 1769 atque
3382 1697 3677 1768 ignominia

2103 1800 2498 1854 allieiebantur.
2528 1796 2769 1851 Primum
2797 1796 2939 1850 enim
2967 1794 3296 1848 Maximinus
3345 1793 3481 1862 ipse,
3506 1792 3680 1847 hostis

2104 1893 2351 1961 publicus
2388 1891 2456 1945 ab
2484 1887 2905 1958 imperatoribus
2958 1885 3321 1948 renuntiatus,
3354 1884 3548 1938 edictis
3579 1899 3681 1952 pu-

414 2008 522 2043 των
558 1988 979 2061 ἀναγορευθεὶς,
1022 1988 1447 2051 δυσσεϐέστατος
1476 1988 1573 2042 καὶ
1602 1987 2003 2059 δυσωνυμώτα-

2107 1985 2244 2039 blice
2274 1983 2563 2053 propositis
2586 1981 2939 2050 impiissimus
2968 1994 3032 2033 ac
3060 1977 3362 2033 detestandi
3420 1977 3680 2041 nominis,

415 2098 506 2144 τος
545 2082 639 2136 καὶ
685 2081 1107 2152 θεομισέστατος
1138 2079 1400 2150 τύραννος
1432 2079 1521 2133 διὰ
1550 2070 2005 2151 προγραμμάτων

415 2168 688 2240 δημοσίων
734 2169 1168 2240 ἀνεστηλίτευτο,
1212 2168 1422 2240 γραφαί
1464 2185 1524 2220 τε
1565 2170 1689 2222 ὅσαι
1727 2173 1809 2234 είς
1841 2168 2005 2240 τιμὴν

416 2260 580 2314 αὑτοῦ
626 2259 722 2314 καὶ
761 2260 871 2313 τῶν
902 2259 1066 2313 αὐτοῦ
1098 2259 1303 2313 παίδων
1335 2260 1478 2313 κατὰ
1512 2261 1692 2313 πᾶσαν
1725 2261 2007 2317 ἀνέκειντο

418 2353 594 2417 πόλιν,
627 2355 681 2407 αἱ
716 2352 814 2424 μὲν
845 2351 906 2417 ὲξ
935 2352 1098 2422 ὕψους
1130 2354 1211 2416 είς
1258 2352 1454 2421 ἔδαφος
1497 2352 1855 2424 ῥιπτούμεναι
1888 2371 2007 2407 συν-

418 2445 713 2517 ετρίϐοντο,
751 2445 808 2498 αί
836 2445 889 2498 δὲ
920 2443 1017 2507 τὰς
1058 2443 1351 2517 προσόψεις
1377 2443 1710 2515 ἡχρειοῦντο,
1747 2446 2006 2518 σκοτεινῷ

418 2535 669 2609 χρώματι
718 2534 1291 2607 καταμελανούμεναι,
1327 2536 1658 2606 ἀνδριάντων
1699 2553 1760 2589 τε
1806 2538 2005 2607 ὁμοίως

417 2627 605 2681 ὁπόσοι
634 2627 715 2690 είς
743 2626 843 2697 τὴν
876 2624 1040 2679 αὐτοῦ
1070 2625 1234 2697 τιμὴν
1259 2626 1681 2697 διανεστήκεσαν
1701 2665 1714 2689 ,
1744 2626 2005 2690 ὡσαύτως

422 2719 771 2791 ῥιπτούμενοι
819 2718 1194 2790 συνετρίϐοντο
1215 2759 1230 2784 ,
1287 2719 1463 2788 γέλως
1517 2722 1614 2774 καὶ
1660 2720 1852 2775 παιδιὰ
1894 2722 2005 2783 τοῖς

420 2811 720 2883 ἐνυϐρίζειν
741 2812 833 2865 καὶ
854 2813 1206 2883 ὲμπαροινείν
1229 2811 1500 2866 ἐθέλουσιν
1520 2812 1849 2884 ἐκκείμενοι.
1871 2810 2006 2866 Εἶτα

418 2901 475 2955 δὲ
502 2904 597 2956 καὶ
628 2901 735 2955 τῶν
768 2902 941 2956 ἄλλων
985 2901 1083 2973 τῆς
1120 2899 1429 2964 θεοσεϐείας
1475 2901 1684 2972 ἐχθρῶν
1726 2903 1897 2955 πᾶσαι
1947 2902 2004 2954 ai

419 2996 577 3064 τιμαὶ
618 2993 1009 3073 περιῃροῦντο,
1044 2993 1347 3045 ἐκτείνοντο
1390 2992 1447 3046 δὲ
1488 2994 1582 3047 καὶ
1620 2993 1821 3056 πάντες
1859 2994 1907 3046 οί
1936 2991 2005 3045 τὰ

419 3084 725 3157 Μαξιμίνου
752 3084 1097 3157 φρονοῦντες,
1128 3086 1241 3138 ὅσοι
1272 3085 1507 3155 μάλιστα
1526 3085 1633 3139 τῶν
1666 3088 1725 3139 ὲν
1759 3087 2005 3158 ἀρχικοῖς

421 3177 725 3251 ἀξιώμασιν
769 3178 860 3231 ὑπ’
894 3176 1059 3231 αὐτοῦ
1114 3176 1505 3248 τετιμημένοι,
1551 3180 1618 3249 τῇ
1664 3177 1802 3248 πρὸς
1844 3176 2004 3230 αὑτὸν

420 3265 682 3338 κολακείᾳ
706 3266 952 3337 σοϐαρῶς
976 3263 1396 3335 ἐνεπαρῴνησαν
1418 3264 1495 3335 τῷ
1519 3265 1639 3319 καθ’
1664 3268 1811 3337 ἡμᾶς
1838 3266 2002 3336 λόγῳο

2108 2074 2326 2144 Dcoque
2350 2074 2557 2126 invisus
2590 2081 2852 2142 tyrannus
2873 2068 3174 2137 appellatus
3201 2076 3300 2123 est.
3336 2065 3440 2120 Sed
3463 2074 3519 2119 et.
3547 2066 3683 2119 ima-

2108 2167 2258 2235 gines
2280 2181 2398 2233 quae
2429 2164 2528 2234 ipsi
2557 2158 2853 2229 liberisque
2879 2161 3000 2230 ejus
3043 2159 3272 2213 honoris
3293 2172 3458 2211 causa
3494 2155 3683 2225 positae

2106 2271 2203 2323 per
2234 2252 2477 2324 singulas
2503 2266 2671 2322 prope
2706 2251 2869 2305 nrbes
2897 2250 3231 2313 visebantur,
3264 2249 3384 2303 alite
3412 2262 3443 2301 e
3463 2244 3681 2302 sublimi

2106 2349 2328 2415 dejectte
2357 2346 2757 2413 confraetteque
2793 2352 2921 2397 sunt
2949 2361 2964 2409 ;
2994 2343 3112 2397 alia:
3159 2344 3377 2398 inutiles
3432 2341 3680 2405 redditae,

2105 2442 2393 2495 obliterato
2432 2440 2641 2493 scilicet
2696 2438 2870 2507 nigris
2913 2438 3189 2493 coloribus
3250 2436 3423 2489 vultu.
3477 2433 3683 2488 Statua:

2106 2548 2322 2602 quoque
2348 2540 2613 2600 quotquot
2645 2530 2867 2585 honoris
2889 2530 3008 2597 ejus
3035 2544 3198 2584 causa
3217 2535 3412 2581 erecta:
3441 2524 3682 2589 fuerant,

2106 2626 2330 2693 dejectae
2361 2623 2615 2678 similiter
2641 2634 2804 2692 atque
2839 2622 3113 2686 contritte,
3161 2622 3380 2675 cunctis
3433 2619 3524 2688 Qui
3567 2618 3683 2673 illu-

2107 2717 2236 2767 dere
2263 2726 2428 2782 atque
2475 2714 2739 2767 insultare
2788 2713 3114 2775 vnluissent,
3166 2712 3232 2765 ad
3288 2710 3577 2765 ludibrium
3628 2719 3687 2763 et

2107 2805 2488 2858 contumeliam
2520 2805 2779 2873 expositae
2813 2803 2986 2859 luere.
3038 2802 3284 2858 Postlnee
3311 2802 3491 2871 ctcteri
3516 2801 3684 2856 etiam

2108 2894 2595 2964 religionislhostes
2640 2894 2859 2946 cunctis
2890 2893 3196 2946 honoribus
3251 2891 3469 2961 spoliati
3537 2901 3682 2946 sont.

2106 2987 2311 3043 Omnes
2345 2987 2581 3056 denique
2633 2986 2723 3054 qui
2774 3002 2803 3038 a
2834 2985 3113 3039 Maximini
3176 2986 3378 3054 pariter
3438 2984 3687 3053 partibus

2109 3082 2369 3138 stabant;
2407 3080 2495 3147 qtti
2528 3092 2638 3148 prae
2668 3076 2896 3147 reliquis
2936 3080 3340 3146 provinciarum
3380 3076 3686 3131 rectoribus

2109 3175 2179 3227 ab
2209 3186 2275 3225 eo
2306 3170 2438 3223 culti
2468 3179 2521 3223 et
2555 3170 2756 3230 ornati.
2789 3178 2845 3221 ιιι
2869 3168 2917 3223 ei
2943 3177 3379 3232 asseutarentnr,
3423 3169 3686 3223 adversus

2110 3264 2424 3329 religionem
2461 3272 2704 3314 nostram
2742 3260 3035 3315 insolenter
3065 3258 3387 3313 debacchati
3441 3257 3682 3323 fuerant,

420 3350 530 3420 οἷος
554 3352 621 3426 ἦν
658 3356 686 3407 ὁ
728 3356 879 3427 παρὰ
910 3356 1118 3418 πάντας
1148 3353 1296 3425 αύτῷ
1323 3354 1650 3425 τιμιώτατος
1679 3358 1775 3411 καὶ
1802 3357 2003 3410 αίδεσι-

2109 3353 2285 3421 capite
2312 3352 2637 3420 plectuntur.
2664 3350 2739 3403 Ex
2759 3365 2993 3418 quorum
3017 3365 3247 3404 numero
3270 3348 3683 3411 fuitPicentius.

425 3443 691 3515 μώτατος,
733 3444 960 3514 ἑταίρων
1000 3460 1058 3494 τε
1104 3442 1470 3514 γνησιώτατος
1495 3483 1510 3505 ,
1546 3445 1835 3509 Πευκέτιος
1871 3445 2002 3517 (80),

421 3533 714 3596 ὃισύπατος
743 3534 838 3586 καὶ
880 3533 1211 3605 τρισύπατος
1233 3574 1248 3599 ,
1292 3535 1385 3588 καὶ
1420 3534 1526 3588 τῶν
1553 3534 1783 3589 καθόλου
1826 3537 2000 3605 λόγων

423 3625 660 3697 ἔπαρχος
690 3625 799 3697 (81)
831 3625 970 3698 πρὸς
1032 3625 1197 3680 αὐτοῦ
1257 3626 1660 3697 καθεσταμένος
1680 3667 1694 3692 ,
1727 3628 1997 3682 Κουλκια-

422 3813 655 3883 periere.
705 3810 944 3867 Alterius
982 3813 1127 3883 enim
1175 3814 1350 3866 adhuc
1402 3810 1634 3866 viventis
1668 3813 1885 3880 pupilla:
1932 3829 1999 3866 ex

422 3881 594 3939 oculis
618 3883 939 3936 exsiliernnt
978 3899 990 3935 :
1036 3881 1311 3936 Maximini
1340 3884 1588 3937 videlicet
1616 3885 1792 3945 ;alter
1818 3884 2001 3936 l'ttrnre

421 3954 705 4025 percitus;
740 3953 881 4025 alius
910 3953 1334 4025 aliooppressus
1394 3955 1734 4025 incommodo
1768 3966 1995 4025 mortem

420 4021 666 4092 oppetiit.
730 4041 750 4074 ι
811 4021 982 4077 Porro
1025 4021 1325 4092 imperator
1377 4025 1469 4091 qui
1534 4023 1715 4075 l'nrore
1768 4024 2005 4091 percitus

421 4096 579 4156 obiit,
613 4094 974 4147 Diocletianus
1019 4106 1122 4148 est.
1176 4094 1229 4148 Id
1272 4093 1417 4146 enim
1471 4093 1539 4147 de
1590 4093 1681 4145 illo
1736 4103 2006 4147 testantur

424 4163 688 4219 Eusebius
721 4174 776 4216 et
805 4162 1214 4217 Constantinus.
1255 4162 1335 4216 De
1369 4163 1644 4217 Maximini
1681 4176 1860 4216 autem
1895 4180 2004 4216 cte-

422 4237 588 4288 citate
612 4233 777 4285 habes
790 4235 931 4299 apud
955 4235 1313 4300 Epipltanitnn
1334 4234 1385 4286 iti
1409 4234 1548 4287 libro
1575 4232 1649 4285 De
1666 4235 2003 4301 ponderibus.

492 4302 604 4372 ('79)
642 4301 1434 4373 'Aazdrrwf_zo.lsjudrcatoc.
1500 4304 1881 4373 Scribenduut
1927 4306 2007 4355 vi-

422 4374 581 4428 detur
609 4372 886 4442 πολέμιος.
922 4371 1044 4425 Vult
1091 4371 1236 4426 enim
1286 4375 1463 4428 dicere
1512 4373 1795 4438 Eusebius,
1835 4371 2006 4425 Maxi-

423 4444 628 4496 minum
679 4441 889 4496 hostem
941 4446 1215 4512 publicum
1262 4458 1382 4497 esse
1427 4445 1786 4497 declaratum.
1845 4444 1998 4508 Quod

423 4513 739 4567 solemnitcr
771 4514 933 4566 liehat
959 4525 1181 4567 senatus
1216 4515 1491 4575 consulto,
1517 4524 1576 4566 ut
1609 4514 1806 4566 docent
1854 4515 1995 4566 scri-

424 4594 607 4654 ptores
627 4580 877 4654 Historia:
903 4585 1158 4654 Augustae
1183 4585 1363 4638 multis
1388 4584 1440 4636 in
1471 4584 1622 4647 locis,
1641 4593 1697 4636 et
1725 4584 1997 4652 praecipue

423 4650 511 4706 tibi
544 4652 610 4705 de
638 4650 956 4705 Maxitnno.

494 4722 606 4791 (80)
634 4721 973 4788 Πευκέτιος.
1030 4721 1332 4775 Picentium
1383 4723 1517 4776 verti
1565 4738 1582 4779 :
1624 4737 1731 4792 quo
1780 4722 1998 4777 nomine

421 4795 641 4861 quidam
673 4795 772 4844 lttit
801 4793 1164 4845 calmnnialor
1190 4792 1494 4846 Condantii
1529 4795 1863 4861 temporibus
1884 4832 1902 4856 ,
1937 4803 1998 4845 ut.

420 4860 614 4916 scribit
644 4860 893 4914 Zositnus
916 4864 967 4915 iti
994 4863 1098 4915 line
1128 4863 1219 4915 lib.
1250 4878 1307 4916 ιι.
1351 4865 1511 4916 Certe
1537 4860 1715 4916 Latini
1744 4861 1998 4917 Picentes

420 4942 636 4999 vocant,
665 4947 800 4997 quos
825 4929 998 4985 Gra-ci
1031 4933 1372 4997 Πευκετίους.

493 5001 605 5071 (81)
644 5001 767 5056 Τῶν
806 5003 1065 5056 καθόλου
1110 5004 1308 5073 λόγων
1344 5003 1626 5072 ἔπαρχος.
1674 5002 1997 5057 Praefectum

421 5073 681 5145 prtetorior
712 5074 1021 5145 intelligere
1039 5075 1253 5126 videtur
1280 5091 1293 5145 ;
1330 5073 1568 5145 ἔπαρχος
1593 5076 1881 5145 enimnon
1912 5074 1999 5145 di-

422 5146 566 5195 citur
585 5142 685 5195 nisi
705 5143 773 5195 de
789 5142 1055 5210 prtclectis
1079 5144 1353 5209 praetorio,
1375 5142 1629 5196 autnrbi.
1655 5142 1810 5197 Adde
1832 5143 1997 5210 quod,

419 5228 541 5266 ctttn
560 5212 1056 5266 Eusebiusaﬂirtnet
1074 5214 1369 5266 Picentium
1393 5212 1621 5266 suminis
1637 5212 1932 5267 honoribus
1946 5224 2002 5269 et

421 5282 697 5350 geminato
713 5286 1000 5335 consulatu
1027 5290 1275 5336 ornatum
1299 5284 1467 5337 fuisse
1492 5300 1521 5335 ιι
1539 5280 1858 5348 Maximino,
1912 5282 1998 5336 in-

421 5363 603 5422 cptum
633 5362 780 5405 esset
801 5354 998 5417 dicere,
1017 5368 1139 5405 eum
1157 5363 1559 5420 procuratorem
1583 5366 1808 5407 summa:
1832 5352 1908 5406 rei
1934 5353 2002 5407 ab

423 5420 515 5476 illo
531 5420 730 5475 factum
750 5422 941 5488 fuisse,
967 5436 1087 5490 quae
1122 5422 1283 5478 exilis
1308 5423 1598 5492 admodum
1618 5422 1857 5492 dignitas
1876 5423 1998 5477 fuit.

422 5493 527 5547 Sed
564 5502 754 5544 contra
782 5492 924 5546 hanc
958 5494 1283 5546 sententiain
1314 5491 1450 5545 facit
1478 5491 1858 5559 printo,’quod
1892 5492 2002 5545 τῶν

420 5559 650 5617 καθόλου
666 5560 836 5630 λόγων
858 5561 1120 5616 vocabulo
1135 5575 1349 5630 semper
1386 5561 1651 5616 Eusebius
1684 5563 2001 5617 rationalem

420 5647 519 5687 seu
547 5645 951 5700 procuratorem
976 5646 1203 5685 summae
1224 5633 1301 5685 rei
1332 5632 1601 5699 designat,
1625 5641 1684 5685 ut
1714 5647 1875 5701 supra
1907 5649 2005 5687 no-

425 5705 784 5771 taviinusnon
811 5702 998 5756 semel.
1023 5701 1225 5756 Deinde
1276 5702 1561 5768 prtel'cctus
1591 5711 1742 5771 pnct.
1764 5703 2007 5756 Maximi-

422 5774 475 5827 ni
508 5773 606 5825 luit
638 5770 893 5831 Sabinus.
917 5781 1155 5843 utsupra
1178 5773 1410 5828 vidimus
1439 5770 1803 5828 atinoCliristi
1829 5773 1926 5829 511
1950 5785 2005 5829 et

2112 3447 2167 3500 in
2194 3459 2409 3500 summo
2436 3444 2641 3498 honore
2672 3458 2737 3496 ac
2761 3444 3115 3497 veneratione
3136 3443 3205 3497 ab
3236 3443 3423 3496 eodem
3448 3443 3683 3506 habitus,

2108 3548 2159 3591 et
2190 3535 2452 3591 sodalium
2482 3534 2725 3586 omnium
2769 3534 2926 3603 longe
2953 3534 3314 3588 charissituus
3346 3549 3361 3586 :
3397 3547 3555 3603 quem
3596 3533 3687 3587 ille

2109 3630 2307 3684 iterum
2336 3643 2401 3683 ac
2430 3627 2590 3681 tertio
2625 3624 2900 3681 consulem
2942 3635 2995 3681 et
3022 3624 3337 3696 praefectum
3384 3641 3450 3681 ac
3498 3640 3688 3695 procu-

2106 3811 2232 3866 512.
2264 3808 2374 3864 Nec
2405 3822 2532 3859 vero
2556 3806 2795 3876 dignitas
2825 3806 2913 3861 illa
2951 3809 3316 3875 procuratoris
3333 3824 3559 3864 summa!
3580 3812 3683 3876 rei,

2108 3882 2251 3936 inter
2272 3880 2406 3932 viles
2438 3893 2499 3931 ac
2526 3877 2828 3942 pos-tremas
2853 3879 3186 3932 numeranda
3210 3889 3313 3933 est.
3335 3878 3470 3934 Nam
3499 3890 3553 3934 et
3574 3882 3685 3935 Ma-

2105 3953 2349 4013 crianus,
2380 3951 2425 3999 is
2455 3949 2543 4018 qui
2574 3950 2673 4000 sub
2706 3945 2952 4001 Gallieno
2975 3949 3258 4016 imperium
3288 3951 3537 4018 arripuit,
3559 3967 3682 4006 enni

2107 4019 2580 4090 honoremgessit;
2609 4026 2662 4070 et
2687 4018 2949 4090 ljgnsebius
2972 4019 3087 4090 ipse
3112 4021 3163 4073 in
3190 4021 3281 4075 lib.
3308 4035 3419 4084 vm,
3444 4035 3566 4090 cap.
3593 4024 3682 4084 10.

2102 4091 2277 4164 ἀρχὴν
2325 4089 2387 4164 ού
2434 4089 2532 4160 τὴν
2560 4088 2826 4164 τυχιζῦσαν
2857 4089 3113 4157 appellat,
3146 4091 3233 4164 tt_l_ii
3276 4088 3684 4164 tIOAPiliigl‘Oltlo

2104 4158 2342 4231 mai-lyre
2365 4158 2626 4231 loquitur.
2663 4158 2814 4231 Quod
2846 4170 3025 4212 autem
3049 4164 3138 4231 ait
3169 4160 3459 4224 Eusebius,
3486 4160 3685 4231 Picen-

2104 4228 2262 4284 tintn'
2289 4247 2317 4283 ιι
2365 4228 2661 4282 Maximino
2718 4229 2798 4282 bis
2836 4243 2899 4282 ac
2940 4229 3099 4282 tertio
3142 4231 3420 4284 consulem
3475 4229 3679 4286 factum

2103 4304 2290 4365 luisse,
2329 4316 2432 4353 non
2463 4301 2729 4371 modicam
2751 4300 2912 4352 habet
2939 4299 3333 4371 dimettltalem.
3365 4299 3482 4355 Jam
3516 4316 3679 4371 Supra

2100 4372 2537 4435 observavimus,
2574 4368 2923 4422 Maximinum
2954 4370 3179 4439 AuguSti
3216 4385 3412 4424 nomen
3453 4372 3556 4426 sibi
3583 4368 3681 4426 as-

2103 4441 2401 4510 sumpsisse
2452 4449 2570 4507 post
2618 4440 2823 4493 obitum
2866 4439 3088 4504 Galerii,
3121 4455 3264 4494 anno
3304 4440 3507 4496 Christi
3549 4442 3676 4497 511.

2101 4511 2270 4578 lgitur
2320 4522 2445 4562 ante
2490 4513 2589 4563 hoc
2628 4520 2838 4578 tempus
2886 4526 3009 4563 ctnn
3057 4512 3241 4565 Ctesar
3272 4518 3481 4563 tantum
3510 4525 3677 4576 esset,

2102 4576 2403 4635 Picentium
2448 4579 2726 4634 consulem
2774 4576 2953 4632 facere
2995 4595 3099 4634 non
3148 4583 3340 4648 potuit.
3378 4579 3489 4635 Soli
3534 4583 3679 4638 enim

2101 4654 2329 4718 Augusti
2356 4649 3028 4721 creatnlorttm_consnlum
3058 4650 3149 4719 jus
3183 4651 3680 4721 habebant.ltaqtte

2102 4735 2227 4791 post
2246 4731 2475 4776 mortem
2493 4718 3043 4791 Galeriilllaxitninus
3059 4718 3293 4791 seipsuin
3307 4718 3676 4776 etPicentiunt

2103 4788 2290 4844 eodem
2338 4806 2478 4844 anno
2528 4788 2804 4860 eonsnletn
2859 4790 3175 4843 declaravit.
3227 4788 3499 4860 Sequente
3548 4796 3677 4846 item
3770 4800 3781 4811 ‘

2106 4876 2248 4915 anno
2276 4860 2595 4913 Maximinus
2619 4873 2657 4913 ιι
2685 4869 2735 4909 ct
2760 4858 3033 4913 Picetttius
3050 4876 3086 4915 ιι
3113 4858 3367 4915 consules
3386 4862 3602 4917 fuerunt
3626 4867 3677 4916 iit

2105 4930 2345 4990 Oriente.
2363 4946 2485 4985 cunt
2506 4932 2556 4983 itt
2576 4928 2869 4983 Occidente
2890 4931 3278 4985 Constantinus
3303 4946 3340 4984 ιι
3364 4940 3419 4985 et
3441 4931 3680 4988 Licinius

2106 5003 2358 5055 consules
2380 5010 2562 5054 essent
2596 5016 2610 5051 :
2647 5001 2698 5052 in
2731 4997 2878 5051 italia
2915 5014 3041 5053 vero
3068 5013 3124 5053 et
3156 4999 3340 5055 Africa
3376 5002 3679 5057 Maxentius

2107 5081 2361 5140 quartum
2387 5071 2552 5125 solus.
2581 5068 2777 5140 Seequ
2808 5071 3061 5137 deinceps
3087 5087 3254 5133 anno,
3275 5072 3365 5140 qui
3404 5070 3680 5129 fuithri-

2108 5139 2177 5194 sti
2204 5142 2331 5205 515,
2356 5143 2497 5194 idem
2536 5139 2861 5193 Maximinus
2886 5155 2947 5192 ιιι
2971 5152 3025 5193 et
3053 5139 3326 5196 Picentina
3349 5158 3405 5198 ιιι
3431 5145 3681 5198 consules

2110 5211 2162 5264 iit
2198 5209 2422 5265 Oriente
2454 5211 2692 5272 luerunt,
2725 5220 2784 5262 ut
2815 5224 2897 5279 ex
2939 5213 3041 5264 huc
3083 5212 3277 5279 insigni
3313 5214 3528 5268 Eusebii
3560 5213 3679 5268 loco

2110 5283 2393 5350 perspicue
2454 5280 2773 5350 colligitur,
2815 5276 3000 5349 Neque
3057 5276 3215 5334 enini
3258 5284 3518 5339 credibile
3573 5297 3676 5348 est,

2111 5349 2463 5404 Maximinum
2495 5351 2650 5404 alteri
2686 5349 2903 5416 quidem
2938 5352 3192 5406 tribuisse
3226 5357 3442 5406 tertium
3483 5368 3680 5406 constt-

2110 5423 2300 5480 latum.
2332 5423 2517 5490 ipsum;
2547 5435 2677 5473 vero
2708 5436 2773 5472 ne
2805 5421 2970 5473 semel
2999 5422 3216 5490 quidem
3244 5423 3516 5490 consulem
3546 5422 3681 5477 fuis-

2110 5508 2189 5546 se.
2219 5493 2380 5545 Certe
2403 5492 2455 5543 in
2482 5488 2740 5544 Chronico
2760 5488 3127 5544 Alexandrino
3155 5490 3401 5546 Galerius
3433 5489 3681 5545 Maximi-

2111 5579 2211 5615 nus
2251 5563 2436 5615 consul
2493 5563 2715 5629 ponitnr
2752 5575 2873 5613 cum
2928 5560 3254 5616 Maximiano
3307 5562 3677 5626 vmconsnle,

2111 5633 2204 5700 qui
2235 5642 2321 5686 est
2351 5647 2525 5685 annus
2552 5631 2755 5684 Christi
2780 5631 2908 5683 511.
2957 5632 3275 5700 Quanquam
3309 5633 3361 5684 in
3394 5632 3483 5683 illo
3509 5630 3680 5700 Chro-

2113 5699 2230 5755 nico
2260 5702 2459 5755 dicitur
2490 5700 2739 5756 Galerius
2770 5700 3055 5757 Maximus.
3085 5699 3193 5754 N03
3229 5703 3391 5769 igitur
3421 5709 3532 5753 tres
3564 5699 3680 5754 Ma—

2115 5773 2301 5828 xituini
2330 5773 2644 5827 consulatus
2673 5772 2833 5836 primi
2863 5787 3101 5827 omnium
3131 5771 3568 5827 observavimus.
3598 5773 3673 5826 Er
