4220 6392
574 314 683 373 839

1292 304 1562 364 EUSEBII
1594 300 2083 364 CﬁSARIENSIS
2119 300 2271 363 OPP.
2308 301 2491 362 PARS
2527 306 2567 363 Ι.
2603 337 2676 349 -—
2712 306 3105 365 HISTORICA.

3736 313 3841 370 διο

577 440 819 487 ratorem
847 442 1075 486 summa:
1099 426 1176 482 rei
1200 409 1501 482 creaverat.
1551 425 1619 480 Et
1646 424 1936 480 Culcianus
1980 425 2157 481 omni-

2259 425 2348 490 νός
2378 426 2489 497 (82)
2522 444 2582 480 τε
2635 428 2897 492 ὡσαύτως
2924 428 3012 482 διὰ
3055 429 3239 502 πάσης
3277 432 3515 503 ἀρχικῆς
3558 433 3841 506 προελθὼν

575 524 680 580 bus
706 522 965 579 similiter
991 517 1400 589 magistratibus
1428 525 1484 571 et
1517 517 1921 588 provinciarum
1975 517 2152 571 admi-

578 614 992 671 nistrationibus
1040 610 1381 680 perfunctus,
1444 609 1538 679 qui
1583 618 1640 664 et
1694 612 1810 678 ipse
1854 608 2157 664 innumeris

577 708 1006 763 Christianorum
1036 702 1277 757 caedibus
1304 701 1447 768 apud
1482 699 1776 772 Egyptum
1801 700 2156 754 inclaruerat.

577 799 682 854 Alii
711 796 873 868 367
900 803 1162 865 praeterea
1201 807 1305 846 non
1352 791 1534 862 pauci,
1592 806 1623 845 a
1670 791 1871 861 quibus
1937 790 2159 860 potissi-

578 905 726 944 mum
756 886 1073 943 confirmata
1104 893 1159 939 et
1183 894 1344 938 aucta
1395 899 1519 940 esse
1547 883 1826 938 Maximini
1879 884 2156 955 tyrannica

579 980 873 1037 crudelitas
904 978 1212 1033 videbatur.
1260 976 1435 1032 Porro
1468 976 1633 1030 etiam
1675 974 2045 1031 Tlieotecnnm
2091 975 2160 1030 ad

578 1074 903 1145 supplicium
937 1072 1169 1126 vocabat
1211 1069 1395 1124 divina
1453 1068 1690 1137 justitia,
1744 1070 2158 1138 haudquaquam

579 1166 748 1221 oblita
774 1178 967 1219 eorum
1002 1177 1123 1230 quae
1164 1160 1255 1216 ille
1283 1158 1547 1215 adversus
1599 1160 1941 1214 Christianos
1968 1172 2161 1229 perpe-

577 1263 843 1311 traverat.
871 1251 1084 1308 Etenim
1113 1251 1182 1305 ob
1218 1248 1576 1305 simulacrum
1619 1249 1747 1303 illud
1800 1249 1941 1319 quod
1970 1247 2160 1303 Antio-

579 1345 720 1400 chiae
752 1349 1200 1405 consecraverat,
1227 1340 1577 1410 prosperiore
1603 1338 1823 1394 fortuna
1862 1339 1940 1393 uti
1986 1339 2159 1404 visus,

578 1438 745 1492 etiam
767 1449 973 1505 praases
999 1433 1293 1504 provincia:
1337 1446 1367 1485 a
1399 1431 1693 1485 Maximino
1732 1430 1907 1486 factus
1957 1429 2157 1484 fuerat.

583 1527 691 1582 Sed
717 1541 842 1581 cum
873 1524 1118 1580 Licinius
1159 1521 1500 1577 Antiochiam
1547 1521 1807 1585 venisset,
1837 1529 1892 1573 et
1953 1519 2162 1587 prasti-

581 1617 822 1688 giatores
855 1614 1223 1684 pervestigare
1278 1625 1341 1665 ac
1370 1608 1776 1680 deprehendere
1812 1607 2157 1673 inStituissct,

580 1718 727 1773 inter
767 1720 993 1769 caeteros
1034 1711 1197 1766 etiam
1242 1705 1366 1763 novi
1406 1703 1557 1759 illius
1593 1699 1876 1757 simulacri
1918 1699 2153 1769 prophe-

2255 519 2529 585 ἐξουσίας,
2546 522 2575 574 ὁ
2604 521 2699 574 καὶ
2733 522 2894 584 αὐτὸς
2919 522 3132 594 μυρίοις
3144 527 3257 587 τοῖς
3276 524 3396 579 κατ’
3413 525 3687 594 Αἴγυπτον
3702 528 3839 599 Χρι-

2256 609 2490 664 στιανῶν
2545 611 3057 683 ἐλλαμπρυνόμενος
3113 614 3373 685 αἵμασιν,
3429 615 3579 669 ἄλλοι
3631 632 3693 669 τε
3747 618 3842 671 ἐπὶ

2253 701 2466 766 τούτοις
2497 703 2598 755 οὐκ
2625 702 2816 770 ὀλίγοι,
2857 703 2925 756 δι’
2950 697 3025 757 ὧν
3057 704 3293 775 μάλιστα
3319 705 3388 759 τά
3412 705 3512 777 τῆς
3534 705 3841 777 Μαξιμίνου

2255 793 2568 865 τυραννίδος
2606 794 2960 865 ἐκραταιοῦτο
3006 813 3067 850 τε
3114 797 3208 850 καὶ
3256 796 3469 869 ηὔξετο.
3530 797 3741 852 Ἐκάλει
3785 799 3842 852 δὲ

2254 885 2366 957 ἄρα
2410 886 2505 940 καὶ
2535 885 2824 941 Θεότεκνον
2863 888 2976 959 (85)
3024 890 3058 961 η
3107 888 3254 959 δίκη,
3294 889 3547 959 οὐδαμῶς
3586 890 3656 944 τὰ
3700 892 3843 944 κατά

2255 979 2598 1050 Χριστιανῶν
2647 978 2797 1050 αὐτῷ
2845 980 3208 1050 πεπραγμένα
3267 979 3403 1051 λήθῃ
3451 981 3838 1051 παραδιδοῦσα.

2269 1064 2395 1123 Ἐτιὶ⁸
2440 1069 2538 1141 μέν
2580 1070 2689 1141 γάρ
2738 1068 2817 1141 τῷ
2859 1071 2980 1124 κατ’
3030 1070 3357 1142 Ἀντιόχειαν
3400 1072 3667 1144 ἱδρυθέντι
3712 1073 3841 1144 παρ’

2256 1161 2424 1217 αὐτοῦ
2472 1161 2647 1232 ξοάνῳ
2693 1161 2853 1228 δόξας
2899 1161 3210 1235 εὐημερεῖν,
3256 1165 3359 1235 ἠδη
3402 1165 3499 1217 καὶ
3548 1166 3842 1236 ἡγεμονίας

2257 1254 2459 1325 ἠξίωτο
2513 1255 2665 1325 παρά
2710 1254 3039 1326 Μαξιμίνου.
3090 1254 3363 1320 Λικίννιος
3409 1257 3455 1310 δ’
3491 1257 3688 1321 ἐπιϐὰς
3740 1262 3841 1329 τῆς

2270 1345 2589 1416 Ἀντιοχέων
2620 1345 2860 1411 πόλεως,
2895 1348 3085 1419 φωράν
3118 1366 3178 1401 τε
3214 1350 3424 1420 γοήτων
3452 1351 3839 1422 ποιησάμενος,

2256 1435 2385 1498 τοὺς
2408 1434 2503 1487 τοῦ
2546 1435 2847 1504 νεοπαγοῦς
2890 1434 3077 1501 ξοάνου
3101 1439 3386 1509 προφήτας
3418 1437 3512 1492 καὶ
3543 1441 3709 1511 ἱερεῖς
3742 1439 3841 1511 βα-

2260 1527 2443 1590 σάνοις
2481 1527 2737 1599 ᾐκίζετο,
2776 1527 2885 1581 τίνι
2922 1527 3067 1598 λόγῳ
3109 1527 3206 1598 τὴν
3249 1529 3464 1599 ἀπάτην
3501 1530 3841 1602 καθυπεκρί-

2259 1636 2412 1675 νοντο
2465 1618 2886 1689 πυνθανόμενος,
2948 1620 3038 1683 Ὠς
3086 1619 3132 1673 δ’
3171 1618 3607 1692 ἐπικρύπτεσθαι
3657 1623 3841 1688 αὐτοῖς

2260 1709 2397 1782 πρὸς
2443 1710 2553 1765 τῶν
2608 1710 2855 1782 βασάνων
2906 1710 3387 1781 συνελαυνομένοις
3439 1711 3699 1766 ἀδύνατον
3752 1710 3840 1785 ἦν,

580 1817 667 1863 tas
705 1812 760 1861 et
798 1802 1112 1860 sacerdotes
1155 1797 1441 1855 tormentis
1489 1793 1746 1864 subjecit,
1786 1805 1896 1861 qua
1944 1791 2158 1845 ratione

2261 1779 2482 1876 ἐδήλουν
2503 1804 2561 1858 δὲ
2587 1779 2649 1858 τὸ
2677 1806 2785 1856 πᾶν
2810 1804 3107 1877 μυστήριον
3131 1779 3348 1873 ἀπάτην
3368 1804 3655 1875 τυγχάνειν
3679 1779 3843 1880 τέχνῃ

582 1899 831 1953 fraudem
871 1895 1299 1950 concinuassent
1338 1890 1702 1957 interrogans.
1742 1881 1849 1950 Qui
1891 1896 2017 1937 cum
2063 1897 2157 1938 ve-

587 1980 808 2035 ritatem
862 1978 1095 2049 amplius
1125 1978 1303 2034 celare
1333 1989 1441 2033 non
1487 1987 1711 2047 possent
1765 1978 1818 2031 vi
1871 1986 2168 2033 tormento-

587 2087 709 2127 rum
739 2071 942 2137 adacti,
969 2071 1246 2141 totiusque
1267 2069 1516 2140 mysterii
1547 2083 1765 2124 scenam
1795 2083 1825 2122 a
1851 2067 2167 2124 Theotecno

586 2167 705 2213 arte
733 2157 967 2229 quadam
1016 2158 1375 2228 compositam
1419 2156 1589 2213 fuisse
1638 2156 1979 2223 faterentur;
2019 2156 2166 2213 Lici-

586 2251 712 2308 nius
765 2252 960 2307 merito
996 2250 1262 2321 supplicio
1317 2261 1545 2306 cunctos
1608 2249 1872 2317 afficiens,
1930 2252 2164 2321 primum

585 2343 805 2412 quidem
842 2341 1215 2396 Tlieotecnutn
1242 2341 1442 2410 ipsum,
1470 2342 1664 2396 deinde
1702 2340 1938 2411 reliquos
1956 2340 2167 2398 fraudis

585 2447 651 2488 ac
673 2433 1070 2503 praestigiarum
1099 2432 1349 2486 conscios
1377 2446 1443 2486 ac
1489 2433 1801 2501 participes,
1845 2441 1964 2502 post
1991 2432 2164 2501 pluri-

586 2538 708 2578 mos
743 2523 1021 2579 cruciatus
1043 2521 1281 2577 interfici
1301 2521 1486 2590 jussit.
1518 2523 1735 2593 Adjecti
1777 2536 1906 2579 sunt
1934 2526 2021 2580 bis
2045 2540 2165 2580 om-

586 2618 752 2673 nibus
780 2618 945 2672 etiam
974 2616 1259 2671 Maximini
1288 2615 1445 2672 liberi
1470 2633 1486 2681 ;
1517 2632 1657 2687 quos
1679 2617 1768 2672 ille
1799 2617 1912 2687 jam
1950 2619 2162 2687 imperii

585 2720 871 2765 consortes
914 2718 969 2764 et
1006 2710 1285 2765 titulorum
1332 2720 1493 2778 atque
1536 2710 1828 2781 imaginum
1876 2711 2164 2780 participes

586 2799 814 2855 fecerat.
840 2801 1079 2871 Denique
1104 2802 1392 2872 propinqui
1418 2816 1608 2857 onmes
1636 2801 1874 2873 tyranni,
1901 2802 1990 2871 qui
2019 2801 2161 2858 fastu

585 2900 643 2947 et
670 2892 965 2949 insolentia
1002 2894 1131 2948 elati
1189 2903 1418 2948 cunctos
1450 2893 1715 2948 mortales
1767 2894 2010 2964 potentia
2064 2909 2163 2949 sua

584 2992 999 3050 oppresserant,
1033 2984 1222 3039 eadem
1247 2998 1369 3038 cum
1403 2984 1507 3036 illis
1531 2998 1669 3053 quos
1694 2999 1857 3054 supra
1898 3000 2162 3040 memora-

2259 1898 2327 1969 τῇ
2358 1895 2651 1950 Θεοτέκνου
2689 1894 3181 1968 μεμηχανημένην,
3229 1899 3340 1959 τοῖς
3377 1898 3514 1950 πᾶσι
3554 1898 3656 1968 τὴν
3686 1897 3843 1964 ἀξίαι

2261 1985 2471 2051 ἐπιθεὶς
2502 1986 2678 2058 δίκην,
2721 1985 2936 2057 πρῶτον
2965 1987 3127 2039 αὐτὸν
3157 1985 3469 2051 Θεότεκνον,
3504 1982 3622 2042 εἶτα
3659 1987 3718 2041 δέ
3750 1989 3844 2042 καὶ

2258 2080 2384 2143 τοὺς
2415 2078 2515 2149 τῆς
2545 2077 2801 2149 γοητείας
2843 2080 3168 2144 κοινωνοὺς,
3226 2078 3365 2149 μετά
3414 2078 3670 2142 πλείστας
3711 2080 3842 2143 ὅσας

2259 2170 2446 2234 αἰκίας
2478 2168 2692 2240 Θανάτῳ
2723 2169 3078 2241 παραδίδωσι.
3117 2168 3339 2234 Τούτοις
3377 2170 3549 2224 ἅπασι
3592 2165 3843 2244 προσετί-

2260 2261 2416 2316 θεντο
2441 2261 2536 2315 καὶ
2560 2261 2611 2314 οἱ
2635 2260 2945 2333 Μαξιμίνου
2985 2261 3173 2325 παῖδες
3213 2261 3306 2326 οῦς
3343 2263 3444 2335 ἤδη
3480 2264 3574 2317 καὶ
3611 2264 3710 2335 τῆς
3746 2263 3843 2334 βα-⁵

2260 2355 2474 2426 σιλικῆς
2503 2353 2699 2424 τιμῆς,
2741 2357 2841 2426 τῆς
2876 2371 2936 2409 τε
2966 2355 3026 2408 ἐν
3051 2354 3234 2420 πίναξι
3258 2356 3353 2410 καὶ
3383 2360 3622 2429 γραφαῖς
3647 2357 3841 2412 ἀναθέ-ι

2260 2464 2397 2511 σεως
2435 2446 2698 2517 πεποίητο
2736 2446 3026 2510 κοινωνούς
3047 2463 3060 2477 ·
3109 2449 3202 2501 καὶ
3238 2449 3287 2501 οἱ
3336 2451 3616 2518 συγγενεῖς
3651 2449 3709 2502 δὲ
3745 2450 3838 2504 τοῦ

2256 2539 2518 2608 τυράννου
2542 2536 2603 2591 τὸ
2629 2538 2761 2609 πρὶν
2799 2536 3113 2606 αὐχοῦντες,
3152 2538 3247 2592 καὶ
3280 2538 3489 2603 πάντας
3521 2538 3841 2611 ἀνθρώπους

2257 2626 2745 2681 καταδυναστεύειν
2777 2627 3100 2700 ἐπηρμένοι,
3151 2627 3216 2681 τὰ
3245 2627 3387 2681 αὐτά
3426 2629 3540 2693 τοῖς
3575 2628 3840 2701 προδεδη-

2255 2716 2521 2788 λωμένοις
2564 2716 2702 2789 μετὰ
2742 2718 2842 2787 τῆς
2877 2718 3111 2789 ἐσχάτης
3141 2720 3364 2791 ἀτιμίας
3404 2721 3677 2791 ἔπασχον,
3713 2724 3840 2777 ἐπεὶ

2259 2807 2337 2880 μὴ
2361 2808 2611 2875 ἐδέξαντο
2638 2809 2884 2863 παιδείαν
2910 2808 3044 2880 (84),
3082 2810 3218 2881 μηδὲ
3258 2809 3501 2880 ἔγνωσαν
3532 2813 3669 2885 μηδὲ
3712 2830 3840 2867 συνιι

2255 2900 2396 2973 ἧκαν
2426 2900 2525 2973 τὴν
2559 2900 2876 2971 φάσκουσαν
2903 2902 2962 2955 ἐν
2990 2902 3155 2972 ἱεροῖς
3183 2901 3363 2971 λόγοις
3397 2903 3796 2975 παρακέλευσιν
3818 2914 3834 2937 ⁶

2262 3012 2281 3045 ι
2300 2992 2394 3064 Μὴ
2426 2992 2715 3046 πεποίθετε
2746 2994 2832 3047 ἐπ’
2861 2993 3157 3065 ἄρχοντας,
3191 2996 3285 3048 ἐπὶ
3327 2998 3475 3060 υἱοὺς
3512 2997 3836 3069 ἀνθρώπων,

585 3075 763 3127 vimus
788 3089 1003 3129 summa
1033 3089 1158 3129 cum
1188 3075 1486 3146 ignominia
1511 3078 1752 3146 perpessi
1784 3087 1929 3133 sunt.
1953 3076 2162 3146 Quippe

2256 3078 2338 3147 οἷς
2361 3084 2462 3137 οὐκ
2489 3084 2604 3137 ἐστι
2634 3086 2876 3156 σωτηρία
2900 3102 2914 3118 ο
2944 3085 3283 3150 ἐξελεύσεται
3311 3089 3372 3142 τὸ
3413 3088 3630 3161 πνεῦμα
3671 3091 3837 3143 αὐτοῦ

491 3194 505 3211 ι
584 3166 677 3234 qui
708 3166 1048 3237 disciplinam
1086 3182 1191 3221 non
1228 3169 1602 3236 accepissent;
1638 3183 1815 3237 neque
1839 3168 2162 3223 admonitio-

584 3274 709 3313 nem
759 3259 905 3313 illam
959 3259 1358 3314 intellexissent
1409 3274 1473 3314 ac
1507 3261 1881 3330 percepissent
1936 3274 2058 3328 quae
2107 3261 2159 3312 in

581 3350 757 3405 sacris
787 3350 1012 3405 Litteris
1049 3350 1130 3404 sic
1162 3352 1308 3406 edita
1338 3361 1425 3407 est
1463 3369 1477 3406 :
1518 3368 1538 3402 ι
1581 3350 1759 3406 Nolite
1781 3350 2056 3406 confidere
2106 3348 2164 3403 in

583 3444 941 3512 principibus,
978 3443 1031 3497 in
1068 3444 1193 3500 filiis
1221 3444 1500 3499 hominum
1525 3445 1577 3498 in
1600 3444 1797 3514 quibus
1827 3458 1933 3497 non
1963 3453 2047 3497 est
2071 3457 2163 3497 sa-

581 3536 687 3591 lus.
726 3537 909 3592 Exibit
953 3537 1185 3607 spiritus
1235 3536 1355 3607 ejus
1379 3546 1440 3605 et
1492 3547 1802 3592 revertetur
1845 3536 1899 3589 in
1959 3546 2163 3588 terram

581 3650 736 3689 suam
770 3652 783 3688 :
818 3635 872 3689 in
921 3634 1014 3688 illa
1069 3634 1157 3689 die
1225 3634 1481 3703 peribunt
1550 3647 1743 3688 omnes
1803 3631 2165 3702 cogitationes

581 3739 771 3779 eorum
796 3723 864 3780 ⁵⁸.
896 3743 917 3777 ι
947 3723 1038 3778 Sic
1063 3724 1226 3794 igitur
1243 3724 1393 3778 omni
1418 3722 1683 3778 malorum
1706 3723 1943 3778 colluvie
1965 3737 2165 3792 expur-

582 3826 733 3884 gata,
773 3815 905 3871 solis
940 3814 1302 3870 Constantino
1324 3828 1390 3869 ac
1440 3813 1651 3868 Licinio
1694 3814 1988 3883 imperium
2019 3811 2165 3881 quod

583 3907 721 3978 ipsis
743 3907 1106 3977 competebat,
1133 3906 1349 3960 firmum
1379 3905 1618 3972 nullique
1633 3905 1923 3960 obnoxium
1948 3903 2166 3958 invidiae

582 3998 872 4056 remansit.
897 3998 1001 4065 Qui
1035 4014 1160 4054 cum
1191 3997 1582 4053 beneficiorum
1637 4011 1757 4067 qua:
1787 4012 1819 4052 a
1850 3996 1961 4050 Deo
2010 4009 2167 4051 acce-

580 4103 777 4165 perant
804 4093 905 4150 sibi
943 4090 1148 4148 conscii
1197 4098 1401 4154 essent,
1451 4100 1580 4144 ante
1609 4090 1788 4144 omnia
1826 4090 2106 4157 impietate
2133 4101 2166 4142 ο

581 4185 768 4240 medio
814 4186 1050 4251 sublata,
1107 4186 1348 4240 studium
1409 4184 1649 4243 virtutis,
1695 4182 1864 4237 divini
1923 4179 2165 4234 numinis

583 4285 824 4325 amorem
842 4279 897 4325 et
917 4270 1194 4341 pietatem,
1213 4278 1538 4341 gratumque
1553 4283 1679 4342 erga
1702 4265 1871 4324 Deum
1895 4269 2162 4338 animum,

583 4362 710 4416 latis
724 4361 1275 4432 proCbristianorum
1290 4361 1549 4433 religione
1563 4360 1772 4432 legibus
1784 4358 2156 4418 declararunt.

750 4447 903 4504 Finis
950 4450 1072 4504 libri
1111 4453 1237 4505 noni
1265 4449 1523 4507 Historiis
1550 4448 1938 4505 ecclesiasticae.

643 4597 693 4633 ⁸⁸
723 4598 862 4655 Psal.
896 4616 1085 4668 exuti,
1114 4600 1241 4656 2-4.

2257 3177 2356 3228 καὶ
2394 3175 2725 3248 ἀποστρέψει
2774 3179 2854 3240 είς
2891 3176 2988 3250 τὴν
3036 3179 3142 3250 γῆν
3184 3179 3349 3235 αὐτοῦ
3375 3197 3387 3209 ·
3444 3184 3500 3235 ἐν
3540 3183 3723 3254 ἐκείνῃ
3769 3186 3837 3256 τῇ

2258 3267 2444 3342 ἡμέρᾳ
2476 3268 2799 3323 ἀπολοῦνται
2843 3270 3044 3335 πάντες
3092 3273 3142 3325 οἱ
3194 3272 3549 3345 διαλογισμοὶ.
3579 3276 3780 3330 αὐτῶν.
3813 3296 3832 3327 ι

2258 3355 2417 3410 Οὕτω
2459 3357 2597 3428 δῆτα
2641 3359 2751 3414 τῶν
2793 3358 3069 3414 δυσσεόῶν
3120 3360 3599 3431 ὲκκαθαρθέντων,
3658 3362 3839 3432 μόνοις

2257 3449 2591 3518 ἐφυλάττετο
2614 3452 2682 3506 τὰ
2704 3455 2804 3525 τῆς
2828 3453 3211 3525 προσηκούσης
3245 3454 3522 3524 βασιλείας
3551 3453 3745 3525 βέδαιά
3776 3472 3837 3509 τε

2258 3542 2351 3595 καὶ
2378 3543 2712 3614 ἀνεπίφθονα
2736 3584 2751 3608 ,
2791 3546 3188 3618 Κωνσταντίνῳ
3224 3548 3321 3601 καὶ
3346 3548 3603 3619 Λικιννίῳ
3622 3564 3636 3578 °
3680 3548 3729 3602 οἳ
3777 3548 3840 3602 τὸ

2257 3634 2493 3709 πρόσθεν
2539 3638 2792 3692 ἁπάντων
2836 3639 3242 3711 ἐκκαθάραντες
3285 3638 3379 3693 τοῦ
3430 3639 3546 3711 βίου
3582 3642 3682 3712 τὴν
3721 3640 3840 3693 θεοι-

2257 3725 2501 3799 εχθρίαν,
2530 3729 2640 3782 τῶν
2686 3730 2752 3783 ἐκ
2783 3730 2919 3784 Θεοῦ
2964 3731 3454 3803 πρυτανευθέντων
3485 3732 3708 3801 ἀγαθῶν
3735 3734 3837 3787 αὐδ

2256 3819 2371 3880 τοῖς
2415 3818 2735 3890 ᾐσθημένοι,
2783 3821 2845 3873 τὸ
2884 3821 3173 3893 φιλάρετον
3218 3822 3313 3875 καὶ
3354 3822 3636 3891 θεοφιλὲς,
3674 3823 3734 3877 τό
3774 3840 3836 3876 τε

2258 3910 2394 3982 πρὸς
2418 3911 2480 3964 τὸ
2502 3911 2655 3966 Θεῖον
2687 3913 2907 3977 εὐσεϐὲς
2941 3915 3037 3968 καὶ⁸
3080 3913 3400 3986 εὐχάριστον
3436 3915 3527 3971 διὰ
3568 3915 3667 3988 τῆς
3695 3915 3839 3989 ὑπὲρ

2256 4004 2597 4074 Χριστιανῶν
2623 4004 2954 4072 ἐνεδείξαντο
2977 4008 3321 4080 νομοθεσίας.

2322 4429 2503 4497 Τέλος
2547 4429 2656 4484 τοῦ
2711 4428 2760 4484 θ’
2814 4426 3188 4566 16132οέῇῶ
3236 4423 3781 4496 Ἐκκλησιαστικῆς

573 4756 770 4828 quibus
822 4756 1000 4828 colligi
1036 4767 1242 4827 potest,
1290 4758 1638 4815 Maximinum
1663 4759 1882 4813 circiter
1922 4756 2143 4812 biennio
2174 4753 2218 4815 D
2248 4772 2349 4811 nus
2372 4765 2551 4828 tamen
2577 4755 2926 4820 Quintianum
2946 4753 3130 4807 vertit.
3155 4753 3307 4828 Apud
3324 4750 3687 4828 Nicephorum
3709 4750 3841 4828 Acus

571 4826 872 4898 {\ugnstum
923 4826 1113 4894 fuisse,
1165 4844 1289 4884 cum
1316 4828 1427 4898 jam
1470 4842 1631 4883 antea
1655 4844 1725 4883 vn
1775 4828 1933 4883 annis
1963 4828 2145 4881 Caesar

573 4893 798 4966 fuisset;
844 4906 899 4951 et
923 4901 991 4952 ad
1018 4893 1218 4952 annum
1246 4893 1447 4954 Christi
1472 4899 1577 4954 315
1615 4900 1945 4966 pervenisse.
1989 4897 2146 4963 Quod

572 4964 739 5037 etiam
765 4982 830 5021 ex
855 4967 1099 5035 epistolis
1118 4970 1355 5037 ejusdem
1382 4964 1892 5023 demonstravimus.
1917 4967 2153 5021 Proinde

573 5034 761 5107 miror,
814 5038 955 5091 unde
999 5039 1051 5092 in
1100 5034 1315 5093 Eusebii
1353 5038 1651 5094 Chronicon
1696 5039 1983 5107 irrepserit
2018 5040 2152 5091 adeo

573 5105 755 5172 gravis
782 5120 967 5172 error,
1002 5116 1060 5159 ιιι
1081 5124 1225 5163 mors
1245 5107 1528 5163 Maximini
1550 5118 1677 5164 ante
1711 5105 1910 5163 caulem
1940 5105 2153 5159 Maxen-

573 5173 645 5254 tii.
667 5174 1156 5258 referatttr._Quod
1191 5180 1410 5258 quidem
1456 5177 1771 5258 ﬂieronyini
1807 5177 1964 5258 culpa
2000 5191 2150 5257 coin-

573 5243 804 5318 tnissum
849 5246 1083 5318 videtur,
1129 5243 1326 5318 quippe
1388 5251 1485 5318 qui
1542 5243 1848 5304 Eusebiano
1881 5245 2147 5302 Chronica

570 5312 744 5367 multa
773 5312 839 5367 de
861 5330 960 5369 suo
995 5312 1223 5371 addidit.

643 5381 755 5455 (82)
786 5386 1180 5457 Κουλλιιανός.
1212 5385 1414 5441 Fuerat
1463 5387 1552 5442 hic
1578 5402 1775 5457 praeses
1830 5385 2148 5457 Thebaidis,

569 5462 631 5525 ut
656 5453 901 5508 testatur
933 5455 1265 5524 Epiphanius
1291 5458 1345 5510 in
1380 5453 1697 5517 haeresi-68,
1723 5473 1844 5525 quae
1870 5465 1955 5511 est
1988 5453 2153 5508 Mele-

572 5524 973 5599 tiattnrutn,_lits
1016 5526 1246 5599 verbis:
1288 5526 1620 5599 ξίουλκιανὺς
1646 5524 1765 5599 μὲν
1811 5524 1879 5599 ἦν
1914 5526 2153 5599 ἔπαρχος

568 5593 669 5663 τῆς
718 5592 1035 5669 Θηϐαΐδοςς-
1070 5594 1474 5669 ’ᾼλεξανδρείας
1533 5592 1930 5669 δεῖ-Ἱεροκλῆς.
1963 5592 2156 5669 Scribe

573 5678 693 5718 meo
725 5663 964 5734 periculo
994 5663 1422 5730 Κουλκιανόςόκ
1453 5669 1556 5725 hoc
1585 5663 1802 5725 Eusebii
1833 5663 1972 5724 loco.
2005 5663 2157 5721 Rufi-

2253 4818 2441 4892 κιανός
2463 4818 2743 4888 scribitur,
2768 4838 3061 4894 utrumque
3084 4818 3360 4880 mendose.
3383 4818 3670 4894 Cuticianns
3691 4823 3836 4873 enim

2253 4891 2542 4953 dicebatur
2580 4898 2669 4951 hic
2713 4910 2935 4963 praises,
2973 4891 3042 4947 ὐι
3089 4907 3285 4960 praeter
3316 4892 3609 4948 Eusebium
3639 4891 3840 4946 docent

2247 4968 2685 5040 Acta_passionis
2714 4964 3261 5040 PliileiemztrtyrisL_
3575 5031 3615 5040 _
3721 5029 3731 5040 _
3757 5027 3769 5040 .

2321 5029 2460 5106 (83)
2494 5039 2844 5091 Θεότεκνονι
2870 5035 2978 5106 “De
3035 5029 3135 5106 hijs
3200 5033 3517 5106 Theotecn_o
3545 5100 3556 5106 μ
3575 5029 3843 5106 Eusebius

2246 5096 2408 5175 supra
2437 5109 2489 5162 in
2521 5110 2623 5161 hoc
2656 5108 2815 5158 libro.
2866 5103 3022 5157 Hunc
3062 5101 3430 5157 'l‘lteotecnum
3460 5100 3681 5175 Galerio
3723 5096 3841 5151 Ma-

2246 5172 2490 5248 ximiano
2545 5178 2887 5246 ριτειιςιείεςθ
2953 5184 3011 5227 ut
3070 5175 3502 5248 persecutionem
3551 5172 3843 5248 “adversus

2246 5238 2592 5302 Christianos
2621 5248 2950 5311 institueret,
2982 5238 3172 5298 scribit
3201 5245 3502 5298 Cedrenus.
3549 5238 3844 5311 Sedhfaltis

2251 5327 2361 5381 tur,
2390 5318 2517 5370 dum
2542 5317 2818 5371 Galerium
2845 5306 3231 5368 Maximiannm
3274 5329 3371 5382 pro
3401 5310 3621 5367 Galerio
3666 5306 3843 5382 Maxi-

2249 5378 2399 5511 anno
2425 5388 2666 5454 accepit,
2706 5387 2800 5457 qui
2843 5385 3105 5439 solemnis
3138 5393 3222 5437 est
3261 5378 3419 5437 error
3472 5378 3840 5435 recentiorum

2305 5470 2595 5509 ramorum.

2305 5470 2595 5509 Γωοοτιιιιι.

2322 5524 2435 5596 (84)
2486 5525 2584 5594 Μὴ
2635 5523 2920 5588 ἐδέξαντο
2947 5520 3241 5596 παιδείαν.
3293 5520 3524 5596 Locutio
3555 5528 3844 5596 estsacrge

2254 5587 2580 5664 Scriptum.
2605 5596 2698 5649 Sic
2727 5587 2778 5647 in
2821 5596 3027 5662 psalmo
3053 5608 3142 5664 u__:
3185 5592 3571 5664 Appi_eltendite
3605 5587 3841 5664 discipli-

2256 5660 2402 5733 nam}
2424 5676 2478 5721 et
2507 5660 2890 5721 inuumerisﬁiu
2916 5664 3052 5719 locis
3084 5662 3295 5719 Veteris
3316 5660 3689 5717 lnstrumenti.
