4220 6392
439 314 545 372 885

1465 321 1819 381 HISTORIA:
1856 322 2420 382 ECCLESIASTICIE
2454 324 2583 380 LIB.
2632 324 2700 380 Χ.

3610 337 3718 394 848

441 410 541 481 μὲν
570 410 634 482 δὴ
665 411 789 466 καθ’
813 411 873 467 ὃν
903 414 1201 486 δεδήλωται
1225 416 1448 488 τρόπον,
1482 422 1591 472 πᾶν
1621 419 1686 472 τὸ
1714 419 1825 475 τῶν
1852 418 2006 491 θεομι

2131 420 2199 474 ad
2238 419 2373 475 ﬁnes
2402 430 2583 478 terrm.
2613 422 2813 477 Arcum
2862 429 3125 488 conteret,
3177 426 3485 502 confringet
3538 447 3716 497 arma,

439 504 549 559 σῶν
582 505 739 573 γένος
760 547 776 568 ,
811 508 905 561 καὶ
935 508 1037 577 τῆς
1069 508 1369 581 ἀνθρώπων
1401 509 1612 582 ἀθρόως
1649 511 1827 582 ὅψεως
1852 511 2022 575 οὕτως

435 594 810 668 ὲξαλήλειπτο,
858 598 935 661 ὡς
980 598 1143 652 πάλιν
1190 600 1343 671 ῥῆμα
1392 600 1533 654 θεῖον
1579 601 1730 665 τέλος
1772 602 1918 674 ἔχειν
1963 602 2024 655 τὸ

434 686 624 756 λέγονο
662 684 856 742 «Εἶδον
898 690 1072 760 άσεὸἧ
1110 691 1557 763 ὑπερυψούμενον
1597 693 1692 746 καὶ
1724 693 2023 764 ἐπαιρόμε-

433 796 522 835 νον
556 780 633 844 ὡς
672 780 772 843 τὰς
812 780 1037 853 κέδρους
1068 781 1162 835 τοῦ
1195 782 1431 837 Λιϐάνου
1452 801 1466 814 ·
1498 784 1592 843 καὶ
1626 783 1901 856 παρῆλθον
1928 785 2022 838 καὶ

435 868 544 923 ἰδοὺ
591 870 693 924 οὐκ
732 866 835 941 ἦν,
882 872 978 925 καὶ
1015 871 1257 943 ἐζήτησα
1286 874 1377 931 τὸν
1410 874 1573 927 τόπον
1600 873 1764 927 αὐτοῦ
1796 873 1889 927 καὶ
1923 873 2022 944 οὐχ

432 962 632 1033 εὑρέθη
654 980 666 992 ·
692 982 712 1014 ι
744 963 927 1034 ἡμέρα
960 965 1016 1022 δῖε
1047 964 1230 1024 λοιπὸν
1266 966 1366 1037 ἤδη
1409 965 1612 1037 φαιδρὰ
1642 967 1737 1023 καὶ
1767 966 2016 1038 διαυγὴς,

435 1055 659 1125 μηδενὸς
687 1056 884 1125 νέφους
911 1057 1078 1130 αὐτὴν
1103 1058 1534 1123 ἐπισκιάζοντος.
1561 1060 1738 1129 φωτὸς
1766 1060 2016 1131 οὐρανίου

431 1147 613 1216 βολαῖς
646 1148 751 1202 ἀνά
796 1150 896 1221 τὴν
927 1149 1252 1222 οἰκουμένην
1286 1150 1501 1208 ἅπασαν
1536 1154 1656 1213 ταῖς
1700 1152 2016 1223 ἐκκλησίαις

427 1238 522 1293 τοῦ
550 1239 788 1311 Χριστοῦ
830 1240 1176 1313 κατηύγαζεν
1195 1281 1210 1307 ,
1244 1243 1365 1297 οὐδέ
1396 1260 1482 1306 τις
1509 1238 1577 1314 ἦν
1604 1244 1697 1297 καὶ
1730 1246 1843 1307 τοῖς
1879 1243 2015 1310 ἔξω·

428 1328 520 1383 θεν
547 1330 639 1383 τοῦ
668 1331 792 1385 καθ’
818 1334 967 1406 ἡμᾶς
1000 1333 1189 1387 θιάσου
1223 1333 1417 1403 φθόνος
1447 1335 1579 1407 (89),
1619 1335 2014 1390 συναπολαύειν

336 1486 355 1503 ,
426 1423 559 1492 ἡμῖν
590 1421 700 1476 τῶν
732 1423 861 1476 ἴσων
894 1422 1037 1494 (90),
1073 1424 1354 1495 ἀπορροῆς
1386 1425 1431 1478 δ’
1460 1420 1554 1478 οὖν
1580 1425 1729 1495 ὅμως
1759 1424 1854 1481 καὶ
1890 1440 2017 1495 μετ-

426 1521 612 1586 θυσίας
635 1522 745 1577 τῶν
777 1521 961 1575 θεόθεν
995 1524 1127 1593 ἡμῖν
1160 1521 1661 1594 πρυτανευθὲντωνρ

2129 519 2184 566 et
2208 522 2359 567 scuta
2384 512 2669 568 comburet
2697 512 2821 580 igne
2847 512 2911 565 “.
2937 531 2957 564 ι
2984 513 3115 581 Quae
3142 530 3266 573 cum
3299 521 3480 574 omnia
3514 526 3715 581 nostris

2131 608 2470 679 temporibus
2491 607 2781 665 manifeste
2818 610 3084 680 completa
3128 612 3259 677 sint,
3297 612 3407 668 iazti
3451 616 3713 689 deinceps

2132 709 2187 751 et
2210 698 2592 769 gratulabundi
2617 702 2986 757 narrationem
3022 711 3264 759 nostram
3294 721 3709 778 prosequamur.

2131 790 2212 845 Ad
2250 792 2396 846 hunc
2446 791 2611 861 igitur
2655 807 2816 862 quem
2876 793 3117 850 diximus
3176 797 3395 851 modum
3454 801 3707 855 universa

2127 883 2295 952 stirps
2320 882 2558 941 hostium
2592 884 2686 941 Dei
2730 884 2974 948 funditus
2997 887 3179 943 excisa
3223 898 3279 943 et
3306 904 3371 946 ex
3427 892 3707 949 hoanum

2130 982 2424 1042 conspectu
2452 974 2634 1030 subito
2672 978 2882 1032 sublata
2913 988 3031 1047 est;
3061 980 3132 1035 ita
3162 989 3225 1036 ut
3249 997 3436 1039 rursus
3464 985 3705 1040 divinum

2082 1120 2099 1137 ,
2128 1064 2256 1119 illud
2300 1067 2667 1137 compleretur
2721 1072 3003 1127 oraculum
3032 1073 3175 1142 quod
3234 1076 3313 1131 sic
3363 1077 3480 1134 ait:
3524 1097 3545 1130 r
3585 1078 3704 1133 Vidi

2127 1157 2350 1227 impium
2410 1160 2876 1230 superexaitatum
2913 1172 2969 1218 et
3004 1164 3274 1223 eievatum
3314 1167 3465 1223 sicut
3509 1169 3706 1225 cedros
3744 1180 3749 1185 '

2123 1247 2337 1307 Libani.
2368 1249 2435 1305 Et
2474 1251 2779 1319 transivi,et
2808 1268 2936 1309 ecce
2966 1270 3073 1308 non
3099 1266 3218 1311 erat
3249 1274 3264 1311 :
3293 1266 3346 1312 et
3370 1261 3595 1327 qnmsivi
3626 1261 3707 1317 io-

2122 1353 2246 1393 cum
2274 1340 2469 1413 ejus,et
2497 1357 2603 1399 non
2640 1352 2724 1399 est
2768 1345 3019 1400 inventus
3049 1345 3117 1403 ⁶¹.
3154 1365 3175 1401 ι
3206 1345 3435 1417 Jamque
3461 1351 3580 1406 dies
3613 1368 3702 1411 se-

2123 1444 2290 1485 renus
2321 1448 2386 1487 ac
2438 1432 2697 1502 liquidus,
2745 1434 2891 1491 nulla
2924 1437 3159 1506 amplius
3226 1438 3370 1494 nube
3434 1439 3699 1507 l'uscatus,

2121 1521 2397 1579 Ecciesias
2416 1522 2623 1580 Christi
2653 1535 2766 1582 toto
2798 1528 2935 1581 orbe
2996 1526 3222 1583 diil‘usas
3276 1531 3515 1586 caelestis
3562 1531 3701 1588 lucis

424 1617 714 1687 splendore
746 1619 1078 1674 iliustrabat.
1116 1617 1451 1689 Licebatque
1486 1618 1560 1673 iis
1609 1617 1776 1673 etiam
1812 1616 1903 1686 qui
1953 1631 1983 1671 a
2017 1625 2159 1673 cmtu
2189 1617 2467 1690 religionis
2498 1630 2698 1676 nostrae
2757 1622 2920 1678 alieni
2977 1634 3185 1689 essent,
3239 1624 3287 1678 si
3336 1640 3444 1679 non
3509 1625 3697 1682 iisdem

425 1712 532 1765 frui
570 1714 871 1778 nobiscum,
907 1715 1072 1786 370
1116 1724 1172 1769 at
1206 1724 1353 1771 certe
1382 1724 1591 1785 partem
1653 1712 1890 1783 aliquam
1925 1722 1981 1767 et
2018 1714 2172 1783 quasi
2198 1712 2451 1771 eilluxum
2496 1717 2778 1787 percipere
2800 1732 2994 1774 eorum
3050 1718 3316 1775 bonorum
3367 1734 3488 1789 quas
3539 1719 3698 1776 nobis

425 1819 457 1858 a
486 1804 597 1862 Deo
631 1806 847 1861 fuerant
872 1816 1190 1877 procurata.

963 1904 1364 1959 ΚΕΦΑΔΛΙΟΝ
1392 1902 1467 1956 B'.

423 1994 565 2064 Περὶ
605 1994 718 2063 τῆς
771 1991 1705 2134 τῶνξέκκῖχσιῶνᾷὶόανεώσεως
1758 1990 1900 2064 (Nic.
1935 1991 2007 2050 li.

1117 2105 1130 2117 .
1168 2081 1262 2129 vn,
1397 2105 1410 2117 .

1117 2105 1130 2117 .
1168 2081 1262 2129 vn,
1286 2081 1410 2129 λου).

491 2158 637 2212 Πᾶσι
667 2157 765 2229 μὲν
798 2153 900 2213 οὖν
933 2156 1241 2229 ἀνθρώποις
1269 2156 1337 2210 τὰ
1374 2158 1439 2209 ὲκ
1465 2158 1567 2227 τῆς
1593 2154 1703 2208 τῶν
1729 2155 2010 2228 τυράννων

420 2249 887 2314 καταδυναστείας
944 2248 1209 2321 ἐλεύθερα
1262 2244 1363 2319 ἦν,
1416 2248 1512 2301 καὶ
1566 2246 1675 2300 τῶν
1732 2246 2012 2319 προτέρων

419 2340 829 2412 ἀπηλλαγμένοι
854 2340 1061 2405 κακῶν,
1090 2340 1248 2404 ἄλλος
1274 2339 1450 2403 άλλως
1481 2338 1645 2410 μόνον
1672 2336 1849 2408 ἀληθῆ
1878 2337 2012 2390 Θεὸν

417 2433 510 2487 τὸν
550 2433 658 2487 τῶν
703 2433 942 2487 εὐσεϐῶν
987 2434 1305 2504 ὑπέρμαχον
1347 2430 1649 2504 ὡμολόγει,
1695 2430 1932 2502 μάλιστα
1964 2429 2010 2483 δ’

418 2525 552 2595 ἡμῖν
595 2527 708 2589 τοῖς
756 2525 848 2578 ἐπὶ
891 2524 981 2579 τὸν
1024 2525 1256 2596 Χριστὸν
1302 2522 1399 2577 τοῦ
1449 2523 1588 2577 Θεοῦ
1634 2522 1734 2586 τὰς
1787 2521 2011 2583 ἐλπίδας

416 2616 813 2690 ἀνηρτημένοις
845 2616 1069 2681 ἄλεκτος
1094 2615 1278 2688 παρῆν
1304 2613 1609 2688 εὐφροσύνη
1634 2654 1649 2679 ,
1683 2613 1777 2671 καί
1808 2630 1892 2677 τις
1921 2611 2008 2666 έν-

417 2709 538 2773 θεος
568 2710 769 2764 ἅπασιν
804 2708 1223 2781 ἐπήνθειχαρὰ,
1263 2708 1444 2762 πάντα
1472 2706 1635 2761 τόπον
1661 2706 1753 2760 τὸν
1782 2704 1889 2777 πρὸ
1922 2722 2010 2777 μι-

416 2801 553 2873 κροῦ
598 2803 718 2865 ταῖς
755 2799 864 2854 τῶν
897 2800 1175 2872 τυράννων
1207 2796 1547 2863 δυσσεϐείαις
1606 2795 2006 2869 ἡρειπωμένον,

416 2893 608 2967 ὥσπερ
652 2896 717 2948 ὲκ
757 2894 975 2966 μακρᾶς
1007 2893 1102 2947 καὶ
1136 2891 1511 2964 θανατηφόρου
1560 2890 1739 2963 λύμης
1777 2889 2009 2946 ἀναϐιώ-

418 3002 619 3040 σκοντα
648 2984 964 3057 θεωμένοις,
1000 2985 1135 3050 νεώς
1162 3003 1220 3039 τε
1251 2981 1408 3048 αὖθις
1439 2986 1502 3038 ἐκ
1530 2983 1748 3056 βάθρων
1773 2986 1852 3047 εἰς
1875 2980 2008 3053 ὕψος

415 3078 643 3150 ἄπειρον
662 3076 1066 3150 ἐγειρομένους,
1089 3077 1183 3132 καὶ
1205 3076 1338 3130 πολὺ
1361 3075 1646 3146 κρείττονα
1662 3074 1760 3147 τὴν
1778 3075 2007 3145 ἀγλαΐαν

415 3169 524 3223 τῶν
556 3170 723 3225 πάλαι
751 3170 1084 3241 πεπολιορκη
1096 3169 1270 3241 μένων
1296 3167 1801 3239 ἀπολαμϐάνοντας.
1845 3167 2007 3223 vim

413 3261 510 3314 καὶ
554 3260 795 3331 βασιλεῖς
836 3263 886 3314 οἱ
933 3261 1193 3315 ἀνωτάτω
1243 3261 1491 3332 συνεχέσι
1529 3264 1648 3326 ταῖς
1689 3262 1828 3333 ὑπὲρ
1871 3263 2005 3333 Χρι-

2744 1903 2972 1961 CAPUT
3002 1904 3065 1961 il.

2463 1996 2542 2052 De
2561 1998 2948 2057 instauratione
2985 1998 3345 2055 ecclesiarum.

2189 2151 2255 2207 Et
2281 2152 2462 2206 cuncti
2486 2152 2706 2222 quidem
2736 2153 2995 2209 mortales
3037 2157 3336 2227 tyrannica:
3364 2157 3698 2212 dominatio.

2115 2244 2203 2298 nis
2236 2245 2556 2311 impotentia
2589 2243 2825 2308 liberati,
2861 2260 3053 2300 secure
3099 2248 3331 2317 agebant
3375 2268 3387 2304 :
3425 2250 3695 2321 malisque

2115 2337 2310 2406 quibus
2345 2347 2504 2391 antea
2530 2336 2921 2407 premebantur
2952 2338 3135 2405 soluti,
3160 2339 3326 2395 Deum
3354 2344 3447 2411 qui
3480 2342 3689 2413 piorum

2113 2438 2487 2500 pr0pugnator
2512 2429 2835 2494 exstitisset,
2866 2430 3039 2485 solum
3068 2448 3195 2490 vere
3224 2435 3392 2489 Deum
3426 2451 3548 2491 esse
3567 2437 3693 2506 qui-

2113 2524 2216 2578 bus
2259 2525 2488 2595 quisque
2538 2532 2762 2594 poterat
2806 2526 2988 2581 verbis
3040 2527 3464 2583 conﬁtebantur.
3524 2528 3691 2589 Nobis

2112 2619 2538 2687 veroprmcipue
2568 2618 2657 2687 qui
2682 2634 2831 2688 spem
2857 2636 3072 2676 omnem
3120 2622 3173 2675 in
3203 2620 3425 2677 Christo
3459 2624 3688 2693 positam

2112 2707 2397 2773 habemus,
2435 2709 2772 2767 incredibilis
2802 2712 3046 2781 quardam
3075 2713 3250 2767 inerat
3276 2713 3484 2778 imtitia,
3519 2725 3578 2768 et
3602 2715 3686 2778 di-

2110 2798 2235 2851 vina
2263 2800 2514 2868 quaedam
2555 2800 2808 2856 hilaritas
2832 2802 2883 2856 in
2911 2804 3153 2858 omnium
3195 2804 3343 2857 vultu
3370 2805 3643 2859 emicabat
3672 2822 3688 2871 ;

2110 2907 2232 2945 cum
2262 2893 2378 2947 loca
2409 2903 2607 2949 cuncta
2649 2909 2770 2964 qua:
2822 2906 3176 2967 tyrannorum
3223 2897 3476 2969 impietas
3524 2900 3690 2970 paulo

2110 2993 2237 3037 ante
2264 2983 2573 3045 subruerat.
2608 2994 2865 3055 tanquam
2903 3003 2968 3042 ex
2999 2989 3258 3043 diuturna
3312 3005 3379 3045 ac
3427 2993 3685 3059 pestifera

2108 3073 2231 3129 labe
2274 3076 2603 3130 reviviscere
2661 3078 3018 3133 videremus:
3054 3078 3363 3148 templaque
3416 3095 3606 3135 rursus
3656 3097 3684 3134 a

2107 3165 2223 3219 solo
2255 3167 2307 3219 in
2332 3167 2651 3222 immensam
2681 3168 3018 3223 altitudinem
3039 3170 3197 3239 erigi,
3217 3172 3448 3240 etlouge
3477 3171 3685 3242 majore

2106 3257 2253 3310 cultu
2283 3272 2347 3312 ac
2375 3257 2665 3329 splendore
2694 3274 2855 3329 quam
2888 3260 2976 3315 illa
3027 3276 3147 3330 qua:
3182 3262 3331 3330 prius
3377 3273 3685 3334 expugnata

416 3330 648 3407 στιανῶν
675 3352 1037 3424 νομοθεσίαις,
1083 3352 1152 3407 τὰ
1190 3352 1291 3424 τῆς
1328 3330 1555 3406 ἐκήθεοῦ
1590 3330 2003 3426 μεγαλώωρεᾶς

2106 3350 2336 3413 fuissent
2366 3350 2649 3407 nitescere.
2676 3350 2816 3417 Quin
2858 3352 3023 3405 etiam
3077 3352 3175 3422 ipsi
3223 3367 3403 3406 rerum
3443 3330 3681 3416 domini.

413 3443 546 3513 ἡμῖν
573 3445 652 3506 εἰς
687 3443 895 3514 μακρὸν
928 3441 1007 3495 ἔτι
1036 3441 1132 3495 καὶ
1163 3439 1347 3512 μεῖζον
1380 3443 1696 3513 ὲκράτυνον,
1725 3442 1916 3511 ἐφοίτα
1944 3442 2002 3496 δὲ

413 3533 511 3588 καὶ
558 3535 640 3598 εἰς
683 3534 974 3605 πρόσωπον
1013 3533 1334 3596 ἐπισκόποις
1370 3533 1633 3604 βασιλέως
1671 3534 1998 3605 γράμματα,

413 3624 508 3677 καὶ
538 3625 694 3694 τιμαὶ
723 3624 819 3678 καὶ
844 3623 1143 3695 χρημάτων
1184 3623 1360 3688 δόσεις
1379 3640 1392 3654 ο
1429 3616 1505 3678 ὧν
1533 3625 1634 3678 οὐκ
1658 3625 1765 3678 ἀπὸ
1796 3624 1999 3699 τρόπου

412 3716 608 3785 γένοιτ’
638 3717 705 3771 ἂν
738 3716 880 3771 κατὰ
920 3716 1011 3770 τὸν
1043 3717 1391 3789 προσήκοντα
1433 3716 1625 3787 καιρὸν
1669 3716 1764 3771 τοῦ
1813 3716 1996 3786 λόγου,

410 3807 601 3879 ὥσπερ
628 3809 687 3862 ἐν
723 3808 844 3879 ἱερᾷ
874 3807 1073 3880 στήλῃ,
1104 3807 1231 3879 τῇδε
1263 3809 1328 3878 τῇ
1360 3806 1557 3878 βίϐλῳ,
1589 3806 1687 3871 τὰς
1715 3806 1899 3877 φωνὰς
1931 3810 1995 3861 ὲκ

409 3897 509 3970 τῆς
548 3899 835 3971 Ῥωμαίων
864 3899 957 3953 ἐπὶ
976 3899 1075 3971 τὴν
1108 3899 1333 3954 Ἐλλάδα
1360 3899 1612 3969 γλῶσσαν
1638 3897 1997 3970 μεταληφθεί-

409 4006 512 4054 σας
539 3990 857 4064 ἐγχαράξαι,
891 3992 967 4056 ὡς
993 3991 1061 4046 ἂν
1093 3992 1188 4046 καὶ
1218 3995 1329 4056 τοῖς
1365 3991 1485 4065 μεθ’
1516 3993 1664 4064 ἡμᾶς
1692 3991 1866 4046 ἆπασι
1894 3991 1993 4061 φέ-

410 4097 589 4153 ροιντο
619 4082 708 4136 διὰ
738 4083 980 4153 μνήμης.

2106 3441 2312 3497 crebris
2341 3456 2440 3511 pro
2490 3441 2927 3498 Christianorum
2989 3442 3247 3513 religione
3302 3443 3510 3514 legibus
3554 3459 3670 3514 pro-

2106 3534 2361 3603 mulgatis
2391 3535 2559 3590 divini
2606 3550 2733 3606 erga
2776 3550 2875 3590 nos
2917 3535 3168 3590 beneﬁcii
3220 3536 3679 3605 magnificentiam

2103 3626 2526 3693 conﬁrmantes,
2579 3642 2876 3697 prorogare
2924 3628 3055 3683 illud
3136 3638 3298 3697 atque
3351 3629 3682 3700 amplificare

2103 3718 2447 3775 studuerunt.
2474 3718 2695 3775 Littera:
2723 3734 2940 3791 quoque
2968 3721 3037 3774 ad
3081 3722 3366 3792 episcopos
3402 3722 3552 3793 ipsos
3583 3738 3681 3778 no-

2103 3808 2348 3864 minatim
2398 3811 2711 3879 perscriptae
2764 3820 2892 3865 sunt
2929 3812 2995 3867 ab
3047 3812 3408 3883 imperatore;
3447 3813 3687 3868 honores

2102 3899 2245 3953 aucti
2278 3909 2332 3953 et
2362 3900 2605 3969 pecunia:
2634 3903 2868 3955 donatae.
2910 3902 3150 3969 Quarum
3195 3903 3417 3974 quidem
3466 3905 3686 3960 littera.

2104 4003 2221 4043 riun
2257 3992 2422 4045 verba
2450 4006 2517 4045 ex
2545 3990 2739 4047 Latina
2764 3993 2944 4061 lingua
2986 3994 3039 4048 in
3088 3992 3336 4049 Gnaeum
3369 4002 3682 4049 sermonem

2105 4078 2388 4144 translata,
2438 4082 2492 4135 in
2548 4082 2648 4138 hoc
2712 4083 2851 4138 libro
2909 4092 3169 4153 tanquam
3227 4084 3282 4139 in
3328 4094 3681 4140 sacrosancta.

409 4172 639 4240 quadam
687 4173 868 4227 tabula
933 4182 1237 4244 opportune
1281 4173 1582 4230 inscribere
1618 4187 1724 4229 non
1779 4172 2012 4229 alienum
2056 4174 2185 4240 erit,
2239 4184 2297 4230 ut
2344 4175 2585 4231 omnium
2608 4176 2699 4245 qui
2729 4185 2852 4247 post.
2880 4178 2995 4234 hanc
3022 4180 3229 4232 venturi
3258 4187 3684 4248 suntperpetua

410 4264 686 4319 memorias
721 4268 1195 4321 commendentur.

936 4357 1335 4415 ΚΕΦΑΛΑῙΟΝ
1378 4357 1451 4415 I".

550 4448 689 4516 Περὶ
731 4446 867 4518 τῶν,
884 4447 1035 4502 κατὰ
1070 4448 1271 4503 πάντα
1302 4451 1491 4504 τόπον
1531 4448 1850 4518 ἑγκαινίων

898 4518 1036 4587 (Nic.
1063 4519 1135 4577 Η.
1165 4518 1233 4573 Ε.
1260 4535 1357 4582 vn,
1380 4522 1495 4589 40).

484 4605 611 4660 Ἐπὶ
641 4606 700 4661 δὲ
726 4606 962 4672 τούτοις,
1009 4608 1073 4661 τὸ
1116 4612 1281 4663 πᾶσιν
1320 4611 1570 4664 εὐκταῖον
1600 4611 1733 4681 ἡμῖν
1766 4608 1858 4662 καὶ
1890 4625 1986 4662 πο-

474 4700 519 4733 ⁶⁸
537 4700 807 4766 Psal.xr.v,
832 4702 888 4767 9,
915 4702 1002 4758 10.
1079 4702 1123 4736 ⁸¹
1144 4702 1285 4759 Psal.
1306 4720 1490 4771 xxxvi,
1514 4705 1607 4771 55,
1632 4703 1721 4758 56.

2712 4356 2942 4413 CAPUT
2967 4356 3051 4412 iii.

2310 4449 2388 4504 De
2416 4450 2753 4504 ecclesiarum
2796 4449 2987 4516 ubique
3016 4445 3459 4500 dedicationibus.

2171 4606 2297 4663 Post
2331 4607 2446 4663 Iuec
2468 4607 2705 4663 votivum
2736 4607 2897 4663 nobis
2921 4622 2986 4663 ac
3035 4600 3401 4662 desideratum
3451 4616 3672 4676 κρίσιος

474 4792 589 4869 (89)
624 4794 776 4869 Οὐδέ
825 4790 1043 4869 τις-ᾖν
1089 4796 1211 4863 τοῖς
1261 4798 1484 4864 ἔξωθεν
1514 4799 1620 4854 τοῦ
1669 4799 1799 4855 καθ’
1829 4798 1989 4869 ἡμᾶς

2106 4805 2320 4869 ςιιηῑ,ιιῑ
2347 4803 2561 4869 constet
2585 4811 2750 4869 quam
2774 4795 3000 4869 arduum
3018 4792 3107 4869 _sit
3127 4807 3191 4847 ac
3218 4793 3445 4869 minime
3470 4794 3673 4863 procii-
3698 4854 3703 4859 ,

409 4862 619 4937 θιάσου
647 4867 891 4937 φθόνος.
928 4862 1121 4937 Mirum
1153 4862 1239 4922 est
1280 4862 1421 4924 hanc
1457 4871 1710 4937 loquendi
1754 4862 1983 4924 formam

409 4933 474 4987 ab
502 4936 895 5003 interpretibus
932 4936 1264 4991 intellectam
1308 4954 1417 4993 non
1453 4933 1641 4994 fuisse.
1672 4938 1809 4993 Nam
1828 4938 1986 4993 Ruﬁ-

407 5005 755 5078 nusquidem
788 5007 865 5078 ita
905 5007 1112 5059 vertit:
1143 5006 1255 5061 Nec
1291 5024 1513 5077 usquam
1541 5011 1635 5078 qui
1674 5009 1786 5064 hac
1831 5011 1987 5062 aliter

408 5073 680 5143 aspiceret,
705 5074 899 5127 lividus
931 5087 1201 5143 supererat
1235 5073 1439 5131 oculus.
1473 5073 1728 5133 Ruﬁnum
1763 5088 1985 5134 secutus

404 5152 488 5216 est
524 5142 821 5199 Musonius.
868 5144 1411 5216 Christopborsonus
1442 5162 1574 5203 vero
1622 5147 1786 5216 paulo
1823 5148 1984 5204 aliter

406 5212 796 5287 interpretatus
820 5224 905 5269 est
948 5215 1052 5287 hoc
1077 5212 1237 5287 modo
1268 5235 1280 5270 :
1315 5234 1339 5287 ς
1371 5215 1480 5272 Nec
1507 5212 1802 5287 gentilibus
1834 5220 1982 5273 hunc

408 5281 933 5356 nostrunrinsignem
957 5286 1290 5356 triumphum
1314 5286 1455 5340 Deus
1486 5281 1699 5340 invidit.
1728 5305 1747 5337 ι
1774 5288 1856 5341 Ex
1874 5303 1982 5356 quo

405 5362 631 5435 apparet
650 5351 800 5435 illam
825 5369 1012 5435 vocem
1027 5351 1221 5409 θίασον
1244 5371 1344 5435 pro
1371 5357 1636 5435 triumpho
1660 5351 1977 5435 sumpsisse2

404 5430 460 5495 et
494 5421 913 5495 verba_Eusebii
945 5425 1021 5478 ita
1052 5421 1422 5480 construxisse
1451 5441 1466 5477 :
1497 5421 1690 5495 φθόνος
1711 5421 1805 5479 τοῦ
1855 5425 1979 5483 καθ’

408 5489 972 5563 ἡμᾶς’-θιάσου·ηουηι
1030 5495 1103 5548 ita
1159 5496 1334 5563 potius
1399 5489 1760 5549 conétrueuda
1826 5502 1976 5551 sint:

405 5559 516 5635 ea;
536 5559 850 5635 έξωθεντοῦ
874 5562 996 5617 καθ’
1025 5559 1174 5635 ἡμᾶς
1203 5564 1412 5630 θιάσου,
1442 5566 1493 5617 id
1520 5574 1603 5617 est
1633 5567 1908 5620 extraneis
1926 5577 1983 5620 et

404 5633 599 5684 alienis
627 5646 656 5682 a
688 5633 791 5700 ﬁde
824 5645 1025 5688 nostra.
1049 5633 1194 5700 Quis
1221 5652 1323 5688 non
1358 5636 1587 5688 miretur
1610 5643 1690 5689 tot
1712 5651 1775 5690 ac
1801 5645 1981 5691 tantos

403 5699 770 5773 erroreslMe
791 5699 1268 5770 certejamtzedet,
1304 5706 1594 5758 totmenda
1626 5705 1978 5773 interpretqu

405 5778 619 5829 notare.
655 5772 783 5834 Quae
819 5783 996 5828 tamen
1049 5773 1236 5834 lectori
1289 5776 1361 5830 ob
1402 5774 1589 5830 oculos
1631 5772 1980 5843 prominentia

2092 4883 2176 4931 ve,
2227 4863 2295 4921 in
2329 4866 2572 4934 antiquis
2608 4863 2975 4932 scriptoribus
3017 4864 3445 4932 interpretandis
3482 4879 3671 4920 verum

2089 4938 2290 5012 ubique
2314 4950 2537 4989 sensum
2563 4936 2819 5012 assequi._
2873 5002 2899 5012 __
3004 5000 3031 5012 ρ

2162 5000 2276 5077 (90)
2307 5000 2766 5077 Συναπολαύεξν
2786 5002 2931 5073 ἡμῖν
2950 5000 3077 5077 Δτῶν
3106 5002 3277 5077 ἴσων,
3308 5000 3463 5077 iiunc
3490 5002 3670 5057 locum

2089 5073 2191 5133 nec
2223 5074 2498 5129 Musonius
2543 5090 2643 5128 nec
2692 5073 3221 5141 Christopborsonus
3257 5073 3669 5127 intellexerunt.

2090 5149 2183 5200 Sic
2216 5154 2396 5219 autem
2424 5144 2798 5219 emendandus
2838 5153 2923 5219 est
2947 5159 2976 5219 _:
3019 5142 3415 5219 συναπολαύειν
3450 5145 3585 5215 ἡμῖν
3619 5145 3702 5219 εἰ,

2091 5216 2168 5289 μὴ
2199 5214 2308 5270 τῶν
2332 5213 2482 5289 fatim,
2522 5214 2807 5289 ἀπορροῆς
2842 5211 2887 5265 δ’
2914 5207 3009 5266 οὖν
3032 5213 3206 5283 ὅμως,
3233 5224 3445 5289 et_post
3472 5207 3666 5289 vocem
3690 5207 3725 5247 λ

2088 5281 2563 5358 πρυτανευθέντων
2610 5281 2905 5336 ﬁniendum
2941 5293 3027 5358 est
3064 5281 3247 5358 caput.
3280 5281 3396 5358 Non
3426 5282 3669 5351 cujusvis

2085 5351 2208 5410 erat
2259 5357 2403 5409 hunc
2432 5355 2606 5407 locum
2642 5358 2957 5406 emendare.
2987 5351 3348 5417 Quamobrem
3377 5352 3667 5421 ignoscen-

2088 5428 2213 5478 dum
2268 5433 2352 5477 est
2409 5422 2907 5491 Christophnrsono
2956 5432 3013 5475 et
3054 5421 3323 5486 Musculo,
3362 5423 3662 5491 quivere":

2089 5495 2251 5558 hujus
2300 5492 2404 5547 loci
2460 5489 2898 5546 emendationem
2953 5506 3058 5546 non
3106 5489 3392 5546 viderunt.
3433 5489 3665 5544 Ruﬁnus

2084 5566 2307 5635 quidem
2368 5563 2444 5616 ita
2493 5563 2729 5635 v_idetur_
2769 5561 2983 5635 legisse,
3017 5571 3192 5635 prout
3232 5559 3659 5635 emendmimus.

2086 5629 2181 5688 Sic
2221 5635 2366 5687 enim
2406 5631 2613 5688 vertit:
2643 5648 2665 5682 ι
2697 5630 2801 5684 Sed
2825 5629 3029 5685 'cuncti
3068 5629 3324 5687 mortales
3369 5630 3664 5695 tyrannicae

2086 5718 2208 5777 quae
2236 5702 2568 5777 praeterierat
2596 5700 2936 5756 crudelitatis
2962 5700 3210 5763 horrore,
3249 5699 3413 5753 etiam
3442 5698 3486 5777 si
3524 5712 3659 5755 πτολις

2089 5770 2217 5828 dum
2253 5774 2382 5839 ﬁde,
2409 5773 2550 5828 votis
2582 5782 2761 5840 tamen
2794 5785 2914 5851 qua:
2950 5779 3132 5824 nostra
3165 5778 3291 5831 sum
3326 5770 3663 5838 amplecteq.
