4220 6386
580 302 688 367 817

1287 306 1561 366 EUSEBH
1596 306 2079 365 CESARIENSIS
2118 307 2277 366 OPP.
2318 262 2503 367 PARS
2540 313 2585 367 ι.
2625 341 2696 355 --
2729 311 3130 371 HlSTORlCA.

3737 324 3847 381 848

583 428 766 485 culum
790 423 1151 497 praebebatur,
1178 424 1584 481 dedicationum
1629 425 1842 481 scilicet
1889 425 2150 482 festivitas

2263 424 2356 509 θού
2365 444 2524 498 μενον
2546 432 2921 502 συνεκροτεῖτο
2943 430 3142 502 θέαμα,
3178 431 3471 502 ὲγκαινίων
3498 435 3686 508 ἑορταὶ
3710 441 3849 494 κατὰ

582 535 683 591 per
714 518 1163 591 singulas'urbes,
1195 526 1253 572 et
1282 518 1653 572 orator-iurum
1690 532 1882 574 recens
1924 527 2160 573 structo-

581 628 706 669 rum
735 613 1195 669 consecrationes.
1222 608 1306 663 Ad
1335 610 1452 665 haec
1488 610 1864 679 episcoporum
1916 622 2159 663 conven-

580 715 704 770 tus;
734 703 1147 775 peregrinorum
1200 701 1271 755 ab
1309 703 1557 757 externis
1608 710 1662 754 et
1704 699 1895 771 procul
1952 699 2160 754 dissitis

577 795 893 866 regionibus
940 804 1274 860 concursus;
1309 792 1626 864 populorum
1682 803 1867 846 mutua
1910 791 2054 846 inter
2099 805 2160 844 se

572 887 821 945 cbaritas
871 902 937 943 ac
988 888 1388 951 benevolentia,
1426 902 1548 942 cum
1605 886 1847 940 membra
1913 886 2160 955 corporis

569 981 780 1038 Christi
824 980 879 1035 in
944 995 1106 1036 unam
1156 995 1476 1051 compagem
1520 978 1907 1034 coalescerent.
1969 978 2159 1047 Itaque

566 1076 724 1148 juxta
758 1074 1131 1146 propheticum
1161 1073 1439 1128 oraculum
1478 1086 1592 1142 quo
1644 1086 1707 1124 ea
1758 1085 1879 1139 qua:
1930 1080 2157 1126 ventura

564 1175 732 1222 erant
752 1168 850 1222 sub
874 1181 1075 1221 arcana
1101 1164 1583 1234 quadamimagine
1598 1163 2030 1231 praedicebantur
2052 1162 2100 1194 "
2137 1181 2152 1218 :

570 1256 721 1315 1'03
756 1259 1049 1329 aptabatur
1096 1256 1235 1321 ossi,
1286 1263 1348 1309 et
1401 1255 1659 1325 iunctura
1711 1255 2003 1325 juncturac.
2039 1271 2058 1305 ›
2090 1253 2156 1308 Ει

564 1346 733 1422 371
768 1362 1101 1418 quacumque
1135 1345 1237 1400 alia
1271 1345 1413 1399 idem
1448 1343 1803 1414 propheticus
1834 1357 2018 1397 sermo
2049 1344 2151 1398 sub

570 1440 826 1494 obscuris
864 1436 1157 1492 verborum
1192 1434 1489 1488 involucris
1527 1447 1656 1487 vere
1688 1433 1877 1502 utique
1912 1447 2157 1501 pronun-

573 1532 751 1587 tiavit.
788 1531 903 1587 Una
926 1540 1048 1585 erat
1076 1529 1242 1585 divini
1274 1527 1518 1597 Spiritus
1553 1527 1728 1580 virtus
1763 1539 1861 1595 per
1891 1525 2151 1580 universa

566 1636 891 1676 commeans
948 1620 1227 1683 membra;
1304 1632 1414 1671 una
1466 1617 1709 1671 omnium
1763 1615 1981 1682 anima;
2051 1629 2153 1668 ea-

568 1714 697 1768 dem
727 1712 985 1766 alacritas
1004 1711 1183 1777 ﬁdei;
1216 1725 1360 1763 unus
1390 1708 1633 1764 omnium
1664 1717 1984 1772 concentus,
2015 1705 2151 1760 divi-

2265 524 2451 589 πόλεις
2482 526 2575 579 καὶ
2602 525 2712 579 τῶν
2746 527 2870 600 ἄρτι
2897 529 3181 599 νεοπαγῶν
3213 532 3669 602 προσευκτηρίων
3694 534 3849 602 ἀφιε-

2265 615 2495 688 ρώσεις,
2531 618 2847 673 ἐπισκόπων
2880 638 2938 673 τε
2984 622 3078 673 ἐπὶ
3122 621 3287 675 ταυτδ
3329 621 3703 688 συνελεύσεις,
3740 624 3851 678 τῶν

2263 708 2543 780 πόρρωθεν
2577 709 2635 776 ἐξ
2675 710 2981 784 ἀλλοδαπῆς
3018 712 3347 784 συνδρομαὶ,
3387 712 3533 767 λαῶν
3569 716 3652 777 είς
3689 713 3849 779 λαοὺς

2264 799 2698 872 φιλοφρονήσεις,
2729 801 2836 855 τῶν
2857 803 3093 874 Χριστοῦ
3125 803 3375 874 σώματος
3403 804 3582 874 μελῶν
3608 806 3689 868 είς
3718 805 3849 875 μίαν

2263 890 2555 944 συνιόντων
2603 892 2866 963 ἁρμονίαν
2911 892 3105 957 ’ἐνωσις
3158 894 3290 966 (9i).
3342 895 3618 965 Συνήγετο
3669 895 3715 949 δ’
3755 893 3847 951 οὖν

2260 977 2571 1043 ἀκολούθως
2596 982 2901 1052 προρρήσει
2922 986 3233 1056 προφητικῇ
3264 984 3545 1053 μυστικῶς
3571 985 3634 1038 τὸ
3659 985 3847 1057 μέλλον

2261 1070 2714 1143 προσημαινούσῃ
2737 1088 2749 1104 ·
2785 1090 2803 1123 ι
2827 1072 3041 1125 Ὀστέον
3074 1074 3211 1145 πρὸς
3246 1075 3453 1139 ὀστέον,
3486 1078 3581 1130 καὶ
3613 1077 3852 1147 ἁρμονία

2260 1161 2398 1233 πρὸς
2429 1162 2693 1232 ἁρμονίαν
2713 1180 2727 1193 ·
2755 1181 2774 1215 r
2810 1163 2905 1217 καὶ
2938 1162 3039 1216 ὅσα
3070 1163 3340 1229 θεσπίζων
3366 1169 3394 1220 ό
3426 1164 3584 1235 λόγος
3615 1166 3683 1221 δι’
3708 1170 3847 1223 αἰνι-

2257 1248 2484 1318 γμάτων
2532 1248 2781 1319 ἁψευδῶς
2826 1254 3266 1323 προανετείνετο.
3324 1255 3439 1309 Μία
3483 1273 3544 1309 τε
3586 1251 3657 1328 ἦν
3698 1258 3849 1313 θείου

2257 1338 2576 1411 Πνεύματος
2596 1341 2685 1395 διὰ
2714 1344 2934 1397 πάντων
2961 1344 3071 1399 τῶν
3102 1346 3281 1417 μελῶν
3310 1347 3566 1418 χωροῦσα
3597 1348 3845 1420 δύναμις,

2257 1430 2352 1482 καὶ
2377 1429 2522 1502 ψυχὴ
2554 1432 2664 1486 τῶν
2696 1435 2914 1488 πάντων
2952 1435 3048 1506 μία
3068 1477 3083 1503 ,
3119 1438 3213 1491 καὶ
3239 1437 3518 1509 προθυμία
3545 1439 3779 1505 πίστεως
3810 1442 3845 1514 ἡ

2256 1522 2415 1592 αὑτὴ,
2457 1524 2551 1577 καὶ
2581 1519 2664 1588 εἷς
2692 1525 2751 1592 ἐξ
2777 1527 3032 1581 ἁπάντων
3064 1528 3346 1597 θεολογίας
3373 1528 3541 1600 ὕμνος
3566 1530 3676 1601 (92)
3700 1548 3713 1561 ·
3756 1532 3848 1587 ναὶ

2258 1613 2364 1686 μὴν
2391 1616 2485 1667 καὶ
2526 1615 2637 1669 τῶν
2670 1619 3100 1689 προηγουμένων
3132 1619 3367 1684 ἐντελεῖς
3403 1621 3729 1693 θρησκεῖαι,
3767 1627 3845 1678 ἱε-

2259 1707 2510 1780 ρουργίαι
2553 1725 2614 1762 τε
2666 1708 2776 1763 τῶν
2824 1712 3169 1783 ἱερωμένων,
3218 1713 3313 1767 καὶ
3349 1712 3675 1785 θεοπρεπεῖς
3719 1717 3844 1770 Ἑκ-

569 1807 799 1858 nitatem
826 1804 1043 1874 hymnis
1078 1801 1496 1857 celebrantium.
1528 1799 1648 1857 Jam
1682 1815 1814 1854 vero
1843 1798 2147 1853 antistitum

2252 1798 2481 1870 κλησίας
2512 1797 2737 1868 θεσμοί·
2782 1791 2884 1852 ὧδε
2923 1802 3020 1870 μὲν
3067 1800 3407 1871 ψαλμῳδίαις
3437 1804 3546 1873 (95)
3581 1804 3678 1858 καὶ
3723 1809 3845 1870 ταῖς

569 1895 992 1951 absolutissima
1040 1894 1405 1959 cmrctnonim,
1457 1903 1513 1949 et
1568 1900 1825 1946 accurata
1872 1889 2149 1945 sacriﬁcia

568 1989 938 2055 sacerdotum,
969 1997 1025 2042 et
1057 1986 1225 2041 divini
1246 1987 1486 2058 .quidam
1521 1984 1857 2057 angustique
1892 1981 2152 2037 Ecclesiae

571 2083 737 2147 ritus;
782 2081 909 2136 hinc
944 2080 1201 2150 .psalmos
1251 2079 1566 2134 canentium
1618 2085 1674 2131 et
1710 2075 1950 2144 reliquas
1993 2076 2152 2129 nobis

565 2173 1090 2229 divinitustraditas
1113 2186 1277 2227 voces
1301 2168 1725 2227 auscultantium
1759 2187 1771 2223 :
1798 2166 1945 2221 illinc
1968 2165 2149 2219 divina

560 2275 623 2319 et
653 2279 853 2319 arcana
898 2264 1216 2319 abeuntium
1263 2262 1594 2316 ministeria.
1649 2258 1876 2328 Mystica
1931 2271 2149 2327 quoque

561 2355 834 2411 salutaris
866 2353 1139 2423 passionis
1188 2353 1433 2425 symbola
1487 2351 1868 2406 tradebantur.
1906 2349 2149 2418 Denique

560 2448 751 2504 omnis
782 2456 917 2502 artas
944 2457 1001 2501 et
1027 2447 1337 2518 promiscua
1370 2444 1658 2513 utriusque
1694 2454 1855 2495 sexus
1900 2439 2148 2493 multitu-

566 2542 662 2603 do,
697 2548 810 2593 toto
837 2547 1061 2607 pectore
1097 2536 1510 2607 preCationibus
1549 2544 1605 2590 et
1645 2537 1950 2609 gratiarum
1977 2531 2149 2586 actio-

566 2630 728 2685 nibus
760 2629 1107 2694 incumbens,
1159 2644 1280 2683 cum
1334 2643 1544 2683 summa
1599 2629 1905 2682 animorum
1959 2622 2143 2679 ltetitia

2250 1888 2466 1954 λοιπαῖς
2487 1889 2596 1943 τῶν
2621 1889 2807 1944 θεόθεν
2830 1893 2962 1962 ἡμῖν
2999 1892 3409 1965 παραδοθεισῶν
3433 1894 3625 1964 φωνῶν
3649 1896 3841 1969 ἀκροά-

2253 1995 2440 2042 σεσιν,
2478 1972 2579 2033 ὧδε
2614 1979 2671 2032 δὲ
2713 1979 2885 2043 θείαις
2930 1982 3026 2035 καὶ
3070 1987 3359 2053 μυστικαῖς
3397 1984 3842 2057 ὲπιτελουμέναις

2250 2070 2584 2132 διακονίαις’
2626 2070 2895 2140 σωτηρίου
2935 2088 2995 2123 τε
3034 2068 3104 2143 ἦν
3146 2074 3352 2139 πάθους
3384 2076 3670 2148 ἀπόρρητα
3706 2078 3840 2150 σύμ-

2252 2157 2383 2211 ϐολα
2429 2156 2563 2228 (94).
2623 2157 2790 2227 ὐμοῦ
2840 2158 2899 2211 δὲ
2936 2160 3047 2213 πᾶν
3086 2161 3243 2228 γένος
3275 2162 3490 2233 ἡλικίας
3522 2166 3751 2237 ἄρρενός
3779 2185 3840 2221 τε

2254 2251 2350 2304 κα).
2383 2249 2573 2322 θήλεος
2609 2249 2857 2319 φύσεως,
2905 2251 3006 2323 ὅλῃ
3053 2252 3294 2317 διανοίας
3345 2256 3517 2325 ἰσχύϊ,
3564 2257 3631 2310 δι’
3666 2259 3841 2331 εὐχῶν

2254 2343 2349 2397 καὶ
2374 2342 2726 2414 εὐχαριστίας
2755 2342 3012 2414 γεγηθότι
3038 2342 3114 2414 νῷ
3143 2346 3234 2398 καὶ
3254 2347 3423 2418 ψυχῇ,
3454 2348 3545 2403 τὸν
3570 2349 3679 2403 τῶν
3702 2353 3838 2420 ἀγα-

2253 2434 2361 2488 θῶν
2392 2435 2679 2507 παραίτιον
2705 2434 2838 2487 Θεὸν
2866 2436 3174 2507 ἐγέραιρον.
3213 2438 3411 2493 Ἐκίνει
3443 2440 3500 2494 δὲ
3526 2444 3621 2495 καὶ
3648 2442 3838 2511 λόγους

2252 2527 2399 2591 ἄπας
2445 2526 2554 2579 τῶν
2608 2526 2894 2598 παρόντων
2940 2529 3216 2600 ἀρχόντων
3269 2536 3712 2605 πανηγυρικοὺς,
3762 2534 3838 2599 ὡς

2252 2620 2467 2690 ἑκάστῳ
2497 2619 2681 2690 παρῆν
2713 2618 3019 2689 δυνάμεως,
3052 2621 3281 2687 θειὰζων
3312 2625 3411 2694 τὴν
3441 2626 3771 2698 πανήγυριν.

562 2723 738 2782 Deum
772 2726 1042 2781 bonorum
1080 2734 1361 2780 auctorem
1437 2725 1827 2780 venerabatur.
1855 2721 1964 2777 Sed
2005 2729 2061 2774 et
2114 2714 2482 2774 Ecclesiarum
2520 2714 2792 2769 antistites
2842 2725 3109 2783 quotquot
3170 2717 3419 2786 aderant,
3477 2723 3838 2790 panegyricas

560 2823 846 2879 habebant
891 2823 1195 2888 orationes;
1237 2831 1292 2876 et
1326 2831 1588 2890 quantum
1626 2822 1856 2891 quisque
1891 2816 2108 2890 ingenio
2144 2818 2383 2885 poterat,
2413 2817 2741 2866 conventum
2771 2809 3022 2866 laudibus
3059 2813 3321 2869 extollere
3342 2815 3659 2871 studebant.

1166 2916 1394 2973 CAPUT
1436 2916 1523 2972 IV.

2780 2904 3188 2961 ’ΚΕΦᾹΛΑΙΟΝ
3218 2911 3293 2963 Δ’.

560 3007 761 3063 Oratio
804 3009 1122 3080 panegyrici:
1162 3009 1226 3063 de
1267 3009 1543 3073 splendore
1566 3017 1615 3061 et
1642 3007 1814 3078 gloria
1844 3020 2021 3059 rerum
2047 3020 2142 3058 no-

2251 2994 2665 3069 Πανηγυρικὸς
2687 2995 2902 3080 ἐπὶ-,τῆ
2924 2996 3444 3080 ζῷνῇπραπμςίτων
3463 2997 3829 3069 φαιδρότητα.

1224 3090 1334 3135 stra
1343 3095 1477 3131 rum.

634 3171 813 3239 Atque
846 3168 1045 3241 aliquis
1071 3169 1153 3224 vir
1183 3169 1475 3225 mediocris
1497 3166 1675 3222 meriti
1706 3166 1796 3237 qui
1832 3164 2142 3236 lmjusmodi

549 3262 871 3318 'orationem
922 3270 1325 3332 composuerat,
1383 3261 1437 3315 in
1497 3260 1734 3314 medium
1790 3272 2138 3329 progressus,

565 3354 927 3427 prementibus
969 3363 1031 3410 ut
1066 3355 1120 3410 in
1169 3354 1546 3410 ecclesiastico
1577 3361 1847 3408 conVentu
1891 3350 2142 3423 plurimis

565 3450 899 3521 pastoribus,
946 3458 1002 3503 et
1043 3448 1245 3504 decore
1300 3463 1366 3503 ac
1408 3448 1621 3518 placide
1658 3444 2138 3502 auscultantibus:

566 3542 632 3596 ad
655 3556 821 3596 unum
856 3555 924 3596 ex
975 3539 1084 3595 illis
1140 3554 1441 3595 conversus
1470 3538 1632 3594 facile
1665 3539 1907 3593 omnium
1941 3536 2143 3606 princi-

563 3650 711 3703 pem,
745 3633 966 3704 Dcoque
994 3633 1432 3703 acceptissimum
1479 3633 1819 3704 episcopum,
1845 3633 2001 3701 cujus
2024 3641 2138 3687 stu-

564 3727 655 3781 dio
684 3727 945 3796 templum
996 3725 1127 3779 illud
1174 3726 1227 3779 in
1262 3726 1396 3781 urbe
1433 3724 1579 3796 Tyro
1624 3734 1745 3779 erat
1773 3735 2139 3788 exstructum,

564 3817 807 3871 omnium
833 3832 953 3887 qum
982 3818 1034 3871 in
1060 3816 1321 3873 Plitenice
1350 3828 1475 3873 sunt
1501 3817 1658 3888 longe
1684 3817 2136 3889 pulcherrimum,

565 3909 639 3963 ita
679 3908 843 3964 verba
881 3908 1056 3964 fecit:

634 4047 681 4080 “
700 4046 902 4102 Ezech.
922 4048 1193 4114 xxxvuﬂ.

553 4169 664 4220 les.
699 4167 875 4233 r-ane
890 4166 1063 4220 verba
1097 4164 1221 4219 licet
1243 4180 1271 4217 a
1306 4179 1465 4220 sensu
1504 4164 1716 4219 Eusebii
1740 4165 1952 4235 longius
1980 4180 2135 4221 rece-

561 4239 714 4301 dant,
740 4238 958 4306 aliquod
981 4246 1161 4292 tamen
1193 4236 1369 4291 adhuc
1397 4237 1682 4305 vestigium
1716 4252 1861 4292 vera:
1889 4238 2137 4293 lectionis

562 4308 818 4361 retinent.

628 4376 1083 4447 (91)Είςμιαν...
1104 4375 1395 4446 ἁρμονίαν
1408 4374 1638 4447 ἓνωοζις.
1657 4375 1801 4447 Editi
1836 4385 1992 4432 antea
2021 4378 2155 4432 ἕνω-

560 4462 665 4500 σιν.
693 4445 916 4503 Rectius
939 4448 993 4501 in
1020 4448 1300 4501 codicibus
1330 4447 1530 4499 nostris
1557 4445 1671 4499 Maz
1703 4484 1719 4507 ,
1744 4445 1889 4499 Med.
1926 4457 1979 4502 et
2000 4447 2132 4506 Sav.

560 4515 756 4585 legitur
798 4518 863 4581 ἐς
910 4520 1037 4587 μίαν
1072 4516 1360 4571 συνιόντων
1393 4516 1657 4587 ἁρμονίαν
1686 4515 1900 4582 ἓνωσις,
1933 4526 1993 4572 ιιι
2017 4520 2136 4573 edi-

560 4535 756 4585 regttur
798 4535 863 4581 ες
954 4535 1037 4570 ιαν
1072 4535 1360 4571 συνιοντων
1393 4535 1657 4587 αρμονιαν
1687 4535 1697 4568 ι

555 4601 703 4658 mus.
738 4587 811 4641 In
833 4535 969 4643 nuli.
998 4589 1183 4658 etiam
1200 4585 1697 4658 legiturtltptaovt'av.

620 4657 743 4727 (9‘2)
772 4655 1359 4728 Osolorlacuiiproq.
1390 4655 1615 4726 Langus
1650 4656 1811 4711 vertit
1830 4668 1871 4728 ἐκ
1894 4655 2135 4728 Hymnus

557 4740 695 4779 unus
726 4726 1062 4783 divinitatem
1108 4726 1261 4781 Verbi
1310 4726 1406 4781 Dei
1459 4739 1714 4781 concentu
1779 4726 2133 4794 pulcherrimo

558 4795 848 4851 celebrans.
877 4798 984 4852 Sed
1033 4799 1235 4852 rectius
1280 4796 1552 4868 Masculus
1593 4808 1652 4868 et
1688 4796 2135 4868 Christophorso-

560 4880 684 4926 nus,
736 4878 793 4921 et.
839 4879 966 4922 ante
1015 4882 1109 4921 eos
1164 4868 1389 4935 I{ulinua
1430 4866 1765 4921 divinitatem
1817 4866 2136 4935 simpliciter

557 4942 860 5000 verterunt,
916 4952 1023 4991 non
1083 4938 1267 4991 addito
1322 4934 1482 4992 Verbi
1542 4938 1782 4991 nomine.
1839 4934 1972 4993 Nam
2012 4938 2136 4992 θεο-

554 5000 713 5076 λογία
772 5008 911 5076 apud
963 5008 1256 5062 Eusebium
1308 5020 1407 5075 pro
1458 5005 1552 5060 Dci
1623 5006 1933 5061 laudatione
1990 5011 2133 5063 sumi

557 5075 718 5197 ἓὲιεὲ,
771 5090 828 5131 et
880 5075 1149 5147 θεολογεῖν
1204 5092 1301 5147 pro
1340 5090 1410 5132 eo
1454 5076 1598 5146 quod
1653 5086 1736 5131 est
1788 5080 1955 5133 Deum
2016 5080 2132 5134 lau-

632 5160 656 5197 r
690 5184 709 5197 .

594 5158 624 5197 2
632 5159 709 5200 re.

629 5208 906 5285 (93)'068
942 5216 1060 5288 μὲν
1094 5216 1489 5287 ψαλμῳδίαις»
1524 5215 1663 5271 Male
1685 5216 2135 5288 Cbristophorso-

555 5297 659 5340 ltus
681 5287 883 5341 vertit:
920 5287 984 5341 lit
1016 5290 1188 5343 decori
1234 5288 1484 5359 Ecclesia:
1523 5289 1653 5341 ritus
1688 5287 1951 5344 interdum
1988 5291 2137 5359 psal-

553 5371 761 5409 morum
790 5367 968 5418 cantu.
1018 5369 1066 5411 et
1100 5360 1300 5412 cwteria
1326 5357 1641 5426 hymnorum
1683 5361 1937 5413 divinitus
1984 5357 2131 5413 nobis

554 5427 875 5480 truditorum
935 5428 1352 5488 recitationibus,
1402 5444 1782 5497 nonnunquam
1836 5430 2028 5483 divinis
2086 5443 2132 5484 et

553 5498 792 5568 mysticis
864 5498 1172 5551 ministeriis
1243 5498 1604 5567 exsequendis.
1682 5498 1864 5568 Longe
1928 5500 2133 5555 rectius

556 5564 817 5631 ltulinus,
868 5569 1021 5637 cujus
1082 5564 1459 5634 interpretatio
1514 5564 1894 5622 commentarii
1956 5571 2131 5623 vicem

554 5647 806 5701 praestat.
830 5656 849 5688 ι
880 5636 1002 5694 Jam
1030 5654 1159 5692 vero
1193 5639 1385 5704 ingens
1417 5638 1469 5690 in
1507 5638 1827 5691 sacerdotiis
1873 5648 1929 5693 et
1968 5641 2132 5693 mini-

550 5707 754 5773 steriis,
784 5717 946 5778 atque
984 5710 1036 5764 in
1080 5709 1334 5764 erunibus
1379 5721 1499 5776 qua:
1529 5709 1595 5761 ad
1636 5707 1911 5776 religioois
1938 5710 2130 5767 obser-

2751 3067 2890 3139 (Nic.
2933 3067 3005 3120 II.
3038 3066 3105 3120 E.
3140 3066 3233 3133 νει,
3256 3069 3369 3138 40).

2321 3158 2430 3215 Καί
2453 3176 2538 3224 τις
2567 3161 2625 3213 ὲν
2659 3159 2808 3230 μέσῳ
2829 3156 3115 3231 παρελθὼν
3142 3158 3251 3213 τῶν
3283 3158 3520 3231 μετρίως
3548 3160 3830 3225 ἐπιεικῶν,

2248 3250 2678 3321 λόγουδσύνταξιν
2700 3251 3082 3323 πεποιημένος,
3097 3253 3173 3316 ὡς
3200 3248 3601 3323 ὲνἙκκλησίας
3646 3254 3830 3327 ἁθροί-

2249 3360 2417 3415 σματι
2451 3343 2720 3398 πλείστων
2753 3344 3133 3416 ὲπιπαρόντων
3191 3345 3464 3417 ποιμένων
3484 3384 3501 3410 ,
3543 3347 3603 3399 ὲν
3632 3345 3832 3418 ἠσυχίᾳ

2246 3434 2342 3488 καὶ
2369 3434 2560 3506 κόσμῳ
2574 3434 2674 3505 τὴν
2690 3435 2953 3507 ἀκρόασιν
2985 3436 3394 3508 παρεχομένων,
3412 3435 3531 3500 ἑνὸς
3556 3438 3637 3501 εἰς
3661 3438 3831 3508 πρόσ-

2245 3544 2394 3582 ωπον
2436 3528 2505 3582 τὰ
2562 3528 2743 3584 πάντα
2784 3529 3007 3601 ἀρίστου
3044 3529 3144 3581 καὶ
3185 3527 3469 3598 θεοφιλοῦς
3505 3529 3828 3591 ἐπισκόπου,

2240 3612 2304 3672 οὗ
2351 3619 2443 3675 διὰ
2490 3620 2728 3692 σπουδῆς
2776 3623 2806 3675 ὁ
2854 3620 3089 3692 μάλιστα
3134 3621 3241 3676 τῶν
3287 3622 3431 3692 ἀμφὶ
3467 3621 3529 3674 τὸ
3567 3621 3829 3675 Φοινίκων

2241 3710 2394 3775 ἔθνος
2429 3713 2744 3782 διαπρέπων
2775 3714 2833 3766 έν
2858 3710 3021 3783 Τύρῳ
3052 3711 3190 3775 νεὼς
3234 3711 3532 3783 φιλοτίμως
3563 3711 3826 3766 ἐπεσκεύ-

2241 3820 2407 3869 αστο,
2443 3806 2646 3860 τοιόνδε
2678 3805 2920 3878 παρέσχε
2955 3804 3132 3875 λόγον,

2238 4167 2493 4241 'vantia'm
2521 4169 3025 4237 pertinem,'gratia
3053 4169 3375 4241 refulgebat.
3403 4170 3702 4225 Ailstalmnt
3733 4170 3825 4227 b'c

2247 4239 2593 4310 psallentium
2626 4240 2777 4293 chori
2810 4243 3075 4309 ;jnvcnes
3111 4253 3168 4296 et
3200 4239 3463 4310 virgines,
3510 4256 3668 4294 senes
3695 4256 3822 4294 cum

2239 4308 2550 4382 junioribus
2574 4308 2867 4382 laudabant
2885 4326 3077 4382 nomen
3098 4308 3330 4382 Domini.
3359 4312 3456 4365 llic
3476 4310 3699 4382 mystica
3722 4312 3825 4363 mi-

2260 4379 2485 4449 uisteria
2513 4381 2781 4433 ordinatis
2808 4393 2860 4434 et
2884 4381 3163 4449 dispositis
3205 4381 3417 4435 vicibus
3439 4379 3756 4443 agebantur.
3795 4401 3816 4432 ι

2256 4442 2381 4530 Ὧδε
2421 4447 2519 4530 μέν
2547 4452 2706 4530 igitur
2740 4442 3275 4530 desimtaipopulutn
3319 4442 3593 4530 ﬁdelium,
3632 4450 3721 4530 qui
3765 4451 3819 4503 in

2238 4519 2470 4589 ecclesia
2541 4520 2780 4589 psalmos
2857 4519 3123 4587 canebat,
3190 4528 3246 4575 et
3302 4535 3494 4574 sacras
3559 4519 3822 4574 lectiones

2238 4588 2608 4659 auscultabat.
2663 4589 2817 4655 Quod
2882 4590 3162 4644 declarant
3220 4605 3385 4644 voces
3453 4590 3559 4642 illa:
3622 4589 3820 4659 φωνῶν

2236 4658 2555 4729 ἁκροάσεσι,
2612 4675 2731 4729 qum
2763 4661 2977 4714 nonnisi
3021 4661 3087 4714 de
3115 4660 3271 4715 laicis
3312 4660 3538 4729 intelligi
3565 4658 3813 4729 poesunt.

2243 4676 2308 4711 ακ
2379 4676 2555 4726 ασεσι,
2612 4676 2731 4729 qua:
2763 4676 2977 4714 nonntsr
3021 4676 3087 4714 oe
3115 4676 3271 4715 tarcts
3312 4676 3538 4729 tutemgr
3565 4676 3813 4728 possunt.

2243 4676 2374 4782 mg:
2421 4728 2479 4781 δέ
2512 4744 2641 4784 vero
2698 4730 2944 4801 designat
2997 4732 3345 4796 sacerdotes,
3401 4730 3492 4800 qui
3559 4728 3818 4801 mysticas

2236 4801 2593 4853 caeremonias
2623 4801 2977 4867 perageban_t.

2308 4870 2421 4939 (94)
2452 4864 2866 4940 ξωτηρίοωτε
2911 4864 2991 4939 ἦν
3030 4864 3260 4935 πᾶθους
3306 4869 3615 4938 ἀπόρῤητα
3657 4871 3815 4940 σύμ-
3846 4886 3849 4895 ·

2236 4937 2791 5010 βολαέ-Βεψιίειιιυιη
2850 4937 3120 5010 intelligit,
3174 4942 3318 5009 quod
3371 4937 3813 5010 esusymbolum

2236 5007 2532 5078 Dominicis
2555 5009 2844 5078 passionis.
2894 5007 3121 5063 Ruﬁnus
3155 5007 3209 5063 in
3252 5010 3434 5078 capite
3464 5009 3499 5063 9
3529 5007 3622 5064 lib.
3648 5025 3700 5063 nt
3736 5009 3818 5063 De

2236 5076 2580 5131 Constantino
2642 5094 2661 5131 :
2706 5096 2725 5130 ι
2759 5077 3007 5132 Nondum
3068 5090 3269 5141 tatnen,
3322 5076 3381 5132 ut
3430 5089 3516 5132 est
3570 5080 3818 5132 solemne.

2237 5148 2439 5218 neatris
2472 5148 2701 5212 initiari,
2732 5150 2941 5217 signum
2976 5147 3272 5203 Dominiczc
3293 5149 3563 5218 passionis
3585 5164 3816 5215 accepe-

2238 5227 2343 5269 rat.
2372 5235 2390 5267 ο
2422 5217 2475 5269 In
2502 5218 2771 5284 baptismo
2818 5221 2961 5273 enim
3013 5217 3380 5271 morimur’et
3408 5220 3815 5285 cortsept'liutttr

2236 5302 2359 5340 cum
2378 5287 2628 5353 Christo;
2649 5298 2704 5342 et
2727 5303 2849 5341 mox
2867 5290 3201 5355 resurgimus
3216 5288 3467 5341 ineodcm
3483 5287 3699 5341 Christo
3715 5301 3812 5355 per

2238 5359 2420 5418 Iidem,
2458 5366 2515 5409 ut
2548 5359 2623 5411 ait
2653 5358 2944 5425 Apostolus
2980 5360 3033 5411 in
3067 5357 3304 5425 Epistula
3343 5358 3408 5411 ad
3437 5358 3807 5411 Colosscnses.

2234 5425 2475 5480 llilarius
2526 5427 2576 5480 in
2623 5429 2761 5482 libro
2814 5443 2834 5481 ι
2893 5428 2967 5481 De
3020 5426 3279 5481 Trinitate
3313 5444 3332 5481 :
3365 5444 3384 5477 ι
3431 5427 3598 5495 antts
3650 5429 3809 5482 morti

2234 5497 2631 5564 consepelitnur
2673 5501 2726 5551 in
2754 5498 3027 5566 baptismo
3058 5516 3070 5551 :
3105 5507 3163 5551 ut
3204 5498 3257 5550 in
3287 5497 3613 5553 aeternitatis
3641 5498 3806 5551 vitam

2238 5568 2560 5630 rediremus,
2599 5569 2725 5622 dum
2774 5568 3114 5634 regeneratio
3161 5570 3227 5621 ad
3262 5569 3431 5620 vitam
3474 5581 3623 5621 mors
3665 5577 3806 5621 esset

2233 5651 2299 5691 ex
2331 5637 2461 5700 vita,
2486 5648 2539 5691 et
2564 5641 2858 5691 morientes
2886 5638 3053 5700 vitiis,
3081 5637 3477 5692 immortalitati
3497 5652 3803 5692 turescere

2236 5722 2399 5773 mur;
2433 5708 2551 5773 ipso
2575 5723 2677 5775 pro
2707 5709 2864 5764 nobis
2891 5721 2959 5764 ex
2985 5708 3394 5765 immortalitate
3433 5710 3719 5767 moriente.
3753 5718 3804 5762 ut
