4220 6434
402 413 509 471 διο

1422 413 1770 471 HISTORIA}
1810 414 2370 472 ECCLESIASTICE
2410 414 2537 471 LIB.
2574 413 2640 469 Χ.

3545 411 3675 465 ω.

415 529 454 598 τ
467 531 878 606 Πανηγιορριὸς
898 532 994 587 ἐπὶ
1012 529 1087 606 τῇ
1110 532 1231 606 τῶν
1276 535 1621 602 ἐκκλησιων
1671 534 1975 604 οἰκοδομῇ,

2079 537 2119 606 1-
2164 534 2351 594 Oratio
2375 532 2719 606 _panegyrica
2741 600 2752 606 Δ
2774 532 2839 583 de
2891 525 3259 606 aediﬁcatione“
3288 522 3656 606 ecclesiarum,

437 602 722 664 Παυλίνῳ
755 604 976 669 Τυρίων
1003 603 1316 672 ἐπισκόπῳ
1341 602 1944 675 προσπεφωνημένοςί.

470 688 543 745 Ὦ
584 692 728 762 φίλοι
765 692 901 747 Θεοῦ
949 696 1042 749 καὶ
1094 699 1277 768 ἱερεῖς,
1323 700 1371 751 οἱ
1403 698 1493 753 τὸν
1537 697 1692 767 ἆγιον
1740 697 1974 769 ποδήρη’

402 785 491 839 καὶ
527 782 620 838 τὸν
657 784 907 855 οὐράνιον
935 786 1034 857 τῆς
1066 786 1224 858 δόξης
1264 789 1549 857 στέφανον,
1587 788 1647 841 τό
1674 805 1737 841 τε
1769 791 1977 860 χρῖσμα

399 870 456 923 τὸ
496 870 701 936 ἔνθεον,
743 874 837 926 καὶ
870 874 969 945 τὴν
1010 875 1289 948 ἱερατικὴν
1328 877 1424 930 τοῦ
1468 878 1626 946 ἁγίου
1660 878 1976 948 Πνεῦματος

400 964 590 1035 στολὴν
642 966 1128 1039 περιϐεϐλημένοι,
1173 969 1236 1022 σύ
1295 987 1377 1034 τε,
1422 964 1467 1024 ὦ
1512 969 1633 1025 νέου
1674 971 1830 1039 ἁγίου
1870 969 1975 1024 νεὼ

397 1052 534 1107 Θεοῦ
569 1057 969 1129 σεμνολόγημα,
997 1060 1208 1131 γεραρᾷ
1248 1061 1344 1130 μὲν
1375 1062 1630 1133 φρονήσει
1662 1061 1812 1132 παρᾶ⁸
1838 1058 1973 1113 Θεοῦ

399 1149 757 1219 τετιμημένε,
792 1151 917 1214 νέας
952 1152 1010 1205 δὲ
1053 1153 1148 1205 καὶ
1188 1153 1545 1225 ἀκμαζούσης
1586 1153 1787 1225 ἀρετῆς
1837 1152 1974 1225 ἔργα

400 1238 666 1312 πολυτελῆ
692 1241 786 1294 καὶ
813 1242 1039 1313 πράξεις
1078 1244 1504 1315 ὲπιδεδειγμένε,
1538 1237 1583 1313 ᾧ
1616 1246 1707 1299 τὸν
1750 1245 1841 1298 ἐπὶ
1870 1244 1974 1314 γῆς

397 1326 543 1385 οἶοιον
576 1330 740 1394 αὐτὸς
776 1332 804 1383 ὁ
841 1332 931 1385 τὸν
978 1331 1271 1402 σύμπαντα
1303 1335 1508 1406 κόσμον
1542 1337 1811 1407 περιέχων
1841 1335 1975 1399 Θεὸς

395 1417 683 1488 δείμασθαι
722 1419 817 1471 καὶ
857 1419 1115 1475 ἁνανεοῦν
1157 1421 1378 1492 Χριστῷ
1422 1421 1500 1493 τῷ
1546 1424 1825 1493 μονογενεῖ
1879 1423 1975 1476 καὶ

396 1511 732 1582 πρωτογενεῖ
766 1510 932 1565 αὐτοῦ
963 1510 1140 1581 Λόγῳ,
1174 1515 1240 1583 τῇ
1283 1530 1343 1566 τε
1389 1514 1519 1584 ἁγία
1546 1514 1642 1566 καὶ
1683 1512 1975 1585 θεοπρεπεῖ

2364 595 2596 659 Pontiae
2629 600 2908 671 Tyriorum
2935 595 3173 667 episcopo
3204 595 3369 649 dicta.

2145 697 2318 751 Amici
2354 703 2411 750 et
2439 693 2756 750 sacerdotes
2789 688 2907 753 Dei,
2952 687 3047 757 qui
3088 701 3242 741 sacra
3270 684 3452 741 tunica
3487 674 3652 739 talari

2077 787 2277 848 induti,
2328 797 2383 839 et
2440 783 2646 839 cmlesti
2675 780 2865 851 gloriae
2903 792 3106 833 corona
3145 776 3409 843 decorati,
3436 776 3652 830 divina-

2077 892 2182 946 que
2212 876 2466 931 unctione
2489 871 2737 936 delibuti,
2771 880 2824 925 et
2850 868 3179 925 sacerdotali
3211 867 3383 923 sancti
3413 864 3648 935 Spiritus

2075 978 2227 1023 veste
2255 967 2440 1023 amicti
2477 965 2647 1031 estis;
2674 974 2838 1033 tuque
2867 978 2901 1018 ο
2922 962 3047 1017 novi
3078 976 3143 1016 ac
3182 960 3353 1015 sancti
3377 957 3472 1015 Dei
3505 968 3645 1014 tem-

2077 1059 2149 1128 pli
2193 1059 2358 1113 decus
2387 1057 2647 1112 eximium
2677 1096 2693 1122 ,
2723 1055 2815 1123 qui
2849 1053 3005 1108 senili
3051 1053 3268 1123 quidem
3309 1050 3592 1122 prudentia
3614 1064 3642 1103 a

2078 1154 2188 1207 Deo
2218 1153 2503 1207 decoratus
2531 1165 2609 1214 es,
2637 1147 2892 1220 juvenilis
2925 1156 3106 1202 autem
3158 1162 3222 1202 ac
3250 1147 3442 1202 vividae
3473 1146 3646 1201 virtu-

2078 1247 2147 1300 tis
2178 1244 2436 1315 przeclara
2471 1242 2720 1297 facinora
2751 1239 3002 1303 edidisti;
3046 1238 3133 1292 cui
3172 1238 3288 1307 ipse
3332 1236 3646 1293 universum

2075 1339 2334 1393 mundum
2384 1337 2668 1391 continens
2732 1333 2897 1397 Deus,
2935 1334 3073 1387 hanc
3120 1331 3174 1386 in
3215 1331 3378 1385 terris
3429 1331 3646 1386 deruunt

2072 1428 2292 1483 Christo
2326 1427 2487 1482 unico
2534 1440 2602 1481 ac
2661 1423 3025 1495 primogenita
3056 1436 3158 1477 suo
3191 1421 3387 1484 Verbo,
3425 1430 3657 1477 sanctae-

2070 1534 2177 1590 que
2200 1534 2264 1573 ac
2288 1517 2486 1572 divina:
2506 1515 2627 1586 ejus
2659 1527 2872 1583 sponsae
2900 1519 3219 1565 construere
3266 1525 3331 1565 ae
3359 1525 3649 1581 renovarc‘

394 1601 584 1654 τούτου
612 1600 818 1674 νύμφῃ,
857 1602 1027 1672 γέρας
1052 1602 1325 1676 ἐξαίρετον
1350 1602 1648 1675 δεδώρηται
1679 1603 1790 1675 (95)
1814 1620 1828 1635 ⁶
1859 1604 1969 1659 εἴτε

2073 1609 2272 1665 eximia
2326 1607 2561 1678 quadam
2616 1602 2976 1675 praerogativa
3011 1601 3325 1669 concessit;
3360 1600 3524 1672 372
3549 1615 3654 1657 seu

395 1710 480 1757 τις
504 1693 621 1748 νέον
647 1712 705 1748 σε
736 1695 1025 1765 Βεσελεὴλ,
1053 1694 1204 1759 θείας
1236 1696 1591 1767 ἀρχιτέκτονα
1621 1696 1827 1766 σκηνῆς
1851 1696 1971 1751 ἑθέ-

2075 1702 2202 1772 quis
2256 1710 2310 1756 te
2357 1713 2556 1754 novum
2604 1695 2933 1752 Beseleelem
2979 1692 3147 1749 divini
3181 1693 3534 1749 architectum
3566 1702 3651 1748 ta-

393 1782 474 1836 λοι
504 1784 707 1847 καλεῖν,
738 1785 847 1837 εἴτε
870 1783 1178 1855 Σολομῶνα,
1217 1787 1409 1857 καινῆς
1450 1784 1545 1839 καλ⁵
1569 1785 1702 1839 πολὺ
1730 1785 1971 1857 κρείττοο

2075 1793 2357 1850 bernaeuli
2390 1804 2591 1847 vocare
2635 1786 2904 1852 voluerit;
2938 1799 3036 1840 seu
3092 1783 3462 1851 Salomonem,
3495 1799 3660 1841 novas

393 1874 485 1937 vo;
527 1874 882 1946 Ἰερουσαλὴμ
916 1874 1172 1946 βασιλέα,
1210 1877 1319 1929 εἴτε
1351 1877 1446 1929 καὶ
1477 1875 1596 1930 νέον
1642 1875 1968 1947 Ζοροϐάϐελ,

2074 1902 2137 1941 ac
2168 1885 2340 1940 multo
2366 1879 2766 1953 praestantioris
2808 1876 3109 1934 Jerusalem
3179 1891 3399 1946 regem:
3427 1891 3521 1932 seu
3560 1876 3650 1932 de-

391 1966 497 2036 τὴν
525 1965 657 2020 πολὺ
690 1967 973 2038 κρείττονα
1004 1964 1161 2032 δόξαν
1198 1968 1297 2038 τῆς
1328 1967 1599 2039 προτέρας
1630 1967 1710 2039 τῷ
1744 1966 1850 2038 νεῷ
1876 1967 1971 2022 τοῦ

2075 1980 2240 2048 nique
2288 1991 2486 2031 novum
2540 1969 2878 2037 Zorobabel;
2917 1970 3116 2040 quippe
3161 1968 3254 2038 qui
3319 1967 3521 2035 templo
3549 1966 3648 2023 Dei

392 2056 529 2111 Θεοῦ
556 2058 903 2131 περιτιθέντα
927 2076 938 2090 ·
974 2059 1109 2113 ἀλλὰ
1136 2061 1231 2112 καὶ
1258 2061 1436 2130 ὑμεῖς,
1468 2054 1513 2112 ὦ
1539 2059 1639 2129 τῆς
1662 2061 1812 2131 ἱερᾶς
1842 2060 1973 2128 ἀγέ-

391 2148 488 2220 λης
510 2150 747 2221 Χριστοῦ
779 2149 1090 2223 θρέμματα,
1113 2152 1283 2220 λόγων
1314 2152 1533 2222 ἀγαθῶν
1558 2151 1728 2216 ἑστία,
1763 2169 1972 2225 σωφρο-

395 2238 564 2310 σύνης
623 2241 1027 2314 παιδευτήριον,
1094 2245 1188 2297 καὶ
1258 2243 1570 2308 θεοσεϐείας
1628 2242 1823 2315 σεμνὸν
1878 2243 1973 2297 καὶ

390 2330 641 2396 θεοσεϐὲς
666 2334 1027 2407 ἀκροατήριον
1069 2336 1179 2408 (96)
1201 2353 1215 2367 ⁸
1252 2336 1418 2390 πάλαι
1460 2338 1559 2408 μὲν
1592 2340 1722 2410 ἡμῖν
1752 2336 1850 2401 τὰς
1877 2354 1975 2391 παι

394 2426 647 2500 ραδόξους
678 2427 1025 2500 θεοσημείας,
1059 2429 1154 2482 καὶ
1185 2429 1292 2482 τῶν
1322 2427 1413 2483 τοῦ
1444 2429 1650 2500 Κυρίου
1680 2427 1972 2499 θαυμάτων

391 2517 491 2582 τὰς
528 2519 610 2582 είς
655 2518 975 2591 ἀνθρώπους
1021 2520 1359 2592 εὐεργεσίας,
1399 2520 1487 2574 διὰ
1528 2520 1687 2573 θείων
1722 2521 1968 2590 ἀναγνω-

394 2609 616 2681 σμάτων
664 2612 800 2682 ἀκοῇ
832 2611 1316 2683 παραδεχομένοις,
1351 2609 1554 2682 ὕμνους
1593 2612 1672 2675 εὶς
1701 2611 1833 2665 Θεὸν
1879 2612 1973 2666 καὶ

392 2702 535 2771 ᾠδὰς
572 2702 915 2773 ἀναπέμπειν
954 2703 1103 2773 ἐξῆν,
1132 2702 1309 2772 λέγειν
1350 2703 1757 2774 παιδευομένοις
1782 2720 1795 2734 ·
1846 2721 1865 2755 ι
1912 2703 1972 2757 '0

395 2795 548 2859 Θεὸς,
578 2796 634 2848 ἐν
681 2798 793 2858 τοῖς
841 2795 976 2848 ὠσὶν
1024 2795 1181 2867 ἡμῶν
1232 2795 1579 2867 ἠκούσαμεν·
1634 2797 1684 2849 oi
1733 2794 1971 2867 πατέρες

395 2887 552 2957 ἡμῶν
606 2887 932 2958 ἁνήγγειλαν
977 2890 1107 2959 ἡμῖν
1162 2887 1323 2960 ἔργον
1370 2889 1397 2942 ὃ
1438 2887 1681 2960 εἰργάσω
1745 2889 1804 2941 ἐν
1850 2890 1970 2951 ταῖς

394 2976 629 3048 ἡμέραις
651 2978 849 3043 αὐτῶν,
889 2981 946 3032 ὲν
976 2981 1208 3052 ἡμέραις
1234 2981 1504 3052 ἀρχαίαις.
1541 2999 1559 3031 ι
1603 2978 1763 3032 Ἀλλὰ
1788 2977 1882 3031 νῦν
1905 2995 1969 3046 γε

394 3068 569 3121 οὐκέτ’
610 3070 803 3135 ἀκοαῖς
850 3071 970 3124 οὐδὲ
1003 3073 1174 3141 λόγων
1216 3075 1426 3144 φήμαις
1463 3071 1555 3125 τὸν
1589 3070 1847 3143 βραχίονα
1879 3069 1970 3124 τὸν

395 3158 617 3231 ὑψηλὸν,
650 3163 748 3233 τήν
779 3180 837 3215 τε
877 3163 1125 3235 οὐράνιον
1157 3163 1333 3230 δεξιὰν
1387 3162 1481 3216 τοῦ
1527 3159 1841 3230 παναγάθου
1873 3158 1969 3215 καὶ

2072 2071 2236 2141 longe
2286 2068 2555 2139 majorem
2584 2080 2748 2136 quam
2782 2074 2942 2121 antea
2978 2062 3325 2131 splendorem
3356 2060 3642 2130 adjeceris.

2072 2162 2182 2215 Vos
2217 2173 2431 2233 quoque
2479 2173 2513 2213 ο
2556 2173 2684 2228 grex
2735 2156 2937 2212 Christi
2967 2168 3145 2218 sacer,
3171 2152 3504 2223 optimorum
3530 2168 3649 2209 ser-

2074 2266 2294 2306 monum
2327 2248 2683 2313 domicilium,
2713 2246 2995 2301 modestia:
3023 2243 3232 2311 schola,
3271 2258 3436 2314 grave
3460 2258 3525 2300 ac
3550 2259 3644 2299 re-

2074 2345 2324 2416 ligiosum
2378 2341 2602 2413 pietatis
2656 2338 3023 2404 auditorium;
3055 2335 3371 2407 jamdudum
3424 2338 3644 2407 quidem

2074 2453 2173 2493 nos
2205 2434 2296 2507 qui
2328 2434 2589 2504 stupenda
2638 2432 2730 2488 Dei
2754 2428 3020 2500 prodigia,
3043 2436 3100 2484 et
3128 2428 3503 2483 admirabilem
3536 2428 3645 2482 Do-

2073 2529 2203 2582 mini
2229 2542 2357 2599 erga
2388 2525 2639 2582 homines
2684 2522 3094 2599 beneﬁcentiam
3134 2534 3202 2574 ex
3239 2519 3437 2575 divinis
3476 2533 3647 2574 sacras

2073 2595 2371 2688 Scriptura:
2395 2616 2724 2673 lectionibus
2750 2595 3064 2684 frequenter
3087 2610 3462 2678 audiebamus,
3489 2609 3647 2680 hymo

2073 2728 2173 2768 nos
2200 2721 2254 2768 et
2286 2711 2500 2767 cantica
2539 2709 2592 2764 in
2630 2707 2723 2764 Dei
2759 2707 2972 2761 laudem
3007 2705 3297 2761 concinere
3327 2700 3646 2767 assuefacti,

2072 2806 2158 2860 his
2182 2804 2363 2860 verbis
2410 2803 2488 2858 uti
2539 2811 2906 2872 poteramus:
2948 2796 3392 2862 «Deus,auribt:s
3434 2794 3647 2849 nostris

2071 2895 2422 2951 audivimus:
2460 2903 2645 2963 patres
2721 2890 2892 2946 nostri
2954 2887 3420 2942 annuntiaverunt
3488 2885 3648 2942 nobis

2070 3001 2207 3057 opus
2239 2984 2383 3055 quod
2414 2991 2675 3053 operatus
2706 2993 2765 3035 es
2810 2979 2864 3032 in
2894 2977 3089 3031 diebus
3124 2991 3338 3041 eorum,
3364 2975 3424 3030 in
3453 2975 3657 3031 diebus

2070 3078 2311 3145 antiquis
2330 3077 2398 3130 ⁸³.
2424 3094 2445 3128 ι
2477 3074 2631 3129 Nunc
2659 3087 2792 3128 vero
2821 3084 2943 3126 cum
2984 3084 3090 3123 non
3148 3069 3335 3123 auditu
3374 3067 3510 3130 solo,
3548 3080 3649 3124 nec

2078 3170 2258 3225 verbis
2289 3182 2354 3223 ac
2385 3154 2532 3221 fama
2553 3168 2732 3227 tenus,
2768 3162 2859 3217 Dei
2886 3159 3077 3231 optimi
3122 3157 3344 3212 maximi
3381 3157 3523 3226 regis
3552 3173 3647 3211 no-

396 3251 787 3321 παμϐασιλέως
821 3254 981 3324 ἡμῶν
1026 3253 1163 3307 Θεοῦ
1208 3250 1749 3325 παραλαμϐάνουσιν,
1790 3250 1973 3321 ἔργοις

2075 3258 2173 3312 stri
2220 3256 2504 3312 brachium
2530 3253 2806 3308 excelsum
2831 3259 2885 3306 et
2921 3249 3198 3305 caelestem
3233 3248 3481 3304 dextram
3513 3261 3649 3317 per-A

393 3337 459 3404 6’,
503 3341 578 3404 ὡς
610 3342 739 3405 ἔπος
774 3344 965 3408 εἰπεῖν,
1003 3345 1096 3398 καὶ
1134 3345 1317 3406 αὐτοῖς
1357 3343 1656 3413 ὀφθαλμοῖς
1694 3341 1761 3394 τά
1803 3340 1971 3393 πάλαι

399 3432 500 3502 μνῆ
511 3447 585 3504 μῃ
615 3433 1023 3504 παραδεδομένα
1048 3434 1213 3487 πιστὰ
1233 3435 1329 3488 καῖ
1350 3433 1522 3505 ἁληθῆ
1544 3431 1968 3506 καθορωμένοις,

394 3521 647 3591 δεύτερον
713 3522 881 3593 ὕμνον
950 3524 1216 3577 ἐπινίκιον
1277 3524 1541 3595 πάρεστιν
1609 3522 1968 3593 ἀναμέλπειν,

395 3614 641 3685 ἐναργῶς
666 3632 725 3668 τε
755 3616 1055 3685 ἀναφωνεῖν
1083 3617 1176 3669 καὶ
1215 3614 1392 3684 λέγειν
1412 3632 1425 3645 ⁶
1462 3634 1495 3667 ι.
1516 3613 1784 3685 Καθάπερ
1805 3611 1970 3683 ἠκού-

398 3721 591 3776 σαμεν,
620 3706 791 3769 οὕτως
831 3707 923 3760 καὶ
956 3707 1187 3776 εἴδομεν,
1227 3707 1285 3760 ἐν
1318 3705 1467 3760 πόλει
1494 3705 1700 3777 Κυρίου
1740 3703 1848 3758 τῶν
1880 3703 1972 3756 δυ-

395 3797 630 3866 νάμεων,
660 3800 718 3852 ἐν
763 3798 913 3852 πόλει
952 3798 1046 3851 τοῦ
1084 3797 1217 3854 Θεοῦ
1245 3798 1422 3869 ἡμῶν.
1471 3817 1490 3850 ι
1527 3798 1666 3869 Ποία
1699 3796 1756 3850 δὲ
1798 3795 1971 3861 πόλει,

395 3888 429 3961 ἦ
461 3890 590 3961 τῇδε
617 3894 682 3963 τῇ
725 3894 986 3958 νεοπαγεῖ
1015 3891 1108 3944 καὶ
1137 3890 1467 3960 θεοτεῦκτῳ;
1501 3890 1623 3961 ἥτις
1652 3890 1801 3943 ἐστὶν
1853 3888 1973 3942 Ἔκ-

394 3982 593 4052 κλησία
622 3981 756 4036 Θεοῦ
786 3982 1018 4047 ζῶντος,
1052 3982 1240 4046 στῦλος
1276 3982 1371 4037 καὶ
1399 3981 1680 4053 ἑδραίωμα
1707 3981 1809 4052 τῆς
1838 3981 1972 4052 ἀλη-

394 4074 570 4139 θείας·
597 4076 724 4148 περὶ
746 4071 813 4148 ἧς
844 4077 937 4129 καὶ
962 4075 1090 4129 ἄλλο
1115 4093 1168 4129 τι
1195 4076 1334 4130 θεῖον
1352 4074 1531 4144 λόγιον
1553 4068 1656 4127 ὧδέ
1680 4092 1795 4138 πως
1810 4074 1974 4143 εὐαγ-

394 4167 666 4236 γελίζεται
684 4184 698 4194 ·
743 4186 761 4219 ι
797 4166 1169 4236 Δεδοξασμένα
1198 4165 1430 4238 ἐλαλήθη
1457 4166 1583 4239 περὶ
1618 4165 1733 4229 σοῦ,
1758 4166 1792 4236 ἡ
1820 4164 1973 4229 πόλις

393 4256 486 4312 τοῦ
524 4257 689 4311 Θεοῦ·
735 4278 753 4310 ι
797 4258 881 4328 ἐφ’
918 4258 986 4328 ἣν
1024 4256 1116 4310 τοῦ
1163 4256 1477 4325 παναγάθου
1507 4257 1974 4328 συγκροτήσαντος

394 4352 541 4421 ἡμᾶς
576 4348 710 4402 Θεοῦ
743 4348 829 4403 διὰ
862 4348 961 4418 τῆς
989 4348 1084 4401 τοῦ
1135 4346 1473 4416 Μονογενοῦς
1518 4346 1683 4400 αὐτοῦ
1728 4348 1971 4417 χάριτος,

392 4442 499 4494 τῶν
577 4440 1035 4511 ἁνακεκλημένων
1096 4440 1329 4502 ἕκαστος
1387 4438 1622 4510 ὑμνείτω
1693 4439 1974 4510 μονονουχὶ

395 4531 531 4601 βοῶν
558 4532 652 4584 καλ⁹
673 4530 867 4600 λέγων·
907 4550 925 4581 ι
963 4531 1288 4602 Εὐφράνθην
1316 4531 1408 4584 ἐπὶ
1431 4533 1546 4595 τοῖς
1574 4530 1823 4603 εἰρηκόσι
1858 4548 1969 4602 μοι,

396 4625 472 4686 είς
517 4618 664 4676 οἷκον
709 4622 916 4693 Κυρίου
970 4622 1369 4694 πορευσόμεθα.
1425 4641 1445 4675 ι
1494 4623 1637 4676 Καί·
1694 4641 1715 4675 ι
1772 4622 1967 4695 Κύριε,

394 4714 653 4785 ἠγάπησα
693 4715 1026 4785 εὐπρέπειαν
1057 4715 1206 4767 οἴκου
1258 4732 1372 4780 σου,
1408 4715 1502 4769 καὶ
1543 4714 1708 4769 τόπον
1761 4713 1971 4784 σκηνώ-

396 4823 563 4877 ματος
587 4805 746 4878 δόξης
776 4823 891 4862 σου.
936 4825 955 4859 ι
990 4807 1102 4862 Καὶ
1146 4806 1220 4878 μὴ
1265 4808 1425 4879 μόνον
1462 4824 1526 4877 γε
1555 4811 1584 4863 ὁ
1612 4807 1800 4873 καθεῖς
1834 4807 1966 4881 (97),

2074 3347 2367 3418 ripiantus;
2399 3346 2496 3402 sed
2525 3346 2702 3413 reipsa
2736 3343 3070 3410 nostrisque,
3106 3348 3165 3394 ut
3205 3340 3279 3395 ita
3304 3339 3646 3407 dicam,ocu-

2073 3438 2160 3502 lis,
2197 3453 2389 3494 eorum
2423 3452 2546 3508 quae
2586 3434 2717 3493 olim
2750 3434 2969 3502 scriptis
2991 3431 3202 3504 prodita
3231 3438 3361 3487 sunt
3386 3430 3548 3485 fidem
3578 3443 3650 3484 ao-

2072 3530 2354 3584 veritatcm
2405 3540 2717 3590 cernamus,
2771 3523 3001 3579 alterum
3046 3521 3204 3577 nobis
3256 3519 3649 3590 triumphalem

2074 3624 2334 3694 hymnum
2365 3634 2565 3675 canere
2593 3628 2755 3687 atque
2787 3618 2840 3671 in
2881 3617 2997 3672 hzcc
3041 3616 3204 3672 verba
3237 3615 3438 3670 diserte
3460 3612 3646 3669 excla-

2074 3731 2223 3771 mare
2249 3715 2376 3769 licet
2405 3732 2419 3768 :
2452 3733 2471 3765 ι
2502 3713 2656 3768 Sicut
2686 3710 3092 3784 audivimus,sic
3111 3718 3168 3764 et
3190 3708 3447 3774 vidimus,
3480 3706 3533 3761 in
3559 3707 3644 3762 ci-

2074 3807 2237 3862 vitate
2272 3806 2480 3860 Domini
2514 3804 2808 3872 virtutum,
2852 3804 2905 3858 in
2943 3803 3166 3858 civitate
3211 3800 3305 3855 Dei
3343 3797 3596 3854 nostri“.
3618 3816 3653 3851 ι,
3743 3822 3751 3833 ε

2073 3899 2332 3964 Quaenam
2354 3911 2487 3951 vero
2512 3897 2601 3950 illa
2631 3897 2827 3953 civitas
2860 3903 2962 3960 cst,
2992 3893 3093 3949 nisi
3126 3893 3241 3948 haec
3284 3906 3477 3946 recens
3500 3899 3646 3945 stru-

2072 4001 2162 4044 cta
2208 3999 2263 4043 et
2292 4003 2322 4044 a
2370 3989 2483 4044 Deo
2532 3987 2787 4044 condita:
2818 3986 3057 4043 Ecclesia
3101 3985 3311 4041 scilicet
3343 3981 3439 4037 Dei
3508 3981 3641 4046 vivi,

2072 4080 2324 4136 colunma
2351 4090 2405 4135 ct
2434 4080 2837 4134 firmamentum
2877 4076 3144 4131 veritatis.
3184 4073 3260 4129 De
3292 4087 3393 4143 qua
3412 4080 3466 4127 et
3497 4071 3661 4127 aliud-

2074 4170 2345 4243 quoddam
2378 4169 2471 4224 Dei
2499 4168 2783 4223 oraculum
2816 4167 2888 4221 ita
2943 4166 3259 4236 pronuntiat
3292 4179 3305 4215 :
3346 4183 3365 4216 ‹
3394 4160 3642 4218 Gloriosa

2073 4262 2215 4315 dicta
2245 4269 2369 4316 sunt
2394 4260 2459 4314 de
2487 4270 2559 4321 te.
2584 4259 2777 4314 civitas
2806 4257 2899 4311 Dei
2922 4256 2988 4312 “.
3013 4255 3117 4310 rln
3149 4269 3311 4327 quam
3348 4268 3472 4309 cum
3504 4250 3653 4329 Dens

2073 4352 2311 4420 optimus
2366 4351 2637 4405 maximus
2687 4348 2865 4418 gratia
2925 4361 2989 4402 ac
3060 4345 3325 4400 beneﬁcio
3377 4340 3675 4411 unigenitia
3733 4392 3741 4399 .

2074 4442 2197 4497 Filii
2231 4442 2312 4496 sui
2346 4457 2443 4496 nos
2467 4439 2904 4511 congregaverit,
2941 4438 3311 4507 unusquisque
3334 4450 3519 4491 eorum
3552 4433 3673 4502 quis

2075 4533 2355 4588 convocati
2402 4538 2531 4587 sunt
2570 4539 2732 4585 canat
2783 4541 2948 4598 atque
2992 4528 3261 4583 exclamet
3298 4526 3381 4581 his
3410 4525 3599 4581 verbis
3625 4541 3650 4582 :.

2081 4644 2100 4677 ι
2124 4625 2361 4680 Laetatus
2393 4637 2511 4678 sum
2556 4621 2610 4675 in
2642 4621 2726 4675 his
2765 4634 2886 4688 qua:
2915 4619 3060 4673 dicta
3111 4626 3239 4672 sunt
3272 4616 3432 4681 mihi,
3473 4616 3528 4670 in
3556 4618 3647 4672 doc

2075 4731 2220 4770 nmm
2284 4713 2498 4769 Domini
2551 4711 2842 4768 ibimus“.
2881 4728 2911 4763 ι.
2960 4708 3028 4764 Ει
3088 4723 3276 4762 rursus
3309 4706 3651 4773 :VtDomine,

2074 4805 2239 4862 dilexi
2289 4805 2541 4860 decorem
2590 4802 2783 4857 domus
2816 4809 2941 4864 tuas,
2979 4805 3034 4853 et
3060 4796 3242 4853 locum
3296 4796 3655 4855 habitationis

459 4953 507 4987 “
530 4952 671 5008 Psal.
709 4968 863 5020 thtt,
893 4953 950 5008 2.
1016 4952 1060 4984 “
1089 4951 1229 5007 Psal.
1258 4967 1427 5018 van,
1464 4953 1518 5007 9.
1584 4952 1629 4985 "
1651 4951 1790 5007 Psal.
1817 4967 2034 5018 Lxxxu,
2085 4952 2138 5006 5.
2213 4949 2259 4981 “
2298 4946 2439 5004 Psal.
2466 4959 2613 5010 εχει,
2648 4944 2697 4999 l.

393 5112 458 5165 ad
512 5109 983 5169 immortalitatem
1041 5124 1146 5163 una
1188 5124 1309 5163 cum
1358 5123 1425 5163 eo
1473 5109 1841 5163 excitarentur
1904 5123 1981 5164 ex.

395 5192 585 5235 morte.
630 5200 648 5231 ι
679 5180 989 5236 Ferrandus
1014 5180 1278 5233 diaconus
1304 5181 1360 5232 in
1386 5180 1619 5247 cpistola
1649 5180 1715 5234 ad
1744 5178 1973 5248 Fulgen-

395 5252 527 5305 tiutn
599 5251 673 5305 De
726 5252 981 5318 baptismo
1031 5248 1301 5316 ιΕιΙιίορίε
1354 5262 1372 5300 :
1429 5267 1454 5318 ii
1505 5248 1647 5303 ﬂora
1712 5257 1968 5317 exaptata

395 5321 604 5374 cunctis
659 5317 975 5383 advenerat,
1013 5319 1067 5374 in
1117 5334 1222 5386 qua
1279 5317 1508 5386 populus
1561 5318 1976 5387 acquisitionis,

2071 5108 2266 5165 borum
2300 5121 2521 5164 sensum
2551 5121 2673 5163 esse
2699 5105 2992 5170 existimo;
3037 5103 3206 5160 Deum
3250 5103 3458 5160 scilicet
3497 5101 3655 5159 hanc

2068 5180 2321 5234 eximiam
2367 5179 2780 5247 praerogativam
2806 5174 3038 5247 Paulino
3068 5176 3428 5247 concessisse,
3457 5181 3520 5227 ut
3576 5190 3656 5228 ωσ-

2068 5251 2191 5305 dent
2244 5249 2299 5303 in
2345 5244 2509 5303 terris
2554 5247 2773 5303 Christo
2816 5254 2872 5301 et
2915 5244 3175 5300 Ecclesiae
3233 5244 3534 5299 fabricaret
3589 5259 3654 5295 ac

2068 5329 2383 5373 renovaret.
2434 5318 2697 5373 Eumdem
2739 5330 2954 5384 quoque
3002 5330 3225 5371 sensum
3286 5325 3517 5370 secutus.
3566 5323 3654 5367 est

397 5391 741 5459 Redemptori
781 5406 880 5444 suo
921 5404 1017 5458 per
1044 5390 1371 5457 baptismum
1390 5391 1763 5459 consepultus,
1799 5390 1964 5459 vitam
2066 5387 2359 5444 Masculus.

393 5457 630 5542 veterem
686 5457 934 5530 poneret’
974 5468 1031 5513 et
1073 5474 1287 5513 novam
1325 5458 1744 5514 resurrectionis
1800 5457 1963 5513 [idem

396 5538 684 5587 innovatus
709 5538 1036 5584 assumeret.
1075 5545 1094 5579 ›

467 5600 577 5668 (95)
600 5600 792 5669 Γέρας
819 5598 1125 5667 ἐξαίρετον
1144 5596 1483 5667 δεδώρηται.
1510 5595 1962 5669 Christophorso-

397 5687 497 5725 nus
528 5674 641 5725 haec
672 5675 835 5725 verba
889 5671 963 5723 ita
994 5670 1226 5738 accepit,
1261 5670 1414 5737 quasi
1443 5682 1652 5738 sensus
1693 5670 1766 5738 sit
1793 5668 1962 5738 aedem

398 5741 545 5795 illam
577 5755 606 5794 a
641 5735 1217 5809 Paulinnjabricatam
1245 5735 1368 5793 esse
1393 5736 1559 5809 γέρας
1589 5735 1864 5809 ἐξαίρετον
1888 5735 1966 5807 τῷ

396 5810 617 5887 Χριστῷ
629 5810 722 5864 καὶ
747 5811 818 5881 τῇ
844 5807 1159 5879 Ἐκκλησία.
1181 5808 1291 5873 Ego
1302 5824 1430 5865 vero
1453 5807 1615 5864 alium
1647 5807 1969 5864 lto‘rumvver—

2140 5460 2255 5528 (96)
2284 5456 2571 5524 Θεοσεόὲς
2595 5454 3007 5528 ἀκροατήριον.
3025 5453 3149 5528 _Non
3174 5452 3301 5508 dubi
3311 5449 3512 5528 to_quin
3537 5446 3643 5528 Eug

2070 5522 2256 5584 sebius
2317 5522 2606 5594 scripserit
2646 5522 2977 5597 ﬁsotzpsﬁeg.
3022 5523 3268 5597 Ineptum
3296 5522 3443 5579 enim
3496 5527 3642 5574 esset

2073 5600 2273 5664 dicere,
2305 5597 2613 5661 θεοσεϐείας
2637 5595 2884 5659 θεοσεϐὲς
2906 5596 3288 5666 ἀκροατήριονἶ

2120 5657 2270 5739 ,(97)’
2298 5667 2351 5720 Ὀ
2411 5657 2647 5739 καθεῖςῖη,
2672 5657 2917 5739 Barbara
2955 5657 3057 5719 vox
3090 5657 3203 5739 pro
3248 5657 3330 5739 είς
3386 5658 3637 5739 ἕκαστος,

2075 5730 2376 5805 ριὼιῖοιιιη
2409 5753 2513 5791 non
2558 5730 3034 5792 animadvertisset
3086 5730 3375 5799 Masculus,
3415 5730 3638 5798 ineptis-

2074 5812 2209 5866 sime
2244 5806 2403 5863 vertit
2436 5826 2470 5861 ι.
2493 5808 2583 5873 qoi
2612 5807 2799 5864 sedet..
2825 5823 2845 5859 ι
