4220 6396
571 376 670 434 851

1280 381 1551 437 EUSEBll
1589 381 2073 440 CESARlENSlS
2112 385 2265 442 OPP.
2307 386 2492 444 PARS
2528 389 2570 444 ι.
2610 416 2681 428 ——
2718 386 3112 445 HISTORICA.

3723 386 3827 442 852

571 495 758 565 gloriae
786 504 890 551 tua:
911 496 977 549 ⁸⁷.
1005 516 1022 548 ι
1068 496 1177 553 Nec
1212 498 1387 552 solum
1413 500 1803 569 unusquisque,
1849 501 1944 556 sed
1985 501 2133 557 simul

2249 503 2384 557 ἀλλά
2420 505 2515 559 καὶ⁵
2546 505 2596 558 οἱ
2631 505 2833 566 πάντες
2874 503 3087 575 ἀθρόως
3140 504 3220 558 ἑνὶ
3274 503 3543 574 πνεύματι
3590 500 3683 556 καὶ
3730 504 3819 574 μιᾷ

571 602 763 642 unmes
792 602 897 643 uno
923 588 1120 658 spiritu
1150 605 1364 659 unoque
1413 591 1719 645 animorum
1752 607 2020 647 consensu
2052 607 2144 646 ve-

571 682 876 735 nerabundi
906 681 1269 738 acclamemus
1307 684 1361 737 in
1393 684 1534 737 hunc
1568 683 1785 738 modum
1818 701 1831 738 :
1869 703 1888 736 ι
1918 681 2146 756 Magnus

570 773 832 828 Dominus
857 783 911 827 et
946 772 1237 829 laudabilis
1275 774 1461 840 nimis,
1493 773 1548 828 in
1614 775 1835 829 civitate
1894 776 1988 830 Dei
2052 791 2146 829 n9-

567 862 688 930 stri,
724 864 778 917 in
828 875 1008 919 monte
1047 873 1240 921 sancto
1300 864 1502 936 ejus".
1533 885 1553 919 ι
1603 865 1739 920 Nam
1769 877 1823 922 et
1852 867 1969 936 ipse
1995 882 2121 922 vere

569 970 797 1026 magnus
825 966 926 1019 est,
963 964 1019 1011 et
1068 971 1264 1027 magna
1297 958 1489 1012 domus
1520 960 1675 1028 ejus:
1709 958 1978 1021 sublimis,
2011 975 2129 1011 am-

567 1046 655 1114 pla
692 1056 748 1101 et
784 1048 1029 1115 speciosa
1064 1061 1177 1116 prae
1207 1047 1334 1103 ﬂliis
1357 1049 1661 1103 hominum.
1698 1048 1924 1120 Magnus
1960 1049 2147 1103 Domi-

567 1153 669 1195 nus
702 1138 794 1208 qui
854 1138 984 1192 facit
1034 1138 1306 1194 mirabilia
1358 1139 1543 1193 solus:
1590 1138 1817 1211 Magnus
1871 1140 1960 1211 qui
2012 1140 2146 1195 facit

569 1244 762 1300 magna
793 1239 849 1284 et
872 1244 995 1298 qua:
1025 1229 1340 1300 investigari
1377 1245 1482 1285 non
1539 1243 1789 1299 possunt,
1830 1241 1883 1285 et
1910 1231 2141 1297 gloriosa

564 1336 630 1376 ac
674 1322 962 1392 stupenda,
1010 1336 1240 1392 quorum
1294 1335 1407 1377 non
1452 1331 1538 1378 est
1583 1338 1865 1378 numerus.
1916 1323 2144 1394 Magnus

563 1413 726 1486 373
751 1414 842 1485 qui
876 1422 1175 1469 commutat
1206 1425 1481 1469 momenta
1508 1430 1573 1471 ac
1620 1424 1864 1485 tempora
1891 1433 1905 1484 ;
1936 1416 2028 1487 qui
2065 1432 2144 1470 re-

564 1524 660 1578 ges
685 1517 1189 1577 exauctoratatque
1211 1507 1498 1563 constituit
1527 1523 1543 1561 :
1579 1525 1599 1559 ι
1623 1505 1912 1563 Suscitans
1939 1526 1970 1563 a
1996 1521 2141 1563 terra

565 1602 802 1669 inopem,
828 1609 881 1655 et
899 1600 967 1655 de
986 1611 1224 1656 stercore
1246 1600 1459 1669 erigens
1485 1614 1776 1671 pauperem
1794 1601 1859 1656 ".
1886 1620 1905 1653 ο
1947 1600 2143 1655 Detur-

563 1691 718 1746 bavit
758 1700 1009 1761 potentes
1046 1705 1112 1745 ex
1148 1689 1306 1755 solio,
1336 1698 1394 1744 et
1422 1703 1452 1743 a
1486 1701 1634 1745 terra
1657 1690 1927 1746 exaltavit
1958 1691 2141 1745 humi-

566 1777 646 1833 les
674 1791 691 1827 :
722 1778 1028 1834 esurientes
1056 1778 1297 1849 implevit
1327 1777 1509 1844 bonis,
1538 1786 1595 1834 et
1615 1778 1839 1835 brachia
1877 1785 2141 1851 superbo-

2245 594 2390 665 ψυχῇ
2418 596 2768 668 γεραίροντες
2798 594 3227 666 ἀνευφημῶμεν,
3265 614 3282 646 ι
3324 595 3516 664 Μέγας
3541 592 3768 665 Κύριος,
3802 614 3823 647 ι

2246 683 2610 753 ἐπιλέγοντες,
2638 704 2656 736 ι
2694 685 2788 739 καὶ
2814 685 3023 747 αἰνετός
3053 685 3284 757 σφόδρα,
3315 687 3371 739 έν
3396 685 3545 739 πόλει
3571 683 3665 738 τοῦ
3692 683 3828 738 Θεοῦ

2247 773 2488 845 ἡμῶν,ὲν
2504 776 2618 849 δρει
2644 776 2783 847 ἁγίῳ
2805 773 2990 829 αὑτοῦ.
3004 776 3143 830 »Καὶ
3157 776 3266 848 γὰρ
3285 771 3379 829 οὖν
3402 777 3575 848 μέγας
3596 776 3674 838 ὠς
3692 774 3827 847 ἀλη-

2247 866 2356 931 θῶς
2388 868 2480 921 καὶ
2516 868 2688 938 μέγας
2710 869 2738 920 6
2764 864 2913 931 οἶκος
2944 866 3129 931 αύτοῦ,
3154 866 3376 939 ὑψηλὸς,
3400 868 3495 921 καὶ
3522 868 3828 938 ἐπιμήκης,

2247 959 2340 1012 καὶ
2361 959 2557 1031 ὡραῖος
2578 959 2761 1012 κάλλει
2781 958 2933 1029 παρὰ
2946 961 3069 1022 τοὺς
3094 960 3243 1023 υἱοὺς
3256 960 3365 1012 τῶν
3379 959 3477 1014 ἀνθ
3485 958 3704 1030 ρώπων⁸
3730 959 3830 1029 μέ-

2245 1065 2350 1116 γας
2375 1052 2403 1102 6
2425 1047 2629 1119 Κύριος
2648 1050 2677 1101 6
2705 1048 2876 1102 ποιῶν
2896 1048 3174 1118 θαυμάσια
3197 1049 3376 1119 μόνοςο
3411 1049 3584 1119 μέγας
3609 1050 3637 1101 6
3660 1046 3830 1102 ποιῶν

2249 1139 2460 1210 μεγάλα
2498 1141 2593 1193 καὶ
2617 1140 3018 1209 ἀνεξιχνίαστα,
3062 1139 3246 1205 ένδοξά
3279 1156 3339 1192 τε
3368 1139 3464 1192 καὶ
3495 1139 3727 1204 ἐξαίσια,
3749 1139 3827 1194 ὧν

2245 1229 2345 1281 οὐκ
2396 1229 2544 1284 ἔστιν
2597 1230 2865 1302 ἀριθμός·
2900 1230 3072 1302 μέγας
3115 1233 3145 1285 ὁ
3189 1230 3417 1285 ἀλλοιῶν
3463 1231 3689 1300 καιροὺς
3734 1228 3829 1282 καὶ

2244 1319 2503 1389 χρόνους,
2551 1318 2821 1391 μεθιστῶν
2858 1318 3099 1390 βασιλεῖς
3139 1320 3234 1372 καὶ
3264 1316 3561 1380 καθιστῶν,
3599 1316 3831 1385 ἐγείρων

2244 1408 2355 1462 ἀπὸ
2373 1412 2478 1480 γῆς
2493 1408 2731 1479 πτωχὸν,
2748 1410 2841 1462 καὶ
2861 1409 2971 1463 ἀπὸ
2983 1409 3216 1480 κοπρίας
3233 1407 3451 1477 άνυψῶν
3466 1406 3676 1478 πένητα
3692 1405 3825 1476 (98).

2243 1500 2477 1554 Καθεῖλε
2506 1501 2773 1565 δυνάστας
2799 1501 2908 1555 ἀπὸ
2941 1499 3168 1573 θρόνων,
3200 1500 3293 1553 καὶ
3323 1499 3506 1569 θψωσε
3536 1497 3831 1562 ταπεινοὺς

2243 1592 2352 1646 ἀπὸ
2378 1593 2505 1663 γῆς·
2555 1593 2853 1656 πεινῶντας
2882 1591 3179 1663 ἐνέπλησεν
3215 1590 3469 1661 ἀγαθῶν,
3504 1591 3599 1643 καὶ
3633 1588 3828 1662 βραχι-

2242 1703 2371 1749 ονας
2418 1687 2786 1757 ὑπερηφάνων
2819 1686 3169 1758 συνέτριψεν
3219 1703 3239 1737 ›
3286 1685 3347 1738 ού
3396 1686 3609 1748 πιστοῖς
3645 1684 3827 1755 μόνον,

2242 1777 2379 1831 ἀλλὰ
2423 1777 2520 1831 καὶ
2561 1777 2831 1843 ἀπίστοις,
2873 1778 2982 1831 τῶν
3035 1775 3282 1831 παλαιῶν
3340 1777 3693 1848 διηγημάτων
3732 1775 3830 1848 τὴν

568 1885 685 1923 rum
716 1871 1063 1925 contrivit".
1091 1892 1110 1925 ι
1138 1874 1315 1941 Atque
1342 1872 1413 1928 ita
1432 1887 1540 1927 non
1560 1872 1737 1928 solum
1765 1874 1906 1944 apud
1933 1875 2133 1938 lideles,

2248 1869 2468 1939 μνήμην
2490 1871 2922 1940 πιστωσάμενος,
2951 1870 2979 1922 6
3008 1867 3447 1940 θαυματουργὸς,
3471 1870 3499 1922 6
3530 1867 3830 1940 μεγαλουρ·

566 1974 754 2015 verum
810 1962 977 2015 etiam
1020 1962 1163 2032 apud
1211 1962 1479 2028 inﬁdeles,
1532 1979 1721 2019 earum
1776 1978 1962 2018 rerum
2018 1979 2143 2034 quae

563 2051 691 2106 olim
728 2063 896 2122 gesta:
925 2052 1184 2107 dicuntur
1223 2052 1383 2107 fidem
1411 2053 1779 2110 conﬁrmavit.
1809 2055 1954 2112 Vere
1977 2056 2142 2110 mira-

563 2144 812 2200 culorum
873 2145 1076 2215 opifex,
1114 2161 1435 2217 magnorum
1488 2163 1717 2219 operum
1778 2158 2140 2218 perpetrator,

563 2237 941 2293 universorum
971 2238 1252 2305 Dominus,
1281 2239 1444 2294 totius
1495 2240 1681 2295 mundi
1704 2240 1975 2304 conditor,
2025 2255 2143 2298 om-

562 2328 836 2402 nipotens,
868 2330 1131 2401 optimus,
1176 2330 1470 2398 maximus,
1497 2347 1637 2386 unus
1682 2346 1748 2387 ac
1792 2330 1941 2388 solus
1974 2332 2137 2394 Deus.

559 2422 658 2478 Cui
702 2437 901 2478 novum
952 2423 1224 2478 canticum
1273 2437 1565 2489 canamus;
1614 2423 1933 2480 obedientes
1963 2425 2012 2479 ei
2047 2427 2140 2495 qui

561 2514 694 2571 iacit
721 2513 991 2570 mirabilia
1034 2514 1212 2581 solus,
1237 2516 1498 2584 quoniam
1538 2515 1592 2570 in
1623 2515 1883 2572 saeculum
1916 2518 2138 2572 miseri-

558 2606 744 2661 cordia
779 2605 937 2677 ejus:
970 2605 1062 2675 qui
1094 2607 1368 2677 percussit
1410 2620 1567 2677 reges
1606 2621 1857 2678 magnos,
1891 2618 1947 2663 et
1991 2609 2138 2664 occi-

558 2696 637 2750 uit
670 2710 828 2765 reges
881 2694 1071 2761 fortes,
1105 2697 1362 2766 quoniam
1396 2698 1449 2753 in
1478 2698 1735 2755 saeculum
1764 2699 2137 2756 misericordia

556 2784 677 2857 ejus
710 2805 725 2842 :
754 2789 879 2858 quia
916 2788 971 2843 ln
1031 2788 1341 2844 humilitate
1380 2799 1568 2845 nostra
1614 2788 1874 2847 Dominus
1927 2806 2140 2847 memor

558 2878 658 2932 fuit
688 2880 881 2946 nostri,
921 2888 977 2934 et
1011 2878 1239 2935 redemit
1278 2896 1375 2937 nos
1405 2881 1474 2935 ab
1508 2880 1742 2937 inimicis
1790 2883 1995 2938 nostris
2011 2881 2080 2937 ".
2112 2901 2132 2935 ι

556 2973 634 3026 Ac
661 2970 828 3027 Deum
872 2972 1092 3042 quidem
1123 2974 1368 3028 omnium
1399 2972 1619 3029 Patrem
1648 2973 1735 3029 his
1766 2972 2021 3031 laudibus
2043 2990 2136 3031 ce-

556 3060 769 3118 lebrare
815 3079 1092 3134 nunquam
1124 3078 1424 3122 cessemus.
1458 3063 1613 3120 lllum
1645 3080 1778 3123 vero
1804 3069 1895 3139 qui
1935 3083 2134 3123 secun-

553 3151 655 3208 dus
680 3163 869 3209 auctor
902 3154 1167 3211 bonorum
1215 3156 1373 3214 nobis
1403 3156 1650 3223 exstitit;
1690 3158 1785 3229 qui
1814 3174 1917 3215 nos
1941 3159 2007 3213 ad
2039 3159 2133 3215 Dei

2246 1960 2362 2030 γδς,
2397 1963 2425 2014 6
2455 1960 2562 2015 τῶν
2591 1960 2727 2014 ὅλων
2753 1961 3042 2031 δεσπότης,
3074 1958 3103 2012 6
3136 1958 3231 2013 τοῦ
3271 1959 3586 2031 σύμπαντος
3619 1960 3827 2031 κόσμου

2242 2052 2592 2125 δημιουργὸς,
2627 2054 2656 2106 6
2690 2052 3104 2123 παντοκράτωρ,
3143 2054 3172 2105 6
3197 2051 3531 2121 πανάγαθος,
3562 2052 3592 2107 6
3620 2045 3701 2115 εἷς
3733 2050 3829 2105 καὶ⁹

2250 2145 2409 2216 μόνος
2442 2144 2596 2208 Θεὸς,
2695 2144 2755 2198 τὸ
2784 2144 2969 2198 καινὸν
3005 2140 3158 2216 ᾆσμα
3226 2145 3544 2217 μέλπωμεν,
3569 2154 3831 2216 ιπροσυπ-

2245 2238 2538 2301 ἀκούοντες
2566 2237 2645 2309 τῷ
2675 2237 2915 2292 ποιοῦντι
2945 2236 3225 2309 θαυμάσια
3283 2239 3450 2308 μόνῳ,
3476 2230 3558 2291 ὃτι
3609 2239 3691 2302 εἰς
3737 2238 3829 2292 τὸν

2244 2330 2415 2386 αἰῶνα
2441 2330 2502 2383 τὸ
2522 2329 2668 2394 ἕλεος
2693 2328 2858 2383 αὐτοῦ
2880 2346 2899 2362 '
2930 2329 3009 2400 τῷ
3032 2328 3334 2395 πατάξαντι
3372 2330 3616 2400 βασιλεῖς
3652 2329 3827 2401 μεγάο

2241 2420 2367 2486 λους
2409 2422 2505 2475 καὶ
2544 2422 2928 2475 ἀποκτείναντι
2974 2421 3214 2492 βασιλεῖς
3267 2422 3582 2494 κραταιούς,
3622 2423 3706 2475 ὅτι
3746 2424 3829 2487 εἰς

2239 2511 2333 2565 τὸν
2374 2511 2547 2565 αἰῶνα
2599 2511 2660 2565 τὸ
2706 2512 2854 2577 ἕλεος
2901 2512 3089 2579 αὐτοῦ,
3146 2513 3229 2566 ὅτι
3279 2514 3337 2567 ὲν
3381 2515 3448 2585 τῇ
3498 2511 3828 2568 ταπεινώσει

2240 2602 2399 2675 ημῶν
2424 2603 2668 2675 ἐμνήσθη
2697 2604 2853 2677 ἡμῶν
2879 2606 2908 2658 6
2930 2604 3155 2678 Κύριος,
3186 2606 3281 2659 καὶ
3308 2602 3652 2677 ὲλυτρώσατο
3678 2606 3829 2677 ἡμᾶς

2241 2698 2307 2750 ὲκ
2338 2696 2447 2750 τῶν
2487 2695 2697 2768 ἐχθρῶν
2727 2696 2905 2768 ἡμῶν.
2948 2698 3060 2753 Καὶ
3090 2698 3184 2753 τὸν
3236 2696 3337 2769 μὲν
3388 2697 3499 2751 τῶν
3543 2697 3678 2751 ὅλων
3710 2699 3829 2752 Πα-

2238 2787 2376 2859 τέρα
2407 2785 2615 2851 τούτοις
2661 2787 3120 2859 ἀνευφημοῦντες,
3158 2791 3231 2859 μή
3274 2804 3405 2841 ποτε
3442 2786 3823 2859 διαλίποιμιενο

2239 2876 2329 2931 τὸν
2360 2877 2414 2931 δὲ
2440 2878 2547 2931 τῶν
2575 2878 2797 2947 ἀγαθῶν
2824 2880 2957 2950 ἡμῖν
2980 2879 3231 2953 δεύτερον
3251 2880 3424 2935 αἴτιον
3448 2880 3581 2953 (99),
3611 2881 3702 2934 τὸν
3727 2881 3827 2953 τῆς

2241 2970 2572 3039 θεογνωσίας
2601 2971 2930 3044 εἰσηγητὴν,
2961 2972 3054 3027 τὸν
3093 2974 3190 3045 τῆς
3229 2971 3464 3045 ἀληθοῦς
3517 2972 3828 3037 θεοσεϐείας

2238 3061 2581 3129 διδάσκαλον,
2626 3064 2718 3118 τὸν
2766 3064 2876 3118 τῶν
2921 3065 3135 3121 ἀσεὸῶν
3177 3064 3435 3139 ὀλετῆρα,
3485 3065 3578 3120 τὸν
3630 3083 3829 3139 τυραν-

2239 3156 2510 3221 νοκτόνον,
2560 3157 2651 3211 τὸν
2696 3154 2790 3211 τοῦ
2833 3157 2947 3228 βίον
2998 3155 3330 3229 διορθωτὴν,
3367 3156 3459 3211 τὸν
3513 3157 3669 3229 ἡμῶν
3716 3158 3827 3213 τῶν

554 3243 802 3300 notitiam
832 3247 1147 3303 informavit
1170 3263 1465 3318 veramque
1513 3247 1837 3320 religionem
1868 3250 2126 3317 edocuit;

2238 3250 2674 3323 ἀπεγνωσμένων
2701 3252 2932 3324 Σωτῆρα
2977 3252 3205 3322 Ἰησοῦν,
3234 3252 3338 3306 ἀνά
3364 3252 3541 3322 στόμα
3568 3252 3829 3323 φέροντες

549 3338 644 3407 qui
680 3338 874 3409 impios
904 3340 1179 3396 destruxit
1208 3350 1263 3396 et
1314 3351 1581 3414 tyrannos
1625 3341 1861 3409 occidit;
1903 3343 1995 3412 qu‘i
2033 3358 2137 3399 sa:-

549 3428 659 3485 culi
685 3444 866 3487 mores
892 3431 1136 3487 correxit
1164 3450 1179 3488 :
1207 3433 1299 3503 qui
1332 3448 1432 3489 nos
1462 3431 1696 3503 denique
1720 3449 1845 3489 cum
1868 3432 2134 3504 deplorati

549 3530 795 3578 eSsemus
823 3524 1064 3578 servavit
1090 3517 1304 3579 :Jesum
1334 3525 1548 3580 scilicet
1580 3525 1789 3595 pariter
1810 3537 2136 3583 venerantes

550 3612 605 3667 in
636 3624 735 3668 ore
768 3628 984 3685 semper
1008 3616 1331 3677 habeamus.
1351 3617 1516 3672 Solus
1541 3618 1686 3671 enim
1720 3617 1809 3672 ille
1837 3625 1893 3673 et
1918 3619 2133 3682 unicus,

553 3715 743 3778 utpote
769 3708 960 3777 optimi
996 3708 1216 3763 maximi
1254 3706 1435 3764 Patris
1459 3710 1702 3780 optimus
1733 3711 2007 3766 maximus
2037 3706 2132 3765 Fi-

552 3798 679 3863 lius,
717 3814 842 3853 cum
892 3809 1133 3869 paternis
1179 3798 1485 3856 clementia:
1514 3803 1834 3868 obsecutus,
1879 3814 2132 3857 naturam

549 3896 821 3957 nostram,
846 3891 937 3960 qui
970 3891 1023 3946 in
1048 3891 1318 3948 altissimo
1344 3892 1711 3963 corruptionis
1745 3892 1962 3963 gurgite
1980 3892 2135 3960 jace-

548 3983 764 4049 bamus,
796 3983 1160 4041 libentissime
1212 3984 1519 4052 induisset;
1564 3985 1711 4041 velut
1743 3986 2136 4056 praestantissi-

550 4088 671 4129 mus
723 4075 944 4145 quidam
1002 4077 1244 4132 medicus
1289 4092 1562 4148 aegrorum
1625 4077 1787 4133 saluti
1818 4078 2129 4142 consulens,

549 4163 800 4221 morbum
841 4167 1117 4238 inspexit;
1149 4176 1289 4223 tetra
1316 4179 1483 4238 atque
1523 4168 1748 4224 horrida
1779 4167 1962 4223 ulcera
1992 4183 2131 4222 con-

548 4250 835 4324 trectavit;
862 4267 919 4314 et
939 4273 1007 4313 ex
1051 4258 1248 4314 alienis
1279 4258 1690 4316 calamitatibus
1716 4259 1820 4315 sibi
1858 4259 1962 4331 ipsi
1996 4275 2122 4330 pro-

500 4356 507 4365 '
547 4350 725 4420 prium
752 4346 999 4407 dolorem
1051 4351 1307 4422 paravit;
1339 4366 1551 4422 uosque
1600 4368 1705 4407 non
1747 4353 1913 4408 modo
1951 4368 2129 4420 aegro-

549 4454 746 4511 tantes,
771 4454 825 4500 et
850 4444 1194 4515 gravissimis
1240 4460 1303 4499 ac
1337 4444 1568 4513 putridis
1599 4443 1879 4499 ulceribus
1903 4457 2132 4514 Oppreso

543 4553 670 4606 sus;
696 4534 789 4594 sed
815 4539 925 4593 vita
963 4538 1181 4608 penitus
1204 4536 1498 4593 destitutos
1541 4538 1657 4608 ipse
1703 4551 1800 4607 per
1823 4551 1882 4592 se
1904 4551 1972 4591 ex
2005 4551 2132 4605 pro-

2237 3340 2622 3414 γεραίρωμεν·
2670 3344 2754 3397 ὃτι
2800 3342 2864 3414 δὴ
2900 3341 3057 3414 μόνος
3104 3337 3194 3396 οἷα
3240 3343 3558 3412 παναγάθου
3611 3340 3828 3415 Πατρδς

2239 3431 2550 3503 μονώτατος
2596 3434 2858 3506 ὑπάρχων
2907 3432 3222 3501 πανάγαθος
3273 3435 3433 3499 Παῖς,
3480 3433 3675 3505 γνώμῃ
3723 3431 3828 3502 τῆς

2239 3512 2513 3596 πατρικῆς
2558 3523 3000 3595 φιλανθρωπίας,
3050 3522 3159 3577 τῶν
3209 3526 3267 3577 ὲν
3317 3522 3496 3598 φθορᾷ
3522 3526 3675 3581 κάτω
3719 3540 3826 3578 mu

2238 3621 2509 3689 κειμένων
2535 3606 2699 3689 ἡμῶν
2716 3609 2776 3673 εὗ
2805 3618 2949 3687 μάλα
2972 3617 3271 3689 προθύμως
3294 3618 3494 3684 ὑποδὺς
3517 3619 3616 3690 τὴν
3642 3617 3824 3687 φύσιν,

2235 3704 2326 3763 οἷά
2354 3726 2439 3774 τις
2469 3708 2670 3781 ἰατρῶν
2707 3712 2948 3783 ἀριστος,
2990 3712 3089 3781 τῆς
3118 3710 3225 3765 τῶν
3254 3710 3571 3782 καμνόντων
3602 3709 3676 3780 (1)
3706 3708 3825 3761 ’ἑνε-

2238 3816 2332 3857 κεν
2368 3804 2665 3876 σωτηρίας,
2694 3804 2798 3875 ὁρᾷ
2821 3800 2919 3874 μὲν
2941 3802 3110 3867 δεινὰ,
3137 3802 3382 3873 θιγγάνει
3406 3799 3450 3855 δ’
3480 3801 3708 3873 ἀηδέων,
3737 3801 3826 3855 ἐπ’

2236 3888 2548 3965 ἀλλοτρίῃσι
2579 3910 2637 3946 τε
2665 3893 3007 3963 ξυμφορῇσιν
3044 3891 3175 3956 ἰδίας
3201 3891 3509 3965 καρποῦται
3536 3890 3733 3960 λύπας,
3761 3889 3824 3945 οὐ

2237 3985 2529 4050 νοσοῦντας
2566 3984 2697 4040 αύτὸ
2742 3984 2922 4058 μόνον,
2960 3984 3069 4039 οὐδ’
3099 3984 3283 4039 ἕλκεσι
3310 3985 3502 4049 δεινοῖς
3540 3985 3635 4039 καὶ
3666 3999 3829 4058 σεση-

2237 4078 2396 4133 πόσιν
2448 4077 2547 4149 ήδη
2587 4072 2868 4149 τραύμασι
2913 4076 3269 4146 πιεζομένους
3290 4115 3306 4140 ,
3338 4072 3476 4129 ἀλλά
3507 4074 3602 4128 καὶ
3648 4074 3706 4127 ὲν
3738 4091 3829 4128 νε·-

2235 4172 2389 4243 κροῖς
2417 4167 2705 4240 κειμένους
2738 4168 2886 4241 ἡμᾶς
2925 4165 2985 4234 ἐξ
3017 4169 3198 4222 αὐτῶν
3238 4167 3421 4241 μυχῶν
3453 4166 3549 4220 τοῦ
3590 4165 3824 4221 θανάτου

2236 4260 2398 4327 αὐτὸς
2431 4261 2611 4333 ἑαυτῷ
2642 4258 2959 4326 διεσώσατο,
2995 4263 3077 4315 ὅτι
3113 4258 3247 4333 μηδὲ
3277 4260 3421 4314 ἄλλω
3447 4276 3525 4331 τῳ
3558 4259 3668 4312 τῶν
3702 4260 3824 4312 κατ’

2234 4354 2463 4426 οὐρανὸν
2510 4351 2763 4407 τοσοῦτον
2806 4353 2989 4425 παρῆν
3030 4353 3233 4425 ἰσχύος,
3271 4353 3347 4416 ώς
3378 4354 3442 4423 τῇ
3488 4351 3595 4405 τῶν
3639 4348 3826 4404 τοσού-

2234 4464 2342 4501 των
2376 4445 2630 4509 ἀϐλαϐὣς
2666 4445 3087 4516 διακονήσασθαι
3129 4444 3393 4516 σωτηρίᾳ.
3433 4444 3610 4505 Μόνος
3646 4443 3691 4496 δ’
3731 4439 3825 4496 οὖν

2237 4540 2331 4592 καὶ
2355 4538 2457 4608 τῆς
2499 4537 2656 4609 ἡμῶν
2695 4536 2874 4590 αὐτῶν
2910 4536 3260 4609 βαρυπαθοῦς
3301 4537 3506 4609 φθορᾶς
3541 4536 3828 4606 ἐφαψάμε-

542 4629 710 4685 fundo
749 4630 943 4686 mortis
1002 4629 1261 4685 barathro
1315 4628 1517 4699 eripuit
1563 4644 1629 4684 ac
1683 4628 1945 4684 servavit.
1977 4627 2125 4683 Nulli

2238 4645 2340 4693 νος,
2376 4629 2538 4699 μόνος
2565 4630 2694 4692 τοὺς
2726 4628 3029 4701 ἡμετέρους
3057 4628 3294 4694 ἀνατλὰς
3329 4629 3543 4694 πόνους,
3572 4629 3731 4701 μόνος
3756 4629 3827 4683 τὰ

612 4747 657 4778 ⁸⁷
684 4748 829 4803 Psal.
873 4765 1001 4814 ην,
1031 4750 1087 4805 8.
1164 4749 1210 4781 ⁸⁸
1235 4749 1380 4806 Psal.
1428 4750 1653 4815 xcvnﬂ.
1731 4751 1775 4784 "
1802 4751 1947 4806 Psai.
1977 4766 2111 4818 cxu,

2271 4753 2320 4783 "
2351 4751 2487 4808 Luc.
2515 4768 2556 4820 ι,
2595 4751 2683 4818 52,
2714 4751 2803 4805 55.
2878 4752 2925 4783 '“
2950 4750 3092 4808 Psal.
3142 4767 3343 4817 σχειν,
3370 4751 3424 4818 4,
3465 4751 3550 4815 l7,
3582 4751 3671 4806 23.

613 4869 726 4942 (98)
768 4870 1050 4940 Ἀνυψῶν
1086 4870 1335 4941 πένητα.
1385 4872 1479 4928 Sic
1507 4873 1673 4942 habet
1699 4875 1914 4942 vulgata
1954 4875 2121 4942 editio

542 4941 757 5009 i'salmo
787 4939 929 5005 cm;
962 4943 1053 4997 sed
1086 4939 1254 4997 nostri
1311 4945 1469 4998 codd.
1517 4940 1679 5009 51:12.,
1707 4939 1847 5001 Med.
1882 4955 1937 5001 et
1982 4939 2122 5001 Fuk.

538 5008 838 5084 praeferunt
864 5010 1100 5066 ἀνιστῶν
1132 5013 1361 5084 πένητα.

611 5079 724 5151 (99)
770 5081 1058 5150 Δεύτερον
1101 5079 1313 5137 ulnam.
1372 5084 1426 5137 In
1470 5083 1665 5138 codice
1721 5083 1977 5141 Medii-reo
2023 5085 2129 5139 hoc

538 5151 787 5222 scholiou
817 5156 883 5222 ad
914 5153 1214 5217 marginem
1250 5154 1546 5222 ascriptum
1579 5163 1701 5209 est:
1735 5154 1938 5220 Κακῶς
1994 5154 2130 5210 κάν-

536 5218 713 5306 vigilat
724 5220 1095 5306 θεολογεῖς,Εύ
1103 5218 1411 5306 σέϐιεὶπερϊ
1425 5222 1519 5306 τοηῦ
1547 5218 1993 5306 συνανάρχου
2010 5242 2134 5306 συγ-

537 5291 709 5365 ᾳῖδίου
731 5331 746 5355 ,
794 5295 889 5365 και
930 5295 1275 5365 συμποιητοῦ
1319 5291 1428 5365 τῶν
1473 5294 1609 5365 ὅλων
1638 5291 1914 5349 Υῑοῦ’ῖτοῦ
1956 5296 2091 5351 Θεοῦ
2113 5313 2127 5327 ·

536 5361 790 5434 δεύτερον
823 5363 985 5416 αὑτὸν
1010 5361 1302 5420 ἀποκαλῶν
1331 5364 1502 5434 αἴτιον
1534 5364 1642 5419 τῶν
1670 5365 1912 5434 ἀγαθῶν,
1949 5367 2135 5420 συναίο

535 5449 651 5508 τιον
680 5433 809 5508 ᾇντα
835 5434 931 5508 καὶ
961 5435 1388 5508 συνδημιουργδν
1407 5433 1485 5505 τῷ
1502 5436 1687 5508 ,Πατρὶ
1714 5433 1821 5490 τῶν
1849 5436 2015 5502 ὅλων,
2042 5438 2136 5491 καὶ

536 5501 843 5573 δμοούσιον.
892 5503 948 5559 In
992 5501 1183 5559 codice
1214 5501 1434 5574 quoque
1457 5501 1748 5561 Mazarino
1770 5501 2014 5561 scholion
2047 5523 2133 5561 re-

538 5596 554 5623 ι
570 5574 783 5645 elatiore
807 5591 971 5629 manu
997 5576 1303 5645 appositum
1326 5587 1433 5638 est,
1461 5593 1571 5645 quo
1593 5577 1857 5631 Eusebius
1881 5578 2135 5633 similiter

538 5643 980 5717 reprehenditur,
1025 5643 1120 5711 qui
1168 5645 1363 5700 Filium
1417 5643 1564 5700 Patri
1597 5646 1895 5717 subjecerit
1952 5658 2005 5702 et
2046 5665 2133 5702 se-

533 5712 851 5793 cunrluurei
885 5716 1077 5793 Iocum_
1094 5717 1439 5793 a‘ttribuerit:
1466 5712 1724 5793 T619131",
1743 5716 2020 5793 ἄνθρωπε,
2039 5720 2133 5793 ἐπι

535 5781 695 5861 sint?)
736 5785 838 5853 τῆς
862 5784 1080 5861 ,σαυτοῦ
1113 5770 1382 5861 θεολογεῖς
1429 5770 2137 5861 ate_tpalﬁ;'l_163r$6£ﬁ'

537 5852 763 5922 δυνάμει
793 5852 885 5909 καὶ
914 5857 1073 5929 οὐσία
1109 5856 1251 5913 κατά
1278 5852 1454 5912 πάντα
1485 5852 1670 5928 ὅμοιόν
1692 5856 1767 5928 τῷ
1798 5852 2135 5930 Πατρῗύπο-

2230 4875 2469 4941 διδάξων
2498 4880 2593 4930 καὶ
2622 4875 2915 4941 ὑποτιθεὶς,
2950 4878 3045 4931 καὶ
3075 4876 3145 4930 τά
3171 4876 3449 4946 δευτερεῖα
3489 4874 3583 4930 τοῦ
3612 4874 3828 4946 Πατρός

2230 4946 2520 5019 ἀπονέμων
2543 4963 2556 4977 ·
2595 4946 2816 5019 ἐναντία
2852 4947 3069 5019 φρονῶν
3107 4948 3200 5000 καὶ
3236 4945 3466 5019 γράφων
3507 4949 3621 5019 τοῖς
3656 4945 3826 5016 ὁμού-

2234 5035 2347 5089 σιον
2395 5016 2475 5089 τῷ
2497 5019 2675 5089 Πριτρὶ
2733 5018 2825 5070 τὸν
2876 5016 3031 5089 Υίὸν-
3053 5016 3446 5089 δογματίσσσιν
3497 5016 3675 5089 ἁγίοις
3706 5033 3829 5089 Δπα·-

2232 5088 2425 5160 τράσιν
2527 5081 2602 5160 ῶν
2623 5081 2635 5089 ’
2657 5089 2952 5160 συνήγορος
2999 5083 3106 5160 ἦς,
3126 5081 3195 5160 ’,ἐι
3233 5089 3306 5158 μὴ
3338 5081 3633 5160 προφανῶς
3657 5159 3663 5160 γ
3689 5084 3827 5156 ψεύ-

2232 5156 2414 5231 δονται
2442 5156 2492 5212 οἱ
2518 5158 2619 5231 τὰς
2645 5156 2873 5231 πράξεις
2896 5156 3318 5231 συγγράψαντες
3358 5156 3561 5231 αὐτῶν.
3611 5159 3673 5231 ιιι,
3701 5166 3784 5231 est
3809 5171 3826 5211 :

2240 5249 2261 5281 ι
2298 5229 2412 5284 Cur
2449 5228 2756 5296 huiusmodi
2783 5232 2849 5283 de
2884 5228 3101 5283 Christo
3129 5243 3410 5283 sermones
3438 5230 3490 5281 in
3519 5228 3825 5298 perniciem

2237 5301 2434 5369 capitis
2463 5301 2537 5354 tui
2573 5300 2809 5369 profers,
2846 5315 2880 5354 ο
2912 5300 3099 5364 homo,
3123 5315 3244 5353 eum
3274 5300 3364 5367 qui
3397 5299 3593 5370 gloria,
3626 5299 3830 5370 virtute

2238 5368 2313 5425 ac
2332 5371 2633 5425 substantia
2669 5370 3030 5439 undequaque
3081 5370 3276 5423 similis
3319 5368 3419 5424 est'
3442 5368 3624 5433 Patri,
3654 5369 3792 5437 suhji

2237 5441 2390 5493 ciens
2417 5456 2478 5493 ar
2509 5455 2853 5510 supponens,
2887 5450 2942 5494 et
2971 5441 3269 5495 secundum
3300 5455 3328 5510 a
3371 5440 3537 5494 Patre
3570 5439 3746 5494 locum
3774 5442 3826 5494 ei

2238 5510 2566 5564 attribuens.
2597 5509 2652 5564 In
2697 5526 2807 5580 quo
2839 5512 3121 5565 contraria
3168 5509 3343 5563 sentis
3378 5526 3443 5563 ac
3469 5511 3664 5580 scribis
3693 5526 3821 5563 san-

2238 5580 2389 5635 ctissi
2400 5583 2504 5635 mis
2519 5579 2796 5647 Patrihus,
2820 5583 2912 5651 qui
2935 5581 3455 5651 consubstantialem
3480 5596 3603 5636 esse
3625 5579 3827 5651 Filium

2242 5652 2690 5720 pronuntiarunt.
2733 5653 2977 5715 Quorum
3025 5650 3315 5705 sententia:
3364 5664 3415 5702 tu
3448 5665 3667 5721 quoque
3696 5650 3829 5703 sub-

2240 5721 2535 5790 scripsisti,
2566 5722 2668 5775 nisi
2703 5722 2882 5789 palam
2913 5720 3249 5775 mentiuntur
3294 5722 3389 5791 qui
3434 5720 3581 5775 acta
3608 5722 3826 5775 illorum

2242 5792 2521 5861 memoria}
2552 5792 2931 5861 prodiderunt.
2970 5810 2989 5841 ι

2315 5863 2391 5924 (1)
2438 5859 2566 5923 Τῆς-⁷
2607 5860 2725 5915 τῶν
2762 5862 3133 5927 καμνόντων.
3187 5861 3411 5919 lambici
3454 5870 3581 5918 sunt
3634 5876 3809 5916 versu.
