4220 6432
424 410 530 462 833

1459 397 1814 454 HISTORle
1858 394 2426 451 ECCLESlASTlCJE
2467 393 2597 450 LlB.
2642 392 2709 447 Χ.

3598 386 3703 440 854

423 522 705 593 πρόστιμα
739 520 848 573 τῶν
897 518 1181 590 ἡμετέρων
1226 516 1594 586 ἀσεϐημάτων
1643 511 1996 584 περιθέμενος

2127 512 2327 581 quippe
2357 510 2511 565 alteri
2542 507 2855 563 celestium
2883 512 3212 574 pctestatum
3238 508 3449 557 tantum
3489 499 3703 568 roboris

420 615 516 685 οὐχ
541 613 888 685 ἡμιθνῆτας,
925 612 1062 667 άλλά
1107 612 1202 666 καὶ
1246 612 1481 682 πάμπαν
1529 612 1587 663 ἐν
1629 609 1877 679 μνήμασι
1925 605 2018 659 καὶ

420 706 632 775 τάφοις,
686 704 964 777 μυσαροὺς
992 703 1093 773 ήδη
1138 702 1233 755 καὶ
1266 700 1529 762 ὀδωδότας
1571 696 1878 761 ἀναλαϐὼν,
1912 695 2016 748 πά-

419 798 506 852 λαι
524 813 585 851 τε
611 796 706 851 καὶ
722 795 816 849 νῦν
838 793 1039 864 σπουδῇ
1059 795 1123 862 τῇ
1142 790 1334 860 φιλανθ
1343 789 1528 862 ρώπῳ,
1544 806 1620 842 πα
1629 786 1696 860 ρὰ
1716 788 1897 840 πᾶσαν
1916 785 2014 856 τὴν

418 884 731 937 οὑτινοσοῦν
762 883 918 955 ήμῶν
949 900 1007 935 τε
1037 880 1217 935 αὐτῶν
1245 879 1457 943 ἐλπίδα,
1486 877 1649 944 σώζει
1675 895 1758 930 τεο
1788 876 1883 931 καὶ
1905 875 2012 929 τῶν

418 974 512 1027 τοῦ
537 976 753 1046 Πατρὸς
772 973 993 1039 ἀγαθῶν
1009 973 1268 1043 ἀφθονίαν
1293 972 1665 1042 μεταδίδωσιν,
1685 972 1713 1023 ὁ
1729 968 2009 1033 ζωοποιὸς,

419 1068 448 1119 ὁ
469 1068 827 1138 φωταγωγὺς,
847 1069 875 1120 ὁ
898 1068 1068 1138 μέγας
1090 1066 1247 1137 ἡμῶν
1280 1067 1483 1138 ἰατρὸς,
1504 1065 1599 1119 καὶ
1616 1063 1896 1127 Βασιλεὺς,
1915 1063 2010 1117 καὶ

421 1157 648 1230 Κύριος,
675 1161 703 1212 ὁ
728 1158 961 1231 Χριστὸς
982 1156 1074 1211 τοῦ
1097 1156 1254 1210 Θεοῦ.
1292 1155 1453 1209 Ἀλλά
1481 1157 1603 1209 τότε
1633 1155 1731 1226 μὲν
1760 1155 1836 1226 (2)
1864 1153 2010 1220 ἅπαξ

422 1249 482 1302 ὲν
512 1250 666 1303 νυκτὶ
700 1248 907 1322 ζοφερᾷ
950 1250 1046 1304 καὶ
1092 1249 1269 1319 σκότῳ
1312 1247 1483 1319 βαθεῖ,
1513 1247 1783 1318 δαιμόνων
1821 1246 2009 1319 ἀλιτη-

423 1342 556 1415 ρίων
590 1343 838 1407 πλάναις,
881 1343 978 1394 καὶ
1022 1340 1293 1412 θεομισῶν
1326 1338 1654 1410 πνευμάτων
1706 1338 2007 1410 ἐνεργείαις

423 1435 534 1489 πᾶν
572 1434 634 1487 τὸ
676 1433 785 1487 τῶν
811 1432 1116 1507 ἀνθρώπων
1147 1431 1303 1501 γένος
1332 1430 1843 1502 κατορωρυγμένον,
1874 1429 2007 1484 αὐτὸ

425 1528 587 1598 μόνον
619 1528 906 1596 ἐπιφανεὶς
956 1526 1056 1599 (5),
1090 1525 1166 1589 ὡς
1202 1523 1268 1578 ἂν
1304 1523 1476 1596 κηροῦ
1507 1522 1854 1587 διατακέντος
1884 1526 2006 1587 ταῖς

422 1614 588 1669 αὑτοῦ
629 1615 811 1686 βολαῖς
851 1615 946 1668 τοῦ
991 1615 1190 1684 φωτὸς,
1236 1614 1336 1678 τάς
1370 1612 1694 1677 πολυδέτους
1737 1615 1846 1667 τῶν
1879 1615 2006 1668 ἀσε-

421 1705 683 1778 ϐημάτων
711 1705 868 1778 ἡμῶν
903 1705 1091 1778 σειρὰς
1118 1706 1419 1761 διελύσατο.
1447 1704 1562 1760 Νῦν
1600 1706 1646 1759 δ’
1672 1706 1769 1758 ἐπὶ
1806 1707 1870 1777 τῇ
1916 1722 2005 1758 το-

422 1797 595 1870 σαύτῃ
634 1799 817 1870 χάριτι
858 1800 953 1853 καὶ
993 1799 1305 1870 εὐεργεσίᾳ,
1347 1798 1441 1852 τοῦ
1480 1798 1775 1870 μισοκάλου
1808 1797 2002 1867 φθόνου

418 1890 515 1943 καὶ
540 1891 902 1963 φιλοπονήρου
931 1890 1185 1962 δαίμονος
1211 1890 1494 1962 μονονουχὶ
1512 1890 1811 1961 διαρῤηγνυ
1821 1889 2003 1961 μένου,

419 1982 515 2034 καὶ
544 1980 725 2044 πάσας
757 1979 923 2035 αὑτοῦ
964 1980 1065 2045 τάς
1105 1980 1494 2045 θανατοποιοὺς
1536 1979 1657 2034 καθ’
1690 1978 1849 2052 ⁴ἡμῶν
1881 1982 2004 2034 ὲπι-

420 2070 808 2142 στρατεύοντος
847 2072 1140 2143 δυνάμεις,
1186 2072 1282 2125 καὶ
1322 2072 1392 2125 τά
1442 2071 1539 2143 μὲν
1584 2071 1794 2144 πρῶτα,
1840 2072 2004 2137 κυνὸς

413 2162 572 2234 δίκην
605 2162 924 2227 λυττῶντος,
957 2163 1084 2226 τοὺς
1118 2162 1339 2226 ὀδόντας
1381 2163 1473 2216 ἐπὶ
1512 2163 1639 2227 τοὺς
1676 2163 2003 2235 ἀφιεμένους

415 2258 539 2308 κατ’
584 2254 751 2309 αὐτοῦ
799 2255 981 2319 λίθους
1031 2256 1528 2328 προσαράττοντος,
1580 2257 1676 2310 καὶ
1722 2257 1814 2311 τδν
1858 2256 2003 2312 κατὰ

414 2349 523 2404 τῶν
549 2348 906 2421 ἀμυνομένων
946 2348 1117 2421 θυμὸν
1157 2350 1249 2403 ἐπὶ
1279 2349 1349 2403 τά
1372 2347 1557 2419 ἄψυχα
1592 2348 1808 2421 βλήματ
1865 2348 2001 2404 καθ-

420 2439 626 2505 ιέντος,
679 2442 793 2502 τοῖς
822 2440 932 2494 τῶν
962 2440 1407 2513 προσευκτηρίων
1429 2440 1598 2505 λίθοις
1622 2442 1717 2496 καὶ
1746 2444 1865 2506 ταῖς
1890 2445 2001 2497 τῶν

412 2531 579 2584 οίκων
617 2530 846 2602 ἀψύχοις
897 2531 1052 2592 ὕλαις
1088 2533 1186 2604 τὴν
1225 2533 1467 2606 θηριώδη
1533 2535 1733 2606 μανίαν
1780 2536 1999 2609 ἐπερεί-

412 2639 629 2689 σαντος,
660 2625 898 2697 ἐρημίαν
923 2642 1003 2688 τε,
1030 2624 1106 2689 ὥς
1135 2642 1198 2694 γε
1230 2625 1295 2696 δὴ
1322 2627 1485 2689 αὐτὸς
1505 2626 1685 2698 ἑαυτῷ
1709 2628 1865 2699 ᾤετο,
1889 2629 2001 2684 τῶν

412 2718 719 2790 ἐκκλησιῶν
749 2702 1238 2791 ἀπεργασαμένου,
1275 2716 1393 2774 εἶτα
1425 2720 1483 2773 δὲ
1513 2720 1661 2775 δεινὰ
1687 2721 2001 2793 συρίγματα

411 2812 509 2864 καὶ
536 2812 634 2873 τὰς
662 2808 913 2880 ὀφιώδεις
945 2808 1110 2862 αὑτοῦ
1146 2808 1352 2876 φωνάς,
1381 2812 1509 2864 τοτὲ¹
1533 2810 1631 2882 μὲν
1660 2811 1873 2867 ἀσεϐῶν
1905 2829 2000 2866 τυ-

414 2905 621 2975 ράννων
658 2903 937 2967 ἀπειλαῖς,
972 2904 1093 2956 τοτὲ
1111 2902 1167 2956 δὲ
1203 2901 1542 2974 βλασφήμοις
1577 2904 1856 2959 δυσσεϐῶν
1899 2907 1998 2978 ἀρ-

410 2995 616 3065 χόντων
648 2995 957 3059 διατάξεσιν
991 2995 1263 3066 ἀφιέντος,
1301 2996 1397 3050 καὶ
1430 2997 1654 3068 προσέτι
1699 2998 1790 3053 τὸν
1830 2999 1996 3053 αὑτοῦ

409 3087 638 3141 θάνατον
665 3087 1112 3158 ὲξερευγομένου,
1138 3088 1233 3142 καὶ
1261 3091 1374 3152 τοῖς
1406 3087 1584 3142 ἱώδεσι
1610 3091 1703 3143 καὶ
1727 3089 1998 3161 ψυχοφθό-

409 3195 525 3249 ροις
548 3177 916 3249 δηλητηρίοις,
940 3177 1042 3239 τὰς
1069 3177 1431 3248 ἁλισκομένας
1457 3177 1593 3248 πρὸς
1622 3179 1785 3233 αὐτοῦ
1817 3180 1996 3253 ψυχάς

407 3269 846 3341 φαρμάττοντος,
897 3269 989 3323 καὶ
1037 3270 1318 3339 μονονουχὶ⁵
1356 3269 1677 3341 νεκροῦντος
1724 3276 1846 3336 ταῖς
1882 3273 1991 3329 τῶν

405 3362 618 3433 νεκρῶν
650 3359 882 3414 εἰδώλων
915 3363 1253 3430 νεκροποιοῖς
1290 3359 1531 3426 θυσίαις,
1574 3362 1755 3415 πάντα
1791 3381 1852 3417 τε
1893 3365 1988 3418 ἀν-

405 3452 803 3523 θρωπόμορφον
838 3449 981 3521 θῆρα
1003 3491 1016 3515 ,
1056 3452 1151 3504 καὶ
1191 3451 1367 3504 πάντα
1397 3452 1599 3523 τρόπον
1636 3453 1826 3525 ἄγριον
1866 3457 1990 3509 καθ’

405 3541 563 3613 ἡμῶν
596 3539 1043 3604 ὑποσαλεύοντος,
1079 3536 1235 3603 αὖθις
1266 3539 1324 3607 ἐξ
1354 3542 1664 3613 ὑπαρχῆςοὸ
1692 3545 1794 3614 τῆς
1822 3548 1990 3616 μεγά-

404 3632 501 3697 λης
540 3629 998 3702 βουλῆςἈγγελος
1027 3628 1124 3697 (4),
1155 3632 1184 3682 ὁ
1214 3629 1388 3701 μέγας
1415 3632 1854 3704 ἀρχιστράτηγος
1896 3635 1989 3688 τοῦ

404 3721 561 3785 Θεοῦ,
583 3721 724 3793 μετὰ
746 3738 844 3791 την
868 3721 1115 3792 αὐτάρκη
1139 3720 1557 3791 διαγυμνασίαν,
1588 3724 1654 3794 ἣν
1673 3726 1721 3776 οἱ
1744 3726 1988 3795 μέγιστοι

402 3816 500 3886 τῆς
522 3812 688 3867 αὑτοῦ
714 3812 989 3883 βασιλείας
1016 3812 1346 3884 στρατιῶται
1372 3812 1459 3866 διὰ
1487 3814 1587 3884 τῆς
1611 3815 1748 3888 πρὸς
1774 3816 1986 3870 ἅπαντα

402 3908 679 3978 ὑπομονῆς
720 3906 811 3959 καὶ
850 3905 1147 3977 καρτερίας
1178 3904 1527 3970 ἐνεδείξαντο,
1572 3907 1783 3979 ἀθρόως
1814 3908 1988 3974 οὕτως

401 4000 609 4069 φανεὶς,
642 3997 710 4051 τὰ
744 3998 844 4069 μὲν
885 3996 1055 4067 ἐχθρά
1105 3996 1197 4049 καὶ
1233 3997 1467 4067 πολέμια
1514 4000 1595 4062 εἰς
1640 4000 1844 4068 ἀφανὲς
1891 4002 1985 4054 καὶ

397 4092 460 4144 τὸ
491 4090 656 4162 μηδὲν
690 4089 1095 4159 κατεστήσατο,
1127 4089 1203 4153 ὡς
1242 4088 1378 4159 μηδὲ
1413 4089 1633 4143 πώποτε
1668 4090 1984 4162 ὠνομάσθαι

397 4181 601 4233 δοκεῖν·
643 4178 712 4232 τά
741 4179 784 4232 δ’
818 4177 967 4248 αὐτῷ
997 4177 1125 4246 φίλα
1161 4179 1255 4231 καὶ
1297 4180 1505 4238 οἰκεῖα,
1538 4178 1695 4249 δόξης
1728 4181 1985 4236 ἐπέκεινα

400 4271 550 4340 παρὰ
576 4272 741 4324 πᾶσιν
781 4270 881 4323 οὐκ
914 4268 1223 4340 ἀνθρώποις
1256 4271 1438 4341 μόνον,
1475 4271 1590 4324 ἀλλ’
1623 4272 1723 4343 ἤδη
1761 4275 1853 4327 καὶ
1890 4276 1983 4327 δυ-

384 4350 626 4434 ινόιμεσιν
656 4361 954 4433 οὐρανίοις,
987 4361 1123 4433 ἡλίῳ
1160 4363 1345 4415 τε-καϊ
1392 4362 1587 4435 σελήνῃ
1636 4366 1729 4417 καὶ
1762 4364 1985 4437 ἄστροις

462 4500 510 4528 ⁷⁸
548 4497 650 4549 La.
702 4513 817 4559 LIII,
849 4496 882 4549 Ξ
911 4512 1058 4566 ειη..

395 4655 484 4724 qui
519 4664 845 4726 sequuntur,
878 4669 941 4707 ex
972 4654 1155 4726 aliquo
1189 4664 1343 4721 poeta
1376 4655 1582 4719 tragico
1606 4657 1899 4726 desmnpli:

621 4721 882 4793 Hk;th
909 4724 1221 4792 καμόντων
1247 4726 1479 4778 εἵνεκεν
1503 4721 1822 4793 σωτηρίας,

625 4790 768 4861 Ὀρᾷ
796 4798 868 4847 τὰ
892 4790 1079 4858 δεινὰ,
1108 4793 1371 4864 θιγγάνει
1402 4795 1455 4847 δ’
1487 4790 1743 4859 ἀηδέων.

617 4864 992 4935 Ἀλλοτρίοιςῄ
1011 4880 1073 4916 τε
1104 4865 1493 4935 συμφορῇσιν
1529 4866 1684 4934 ιδίας

777 4933 1105 5003 καρποῦται
1131 4936 1349 5000 λύπας.

393 5004 847 5080 Qutiv'er5t1s_sitte
870 5006 1038 5080 dubio
1062 5005 1452 5080 elegantissimi
1487 5016 1633 5063 sunt.
1655 5018 1712 5061 et
1733 5007 1972 5080 .‘Eschy-

394 5078 498 5128 lunt
552 5084 646 5146 aut
696 5073 1026 5146 Sophoclem
1070 5075 1334 5127 redolent.
1387 5077 1736 5146 Expungeudi
1785 5073 1969 5133 tamen

390 5162 454 5198 ex
489 5149 589 5199 hoc
622 5145 741 5197 loco
776 5143 905 5195 mihi
941 5143 1213 5209 videntur,
1248 5146 1446 5212 quippe
1471 5143 1823 5214 ‘qui'sensunt
1861 5160 1975 5202 tur-

393 5215 537 5272 bent.
581 5215 662 5267 Ad
710 5222 1044 5335 Rostremum
1098 5226 1277 5266 autem
1330 5214 1479 5267 illum
1515 5232 1727 5270 versum
1784 5218 1974 5271 alludit

393 5285 685 5335 Gregorius
761 5299 843 5335 az.
872 5282 923 5335 in
952 5285 1201 5335 oratione
1226 5297 1263 5335 t.
1289 5299 1410 5335 nati.
1441 5286 1526 5335 12.
1550 5303 1673 5335 cum
1702 5288 1807 5335 ait:
1838 5283 1974 5335 Εἶτα

390 5285 685 5354 Gregorius
710 5282 843 5341 Naz.
867 5282 923 5354 in
952 5285 1201 5354 oratione
1226 5297 1263 5341 t,
1289 5299 1410 5354 pag.
1441 5286 1526 5347 12,
1550 5303 1673 5341 cum
1702 5288 1807 5342 ait:
1838 5283 1974 5342 Εἶτα

390 5302 498 5341 ure
536 5302 685 5337 ortus
710 5302 843 5341 nam.
872 5302 923 5335 Ill
952 5302 1201 5336 oratione
1226 5302 1263 5341 ι,
1289 5302 1410 5354 pag.
1441 5302 1526 5347 ιι,
1550 5303 1673 5341 cmn
1702 5302 1807 5342 att:
1839 5302 1974 5342 ιςιτα

388 5358 435 5409 οἱ
465 5302 565 5477 μὲν
593 5353 700 5406 τῶν
723 5353 992 5424 σωμάτων
1017 5351 1367 5421 θεραπευταὶ,
1384 5355 1579 5419 πόνους
1596 5373 1655 5408 τε
1685 5359 1779 5409 καὶ
1803 5360 1974 5430 ἀγρια-

388 5445 459 5477 πν
484 5443 548 5477 ας
571 5424 666 5477 καὶ
699 5421 987 5477 φροντίδας
1012 5422 1080 5477 ἃς
1110 5420 1271 5477 ἴσμεν
1302 5424 1533 5477 ἕξουσιν.
1564 5427 1657 5477 καὶ
1682 5428 1743 5477 τὸ
1767 5429 1852 5477 ἐπ’
1880 5430 1973 5477 ἀλ-

388 5420 548 5496 πνίας
571 5424 666 5479 καὶ
699 5420 1094 5496 opov-clSagjt;
1110 5420 1271 5493 ἴσμεν
1302 5424 1533 5496 ἕξουσιν,
1564 5427 1657 5479 καὶ
1682 5428 1743 5478 τὸ
1767 5420 1863 5479 ἐπ”
1880 5420 1973 5481 ἆλ-

388 5495 625 5571 λοτρίαις
649 5492 955 5571 συμφοραῖς
990 5492 1126 5556 ἰδίας
1162 5492 1504 5571 Δκαρποῦσθαι
1541 5496 1734 5571 λύπας.
1761 5497 1969 5571 ώίἕφη

388 5562 608 5629 τις’τῶν
634 5562 763 5634 παρ’
793 5562 1024 5626 ἐκείνοις
1050 5562 1255 5630 σοφῶνζ
1290 5566 1369 5616 Ad
1404 5580 1563 5632 quem
1612 5568 1786 5620 locum
1816 5562 1963 5627 Elia;

389 5635 665 5696 Cretensis
711 5640 865 5705 notat
895 5635 1063 5686 verba
1096 5635 1209 5688 tunc
1230 5648 1371 5705 esse
1403 5635 1768 5705 Hippocratis.
1795 5654 1959 5704 quem

388 5705 683 5830 gregorius
715 5700 1097 5759 Nazianzenus
1127 5703 1393 5774 sapientis
1434 5700 1715 5777 cujusdam
1742 5700 1962 5765 nomine

426 5783 657 5830 esmnat.

426 5777 657 5830 esiunat.

459 5792 751 5917 ﬁliaiam
792 5844 932 5919 τότε
971 5843 1115 5917 per.
1157 5842 1411 5904 Proxime
1460 5857 1585 5906 ante
1630 5849 1745 5908 haec
1793 5851 1956 5909 verba

608 4964 751 4980 ..ι-’.τ’-

2125 604 2464 671 suppetebat,
2510 610 2567 654 ut
2592 611 2672 653 tot
2703 600 2983 655 hominum
3009 596 3240 651 salutem
3268 593 3387 649 sine
3424 591 3531 646 ulla
3563 606 3701 644 noxa

2123 693 2507 748 administrare
2551 700 2753 762 posset.
2791 689 2899 745 Sed
2956 689 3072 759 ipse
3127 686 3274 740 solus
3307 698 3428 739 cum
3462 683 3703 737 tuiscrriv

2124 800 2264 838 mam
2296 783 2701 853 corruptionem
2752 789 2997 835 nostram
3057 778 3350 847 attigisset,
3398 784 3456 829 et
3484 775 3701 833 laboro:

2121 875 2446 942 doloresque
2480 883 2700 928 nostros
2733 870 2881 925 solus
2916 868 3225 933 tolerasset,
3254 876 3310 923 et
3347 880 3566 933 poenam
3598 865 3699 919 im-

2122 966 2382 1034 pietatum
2416 973 2724 1018 nostrarum
2761 960 2910 1017 solus
2944 960 2997 1014 in
3027 974 3086 1015 se
3115 956 3533 1027 suscepisset",
3598 969 3703 1012 nos

2119 1073 2225 1112 non
2252 1057 2365 1127 jam
2393 1055 2917 1119 semivivos,verum
2949 1053 3001 1107 in
3031 1049 3402 1106 monumentis
3428 1065 3492 1103 ac
3512 1048 3696 1118 sepqu

2117 1151 2227 1205 cris
2250 1148 2468 1204 ltetidos
2497 1159 2829 1218 gravemque
2864 1144 3085 1204 odorem
3112 1143 3386 1212 spirantes
3415 1141 3687 1208 restituit;

2115 1251 2169 1295 et
2193 1241 2402 1311 prolixa
2424 1254 2553 1310 erga
2583 1252 2684 1294 nos
2718 1237 3095 1293 benevolentia
3121 1235 3287 1308 374
3313 1251 3457 1290 nunc
3491 1246 3546 1290 et
3566 1236 3697 1292 olim

2114 1341 2313 1403 praeter
2336 1331 2576 1387 omnium
2597 1340 2846 1384 nostrum
2874 1343 3025 1397 spem
3048 1337 3212 1395 atque
3236 1328 3697 1398 exspectationem

2113 1433 2330 1488 servat;
2362 1421 2655 1491 Patrisque
2684 1421 2767 1477 sui
2820 1419 2976 1475 nobis
3034 1418 3352 1474 felicitatem
3393 1418 3698 1474 liberaliter

2112 1514 2380 1585 impertit.
2430 1511 2525 1569 Ille
2575 1514 2721 1577 vitae,
2754 1510 2844 1567 ille
2893 1511 3033 1566 lucis
3085 1520 3313 1578 auctor;
3345 1509 3435 1566 ille
3466 1503 3713 1582 magno?

2112 1610 2392 1677 medicus;
2428 1607 2516 1662 ille
2552 1622 2645 1661 rex
2676 1622 2741 1661 ac
2778 1606 3040 1662 Dominus
3071 1614 3291 1671 noster;
3329 1605 3420 1662 ille
3461 1605 3697 1678 denique

2108 1697 2363 1755 Christus
2382 1698 2499 1755 Dei.
2531 1696 2595 1751 Et
2618 1707 2749 1753 tunc
2774 1696 2998 1768 quidem
3025 1710 3149 1752 cum
3180 1696 3495 1753 universum
3522 1713 3696 1770 genus

2111 1793 2406 1848 humanum
2462 1791 2743 1847 fraudibus
2802 1791 3251 1847 detestandorum
3306 1790 3610 1848 daemonum
3637 1805 3695 1850 et

2038 1884 2359 1955 Bmalignis
2407 1883 2516 1939 Deo
2568 1883 2865 1940 invisorum
2906 1882 3198 1953 spirituum
3252 1885 3686 1954 operationibus,

2103 1977 2158 2032 in
2185 1977 2420 2032 obscura
2449 1984 2607 2033 nocte
2630 1992 2695 2031 ac
2737 1976 3078 2033 densissimis
3106 1978 3346 2034 tenebris
3374 1978 3689 2034 demersum

2098 2068 2327 2138 iaceret,
2349 2068 2519 2125 semel
2551 2069 2666 2139 ipse
2685 2083 2839 2123 suam
2867 2069 3496 2139 duntaxatprmsentiam
3527 2070 3687 2125 exhi-

2102 2161 2254 2227 bens,
2281 2160 2418 2217 lucis
2433 2175 2542 2216 sum
2561 2160 2730 2217 radiis
2747 2161 3077 2230 multiplices
3100 2162 3438 2232 impietatum
3468 2171 3689 2218 nostra-

2102 2269 2223 2308 rum
2264 2267 2435 2308 nexus
2476 2254 2655 2308 instar
2701 2269 2844 2309 cera:
2872 2253 3195 2324 liquefactos
3223 2255 3494 2312 dissolvit.
3530 2256 3687 2311 Nunc

2100 2363 2230 2403 vero
2250 2363 2376 2404 cum
2402 2349 2472 2404 ob
2499 2355 2706 2403 tantam
2733 2348 2965 2420 gratiam
2998 2357 3317 2420 tantumque
3336 2348 3683 2415 beneficium,

2102 2442 2317 2498 invidus
2345 2442 2556 2499 daemon
2617 2441 2992 2511 improbitatis
3026 2440 3204 2496 fautor
3235 2451 3292 2496 et
3322 2442 3538 2498 virtutis
3565 2457 3688 2497 om-

2101 2534 2186 2589 nis
2213 2533 2469 2588 initnicus
2521 2542 2730 2589 tantum
2772 2549 2878 2589 non
2904 2533 3360 2603 disrumperetur,
3385 2549 3686 2604 omnesque

2100 2642 2229 2682 suas
2258 2626 2542 2684 lethil‘eras
2572 2628 2759 2695 copias
2801 2627 3067 2682 adversus
3118 2640 3218 2682 nos
3259 2628 3593 2695 concitaret;
3618 2643 3685 2682 ac

2101 2719 2370 2789 principio
2403 2719 2623 2789 quidem
2667 2719 2842 2774 instar
2873 2719 3047 2774 rabidi
3082 2720 3235 2775 canis
3265 2720 3355 2789 qui
3409 2720 3688 2790 projectos

2100 2808 2153 2862 in
2178 2824 2237 2862 se
2267 2808 2472 2878 lapides
2498 2808 2752 2863 dentibus
2802 2809 3032 2878 appetit,
3077 2819 3133 2862 et
3166 2809 3403 2863 furorem
3444 2824 3554 2879 quo
3589 2811 3687 2863 att-

2099 2915 2292 2956 versus
2334 2899 2606 2971 iacientes
2655 2899 2804 2969 ipsos
2837 2900 3184 2964 accenditur,
3231 2901 3283 2954 in
3337 2899 3441 2955 tela
3498 2901 3684 2955 anima

2099 2993 2338 3047 carentia
2367 2989 2617 3057 eﬂundit,
2645 2990 2698 3045 in
2726 2991 3091 3045 oratoriorum
3144 3006 3274 3045 saxa
3331 3000 3386 3046 et
3426 2992 3479 3045 in
3514 3002 3685 3046 mate-

2100 3085 2235 3139 riam
2263 3084 2616 3140 aediﬁciorum
2643 3098 2838 3139 sensus
2865 3084 3042 3139 omnis
3067 3093 3347 3152 expertem
3388 3083 3683 3137 belluinam

2099 3175 2303 3229 rabiem
2343 3175 2723 3238 convertisset,
2767 3184 2822 3228 et
2847 3175 3190 3235 vastitatem,
3225 3183 3282 3226 ut
3310 3172 3427 3242 ipse
3457 3174 3680 3241 quidem

2099 3268 2343 3331 rebatur,
2387 3267 2660 3321 intulisset
2705 3266 3004 3322 Ecclesiis:
3035 3267 3377 3333 postmodum
3402 3281 3530 3321 vero
3562 3266 3681 3323 dira

2109 3359 2265 3413 sibila
2317 3373 2381 3411 ac
2431 3357 2778 3425 serpentinas
2845 3371 3007 3412 voces
3048 3370 3190 3411 nunc
3249 3372 3346 3426 per
3403 3356 3682 3413 terribiles

2098 3449 2388 3519 impiorum
2418 3461 2778 3520 tyrannorum
2811 3448 3011 3513 minas,
3047 3462 3193 3501 nunc
3240 3463 3339 3517 per
3363 3448 3525 3516 impia
3560 3463 3682 3505 sce-

2097 3541 2357 3596 lestorum
2390 3541 2682 3610 praesidum
2707 3541 2924 3594 decreta
2950 3540 3246 3607 emitteret,
3273 3550 3329 3595 et
3353 3543 3543 3596 mortis
3567 3557 3680 3597 suas

2098 3633 2246 3687 virus
2282 3634 2504 3703 insuper
2533 3631 2853 3696 effunderet,
2887 3642 2942 3687 et
2973 3630 3239 3700 pestifero
3267 3648 3331 3689 ac
3362 3632 3549 3687 lethali
3586 3648 3680 3689 ve-

2098 3741 2238 3780 neno
2270 3725 2483 3780 animas
2512 3741 2540 3778 a
2573 3739 2631 3780 se
2653 3735 2841 3794 captas
2865 3724 3136 3785 inliceret,
3166 3737 3369 3793 easque
3399 3740 3496 3795 per
3525 3742 3678 3779 mor-

2096 3816 2250 3871 tifera
2282 3825 2622 3871 mortuormu
2651 3815 3070 3870 simulacrorum
3115 3816 3387 3871 saerillcia
3433 3816 3677 3873 traheret

2093 3911 2161 3963 ad
2192 3919 2460 3971 mortem;
2511 3924 2636 3963 cum
2690 3909 2925 3976 denique
2979 3918 3207 3963 cunctos
3239 3910 3329 3977 qui
3367 3910 3470 3966 sub
3500 3904 3677 3966 homi-

2093 4017 2219 4055 num
2244 4000 2417 4055 forma
2449 4001 2748 4055 belluinam
2801 3998 3179 4055 crudelitatem
3215 4002 3492 4070 tegebant,
3521 3985 3576 4057 et
3598 4005 3678 4056 in-

2090 4094 2249 4164 genio
2280 4092 2397 4148 fero
2429 4104 2592 4163 atque
2642 4093 2868 4147 immani
2930 4091 3141 4162 prmdi‘ti
3196 4103 3376 4157 erant,
3410 4094 3678 4165 adversus

2090 4188 2608 4255 nospommoveret;
2635 4199 2824 4237 rursus
2848 4182 2939 4237 ille
2969 4185 3155 4252 magni
3175 4183 3383 4238 consilii
3410 4184 3673 4256 Angelus,

2091 4290 2324 4346 magnus
2378 4275 2645 4344 magister
2678 4275 2913 4330 militum
2940 4276 3057 4342 Dei,
3085 4284 3209 4346 post
3238 4276 3488 4330 idoneam
3515 4293 3672 4332 excr-

2088 4368 2403 4421 citationem
2429 4384 2494 4421 ac
2525 4367 2800 4436 peritiam,
2822 4384 2983 4437 quam
3015 4367 3298 4423 fortissimi
3320 4369 3468 4437 regni
3501 4369 3674 4439 ipsius

2007 4664 2047 4716 D
2079 4661 2289 4739 dixerat
2312 4665 2484 4739 πάλαι
2510 4665 2604 4739 καὶ
2633 4665 2963 4739 v§3v._lta_qne
3001 4666 3236 4739 primum
3275 4666 3365 4739 hic
3397 4670 3659 4739 exsequi~

2081 4743 2168 4803 I_ur
2195 4734 2324 4801 quid
2355 4737 2482 4788 olim
2511 4736 2703 4789 fecerit
2735 4737 2989 4790 Christus
3022 4752 3120 4803 pro
3148 4737 3428 4790 hominum
3460 4734 3666 4801 salute.

2078 4799 2271 4882 Postea
2298 4819 2430 4924 |vero
2452 4821 2680 4861 narrare
2702 4806 2971 4877 incipitea
2996 4799 3116 4875 qua:
3144 4823 3321 4878 nuper
3345 4799 3668 4878 patraverat

2082 4887 2286 4924 ΙιιιΓῗὶοΙΙ
2317 4889 2366 4924 3.

2082 4887 2366 4926 ιιιιτιὶοιιιθ.

2156 4939 2418 5016 (5)_V_ulg.
2471 4945 2657 5013 αὐτὸς
2684 4948 2870 5013 μόνος
2916 4947 3270 5016 ἐπιφανείς..
3303 4945 3670 5005 Scribendum

2081 5002 2323 5066 εεῖάὺτὺ
2352 5002 2533 5084 μόνον,
2555 5024 2611 5096 ut
2632 5002 2720 5071 est
2749 5019 2798 5096 in
2823 5002 3055 5071 codicili.
3090 5002 3395 5078 Μοίῐςιτυκ.
3419 5002 3662 5084 οιίΜίιῑξ,

2082 5097 2242 5150 quem
2290 5098 2512 5139 5611811111
2563 5102 2615 5140 111
2644 5101 2895 5141 νειέιοηθ
2920 5102 3038 5140 mea
3091 5102 3502 5155 expresserant.
3559 5107 3661 5144 an-

2087 5164 2301 5232 tequam
2369 5157 2589 5210 codices
2647 5156 2767 5232 illos
2818 5167 3009 5232 nactus
3060 5155 3513 5232 fuissent._A'5'tb‘
3560 5161 3661 5232 μόη

2082 5238 2192 5294 νον,
2223 5221 2364 5294 idem
2390 5235 2473 5278 est
2501 5241 2564 5279 ac
2592 5244 2610 5276 ι
2636 5228 3030 5283 εοιιιιιιιιιούο,›
3051 5243 3154 5294 qua
3185 5228 3462 5282 locutione
3490 5221 3659 5283 utiiur

2085 5292 2348 5367 Eusebius
2376 5310 2511 5367 pene
2539 5297 2797 5350 omnibus
2823 5292 3176 5365 paginis—Ait
3201 5297 3371 5367 igitur
3395 5298 3656 5353 Eusebius

2082 5363 2355 5416 Christum
2383 5363 2515 5419 'oh‘m
2540 5367 2757 5433 quidem
2788 5363 2919 5420 solo“
2938 5368 3168 5420 adventu
3196 5363 3251 5420 et
3281 5369 3654 5422 incarnatione

2081 5447 2192 5484 sua-
2210 5434 2462 5505 homines
2486 5437 2577 5504 qui
2626 5436 2825 5505 captivi
2863 5453 2896 5492 a
2927 5436 3264 5492 daemonibus
3303 5436 3653 5503 tenebantur,

2081 5503 2360 5555 servitutis
2389 5503 2518 5567 iugo
2544 5503 2824 5558 liberasse.

2141 5572 2217 5641 (4)
2270 5573 2552 5646 Μεατᾴῐης
2604 5574 2843 5644 ,βουλῆς
2861 5574 3187 5646 Ἀγγελος-ε.
3218 5575 3277 5629 In
3325 5575 3512 5630 codice
3541 5573 3656 5632 Ile-

2073 5643 2243 5696 dicato
2284 5644 2530 5715 seholion
2579 5643 2885 5715 hujusmudi
2938 5643 3237 5715 ascriptum
3287 5655 3373 5700 est
3419 5646 3487 5698 ad
3539 5647 3654 5701 haec

2072 5716 2234 5766 verba
2278 5730 2302 5787 :_
2346 5714 2551 5787 Κακῶς
2589 5714 2684 5771 καὶ
2739 5715 2916 5780 ἀθέως
2972 5714 3299 5787 βλασφημεῖ,
3353 5715 3653 5787 ἀρχιστράτ-

2063 5799 2230 5908 ἓηέον
2279 5784 2570 5841 ἀποκαλῶν
2618 5787 2790 5859 μέγαν
2812 5827 2829 5855 ,
2861 5782 3224 5858 sitv—Eanﬂed.
3276 5782 3511 5859 Χριστὸν
3553 5782 3652 5844 ω

2110 5872 2133 5908 ε
2167 5871 2216 5908 ν.

2110 5871 2216 5911 εον.
