4210 6404
519 341 629 401 855

1230 329 1504 390 EUSEBll
1539 332 2020 390 CIESARIENSIS
2057 333 2209 392 OPP.
2251 336 2433 392 PARS
2472 336 2513 391 Ι.
2553 368 2624 378 -
2662 335 3062 393 HISTORICA.

3650 323 3765 380 856

519 458 724 516 milites
746 451 1038 511 durissima
1063 463 1290 520 quaeque
1317 457 1637 504 constanter
1657 449 1978 506 sustinendo
2019 451 2102 508 de-

2208 452 2304 505 καὶ
2333 450 2414 523 τῷ
2456 450 2733 522 σύμπαντι
2764 450 2977 523 οὐρανῷ
3012 467 3071 504 τε
3104 450 3201 505 καὶ
3229 452 3418 523 κόσμῳ
3450 450 3771 523 προήγαγη

520 552 892 613 claraverant;
919 551 1140 614 repente
1184 556 1475 611 apparens,
1510 552 1735 597 cunctos
1757 542 1973 612 quidem
2011 544 2107 599 ini-

451 654 465 664 “
521 643 694 696 mices
714 640 1005 707 hostesque
1028 632 1227 690 delevit
1254 641 1309 687 et
1343 634 1411 687 ad
1434 633 1664 688 nihilum
1696 634 1925 704 redegit,
1966 635 2105 690 adeo

519 741 582 787 ut
634 745 702 786 ne
740 727 1003 784 nominati
1057 724 1277 795 quidem
1308 740 1550 794 unquam
1591 723 1761 780 fuisse
1790 726 2102 781 videantur.

519 823 736 878 Amicos
755 833 885 876 vero
899 826 956 873 et
974 816 1274 872 familiares
1289 830 1439 881 suos,
1463 816 1603 886 apud
1624 827 1816 872 omnes
1828 831 1935 870 non
1958 832 2105 871 mor-

520 914 659 968 tales
685 911 1065 975 modo,verum
1109 908 1274 963 etiam
1296 907 1548 964 caelestes
1594 916 1913 977 potestates,
1935 907 2104 964 solem

517 1017 750 1075 quoque,
767 1002 951 1057 lunam
975 1016 1040 1057 ac
1075 999 1284 1070 reliqua
1300 998 1503 1065 sidera,
1533 998 1843 1069 coelumque
1869 1014 1935 1056 ac
1958 1015 2106 1054 mun.

517 1098 648 1151 dum
671 1095 981 1151 universum
1003 1132 1021 1159 ,
1048 1106 1211 1165 supra
1239 1105 1456 1148 omnem
1484 1090 1712 1160 gloriam
1734 1091 1935 1147 evexit.
1954 1091 2105 1147 Adeo

519 1185 755 1255 ut,quod
781 1200 1055 1255 nunquam
1073 1191 1232 1239 antea
1248 1183 1572 1251 contigerat,
1585 1182 1783 1238 summi
1805 1183 2103 1252 imperato-

520 1290 607 1333 ‘es
624 1276 787 1349 3'75
803 1275 1024 1332 honoris
1039 1275 1182 1331 illius
1208 1289 1368 1344 quem
1398 1274 1491 1330 Dei
1505 1275 1767 1331 beneﬁcio
1783 1283 2106 1343 acceperunt

517 1366 619 1422 sibi
650 1366 875 1433 conscii,
900 1364 1016 1436 jam
1035 1364 1088 1420 in
1106 1373 1443 1420 mortuorum
1476 1364 1886 1421 simulacrorum
1910 1365 2102 1419 faciem

519 1468 845 1528 conspuaat,
879 1467 935 1512 et
967 1456 1232 1529 profanos
1261 1459 1562 1514 damonum
1599 1458 1739 1513 ritus
1762 1459 2101 1527 conculcent,

518 1565 583 1605 ac
610 1557 879 1605 vetustum
900 1564 1143 1605 errorem
1165 1564 1196 1605 a
1220 1548 1517 1616 majoribus
1541 1550 1797 1605 traditum
1817 1550 2100 1616 irrideant,

519 1655 685 1694 onum
708 1655 840 1696 vero
870 1656 937 1697 ac
976 1641 1151 1697 solum
1183 1642 1354 1697 Deum
1381 1657 1505 1696 cum
1529 1655 1659 1713 erga
1690 1656 1883 1697 omnes
1913 1651 2023 1696 tum
2048 1643 2099 1697 in

519 1729 725 1801 seipsos
753 1733 986 1786 maxime
1008 1731 1312 1789 beneﬁcum
1361 1741 1659 1803 agnoscant
1688 1749 1703 1798 ;
1738 1741 1795 1786 et
1822 1731 2098 1788 Christum

521 1816 614 1871 Dei
645 1816 843 1872 Filium
895 1820 1273 1876 universorum
1315 1834 1498 1891 regem
1536 1835 1658 1877 esse
1687 1814 2049 1892 proﬁteantur
2079 1838 2097 1889 ;
2129 1806 2171 1862 Β

518 1921 644 1962 eum
682 1908 1026 1964 Servatorem
1063 1910 1115 1964 in
1142 1910 1335 1967 edictis
1360 1912 1475 1966 suis
1502 1911 1799 1981 praedicent
1830 1930 1846 1981 ;
1877 1911 2101 1983 ejusque

520 2014 607 2055 res
643 1999 904 2069 praeclare
926 2010 1111 2070 gestas
1142 2012 1196 2059 et
1220 2003 1569 2075 victoriasbde
1601 2005 1781 2075 impiis
1801 2015 2010 2075 partas,
2046 2007 2099 2062 in

520 2090 694 2145 media
727 2092 860 2146 urbe
889 2108 1010 2161 quae
1064 2092 1310 2149 omnium
1365 2103 1479 2150 toto
1532 2096 1665 2150 orbe
1698 2096 1983 2151 civitatum
2017 2113 2103 2152 re-

518 2182 641 2249 gina
686 2191 789 2249 est,
827 2185 1101 2256 regalibus
1140 2186 1392 2256 apicibus
1424 2187 1492 2242 ad
1520 2198 1837 2258 perpetuam
1867 2191 2102 2258 posteri-

519 2274 646 2329 tatis
677 2277 999 2332 memoriam
1041 2278 1418 2346 prtescribant.
1444 2279 1597 2336 Adeo
1626 2289 1686 2335 ut
1713 2279 1974 2337 Servator
2003 2296 2103 2338 no-

519 2376 629 2421 ster
649 2364 810 2424 Jesus
842 2368 1118 2437 Christus,
1161 2372 1310 2427 solus
1337 2386 1403 2426 ex
1439 2373 1695 2430 omnibus
1719 2374 1811 2445 qui
1853 2376 1922 2430 ab
1954 2375 2098 2431 omni

517 2475 632 2516 nvo
683 2477 926 2532 unquam
961 2464 1312 2533 exstiterunt,
1346 2468 1413 2523 ab
1461 2469 1594 2537 ipsis
1642 2470 1793 2526 orbis
1830 2478 2100 2526 terrarum

520 2553 745 2607 summis
776 2553 1114 2624 principibus
1142 2569 1250 2611 non
1278 2566 1338 2611 ut
1365 2573 1461 2613 rex
1485 2559 1727 2628 vulgaris
1759 2577 1827 2616 ex
1862 2561 2100 2617 homini-

519 2657 616 2696 nns
638 2642 812 2699 factus
839 2646 1184 2713 pra'dicetur,
1214 2648 1307 2701 sed
1338 2656 1598 2719 tanquam
1628 2652 1826 2706 summi
1853 2654 2098 2710 omnium

518 2729 611 2785 Dei
660 2732 924 2789 naturalis
958 2733 1153 2799 Filius,
1185 2752 1250 2791 ac
1283 2751 1382 2807 per
1412 2752 1473 2793 se
1507 2736 1652 2795 Deus
1676 2741 1936 2797 adoretur
1964 2760 1979 2798 :
2017 2754 2099 2798 at-

518 2837 622 2891 que
647 2821 701 2877 id
729 2822 857 2892 jure
905 2826 1122 2881 merito.
1155 2828 1287 2894 Quis
1323 2830 1467 2884 enim
1503 2845 1567 2886 ex
1599 2833 1858 2890 omnibus
1877 2837 1968 2906 qui
1998 2852 2100 2891 un-

517 2929 678 2983 quam
728 2914 951 2972 fuerunt
982 2918 1220 2988 regibus,
1267 2920 1336 2974 ad
1371 2928 1581 2976 tantum
1638 2923 1860 2978 virtutis
1892 2940 1957 2980 ac
2005 2941 2099 2995 po-

517 3009 698 3062 tentiae
750 3008 967 3064 culmen
1008 3020 1231 3068 evectus
1270 3022 1376 3080 est,
1403 3024 1465 3069 ut
1491 3017 1739 3072 omnium
1783 3020 2097 3076 mortalium

517 3114 679 3156 aures
707 3108 870 3172 atque
898 3102 1109 3174 linguas
1140 3105 1506 3175 appellatione
1533 3109 1616 3163 sui
1646 3111 1884 3167 nominis
1908 3112 2097 3183 imple-
2123 3149 2167 3206 ο

517 3201 598 3246 ret
626 3192 649 3246 ?
682 3192 817 3260 Quis
857 3208 927 3249 ex
970 3196 1188 3265 regibus
1231 3197 1382 3267 leges
1426 3198 1563 3254 adeo
1587 3199 1704 3270 pias
1729 3216 1794 3257 ac
1820 3203 2095 3260 modestas

514 3282 820 3349 constituit,
853 3292 1022 3355 utque
1054 3287 1122 3340 ab
1143 3285 1351 3343 ultimis
1377 3290 1491 3344 oris
1521 3289 1589 3345 ad
1622 3300 1900 3348 extremos
1922 3308 2095 3365 usque

516 3383 789 3429 terrarum
823 3375 962 3432 lines
986 3379 1203 3433 cunctis
1238 3379 1552 3436 hominibus
1580 3383 1926 3440 audientibus
1965 3402 2093 3457 per-

515 3474 676 3534 petuo
709 3465 1041 3538 legerentur,
1089 3468 1372 3525 obtinuit?
1413 3471 1549 3539 Quis
1583 3471 1819 3530 ferarum
1854 3480 2094 3549 gentium

515 3556 751 3613 immites
782 3566 837 3613 et
858 3558 1122 3615 barbaros
1161 3574 1344 3617 mores
1381 3559 1685 3621 mitissimis
1710 3575 1873 3637 atque
1904 3570 2097 3623 buma-

515 3649 756 3704 nissimis
808 3649 1018 3719 legibus
1075 3653 1419 3723 abrogavit?
1463 3655 1600 3724 Quis
1646 3666 1724 3712 tot
1770 3660 2094 3717 saeculorum

515 3739 692 3809 spatio
736 3740 806 3796 ab
853 3741 1107 3797 omnibus
1161 3743 1533 3817 impugnatus,
1566 3749 1676 3805 vim
1724 3764 1789 3805 ac
1838 3752 2093 3808 virtutem

516 3831 752 3887 humana
793 3833 1053 3902 majorem
1103 3840 1363 3908 ostendit,
1404 3841 1541 3897 adeo
1568 3851 1627 3897 ut
1656 3842 1709 3897 in
1746 3842 1864 3898 dies
1886 3841 2097 3899 eﬂlore-

516 3931 655 3990 scat,
690 3924 951 3995 omnique
995 3927 1230 3983 subinde
1283 3945 1399 3986 aevo
1426 3930 1741 3988 adolescere
1785 3934 2034 3989 videatur
2071 3934 2096 3988 ?

516 4012 647 4080 Quis
675 4023 888 4086 gentem
907 4031 1027 4086 qum
1045 4034 1114 4075 ne
1138 4020 1328 4077 auditu
1358 4023 1579 4094 quidem
1611 4025 1845 4080 antehac
1877 4027 2092 4095 cognita

517 4106 716 4170 fuerat,
749 4122 858 4162 non
917 4110 968 4163 in
1002 4112 1242 4169 obscuro
1298 4114 1481 4185 aliquo
1521 4127 1682 4172 terrae
1735 4117 1953 4189 angulo,
1999 4119 2096 4173 sed

515 4212 612 4265 per
644 4211 862 4252 omnem
908 4200 1002 4268 qui
1038 4203 1140 4257 sub
1190 4204 1332 4260 coelo
1372 4214 1458 4260 est
1500 4215 1770 4261 terrarum
1830 4206 2093 4262 ambitum

515 4289 844 4345 constituit?
872 4291 1005 4357 Quis
1033 4293 1234 4350 milites
1263 4311 1392 4352 suos
1420 4297 1641 4368 pietatis
1677 4298 1850 4352 armis
1879 4298 1953 4352 ita
1982 4315 2099 4353 mu-

2206 541 2349 596 ῶστε
2390 543 2514 615 ἤδη,
2544 542 2573 595 ὅ
2591 544 2726 615 μηδὲ
2759 542 2944 598 ἄλλοτέ
2982 560 3089 607 πω,
3121 544 3248 606 τοὺς
3276 542 3492 597 πάντων
3523 541 3783 596 ἀνωτάτω

2209 634 2483 705 βασιλέας,
2516 632 2584 708 ἦς
2615 635 2898 706 λελόγχασι
2938 636 3067 706 παρ’
3111 634 3275 688 αὐτοῦ
3320 634 3487 706 τιμῆς
3517 633 3783 705 cev-5501i.

2210 728 2422 800 μένους,
2452 729 2661 802 νεκρῶν
2698 730 2795 799 μὲν
2826 726 3059 782 εἰδώλων
3088 726 3419 782 καταπτύειν
3451 726 3780 797 προσώποις,

2207 822 2399 873 πατεῖν
2424 819 2469 873 δ’
2497 819 2712 890 ἄθεσμα
2729 819 2997 890 δαιμόνων
3021 817 3239 889 θέσμια,
3264 818 3356 872 καὶ⁵
3377 816 3612 881 παλαιᾶς
3638 817 3755 870 ἀπά

2204 925 2306 979 της
2337 909 2818 981 πατροπαραδότου
2858 908 3213 977 κατεγγελᾷν,
3249 907 3344 961 ἕνα
3373 906 3430 959 δὲ
3461 908 3621 978 μόνον
3652 907 3782 963 Θεὸν
3818 976 3821 979 η

2203 999 2297 1053 τὸν
2328 1000 2504 1054 κοινὸν
2534 1000 2786 1054 ἁπάντων
2810 1000 2903 1052 καὶ
2926 999 3132 1052 ἑαυτῶν
3152 998 3444 1070 εὐεργέτην
3472 999 3779 1071 γνωρίζειν,

2204 1091 2439 1163 Χριστόν
2473 1108 2534 1144 τε
2574 1091 2668 1144 τοῦ
2712 1090 2848 1144 Θεοῦ
2880 1090 3052 1143 Παῖδα
3104 1089 3456 1162 παμϐασιλέα
3493 1091 3602 1143 τῶν
3648 1090 3781 1144 ὅλων

2204 1180 2507 1252 ὁμολογεῖν,
2540 1181 2769 1252 Σωτῆρά
2793 1197 2851 1234 τε
2878 1180 3041 1234 αὐτὸν
3070 1182 3126 1233 ὲν
3158 1180 3383 1252 στήλαις
3409 1179 3780 1251 ἀναγορεύειν,

2206 1273 2575 1345 ἀνεξαλείπτῳ
2621 1274 2811 1346 μνήμῃ
2841 1273 2910 1328 τὰ
2947 1272 3345 1346 κατορθώματα
3382 1273 3477 1326 καὶ
3506 1271 3604 1337 τὰς
3642 1271 3787 1326 κατά

2202 1364 2311 1418 τῶν
2337 1363 2549 1417 ἀσεϐῶν
2582 1364 2747 1417 αὐτοῦ
2787 1363 2962 1427 νίκας,
3001 1364 3141 1435 μέσῃ
3171 1366 3236 1435 τῇ
3273 1361 3632 1436 βασιλευούσῃ
3674 1364 3785 1417 τῶν

2202 1455 2297 1508 ἐπὶ
2328 1456 2430 1527 γῆς
2457 1454 2607 1509 πόλει
2638 1455 2936 1526 βασιλικοῖς
2970 1455 3312 1526 χαρακτῆρσι
3340 1454 3416 1527 (5)
3449 1454 3788 1526 προσεγγρά-

2204 1561 2436 1614 φοντας’
2468 1544 2608 1598 ὥστε
2646 1545 2804 1617 μόνον
2840 1544 2949 1600 τῶν
2980 1544 3039 1611 ἐξ
3072 1544 3267 1609 αἰῶνος
3311 1545 3519 1617 Ἰησοῦν
3552 1545 3786 1617 Χριστὸν

2200 1635 2292 1688 τὸν
2317 1634 2472 1706 ἡμῶν
2497 1635 2747 1707 Σωτῆρα,
2775 1635 2869 1689 καὶ
2897 1634 3033 1705 πρὸς
3055 1633 3234 1687 αὐτῶν
3262 1633 3370 1687 τῶν
3398 1635 3490 1686 ἐπὶ
3520 1633 3625 1704 γῆς
3652 1635 3788 1688 ἀνωο

2201 1727 2369 1790 τὰτω,
2417 1728 2516 1798 οὐχ
2546 1722 2635 1781 οἶα
2668 1727 2846 1781 κοινὸν
2875 1727 2935 1792 ἐξ
2962 1724 3265 1798 ἀνθρώπων
3292 1725 3514 1797 βασιλέα
3564 1727 3786 1797 γενόμε-

2199 1834 2287 1871 νον
2319 1817 2727 1889 ὁμολογεῖσθαι,
2770 1818 2885 1872 ἀλλ’
2912 1813 3001 1872 οἷα
3031 1817 3125 1872 τοῦ
3171 1818 3399 1872 καθόλου
3445 1819 3579 1873 Θεοῦ
3613 1820 3785 1875 Παῖδα

2199 1911 2419 1980 γνήσιον
2467 1910 2563 1963 καὶ
2601 1909 2858 1963 αὐτόθεον
2904 1910 2978 1983 (6)
3019 1912 3463 1983 προσκυνεῖσθαι,
3514 1913 3609 1966 καί
3642 1913 3785 1971 εἰκό-

2197 2018 2327 2064 τως.
2359 2001 2454 2064 Τίς
2495 2000 2606 2073 γὰρ
2637 2000 2746 2055 τῶν
2792 2000 3013 2055 πώποτε
3050 2002 3314 2073 βασιλέων
3358 2003 3610 2058 τοσοῦτον
3656 2006 3786 2077 ἀρε-

2198 2089 2299 2160 τῆς
2332 2089 2634 2159 ἠνέγκατο,
2669 2090 2744 2153 ὡς
2794 2092 3010 2147 πάντων
3043 2091 3152 2147 τῶν
3200 2093 3295 2147 ἐπὶ
3332 2095 3436 2165 γῆς
3479 2094 3785 2166 ἀνθρώπων

2200 2182 2369 2255 ἀκοὴν
2409 2184 2502 2236 καὶ
2548 2182 2794 2251 γλῶτταν
2831 2184 3109 2256 ἐμπλῆσαι
3155 2185 3255 2255 τῆς
3296 2185 3463 2240 αὐτοῦ
3511 2204 3785 2259 προσηγο-

2202 2273 2324 2349 ρίας
2365 2274 2476 2344 (7);
2534 2274 2630 2338 Τίς
2677 2274 2929 2345 βασιλεὺς
2972 2276 3168 2347 νόμους
3227 2277 3468 2342 εὐσεϐεῖς
3502 2279 3644 2332 οὓτω
3690 2281 3787 2335 καὶ

2203 2366 2484 2439 σώφρονας
2512 2367 2923 2438 διαταξάμενος,
2959 2369 3067 2422 ἀπὸ
3110 2370 3364 2443 περάτων
3413 2372 3516 2441 γῆς
3560 2372 3657 2425 καὶ
3704 2375 3785 2436 είς

2198 2459 2346 2530 ἄκρα
2386 2448 2641 2530 τῆςνὸλης
2673 2461 3017 2531 οἰκουμένης,
3069 2464 3149 2525 εἰς
3192 2464 3427 2536 ἐπήκοον
3460 2464 3662 2519 ἅπασιν
3696 2465 3785 2519 ἀν-

2200 2548 2438 2622 θρώποις
2494 2550 2962 2620 ἀναγινώσκεσθαι
3013 2553 3255 2625 διαρκῶς
3308 2556 3645 2627 ἐκράτυνεν;
3689 2557 3785 2621 Τίς

2198 2644 2493 2716 ἀνημέρων
2542 2644 2711 2699 ἐθνῶν
2766 2644 2862 2716 ἔθη
2920 2645 3172 2720 βάρϐαρα
3222 2649 3317 2702 καὶ
3368 2651 3618 2722 ἀνήμερα
3673 2653 3784 2714 τοῖς

2196 2737 2426 2808 ἡμέροις
2471 2737 2634 2791 αὐτοῦ
2684 2738 2777 2791 καὶ
2820 2737 3354 2811 φιλανθρωποτάτοις
3398 2741 3672 2813 παρέλυσε
3706 2742 3782 2796 νό-

2202 2845 2357 2900 μοις;
2395 2829 2491 2892 Τίς
2524 2828 2717 2883 αἰῶσιν
2749 2828 2892 2894 ὅλοις
2934 2830 3041 2883 ὑπὸ
3086 2831 3305 2885 πάντων
3355 2832 3783 2904 πολεμούμενος,

2196 2918 2296 2991 τὴν
2341 2920 2482 2994 ὑπὲρ
2521 2919 2807 2991 ἄνθρωπον
2856 2919 3055 2992 ἀρετὴν
3109 2921 3442 2989 ἐπεδείξατο,
3491 2922 3568 2984 ὡς
3603 2922 3784 2976 ἀνθεῖν

2198 3011 2470 3082 ὁσημέραι
2495 3010 2589 3064 καὶ
2622 3011 2833 3076 νεάζειν
2859 3011 2950 3066 δια
2974 3013 3176 3077 παντὸς
3204 3012 3299 3065 τοῦ
3329 3014 3478 3084 βίους
3511 3014 3607 3078 Τίς
3634 3014 3784 3079 ἔθνος

2198 3101 2261 3156 τὸ
2296 3102 2417 3173 μηδ’
2451 3102 2718 3156 ἀκουσθὲν
2752 3103 2809 3170 ἐξ
2855 3104 3069 3169 αἰῶνος,
3106 3106 3206 3158 οὐκ
3244 3107 3303 3158 ὲν
3336 3105 3509 3177 γωνίᾳ
3547 3123 3636 3159 ποι
3679 3105 3782 3175 γῆς

2200 3192 2443 3263 λεληθὸς,
2478 3194 2614 3248 ἀλλά
2646 3193 2767 3248 καθ’
2803 3194 2932 3267 ὅλης
2963 3197 3063 3268 τῆς
3086 3196 3176 3267 ὑφ’
3209 3197 3344 3269 ἡλίῳ
3380 3197 3662 3269 ἱδρύσατο;
3688 3198 3731 3250 Τ
3738 3198 3783 3262 ir,

2201 3287 2482 3353 εὐσεϐείας
2515 3290 2701 3355 ὅπλοις
2744 3290 2918 3357 οὕτως
2950 3292 3224 3365 ὲφράξατο
3253 3295 3380 3357 τοὺς
3423 3292 3783 3364 στρατιώτας,

2199 3379 2277 3444 ὡς
2309 3379 2615 3452 ἀδάμαντος
2640 3382 2739 3447 τὰς
2764 3382 2943 3454 ψυχὰς
2973 3384 3399 3456 κραταιοτέρους
3433 3385 3489 3437 ὲν
3511 3387 3623 3448 τοῖς
3649 3382 3783 3456 πρὸς

2198 3472 2327 3538 τοὺς
2359 3474 2683 3539 ἀντιπάλους
2728 3476 2904 3544 ἀγῶσι
2935 3476 3346 3545 διαφαίνεσθαι;
3384 3476 3481 3540 Τίς
3522 3475 3781 3547 βασιλέων

2196 3565 2279 3629 εἰς
2312 3564 2566 3620 τοσοῦτον
2601 3570 2812 3639 κρατεῖ,
2847 3567 2942 3621 καὶ
2990 3571 3288 3639 στρατηγεῖ
3328 3586 3390 3637 γε
3432 3566 3573 3638 μετά
3616 3566 3782 3621 θάνα-

2196 3674 2310 3722 τον,
2342 3659 2436 3712 καὶ
2468 3660 2705 3731 τρόπαια
2737 3662 2857 3713 κατ’
2883 3659 3093 3731 ἐχθρῶν
3137 3659 3340 3730 ἵστησι,
3368 3660 3462 3713 καὶ
3491 3659 3669 3712 πάντα
3697 3658 3784 3712 τός

2199 3767 2301 3803 πον
2326 3751 2420 3804 καὶ
2452 3750 2637 3823 χώραν
2669 3753 2764 3806 καὶ
2792 3752 2965 3818 πόλιν,
3009 3752 3235 3807 Ἐλλάδα
3266 3769 3325 3806 τε
3360 3753 3453 3806 καὶ
3485 3750 3781 3822 βάρϐαρον,

2205 3840 2498 3912 βασιλικῶν
2555 3841 2719 3895 οἴκων
2779 3842 2944 3896 αὐτοῦ
3006 3842 3225 3916 πληροῖ,
3281 3842 3374 3896 καὶ
3428 3840 3589 3894 θείων
3641 3839 3783 3894 ναῶν

2200 3931 2579 4005 ἀφιερώμασιν
2606 3933 2717 4004 (8);
2745 3929 2847 3987 Οἷα
2883 3934 3011 3988 τάδε
3041 3934 3110 3988 τὰ
3149 3932 3305 3988 τοῦδε
3346 3933 3442 3988 τοῦ
3483 3931 3589 3987 νεὼ
3625 3949 3781 4003 περι-

2201 4023 2373 4094 καλλῆ
2411 4025 2745 4096 κοσμήματά
2785 4042 2846 4078 τε
2897 4026 2993 4079 καὶ
3029 4025 3356 4097 ἀναθήματα
3380 4042 3393 4055 ’
3439 4023 3476 4079 ἃ
3513 4023 3609 4078 καὶ
3644 4023 3782 4078 αὐτά

2201 4113 2375 4185 σεμνά
2403 4116 2500 4186 μὲν
2525 4116 2601 4180 ὡς
2632 4117 2849 4188 ἀληθῶς
2881 4119 2975 4172 καὶ
3005 4119 3238 4188 μεγάλα,
3264 4115 3576 4185 ἐκπλήξεώς
3604 4134 3663 4169 τε
3690 4117 3780 4171 καὶ

2200 4205 2476 4279 θαύματος
2508 4207 2654 4273 ἄξια,
2687 4211 2783 4263 καὶ
2810 4204 2897 4263 οἷα
2918 4210 3019 4278 τῆς
3043 4210 3136 4263 τοῦ
3163 4210 3414 4280 Σωτῆρος
3445 4207 3601 4279 ἡμῶν
3633 4206 3781 4277 βασις

2198 4299 2350 4363 λείας
2391 4299 2596 4371 ἐναργῆ
2633 4299 2899 4370 δείγματα
2933 4300 3030 4373 (9),
3073 4302 3155 4354 ὅτι
3188 4301 3281 4354 καὶ
3323 4297 3419 4353 νῦν
3466 4298 3628 4362 αὐτὸς
3660 4293 3780 4350 εἶπε

587 4449 682 4532 (5).
714 4452 1090 4534 Βαοςιλιιξιοῖς.
1112 4453 1509 4534 χαρακτῆρσι.
1573 4454 2102 4525 Cbrislophorsonus

2208 4455 2352 4534 quod
2381 4456 2598 4534 quidem
2634 4471 2740 4509 non
2777 4456 3005 4524 faceret,
3031 4456 3076 4510 si
3108 4455 3174 4510 de
3209 4455 3342 4526 ipsis
3371 4462 3528 4509 antea
3570 4452 3781 4508 locutus

519 4541 538 4573 ι
579 4522 898 4589 majusculis
926 4522 1123 4579 litteris
1155 4545 1174 4577 ι
1205 4522 1390 4580 vertit.

586 4591 663 4662 (6)
708 4593 819 4666 Kal
875 4595 1185 4649 αὐτόθεον.
1233 4594 1522 4666 Notandus
1563 4602 1648 4651 est
1700 4594 1755 4650 in
1789 4595 1985 4666 primis
2012 4595 2102 4666 hic

517 4663 816 4733 locus,rin
886 4680 993 4733 quo
1063 4666 1333 4721 Eusebius
1388 4665 1667 4720 Christum
1721 4663 1883 4720 vocat
1935 4665 2100 4720 αὐτὸ-

516 4733 661 4804 θεον,
693 4732 744 4787 id
772 4742 857 4788 est
906 4732 1008 4804 per
1036 4751 1096 4791 se
1126 4752 1190 4790 ac
1219 4752 1347 4790 vere
1377 4736 1568 4791 Deum.
1599 4736 1699 4791 Hic
1731 4737 1876 4789 enim
1907 4737 2101 4790 unicus

519 4802 707 4864 locus,
745 4818 865 4858 meo
906 4802 1125 4874 quidem
1160 4806 1401 4873 judicio,
1436 4806 1636 4861 suﬂicit
1662 4806 1727 4859 ad
1760 4806 2099 4875 repellendas

517 4886 709 4946 omnes
744 4874 1059 4946 calumnias
1108 4890 1332 4941 eorum,
1361 4878 1454 4946 qui
1510 4876 1805 4933 Eusebium
1851 4887 2096 4931 nostrum

518 4942 994 5016 briaiiidogmatis
1040 4945 1160 4999 labe
1201 4942 1484 5016 aspersum
1523 4949 1693 5005 fuisse
1723 4946 2091 5016 crediderunt.

521 5012 614 5088 Sic
641 5014 801 5065 etiam
839 5014 978 5088 infra
1013 5012 1400 5088 nominat-hac
1430 5032 1553 5088 pag.
1586 5018 1680 5073 τοῦ
1711 5015 2100 5088 παμϐασιλέως

518 5082 616 5135 καὶ
658 5084 1057 5158 πανηγεμόνος,
1088 5087 1198 5158 καὶ
1236 5086 1403 5140 αὐτοῦ
1430 5082 1581 5141 ’Θεοῦ
1618 5082 1805 5158 λόγουζ
1852 5087 1947 5141 Est
1998 5102 2097 5139 au-

522 5165 627 5206 tem
676 5155 788 5207 bare
833 5156 1035 5207 locutio
1083 5155 1382 5211 Platonica.
1445 5158 1579 5212 Nam
1626 5155 1702 5213 ut'
1733 5158 1888 5211 Plato
1935 5158 2096 5211 αὐτο-

518 5221 722 5299 αγαθόν
774 5235 933 5299 vocat
968 5228 1135 5299 ⁸(ιιιςιίί
1201 5238 1313 5299 ρειΔ
1343 5242 1469 5283 vere
1494 5244 1559 5283 ac
1614 5246 1709 5299 per
1758 5244 1819 5283 se
1874 5226 2097 5288 bonum,

517 5299 598 5418 Bic
630 5293 894 5349 Eusebius
921 5294 1175 5349 αύτόθεον
1207 5297 1343 5351 dixit
1384 5301 1473 5365 qui
1506 5309 1589 5353 est
1615 5293 1752 5355 'vere
1798 5311 1862 5351 ac
1910 5312 2008 5365 per
2038 5311 2098 5351 se

565 5380 683 5417 eus.

565 5380 683 5417 eus.

586 5432 814 5506 (7)7Tﬁc
855 5436 1043 5491 αὐτοῦ
1076 5438 1502 5506 προσηγορίας.
1528 5437 1961 5493 Christianorum
1996 5453 2096 5491 no-

518 5519 641 5559 men
677 5505 948 5575 intelligit,
982 5522 1078 5576 per
1117 5505 1309 5559 omnes
1353 5509 1550 5576 ubique
1583 5520 1774 5577 gentes
1815 5510 1993 5562 lusum
2033 5523 2097 5560 ac

520 5586 879 5645 propagatum
907 5594 920 5642 ;
950 5588 1050 5631 nec
1072 5578 1244 5631 solum
1272 5577 1553 5644 Romanis,
1584 5582 1680 5633 sed
1710 5581 1871 5633 etiam
1902 5578 2101 5631 barba-

524 5645 926 5717 risrognitum.
955 5647 1108 5714 Quod
1134 5648 1179 5700 si
1210 5649 1333 5717 quis
1364 5649 1537 5717 ipsum
1563 5649 1769 5705 Christi
1801 5651 2100 5717 nomentu-

524 5714 771 5791 telligere
800 5717 974 5791 malit,
995 5714 1244 5791 equidem
1274 5714 2093 5791 nontuagnopererepugnabo,

526 5785 686 5851 paulo
718 5796 842 5854 post
873 5788 1017 5844 cnim
1048 5785 1272 5856 subjicit
1313 5785 1579 5846 Eusebius
1605 5785 1686 5846 'de
1728 5785 2091 5859 Christianis;

2206 4528 2418 4581 luisset.

2278 4594 2352 4666 (8)
2385 4596 2569 4650 Θείων
2607 4594 2773 4666 ναῶν
2810 4595 3233 4666 ἀφιερώμασιν.
3264 4594 3538 4648 Muscnlns
3580 4594 3779 4666 vertit:

2210 4686 2229 4718 ι
2269 4664 2580 4720 Divinorum
2618 4664 2937 4734 templorum
2978 4664 3506 4720 consecrationibus.
3547 4685 3565 4716 ι
3622 4664 3781 4718 Chri-

2202 4737 2600 4804 smphorsonus
2643 4751 2772 4789 vero
2816 4735 3258 4804 interpretatur:
3318 4753 3335 4785 ι
3388 4735 3593 4788 Divinis
3643 4744 3781 4785 tein-

2204 4803 2310 4877 plis
2337 4819 2562 4875 auguste
2591 4803 3000 4863 consecratis.)
3034 4806 3258 4877 Videtur
3286 4815 3465 4857 tamen
3493 4820 3593 4858 vox
3627 4803 3780 4871 ἀφιέν

2204 4876 2386 4948 ρωμα,
2402 4892 2504 4930 non
2523 4878 2997 4930 consecrationem
3023 4876 3343 4948 templorum
3360 4878 3673 4948 designare.
3688 4877 3781 4927 sed

2201 4943 2381 5016 potius
2394 4948 2531 4999 dona
2543 4948 2616 4998 ria
2632 4961 2752 5016 quin
2769 4948 2875 5000 Deo
2887 4956 3298 5016 consecrantur.
3318 4945 3479 5016 quue
3495 4963 3592 4996 ruu
3606 4943 3758 5016 ﬁl'lllit

2205 5008 2292 5069 iur
2317 5008 2673 5082 sequentibus
2696 5013 2913 5070 Eusebii
2940 5018 3138 5068 verbis.
3166 5015 3257 5068 Sic
3282 5008 3426 5067 enim
3453 5016 3669 5067 Sulnlit:
3695 5008 3782 5067 οἷα

2200 5086 2325 5159 τάδε
2356 5085 2426 5139 τὰ
2468 5085 2563 5159 τοῦ
2598 5084 2704 5159 νεὼ
2732 5086 3032 5159 περικαλλῆ
3068 5083 3399 5159 κοσμήματά
3430 5101 3490 5137 τε
3523 5085 3629 5159 καὶ-
3649 5085 3781 5136 ἀνα-

2202 5155 2440 5226 θήματα.
2470 5156 2630 5209 Certe
2662 5158 2705 5209 si
2732 5155 3200 5210 consecrationem
3230 5155 3581 5208 intellexisset
3617 5156 3781 5226 lause-

2201 5225 2418 5299 sebins,
2451 5226 2753 5299 ἀφιέρωσιν
2803 5228 3072 5299 dixisset,
3109 5239 3168 5279 ut
3224 5241 3386 5299 supra
3438 5227 3491 5299 in
3545 5239 3663 5289 cap.
3703 5225 3780 5299 ﬁo.

2202 5296 2370 5351 Porro
2408 5296 2745 5353 coudfFuk.
2792 5307 2849 5351 et
2894 5298 3022 5350 Sav.
3068 5312 3178 5349 uno
3221 5298 3387 5346 verbo
3442 5296 3529 5347 hic
3569 5296 3779 5346 auctiu-

2199 5382 2289 5421 res
2328 5378 2471 5421 sunt.
2499 5369 2591 5421 Sic
2620 5368 2764 5423 enim
2791 5370 3013 5423 habent:
3048 5368 3144 5421 ml
3173 5365 3333 5420 θείων
3361 5364 3504 5418 ναῶν
3536 5363 3779 5435 ἀφιερώ-

2202 5454 2366 5518 μαειν
2375 5441 2612 5518 κκοσμεῖ.

2267 5510 2340 5576 (9)
2366 5506 2637 5576 Σωτῆρος
2658 5509 2827 5579 ἡμῶν
2843 5508 3166 5573 βασιλείας
3185 5508 3488 5576 δείγματα.
3514 5508 3569 5559 In
3593 5506 3777 5579 codice

2200 5577 2369 5647 Regio
2404 5581 2469 5633 ad
2508 5582 2647 5633 latus
2677 5577 2833 5644 Iiujns
2865 5581 3019 5632 lineze
3064 5583 3310 5646 apposita
3339 5590 3423 5631 est
3461 5578 3775 5643 bujusnincli

2200 5660 2325 5702 nota
2357 5666 2458 5720 ωρ.
2490 5650 2556 5720 de
2582 5666 2686 5718 qua
2717 5660 2841 5704 nota
2876 5650 3093 5720 abutule
3120 5650 3356 5703 diximus
3385 5649 3436 5701 in
3467 5648 3776 5702 adnotatiu-

2199 5720 2361 5773 nibus
2393 5718 2460 5771 ad
2511 5719 2547 5770 Ι.
2581 5735 2618 5773 ι.
2656 5720 2710 5772 In
2744 5735 2862 5787 cap.
2894 5718 2962 5773 16
2986 5758 3001 5781 ,
3030 5719 3126 5773 lib.
3155 5735 3208 5773 tv
3230 5759 3245 5780 ,
3291 5720 3539 5773 eanulem
3590 5728 3775 5772 notam

2199 5789 2363 5846 habet
2408 5788 2610 5860 Regius
2669 5792 2841 5846 codex
2887 5790 2955 5845 ad
3009 5790 3097 5847 illa
3145 5789 3310 5846 verba
3361 5790 3563 5846 Justini
3606 5802 3773 5860 appo-
