4210 6408
389 385 495 439 837

1413 375 1765 434 HISTORIA}
1811 374 2381 432 ECCLESIASTlCIE
2417 373 2549 430 LlB.
2587 372 2655 428 Χ.

3548 371 3654 430 358

388 498 484 554 καὶ
509 497 868 572 ἐγενήθησαν,
892 495 1054 558 αὑτός
1082 493 1382 548 ἐνετείλατο
1407 493 1502 548 καὶ
1523 492 1870 563 ἐκτίσθησαν.
1901 491 1967 544 Τί

2074 493 2228 558 uivit,
2253 501 2308 546 nt
2329 494 2381 546 in
2409 490 2912 546 concertationibus
2935 489 3196 544 adversus
3225 489 3431 553 hostes,
3458 489 3653 558 quovis

389 592 499 662 γὰρ
533 590 627 644 καὶ
659 588 850 660 ἔμελλε
893 586 988 640 τοῦ
1035 585 1428 657 παμϐασιλέως
1464 585 1559 639 καὶ
1593 585 1973 656 πανηγεμόνος

392 683 485 738 καὶ
512 681 675 736 αὑτοῦ
704 680 836 734 Θεοῦ
861 679 1032 750 Λόγου
1064 677 1418 750 ἐνστήσεσθαι
1444 678 1524 750 τῷ
1551 677 1815 748 νεύματι;
1841 678 1974 747 Σχο-

390 777 489 848 λῆς
514 793 574 828 τε
601 775 774 843 λόγων
803 771 913 844 (10)
942 771 1147 834 οἰκείας
1185 771 1266 834 είς
1293 769 1496 842 ἀκριϐῆ
1526 769 1759 842 Θεωρίαν
1788 787 1849 822 τε
1881 769 1973 823 καὶ

392 865 686 938 ἑρμηνείαν
719 863 977 934 τυγχάνει
1001 863 1266 934 δεόμενα·
1299 861 1360 915 οὐ
1397 860 1502 932 μὴν
1534 863 1634 915 ὅσα
1660 861 1754 915 καὶ
1791 857 1878 914 οἷα
1905 860 1972 913 τὰ

391 959 489 1029 τῆς
511 957 620 1010 τῶν
653 955 1039 1027 πεπονηκότων
1065 954 1373 1026 προθυμίας
1395 953 1644 1026 κέκριται
1667 955 1798 1026 παρ’
1823 951 1973 1024 αύτῷ

391 1050 468 1122 τῷ
507 1048 926 1120 θεολογουμένῳ,
964 1049 1056 1101 τὸν
1081 1047 1322 1119 ἔμψυχον
1371 1049 1594 1103 πάντων
1631 1045 1788 1117 ἡμῶν
1833 1045 1970 1100 καθα

391 1143 591 1216 ορῶντι
615 1142 764 1205 ναδν,
795 1141 891 1196 καὶ
925 1139 1018 1194 τὸν
1059 1143 1124 1194 ἐκ
1163 1139 1380 1204 ζώντων
1417 1140 1580 1194 λίθων
1625 1138 1720 1192 καὶ
1752 1137 1974 1210 βεϐηκό-

391 1253 498 1290 των
535 1237 646 1305 (11)
684 1231 832 1290 οἷκον
870 1233 1246 1298 ἐποπτεύοντι,
1289 1227 1346 1286 εὖ
1387 1232 1482 1286 καὶ
1525 1231 1784 1303 ἀσφαλῶς
1829 1230 1974 1301 ἱδρυ-

396 1330 554 1400 μένον
584 1328 678 1381 ἐπὶ
717 1327 796 1399 τῷ
837 1324 1074 1397 θεμελίῳ
1121 1323 1231 1377 τῶν
1273 1323 1585 1378 ἀποστόλων
1625 1322 1718 1377 καὶ
1762 1339 1972 1394 προφη-

390 1420 518 1483 τῶν,
550 1419 702 1482 6ντος
723 1417 1117 1488 ἀκρογωνιαίου
1146 1414 1294 1468 λίθου
1316 1413 1476 1468 αὐτοῦ
1512 1413 1683 1486 Ἰησοῦ
1713 1412 1967 1486 Χριστοῦ,

391 1510 450 1563 ὃν
479 1508 886 1580 ἀπεδοκίμασαν
922 1507 1020 1577 μὲν
1050 1507 1149 1577 οὐχ
1181 1508 1230 1560 οξ
1259 1507 1360 1576 τῆς
1391 1507 1626 1570 παλαιᾶς
1654 1506 1748 1558 καὶ⁸
1781 1505 1971 1576 μηκέτ’

391 1596 558 1669 οὔσης
600 1597 813 1666 ἐκείνης
849 1595 1041 1668 μόνον,
1074 1595 1210 1648 ἀλλὰ
1251 1596 1345 1648 καὶ
1387 1595 1490 1664 τῆς
1529 1595 1694 1648 εἰσέτι
1735 1593 1830 1646 νῦν
1863 1593 1974 1648 τῶν

393 1689 602 1743 πολλῶν
629 1688 931 1761 ἀνθρώπων
957 1689 1262 1759 οἰκοδομῆς,
1301 1689 1462 1742 κακοὶ
1485 1688 1672 1742 κακῶν
1699 1687 1852 1750 ὄντες
1877 1687 1974 1758 ἀρ-

392 1781 714 1854 χιτέκτονες,
747 1781 1049 1850 δοκιμάσας
1075 1779 1133 1833 δὲ
1163 1781 1190 1832 ό
1222 1779 1410 1851 Πατὴρ
1439 1779 1534 1833 καὶ
1561 1779 1682 1832 τότε
1721 1779 1816 1831 καὶ
1853 1777 1970 1841 νῦν,

2077 585 2364 638 adamante
2409 583 2683 638 firmiores
2719 581 2930 636 animos
2971 581 3317 634 ostenderent
3349 580 3528 646 ?Qnis
3555 597 3656 635 un-

2075 691 2237 744 quam
2282 691 2378 730 rex
2418 688 2590 742 usque
2632 673 2768 726 adeo
2806 682 2926 740 post
2977 671 3180 723 obitum
3221 669 3427 723 viribus
3463 671 3652 733 valuit,

2073 769 2350 821 exercitus
2395 765 2589 829 duxit;
2633 773 2830 832 tropaea
2890 762 3152 815 adversus
3209 763 3389 816 hostes
3439 763 3652 825 erexit;

2075 857 2254 911 omnia
2305 856 2542 924 denique
2594 853 2739 916 loca,
2789 853 3078 920 regiones,
3138 852 3300 905 urch
3353 863 3463 904 tum
3511 852 3653 920 apud

2074 945 2292 1000 Graecos
2324 953 2434 996 tum
2465 941 2605 1011 apttd
2643 939 2930 999 Barbaros.
2957 937 3228 1005 regalibus
3261 939 3374 991 suis
3409 937 3650 1006 palatiis,

2074 1048 2130 1092 et
2156 1035 2462 1091 divinorum
2491 1032 2814 1102 templorum
2847 1029 3070 1084 fabricis
3093 1031 3427 1084 consecratis
3462 1031 3654 1099 imple-

2075 1129 2200 1182 vit?
2236 1125 2547 1194 Cujusmodi
2575 1135 2704 1179 sunt
2727 1123 2842 1178 haec
2867 1120 3055 1190 templi
3093 1120 3251 1192 lmjus
3286 1121 3652 1191 pulcherrima

2073 1229 2392 1274 ornamenta
2427 1225 2590 1286 atque
2617 1215 2868 1269 donaria.
2907 1212 3038 1280 Quae
3084 1213 3196 1282 ipsa
3230 1213 3446 1282 quidem
3474 1227 3570 1281 per
3593 1227 3654 1269 se

2075 1321 2304 1380 augusta
2330 1305 2574 1377 profecto
2603 1311 2728 1360 sunt
2754 1319 2817 1358 ac
2834 1302 3148 1371 magnifica,
3169 1313 3223 1356 et
3245 1311 3464 1371 stupore
3487 1313 3654 1374 atque

2074 1401 2434 1456 admiratione
2476 1400 2658 1468 digna.
2703 1395 2910 1465 Quippe
2957 1409 3077 1464 qua:
3125 1394 3274 1463 regni
3349 1393 3656 1450 Servaloris

2075 1491 2244 1546 nostri
2297 1489 2510 1544 illustre
2537 1487 2810 1558 specimen
2847 1485 3167 1540 exhibeant.
3201 1485 3478 1554 Siquidem
3511 1502 3654 1543 nunc

2073 1582 2237 1652 376
2267 1595 2521 1651 quoque:
2543 1580 2658 1648 ipse
2690 1578 2893 1633 dixitet
2924 1574 3064 1630 facta
3093 1585 3254 1641 sunt;
3285 1577 3400 1645 ipse
3430 1579 3656 1632 manda-

2073 1675 2224 1728 vitet
2255 1673 2470 1727 condita
2496 1670 2711 1726 sunt".
2755 1689 2775 1723 ι
2811 1668 2950 1736 Quid
3011 1670 3153 1723 enim
3212 1669 3476 1724 obsistere
3501 1679 3655 1740 pote-

2075 1774 2161 1818 rat
2194 1765 2346 1818 nutui
2379 1777 2444 1818 ac
2469 1762 2730 1816 voluntati
2771 1759 2930 1816 Verbi
2967 1761 3206 1814 omnium
3239 1761 3382 1828 regis
3415 1777 3478 1815 ac
3509 1764 3659 1830 prin-

391 1835 472 1936 ἓξς
507 1835 746 1943 κεφαλήν
771 1835 972 1940 γωνίας
1000 1869 1164 1942 τῆσδε
1193 1872 1291 1942 τῆς
1325 1835 1510 1940 κῦινῆς
1545 1870 1701 1942 ἡμῶν
1744 1870 1974 1942 Ἐκκλη-

2076 1858 2210 1926 cipis
2239 1872 2303 1910 ac
2327 1873 2426 1928 per
2447 1871 2506 1910 so
2535 1857 2625 1910 Dei
2649 1855 2774 1908 ?Ad
2804 1855 2907 1910 hoc
2927 1870 3056 1908 vero
3099 1863 3160 1908 ut
3193 1868 3445 1909 accurate
3469 1855 3655 1909 consi—

394 1964 514 2027 σίας
567 1962 838 2034 ἱδρύσατο.
885 1963 1084 2015 Τοῦτον
1122 1961 1185 2034 δὴ
1226 1956 1321 2015 οὖν
1361 1962 1453 2015 τὸν
1499 1961 1558 2027 ἐξ
1603 1960 1759 2033 ἡμῶν
1796 1960 1976 2014 αὐτῶν

391 2053 856 2124 ἐπεσκευασμένον
877 2053 1074 2117 ζῶντος
1097 2052 1230 2106 Θεοῦ
1255 2053 1432 2118 ζῶντα
1459 2053 1583 2106 ναὸν
1611 2053 1692 2124 (τὸ
1721 2052 1974 2124 μέγιστον

391 2146 486 2198 καὶ
518 2142 705 2212 ἀληθεῖ
739 2143 881 2214 λόγῳ
919 2143 1029 2214 (12)
1061 2142 1360 2215 θεοπρεπὲς
1395 2143 1587 2214 ἱερεῖόν
1618 2161 1780 2214 φημι,
1814 2136 1876 2197 οῦ
1905 2143 1974 2196 τά

390 2235 654 2290 ἐνδοτάτω
698 2235 866 2288 ἄδυτα
915 2239 1027 2300 τοῖς
1074 2235 1288 2300 πολλοῖς
1321 2235 1608 2306 ἀθεώρητα
1658 2236 1754 2288 καὶ
1803 2235 1973 2299 ὄντως

391 2327 526 2394 ἅγια
560 2326 655 2378 καὶ
687 2323 798 2378 τῶν
831 2325 1002 2392 ἁγίων
1038 2325 1168 2393 ἆγια
1195 2325 1214 2396 )
1247 2324 1330 2388 τίς
1362 2323 1428 2378 ἂν
1455 2323 1798 2388 ἐποπτεύσας
1831 2323 1972 2388 ἐξει-

391 2421 512 2471 πεῖν
541 2417 867 2490 τολμήσειε;
895 2417 980 2480 τίς
1000 2417 1057 2471 δὲ
1080 2416 1181 2470 κᾶν
1205 2416 1461 2486 είσκύψαι
1488 2415 1789 2489 περιϐόλων
1813 2415 1974 2488 ἱερῶν

391 2513 522 2564 εἴσω
550 2510 796 2574 δυνατὸς,
841 2510 922 2563 ὅτι
969 2510 1045 2580 μὴ
1101 2509 1259 2580 μόνος
1283 2513 1312 2564 ό
1351 2511 1522 2582 μέγας
1558 2509 1666 2562 τῶν
1705 2509 1842 2563 ὅλων
1875 2511 1974 2582 ἀρ-

389 2603 626 2673 χιερεὺς,
767 2601 914 2673 μόνῳ
963 2601 1119 2670 θέμις
1169 2601 1352 2672 πάσης
1401 2601 1625 2673 λογικῆς
1669 2600 1849 2672 ψυχῆς
1902 2599 1977 2654 τά

391 2694 677 2765 ἀπόρρητα
719 2693 1132 2765 διερευνᾶσθαι;
1180 2693 1332 2764 Τάχα
1379 2691 1436 2746 δὲ
1477 2693 1572 2746 καὶ
1615 2693 1758 2764 ἄλλῳ
1791 2693 1973 2746 δευτε-

395 2780 570 2851 ρεύειν
607 2779 744 2852 μετὰ
772 2781 960 2834 τοῦτον
993 2781 1074 2833 ἐνὶ
1112 2781 1256 2852 μόνῳ
1284 2781 1392 2834 τῶν
1427 2782 1556 2835 ίσων
1584 2782 1803 2852 ἐφικτὸν
1837 2781 1967 2852 (15),

391 2858 526 2942 τῷδε
559 2871 637 2941 τῷ
677 2871 1080 2944 προκαθημένῳ
1108 2871 1268 2942 τῆσδε
1297 2871 1398 2942 τῆς
1434 2873 1694 2943 στρατιᾶς
1719 2871 1969 2944 ἡγεμόνι,

391 2962 451 3016 ὃν
475 2963 638 3026 αὐτὸς
661 2965 690 3017 ό
723 2963 934 3034 πρῶτος
983 2964 1077 3018 καὶ
1117 2963 1286 3036 μέγας
1325 2965 1611 3036 ἀρχιερεὺς
1649 2964 1972 3036 δευτερείοις

389 3053 501 3106 τῶν
539 3053 664 3126 τῇδε
711 3055 922 3126 ἱερείων
969 3056 1226 3128 τιμήσας,
1277 3057 1511 3126 ποιμένα
1559 3058 1658 3128 τῆς
1702 3057 1972 3128 ὑμετέρας

393 3143 574 3200 ἐνθέου
623 3145 877 3218 ποίμνης,
921 3145 1108 3218 κλήρῳ
1156 3148 1250 3200 καὶ
1289 3147 1465 3218 κρίσει
1496 3148 1590 3201 τοῦ
1631 3148 1844 3219 Πατρός
1877 3148 1968 3202 τὸν

393 3235 656 3308 ὑμέτερον
691 3235 923 3308 λαχόντα
953 3237 1102 3298 λαόν,
1137 3235 1212 3300 ὠς
1242 3235 1308 3288 ἂν
1346 3236 1688 3309 θεραπευτὴν
1717 3238 1810 3290 καὶ
1837 3238 1972 3290 ὑπο-

393 3328 572 3398 φήτην
599 3327 760 3392 αὐτὸς
789 3327 983 3381 ἐαυτοῦ
1013 3327 1366 3393 κατετάξατο,
1399 3329 1490 3382 τὸν
1521 3329 1640 3382 νέον
1683 3328 1912 3400 Ἀαρὼν,
1941 3329 1974 3400 ἢ

393 3407 744 3490 Μελχισεδὲκ,
795 3419 1222 3490 ἀφωμοιωμένον
1271 3420 1348 3491 τῷ
1383 3420 1498 3490 Υἱῷ
1539 3421 1634 3474 τοῦ
1667 3423 1824 3487 Θεοῦ,
1881 3422 1978 3493 μέ-

393 3510 554 3564 νοντά
591 3527 652 3562 τε
682 3512 776 3564 καὶ
819 3511 954 3580 πρὸς
984 3509 1146 3563 αὐτοῦ
1178 3511 1511 3582 τηρούμενον
1537 3513 1616 3576 εἰς
1643 3512 1703 3565 τὸ
1731 3512 1976 3584 διηνεκὲς

391 3605 513 3665 ταῖς
549 3605 752 3666 κοιναῖς
799 3603 1054 3656 ἁπάντων
1094 3605 1248 3674 ὑμῶν
1289 3603 1492 3674 εὐχαῖς.
1545 3604 1729 3674 Τούτῳ
1777 3604 1841 3676 δὴ
1883 3601 1975 3658 οὖν

394 3691 596 3757 ἐξέστω
632 3692 776 3764 μόνῳ
809 3692 947 3764 μετά
981 3693 1072 3747 τὸν
1123 3693 1338 3767 πρῶτον
1369 3696 1461 3749 καὶ
1499 3695 1752 3765 μέγιστον
1794 3698 1979 3768 ἀρχιε-

397 3784 517 3856 ρέα,
543 3785 591 3836 εί
623 3785 696 3856 μὴ
732 3783 802 3837 τὰ
833 3783 1044 3856 πρῶτα,
1072 3785 1140 3839 τὰ
1171 3787 1396 3858 δεύτερα
1421 3785 1553 3854 γοῦν
1582 3787 1730 3857 ὅμως
1757 3789 1890 3859 όρᾷν
1915 3805 1975 3842 τε

394 3875 488 3928 καὶ
534 3877 853 3929 ἐπισκοπεῖν
887 3877 989 3946 τῆς
1017 3877 1280 3932 ἐνδοτάτω
1311 3879 1418 3932 τῶν
1465 3879 1744 3951 ὑμετέρων
1788 3880 1976 3951 ψυχῶν

395 3965 648 4036 θεωρίας,
692 3967 858 4038 πείρᾳ
892 3969 988 4038 μὲν
1015 3970 1108 4022 καὶ
1140 3969 1332 4040 χρόνου
1366 3971 1529 4040 μήκει
1559 3969 1788 4024 ἕκαστον
1821 3972 1978 4044 ἀκρι-

395 4055 506 4120 ϐῶς
547 4055 856 4128 ἐξητακότι,
892 4059 1090 4130 σπουδῇ
1137 4077 1197 4113 τε
1244 4062 1310 4131 τῇ
1358 4060 1524 4114 αὑτοῦ
1565 4062 1658 4114 καὶ
1687 4061 1974 4135 ἐπιμελείᾳ

393 4147 521 4209 τοὺς
547 4147 756 4212 πάντας
782 4149 926 4220 ὑμᾶς
951 4151 1010 4203 ἐν
1033 4151 1224 4222 κόσμῳ
1261 4153 1356 4206 καὶ
1386 4151 1531 4223 λόγῳ
1567 4151 1645 4224 τῷ
1661 4137 1790 4207 Δκατ’
1818 4155 1974 4209 εὐσέ-

469 4241 516 4272 ⁷³
544 4241 686 4296 Psal.
714 4259 889 4306 xxxii,
924 4243 978 4298 9.

396 4335 554 4409 sitam
587 4351 601 4386 :
640 4334 750 4388 εἴτε
787 4333 895 4407 γὰρ
935 4335 1010 4408 μὴ
1050 4336 1288 4408 ἐντυχὼν
1331 4339 1445 4402 τοῖς
1491 4337 1586 4392 τοῦ
1625 4339 1861 4409 Χριστοῦ
1899 4339 1978 4394 δι-

395 4403 658 4474 δάγμασι,
684 4415 790 4461 etc.

466 4475 596 4549 μυ),
623 4475 862 4549 Σχολῆς
893 4491 964 4549 Ξε
991 4477 1210 4546 λόγων.
1245 4477 1603 4533 Scribendum
1651 4489 1785 4548 puto
1827 4494 1976 4549 σχο-

2075 1949 2251 2003 derari
2291 1948 2505 2018 singula
2539 1949 2848 2019 exponique
2888 1949 3134 2018 possint,
3176 1946 3456 2018 peculiare
3480 1948 3653 2001 otium

2073 2051 2124 2096 el
2152 2040 2431 2110 propriam
2470 2043 2776 2096 orationem
2808 2041 3149 2095 desiderant.
3175 2042 3282 2094 Sed
3307 2049 3360 2093 et
3394 2039 3653 2108 peculiari

2072 2133 2188 2186 otio
2207 2146 2342 2200 opus
2366 2132 2552 2198 fuerit,
2576 2141 2636 2186 ut
2663 2131 2996 2202 explicemus
3025 2145 3144 2200 quae
3172 2139 3225 2184 et
3247 2139 3452 2200 quanta
3487 2129 3660 2182 exsti-

2075 2224 2142 2279 tit
2195 2224 2454 2280 alacritas
2496 2239 2684 2278 eorum
2723 2223 2906 2294 quiin
2938 2224 3040 2277 hoc
3080 2238 3247 2292 opere
3295 2222 3652 2286 laborarunt;

2073 2317 2370 2386 quantique
2423 2317 2580 2386 pretii
2634 2331 2697 2370 ac
2747 2315 3004 2386 ponderis
3039 2315 3126 2369 iila
3171 2316 3242 2369 sit
3291 2317 3432 2382 apud
3478 2313 3651 2384 ipsqu

2073 2425 2232 2478 quem
2265 2407 2608 2463 celebramus
2635 2409 2826 2470 Deum,
2857 2407 2951 2478 qui
2991 2408 3230 2460 animata
3262 2406 3506 2459 omnium
3557 2421 3656 2459 no-

2073 2513 2245 2556 strum
2275 2501 2494 2570 inspicit
2529 2500 2750 2570 templa,
2787 2510 2842 2554 et
2891 2501 3109 2554 donmm
3141 2514 3206 2552 ex
3239 2498 3376 2552 vivis
3401 2499 3656 2552 firmatis-

2072 2608 2178 2662 que
2207 2593 2472 2662 lapidibus
2495 2601 2754 2647 structam
2781 2590 3100 2660 perlustrat,
3118 2605 3284 2656 super
3303 2588 3656 2643 fundamento

2073 2687 2437 2756 apostolorum
2461 2695 2515 2738 et
2541 2685 2925 2755 prophetarum
2945 2685 3112 2753 probe
3149 2696 3210 2736 ac
3233 2681 3461 2736 firmiter
3487 2682 3656 2736 stabi-

2073 2779 2222 2832 litam
2250 2802 2262 2834 ;
2297 2777 2451 2846 cujus
2469 2776 2744 2844 angularis
2775 2774 2916 2845 lapis
2939 2785 3022 2830 est
3052 2777 3164 2844 ipse
3188 2773 3345 2830 Iesus
3377 2773 3652 2840 Christus,

2073 2888 2232 2942 quem
2289 2872 2652 2940 reprobarunt
2693 2870 2914 2940 quidem
2963 2883 3070 2922 non
3118 2869 3320 2923 veteris
3354 2867 3499 2923 illius
3533 2885 3658 2938 quas

2073 2978 2216 3017 nunc
2245 2976 2366 3018 esse
2409 2962 2590 3027 desiit,
2621 2977 2810 3016 verum
2854 2962 3016 3014 etiam
3057 2963 3178 3031 ejus
3203 2977 3322 3030 quae
3351 2977 3494 3016 nunc
3535 2976 3656 3015 cer-

2073 3056 2221 3108 nitur
2266 3053 2564 3108 multorum
2602 3053 2880 3107 hominum
2911 3054 3129 3108 fabricae
3161 3054 3480 3114 architecti,
3527 3054 3654 3108 mali

2005 3177 2050 3236 ο
2079 3147 2286 3200 scilicet
2324 3145 2584 3200 malorum
2613 3160 2836 3214 operum
2869 3144 3029 3198 fabri.
3058 3145 3165 3199 Sed
3191 3157 3346 3214 pater
3373 3153 3426 3198 et
3449 3144 3578 3198 olim
3601 3156 3658 3198 ot

2080 3239 2132 3290 in
2163 3238 2444 3305 prmsentia
2477 3236 2782 3305 probatum,
2813 3245 2976 3304 caput
3003 3237 3184 3304 anguli
3219 3235 3380 3305 hujus
3411 3238 3654 3289 omnium

2073 3337 2318 3382 nostrmn
2345 3328 2648 3381 communis
2694 3326 2952 3381 Ecclesia:
2996 3328 3296 3382 constituit.
3346 3327 3460 3380 lloc.
3495 3327 3659 3398 igitur

2072 3435 2136 3474 ex
2163 3420 2320 3474 nobis
2346 3420 2476 3489 ipsis
2511 3430 2882 3474 constructum
2917 3420 3148 3474 viventis
3177 3420 3266 3474 Dei
3302 3421 3482 3474 vivum
3515 3430 3657 3474 tem-

2073 3511 2218 3580 plum
2257 3512 2580 3584 (masimum
2636 3512 2764 3566 illud
2813 3529 2876 3566 ac
2919 3527 3048 3566 vere
3081 3513 3190 3567 Deo
3219 3513 3436 3582 dignum
3473 3528 3660 3568 sacra-

2076 3607 2214 3658 rium
2251 3605 2514 3676 iutelligo,
2543 3607 2700 3677 cujus
2730 3607 2918 3660 intima
2945 3609 3104 3678 adyta
3139 3621 3167 3659 a
3189 3614 3478 3676 conspectu
3511 3606 3658 3674 vulgi

2079 3707 2285 3752 remota
2331 3707 2476 3763 sunt,
2509 3712 2572 3753 ac
2607 3712 2734 3752 vere
2772 3707 2958 3752 sancta
2984 3707 3032 3750 et
3069 3697 3285 3750 .Saucta
3319 3697 3656 3766 sanctorum)

2075 3789 2198 3858 quis
2233 3803 2383 3844 'cum
2433 3791 2852 3860 introspexerit,
2888 3789 3084 3846 efferre
3131 3804 3368 3859 unquam
3420 3789 3660 3844 audeat?

2079 3881 2188 3934 Imo
2219 3883 2345 3950 quis
2372 3882 2567 3950 estqui
2615 3883 2666 3934 in
2703 3896 2920 3937 Sacrum
2963 3883 3082 3950 ejus
3122 3896 3445 3952 conceptum
3493 3897 3661 3952 pene-

2078 3981 2224 4025 trare
2245 3969 2415 4025 oculis
2443 3972 2637 4040 possit,
2669 3972 2772 4028 nisi
2807 3973 2896 4026 ille
2935 3973 3200 4027 iunximus
3249 3973 3488 4026 omnium
3517 3969 3660 4025 Pon-

2084 4061 2234 4126 tifex,
2265 4065 2348 4118 cui
2375 4062 2576 4132 solijus
2599 4063 2788 4135 fasqtte
2815 4076 2896 4120 est
2921 4064 3209 4133 cujuslibet
3233 4066 3427 4118 animae
3451 4065 3660 4119 ratione

2085 4155 2323 4224 praedita:
2361 4171 2559 4211 arcana
2584 4157 2819 4212 scrutari
2845 4155 2870 4210 ι
2893 4159 2970 4220 Ac
3005 4157 3235 4212 fortasse
3271 4156 3322 4211 id
3349 4157 3511 4210 ctiam
3539 4156 3661 4210 uni-

2083 4339 2249 4404 κότας
2299 4337 2482 4404 λίθους
2525 4336 2599 4392 ita
2645 4337 2844 4392 vertit:
2897 4355 2916 4389 ι
2947 4336 3132 4404 Neque
3177 4337 3320 4390 enim
3360 4335 3655 4404 putandum

2081 4422 2166 4464 cst
2197 4413 2360 4464 licunt
2391 4425 2523 4462 auro
2555 4419 2604 4460 et
2630 4410 2857 4476 gemmis
2893 4410 3284 4462 tedilicaturntn
3323 4405 3656 4474 Jerusalem,

2083 4491 2134 4532 et
2178 4496 2282 4532 non
2321 4479 2468 4538 ,vivis
2511 4479 2778 4546 lapidibus
2815 4479 2908 4548 qui
2960 4493 3104 4531 nitnc
3149 4477 3446 4531 volvuntur
3490 4491 3658 4548 super

395 4537 513 4619 ,Ζῆς
537 4537 610 4619 δὲς
629 4537 862 4619 λὸτξωιὲξ
892 4537 1180 4619 Nemeum
1224 4561 1386 4619 antea
1424 4537 1760 4619 pra-cesserit
1805 4537 1974 4619 pa'r'tt-

2083 4559 2305 4603 terrant.
2343 4567 2362 4599 ι

397 4617 514 4690 cnla
544 4612 668 4685 μέν,
696 4612 783 4667 tibi
816 4615 1190 4690 dicitnrgxa‘t
1209 4618 1349 4690 αὑτά
1381 4612 1555 4690 σεμνά
1588 4618 1708 4690 μέν,
1733 4612 1865 4690 elc.,
1887 4637 1975 4674 se-

397 4686 584 4752 quitur
611 4700 750 4737 nunc
776 4686 976 4760 ιτιξιιιιιιιι
1015 4685 1158 4740 illius
1199 4685 1462 4758 particula
1493 4687 1553 4740 δέ
1574 4685 1600 4756 ,’
1623 4689 1769 4760 quod
1801 4691 1972 4745 inter-

398 4765 578 4821 pretes
603 4769 710 4806 non
743 4755 1014 4808 viderunt.

459 4823 571 4894 (11)
611 4823 719 4878 Καὶ
748 4824 1116 4891 βεϐηκότων.
1147 4825 1420 4881 Musonius
1454 4827 1654 4882 vertit:
1689 4845 1708 4879 ι
1741 4829 1970 4882 Domum

397 4908 461 4947 ea
489 4895 626 4948 vivis
652 4904 706 4946 et
733 4895 1111 4948 crescentibus
1143 4895 1411 4962 lapidibus
1443 4906 1734 4950 structam.
1773 4921 1792 4949 ι
1823 4899 1975 4952 Chri-

397 4964 792 5032 stophorsonus
816 4975 994 5017 autem
1028 4965 1460 5032 interpretatur:
1493 4986 1512 5017 ¢
1549 4967 1622 5020 Ex
1659 4969 1796 5021 vivis
1827 4969 1974 5022 ince-

399 5034 763 5106 dentibnsque
785 5035 843 5106 in
875 5043 1016 5086 terra
1045 5033 1336 5101 lapidibus.
1375 5055 1392 5086 ι
1427 5038 1536 5106 Ego
1571 5055 1589 5088 ι
1619 5053 1683 5090 ex
1713 5039 1850 5090 vivis
1878 5041 1973 5090 tir-

398 5104 610 5175 tnisque
655 5104 924 5170 lapidibus
953 5121 972 5154 ι
1002 5114 1216 5157 vertere
1264 5107 1450 5161 malui.
1475 5104 1671 5175 Neque
1699 5108 1842 5159 enim
1893 5109 1975 5160 itt-

401 5171 583 5245 telligo
609 5175 879 5245 quomodo
903 5177 1068 5242 probe
1095 5175 1312 5226 fundata
1340 5176 1412 5228 sit
1446 5171 1660 5238 domus,
1695 5178 1738 5230 si
1771 5177 1974 5245 lapides

402 5243 680 5314 incedunt.
711 5243 910 5314 Eadem
939 5259 1041 5296 vox
1068 5245 1326 5314 occurrit,
1357 5245 1494 5298 infra
1526 5262 1646 5314 pag.
1681 5243 1976 5310 586ζζῶν·

399 5329 500 5388 τας
543 5313 638 5388 κα).
689 5311 1002 5388 ,βεϐηκότας
1041 5314 1135 5366 καὶ
1179 5313 1441 5388 εὐπαγεῖς
1503 5311 1636 5388 τῶνί
1665 5316 1852 5388 ψυχῶν
1892 5315 1972 5368 λι-

398 5383 546 5446 θους.
595 5383 698 5455 Sed
731 5385 784 5434 in
815 5385 898 5455 his
930 5386 1101 5436 lector
1131 5388 1273 5452 quod
1308 5387 1556 5438 maluerit
1578 5383 1974 5455 elig'etl‘t‘teqne

397 5455 544 5506 enim
577 5454 1053 5520 Christopborsuni
1089 5455 1590 5520 interpretationem
1627 5454 1716 5510 hic
1751 5459 1972 5510 damno.

397 5525 552 5595 Quod
578 5538 704 5576 vero
726 5525 840 5595 lucc
863 5528 1023 5595 verba
1042 5522 1122 5594 τῷ
1141 5522 1542 5595 θεολογουμένῳ
1563 5526 1629 5595 de
1651 5526 1868 5580 Christo
1889 5542 1976 5580 ac-

397 5594 564 5659 cepit,
595 5593 816 5662 omnino
846 5593 1102 5661 probare?
1136 5611 1239 5646 nun
1272 5593 1676 5662 μυεειιιιιζΝιιιιι
1707 5597 1976 5650 Eusebius

396 5663 558 5734 paulo
589 5673 710 5729 post
737 5661 870 5734 dicit
895 5662 1172 5734 Christum
1199 5661 1322 5716 esse
1354 5665 1498 5718 illius
1527 5667 1707 5734 templi
1738 5667 1972 5732 lapidem

395 5732 732 5804 angularem.
751 5730 1323 5804 lgi_tur_l)eutitPatretit
1340 5735 1428 5788 hic
1447 5730 1715 5804 intelligit,
1735 5730 1824 5804 qui
1847 5745 1976 5788 tem-

398 5799 766 5868 pli'iuspector
785 5799 877 5856 sn.
898 5799 1256 5868 Hieronymus
1274 5803 1327 5858 in
1349 5815 1510 5868 caput
1529 5821 1566 5860 tt
1608 5799 1791 5868 Ᾰαααὲἱ
1814 5804 1976 5868 βεϐη-

2150 4620 2261 4692 (li)
2303 4617 2721 4692 Ἆλῃθεξλόγῳ.
2743 4615 2885 4669 Idem
2909 4625 2992 4670 est
3025 4631 3090 4670 ac
3119 4614 3349 4692 ἀλῃθῶς.
3383 4613 3657 4692 Musculus

2077 4687 2257 4744 tamen
2302 4699 2364 4742 et.
2405 4688 2927 4754 Citristophorsonus
2959 4704 2978 4737 ι
3020 4701 3150 4740 vero
3195 4687 3285 4740 Dei
3317 4689 3485 4738 verbo
3513 4705 3532 4737 ι
3571 4687 3657 4741 in-

2079 4758 2364 4827 tcrpretati
2401 4767 2549 4822 sunt,
2579 4758 2722 4826 quod
2747 4771 2866 4810 meo
2892 4757 3111 4826 quidem
3141 4755 3349 4824 judicio
3373 4757 3654 4825 ineptissi-

2077 4845 2221 4883 Ittunt
2259 4838 2364 4880 est.

2149 4894 2260 4970 (l3)
2309 4895 2437 4970 'Eri
2468 4895 2637 4964 μόνῳ
2674 4893 2796 4948 τῶν
2842 4895 2995 4970 low
3031 4891 3310 4970 _£‘§O¢7§‘fdi_t'.
3358 4892 3488 4970 Post
3538 4896 3660 4950 haec

2077 4963 2574 5022 t'erlia'asterisctts
2610 4975 2832 5018 notatur
2858 4968 2912 5018 itt
2945 4966 3129 5018 codice
3160 4963 3298 5017 Med.
3327 4973 3382 5017 et
3411 4967 3476 5018 ad
3507 4980 3652 5019 mar-

2075 5040 2257 5106 ginem
2299 5036 2594 5102 ascriptum
2641 5046 2759 5098 est,
2811 5037 2904 5089 καί
2953 5035 3110 5088 τοῦτο
3151 5033 3369 5106 ἀσεϐές.
3420 5035 3660 5090 Omnino

2076 5105 2398 5161 Scholiastes
2426 5107 2516 5168 qui
2571 5107 2670 5160 hoc
2699 5107 2940 5159 scholiun
2976 5105 3260 5173 ascripsit,
3307 5107 3652 5160 existimasse

2077 5180 2328 5238 videtur,
2365 5175 2654 5229 Eusebium
2688 5176 2776 5228 hic
2822 5175 2964 5242 loqui
3015 5176 3083 5228 de
3121 5173 3381 5229 tibi-isto:
3418 5191 3540 5228 cum
3573 5186 3656 5229 ta-

2078 5263 2198 5300 men
2233 5250 2298 5298 de
2327 5246 2552 5298 Paulino
2584 5245 2846 5316 loquatur
2862 5243 3148 5316 Tyriorum
3176 5245 3463 5316 episcopo,
3491 5261 3652 5314 quem

2076 5321 2153 5368 ait
2189 5317 2482 5369 secundum
2524 5330 2552 5366 a
2585 5313 2805 5370 Christo
2837 5313 3010 5368 locum
3035 5316 3288 5367 obtinere
3313 5315 3366 5367 in
3404 5313 3656 5382 regendis

2078 5387 2348 5441 fidelibus.
2373 5385 2484 5438 lloc
2508 5399 2636 5437 vero
2667 5386 2958 5452 impietatis
2982 5384 3140 5452 argui
3171 5399 3275 5436 non
3303 5395 3503 5450 potest,
3529 5399 3652 5435 eunt

2077 5457 2362 5524 ponttlict-s
2414 5469 2604 5508 omnes
2648 5455 2936 5518 imaginem
2977 5453 3180 5508 Christi
3216 5454 3476 5516 referant,
3505 5454 3652 5524 ejus-

2076 5519 2180 5595 que
2229 5529 2278 5578 in
2319 5525 2750 5595 adtninistratnla
2797 5523 3038 5578 Ecclesia
3087 5526 3272 5595 viceni
3300 5531 3519 5595 gerant.
3549 5519 3651 5595 _Fa«

2079 5591 2296 5649 tendum
2327 5603 2410 5647 est
2459 5605 2664 5656 tamen,
2717 5593 3009 5648 Eusebium
3058 5594 3222 5647 nimis
3262 5591 3350 5644 hic
3397 5591 3650 5644 tribuisse

2075 5667 2320 5728 Paulino,
2355 5665 2482 5734 dum
2519 5665 2567 5716 ei
2597 5663 2666 5718 τὰ
2688 5659 2803 5730 ἶσα,
2837 5663 2908 5717 τὰ
2935 5661 3236 5734 δευτερεῖα,
3279 5667 3532 5734 tantum-ni
3573 5677 3652 5734 ie-

2073 5736 2219 5804 qnali
2253 5744 2307 5787 et
2333 5733 2551 5802 collega:
2581 5728 2812 5802 Christi,
2835 5735 3055 5790 ascribit
3076 5728 3106 5800 ,⁷
3137 5732 3264 5786 dum
3295 5728 3634 5784 Melchisede-

2074 5809 2237 5862 cbutn
2273 5813 2450 5860 vocat.
