4210 6426
556 349 664 403 839

1269 348 1542 406 EUSEBII
1578 349 2064 408 CESARIENSIS
2105 352 2255 409 OPP.
2304 353 2480 410 PARS
2519 354 2561 410 ι.
2603 385 2675 399 ——
2713 353 3111 409 HISTORICA.

3723 353 3828 410 860

561 462 796 532 cuipiam
844 462 999 518 alteri
1038 464 1281 520 secundo
1331 480 1359 519 a
1392 465 1615 521 Christo
1657 467 1778 522 loco
1822 482 2140 522 concessum

2247 469 2398 523 ϐειαν
2430 469 2844 540 διατεθειμένῳ,
2879 469 3088 539 δυνατῷ
3136 486 3197 521 τε
3245 468 3357 521 ὄντι
3408 465 3608 536 μᾶλλον
3656 467 3831 521 ἁπάν-

559 565 687 619 est;
722 555 848 608 huic
898 554 1150 610 videlicet
1196 557 1471 612 exercitus
1522 558 1681 626 hujus
1716 560 1951 625 doctori,
1984 576 2142 629 quem

564 646 771 712 primus
795 646 909 712 ipse
937 657 993 701 et
1050 647 1319 703 maximus
1360 648 1634 716 Pontifex,
1668 653 1896 706 secundi
1935 663 2057 722 post.
2086 670 2145 708 se

562 733 665 786 lori
718 736 1022 789 sacerdotio
1064 737 1117 790 in
1156 738 1258 791 hoc
1309 740 1557 795 sacrario
1606 741 1940 805 decoratum,
1979 745 2143 797 divini

563 825 741 891 gregis
768 827 932 879 vestri
960 838 1419 894 pastorem,sorte
1444 846 1507 883 ac
1534 828 1740 898 judicio
1761 830 1940 885 Patris
1970 834 2147 886 omni-

562 917 801 984 potentis
852 917 977 973 huic
1030 920 1229 988 p0pulo
1280 920 1620 990 praefectum,
1658 934 1844 992 utpote
1879 927 2144 979 cultorem

563 1014 725 1073 atque
761 1008 1114 1075 interpretem
1158 1027 1338 1076 suum,
1371 1013 1655 1066 constituit
1698 1032 1710 1068 :
1750 1030 1948 1068 novum
1977 1017 2148 1068 Aaro-

565 1111 714 1159 nem,
745 1106 799 1151 et
844 1097 1317 1164 Melchisedecem,
1366 1102 1655 1172 imaginem
1709 1103 1831 1158 Filii
1882 1107 1971 1159 Dei
2012 1108 2145 1174 :qni

566 1186 619 1242 iit
650 1201 970 1259 perpetuum
1016 1202 1221 1258 manet,
1257 1203 1313 1247 et
1360 1182 1754 1250 communibus
1780 1200 2021 1251 omnium
2055 1217 2148 1253 ve-

565 1294 742 1337 strum
778 1284 918 1338 votis
946 1285 1013 1339 ab
1040 1300 1106 1339 eo
1132 1297 1509 1341 conservatur.
1548 1287 1683 1342 Huic
1712 1289 1874 1358 igitur
1906 1292 1996 1343 uni
2029 1302 2150 1359 post

567 1376 801 1442 primunt
832 1376 980 1431 illum
1016 1387 1073 1432 et
1110 1379 1403 1433 maximum
1436 1382 1770 1448 pontilieem,
1796 1383 1843 1436 si
1886 1398 1989 1437 non
2036 1384 2147 1452 pri-

569 1483 707 1532 mas,
735 1478 791 1522 at
817 1479 965 1523 certe
1006 1471 1275 1525 secundas
1309 1482 1494 1540 partes
1522 1473 1676 1526 obire
1703 1472 1867 1528 liceat
1896 1476 1947 1529 in
1980 1476 2151 1544 inspi-

569 1560 779 1614 ciendis
814 1561 1176 1629 curattdisque
1216 1562 1525 1617 animarum
1558 1577 1863 1620 vestrarum
1897 1578 2149 1636 penetra-

569 1652 712 1710 iibus
756 1672 770 1709 :
805 1657 1005 1726 quippe
1035 1657 1126 1727 qui
1163 1667 1273 1711 tmn
1299 1659 1472 1713 multo
1494 1676 1594 1714 usu
1624 1674 1678 1714 et
1706 1662 1869 1732 longo
1896 1667 2151 1733 temporis

569 1736 749 1818 spatio
784 1766 1222 1820 unumquemque
1255 1761 1491 1807 vestrum
1528 1765 1784 1809 accurate
1816 1760 2148 1826 cognoverit,

571 1856 686 1897 tum
713 1846 894 1900 studio
917 1861 1015 1901 suo
1044 1862 1110 1901 ac
1144 1846 1424 1916 diligentia
1453 1856 1683 1903 cunctos
1723 1852 1791 1903 ad
1829 1851 2144 1905 modestiam

568 1945 627 1989 et
682 1936 898 2004 pietatis
949 1938 1253 1993 doctrinam
1287 1939 1451 2011 377
1500 1942 1883 1996 informaverit
1918 1959 1930 1995 :
1962 1952 2018 1997 et
2054 1946 2145 2013 qui

571 2039 680 2091 prae
707 2027 919 2080 caeteris
949 2028 1203 2083 omnibus
1230 2044 1420 2084 earum
1458 2046 1639 2085 rerum
1666 2047 1801 2101 quas
1829 2033 2007 2087 divina
2035 2036 2147 2087 vir-

572 2125 683 2167 tute
718 2116 985 2184 perfecit,
1023 2120 1262 2175 rationes
1312 2122 1545 2177 reddere
1593 2124 1738 2178 valet
1789 2124 2146 2194 magnitudini

565 2222 789 2277 operum
842 2211 1253 2279 respondentes.
1302 2215 1381 2268 Ac
1439 2216 1648 2285 primus
1705 2218 1923 2285 quidem
1969 2217 2057 2270 ille
2094 2227 2149 2270 et

570 2297 840 2351 maximus
874 2298 1123 2354 Pontifex
1174 2310 1384 2364 noster,
1436 2319 1774 2373 qntecuuque
1816 2305 2032 2359 Patrem
2071 2306 2147 2359 fa-

566 2388 798 2443 cientem
820 2391 988 2455 videt,
1030 2393 1439 2462 eadem,inquit
1469 2433 1484 2456 ,
1520 2396 1684 2450 simili
1725 2396 1884 2450 modo
1918 2396 2045 2451 facit
2092 2407 2148 2452 et

565 2477 735 2535 [ilius
755 2482 823 2536 ".
880 2480 980 2535 llic
1016 2498 1145 2536 vero
1203 2492 1460 2551 tanquam
1504 2485 1558 2538 in
1619 2486 1938 2554 magistrum
1981 2503 2147 2555 puros

565 2573 763 2627 mentis
795 2574 984 2628 oculos
1040 2575 1254 2629 defixos
1316 2575 1560 2629 habens:
1601 2592 1939 2646 quaecunque
1964 2581 2033 2633 ab
2080 2595 2145 2634 eo

566 2665 686 2719 fieri
711 2665 874 2728 videt,
902 2665 1072 2720 instar
1098 2665 1429 2736 exemplaris
1454 2668 1552 2719 sibi
1590 2684 1920 2736 proponens,
1957 2686 2143 2726 eorum

568 2756 834 2827 imagines
865 2757 1046 2825 quoad
1101 2756 1217 2823 ejus
1258 2757 1371 2810 fieri
1407 2765 1602 2824 potest,
1630 2756 1693 2809 ad
1731 2758 2142 2815 similitmlinem

565 2862 856 2915 expressas
875 2847 1098 2905 efﬂuxit.
1129 2850 1276 2904 Nihil
1307 2850 1465 2919 plane
1490 2850 1713 2908 inferior
1738 2848 2004 2906 Beseleele
2031 2852 2142 2916 illo,

565 2953 725 3008 quem
766 2937 912 2991 Deus
955 2940 1069 3008 ipse
1115 2940 1309 3010 spiritu
1356 2940 1640 3009 sapientiae
1671 2954 1726 2995 et
1775 2941 2145 3011 intelligentia:

564 3030 853 3109 omnisque
882 3031 1175 3101 ingeniosa:
1202 3047 1266 3086 ac
1294 3030 1512 3087 solertis
1557 3033 1763 3101 peritiae
1796 3048 1921 3087 cum
1956 3034 2141 3103 imple-

566 3122 769 3189 visset,
805 3122 1109 3177 ctelestium
1153 3124 1333 3192 templi
1369 3124 1664 3195 imaginum
1715 3141 1813 3195 per
1855 3127 2145 3181 adumbra-

2246 577 2373 623 των,
2409 553 2485 613 ὧν
2523 561 2686 623 αὐτὸς
2717 561 2814 613 σὺν
2848 561 2968 631 θείᾳ
3010 560 3236 630 δυνάμει
3280 559 3643 631 κατηρτίσατο
3693 556 3827 627 (14),

2245 653 2449 705 τούτων
2477 656 2586 715 τοῖς
2611 652 2789 722 ἔργοις
2814 650 3123 721 ἐφαμίλλως
3150 649 3439 704 ἀποδοῦναι
3458 649 3583 712 τοὺς
3610 647 3825 716 λόγους.

2260 744 2317 795 Ὀ
2351 744 2448 814 μὲν
2477 739 2569 797 οὖν
2613 744 2826 815 πρῶτος
2856 745 2951 797 καὶ
2995 743 3167 813 μέγας
3196 741 3352 811 ἡμῶν
3386 741 3699 812 ἀρχιερεὺς,
3727 740 3829 792 ὅσα

2250 832 2433 904 βλέπει
2460 834 2550 887 τὸν
2577 836 2794 907 Πατέρα
2840 834 3116 894 ποιοῦντα,
3156 832 3349 895 ταῦτα,
3393 835 3577 903 φησιν,
3628 830 3827 899 ὁμοίως

2248 925 2343 977 καὶ
2367 926 2395 976 ὁ
2424 925 2549 988 Υἱὸς
2576 929 2749 978 ποιεῖ·
2782 929 2809 979 ὀ
2834 926 2890 979 δὲ
2924 926 3018 978 καὶ
3045 925 3206 987 αὐτὸς
3237 924 3315 987 ὡς
3343 924 3407 977 ἂν
3445 925 3536 976 ἐπὶ
3571 923 3826 976 διδάσκα-

2247 1014 2337 1068 λον
2370 1016 2460 1068 τὸν
2497 1017 2714 1087 πρῶτον
2745 1016 3001 1087 καθαροῖς
3027 1016 3145 1078 vob;
3182 1016 3423 1086 ὄμμασιν
3461 1014 3702 1086 ἀφορῶν,
3727 1014 3828 1066 ὅσα

2250 1104 2435 1174 βλέπει
2451 1106 2726 1169 ποιοῦντα,
2747 1106 2821 1170 ὡς
2843 1107 2907 1159 ἂν
2928 1107 3254 1177 ἀρχετύποις
3273 1104 3551 1175 χρώμενος
3569 1104 3774 1174 παραδε
3786 1104 3830 1155 ί-

2248 1212 2444 1265 γμασι,
2460 1196 2665 1251 τούτων
2681 1197 2779 1261 τὰς
2799 1199 3011 1260 εἰκόνας
3031 1198 3104 1259 ὡς
3128 1198 3206 1249 ἔνι
3231 1197 3463 1267 μάλιστα
3484 1196 3724 1259 δυνατὸν,
3748 1196 3828 1257 είς

2247 1288 2308 1339 τὸ
2333 1288 2647 1357 ὁμοιότατον
2677 1287 3026 1359 δημιουργῶν
3048 1288 3441 1359 ἀπειργάσατο,
3459 1288 3612 1341 οὐδὲν
3636 1287 3829 1359 ἐκείνῳ

2250 1377 2563 1432 καταλιπὼν
2589 1380 2668 1450 τῷ
2694 1380 2981 1454 Βεσελεὴλ,
3023 1381 3082 1432 ὃν
3111 1380 3273 1444 αὐτὸς
3298 1382 3327 1433 ὁ
3358 1380 3492 1444 Θεὸς
3522 1381 3828 1450 πνεύματος

2250 1470 2537 1541 ἐμπλήσας
2571 1471 2761 1540 σοφίας
2782 1473 2876 1525 καὶ
2914 1471 3181 1535 συνέσεως
3218 1472 3312 1525 καὶ
3359 1471 3459 1542 τῆς
3495 1470 3660 1541 ἄλλης
3689 1470 3830 1523 ἐντέ-

2251 1580 2381 1633 χνου
2411 1564 2504 1616 καὶ
2541 1563 2969 1633 ἐπιστημονικῆς
2993 1562 3266 1631 γνώσεως,
3296 1563 3395 1634 τῆς
3424 1562 3533 1615 τῶν
3560 1562 3828 1633 οὐρανίων

2250 1654 2455 1718 τόπων,
2483 1653 2568 1707 διὰ
2591 1655 2872 1724 συμϐόλων
2898 1655 3025 1709 ναοῦ
3053 1654 3545 1725 κατασκευῆςμῦ),
3568 1654 3830 1725 δημιουρ-

2252 1744 2347 1812 γὸν
2396 1744 2784 1815 ἀνακέκληται.
2814 1744 2997 1819 Ταύτῃ
3022 1747 3065 1798 δ’
3093 1744 3185 1800 οὖν
3205 1747 3295 1799 καὶ
3315 1746 3399 1799 ὅδε
3428 1746 3661 1817 Χριστὸν
3684 1745 3826 1809 ὅλον,

2186 1827 2225 1879 Β
2253 1833 2343 1886 τὸν
2391 1834 2582 1902 Λόγον,
2625 1834 2723 1906 τὴν
2765 1838 2979 1904 σοφίαν,
3004 1838 3064 1889 τὸ
3091 1836 3225 1905 φῶς,
3258 1840 3315 1889 ἐν
3348 1839 3413 1907 τῇ
3452 1836 3613 1900 αὐτὸς
3655 1835 3827 1889 αὑτοῦ

2248 1924 2713 1996 ἀγαλματοφορῶν
2731 1925 2842 1998 (16)
2860 1927 3027 2000 ψυχῇ,
3047 1929 3153 1981 οὐδ’
3172 1929 3316 1982 ἔστιν
3332 1930 3505 1981 εἰπεῖν
3520 1929 3607 1999 οἵᾳ
3626 1930 3722 1981 σὺν
3742 1945 3832 1999 με-

2248 2015 2642 2090 γαλοφροσύνῃ,
2666 2017 2896 2092 πλουσίᾳ
2915 2038 2975 2073 τε
3001 2023 3097 2074 καὶ
3119 2020 3383 2091 ἀπλήστῳ
3402 2020 3636 2084 διανοίας
3661 2019 3829 2091 χειρί,

2248 2114 2341 2166 καὶ
2375 2113 2471 2166 σὺν
2501 2114 2588 2185 οἵᾳ
2622 2115 2836 2169 πάντων
2877 2116 3030 2186 ὑμῶν
3066 2114 3366 2186 φιλοτιμίᾳ,
3398 2117 3462 2186 τῇ
3501 2115 3608 2169 τῶν
3643 2117 3830 2183 εἰσφο-

2251 2205 2361 2277 ρῶν
2395 2205 2790 2277 μεγαλοψυχίᾳ,
2823 2208 2924 2277 τῆς
2972 2208 3144 2277 αὐτῆς
3177 2206 3325 2277 αὐτῷ
3354 2207 3662 2278 προθέσεως
3689 2206 3832 2260 κατά

2250 2296 2457 2368 μηδένα
2483 2298 2681 2370 τρόπον
2714 2297 3105 2367 ἀπολειφθῆναι
3139 2297 3565 2369 φιλονεικότερον
3600 2299 3832 2368 μεγαλο-

2248 2391 2649 2462 φρονουμένων,
2685 2392 2773 2444 τὸν
2806 2389 3197 2461 μεγαλοπρεπῆ
3225 2389 3374 2442 τόνδε
3402 2389 3536 2442 Θεοῦ
3567 2389 3661 2443 τοῦ
3702 2391 3830 2460 ὑψί-

2248 2499 2374 2535 στου
2406 2482 2561 2549 νεὼν,
2596 2483 2676 2554 τῷ
2724 2483 2817 2535 τοῦ
2865 2482 3173 2553 κρείττονος
3220 2482 3622 2552 παραδείγματι
3654 2483 3729 2546 ὡς
3762 2482 3830 2537 ἂν

2245 2575 2521 2646 ὁρώμενον
2551 2575 2626 2647 μὴ
2655 2574 2956 2647 ὁρωμένου,
2989 2574 3088 2645 τὴν
3124 2574 3285 2643 φύσιν
3315 2575 3527 2645 ἐμφερῆ
3566 2576 3831 2646 συνεστή-

2247 2684 2408 2720 σατο·
2443 2664 2619 2738 χῶρον
2651 2667 2748 2739 μὲν
2775 2666 2947 2729 τόνδε,
2981 2666 3061 2718 ὅτι
3092 2666 3185 2718 καὶ
3215 2664 3363 2730 ἄξιον
3389 2667 3584 2731 εἰπεῖν,
3614 2666 3830 2736 πρῶτον

2247 2763 2521 2826 ἁπάντων,
2555 2759 2737 2831 πάσης
2762 2761 2823 2812 οὐ
2847 2759 3092 2832 καθαρᾶς
3118 2757 3250 2829 ὕλης
3279 2757 3489 2828 ἐχθρῶν
3521 2757 3830 2822 ἐπιϐουλαῖς

2245 2850 2732 2920 κατακεχωσμένον
2786 2851 2848 2903 οὐ
2896 2849 3161 2919 παριδὼν,
3214 2848 3335 2902 οὐδὲ
3374 2851 3439 2919 τῇ
3486 2847 3595 2900 τῶν
3642 2847 3832 2901 αἰτίων

2245 2944 2654 3014 παραχωρήσας
2685 2941 2875 3011 κακίᾳ,
2914 2940 3031 3006 ἐξὸν
3079 2941 3163 3008 ἐφ’
3214 2938 3402 3009 ἕτερον
3444 2937 3686 3001 ἐλθόντα,
3725 2956 3831 3009 μυ-

2247 3034 2383 3106 ρίων
2425 3033 2599 3087 ἄλλων
2647 3031 3059 3103 εὐπορουμένων
3104 3033 3169 3103 τῇ
3206 3031 3379 3095 πόλει,
3416 3029 3697 3102 ῥᾳστώνην
3741 3030 3835 3083 εὓ-

2254 3124 2450 3197 ρασθαι
2487 3124 2583 3178 τοῦ
2632 3124 2817 3186 πόνου,
2859 3124 2954 3176 καὶ
2987 3124 3329 3193 πραγμάτων
3372 3121 3734 3193 ἀπηλλάχθαι.
3772 3123 3833 3177 '0

567 3222 651 3266 tas
682 3215 946 3282 quasdam
982 3214 1183 3282 figuras
1225 3215 1434 3269 fabrum
1468 3227 1634 3284 atque
1656 3217 1922 3273 artificem
1962 3218 2140 3287 elegit.

2249 3220 2304 3273 δὲ
2338 3218 2552 3289 πρῶτον
2594 3219 2757 3273 αὑτὸν
2791 3218 2881 3271 ἐπὶ
2914 3217 2975 3271 τὸ
3022 3217 3181 3287 ἔργον
3227 3218 3467 3289 ἐγείρας,
3502 3213 3622 3270 εἶτα
3652 3218 3708 3271 δὲ
3738 3219 3833 3271 τὸν

564 3307 646 3361 Ad
680 3308 930 3361 eumdem
959 3307 1123 3376 igitur
1165 3307 1381 3361 modum
1417 3308 1503 3361 hic
1546 3317 1734 3361 noster
1772 3319 1941 3362 totum
1993 3310 2149 3363 Chri-

564 3408 734 3462 stum,
767 3398 858 3467 qui
914 3397 1169 3464 Verbum,
1219 3398 1488 3468 sapientia
1541 3409 1597 3453 et
1643 3398 1735 3451 lux
1791 3409 1912 3466 est,
1952 3400 2005 3453 in
2050 3415 2146 3453 sua

567 3493 735 3560 ipsius
775 3500 957 3545 mente
988 3498 1246 3560 tanquam
1283 3492 1573 3560 imaginem
1607 3499 1867 3561 gestans:
1902 3491 2005 3544 dici
2041 3508 2145 3545 non

565 3594 744 3653 potest
775 3594 976 3653 quanta
1004 3600 1128 3639 cum
1159 3586 1325 3637 animi
1360 3585 1754 3654 magnitudine,
1819 3600 1982 3655 quam
2013 3601 2149 3655 opu-

566 3677 712 3730 lenta
761 3686 814 3729 ct
859 3676 1080 3745 prodiga
1130 3674 1326 3729 mentis
1365 3692 1565 3742 manu,
1602 3685 1806 3743 quanta
1836 3677 1999 3730 etiam
2032 3692 2148 3729 om-

567 3768 718 3821 nium
750 3776 988 3819 vestrum
1011 3766 1356 3829 liberalitate,
1389 3769 1483 3834 qui
1517 3778 1698 3821 vestra
1726 3770 1776 3821 in
1801 3768 2149 3823 conferendis

569 3857 873 3925 sumptibus
923 3859 1320 3928 magniﬁcentia
1349 3861 1506 3930 quasi
1553 3878 1676 3916 cum
1719 3862 1812 3917 illo
1849 3870 2146 3926 certantes,

571 3963 638 4002 ne
658 3944 778 4022 ejus
815 3947 1038 4002 consilio
1066 3950 1353 4005 inferiores
1388 3952 1495 4005 ulla
1527 3966 1595 4006 ex
1642 3964 1797 4021 parte
1829 3952 2149 4006 videremini

568 4039 910 4092 ambitiosius
939 4040 1331 4095 contendistis:
1359 4042 1463 4096 hoc
1490 4043 1839 4112 magnificum
1871 4043 1964 4097 Dei
1994 4043 2149 4096 altis—

569 4132 693 4184 simi
737 4131 991 4198 templum
1027 4133 1171 4200 quod
1197 4134 1298 4186 sub
1349 4145 1631 4202 aspectum
1661 4136 1825 4200 cadit,
1862 4136 1927 4189 ad
1965 4151 2149 4189 exem-

572 4224 715 4291 plum
753 4225 1144 4292 prmstantioris
1193 4226 1337 4281 illius
1388 4228 1571 4297 templi
1611 4228 1756 4296 quod
1800 4228 1949 4282 cerni
1975 4229 2148 4282 oculis

571 4332 678 4369 non
714 4325 910 4385 potest,
937 4331 1098 4384 quam
1147 4317 1262 4371 fieri
1304 4319 1479 4386 potuit
1528 4319 1861 4373 simillimum
1915 4319 2138 4375 fabrica-

574 4407 729 4460 verit.
758 4404 824 4457 Et
869 4407 1014 4459 hunc
1046 4409 1259 4476 quidem
1313 4408 1489 4463 locum
1537 4411 1626 4479 (de
1677 4411 1777 4465 hoc
1819 4410 1962 4465 enim
2021 4419 2149 4465 ante

571 4497 749 4551 omnia
794 4497 1083 4551 dim-udum
1119 4498 1348 4571 videtur)
1407 4517 1568 4570 quem
1617 4504 1859 4556 omnium
1903 4501 2151 4556 sordium

2251 3307 2541 3377 σύμπαντα
2573 3305 2699 3359 λαὸν
2732 3304 3012 3378 προθυμίᾳ
3056 3306 3234 3376 ρὠας
3275 3308 3367 3361 καὶ⁵
3407 3309 3534 3378 μίαν
3568 3307 3626 3375 ἐξ
3656 3309 3833 3361 ἁπάν-

2247 3417 2354 3453 των
2397 3399 2637 3470 μεγάλην
2668 3402 2823 3469 χεῖρα
2857 3398 3201 3466 συναγαγὼν,
3242 3400 3457 3470 πρῶτον
3491 3395 3651 3454 ἆθλον
3684 3391 3835 3469 ὴγῖυ-

2249 3491 2422 3554 νίζετο
2447 3490 2579 3561 (17),
2616 3489 2783 3558 αὐτὴν
2826 3488 2890 3560 δὴ
2928 3489 3162 3559 μάλιστα
3194 3489 3290 3561 τὴν
3330 3490 3435 3545 ὑπὸ
3466 3492 3574 3545 τῶν
3623 3492 3835 3564 ἐχθρῶν

2250 3581 2777 3653 πεπολιορκημένην,
2805 3580 2972 3649 αὐτὴν
2998 3581 3097 3651 τὴν
3122 3584 3563 3652 προπονήσασαν,
3591 3586 3683 3638 καὶ
3707 3586 3835 3650 τοὺς

2249 3674 2444 3736 αὐτοὺς
2480 3675 2614 3743 ἡμῖν
2660 3673 2751 3725 καὶ
2786 3672 2891 3742 πρὸ
2932 3669 3090 3741 ἡμῶν
3126 3671 3400 3742 διωγμοὺς
3434 3673 3831 3743 ὑπομείνασαν,

2249 3768 2346 3835 τὴν
2383 3763 2586 3836 μητρὸς
2617 3763 2773 3832 δίκην
2799 3762 2907 3815 τῶν
2940 3764 3145 3816 τέκνων
3189 3763 3566 3833 ἐρημωθεῖσαν
3605 3765 3829 3836 Ἐκκλη-

2254 3857 2392 3922 σίαν,
2430 3854 2829 3908 συναπολαῦσαι
2859 3853 2968 3906 δεῖν
2993 3855 3235 3923 οἰόμενος
3263 3855 3361 3924 τῆς
3395 3854 3486 3906 τοῦ
3518 3853 3832 3921 παναγάθου

2255 3947 2686 4019 μεγαλοδωρεᾶς.
2730 3945 2948 4017 Ἐπειδὴ
2997 3945 3105 4015 γὰρ
3134 3946 3261 4009 τοὺς
3302 3945 3498 4008 παῖδας
3525 3942 3681 4009 αὖθις
3717 3946 3832 4015 (l8)

2249 4041 2279 4091 ὁ
2311 4038 2483 4109 μέγας
2534 4037 2756 4107 ποιμὴν,
2805 4037 2932 4098 τοὺς
2977 4034 3150 4106 θῆρας
3188 4037 3282 4088 καὶ
3319 4035 3447 4097 τοὺς
3492 4034 3688 4097 λύκους
3736 4036 3834 4088 καὶ

2252 4131 2359 4182 πᾶν
2392 4129 2597 4198 ἀπηνὲς
2644 4129 2737 4180 καὶ⁵
2767 4126 2958 4198 ἄγριον
3003 4127 3159 4195 γένος
3196 4125 3564 4197 ἀποσοϐήσας,
3611 4127 3706 4179 καὶ
3735 4127 3834 4189 τὰς

2254 4223 2424 4294 μύλας
2455 4220 2563 4273 τῶν
2594 4221 2843 4282 λεόντων,
2967 4236 3099 4289 φησι
3135 4219 3205 4271 τὰ
3253 4218 3372 4272 θεῖα
3404 4219 3582 4287 λόγια,
3620 4219 3834 4290 συντρί-

2249 4315 2377 4385 ψας,
2411 4315 2504 4367 ἐπὶ
2534 4313 2728 4366 ταύτὸν
2769 4307 2923 4376 αὖθις
2956 4310 3228 4364 συνελθεῖν
3266 4311 3487 4380 ἠξίωσε,
3517 4312 3833 4365 δικαιότατα

2251 4407 2345 4461 καὶ
2376 4406 2476 4476 τῆς
2507 4402 2740 4473 ποίμνης
2770 4402 2869 4473 τὴν
2902 4401 3143 4473 μάνδραν
3172 4403 3383 4470 ἀνίστη,
3414 4402 3505 4454 τοῦ
3537 4402 3830 4473 καταισχύα

2250 4516 2338 4554 ναι
2382 4495 2573 4567 ἐχθρὸν
2616 4494 2711 4548 καὶ
2755 4492 3045 4563 ἐκδικητὴν
3081 4491 3214 4563 (i9),
3250 4494 3346 4545 καὶ
3389 4492 3465 4556 ὡς
3514 4493 3578 4546 ἂν
3613 4493 3832 4563 ἔλεγχον

571 4606 635 4643 ac
685 4600 1158 4659 purgamentorum
1216 4593 1473 4659 congerie
1524 4593 1729 4648 inimici
1777 4593 2147 4649 fraudulenter

2253 4592 2369 4653 ταῖς
2408 4587 2694 4659 θεομάχοις
2726 4583 2834 4638 τῶν
2874 4584 3084 4637 ἀσεϐῶν
3119 4585 3421 4655 προαγάγοι
3449 4585 3693 4656 τόλμαις.
3722 4588 3832 4640 Καὶ

571 4683 959 4744 oilnhrucrant,
1016 4683 1238 4736 minime
1291 4684 1669 4754 neglige-udum
1727 4694 1878 4740 ratus

639 4777 688 4810 "‘
710 4778 866 4832 Juan.
902 4795 952 4843 v,
980 4777 1064 4832 19.

646 4870 757 4941 (Hi
788 4865 898 4923 Ὧν
922 4868 1174 4941 αὐτός...
1212 4869 1630 4937 κατηρτίσατο.
1679 4869 1932 4938 lntelligit
1972 4868 2141 4941 fabri-

573 4940 694 4993 cam
734 4941 991 4993 Ecclesiae
1027 4940 1156 5007 Tyri
1200 4952 1307 4992 tam
1345 4941 1641 5007 spiritalem
1684 4956 1848 5009 quant
1894 4940 2150 4991 materia—

573 5010 682 5063 iem
722 5028 735 5063 :
775 5009 931 5074 cujus
970 5009 1201 5062 formam
1244 5024 1305 5062 ac
1345 5010 1610 5063 rationem
1647 5011 1822 5063 solum
1878 5009 1952 5060 ait
1987 5009 2152 5063 edere

577 5093 737 5145 posse
780 5080 1085 5144 Paulinum,
1117 5080 1207 5147 qni
1247 5095 1366 5132 eaut
1410 5079 1672 5134 fabricam
1710 5081 1889 5133 divina
1930 5092 2031 5147 ope
2060 5093 2153 5131 ar-

577 5149 903 5200 chitectatus
934 5158 1031 5201 est.

645 5217 755 5286 (l5)
786 5216 950 5270 Ναοῦ
981 5217 1381 5286 κατασκευῆς.
1426 5216 1662 5272 Beseleel
1695 5233 1882 5271 arcam
1932 5232 2025 5271 seu
2071 5225 2154 5271 ta-

579 5287 929 5339 lwrnaculum
965 5288 1051 5341 Dei
1085 5286 1394 5349 fabricavit,
1424 5302 1529 5341 non
1564 5298 1743 5341 autem
1776 5287 2056 5355 tetnplum,
2092 5295 2152 5340 ut

577 5357 777 5425 legitur
810 5357 861 5409 in
891 5356 1060 5409 Exodi
1097 5372 1218 5425 eap.
1252 5372 1485 5411 xxxvui.
1532 5357 1813 5425 Templum
1849 5358 2014 5425 igitur
2049 5358 2152 5409 im-

577 5427 794 5492 proprie
838 5429 1005 5479 sumil
1058 5426 1324 5480 Eusebius
1368 5443 1468 5492 pro
1525 5427 1898 5481 tabernaculo.
1951 5426 2152 5479 Eodem

578 5498 695 5549 fere
727 5498 920 5557 modo,
968 5511 1076 5565 quo
1126 5496 1176 5549 in
1228 5496 1449 5550 Actibus
1488 5498 1854 5564 apostolorum
1894 5495 2150 5563 templum

577 5566 762 5621 Dianae
787 5567 982 5620 dicitur
1014 5581 1109 5633 pro
1138 5566 1389 5620 aedicula.

650 5637 758 5705 (16)
819 5635 1367 5706 Ἀγαλματοφορῶν.
1420 5634 1733 5705 Metapbora
1780 5644 1863 5691 est
1897 5650 1924 5686 a
1962 5648 2154 5706 sacer-

575 5705 1114 5777 dotibus‘gentiliutu
1137 5705 1158 5771 ,⁷
1182 5710 1272 5777 qui
1316 5707 1609 5763 simulacra
1637 5706 1864 5760 deorum
1911 5705 2154 5777 humeris

574 5777 692 5824 suis
741 5772 1067 5833 Ιιειξιῖιηιιιιιιν.
1109 5787 1162 5828 ιιι
1199 5772 1383 5831 iuuari
1409 5778 1475 5832 ad
1508 5776 1602 5831 lib.
1633 5791 1744 5830 un
1795 5777 1972 5830 Amm.
2003 5773 2151 5829 Mar-

1919 4704 1933 4740 :
1972 4700 2148 4755 neque

2254 4681 2351 4737 νῦν
2398 4681 2445 4734 οἱ
2499 4678 2597 4750 μὲν
2645 4677 2746 4730 οὐκ
2797 4677 2934 4733 εἰσιν
2969 4676 3083 4747 (20)
3119 4677 3169 4729 oi
3225 4676 3522 4748 θεομισείς,
3568 4677 3649 4730 ὅτι
3698 4679 3831 4749 μηδέ

2249 4865 2465 4931 cellini,
2497 4866 2585 4919 ubi
2616 4866 2682 4934 de
2709 4865 2929 4921 Iuliano
2961 4867 3092 4933 imp.
3122 4865 3289 4920 dicit:
3328 4864 3575 4920 «Veheus
3602 4866 3825 4920 Ιῑςριιιιιι

2252 4952 2349 5005 pro
2380 4938 2759 5060 sggqrdotibus
2787 4952 2965 4993 sacra.
2995 4955 3014 4989 ι
3044 4937 3251 4991 Eadem
3282 4951 3388 4991 vox
3416 4938 3634 4990 occurri
3692 4936 3828 4991 infra

2252 5021 2376 5060 nae.
2405 5022 2439 5060 ο
2518 5044 2532 5057 .

2289 5021 2376 5069 ag.
2405 5007 2532 5060 584.

2251 5023 2703 5147 Ρηῗίῆδῆρῶτον
2739 5070 2928 5131 ἆθλον
2953 5075 3298 5145 ἠγωνίζετο.
3340 5074 3550 5131 Alludit
3583 5079 3650 5131 ad
3687 5075 3827 5129 ller«

2249 5146 2385 5200 culis
2419 5147 2629 5200 labores
2661 5161 2753 5200 seu
2795 5148 3124 5200 certamina.

2319 5214 2364 5285 (i
2378 5216 2430 5287 8)
2466 5215 2615 5287 [οὺς
2634 5215 2851 5281 παῖδας
2873 5211 3065 5287 αὖθις.
3099 5215 3242 5287 Lego
3255 5217 3381 5278 τοὺς
3401 5216 3599 5279 παῖδας
3631 5217 3828 5287 αὐτῆς,

2249 5284 2441 5353 supple
2465 5284 2811 5356 Ἐκκλησίας.
2842 5286 3185 5353 Alioqui,uisi
3224 5285 3623 5356 itascripseris,
3652 5288 3737 5342 bis
3763 5284 3825 5340 in

2253 5351 2441 5408 eadem
2471 5351 2697 5423 periodo
2730 5351 3069 5421 repetereiur
3103 5370 3203 5423 vox
3228 5351 3406 5417 αὖθις.

2325 5424 2435 5495 (19)
2477 5424 2726 5493 Ἐχθρὸν
2746 5425 2843 5476 καὶ
2866 5422 3205 5490 ἐκδικητὴν.
3235 5423 3405 5478 Verba
3437 5435 3562 5478 sunt
3588 5440 3653 5479 ex
3687 5427 3829 5493 psal-

2254 5494 2341 5546 nio
2366 5510 2461 5548 vm
2492 5494 2730 5555 Davtdis.
2758 5496 2844 5547 ubi
2874 5496 3032 5547 hodie
3056 5496 3271 5561 legitur,
3303 5512 3320 5544 ι
3357 5504 3415 5545 ιιι
3449 5498 3695 5549 destruas
3725 5498 3827 5547 ini-

2254 5567 2454 5619 micum
2484 5576 2539 5618 et
2570 5565 2823 5617 ultorem.
2871 5585 2889 5616 ι
2930 5562 3092 5616 Vetus
3125 5564 3301 5617 vers-io
3330 5563 3612 5618 Gallicana
3653 5566 3821 5618 habe-

2253 5636 2365 5697 bat,
2403 5653 2423 5684 ι
2461 5643 2519 5687 ιιι
2548 5633 2799 5687 destruas
2835 5633 3112 5687 inimicum
3152 5643 3206 5688 ct
3236 5633 3600 5699 defensorem,
3638 5654 3658 5687 ι
3689 5647 3828 5689 teste

2252 5704 2495 5770 Sulpicio
2525 5703 2576 5754 in
2617 5702 2731 5755 Vita
2760 5702 3003 5756 Martini.

2321 5773 2433 5835 120)
2466 5773 2571 5827 Καὶ
2601 5771 2717 5827 νῦν
2745 5772 2853 5827 οὐκ
2879 5774 3060 5826 εἰσίν.
3095 5770 3340 5827 Imitatur
3367 5770 3626 5829 Eusebius
3652 5778 3826 5827 locum
