4210 6416
389 393 486 452 861

1422 394 1771 454 HISTORIA?
1811 397 2376 458 ECCLESIASTICE
2416 402 2526 457 LIB
2589 400 2654 456 Χ.

3567 405 3674 461 862

387 513 558 591 ἦσαν·
605 520 686 581 εἰς
749 516 922 591 βραχυ
969 516 1026 571 δέ
1076 517 1415 591 ταράξαντες
1462 520 1558 572 καὶ
1598 516 1979 590 ταραχθέντες,

2092 536 2277 575 eorum
2314 524 2407 593 qui
2462 524 2580 594 ejus
2618 524 2695 578 rei
2753 533 3006 579 auctores
3040 523 3285 593 fuerant,
3337 526 3671 595 improbitati

388 607 490 666 εἷθ’
523 611 852 682 ὑποσχόντες
876 610 1149 682 τιμωρίαν
1182 612 1243 664 ού
1291 611 1547 683 μεμπτὴν
1575 615 1641 684 τῇ
1674 612 1819 685 δίκῃ,
1847 615 1975 666 ἐαυ-

389 706 515 768 τοὺς
543 704 639 758 καὶ
663 703 850 770 φίλους
874 704 968 757 καὶ
992 703 1195 768 οἴκους,
1223 703 1392 775 ἄρδην
1454 706 1785 768 ἀναστάτους
1847 724 1981 759 κατ-

390 795 653 865 έστησαν·
680 794 753 856 ὡς
775 793 875 857 τάς
898 793 1063 847 πάλαι
1097 792 1320 864 στήλαις
1337 794 1508 865 ἱεραῖς
1539 795 1983 865 καταγραφείσας

390 883 743 954 προρρήσεις,
778 881 959 953 ἔργοις
989 881 1186 945 πιστὰς
1210 881 1607 953 ὁμολογεῖσθαι,
1634 883 1703 935 δι’
1727 876 1798 936 ὧν
1828 882 1897 937 τά
1922 901 1982 937 τε

389 974 524 1028 ἀλλα
555 976 586 1026 ὁ
627 972 769 1036 θεῖος
801 973 1133 1043 ἐπαληθεύει
1182 972 1360 1041 λόγος,
1393 973 1533 1046 ἀτὰρ
1575 973 1670 1029 καὶ
1698 974 1824 1029 τάδε
1854 977 1983 1049 περὶ

388 1066 569 1121 αὐτῶν
608 1065 1077 1137 ἀποφαινόμενος·
1113 1085 1131 1118 ι
1206 1065 1510 1137 Ῥομφαίαν
1569 1067 1881 1121 ἐσπάσαντο
1932 1069 1981 1120 oi

389 1160 725 1232 ἁμαρτωλοὶ,
762 1161 1032 1215 ἐνέτειναν
1074 1161 1228 1225 τόξον
1268 1160 1470 1225 αὐτῶν,
1510 1160 1606 1215 τοῦ
1654 1161 1983 1215 καταϐαλεῖν

388 1253 604 1322 πτωχὸν
641 1254 735 1307 καὶ
764 1252 990 1325 πένητα,
1023 1252 1117 1306 τοῦ
1154 1253 1351 1322 σφάξαι
1377 1254 1505 1317 τοὺς
1537 1252 1717 1318 εύθεῖς
1748 1257 1813 1325 τῇ
1850 1271 1985 1327 καρ-

386 1345 476 1416 δία
496 1363 508 1375 ν
539 1348 572 1416 ἡ
629 1344 872 1417 ῥομφαία
900 1345 1080 1398 αὔτῶν
1111 1344 1341 1399 εἰσέλθοι
1376 1347 1456 1409 εἰς
1502 1344 1732 1416 καρδίαν
1781 1344 1978 1410 αὐτῶν,

389 1438 484 1491 καὶ
512 1437 580 1491 τά
598 1437 727 1503 τόξα
749 1436 927 1492 αὐτῶν
957 1436 1288 1508 σὀντριὸείη.
1322 1455 1340 1488 ι
1379 1437 1490 1490 Καὶ
1546 1436 1737 1491 πάλιν·
1766 1454 1786 1488 ‹
1850 1438 1985 1491 Ἀπ-

387 1529 563 1583 ώλετο
591 1530 652 1583 τὸ
690 1529 1030 1602 μνημόσυνον
1052 1529 1229 1584 αὐτῶν
1251 1531 1367 1601 μετ’
1398 1530 1556 1601 ἤχου,
1596 1530 1690 1603 καὶ
1722 1530 1781 1585 τὸ
1815 1530 1986 1603 ὄνομα

392 1623 573 1677 αὐτῶν
611 1621 898 1693 ἐξήλειψας
929 1624 1010 1686 είς
1043 1621 1134 1675 τὸν
1177 1621 1373 1685 αίῶνα,
1419 1621 1515 1676 καὶ
1547 1624 1627 1686 εἰς
1671 1623 1764 1676 τὸν
1810 1623 1984 1678 αἰῶνα

389 1715 486 1768 τοῦ
516 1715 741 1780 αἰῶνος·
777 1716 860 1769 ὅτι
895 1715 958 1786 δὴ
993 1713 1086 1767 καὶ
1115 1714 1174 1768 ὲν
1198 1715 1389 1778 κακοῖς
1420 1714 1724 1785 γενόμενοι,
1755 1714 1985 1786 ἐκέκρα-

393 1809 518 1877 ξαν,
551 1809 646 1861 καὶ
680 1808 780 1861 οὐκ
804 1803 871 1879 ἦν
902 1808 931 1860 6
955 1805 1165 1872 σώζων,
1190 1810 1327 1878 πρὸς
1353 1805 1579 1876 Κύριον,
1609 1807 1703 1861 καὶ
1747 1807 1846 1860 οὑκ
1866 1807 1978 1859 εἱσ-

392 1904 627 1975 ήκουσεν
652 1901 850 1956 αὐτῶν.
878 1897 1018 1954 Ἀλλ’
1036 1901 1085 1952 οἱ
1117 1899 1214 1971 μὲν
1245 1898 1706 1969 συνεποδίσθησαν
1736 1898 1830 1952 καὶ
1852 1898 1980 1953 ἕπε·
2012 1878 2053 1932 Β

393 2014 507 2061 σον,
545 1997 706 2067 ἡμεῖς
749 1994 807 2049 δέ
847 1993 1155 2065 ἀνέστημεν
1203 1994 1297 2046 καὶ
1345 1992 1770 2065 ἀνωρθώθημεν.
1795 2013 1813 2044 ι
1868 1993 1977 2047 Καὶ

390 2085 516 2155 τόγε
542 2087 599 2139 ἐν
630 2084 846 2148 τούτοις
876 2082 1333 2157 προαναφωνοῦνθ
1375 2101 1392 2133 ‹
1418 2082 1611 2154 Κύριε,
1645 2084 1704 2135 ἐν
1732 2085 1798 2153 τῇ
1828 2081 1978 2134 πόλει

392 2197 486 2232 σου
533 2180 633 2251 τὴν
685 2179 869 2232 εἰκόνα
923 2176 1101 2231 αὐτῶν
1145 2174 1585 2240 ὲξουδενώσεις,»
1634 2174 1833 2246 ἀληθὲς
1885 2176 1977 2228 ὑπ’

390 2270 684 2342 ὀφθαλμοῖς
714 2271 931 2324 πάντων
961 2268 1358 2338 ἀναπέφανται.
1400 2266 1542 2319 Ἀλλ’
1573 2265 1622 2319 οἱ
1656 2266 1755 2337 μὲν
1787 2268 1979 2336 γιγάν-

389 2381 497 2418 των
529 2363 731 2436 τρόπον
765 2360 1062 2432 θεομαχίαν
1110 2360 1503 2431 ἐνστησάμενοι
1547 2358 1803 2428 τοιαύτην
1835 2358 1975 2429 εἰλή-

389 2473 517 2528 χασι
570 2456 672 2526 τὴν
699 2454 795 2507 τοῦ
832 2454 946 2524 βίου
981 2452 1398 2523 καταστροφήν·
1430 2451 1528 2521 τῆς
1563 2450 1607 2503 δ’
1642 2451 1851 2522 ἐρήμου
1885 2451 1980 2503 καὶ

390 2550 522 2621 παρ’
549 2545 857 2619 ἀνθρώποις
890 2544 1339 2615 ἀπεγνωσμένης,
1375 2540 1601 2596 τοιαῦτα
1625 2537 1714 2596 οἷα
1738 2543 1806 2596 τὰ
1838 2541 1978 2613 ὁρώ-

393 2658 530 2713 μενα
556 2641 658 2711 τῆς
679 2639 821 2717 κατά
844 2638 976 2692 Θεὸν
1004 2636 1283 2707 ὑπομονῆς
1305 2634 1376 2688 τὰ
1396 2634 1545 2706 τέλη,
1576 2631 1652 2698 ὡς
1679 2634 1978 2703 ἀναφωνεῖν

390 2734 528 2804 αὐτῇ
562 2734 661 2802 τὴν
694 2729 1031 2804 προφητείαν
1076 2729 1301 2782 Ἡσαΐου
1333 2728 1508 2782 ταῦτα
1531 2742 1546 2758 ο
1572 2747 1590 2779 ι
1627 2727 1979 2800 Εὐφράνθητι

390 2824 595 2897 ἕρημος
627 2820 858 2893 διψῶσα,
891 2821 1238 2892 ἀγαλλιάσθω
1271 2820 1476 2893 ἔρημος
1508 2820 1603 2874 καλ⁸
1643 2819 1875 2874 ἀνθείτω
1903 2820 1980 2884 ὡς

391 2916 608 2988 κρίνονο
644 2915 739 2969 καὶ
781 2913 1068 2986 ἐξανθήσει
1112 2914 1208 2967 καὶ
1251 2912 1639 2982 ἀγαλλιάσεται
1669 2911 1740 2965 τὰ
1774 2911 1975 2984 ἔρημα.

403 3006 681 3078 ’ἰσχύσατε
715 3010 895 3079 χεῖρες
944 3005 1248 3077 ἀνειμέναι,
1287 3005 1382 3058 καὶ
1429 3006 1634 3073 γόνατα
1668 3004 1978 3078 παραλελυ-

394 3099 565 3170 μένα·
612 3097 1031 3171 παρακαλέσατε
1077 3094 1385 3165 ὁλιγόψυχοι
1426 3098 1494 3167 τῇ
1548 3095 1777 3168 διανοίᾳ,
1826 3095 1978 3168 ἰσχύ-

2089 618 2283 671 cedere
2321 617 2770 671 sustinens:cum
2803 616 3034 686 quaesito
3072 617 3179 671 alio
3201 617 3340 684 loco,
3367 621 3669 688 cnjusmodi

2086 707 2315 775 plurima
2373 708 2501 763 huic
2538 709 2746 762 civitati
2798 719 3126 778 supersunt,
3160 709 3363 764 laboris
3410 726 3673 780 compen-

2085 799 2233 852 dium
2264 799 2467 863 facere,
2501 814 2671 869 seque
2712 801 2895 855 multis
2922 801 3156 871 negotiis
3184 800 3421 857 liberare
3450 818 3668 873 posset;

2087 899 2266 945 tamen
2289 894 2498 960 primus
2525 893 2638 961 ipse
2675 894 2741 946 ad
2772 908 2910 963 opus
2956 909 3077 948 sese
3108 895 3398 964 accingeris
3428 913 3444 960 ;
3478 882 3672 950 deinde

2088 985 2254 1037 totius
2282 984 2463 1052 populi
2500 986 2698 1040 animis
2734 985 3038 1040 incredibili
3071 985 3355 1042 alacritate
3387 988 3670 1042 conlirma-

2086 1077 2178 1140 tis,
2213 1086 2377 1146 atque
2408 1093 2475 1131 ex
2527 1078 2779 1132 omnibus
2812 1094 2914 1131 una
2953 1079 3158 1148 ingenti
3212 1095 3373 1133 mantt
3415 1079 3667 1144 conﬂata,

2085 1170 2318 1237 primtnn
2352 1170 2456 1223 hoc
2485 1179 2763 1222 certamen
2795 1168 2999 1231 subiit;
3039 1169 3408 1237 mquissiututtt
3457 1170 3671 1226 sciliCut

2085 1271 2258 1323 ratus,
2288 1270 2338 1314 ut
2366 1263 2480 1315 lure
2519 1260 2631 1328 ipsa
2658 1260 3005 1331 potissimum
3041 1260 3284 1315 Ecclesia
3312 1277 3433 1329 qua:
3475 1264 3543 1316 ab
3573 1262 3671 1317 bo-

2083 1353 2261 1409 stibus
2313 1362 2620 1423 expugnata
2675 1351 2899 1417 fuerat;
2944 1367 3065 1422 qua;
3116 1354 3264 1422 prior
3317 1354 3667 1424 gravissimos

2082 1444 2296 1498 labores
2359 1453 2545 1498 nostra
2598 1459 2761 1498 causa
2819 1444 3155 1499 sustinuerat
3195 1462 3210 1499 :
3259 1460 3378 1513 qua‘
3419 1446 3664 1500 eamdem

2084 1535 2364 1588 uobiscum
2397 1534 2857 1605 persecutionem,
2891 1539 3002 1588 imo
3047 1544 3177 1589 ante
3219 1550 3316 1588 nos
3344 1536 3663 1605 pertulerat,

2083 1642 2204 1694 qua:
2229 1625 2372 1680 velut
2404 1636 2579 1679 mater
2602 1625 2838 1694 propriis
2876 1624 3001 1678 tiliis
3029 1633 3146 1678 erat
3166 1625 3386 1690 orbata,
3418 1626 3510 1681 Dei
3546 1638 3659 1696 opt.

2083 1732 2233 1771 max.
2294 1715 2664 1770 munificentia
2713 1714 2994 1769 nobiscmn
3035 1716 3325 1770 frueretur.
3357 1716 3492 1771 Nam
3530 1733 3669 1786 quo-

2084 1813 2226 1867 niam
2265 1826 2493 1882 magnus
2541 1810 2630 1865 ille
2672 1809 2887 1874 Paswr,
2920 1810 3050 1864 feris
3093 1824 3159 1864 ac
3201 1809 3372 1877 lupis,
3406 1810 3575 1883 373
3611 1823 3667 1869 et

2081 1904 2226 1957 otnni
2257 1904 2552 1974 agrestium
2587 1913 2751 1972 atque
2783 1902 3100 1956 immanium
3135 1903 3432 1958 bestiarum
3465 1920 3666 1974 genere

2080 1994 2331 2065 depulso,
2364 1994 2603 2063 ipsisque
2632 1992 2848 2047 leonum
2881 1993 3404 2059 maxillis,utdivina
3432 1995 3667 2064 loquun-

2083 2098 2174 2142 tur
2198 2087 2443 2152 oracula,
2473 2085 2745 2148 contritis,
2788 2086 2933 2141 ﬁlios
2980 2086 3148 2155 ipsius
3178 2102 3371 2143 rursus
3409 2089 3463 2142 in
3498 2106 3662 2144 unum

2080 2195 2406 2250 congregare
2431 2181 2680 2251 dignatus
2706 2180 3034 2251 fuerat,jure
3065 2182 3259 2235 merito
3292 2182 3458 2251 ipsam
3483 2183 3663 2252 gregis

2080 2274 2290 2328 caulam
2320 2272 2665 2339 instauravit,
2688 2281 2745 2327 ut
2776 2273 3067 2343 ignominia
3113 2272 3351 2329 amteret
3382 2275 3662 2331 inimicmn

2081 2375 2135 2420 et
2163 2365 2473 2433 ultorem",
2502 2374 2665 2435 utque
2704 2366 2990 2436 impiorum
3031 2368 3293 2423 adversus
3338 2371 3503 2425 Deum
3522 2387 3661 2439 prae-

2082 2457 2331 2511 liantium
2367 2456 2607 2511 nefarios
2649 2472 2813 2511 ausus
2843 2458 3036 2513 illustri
3086 2470 3406 2534 argumento
3435 2464 3662 2516 coovin-

2081 2559 2251 2605 ceret.
2276 2547 2464 2619 Itaque
2496 2549 2570 2602 illi
2600 2549 2709 2602 Deo
2740 2550 2920 2613 invisi,
2948 2566 3092 2605 nunc
3112 2551 3343 2621 amplius
3374 2569 3481 2608 non
3513 2564 3659 2620 sunt,

2081 2642 2301 2711 quando
2331 2656 2399 2696 ne
2440 2649 2550 2694 tum
2581 2641 2799 2709 quidem
2833 2651 3011 2697 erant.
3059 2644 3123 2697 Et
3162 2655 3511 2715 posteaquam
3547 2662 3663 2702 mo-

2082 2734 2205 2788 dico
2236 2733 2499 2801 temporis
2531 2733 2709 2802 spatio
2736 2734 2927 2788 turbas
2956 2737 3268 2791 excitarunt
3312 2738 3522 2808 ipsique
3547 2748 3663 2793 tur-

2082 2825 2166 2879 bis
2204 2825 2390 2893 agitati
2431 2835 2595 2890 sunt;
2627 2838 2817 2893 ptenas
2857 2825 3056 2882 deinde
3085 2830 3436 2898 gravissimas
3469 2831 3663 2886 divinae

2077 2911 2302 2981 iustitiae
2354 2913 2763 2983 persolventes,
2814 2917 3137 2985 semctipsos
3191 2934 3314 2972 cum
3369 2921 3562 2975 amicis
3607 2932 3662 2976 et

2081 3006 2229 3059 omni
2264 3005 2473 3059 familia
2532 3003 2773 3058 funditus
2823 3017 3165 3061 everterunt.
3204 3010 3353 3064 Adeo
3385 3021 3443 3065 ut
3472 3013 3674 3079 praedi-

2082 3099 2294 3153 Ctiones
2326 3098 2427 3151 illa:
2459 3098 2633 3151 sacris
2653 3096 2783 3151 olim
2818 3097 3014 3153 tabulis
3057 3099 3351 3169 inscriptae,
3388 3117 3538 3158 nunc
3571 3119 3662 3160 ve-

394 3209 544 3257 σατε,
597 3192 673 3263 μὴ
715 3189 986 3260 φοϐεῖσθε.
1034 3188 1165 3242 Ἰδοὺ
1197 3190 1226 3241 ὁ
1256 3185 1389 3251 Θεὸς
1420 3187 1577 3258 ήμῶν
1617 3187 1796 3259 κρίσιν
1846 3190 1975 3243 ἀντ-

2082 3187 2314 3244 rissitnae
2346 3203 2468 3242 esse
2505 3187 2663 3241 factis
2708 3186 2840 3255 ipsis
2878 3190 3335 3257 comprobeutur,
3376 3190 3431 3245 in
3459 3193 3663 3263 quibus

392 3284 684 3339 ἀποδίδωσι
712 3281 807 3336 καὶ
840 3280 1208 3336 ἀνταποδώσει
1233 3318 1248 3343 ,
1293 3281 1454 3343 αὐτὸς
1499 3278 1618 3351 ἥξει
1667 3281 1762 3334 καὶ
1810 3280 1977 3333 σώσει

390 3378 577 3447 ἡμᾶς’
635 3375 737 3438 ὅτι,
813 3373 998 3445 φησὶν,
1057 3371 1266 3444 ἐρράγη
1324 3374 1383 3424 ὲν
1429 3375 1496 3443 τῇ
1556 3374 1749 3444 ὲρήμιῳ
1808 3372 1973 3444 ὕδωρ,

392 3469 488 3522 καὶ
534 3465 752 3539 φάραγξ
796 3467 854 3518 ὲν
897 3467 967 3535 γῇ
1014 3460 1245 3537 διψώσῃ,
1302 3465 1396 3517 καὶ
1458 3467 1492 3535 ὴ
1545 3465 1773 3537 ἄνυδρος
1823 3464 1975 3519 ἔσται

393 3561 474 3622 εἰς
517 3556 644 3629 ἕλη,
705 3557 801 3610 καὶ
855 3558 937 3619 εἰς
992 3554 1089 3625 τὴν
1155 3554 1396 3624 διψῶσαν
1461 3555 1567 3625 γῆν
1643 3556 1795 3628 πηγὴ
1844 3555 1974 3611 i353..-

393 3665 485 3712 τος
552 3649 725 3703 ἔσται.
753 3668 772 3700 ι
828 3648 941 3700 Καὶ
1007 3647 1133 3700 τάδε
1203 3647 1302 3717 μὲν
1355 3646 1534 3715 λόγοις
1598 3647 1766 3701 πάλαι
1843 3666 1976 3720 προ-

394 3739 774 3804 θεσπισθέντα,
821 3738 1035 3804 Βίϐλοις
1093 3741 1265 3811 ἱεραῖς
1321 3739 1729 3811 καταϐέϐλητοο
1786 3740 1857 3794 τά
1911 3758 1976 3809 γε

395 3834 501 3906 μὴν
534 3832 669 3904 ἔργα
697 3832 873 3886 οὐκέτ’
908 3831 1118 3894 ἀκοαῖς,
1152 3830 1264 3884 ἀλλ’
1299 3829 1482 3902 ἔργοις
1510 3833 1644 3902 ἡμῖν
1672 3830 1973 3902 παραδέδο-

390 3940 502 3979 ται.
548 3925 613 3977 Ἥ
640 3923 843 3995 ἕρημος
875 3923 992 3993 ἥδε,
1036 3924 1069 3994 ὴ
1111 3922 1356 3992 ἄνυδρος,
1390 3925 1422 3994 ἠ
1457 3925 1603 3994 χήρα
1645 3923 1741 3976 καὶ
1784 3923 1977 3995 ἀπερί-

394 4032 608 4079 στατος,
624 4007 693 4086 ἧς
713 4035 730 4067 ι
747 4014 824 4079 ὡς
849 4014 905 4067 ἐν
922 4012 1112 4085 δρυμῷ
1146 4011 1316 4077 ξύλων
1345 4013 1555 4078 ἀξίναις
1586 4013 1851 4084 ἐξέκοψαν
1876 4015 1976 4080 τὰς

392 4108 568 4171 πύλας
599 4107 692 4161 ἐπὶ
732 4107 793 4159 τὸ
832 4106 985 4169 αὐτὸ,
1033 4108 1091 4159 ἐν
1123 4105 1323 4159 πέλυκι
1357 4106 1451 4160 καὶ
1484 4104 1826 4179 λαξευτηρίῳ
1855 4123 1977 4160 συν-

390 4198 681 4271 τρίψαντες
709 4196 900 4268 αὐτὴν,
942 4192 1010 4268 ἧς
1043 4197 1138 4251 καὶ
1165 4196 1267 4260 τὰς
1294 4196 1509 4267 βίϐλους
1539 4197 1972 4270 διαφθείραντες,

392 4290 719 4361 ἐνεπύρισαν
770 4291 828 4342 ὲν
879 4290 1013 4361 πυρὶ
1044 4290 1105 4343 τὸ
1150 4291 1505 4362 ἀγιαστήριον
1553 4290 1648 4344 τοῦ
1694 4290 1851 4355 Θεοῦ,
1895 4294 1976 4356 εἰς

391 4385 489 4457 τὴν
546 4387 649 4457 γῆν
697 4383 1041 4456 ἐϐεὸήλωσαν
1076 4384 1134 4436 τὸ
1167 4385 1430 4456 σκήνωμα
1456 4383 1550 4437 τοῦ
1584 4384 1846 4455 ὀνόματος
1874 4386 1974 4438 αὑ-

390 4479 506 4543 τοῦ,
552 4478 619 4549 ἢν
663 4475 969 4549 ἐτρύγησαν
997 4475 1196 4539 πάντες
1229 4477 1279 4529 οἱ
1322 4476 1835 4549 παραπορευόμενοι
1874 4477 1974 4550 τὴν

391 4571 532 4635 ὁδὸν,
567 4569 993 4642 προκαθελόντες
1024 4569 1196 4640 αὐτῆς
1235 4570 1363 4632 τοὺς
1408 4570 1717 4639 φραγμοὺς,
1759 4569 1828 4640 ἢν
1865 4568 1976 4622 ἐλυ-

396 4663 603 4733 μήνατο
629 4654 693 4724 ’ὗς
738 4663 804 4714 ἐκ
847 4659 1076 4733 δρυμοῦ,
1106 4661 1201 4713 καὶ
1249 4659 1432 4731 μονιὺς
1459 4659 1649 4733 ἄγριος
1675 4662 1979 4734 κατενεμή-

395 4739 547 4817 σατοξ
574 4747 840 4822 »Χριστοῦ
857 4749 1082 4819 δυνάμει
1108 4751 1397 4823 παραδόξῳ
1434 4750 1551 4817 νῦν,
1584 4751 1674 4805 ὅτε
1712 4751 1854 4805 θέλει
1880 4753 1978 4806 αύ-

393 4843 504 4908 τὺς,
525 4844 746 4913 γέγονεν
765 4843 842 4907 ὡς
864 4843 1047 4914 κρίνον
1064 4859 1078 4872 ⁶
1103 4843 1226 4897 ἐπεὶ
1253 4843 1350 4898 καὶ
1375 4842 1497 4897 τότε
1525 4843 1692 4896 αὑτοῦ
1723 4844 1973 4915 νεύματι,

391 4934 468 4998 ὡς
517 4934 584 4988 ἂν
631 4932 1038 5006 προκηδομένου
1082 4932 1288 5004 πατρὸς
1349 4931 1844 4989 ὲπαιδεύετο.‹⁶υν
1866 4932 1976 5007 γὰρ

391 5026 580 5098 ἀγαπᾷ
610 5025 836 5096 Κύριος,
875 5022 1137 5087 παιδεύει,
1187 5027 1443 5095 μαστιγοῖ
1471 5023 1526 5077 δὲ
1559 5024 1740 5078 πάντα
1766 5024 1883 5077 υἱὸν
1914 5024 1973 5077 ὃν

392 5116 774 5189 παραδέχεται.
794 5112 1022 5184 »Μέτρῳ
1037 5114 1170 5186 δῆτα
1200 5114 1343 5168 κατά
1371 5115 1432 5168 τὸ
1462 5116 1580 5169 δέον
1624 5118 1977 5186 ἐπιστραφεῖ-

391 5225 481 5273 σα,
514 5205 672 5272 αὖθις
710 5207 915 5263 ἀνωθεν
946 5206 1006 5271 ἐξ
1048 5207 1302 5278 ὑπαρχῆς
1344 5208 1606 5279 ἀγαλλιᾷν
1637 5209 1975 5281 προστάττε-

390 5319 501 5368 ται,
536 5301 749 5367 ἐξανθεῖ
787 5318 847 5354 τε
884 5301 961 5364 ὡς
1004 5300 1210 5373 κρίνον,
1240 5301 1334 5353 καὶ
1370 5301 1470 5370 τῆς
1514 5301 1700 5354 ἐνθέου
1745 5302 1974 5367 εὐωδίας

391 5396 470 5456 είς
499 5393 706 5456 πάντας
747 5391 981 5445 ἀποπνεῖ
1007 5389 1329 5459 ἀνθρώπους
1353 5407 1367 5419 ο
1402 5391 1506 5454 ὅτι,
1526 5387 1972 5463 φησὶν,‹ὲρῤἀγη

391 5487 448 5539 ἐν
477 5487 545 5557 τῇ
572 5485 764 5557 ἐρήμῳ
791 5482 955 5554 ὕδωρ,
976 5482 1073 5536 »τὸ
1090 5484 1236 5553 νᾶμα
1269 5479 1366 5552 τῆς
1401 5481 1552 5545 θείας
1577 5482 1671 5534 τοῦ
1701 5485 1969 5557 σωτηρίου

2083 3297 2204 3336 cum
2235 3279 2339 3334 alia
2392 3279 2605 3336 divinus
2653 3294 2836 3338 sermo
2872 3298 2998 3338 vere
3042 3286 3374 3351 pronuntiat,
3403 3297 3512 3341 tum
3545 3290 3663 3344 haec

2083 3375 2150 3428 de
2183 3373 2372 3428 iisdem
2396 3374 2595 3429 diserte
2624 3373 2895 3444 profatur:
2918 3395 2936 3427 ι
2959 3375 3207 3430 Gladium
3240 3377 3662 3445 evaginaverunt

2051 3468 2056 3473 '
2083 3473 2441 3533 peccatores;
2492 3464 2845 3519 intenderunt
2902 3480 3088 3520 arcum
3142 3482 3332 3530 suum,
3365 3475 3423 3520 ut
3467 3483 3660 3537 percu-

2086 3558 2223 3608 tiant
2258 3554 2564 3609 mendicum
2601 3565 2656 3610 et.
2710 3570 3026 3623 pauperem,
3074 3566 3129 3611 et
3175 3557 3428 3612 occidant
3483 3567 3662 3615 rectos

2082 3650 2267 3704 corde.
2309 3648 2536 3703 Gladius
2567 3663 2757 3702 eorum
2795 3652 2963 3702 intret
2997 3649 3050 3702 in
3091 3650 3254 3703 corda
3299 3651 3562 3718 ipsorum.
3605 3664 3662 3707 et

2083 3754 2240 3793 arcus
2272 3754 2457 3795 eorum
2490 3737 2900 3808 confringautur
2920 3738 2986 3793 ⁷⁸.
3018 3758 3038 3791 ι
3074 3739 3138 3792 Et
3169 3739 3364 3793 iterum
3393 3756 3453 3794 ιι
3495 3741 3662 3796 Periit

2085 3829 2341 3883 memoria
2385 3829 2622 3896 ipsorum
2676 3842 2797 3881 cum
2852 3828 3055 3883 sonitu.
3103 3828 3168 3884 Et
3215 3844 3411 3885 nomen
3469 3845 3658 3887 eorum

2082 3918 2330 3976 delevisti
2358 3921 2408 3973 in
2440 3921 2698 3975 saeculum
2724 3930 2776 3974 et
2800 3919 2850 3973 in
2878 3922 3137 3975 saeculum
3162 3922 3343 3977 saeculi
3392 3920 3461 3975 ⁷⁷.
3514 3923 3662 3991 Quc-

2084 4013 2379 4070 niamcutn
2415 4013 2466 4065 in
2509 4012 2665 4067 malis
2688 4022 2914 4081 essent,
2976 4014 3347 4067 elamaveruut
3379 4053 3395 4074 ,
3426 4030 3525 4069 nec
3558 4018 3661 4070 fuit

2081 4105 2171 4174 qui
2203 4113 2489 4168 servaret,
2513 4105 2578 4159 ad
2616 4103 2923 4170 Dominum,
2966 4120 3063 4159 nec
3088 4105 3366 4159 exaudivit
3406 4120 3501 4160 eos
3587 4100 3656 4154 ’³ο

2087 4198 2282 4252 Verum
2370 4197 2470 4266 ipsi
2521 4198 2738 4266 quidem
2785 4197 3005 4267 obligati
3053 4210 3181 4252 sunt
3223 4208 3277 4252 et
3306 4199 3656 4266 ceciderunt,

2083 4306 2180 4343 nos
2214 4297 2393 4343 autem
2428 4289 2768 4342 surreximus
2820 4299 2868 4342 et
2918 4289 3083 4344 erecti
3141 4304 3330 4343 sumus
3355 4288 3424 4344 τ’.
3469 4308 3488 4341 ι
3523 4289 3658 4344 Illud

2081 4397 2298 4451 quoque
2343 4382 2484 4450 quod
2533 4380 2851 4449 prardictum
2887 4380 3065 4434 {iterat
3111 4379 3192 4433 liis
3234 4379 3451 4433 verbis:
3482 4397 3501 4430 ι
3552 4379 3659 4434 Do-

2082 4475 2249 4534 mine.
2290 4474 2588 4526 incivitate
2626 4483 2712 4525 tua
2765 4472 3055 4541 imaginem
3100 4484 3286 4524 eorum
3336 4470 3402 4524 ad
3433 4469 3656 4525 nihilum

2007 4584 2050 4639 ι)
2083 4566 2293 4634 rediges
2321 4564 2391 4628 ⁸ο,
2435 4584 2454 4617 ι
2483 4564 2823 4618 verissimum
2847 4578 2968 4618 esse
3014 4561 3202 4618 omnes
3241 4561 3415 4616 oculis
3457 4563 3660 4617 nostris

2077 4656 2475 4727 perspeximus.
2527 4656 2594 4709 Et
2643 4656 2696 4709 hi
2758 4656 2975 4723 quidem
3033 4654 3141 4709 Deo
3201 4655 3400 4709 bellum
3453 4655 3659 4710 inferre

2080 4763 2228 4800 tuore
2258 4747 2536 4816 gigantum
2559 4745 2700 4805 ausi,
2728 4744 3034 4811 hnjnsmodi
3078 4746 3197 4798 vita:
3234 4745 3440 4798 exitum
3480 4746 3656 4799 sortiti

2075 4849 2221 4892 sunt.
2265 4838 2357 4891 Illa
2416 4851 2546 4891 vero
2582 4851 2751 4888 vacua
2795 4850 2861 4888 ac
2904 4835 3117 4889 deserta
3153 4846 3210 4890 et
3256 4837 3516 4904 opinione
3543 4852 3652 4889 om-

2078 4930 2226 4983 nium
2258 4929 2693 4997 deplorata,sute
2728 4935 2952 4997 prepter
2983 4928 3150 4981 Deum
3184 4927 3483 4982 tolerantia:
3515 4927 3660 4980 lntne

2074 5037 2234 5091 quem
2266 5022 2544 5076 cernimus
2582 5020 2745 5075 ﬁnem
2780 5031 3075 5075 consecuta
3110 5028 3215 5075 est.
3243 5021 3395 5074 Adeo
3419 5019 3657 5075 utlsaias

2074 5115 2335 5183 propheta
2356 5114 2469 5167 haec
2513 5111 2590 5166 illi
2631 5112 2984 5180 pronuntiare
3027 5113 3318 5167 videatur:
3355 5132 3375 5164 ι
3420 5112 3651 5177 Ιδαειιινε,

2074 5207 2311 5263 solitudo
2342 5206 2644 5270 siticulosa,
2673 5204 2906 5259 exsultet
2939 5203 3173 5257 solitudo
3202 5214 3255 5259 et
3281 5203 3475 5259 ﬂoreat
3507 5214 3564 5258 ut
3586 5205 3652 5256 li-

2076 5300 2230 5362 lium,
2256 5310 2310 5354 et
2343 5296 2613 5353 ﬂorebunt
2639 5307 2695 5351 et
2722 5294 3077 5351 exsultabunt
3108 5294 3226 5349 loca
3277 5300 3515 5351 deserta.
3548 5294 3655 5346 lto-

2076 5392 2373 5468 boramini,
2406 5406 2596 5444 manus
2644 5392 2986 5459 languentes,
3033 5399 3089 5443 et
3135 5405 3310 5458 genua
3340 5388 3598 5443 dissoluta
3635 5405 3649 5441 :

2087 5485 2478 5550 consulamini,
2506 5500 2605 5539 vos
2642 5483 3036 5553 pusillanimes,
3065 5482 3470 5545 coul'ortamiui,
3496 5494 3564 5535 ne
3593 5481 3655 5534 ti-

464 5624 510 5657 ⁷⁸
525 5623 670 5681 Psal.
689 5623 876 5693 vnt,‘5.
931 5622 979 5656 ⁷⁸
1000 5623 1144 5680 Psal.
1172 5637 1359 5690 xxxvi,
1384 5621 1574 5688 ΗΑΒ.
1639 5622 1685 5655 ⁷⁷
1698 5622 1840 5679 Psal.
1864 5629 1979 5691 ωε]

2078 5674 2079 5677 η
2137 5622 2184 5654 ’⁸
2210 5621 2500 5687 Psal.xvu,
2520 5619 2612 5674 42.
2664 5618 2711 5650 ⁷⁸
2724 5616 2866 5672 Psal.
2885 5632 3001 5684 ιιι,
3027 5617 3081 5673 9.
3146 5615 3192 5648 ⁸⁸
3213 5612 3351 5668 Psal.
3374 5626 3540 5675 uxu,
3557 5609 3650 5668 20.

397 5761 634 5834 Dionysii
667 5760 1044 5834 Alexandrini,
1063 5760 1156 5824 qui
1179 5760 1246 5834 de
1272 5760 1549 5834 Macriano
1569 5759 1798 5828 ejusque
1822 5760 1956 5816 libe-

395 5836 468 5888 ris
495 5831 568 5888 ita
600 5833 837 5898 loquitur
867 5832 920 5888 in
965 5833 1126 5897 epist.
1175 5831 1241 5885 ad
1285 5832 1757 5887 ilermammonem
1791 5845 1951 5894 quam

2063 5762 2227 5817 refert
2258 5761 2526 5814 Eusebius
2560 5759 2613 5815 in
2641 5758 2735 5816 lib.
2755 5773 2848 5823 rn,
2872 5770 2991 5825 cap.
3025 5753 3132 5808 ‘25:
3168 5753 3196 5805 ό
3236 5749 3334 5821 μὲν
3368 5749 3471 5803 οὐκ
3501 5747 3650 5803 ἔστιν

2058 5828 2351 5901 ἐπεῖμηδὸἐ
2396 5825 2483 5898 ἦν.
