4210 6448
517 384 624 438 863

1227 373 1497 434 EUSEBH
1538 368 2020 429 CESARIENSIS
2059 367 2211 426 OPP.
2257 363 2435 421 PARS
2475 364 2518 418 1.
2559 394 2628 406 -
2673 363 3063 422 lllSTORlCA.

3691 362 3792 412 884

522 500 738 554 Incaiis.
763 499 900 552 Ecce
931 499 1069 552 Deus
1097 494 1558 563 nosterjudicium
1593 495 1770 548 reddit
1805 511 1869 548 ac
1891 493 2102 556 reddet,

2208 487 2437 560 λουτροῦ
2470 485 2919 557 παλιγγενεσίαςο
2963 489 3059 544 καὶ
3103 487 3196 542 νῦν
3245 487 3469 557 γέγονεν
3502 486 3538 558 ή
3573 483 3682 556 πρὸ
3709 500 3796 553 μι-

523 593 639 659 ipse
684 591 863 645 veniet
895 599 944 642 et
971 587 1212 641 servabit
1256 601 1355 640 nos
1379 586 1452 640 δ’.
1483 604 1502 637 ι
1559 585 1824 652 Quoniam
1848 624 1865 650 ,
1903 583 2101 652 inquit,

523 679 708 748 erupit
783 692 919 749 aqua
995 679 1048 733 in
1105 678 1420 742 solitudine,
1469 689 1528 732 et
1557 679 1716 731 vallis
1755 677 1809 732 in
1847 687 1992 731 terra
2028 676 2105 732 si-

525 773 776 837 ticulosa,
809 781 863 824 et
913 771 1064 824 arida
1121 771 1423 824 minabitur
1471 771 1526 824 in
1571 769 1826 838 paludes,
1881 780 1940 823 et
1981 767 2103 821 [ους

523 881 676 931 aquae
716 865 768 916 in
823 873 1019 917 terram
1043 863 1380 918 siticulosam
1423 865 1492 918 ".
1545 881 1562 916 ι
1599 863 1667 918 Et
1727 863 1844 917 haec
1885 860 2102 932 quidem

519 953 685 1024 379
712 953 840 1007 olim
866 955 1211 1008 verbisteuus
1260 955 1542 1024 prtedicta,
1578 955 1752 1008 sacris
1796 951 2105 1008 Volumini-

523 1047 620 1099 bus
651 1047 850 1100 inserta
881 1056 1028 1100 sunt.
1064 1044 1218 1100 Nunc
1247 1058 1428 1100 autem
1463 1062 1550 1101 res
1579 1045 1711 1112 ipsa:
1736 1061 1840 1099 non
1870 1043 2101 1112 simplici

523 1135 819 1198 auditione,
849 1140 940 1190 sed
987 1136 1146 1191 factis
1175 1137 1304 1205 ipsis
1329 1137 1485 1190 nobis
1515 1137 1868 1191 exhibentur.
1896 1133 2105 1202 Quippe

525 1227 638 1280 lucc
669 1225 908 1280 solitudo
957 1226 1237 1282 siticulosa
1271 1269 1285 1294 ,
1347 1227 1463 1281 haec
1491 1228 1652 1282 vidua
1687 1226 1944 1294 omnique
1969 1238 2104 1293 pra;-

523 1315 664 1371 sidio
695 1317 976 1384 destituta,
1009 1317 1164 1387 cujus
1190 1317 1390 1386 jannas
1419 1337 1438 1371 ι
1467 1320 1622 1388 quasi
1669 1319 1722 1373 in
1767 1318 1902 1372 silva
1933 1315 2106 1386 ligno-

523 1424 668 1473 rum,
699 1410 984 1464 securibus
1011 1410 1335 1464 exciderunt
1367 1410 1420 1465 in
1455 1411 1710 1479 idipsum,
1745 1409 1797 1464 in
1829 1409 2009 1463 securi
2047 1413 2104 1460 et

521 1500 671 1554 ascia
697 1498 1100 1570 confringentes
1131 1516 1250 1554 eam
1282 1501 1332 1533 ⁸³
1360 1519 1374 1554 :
1425 1498 1587 1570 cuius
1649 1503 1822 1557 libros
1855 1517 2105 1556 corrum-

454 1596 461 1602 '
521 1599 712 1659 pentes
747 1589 1105 1644 incenderunt
1136 1591 1256 1659 igne
1283 1592 1657 1648 sanctuarium
1693 1591 1828 1656 Dei;
1872 1592 1924 1647 in
1961 1602 2104 1645 terra

523 1680 948 1751 profanavernnt
1017 1684 1426 1738 tabernaculum
1490 1683 1728 1738 nominis
1791 1683 1907 1750 ejus
1997 1679 2102 1732 ⁸⁶ε

522 1775 1124 1841 quauuvindemiarnut
1143 1787 1688 1831 omnestrmseuutes
1709 1789 1804 1844 per
1827 1776 1972 1828 viam
1986 1773 2052 1836 ³³,
2081 1791 2098 1822 ι

524 1865 814 1918 destructis
859 1866 1009 1934 prius
1057 1865 1174 1930 ejus
1221 1866 1444 1934 sepibus
1490 1880 1506 1930 ;
1556 1881 1720 1935 quam
1790 1884 1810 1916 σ
1870 1865 2106 1918 vastavit

523 1975 656 2027 aper
683 1960 935 2024 de'silva,
960 1969 1014 2012 et
1049 1959 1342 2030 singularis
1379 1959 1526 2014 ferus
1559 1961 1817 2025 depastus
1852 1969 1935 2012 est
1959 1957 2038 2021 ³⁸,
2079 1975 2098 2008 ι

523 2065 665 2104 nunc
697 2059 981 2119 postquam
1004 2050 1226 2105 Christo
1253 2051 1431 2104 visum
1467 2060 1570 2112 est,
1605 2064 1702 2118 per
1729 2049 2102 2103 admirabilem

521 2140 640 2208 ejus
673 2140 969 2210 potentiam
1005 2140 1177 2194 instar
1215 2140 1316 2194 lilii
1365 2139 1681 2196 elllurcscit.
1727 2139 1863 2194 Nam
1895 2149 1948 2192 ct
1979 2148 2107 2191 tunc

521 2233 758 2301 ejusdem
793 2242 922 2285 nutu
957 2247 1021 2287 ac
1050 2232 1353 2299 voluntate,
1393 2240 1652 2300 tanquam
1704 2231 1952 2302 parentis
2006 2248 2102 2284 cn-

521 2323 729 2394 iusdam
793 2326 1027 2378 liliornm
1086 2340 1276 2378 curam
1347 2325 1630 2394 gerentis,
1711 2325 2102 2393 rastigabatnr.

524 2431 545 2466 ς
585 2414 756 2482 Quem
791 2415 938 2468 enim
976 2415 1157 2486 diligit
1213 2413 1480 2468 Dominus
1522 2416 1780 2480 castigat,
1830 2414 2107 2468 verberat-

520 2521 625 2574 que
653 2522 866 2560 omnem
903 2506 1066 2558 lilium
1092 2521 1250 2575 quem
1286 2507 1478 2576 recipit
1509 2505 1576 2559 ".
1609 2525 1628 2557 ›
1653 2505 1946 2574 Postquam
1977 2520 2105 2558 vero

522 2598 802 2652 moderate
831 2606 882 2651 et
918 2607 1182 2665 quantum
1233 2599 1476 2666 oportuit
1520 2599 1781 2664 castigata
1831 2607 1936 2662 est,
1986 2612 2106 2649 rur-

523 2701 618 2742 Sns
645 2687 925 2741 exsultare
944 2687 1161 2741 caelitus
1187 2685 1528 2756 przecipitur,
1565 2700 1620 2742 et
1650 2695 1908 2756 tauquam
1929 2687 2102 2740 lilium

521 2774 836 2843 eiEorescit,
875 2787 1214 2846 cunctosque
1249 2777 1506 2832 mortales
1538 2778 1707 2832 divini
1759 2777 1942 2832 odoris
1979 2792 2106 2832 sna-

523 2869 694 2922 vitate
733 2868 1032 2938 perfundit.
1069 2867 1360 2934 Quouiam,
1415 2869 1612 2937 Inquit,
1657 2885 1678 2918 ι
1725 2869 1909 2935 erupit
1959 2880 2100 2936 aqua

524 2963 578 3016 in
609 2962 899 3016 solitudine
925 2961 1018 3028 ⁸⁸;
1059 2984 1078 3014 ν
1130 2961 1254 3016 l'ons
1295 2961 1547 3015 videlicet
1579 2975 1687 3029 quo
1745 2959 2005 3014 divinitus
2047 2959 2102 3012 in

525 3053 752 3107 salutari
806 3053 1030 3106 lavacro
1079 3054 1384 3123 regenerati
1439 3067 1651 3106 sutmns.
1682 3048 1750 3104 Et
1785 3065 1908 3118 qua:
1943 3049 2104 3118 paqu

2205 582 2340 656 κροῦ
2371 581 2468 654 ἕρη
2479 599 2576 653 μος
2605 583 2684 644 είς
2709 581 2826 653 ἕλη,
2861 582 2954 636 καὶ
2979 583 3060 645 εἰς
3083 580 3182 651 τὴν
3209 579 3449 649 διψῶσαν
3470 577 3574 648 γῆν
3600 574 3794 646 ἔϐρυσε

2207 677 2358 748 πηγὴ
2394 674 2586 740 ὕδατος
2635 674 2862 740 ζῶντος·
2902 674 3128 746 ἴσχυσάν
3167 690 3230 726 τε
3269 672 3344 736 ὡς
3368 669 3584 743 ἀληθῶς
3611 671 3798 740 χεῖρες

2205 771 2263 823 αἱ
2293 768 2356 822 τὸ
2388 767 2516 840 πρὶν
2566 767 2870 838 ἀνειμέναι,
2913 767 3010 821 κα)⁸
3047 766 3150 835 τῆς
3190 765 3299 818 τῶν
3351 761 3550 835 χειρῶν
3612 759 3796 830 ἰσχύος

2206 861 2365 930 ἔργα,
2398 860 2525 914 τάδε
2572 859 2640 914 τὰ
2686 859 2898 930 μεγάλα
2944 859 3039 913 καὶ
3077 857 3285 928 ἐναργῆ
3324 856 3622 926 δείγματα·
3656 851 3796 907 ἀλλά

2207 955 2302 1008 καὶ
2335 953 2404 1008 τὰ
2445 951 2615 1022 πάελαι
2661 951 3052 1024 σεσαθρωμένα
3097 949 3194 1002 καὶ
3236 947 3542 1020 παρειμένα
3565 945 3790 1014 γόνατα,

2204 1047 2306 1110 τὰς
2350 1045 2558 1108 οἰκείας
2601 1044 2944 1099 ἀπολαϐόντα
2993 1043 3180 1115 βάσεις
3206 1042 3341 1114 (21),
3387 1041 3486 1112 τὴν
3532 1039 3650 1093 ὁδὸν
3689 1039 3793 1110 τῆς

2206 1136 2534 1206 θεογνωσίας
2578 1135 2986 1208 εύθυποροῦντα
3037 1133 3265 1206 βαδίζει,
3309 1134 3403 1186 ἐπὶ
3445 1131 3545 1204 τὴν
3583 1129 3791 1184 οἰκείαν

2207 1229 2445 1301 ποίμνην
2491 1227 2584 1282 τοῦ
2635 1228 2950 1298 παναγάθου
2987 1227 3254 1298 Ποιμένος
3287 1225 3606 1279 σπεύδοντα.
3637 1223 3702 1276 Ei
3732 1221 3795 1278 δὲ

2206 1321 2301 1374 καὶ
2347 1323 2468 1385 ταῖς
2511 1321 2620 1374 τῶν
2663 1320 2941 1392 τυράννων
2991 1319 3240 1383 ἀπειλαῖς
3289 1317 3386 1381 τὰς
3431 1315 3610 1387 ψυχάς
3647 1331 3794 1380 τινες

2205 1412 2615 1482 ἀπενὰρκησαν,
2665 1413 2785 1466 οὐδὲ
2832 1411 3057 1473 τούτους
3098 1413 3126 1464 ὁ
3177 1411 3442 1481 σωτήριος
3484 1407 3794 1480 ἀθεραπεύ-

2205 1521 2332 1568 τους
2365 1506 2582 1576 παρορᾷ
2626 1504 2814 1572 λόγος·
2858 1499 2916 1556 εὖ
2961 1503 3106 1572 μάλα
3156 1500 3214 1554 δὲ
3249 1501 3342 1554 καὶ
3379 1500 3580 1564 αὐτοὺς
3627 1497 3794 1570 ἰώμε-

2206 1611 2316 1658 νος,
2353 1597 2432 1659 εἰς
2473 1595 2570 1666 τήν
2615 1596 2709 1650 τοῦ
2749 1595 2894 1648 θείου
2925 1593 3270 1665 παράκλησιν
3295 1593 3552 1664 παρορμᾷ
3581 1591 3788 1660 λέγων’

2212 1705 2232 1737 r
2254 1687 2703 1757 Παρακαλέσατε,
2723 1688 2772 1740 οἱ
2803 1686 3114 1758 όλιγόψυχοι
3146 1689 3212 1757 τῇ
3241 1684 3472 1756 διανοίᾳ,
3507 1684 3792 1752 ἰσχύσατε,

2212 1778 2285 1850 μὴ
2314 1779 2584 1847 φοϐεῖσθε.
2614 1799 2633 1831 ι
2670 1779 2888 1834 Τούτων
2927 1779 3036 1833 δεῖν
3071 1777 3378 1831 ἀπολαῦσαι
3407 1776 3506 1848 τὴν
3539 1775 3631 1830 διὰ
3659 1776 3794 1833 Θεὸν

2206 1868 2504 1938 γενομένην
2555 1869 2778 1940 ἔρημον,
2826 1869 2922 1924 τοῦ
2975 1869 3134 1938 λόγου
3183 1869 3648 1940 προαγορεύοντος
3695 1871 3796 1924 ἐπ-

2207 1959 2446 2024 ακούσας
2472 1959 2624 2032 ὀξείᾳ
2658 1961 2898 2025 διανοίας
2935 1962 3070 2034 ἀκοῇ
3099 1953 3254 2026 οὗτος
3290 1963 3320 2014 ὀ
3365 1961 3484 2025 νέος
3513 1959 3670 2032 ήμῶν
3699 1961 3794 2016 καὶ

2206 2051 2370 2115 καλὸς
2394 2052 2716 2123 Ζοροϐάϐελ,
2747 2055 2885 2124 μετᾶ
2909 2055 3007 2125 τὴν
3042 2053 3245 2126 πικρὰν
3276 2053 3490 2124 ἐκείνην
3513 2053 3795 2124 αἰχμαλω-

2207 2143 2350 2206 σίαν,
2383 2143 2478 2196 καὶ
2521 2143 2582 2197 τὸ
2618 2143 2893 2217 βδέλυγμα
2931 2145 3032 2216 τῆς
3073 2143 3432 2223 ἐρημώσεως,
3461 2145 3522 2198 οὐ
3553 2143 3795 2216 παριδὼν

2205 2236 2266 2289 τὸ
2318 2234 2517 2307 πτῶμα
2559 2237 2773 2310 νεκρὸν,
2825 2235 3108 2310 πρώτιστα
3144 2237 3361 2291 πάντων
3411 2236 3794 2308 παρακλήσεσι

2206 2333 2300 2384 καὶ
2332 2329 2525 2394 λιταῖς,
2567 2329 2724 2384 ἵλεων
2768 2329 2858 2383 τὸν
2893 2329 3111 2401 Πατέρα
3143 2328 3278 2400 μετά
3304 2329 3406 2399 τῆς
3428 2328 3615 2398 κοινῆς
3639 2325 3795 2398 ὑμῶν

2207 2422 2462 2476 ἁπάντων
2505 2421 2885 2494 ὁμοφροσύνης
2924 2421 3428 2492 καταστησάμενος,
3457 2421 3552 2474 καὶ
3578 2418 3670 2473 τὸν
3699 2416 3796 2490 μό-

2205 2531 2294 2568 νον
2324 2513 2535 2583 νεκρῶν
2580 2513 2842 2578 ζωοποιδν
2877 2514 3162 2584 σύμμαχον
3189 2511 3517 2585 παραλαϐὼν
3547 2512 3643 2566 καὶ
3671 2527 3796 2566 συν-

2205 2606 2386 2678 εργὸν,
2432 2605 2531 2676 τὴν
2578 2605 2853 2660 πεσοῦσαν
2889 2605 3159 2678 ἐξήγειρε,
3191 2603 3655 2678 προαποκαθάρας
3698 2603 3795 2657 καὶ

2206 2697 2656 2770 προθεραπεύσας
2703 2699 2812 2752 τῶν
2863 2697 3076 2753 κακῶνο
3129 2699 3224 2752 καὶ
3267 2697 3461 2768 στολὴν
3505 2696 3568 2749 οὐ
3612 2695 3708 2767 τὴν
3733 2695 3796 2762 ἐξ

2205 2791 2439 2863 ἀρχαίου
2471 2790 2707 2845 παλαιὰν
2737 2791 2874 2862 αὐτῇ
2907 2791 3297 2861 περιτέθεικεν,
3332 2790 3445 2844 ἀλλ’
3473 2790 3665 2844 ὁποίαν
3692 2785 3794 2846 αὗ-

2207 2881 2292 2946 θις
2337 2882 2489 2954 παρά
2532 2883 2641 2937 τῶν
2669 2883 2828 2937 θείων
2873 2883 3138 2954 χρησμῶν
3169 2883 3570 2948 ἐξεπαιδεύετο,
3606 2883 3795 2952 σαφῶς

2207 2966 2310 3030 ὧδε
2341 2975 2638 3044 λεγόντωνο
2661 2996 2678 3027 ι
2713 2977 2825 3031 Καὶ
2869 2976 3022 3031 ἔσται
3053 2979 3085 3046 ή
3131 2977 3258 3042 δόξα
3287 2975 3379 3030 τοῦ
3413 2977 3564 3028 οἴκου
3604 2974 3796 3028 τούτου

2207 3068 2242 3140 ἡ
2271 3067 2500 3139 ἐσχάτη,
2533 3067 2674 3137 ὑπὲρ
2707 3068 2806 3138 τὴν
2849 3067 3146 3139 προτέραν.
3174 3087 3192 3119 ι
3237 3065 3424 3140 Ταύτῃ
3457 3065 3501 3119 δ’
3531 3060 3624 3118 οὖν
3659 3063 3795 3119 πολὺ

524 3149 650 3198 ante
679 3152 831 3197 vasta
865 3143 1097 3198 solitudo
1124 3153 1266 3207 erat,
1297 3157 1442 3196 nunc.
1470 3152 1674 3196 mutata
1721 3151 1807 3195 est
1861 3141 1914 3196 in
1956 3142 2103 3210 palu-

2210 3157 2432 3230 μείζονα
2470 3159 2562 3212 τὸν
2591 3157 2766 3230 χῶρον
2803 3159 3018 3213 ἅπαντα
3054 3157 3384 3229 περιλαϐὼν,
3413 3158 3505 3212 τὸν
3542 3157 3640 3228 μὲν
3669 3157 3799 3225 ἔξω·

524 3233 658 3298 des;
691 3243 744 3286 et
771 3233 824 3286 in
859 3243 1063 3286 terram
1107 3232 1442 3286 siticulosam
1478 3231 1770 3287 scaturivit
1798 3231 1923 3285 fons
1949 3246 2104 3301 aqua:

523 3327 683 3381 vivae.
740 3325 1027 3380 Roborataa
1070 3335 1196 3380 sunt
1253 3324 1500 3396 profecto
1561 3339 1757 3379 manus
1800 3341 1920 3396 qnzn
1957 3327 2106 3394 prius

525 3427 680 3473 erant
708 3417 974 3488 languidae
998 3433 1012 3482 ;
1043 3426 1101 3471 et
1133 3417 1249 3472 haec
1273 3431 1393 3485 qua:
1416 3415 1641 3471 cernitis
1671 3431 1862 3486 Opera.
1889 3417 2106 3472 roboris

526 3523 781 3564 manuum
819 3523 1012 3578 magna
1048 3517 1100 3562 et
1127 3507 1412 3577 perspicua
1443 3518 1765 3574 argumenta
1785 3517 1932 3561 sunt.
1963 3507 2103 3574 Quin

524 3610 580 3654 et
600 3615 772 3669 genua
799 3599 888 3653 illa
913 3615 1032 3670 quae
1053 3598 1374 3670 jamdudum
1404 3599 1684 3654 debilitata
1708 3611 1867 3656 erant
1897 3615 1961 3655 ac
1997 3601 2107 3654 tlis-

525 3693 724 3755 soluta,
761 3707 907 3746 nunc
961 3701 1278 3760 recuperata
1336 3706 1624 3761 gressnum
1673 3691 1954 3752 lirmitate,
2023 3707 2108 3746 re-

525 3793 670 3835 ctam
719 3781 915 3834 divinm
939 3781 1264 3850 cognitionis
1310 3780 1564 3834 semitam
1611 3780 2014 3848 ingrediuntur,
2053 3791 2110 3834 et

527 3871 596 3924 ad
636 3876 916 3941 proprium
965 3871 1156 3940 optimi
1208 3871 1454 3926 Pastoris
1499 3859 1717 3940 gregem
1787 3882 2105 3941 properant.

527 3964 683 4030 Quod
716 3964 759 4018 si
792 3965 882 4034 qui
913 3966 1054 4020 forte
1094 3976 1454 4036 tyrannorum
1489 3966 1653 4020 minis
1704 3966 2108 4036 perterrefacti,

527 4057 726 4112 animis
750 4059 1166 4128 obtorpuerunt,
1199 4075 1268 4113 ne
1299 4059 1398 4112 hos
1425 4060 1650 4125 quidem
1714 4059 1977 4114 salutaris
2017 4059 2106 4113 Dei

529 4165 713 4204 sermo
739 4151 1042 4206 curationis
1095 4163 1348 4220 expertes
1395 4151 1692 4222 relinquit:
1733 4151 1828 4205 sed
1873 4152 2111 4218 benigne

528 4255 625 4298 eos
656 4243 916 4297 remediis
948 4241 1158 4307 fovens,
1191 4243 1258 4296 ad
1299 4243 1704 4312 percipiendam
1759 4243 1854 4297 Dei
1908 4257 2107 4297 conso-

531 4333 786 4389 lationem
812 4336 1016 4389 excitat
1047 4334 1134 4388 Itis
1175 4335 1396 4390 verbis:
1440 4353 1459 4386 ι
1489 4334 1987 4405 Consolamini,vos
2015 4351 2110 4404 pu-

529 4424 828 4480 sillanimes
859 4444 874 4482 :
919 4423 1332 4493 confortamini,
1366 4426 1534 4480 nolite
1561 4425 1754 4480 timere
1787 4425 1860 4480 ”.
1900 4445 1919 4479 ι
1973 4425 2108 4480 Cum

2207 3250 2300 3305 θεν
2322 3250 2600 3322 ὠχυροῦτο
2624 3268 2689 3304 πε
2697 3250 2907 3322 ρίϐολον
2933 3250 3010 3321 τῷ
3029 3250 3122 3304 τοῦ
3153 3251 3353 3315 παντὸς
3385 3269 3451 3304 πε
3461 3252 3799 3324 ριτειχίσμα-

2205 3359 2279 3408 τι,
2310 3341 2386 3406 ὡς
2416 3341 2482 3395 ἂν
2525 3343 2931 3412 ἀσφαλέστατον
2961 3341 3046 3412 εἴη
3081 3341 3176 3396 τοῦ
3212 3343 3413 3406 παντὸς
3441 3343 3623 3414 ἕρκος.
3655 3343 3800 3415 Πρό-

2207 3434 2376 3487 πυλον
2405 3433 2461 3487 δὲ
2493 3434 2635 3506 μέγα
2677 3435 2768 3488 καὶ
2807 3435 2887 3498 εἰς
2928 3433 3061 3503 ὕψος
3107 3433 3420 3505 ἐπηρμένον
3452 3433 3588 3506 πρὸς
3626 3431 3800 3498 αὐτὰς

2207 3525 2517 3598 ἀνίσχοντος
2552 3525 2703 3597 ήλίου
2749 3527 2974 3588 ἀκτῖνας
3017 3525 3388 3588 ἀναπετάσας,
3424 3525 3524 3597 ήδη
3559 3524 3654 3578 καὶ
3685 3527 3801 3589 τοῖς

2211 3618 2429 3691 μακρὰν
2463 3617 2763 3690 περιϐόλων
2798 3618 2903 3682 ἔξω
2941 3616 3102 3688 ἱερῶν
3135 3616 3357 3680 ἑστῶσι,
3387 3617 3489 3686 τῆς
3516 3617 3626 3670 τῶν
3651 3615 3800 3671 ἔνδον

2209 3711 2482 3782 παρέσχεν
2530 3709 2790 3781 ἀφθονίαν
2839 3708 2986 3773 θέας,
3036 3709 3318 3780 μονονουχὶ
3345 3708 3440 3782 κα).
3482 3709 3592 3762 τῶν
3636 3708 3797 3762 ἁλλο-

2207 3803 2376 3878 τρίων
2397 3806 2496 3874 τῆς
2521 3803 2757 3866 πίστεως
2788 3801 2880 3855 ἐπὶ
2910 3800 3007 3867 τὰς
3035 3800 3256 3873 πρώτας
3279 3801 3517 3864 εἰσόδους
3547 3799 3800 3872 ὲπιστρέ·⁵

2210 3911 2324 3964 (ρων
2357 3895 2454 3958 τὰς
2482 3893 2653 3965 δψεις,
2690 3893 2764 3956 ὡς
2790 3891 2852 3946 ἂν
2883 3892 2957 3964 μὴ
2992 3893 3314 3964 παρατρὲχῃ
3343 3910 3448 3957 τις,
3479 3894 3562 3946 ὅτι
3599 3892 3672 3962 μὴ
3697 3889 3799 3962 τὴν

2208 3985 2384 4056 ψυχὴν
2415 3985 2739 4052 κατανυγεὶς
2772 3984 3035 4054 πρότερον
3067 3985 3256 4055 μνήμῃ
3285 3984 3383 4054 τῆς
3413 4000 3474 4036 τε
3508 3984 3640 4056 πρὶν
3670 3985 3801 4054 ἐρη-

2214 4078 2362 4148 μίας,
2417 4077 2514 4130 καὶ
2557 4077 2657 4146 τῆς
2700 4075 2796 4128 νῦν
2844 4076 3149 4146 παραδόξου
3203 4075 3670 4147 θαυματουργίας,
3703 4075 3798 4144 ὑφ’

2209 4165 2279 4240 ἦς
2307 4167 2450 4238 τάχα
2491 4167 2584 4220 καὶ
2627 4166 3056 4238 ἐλκυσθήσεσθαι
3096 4167 3490 4235 κατανυγέντα,
3520 4165 3616 4220 καὶ
3661 4163 3801 4236 πρὸς

2211 4258 2382 4328 αὐτῆς
2422 4257 2522 4328 τῆς
2571 4257 2746 4326 ὅψεως
2789 4257 2884 4310 ἐπὶ
2915 4255 3012 4328 τὴν
3056 4256 3262 4309 εἴσοδον
3313 4255 3798 4328 προτραπήσεσθαι

2211 4348 2458 4420 ήλπισεν.
2489 4348 2635 4402 Είσω
2659 4347 2716 4400 δὲ
2745 4345 3067 4419 παρελθόντι
3102 4345 3306 4410 πυλῶν,
3369 4348 3472 4401 οὐκ
3503 4345 3666 4410 εὐθὺς
3697 4347 3800 4416 scp-

2212 4439 2344 4511 ἧκεν
2371 4438 2624 4508 ἀνάγνοις
2647 4439 2739 4492 καὶ
2761 4439 3004 4502 ἀνίπτοις
3033 4439 3160 4492 ποσὶ
3187 4439 3294 4492 τῶν
3325 4439 3468 4493 ἔνδον
3499 4437 3800 4492 ἐπιϐαίνειν

529 4517 698 4588 igitur
728 4533 902 4573 novus
933 4519 1022 4572 hic
1060 4529 1243 4572 noster
1282 4529 1336 4572 ct
1365 4519 1620 4590 egregius
1651 4515 1976 4584 Zurobabel,
2021 4533 2106 4572 so-

2219 4534 2412 4602 ἁγίων,
2447 4531 2717 4586 διαλαϐὼν
2755 4533 2814 4586 δὲ
2847 4531 3095 4586 πλεῖστον
3125 4535 3248 4586 ὅσον
3288 4533 3346 4585 τὸ
3381 4532 3586 4604 μεταξὺ
3613 4531 3705 4585 τοῦ
3737 4548 3798 4586 τε

530 4609 828 4665 lcrlissimo
881 4613 1080 4667 mentis
1136 4613 1392 4667 acumine
1445 4611 1807 4667 intellexisset
1861 4612 2008 4676 fore,
2055 4621 2114 4665 ut

530 4700 622 4756 illa
650 4717 774 4770 qua!
812 4714 1036 4774 propter
1078 4703 1244 4758 Deum
1279 4705 1497 4759 deserta
1535 4703 1734 4766 fuerat,
1778 4703 2112 4773 supradictis

527 4791 688 4846 bonis
716 4795 866 4848 brevi
898 4795 1190 4860 frueretur,
1210 4796 1667 4865 quemadmodum
1694 4795 1910 4850 divinus
1928 4811 2111 4852 sermo

531 4883 898 4953 pra'dixerat:
933 4896 1057 4954 post
1093 4891 1352 4943 acerbam
1402 4887 1551 4942 illam
1602 4888 2001 4956 captivitatem,
2057 4897 2111 4942 et

529 4983 652 5042 post
681 4977 1145 5032 ahomiuationcm
1178 4979 1558 5044 desolatiouis,
1609 4981 1842 5058 cadaver
1873 4982 1974 5034 hoc
2008 4980 2110 5034 mi-

2219 4624 2323 4681 νεὼ
2356 4626 2452 4680 καὶ
2493 4625 2601 4678 τῶν
2641 4623 2874 4698 πρῶτων
2919 4625 3156 4684 εἰσόδων,
3206 4624 3462 4696 τέτταρσι
3511 4625 3609 4694 μὲν
3641 4623 3802 4696 πέριξ

2217 4715 2532 4790 ὲγκαρσίοις
2573 4715 2952 4787 κατεκόσμησε
2999 4718 3200 4780 στοαῖς,
3247 4716 3328 4779 είς
3375 4701 3718 4788 τετράγωνόν
3746 4732 3796 4768 τι

2221 4809 2406 4880 σχῆμα
2435 4807 2779 4880 περιφράξας
2827 4807 2920 4860 τὸν
2959 4807 3124 4861 τόπον
3151 4807 3284 4878 (εει),
3315 4806 3457 4860 κίοσι
3527 4805 3800 4876 πανταχό-

2219 4899 2308 4954 θεν
2357 4899 2776 4970 ὲπαιρομέναις·
2828 4893 2903 4952 ὧν
2953 4898 3023 4952 τά
3074 4891 3215 4970 μέσα
3255 4899 3366 4969 (23)
3421 4898 3800 4970 διαφράγμασι

2215 4995 2328 5056 τοῖς
2361 4991 2468 5046 ἀπὸ
2513 4990 2670 5056 ξύλου
2701 4991 3015 5055 δικτυωτοῖς
3049 4992 3107 5054 ἐς
3150 4990 3212 5044 τὸ
3258 4989 3572 5061 σύμμετρον
3605 4990 3801 5060 ἥκουσι

598 5114 967 5194 "Pa-3'35“.
999 5119 1022 5172 Ι
1059 5117 1112 5170 4.
1187 5117 1488 5194 ’ξιιιὶειπ-β,
1515 5119 1605 5194 _7._
1649 5119 1698 5152 ⁸³
1735 5117 1874 5174 Psal.
1919 5133 2112 5194 Lxxnt,
2146 5127 2272 5192 5,6.
2328 5122 2546 5179 "ilbid.
2573 5123 2626 5178 7.
2703 5123 2748 5154 ⁸³
2768 5121 2910 5175 Psal.
2939 5121 3223 5185 unm”.
3295 5120 3341 5152 ⁸⁸
3367 5120 3504 5174 ibid.
3579 5118 3625 5151 ⁸⁷
3659 5117 3794 5174 lleb.

786 5185 831 5217 ⁸⁸
857 5187 960 5240 lsa.
997 5204 1160 5254 xxxv,
1211 5191 1264 5244 6.
1339 5189 1385 5242 "3
1409 5189 1550 5244 Ibid.
1577 5189 1632 5244 4.

599 5305 712 5377 (21)
733 5307 846 5378 Τὰς
858 5308 1821 5376 οἰκείαςἁπολαϐόνταβάσεις.8Ῐο
1832 5309 2114 5378 legendum

529 5389 644 5435 cst.
682 5388 740 5430 ut
770 5377 974 5431 habent
1007 5381 1162 5432 codd.
1200 5378 1364 5444 Med,
1399 5378 1534 5434 Fuk.
1567 5392 1622 5434 et
1655 5381 1822 5436 Savil.
1867 5377 1922 5434 et
1953 5381 2114 5444 Maz.,

533 5464 630 5514 pro
657 5449 874 5514 vulgato
896 5447 1262 5503 ἀπολαύοντα.
1295 5452 1370 5502 Ac
1393 5452 1637 5519 prol'cclo
1655 5453 1842 5512 miror,
1862 5461 2113 5504 neutrum

535 5519 889 5589 interpretem
924 5521 975 5570 id
1012 5521 1249 5586 vidisse,
1278 5537 1401 5574 cum
1431 5523 1739 5574 etuendatio
1775 5521 1827 5574 in
1862 5530 2114 5589 promptu

532 5588 622 5641 sit.
659 5599 713 5640 et
747 5589 920 5642 cuivis
942 5589 1124 5642 obvia.

598 5655 711 5730 (⁸22)
745 5659 850 5730 ιὲὶς
881 5657 1250 5730 τετράγωνόν
1276 5677 1330 5713 τι
1371 5658 1580 5730 σχῆμα
1611 5657 1980 5730 περιφράξας
2004 5656 2120 5730 τὸν

535 5727 740 5799 τόπον.
771 5727 1546 5799 PessimeChristophorsn'uus
1569 5734 1635 5785 de
1661 5727 1972 5786 siniciuario
2002 5729 2118 5782 haec

539 5797 771 5866 accepit,
794 5813 917 5855 cum
951 5801 1016 5856 de
1052 5797 1348 5866 spatiuillo
1378 5803 1632 5865 loquatur
1653 5800 1945 5865 Eusebius,
1969 5799 2114 5864 quod

529 5203 629 5250 xu,
656 5187 710 5241 6.

2225 5316 2346 5363 erat
2375 5307 2517 5360 inter
2545 5304 2868 5358 vestibulum
2903 5313 2952 5356 et
2997 5301 3299 5355 basilicam.
3337 5301 3448 5354 lloc
3483 5303 3646 5372 igitur
3683 5319 3796 5370 span

2226 5383 2360 5434 tium
2423 5379 2476 5429 in
2549 5375 2906 5445 qnam-anguli
2963 5374 3196 5445 spicient
3257 5373 3608 5433 (τοίη-Ιηκιιηι,
3664 5390 3801 5443 qna-

2230 5459 2352 5502 tnor
2375 5440 2608 5516 obliquis
2636 5440 2934 5514 porticibus
2967 5460 2996 5496 a
3023 5440 3252 5495 Paulino
3281 5455 3603 5496 exornatum
3633 5440 3802 5500 luisse

2228 5521 2380 5573 dicit.

2300 5589 2412 5660 ('25)
2445 5581 2558 5660 ίὮν
2582 5585 2654 5638 τὰ
2681 5583 2863 5660 μέσα.
2898 5580 3098 5660 Supple
3126 5581 3338 5660 κιόνων.
3367 5585 3556 5660 Itaque
3589 5601 3608 5634 ι
3637 5584 3800 5660 inter-

2226 5652 2498 5712 cui‘nmnia
2535 5675 2554 5707 ι
2591 5652 2756 5715 verti,
2791 5668 2898 5706 non
2939 5655 3103 5716 male,
3138 5664 3196 5705 nt
3230 5656 3441 5722 npiitor.
3483 5652 3606 5707 llaec
3636 5655 3801 5720 igitur

2226 5727 2664 5788 intercolumnia,
2691 5725 2766 5778 ait
2787 5723 3078 5787 Eusebius,
3094 5723 3332 5790 undique
3350 5725 3606 5776 conclusa
3631 5723 3799 5778 fuisse

2226 5798 2501 5862 repagulis
2533 5795 2727 5863 ligneis
2751 5793 3096 5858 cancellatis,
3123 5793 3174 5847 in
3200 5793 3530 5848 mediocrem
3558 5793 3800 5848 altitudi-
