  <div class='ocr_page' id='page_1' title='image "/cluster/home/n/w/nwhite01/storage/ocr_20150623/20:no.2/coo.31924054873009/444.png"; bbox 0 0 4210 6414; ppageno 0'>
   <div class='ocr_carea' id='block_1_1' title="bbox 384 322 490 379">
    <p class='ocr_par' dir='ltr' id='par_1_1' title="bbox 384 322 490 379">
     <span class='ocr_line' id='line_1_1' title="bbox 384 322 490 379; baseline 0.019 -2"><span class='ocrx_word' id='word_1_1' title='bbox 384 322 490 379; x_wconf 80' lang='lat'><strong>865</strong></span> 
     </span>
    </p>
   </div>
   <div class='ocr_carea' id='block_1_2' title="bbox 1412 313 2633 374">
    <p class='ocr_par' dir='ltr' id='par_1_2' title="bbox 1412 313 2633 374">
     <span class='ocr_line' id='line_1_2' title="bbox 1412 313 2633 374; baseline -0.002 -1"><span class='ocrx_word' id='word_1_2' title='bbox 1412 316 1759 374; x_wconf 63' lang='lat' dir='ltr'><strong>IIISTOR&#39;JE</strong></span> <span class='ocrx_word' id='word_1_3' title='bbox 1800 313 2360 371; x_wconf 60' lang='lat' dir='ltr'><strong>ECCLESIASTICE</strong></span> <span class='ocrx_word' id='word_1_4' title='bbox 2398 316 2524 371; x_wconf 79' lang='lat' dir='ltr'><strong>LIB.</strong></span> <span class='ocrx_word' id='word_1_5' title='bbox 2565 316 2633 372; x_wconf 76' lang='grc' dir='ltr'>Χ.</span> 
     </span>
    </p>
   </div>
   <div class='ocr_carea' id='block_1_3' title="bbox 3552 325 3659 383">
    <p class='ocr_par' dir='ltr' id='par_1_3' title="bbox 3552 325 3659 383">
     <span class='ocr_line' id='line_1_3' title="bbox 3552 325 3659 383; baseline 0.028 -3"><span class='ocrx_word' id='word_1_6' title='bbox 3552 325 3659 383; x_wconf 80' lang='lat'><strong>866</strong></span> 
     </span>
    </p>
   </div>
   <div class='ocr_carea' id='block_1_4' title="bbox 388 432 1964 512">
    <p class='ocr_par' dir='ltr' id='par_1_4' title="bbox 388 432 1964 512">
     <span class='ocr_line' id='line_1_4' title="bbox 388 432 1964 512; baseline -0.003 -20"><span class='ocrx_word' id='word_1_7' title='bbox 388 440 597 510; x_wconf 76' lang='grc' dir='ltr'>μήκους</span> <span class='ocrx_word' id='word_1_8' title='bbox 625 438 993 512; x_wconf 73' lang='grc' dir='ltr'><strong>περικλείσας,</strong></span> <span class='ocrx_word' id='word_1_9' title='bbox 1029 437 1193 510; x_wconf 87' lang='grc' dir='ltr'>μέσον</span> <span class='ocrx_word' id='word_1_10' title='bbox 1221 436 1429 509; x_wconf 79' lang='grc' dir='ltr'><strong>αἴθριον</strong></span> <span class='ocrx_word' id='word_1_11' title='bbox 1460 437 1612 508; x_wconf 68' lang='grc' dir='ltr'>ήφίει</span> <span class='ocrx_word' id='word_1_12' title='bbox 1639 435 1751 507; x_wconf 66' lang='grc'>(24)</span> <span class='ocrx_word' id='word_1_13' title='bbox 1775 436 1855 497; x_wconf 83' lang='grc' dir='ltr'>εἰς</span> <span class='ocrx_word' id='word_1_14' title='bbox 1877 432 1964 505; x_wconf 59' lang='lat' dir='ltr'><strong>rip</strong></span> 
     </span>
    </p>
   </div>
   <div class='ocr_carea' id='block_1_5' title="bbox 2058 432 3655 512">
    <p class='ocr_par' dir='ltr' id='par_1_5' title="bbox 2081 434 3655 502">
     <span class='ocr_line' id='line_1_5' title="bbox 2081 434 3655 502; baseline 0.01 -17"><span class='ocrx_word' id='word_1_15' title='bbox 2081 435 2226 487; x_wconf 89' lang='lat' dir='ltr'><strong>nime</strong></span> <span class='ocrx_word' id='word_1_16' title='bbox 2255 435 2511 502; x_wconf 78' lang='lat' dir='ltr'><strong>neglexit.</strong></span> <span class='ocrx_word' id='word_1_17' title='bbox 2548 434 2655 489; x_wconf 87' lang='lat' dir='ltr'><strong>Sed</strong></span> <span class='ocrx_word' id='word_1_18' title='bbox 2696 452 2818 491; x_wconf 87' lang='lat' dir='ltr'><strong>cum</strong></span> <span class='ocrx_word' id='word_1_19' title='bbox 2863 446 2989 492; x_wconf 86' lang='lat' dir='ltr'><strong>ante</strong></span> <span class='ocrx_word' id='word_1_20' title='bbox 3017 438 3199 493; x_wconf 81' lang='lat' dir='ltr'><strong>omnia</strong></span> <span class='ocrx_word' id='word_1_21' title='bbox 3234 438 3403 496; x_wconf 81' lang='lat' dir='ltr'><strong>Deum</strong></span> <span class='ocrx_word' id='word_1_22' title='bbox 3438 441 3655 500; x_wconf 88' lang='lat' dir='ltr'><strong>Patrem</strong></span> 
     </span>
    </p>
   </div>
   <div class='ocr_carea' id='block_1_6' title="bbox 385 528 1974 602">
    <p class='ocr_par' dir='ltr' id='par_1_6' title="bbox 385 528 1974 602">
     <span class='ocr_line' id='line_1_6' title="bbox 385 528 1974 602; baseline 0.001 -22"><span class='ocrx_word' id='word_1_23' title='bbox 385 529 479 581; x_wconf 67' lang='grc' dir='ltr'>τοῦ</span> <span class='ocrx_word' id='word_1_24' title='bbox 522 530 752 602; x_wconf 78' lang='grc' dir='ltr'>ούρανοῦ</span> <span class='ocrx_word' id='word_1_25' title='bbox 789 530 1037 601; x_wconf 71' lang='grc' dir='ltr'>κάτοψιν,</span> <span class='ocrx_word' id='word_1_26' title='bbox 1087 530 1338 602; x_wconf 84' lang='grc' dir='ltr'>λαμπρὸν</span> <span class='ocrx_word' id='word_1_27' title='bbox 1385 532 1480 584; x_wconf 73' lang='grc' dir='ltr'><strong>καὶ</strong></span> <span class='ocrx_word' id='word_1_28' title='bbox 1513 534 1634 593; x_wconf 85' lang='grc' dir='ltr'>ταῖς</span> <span class='ocrx_word' id='word_1_29' title='bbox 1664 528 1758 582; x_wconf 75' lang='grc' dir='ltr'>τοῦ</span> <span class='ocrx_word' id='word_1_30' title='bbox 1796 529 1974 598; x_wconf 70' lang='grc' dir='ltr'>φωτὸς</span> 
     </span>
    </p>
   </div>
   <div class='ocr_carea' id='block_1_7' title="bbox 390 619 1975 693">
    <p class='ocr_par' dir='ltr' id='par_1_7' title="bbox 390 619 1975 693">
     <span class='ocr_line' id='line_1_7' title="bbox 390 619 1975 693; baseline -0.001 -19"><span class='ocrx_word' id='word_1_31' title='bbox 390 620 603 674; x_wconf 70' lang='grc' dir='ltr'>Ξκτισιν</span> <span class='ocrx_word' id='word_1_32' title='bbox 633 622 915 693; x_wconf 81' lang='grc' dir='ltr'><strong>ἀνειμένον</strong></span> <span class='ocrx_word' id='word_1_33' title='bbox 949 622 1085 693; x_wconf 82' lang='grc' dir='ltr'>ἀέρα</span> <span class='ocrx_word' id='word_1_34' title='bbox 1135 622 1394 693; x_wconf 86' lang='grc' dir='ltr'>παρέχον.</span> <span class='ocrx_word' id='word_1_35' title='bbox 1442 621 1623 692; x_wconf 80' lang='grc' dir='ltr'>Ἱερῶν</span> <span class='ocrx_word' id='word_1_36' title='bbox 1661 621 1707 673; x_wconf 81' lang='grc' dir='ltr'>δ’</span> <span class='ocrx_word' id='word_1_37' title='bbox 1736 619 1975 673; x_wconf 75' lang='grc' dir='ltr'>ἐνταῦθα</span> 
     </span>
    </p>
   </div>
   <div class='ocr_carea' id='block_1_8' title="bbox 397 712 1971 787">
    <p class='ocr_par' dir='ltr' id='par_1_8' title="bbox 397 712 1971 787">
     <span class='ocr_line' id='line_1_8' title="bbox 397 712 1971 787; baseline -0.001 -21"><span class='ocrx_word' id='word_1_38' title='bbox 397 712 705 785; x_wconf 74' lang='grc' dir='ltr'>καθαρσίων</span> <span class='ocrx_word' id='word_1_39' title='bbox 725 716 891 767; x_wconf 77' lang='grc' dir='ltr'>ἐτίθει</span> <span class='ocrx_word' id='word_1_40' title='bbox 916 714 1180 785; x_wconf 84' lang='grc' dir='ltr'>σύμϐολα,</span> <span class='ocrx_word' id='word_1_41' title='bbox 1195 717 1401 787; x_wconf 86' lang='grc' dir='ltr'>κρήνας</span> <span class='ocrx_word' id='word_1_42' title='bbox 1426 715 1685 784; x_wconf 84' lang='grc' dir='ltr'>ἄντικρυς</span> <span class='ocrx_word' id='word_1_43' title='bbox 1710 716 1788 777; x_wconf 83' lang='grc' dir='ltr'>εἰς</span> <span class='ocrx_word' id='word_1_44' title='bbox 1803 714 1971 785; x_wconf 87' lang='grc' dir='ltr'>πρόσ-</span> 
     </span>
    </p>
   </div>
   <div class='ocr_carea' id='block_1_9' title="bbox 389 805 1971 877">
    <p class='ocr_par' dir='ltr' id='par_1_9' title="bbox 389 805 1971 877">
     <span class='ocr_line' id='line_1_9' title="bbox 389 805 1971 877; baseline -0.001 -19"><span class='ocrx_word' id='word_1_45' title='bbox 389 823 536 858; x_wconf 79' lang='grc' dir='ltr'>ωπον</span> <span class='ocrx_word' id='word_1_46' title='bbox 570 805 947 870; x_wconf 75' lang='grc' dir='ltr'><strong>ἐπισκευάζων</strong></span> <span class='ocrx_word' id='word_1_47' title='bbox 976 807 1070 859; x_wconf 74' lang='grc' dir='ltr'>τοῦ</span> <span class='ocrx_word' id='word_1_48' title='bbox 1104 806 1228 869; x_wconf 86' lang='grc' dir='ltr'>νεὼ,</span> <span class='ocrx_word' id='word_1_49' title='bbox 1260 806 1441 877; x_wconf 82' lang='grc' dir='ltr'>πολλῷ</span> <span class='ocrx_word' id='word_1_50' title='bbox 1472 806 1550 877; x_wconf 81' lang='grc' dir='ltr'>τῷ</span> <span class='ocrx_word' id='word_1_51' title='bbox 1610 805 1844 876; x_wconf 85' lang='grc' dir='ltr'>χεύματι</span> <span class='ocrx_word' id='word_1_52' title='bbox 1876 805 1971 858; x_wconf 80' lang='grc' dir='ltr'><strong>τοῦ</strong></span> 
     </span>
    </p>
   </div>
   <div class='ocr_carea' id='block_1_10' title="bbox 390 897 1973 970">
    <p class='ocr_par' dir='ltr' id='par_1_10' title="bbox 390 897 1973 970">
     <span class='ocr_line' id='line_1_10' title="bbox 390 897 1973 970; baseline -0.003 -17"><span class='ocrx_word' id='word_1_53' title='bbox 390 897 632 967; x_wconf 79' lang='grc' dir='ltr'><strong>νάματος</strong></span> <span class='ocrx_word' id='word_1_54' title='bbox 658 901 770 961; x_wconf 90' lang='grc' dir='ltr'>τοῖς</span> <span class='ocrx_word' id='word_1_55' title='bbox 799 898 1098 970; x_wconf 89' lang='grc' dir='ltr'>περιϐόλων</span> <span class='ocrx_word' id='word_1_56' title='bbox 1145 898 1304 970; x_wconf 80' lang='grc' dir='ltr'>ἱερῶν</span> <span class='ocrx_word' id='word_1_57' title='bbox 1336 899 1429 951; x_wconf 75' lang='grc' dir='ltr'>ἐπὶ</span> <span class='ocrx_word' id='word_1_58' title='bbox 1474 898 1543 951; x_wconf 77' lang='grc' dir='ltr'>τὰ</span> <span class='ocrx_word' id='word_1_59' title='bbox 1581 897 1688 950; x_wconf 78' lang='grc' dir='ltr'>ἔσω</span> <span class='ocrx_word' id='word_1_60' title='bbox 1724 898 1973 969; x_wconf 76' lang='grc' dir='ltr'>προϊοῦσι</span> 
     </span>
    </p>
   </div>
   <div class='ocr_carea' id='block_1_11' title="bbox 386 988 1974 1060">
    <p class='ocr_par' dir='ltr' id='par_1_11' title="bbox 386 988 1974 1060">
     <span class='ocr_line' id='line_1_11' title="bbox 386 988 1974 1060; baseline 0.001 -20"><span class='ocrx_word' id='word_1_61' title='bbox 386 988 485 1059; x_wconf 75' lang='grc' dir='ltr'>τὴν</span> <span class='ocrx_word' id='word_1_62' title='bbox 512 988 817 1059; x_wconf 70' lang='grc' dir='ltr'>ἀπορρυψιν</span> <span class='ocrx_word' id='word_1_63' title='bbox 844 988 1241 1059; x_wconf 86' lang='grc' dir='ltr'>παρεχομένας.</span> <span class='ocrx_word' id='word_1_64' title='bbox 1276 990 1387 1042; x_wconf 79' lang='grc' dir='ltr'>Καὶ</span> <span class='ocrx_word' id='word_1_65' title='bbox 1418 988 1607 1060; x_wconf 80' lang='grc' dir='ltr'><strong>πρώτη</strong></span> <span class='ocrx_word' id='word_1_66' title='bbox 1650 988 1749 1059; x_wconf 75' lang='grc' dir='ltr'><strong>μὲν</strong></span> <span class='ocrx_word' id='word_1_67' title='bbox 1778 988 1974 1041; x_wconf 76' lang='grc' dir='ltr'>εἰσιόν-</span> 
     </span>
    </p>
   </div>
   <div class='ocr_carea' id='block_1_12' title="bbox 388 1076 1972 1149">
    <p class='ocr_par' dir='ltr' id='par_1_12' title="bbox 388 1076 1972 1149">
     <span class='ocr_line' id='line_1_12' title="bbox 388 1076 1972 1149; baseline -0.001 -19"><span class='ocrx_word' id='word_1_68' title='bbox 388 1095 498 1131; x_wconf 88' lang='grc' dir='ltr'><strong>των</strong></span> <span class='ocrx_word' id='word_1_69' title='bbox 550 1078 689 1149; x_wconf 74' lang='grc' dir='ltr'>αὕτη</span> <span class='ocrx_word' id='word_1_70' title='bbox 723 1078 995 1148; x_wconf 79' lang='grc' dir='ltr'>διατριϐὴ,</span> <span class='ocrx_word' id='word_1_71' title='bbox 1046 1077 1248 1147; x_wconf 82' lang='grc' dir='ltr'>κόσμον</span> <span class='ocrx_word' id='word_1_72' title='bbox 1290 1076 1426 1148; x_wconf 78' lang='grc' dir='ltr'>ὁμοῦ</span> <span class='ocrx_word' id='word_1_73' title='bbox 1477 1077 1568 1130; x_wconf 67' lang='grc' dir='ltr'><strong>καὶ</strong></span> <span class='ocrx_word' id='word_1_74' title='bbox 1622 1078 1852 1144; x_wconf 72' lang='grc' dir='ltr'>ἀγλαΐαν</span> <span class='ocrx_word' id='word_1_75' title='bbox 1892 1077 1972 1148; x_wconf 82' lang='grc' dir='ltr'><strong>τῷ</strong></span> 
     </span>
    </p>
   </div>
   <div class='ocr_carea' id='block_1_13' title="bbox 389 1167 1968 1242">
    <p class='ocr_par' dir='ltr' id='par_1_13' title="bbox 389 1167 1968 1242">
     <span class='ocr_line' id='line_1_13' title="bbox 389 1167 1968 1242; baseline -0.001 -19"><span class='ocrx_word' id='word_1_76' title='bbox 389 1171 571 1234; x_wconf 80' lang='grc' dir='ltr'>παντὶ,</span> <span class='ocrx_word' id='word_1_77' title='bbox 606 1174 717 1233; x_wconf 81' lang='grc' dir='ltr'>τοῖς</span> <span class='ocrx_word' id='word_1_78' title='bbox 746 1187 806 1223; x_wconf 86' lang='grc' dir='ltr'><strong>τε</strong></span> <span class='ocrx_word' id='word_1_79' title='bbox 827 1170 935 1223; x_wconf 84' lang='grc' dir='ltr'><strong>τῶν</strong></span> <span class='ocrx_word' id='word_1_80' title='bbox 967 1168 1197 1242; x_wconf 79' lang='grc' dir='ltr'>πρώτων</span> <span class='ocrx_word' id='word_1_81' title='bbox 1224 1168 1541 1238; x_wconf 78' lang='grc' dir='ltr'>εἰσαγωγῶν</span> <span class='ocrx_word' id='word_1_82' title='bbox 1568 1167 1648 1221; x_wconf 78' lang='grc' dir='ltr'><strong>ἔτι</strong></span> <span class='ocrx_word' id='word_1_83' title='bbox 1675 1168 1968 1238; x_wconf 79' lang='grc' dir='ltr'>δεομένοις,</span> 
     </span>
    </p>
   </div>
   <div class='ocr_carea' id='block_1_14' title="bbox 388 1260 1970 1335">
    <p class='ocr_par' dir='ltr' id='par_1_14' title="bbox 388 1260 1970 1335">
     <span class='ocr_line' id='line_1_14' title="bbox 388 1260 1970 1335; baseline -0.001 -20"><span class='ocrx_word' id='word_1_84' title='bbox 388 1263 720 1334; x_wconf 80' lang='grc' dir='ltr'>κατάλληλον</span> <span class='ocrx_word' id='word_1_85' title='bbox 763 1263 861 1333; x_wconf 86' lang='grc' dir='ltr'>τὴν</span> <span class='ocrx_word' id='word_1_86' title='bbox 913 1263 1079 1335; x_wconf 80' lang='grc' dir='ltr'>μονὴν</span> <span class='ocrx_word' id='word_1_87' title='bbox 1125 1262 1491 1335; x_wconf 86' lang='grc' dir='ltr'>παρεχομένη.</span> <span class='ocrx_word' id='word_1_88' title='bbox 1542 1261 1701 1314; x_wconf 80' lang='grc' dir='ltr'>Ἀλλά</span> <span class='ocrx_word' id='word_1_89' title='bbox 1732 1260 1842 1333; x_wconf 76' lang='grc' dir='ltr'><strong>γὰρ</strong></span> <span class='ocrx_word' id='word_1_90' title='bbox 1876 1263 1970 1315; x_wconf 72' lang='grc' dir='ltr'><strong>καὶ</strong></span> 
     </span>
    </p>
   </div>
   <div class='ocr_carea' id='block_1_15' title="bbox 386 1353 1970 1425">
    <p class='ocr_par' dir='ltr' id='par_1_15' title="bbox 386 1353 1970 1425">
     <span class='ocr_line' id='line_1_15' title="bbox 386 1353 1970 1425; baseline -0.002 -17"><span class='ocrx_word' id='word_1_91' title='bbox 386 1356 486 1425; x_wconf 77' lang='grc' dir='ltr'><strong>τὴν</strong></span> <span class='ocrx_word' id='word_1_92' title='bbox 513 1354 718 1408; x_wconf 87' lang='grc' dir='ltr'>τούτων</span> <span class='ocrx_word' id='word_1_93' title='bbox 771 1354 899 1408; x_wconf 82' lang='grc' dir='ltr'>θέαν</span> <span class='ocrx_word' id='word_1_94' title='bbox 941 1354 1427 1425; x_wconf 60' lang='grc' dir='ltr'>παραμειψάμενος</span> <span class='ocrx_word' id='word_1_95' title='bbox 1450 1353 1584 1424; x_wconf 76' lang='lat'><strong>(‘25),</strong></span> <span class='ocrx_word' id='word_1_96' title='bbox 1620 1354 1861 1407; x_wconf 86' lang='grc' dir='ltr'>πλείοσιν</span> <span class='ocrx_word' id='word_1_97' title='bbox 1890 1353 1970 1405; x_wconf 78' lang='grc' dir='ltr'><strong>ἔτι</strong></span> 
     </span>
    </p>
   </div>
   <div class='ocr_carea' id='block_1_16' title="bbox 391 1442 1968 1515">
    <p class='ocr_par' dir='ltr' id='par_1_16' title="bbox 391 1442 1968 1515">
     <span class='ocr_line' id='line_1_16' title="bbox 391 1442 1968 1515; baseline -0.002 -18"><span class='ocrx_word' id='word_1_98' title='bbox 391 1443 589 1515; x_wconf 82' lang='grc' dir='ltr'>μᾶλλον</span> <span class='ocrx_word' id='word_1_99' title='bbox 625 1447 739 1506; x_wconf 85' lang='grc' dir='ltr'>τοῖς</span> <span class='ocrx_word' id='word_1_100' title='bbox 789 1444 1053 1497; x_wconf 74' lang='grc' dir='ltr'>ἐνδοτάτω</span> <span class='ocrx_word' id='word_1_101' title='bbox 1098 1443 1396 1513; x_wconf 75' lang='grc' dir='ltr'>προπόλοις</span> <span class='ocrx_word' id='word_1_102' title='bbox 1427 1442 1526 1506; x_wconf 84' lang='grc' dir='ltr'>τὰς</span> <span class='ocrx_word' id='word_1_103' title='bbox 1575 1445 1667 1495; x_wconf 75' lang='grc' dir='ltr'><strong>ἐπὶ</strong></span> <span class='ocrx_word' id='word_1_104' title='bbox 1701 1443 1793 1497; x_wconf 82' lang='grc' dir='ltr'><strong>τὸν</strong></span> <span class='ocrx_word' id='word_1_105' title='bbox 1832 1442 1968 1498; x_wconf 81' lang='grc' dir='ltr'>νεὼν</span> 
     </span>
    </p>
   </div>
   <div class='ocr_carea' id='block_1_17' title="bbox 388 1533 1966 1607">
    <p class='ocr_par' dir='ltr' id='par_1_17' title="bbox 388 1533 1966 1607">
     <span class='ocr_line' id='line_1_17' title="bbox 388 1533 1966 1607; baseline 0.001 -20"><span class='ocrx_word' id='word_1_106' title='bbox 388 1533 653 1607; x_wconf 69' lang='grc' dir='ltr'>παρόδους</span> <span class='ocrx_word' id='word_1_107' title='bbox 682 1534 1136 1605; x_wconf 80' lang='grc' dir='ltr'>ἀναπεπταμένας</span> <span class='ocrx_word' id='word_1_108' title='bbox 1172 1533 1365 1597; x_wconf 77' lang='grc' dir='ltr'>ἐποίει,</span> <span class='ocrx_word' id='word_1_109' title='bbox 1402 1534 1507 1587; x_wconf 83' lang='grc' dir='ltr'><strong>ὑπὸ</strong></span> <span class='ocrx_word' id='word_1_110' title='bbox 1543 1534 1640 1604; x_wconf 81' lang='grc' dir='ltr'><strong>μὲν</strong></span> <span class='ocrx_word' id='word_1_111' title='bbox 1667 1537 1785 1597; x_wconf 88' lang='grc' dir='ltr'>ταῖς</span> <span class='ocrx_word' id='word_1_112' title='bbox 1816 1535 1966 1604; x_wconf 82' lang='grc' dir='ltr'>ἡλίου</span> 
     </span>
    </p>
   </div>
   <div class='ocr_carea' id='block_1_18' title="bbox 389 1624 1964 1699">
    <p class='ocr_par' dir='ltr' id='par_1_18' title="bbox 389 1624 1964 1699">
     <span class='ocr_line' id='line_1_18' title="bbox 389 1624 1964 1699; baseline -0.001 -20"><span class='ocrx_word' id='word_1_113' title='bbox 389 1626 571 1697; x_wconf 84' lang='grc' dir='ltr'>βολαῖς</span> <span class='ocrx_word' id='word_1_114' title='bbox 602 1624 757 1690; x_wconf 79' lang='grc' dir='ltr'>αὖθις</span> <span class='ocrx_word' id='word_1_115' title='bbox 784 1631 931 1699; x_wconf 78' lang='grc' dir='ltr'>τρεῖς</span> <span class='ocrx_word' id='word_1_116' title='bbox 961 1626 1137 1690; x_wconf 81' lang='grc' dir='ltr'>πύλας</span> <span class='ocrx_word' id='word_1_117' title='bbox 1174 1626 1264 1696; x_wconf 84' lang='grc' dir='ltr'><strong>ὑφ’</strong></span> <span class='ocrx_word' id='word_1_118' title='bbox 1316 1626 1374 1680; x_wconf 83' lang='grc' dir='ltr'>ἓν</span> <span class='ocrx_word' id='word_1_119' title='bbox 1417 1626 1674 1690; x_wconf 76' lang='grc' dir='ltr'>καταθεὶς</span> <span class='ocrx_word' id='word_1_120' title='bbox 1705 1626 1964 1696; x_wconf 71' lang='grc' dir='ltr'>πλευρόψ</span> 
     </span>
    </p>
   </div>
   <div class='ocr_carea' id='block_1_19' title="bbox 384 1714 1965 1791">
    <p class='ocr_par' dir='ltr' id='par_1_19' title="bbox 384 1714 1965 1791">
     <span class='ocr_line' id='line_1_19' title="bbox 384 1714 1965 1791; baseline 0 -18"><span class='ocrx_word' id='word_1_121' title='bbox 384 1714 459 1773; x_wconf 79' lang='grc' dir='ltr'>ὧν</span> <span class='ocrx_word' id='word_1_122' title='bbox 488 1721 549 1773; x_wconf 77' lang='grc' dir='ltr'>τὸ</span> <span class='ocrx_word' id='word_1_123' title='bbox 579 1720 712 1774; x_wconf 80' lang='grc' dir='ltr'>πολὺ</span> <span class='ocrx_word' id='word_1_124' title='bbox 752 1719 850 1783; x_wconf 75' lang='grc' dir='ltr'>τὰς</span> <span class='ocrx_word' id='word_1_125' title='bbox 879 1720 1009 1791; x_wconf 88' lang='grc' dir='ltr'>παρ’</span> <span class='ocrx_word' id='word_1_126' title='bbox 1040 1720 1277 1791; x_wconf 79' lang='grc' dir='ltr'>ἑκάτερα</span> <span class='ocrx_word' id='word_1_127' title='bbox 1310 1719 1527 1791; x_wconf 79' lang='grc' dir='ltr'>μεγέθει</span> <span class='ocrx_word' id='word_1_128' title='bbox 1552 1737 1613 1773; x_wconf 89' lang='grc' dir='ltr'><strong>τε</strong></span> <span class='ocrx_word' id='word_1_129' title='bbox 1647 1721 1742 1774; x_wconf 73' lang='grc' dir='ltr'><strong>καὶ</strong></span> <span class='ocrx_word' id='word_1_130' title='bbox 1775 1720 1965 1774; x_wconf 85' lang='grc' dir='ltr'>πλάτει</span> 
     </span>
    </p>
   </div>
   <div class='ocr_carea' id='block_1_20' title="bbox 2078 528 3654 601">
    <p class='ocr_par' dir='ltr' id='par_1_20' title="bbox 2078 528 3654 601">
     <span class='ocr_line' id='line_1_20' title="bbox 2078 528 3654 601; baseline 0.009 -25"><span class='ocrx_word' id='word_1_131' title='bbox 2078 528 2327 595; x_wconf 80' lang='lat' dir='ltr'><strong>precibus</strong></span> <span class='ocrx_word' id='word_1_132' title='bbox 2356 528 2522 599; x_wconf 81' lang='lat'><strong>380</strong></span> <span class='ocrx_word' id='word_1_133' title='bbox 2552 544 2614 582; x_wconf 89' lang='lat' dir='ltr'><strong>ac</strong></span> <span class='ocrx_word' id='word_1_134' title='bbox 2642 529 3132 597; x_wconf 86' lang='lat' dir='ltr'><strong>supplicationibus</strong></span> <span class='ocrx_word' id='word_1_135' title='bbox 3176 532 3470 601; x_wconf 91' lang='lat' dir='ltr'><strong>placasset,</strong></span> <span class='ocrx_word' id='word_1_136' title='bbox 3521 551 3654 590; x_wconf 89' lang='lat' dir='ltr'><strong>con-</strong></span> 
     </span>
    </p>
   </div>
   <div class='ocr_carea' id='block_1_21' title="bbox 2076 617 3650 693">
    <p class='ocr_par' dir='ltr' id='par_1_21' title="bbox 2076 617 3650 693">
     <span class='ocr_line' id='line_1_21' title="bbox 2076 617 3650 693; baseline 0.008 -24"><span class='ocrx_word' id='word_1_137' title='bbox 2076 618 2409 686; x_wconf 80' lang='lat' dir='ltr'><strong>spirautibus</strong></span> <span class='ocrx_word' id='word_1_138' title='bbox 2431 617 2674 673; x_wconf 88' lang='lat' dir='ltr'><strong>omnium</strong></span> <span class='ocrx_word' id='word_1_139' title='bbox 2688 633 2928 675; x_wconf 87' lang='lat' dir='ltr'><strong>vestrum</strong></span> <span class='ocrx_word' id='word_1_140' title='bbox 2954 627 3098 677; x_wconf 82' lang='lat' dir='ltr'><strong>votis</strong></span> <span class='ocrx_word' id='word_1_141' title='bbox 3123 632 3288 693; x_wconf 87' lang='lat' dir='ltr'><strong>atque</strong></span> <span class='ocrx_word' id='word_1_142' title='bbox 3331 627 3650 693; x_wconf 73' lang='lat' dir='ltr'><strong>sententiis;</strong></span> 
     </span>
    </p>
   </div>
   <div class='ocr_carea' id='block_1_22' title="bbox 2074 710 3653 784">
    <p class='ocr_par' dir='ltr' id='par_1_22' title="bbox 2074 710 3653 784">
     <span class='ocr_line' id='line_1_22' title="bbox 2074 710 3653 784; baseline 0.008 -25"><span class='ocrx_word' id='word_1_143' title='bbox 2074 722 2305 776; x_wconf 88' lang='lat' dir='ltr'><strong>cumque</strong></span> <span class='ocrx_word' id='word_1_144' title='bbox 2331 725 2453 761; x_wconf 89' lang='lat' dir='ltr'><strong>cum</strong></span> <span class='ocrx_word' id='word_1_145' title='bbox 2489 711 2581 777; x_wconf 91' lang='lat' dir='ltr'><strong>qui</strong></span> <span class='ocrx_word' id='word_1_146' title='bbox 2612 710 2762 763; x_wconf 88' lang='lat' dir='ltr'><strong>solus</strong></span> <span class='ocrx_word' id='word_1_147' title='bbox 2795 722 3042 765; x_wconf 87' lang='lat' dir='ltr'><strong>mortuos</strong></span> <span class='ocrx_word' id='word_1_148' title='bbox 3087 713 3156 766; x_wconf 90' lang='lat' dir='ltr'><strong>ad</strong></span> <span class='ocrx_word' id='word_1_149' title='bbox 3187 714 3353 768; x_wconf 88' lang='lat' dir='ltr'><strong>vitam</strong></span> <span class='ocrx_word' id='word_1_150' title='bbox 3406 729 3653 784; x_wconf 88' lang='lat' dir='ltr'><strong>revocat,</strong></span> 
     </span>
    </p>
   </div>
   <div class='ocr_carea' id='block_1_23' title="bbox 2073 799 3656 874">
    <p class='ocr_par' dir='ltr' id='par_1_23' title="bbox 2073 799 3656 874">
     <span class='ocr_line' id='line_1_23' title="bbox 2073 799 3656 874; baseline 0.009 -23"><span class='ocrx_word' id='word_1_151' title='bbox 2073 799 2454 854; x_wconf 84' lang='lat' dir='ltr'><strong>auxiliatorem</strong></span> <span class='ocrx_word' id='word_1_152' title='bbox 2495 802 2598 855; x_wconf 88' lang='lat' dir='ltr'><strong>sibi</strong></span> <span class='ocrx_word' id='word_1_153' title='bbox 2628 812 2794 873; x_wconf 88' lang='lat' dir='ltr'><strong>atque</strong></span> <span class='ocrx_word' id='word_1_154' title='bbox 2823 804 3131 874; x_wconf 87' lang='lat' dir='ltr'><strong>adjutorem</strong></span> <span class='ocrx_word' id='word_1_155' title='bbox 3169 807 3517 874; x_wconf 88' lang='lat' dir='ltr'><strong>adscivisset,</strong></span> <span class='ocrx_word' id='word_1_156' title='bbox 3544 810 3656 866; x_wconf 84' lang='lat' dir='ltr'><strong>Ec-</strong></span> 
     </span>
    </p>
   </div>
   <div class='ocr_carea' id='block_1_24' title="bbox 2071 893 3655 972">
    <p class='ocr_par' dir='ltr' id='par_1_24' title="bbox 2071 893 3655 972">
     <span class='ocr_line' id='line_1_24' title="bbox 2071 893 3655 972; baseline 0.009 -29"><span class='ocrx_word' id='word_1_157' title='bbox 2071 893 2288 944; x_wconf 77' lang='lat' dir='ltr'><strong>rlcsiam</strong></span> <span class='ocrx_word' id='word_1_158' title='bbox 2327 894 2464 948; x_wconf 87' lang='lat' dir='ltr'><strong>hanc</strong></span> <span class='ocrx_word' id='word_1_159' title='bbox 2496 895 2801 963; x_wconf 83' lang='lat' dir='ltr'><strong>prolapsam</strong></span> <span class='ocrx_word' id='word_1_160' title='bbox 2831 898 3116 962; x_wconf 80' lang='lat' dir='ltr'><strong>excitavit,</strong></span> <span class='ocrx_word' id='word_1_161' title='bbox 3153 915 3276 954; x_wconf 91' lang='lat' dir='ltr'><strong>cum</strong></span> <span class='ocrx_word' id='word_1_162' title='bbox 3323 901 3469 955; x_wconf 85' lang='lat' dir='ltr'><strong>illam</strong></span> <span class='ocrx_word' id='word_1_163' title='bbox 3502 906 3655 972; x_wconf 87' lang='lat' dir='ltr'><strong>prius</strong></span> 
     </span>
    </p>
   </div>
   <div class='ocr_carea' id='block_1_25' title="bbox 2070 986 3653 1058">
    <p class='ocr_par' dir='ltr' id='par_1_25' title="bbox 2070 986 3653 1058">
     <span class='ocr_line' id='line_1_25' title="bbox 2070 986 3653 1058; baseline 0.008 -22"><span class='ocrx_word' id='word_1_164' title='bbox 2070 987 2216 1039; x_wconf 85' lang='lat' dir='ltr'><strong>oumi</strong></span> <span class='ocrx_word' id='word_1_165' title='bbox 2249 986 2369 1041; x_wconf 96' lang='lat' dir='ltr'><strong>labe</strong></span> <span class='ocrx_word' id='word_1_166' title='bbox 2404 999 2715 1058; x_wconf 68' lang='lat' dir='ltr'><strong>pnrgasset,</strong></span> <span class='ocrx_word' id='word_1_167' title='bbox 2762 998 2818 1043; x_wconf 90' lang='lat' dir='ltr'><strong>et</strong></span> <span class='ocrx_word' id='word_1_168' title='bbox 2871 992 3288 1049; x_wconf 83' lang='lat' dir='ltr'><strong>medicamentis</strong></span> <span class='ocrx_word' id='word_1_169' title='bbox 3340 996 3653 1050; x_wconf 81' lang='lat' dir='ltr'><strong>salubribus</strong></span> 
     </span>
    </p>
   </div>
   <div class='ocr_carea' id='block_1_26' title="bbox 2072 1076 3651 1148">
    <p class='ocr_par' dir='ltr' id='par_1_26' title="bbox 2072 1076 3651 1148">
     <span class='ocr_line' id='line_1_26' title="bbox 2072 1076 3651 1148; baseline 0.006 -20"><span class='ocrx_word' id='word_1_170' title='bbox 2072 1077 2395 1131; x_wconf 88' lang='lat' dir='ltr'><strong>curavisset.</strong></span> <span class='ocrx_word' id='word_1_171' title='bbox 2433 1076 2551 1132; x_wconf 81' lang='lat' dir='ltr'><strong>Jam</strong></span> <span class='ocrx_word' id='word_1_172' title='bbox 2584 1094 2712 1131; x_wconf 84' lang='lat' dir='ltr'><strong>vero</strong></span> <span class='ocrx_word' id='word_1_173' title='bbox 2759 1094 2880 1133; x_wconf 91' lang='lat' dir='ltr'><strong>eam</strong></span> <span class='ocrx_word' id='word_1_174' title='bbox 2917 1091 3067 1135; x_wconf 81' lang='lat' dir='ltr'><strong>veste</strong></span> <span class='ocrx_word' id='word_1_175' title='bbox 3117 1082 3506 1148; x_wconf 85' lang='lat' dir='ltr'><strong>circumdedit,</strong></span> <span class='ocrx_word' id='word_1_176' title='bbox 3545 1102 3651 1139; x_wconf 86' lang='lat' dir='ltr'><strong>non</strong></span> 
     </span>
    </p>
   </div>
   <div class='ocr_carea' id='block_1_27' title="bbox 2073 1168 3653 1240">
    <p class='ocr_par' dir='ltr' id='par_1_27' title="bbox 2073 1168 3653 1240">
     <span class='ocr_line' id='line_1_27' title="bbox 2073 1168 3653 1240; baseline 0.009 -21"><span class='ocrx_word' id='word_1_177' title='bbox 2073 1168 2164 1221; x_wconf 89' lang='lat' dir='ltr'><strong>illa</strong></span> <span class='ocrx_word' id='word_1_178' title='bbox 2194 1181 2397 1236; x_wconf 84' lang='lat' dir='ltr'><strong>vetere,</strong></span> <span class='ocrx_word' id='word_1_179' title='bbox 2433 1171 2528 1225; x_wconf 88' lang='lat' dir='ltr'><strong>sed</strong></span> <span class='ocrx_word' id='word_1_180' title='bbox 2563 1186 2725 1240; x_wconf 88' lang='lat' dir='ltr'><strong>quam</strong></span> <span class='ocrx_word' id='word_1_181' title='bbox 2765 1189 2955 1228; x_wconf 89' lang='lat' dir='ltr'><strong>rursus</strong></span> <span class='ocrx_word' id='word_1_182' title='bbox 2979 1189 3042 1229; x_wconf 82' lang='lat' dir='ltr'><strong>ex</strong></span> <span class='ocrx_word' id='word_1_183' title='bbox 3069 1175 3269 1230; x_wconf 85' lang='lat' dir='ltr'><strong>divinis</strong></span> <span class='ocrx_word' id='word_1_184' title='bbox 3296 1178 3537 1232; x_wconf 86' lang='lat' dir='ltr'><strong>oraculis</strong></span> <span class='ocrx_word' id='word_1_185' title='bbox 3568 1180 3653 1234; x_wconf 81' lang='lat' dir='ltr'><strong>di-</strong></span> 
     </span>
    </p>
   </div>
   <div class='ocr_carea' id='block_1_28' title="bbox 2071 1259 3653 1333">
    <p class='ocr_par' dir='ltr' id='par_1_28' title="bbox 2071 1259 3653 1333">
     <span class='ocr_line' id='line_1_28' title="bbox 2071 1259 3653 1333; baseline 0.008 -23"><span class='ocrx_word' id='word_1_186' title='bbox 2071 1259 2299 1323; x_wconf 85' lang='lat' dir='ltr'><strong>dicerat,</strong></span> <span class='ocrx_word' id='word_1_187' title='bbox 2340 1261 2392 1314; x_wconf 93' lang='lat' dir='ltr'><strong>iu</strong></span> <span class='ocrx_word' id='word_1_188' title='bbox 2426 1261 2624 1329; x_wconf 86' lang='lat' dir='ltr'><strong>quibus</strong></span> <span class='ocrx_word' id='word_1_189' title='bbox 2655 1263 2858 1317; x_wconf 89' lang='lat' dir='ltr'><strong>diserte</strong></span> <span class='ocrx_word' id='word_1_190' title='bbox 2898 1264 3215 1333; x_wconf 70' lang='lat' dir='ltr'><strong>praedictum</strong></span> <span class='ocrx_word' id='word_1_191' title='bbox 3244 1276 3368 1321; x_wconf 88' lang='lat' dir='ltr'><strong>est:</strong></span> <span class='ocrx_word' id='word_1_192' title='bbox 3407 1286 3425 1318; x_wconf 82' lang='grc' dir='ltr'><strong>ι</strong></span> <span class='ocrx_word' id='word_1_193' title='bbox 3454 1267 3522 1321; x_wconf 86' lang='grc' dir='ltr'>Ει</span> <span class='ocrx_word' id='word_1_194' title='bbox 3547 1269 3653 1323; x_wconf 89' lang='lat' dir='ltr'><strong>erit</strong></span> 
     </span>
    </p>
   </div>
   <div class='ocr_carea' id='block_1_29' title="bbox 2072 1349 3652 1425">
    <p class='ocr_par' dir='ltr' id='par_1_29' title="bbox 2072 1349 3652 1425">
     <span class='ocr_line' id='line_1_29' title="bbox 2072 1349 3652 1425; baseline 0.008 -26"><span class='ocrx_word' id='word_1_195' title='bbox 2072 1349 2344 1414; x_wconf 85' lang='lat' dir='ltr'><strong>posterior</strong></span> <span class='ocrx_word' id='word_1_196' title='bbox 2389 1349 2566 1417; x_wconf 82' lang='lat' dir='ltr'><strong>gloria</strong></span> <span class='ocrx_word' id='word_1_197' title='bbox 2618 1352 2814 1405; x_wconf 89' lang='lat' dir='ltr'><strong>domus</strong></span> <span class='ocrx_word' id='word_1_198' title='bbox 2863 1352 3025 1418; x_wconf 86' lang='lat' dir='ltr'><strong>hujus</strong></span> <span class='ocrx_word' id='word_1_199' title='bbox 3065 1353 3223 1423; x_wconf 83' lang='lat' dir='ltr'><strong>longe</strong></span> <span class='ocrx_word' id='word_1_200' title='bbox 3281 1369 3446 1425; x_wconf 86' lang='lat' dir='ltr'><strong>supra</strong></span> <span class='ocrx_word' id='word_1_201' title='bbox 3498 1357 3652 1425; x_wconf 90' lang='lat' dir='ltr'><strong>prio-</strong></span> 
     </span>
    </p>
   </div>
   <div class='ocr_carea' id='block_1_30' title="bbox 2073 1438 3647 1512">
    <p class='ocr_par' dir='ltr' id='par_1_30' title="bbox 2073 1438 3647 1512">
     <span class='ocr_line' id='line_1_30' title="bbox 2073 1438 3647 1512; baseline 0.007 -22"><span class='ocrx_word' id='word_1_202' title='bbox 2073 1454 2184 1490; x_wconf 91' lang='lat' dir='ltr'><strong>rem</strong></span> <span class='ocrx_word' id='word_1_203' title='bbox 2219 1438 2289 1507; x_wconf 54' lang='grc'><strong>9⁸.</strong></span> <span class='ocrx_word' id='word_1_204' title='bbox 2326 1457 2346 1491; x_wconf 77' lang='grc'><strong>&gt;</strong></span> <span class='ocrx_word' id='word_1_205' title='bbox 2386 1439 2572 1508; x_wconf 82' lang='lat' dir='ltr'><strong>Itaque</strong></span> <span class='ocrx_word' id='word_1_206' title='bbox 2622 1440 2792 1494; x_wconf 88' lang='lat' dir='ltr'><strong>multo</strong></span> <span class='ocrx_word' id='word_1_207' title='bbox 2820 1442 3136 1511; x_wconf 83' lang='lat' dir='ltr'><strong>ampliorem</strong></span> <span class='ocrx_word' id='word_1_208' title='bbox 3174 1444 3352 1499; x_wconf 92' lang='lat' dir='ltr'><strong>locum</strong></span> <span class='ocrx_word' id='word_1_209' title='bbox 3396 1454 3647 1512; x_wconf 86' lang='lat' dir='ltr'><strong>metatus,</strong></span> 
     </span>
    </p>
   </div>
   <div class='ocr_carea' id='block_1_31' title="bbox 2069 1530 3653 1605">
    <p class='ocr_par' dir='ltr' id='par_1_31' title="bbox 2069 1530 3653 1605">
     <span class='ocr_line' id='line_1_31' title="bbox 2069 1530 3653 1605; baseline 0.006 -23"><span class='ocrx_word' id='word_1_210' title='bbox 2069 1530 2394 1583; x_wconf 76' lang='lat' dir='ltr'><strong>exteriorem</strong></span> <span class='ocrx_word' id='word_1_211' title='bbox 2419 1530 2636 1598; x_wconf 80' lang='lat' dir='ltr'><strong>quidem</strong></span> <span class='ocrx_word' id='word_1_212' title='bbox 2660 1531 2928 1585; x_wconf 88' lang='lat' dir='ltr'><strong>ambitum</strong></span> <span class='ocrx_word' id='word_1_213' title='bbox 2967 1550 3122 1588; x_wconf 90' lang='lat' dir='ltr'><strong>muro</strong></span> <span class='ocrx_word' id='word_1_214' title='bbox 3148 1536 3388 1605; x_wconf 86' lang='lat' dir='ltr'><strong>undique</strong></span> <span class='ocrx_word' id='word_1_215' title='bbox 3411 1551 3653 1591; x_wconf 89' lang='lat' dir='ltr'><strong>commu-</strong></span> 
     </span>
    </p>
   </div>
   <div class='ocr_carea' id='block_1_32' title="bbox 2070 1622 3650 1699">
    <p class='ocr_par' dir='ltr' id='par_1_32' title="bbox 2070 1622 3650 1699">
     <span class='ocr_line' id='line_1_32' title="bbox 2070 1622 3650 1699; baseline 0.006 -26"><span class='ocrx_word' id='word_1_216' title='bbox 2070 1622 2226 1686; x_wconf 88' lang='lat' dir='ltr'><strong>nivit,</strong></span> <span class='ocrx_word' id='word_1_217' title='bbox 2256 1622 2349 1690; x_wconf 89' lang='lat' dir='ltr'><strong>qui</strong></span> <span class='ocrx_word' id='word_1_218' title='bbox 2384 1623 2551 1676; x_wconf 88' lang='lat' dir='ltr'><strong>totius</strong></span> <span class='ocrx_word' id='word_1_219' title='bbox 2577 1624 2758 1691; x_wconf 81' lang='lat' dir='ltr'><strong>operis</strong></span> <span class='ocrx_word' id='word_1_220' title='bbox 2785 1625 3116 1679; x_wconf 87' lang='lat' dir='ltr'><strong>tutissimum</strong></span> <span class='ocrx_word' id='word_1_221' title='bbox 3143 1635 3287 1681; x_wconf 88' lang='lat' dir='ltr'><strong>esset</strong></span> <span class='ocrx_word' id='word_1_222' title='bbox 3332 1643 3650 1699; x_wconf 77' lang='lat' dir='ltr'><strong>propugna-</strong></span> 
     </span>
    </p>
   </div>
   <div class='ocr_carea' id='block_1_33' title="bbox 2070 1715 3643 1786">
    <p class='ocr_par' dir='ltr' id='par_1_33' title="bbox 2070 1715 3643 1786">
     <span class='ocr_line' id='line_1_33' title="bbox 2070 1715 3643 1786; baseline 0.004 -18"><span class='ocrx_word' id='word_1_223' title='bbox 2070 1715 2273 1768; x_wconf 90' lang='lat' dir='ltr'><strong>culum.</strong></span> <span class='ocrx_word' id='word_1_224' title='bbox 2302 1715 2555 1785; x_wconf 78' lang='lat' dir='ltr'><strong>Maguum</strong></span> <span class='ocrx_word' id='word_1_225' title='bbox 2597 1716 2791 1772; x_wconf 89' lang='lat' dir='ltr'><strong>deinde</strong></span> <span class='ocrx_word' id='word_1_226' title='bbox 2817 1729 2980 1786; x_wconf 89' lang='lat' dir='ltr'><strong>atque</strong></span> <span class='ocrx_word' id='word_1_227' title='bbox 3005 1717 3280 1772; x_wconf 75' lang='lat' dir='ltr'><strong>excelsum</strong></span> <span class='ocrx_word' id='word_1_228' title='bbox 3312 1721 3643 1775; x_wconf 86' lang='lat' dir='ltr'><strong>vestibulum</strong></span> 
     </span>
    </p>
   </div>
   <div class='ocr_carea' id='block_1_34' title="bbox 386 1781 1964 1885">
    <p class='ocr_par' dir='ltr' id='par_1_34' title="bbox 386 1781 1962 1885">
     <span class='ocr_line' id='line_1_34' title="bbox 386 1781 1962 1885; baseline 0.001 -20"><span class='ocrx_word' id='word_1_229' title='bbox 386 1812 723 1866; x_wconf 80' lang='grc' dir='ltr'>πλεονεκτεῖν</span> <span class='ocrx_word' id='word_1_230' title='bbox 760 1781 843 1882; x_wconf 39' lang='grc' dir='ltr'><strong>τῇ-</strong></span> <span class='ocrx_word' id='word_1_231' title='bbox 873 1781 1013 1885; x_wconf 81' lang='grc' dir='ltr'>μέσῃ</span> <span class='ocrx_word' id='word_1_232' title='bbox 1046 1781 1431 1883; x_wconf 67' lang='grc' dir='ltr'>χαρισάμενος,</span> <span class='ocrx_word' id='word_1_233' title='bbox 1466 1813 1872 1885; x_wconf 86' lang='grc' dir='ltr'>παραπήγμασί</span> <span class='ocrx_word' id='word_1_234' title='bbox 1904 1831 1962 1867; x_wconf 86' lang='grc' dir='ltr'><strong>τε</strong></span> 
     </span>
    </p>
   </div>
   <div class='ocr_carea' id='block_1_35' title="bbox 2058 1781 3646 1885">
    <p class='ocr_par' dir='ltr' id='par_1_35' title="bbox 2069 1807 3646 1881">
     <span class='ocr_line' id='line_1_35' title="bbox 2069 1807 3646 1881; baseline 0.004 -21"><span class='ocrx_word' id='word_1_235' title='bbox 2069 1807 2137 1861; x_wconf 87' lang='lat' dir='ltr'><strong>ad</strong></span> <span class='ocrx_word' id='word_1_236' title='bbox 2181 1807 2330 1876; x_wconf 89' lang='lat' dir='ltr'><strong>ipsos</strong></span> <span class='ocrx_word' id='word_1_237' title='bbox 2359 1807 2492 1863; x_wconf 91' lang='lat' dir='ltr'><strong>solis</strong></span> <span class='ocrx_word' id='word_1_238' title='bbox 2529 1808 2764 1863; x_wconf 89' lang='lat' dir='ltr'><strong>orientis</strong></span> <span class='ocrx_word' id='word_1_239' title='bbox 2815 1810 2998 1863; x_wconf 84' lang='lat' dir='ltr'><strong>radios</strong></span> <span class='ocrx_word' id='word_1_240' title='bbox 3048 1811 3334 1878; x_wconf 79' lang='lat' dir='ltr'><strong>extendit;</strong></span> <span class='ocrx_word' id='word_1_241' title='bbox 3386 1812 3454 1867; x_wconf 89' lang='lat' dir='ltr'><strong>iis</strong></span> <span class='ocrx_word' id='word_1_242' title='bbox 3496 1813 3646 1881; x_wconf 91' lang='lat' dir='ltr'><strong>quia</strong></span> 
     </span>
    </p>
   </div>
   <div class='ocr_carea' id='block_1_36' title="bbox 384 1904 1965 1976">
    <p class='ocr_par' dir='ltr' id='par_1_36' title="bbox 384 1904 1965 1976">
     <span class='ocr_line' id='line_1_36' title="bbox 384 1904 1965 1976; baseline 0.003 -20"><span class='ocrx_word' id='word_1_243' title='bbox 384 1904 584 1975; x_wconf 74' lang='grc' dir='ltr'>χαλκοῦ</span> <span class='ocrx_word' id='word_1_244' title='bbox 611 1904 719 1976; x_wconf 79' lang='lat'><strong>(‘26)</strong></span> <span class='ocrx_word' id='word_1_245' title='bbox 753 1904 1112 1976; x_wconf 76' lang='grc' dir='ltr'>σιδηροδέτοις</span> <span class='ocrx_word' id='word_1_246' title='bbox 1136 1905 1229 1959; x_wconf 74' lang='grc' dir='ltr'><strong>καὶ</strong></span> <span class='ocrx_word' id='word_1_247' title='bbox 1261 1905 1612 1976; x_wconf 80' lang='grc' dir='ltr'>ποικίλμασιν</span> <span class='ocrx_word' id='word_1_248' title='bbox 1636 1906 1965 1975; x_wconf 74' lang='grc' dir='ltr'>ἁναγλύφοις</span> 
     </span>
    </p>
   </div>
   <div class='ocr_carea' id='block_1_37' title="bbox 382 1993 1963 2070">
    <p class='ocr_par' dir='ltr' id='par_1_37' title="bbox 382 1993 1963 2070">
     <span class='ocr_line' id='line_1_37' title="bbox 382 1993 1963 2070; baseline 0 -24"><span class='ocrx_word' id='word_1_249' title='bbox 382 1993 742 2066; x_wconf 72' lang='grc' dir='ltr'>διαφερόντως</span> <span class='ocrx_word' id='word_1_250' title='bbox 770 1996 936 2065; x_wconf 74' lang='grc' dir='ltr'>αὐτὴν</span> <span class='ocrx_word' id='word_1_251' title='bbox 968 1995 1284 2067; x_wconf 80' lang='grc' dir='ltr'>φαιδρύνας,</span> <span class='ocrx_word' id='word_1_252' title='bbox 1314 1996 1391 2059; x_wconf 78' lang='grc' dir='ltr'>ὡς</span> <span class='ocrx_word' id='word_1_253' title='bbox 1423 1995 1489 2049; x_wconf 86' lang='grc' dir='ltr'><strong>ἂν</strong></span> <span class='ocrx_word' id='word_1_254' title='bbox 1519 1995 1766 2065; x_wconf 85' lang='grc' dir='ltr'>βασιλίδι,</span> <span class='ocrx_word' id='word_1_255' title='bbox 1790 1997 1963 2070; x_wconf 49' lang='lat' dir='ltr'><strong>md.“</strong></span> 
     </span>
    </p>
   </div>
   <div class='ocr_carea' id='block_1_38' title="bbox 382 2086 1964 2159">
    <p class='ocr_par' dir='ltr' id='par_1_38' title="bbox 382 2086 1964 2159">
     <span class='ocr_line' id='line_1_38' title="bbox 382 2086 1964 2159; baseline 0.003 -22"><span class='ocrx_word' id='word_1_256' title='bbox 382 2086 507 2149; x_wconf 73' lang='grc' dir='ltr'>τοὺς</span> <span class='ocrx_word' id='word_1_257' title='bbox 537 2086 862 2158; x_wconf 68' lang='grc' dir='ltr'>δορυφόρους</span> <span class='ocrx_word' id='word_1_258' title='bbox 906 2087 1190 2154; x_wconf 78' lang='grc' dir='ltr'>ὑπέζευξε.</span> <span class='ocrx_word' id='word_1_259' title='bbox 1238 2089 1342 2141; x_wconf 82' lang='grc' dir='ltr'>Τὸν</span> <span class='ocrx_word' id='word_1_260' title='bbox 1371 2087 1532 2141; x_wconf 82' lang='grc' dir='ltr'>αὑτὸν</span> <span class='ocrx_word' id='word_1_261' title='bbox 1557 2087 1613 2140; x_wconf 84' lang='grc' dir='ltr'>δὲ</span> <span class='ocrx_word' id='word_1_262' title='bbox 1644 2088 1842 2159; x_wconf 86' lang='grc' dir='ltr'>τρόπον</span> <span class='ocrx_word' id='word_1_263' title='bbox 1870 2092 1964 2142; x_wconf 80' lang='grc' dir='ltr'><strong>καὶ</strong></span> 
     </span>
    </p>
   </div>
   <div class='ocr_carea' id='block_1_39' title="bbox 380 2178 1962 2251">
    <p class='ocr_par' dir='ltr' id='par_1_39' title="bbox 380 2178 1962 2251">
     <span class='ocr_line' id='line_1_39' title="bbox 380 2178 1962 2251; baseline 0.001 -19"><span class='ocrx_word' id='word_1_264' title='bbox 380 2182 502 2244; x_wconf 81' lang='grc' dir='ltr'>ταῖς</span> <span class='ocrx_word' id='word_1_265' title='bbox 544 2180 672 2250; x_wconf 85' lang='grc' dir='ltr'>παρ’</span> <span class='ocrx_word' id='word_1_266' title='bbox 706 2180 942 2251; x_wconf 79' lang='grc' dir='ltr'>ἑκάτερα</span> <span class='ocrx_word' id='word_1_267' title='bbox 989 2180 1083 2232; x_wconf 80' lang='grc' dir='ltr'>τοῦ</span> <span class='ocrx_word' id='word_1_268' title='bbox 1122 2180 1323 2243; x_wconf 83' lang='grc' dir='ltr'>παντὸς</span> <span class='ocrx_word' id='word_1_269' title='bbox 1365 2178 1471 2233; x_wconf 87' lang='grc' dir='ltr'><strong>νεὼ</strong></span> <span class='ocrx_word' id='word_1_270' title='bbox 1519 2184 1698 2244; x_wconf 86' lang='grc' dir='ltr'>στοαῖς</span> <span class='ocrx_word' id='word_1_271' title='bbox 1733 2181 1823 2234; x_wconf 87' lang='grc' dir='ltr'><strong>τὸν</strong></span> <span class='ocrx_word' id='word_1_272' title='bbox 1854 2182 1962 2235; x_wconf 81' lang='grc' dir='ltr'><strong>τῶν</strong></span> 
     </span>
    </p>
   </div>
   <div class='ocr_carea' id='block_1_40' title="bbox 384 2270 1963 2347">
    <p class='ocr_par' dir='ltr' id='par_1_40' title="bbox 384 2270 1963 2347">
     <span class='ocr_line' id='line_1_40' title="bbox 384 2270 1963 2347; baseline 0.003 -24"><span class='ocrx_word' id='word_1_273' title='bbox 384 2271 673 2339; x_wconf 86' lang='grc' dir='ltr'>προπύλων</span> <span class='ocrx_word' id='word_1_274' title='bbox 697 2270 928 2343; x_wconf 65' lang='grc' dir='ltr'>ἀριθμὸν</span> <span class='ocrx_word' id='word_1_275' title='bbox 946 2271 1222 2336; x_wconf 79' lang='grc' dir='ltr'>διατάξας,</span> <span class='ocrx_word' id='word_1_276' title='bbox 1241 2271 1449 2326; x_wconf 85' lang='grc' dir='ltr'>ἄνωθεν</span> <span class='ocrx_word' id='word_1_277' title='bbox 1471 2272 1563 2326; x_wconf 72' lang='grc' dir='ltr'>ἐπὶ</span> <span class='ocrx_word' id='word_1_278' title='bbox 1582 2272 1804 2338; x_wconf 82' lang='grc' dir='ltr'>ταύταις</span> <span class='ocrx_word' id='word_1_279' title='bbox 1819 2274 1963 2347; x_wconf 82' lang='grc' dir='ltr'>ἄλλῳ</span> 
     </span>
    </p>
   </div>
   <div class='ocr_carea' id='block_1_41' title="bbox 382 2359 1963 2433">
    <p class='ocr_par' dir='ltr' id='par_1_41' title="bbox 382 2359 1963 2433">
     <span class='ocr_line' id='line_1_41' title="bbox 382 2359 1963 2433; baseline 0.003 -20"><span class='ocrx_word' id='word_1_280' title='bbox 382 2360 586 2413; x_wconf 84' lang='grc' dir='ltr'>πλείονι</span> <span class='ocrx_word' id='word_1_281' title='bbox 620 2363 757 2429; x_wconf 74' lang='grc' dir='ltr'>φωτὶ</span> <span class='ocrx_word' id='word_1_282' title='bbox 796 2361 1086 2433; x_wconf 80' lang='grc' dir='ltr'>διαφόρους</span> <span class='ocrx_word' id='word_1_283' title='bbox 1121 2362 1220 2425; x_wconf 84' lang='grc' dir='ltr'>τὰς</span> <span class='ocrx_word' id='word_1_284' title='bbox 1256 2364 1349 2415; x_wconf 75' lang='grc' dir='ltr'><strong>ἐπὶ</strong></span> <span class='ocrx_word' id='word_1_285' title='bbox 1391 2363 1483 2416; x_wconf 81' lang='grc' dir='ltr'><strong>τὸν</strong></span> <span class='ocrx_word' id='word_1_286' title='bbox 1523 2359 1671 2417; x_wconf 78' lang='grc' dir='ltr'>οἷκον</span> <span class='ocrx_word' id='word_1_287' title='bbox 1714 2365 1963 2429; x_wconf 72' lang='grc' dir='ltr'>εἰσϐολὰς</span> 
     </span>
    </p>
   </div>
   <div class='ocr_carea' id='block_1_42' title="bbox 381 2453 1961 2531">
    <p class='ocr_par' dir='ltr' id='par_1_42' title="bbox 381 2453 1961 2531">
     <span class='ocr_line' id='line_1_42' title="bbox 381 2453 1961 2531; baseline 0.005 -26"><span class='ocrx_word' id='word_1_288' title='bbox 381 2454 612 2513; x_wconf 78' lang='grc' dir='ltr'>ἐπενόει.</span> <span class='ocrx_word' id='word_1_289' title='bbox 645 2454 766 2518; x_wconf 85' lang='grc' dir='ltr'>ταῖς</span> <span class='ocrx_word' id='word_1_290' title='bbox 798 2455 906 2507; x_wconf 79' lang='grc' dir='ltr'><strong>ἀπὸ</strong></span> <span class='ocrx_word' id='word_1_291' title='bbox 940 2453 1097 2521; x_wconf 83' lang='grc' dir='ltr'>ξύλου</span> <span class='ocrx_word' id='word_1_292' title='bbox 1137 2454 1523 2527; x_wconf 86' lang='grc' dir='ltr'>λεπτουργίαις</span> <span class='ocrx_word' id='word_1_293' title='bbox 1569 2457 1663 2510; x_wconf 74' lang='grc' dir='ltr'><strong>καὶ</strong></span> <span class='ocrx_word' id='word_1_294' title='bbox 1700 2458 1790 2512; x_wconf 87' lang='grc' dir='ltr'><strong>τὸν</strong></span> <span class='ocrx_word' id='word_1_295' title='bbox 1833 2460 1961 2531; x_wconf 71' lang='grc' dir='ltr'>περὶ</span> 
     </span>
    </p>
   </div>
   <div class='ocr_carea' id='block_1_43' title="bbox 382 2544 1960 2619">
    <p class='ocr_par' dir='ltr' id='par_1_43' title="bbox 382 2544 1960 2619">
     <span class='ocr_line' id='line_1_43' title="bbox 382 2544 1960 2619; baseline 0.006 -23"><span class='ocrx_word' id='word_1_296' title='bbox 382 2544 551 2607; x_wconf 68' lang='grc' dir='ltr'>αὐτὰς</span> <span class='ocrx_word' id='word_1_297' title='bbox 588 2545 789 2616; x_wconf 85' lang='grc' dir='ltr'>κόσμον</span> <span class='ocrx_word' id='word_1_298' title='bbox 823 2547 1276 2601; x_wconf 88' lang='grc' dir='ltr'>καταποικίλλων.</span> <span class='ocrx_word' id='word_1_299' title='bbox 1313 2549 1415 2611; x_wconf 85' lang='grc' dir='ltr'>Τὸν</span> <span class='ocrx_word' id='word_1_300' title='bbox 1443 2549 1499 2601; x_wconf 76' lang='grc' dir='ltr'><strong>δὲ</strong></span> <span class='ocrx_word' id='word_1_301' title='bbox 1528 2548 1795 2619; x_wconf 87' lang='grc' dir='ltr'>βασίλειον</span> <span class='ocrx_word' id='word_1_302' title='bbox 1815 2547 1960 2606; x_wconf 80' lang='grc' dir='ltr'>οἷκον</span> 
     </span>
    </p>
   </div>
   <div class='ocr_carea' id='block_1_44' title="bbox 382 2632 1957 2713">
    <p class='ocr_par' dir='ltr' id='par_1_44' title="bbox 382 2632 1957 2713">
     <span class='ocr_line' id='line_1_44' title="bbox 382 2632 1957 2713; baseline 0.006 -26"><span class='ocrx_word' id='word_1_303' title='bbox 382 2632 805 2706; x_wconf 82' lang='grc' dir='ltr'>πλουσιωτέραις</span> <span class='ocrx_word' id='word_1_304' title='bbox 850 2637 949 2709; x_wconf 74' lang='grc' dir='ltr'>ἤδη</span> <span class='ocrx_word' id='word_1_305' title='bbox 983 2637 1080 2690; x_wconf 76' lang='grc' dir='ltr'><strong>καὶ</strong></span> <span class='ocrx_word' id='word_1_306' title='bbox 1108 2637 1353 2706; x_wconf 68' lang='grc' dir='ltr'>δαψιλέσι</span> <span class='ocrx_word' id='word_1_307' title='bbox 1379 2641 1501 2703; x_wconf 83' lang='grc' dir='ltr'>ταῖς</span> <span class='ocrx_word' id='word_1_308' title='bbox 1528 2638 1682 2704; x_wconf 75' lang='grc' dir='ltr'>ὕλαις</span> <span class='ocrx_word' id='word_1_309' title='bbox 1722 2641 1957 2713; x_wconf 84' lang='grc' dir='ltr'>ὠχύρου,</span> 
     </span>
    </p>
   </div>
   <div class='ocr_carea' id='block_1_45' title="bbox 383 2724 1961 2804">
    <p class='ocr_par' dir='ltr' id='par_1_45' title="bbox 383 2724 1961 2804">
     <span class='ocr_line' id='line_1_45' title="bbox 383 2724 1961 2804; baseline 0.006 -24"><span class='ocrx_word' id='word_1_310' title='bbox 383 2727 597 2798; x_wconf 75' lang='grc' dir='ltr'>ἀφθόνῳ</span> <span class='ocrx_word' id='word_1_311' title='bbox 623 2729 902 2801; x_wconf 74' lang='grc' dir='ltr'>φιλοτιμίᾳ</span> <span class='ocrx_word' id='word_1_312' title='bbox 933 2729 1041 2783; x_wconf 81' lang='grc' dir='ltr'>τῶν</span> <span class='ocrx_word' id='word_1_313' title='bbox 1063 2724 1432 2802; x_wconf 81' lang='grc' dir='ltr'>ἀναλωμάτων</span> <span class='ocrx_word' id='word_1_314' title='bbox 1464 2731 1767 2804; x_wconf 83' lang='grc' dir='ltr'>χρώμενος.</span> <span class='ocrx_word' id='word_1_315' title='bbox 1792 2734 1961 2789; x_wconf 84' lang='grc' dir='ltr'>Ἔνθα</span> 
     </span>
    </p>
   </div>
   <div class='ocr_carea' id='block_1_46' title="bbox 384 2817 1961 2897">
    <p class='ocr_par' dir='ltr' id='par_1_46' title="bbox 384 2817 1961 2897">
     <span class='ocr_line' id='line_1_46' title="bbox 384 2817 1961 2897; baseline 0.005 -25"><span class='ocrx_word' id='word_1_316' title='bbox 384 2836 471 2889; x_wconf 90' lang='grc' dir='ltr'><strong>μοι</strong></span> <span class='ocrx_word' id='word_1_317' title='bbox 504 2820 645 2873; x_wconf 78' lang='grc' dir='ltr'>δοκῶ</span> <span class='ocrx_word' id='word_1_318' title='bbox 673 2822 923 2893; x_wconf 81' lang='grc' dir='ltr'>περιττὸν</span> <span class='ocrx_word' id='word_1_319' title='bbox 955 2817 1093 2876; x_wconf 77' lang='grc' dir='ltr'>εἶναι</span> <span class='ocrx_word' id='word_1_320' title='bbox 1116 2821 1210 2875; x_wconf 82' lang='grc' dir='ltr'>τοῦ</span> <span class='ocrx_word' id='word_1_321' title='bbox 1244 2823 1558 2894; x_wconf 85' lang='grc' dir='ltr'>δομήματος</span> <span class='ocrx_word' id='word_1_322' title='bbox 1591 2826 1738 2897; x_wconf 85' lang='grc' dir='ltr'>μήκη</span> <span class='ocrx_word' id='word_1_323' title='bbox 1769 2842 1830 2879; x_wconf 87' lang='grc' dir='ltr'><strong>τε</strong></span> <span class='ocrx_word' id='word_1_324' title='bbox 1865 2828 1961 2881; x_wconf 71' lang='grc' dir='ltr'><strong>καὶ</strong></span> 
     </span>
    </p>
   </div>
   <div class='ocr_carea' id='block_1_47' title="bbox 380 2911 1961 2988">
    <p class='ocr_par' dir='ltr' id='par_1_47' title="bbox 380 2911 1961 2988">
     <span class='ocr_line' id='line_1_47' title="bbox 380 2911 1961 2988; baseline 0.004 -24"><span class='ocrx_word' id='word_1_325' title='bbox 380 2911 984 2983; x_wconf 52' lang='grc' dir='ltr'>πλάτηικαταγράφειν,</span> <span class='ocrx_word' id='word_1_326' title='bbox 1018 2913 1084 2968; x_wconf 79' lang='grc' dir='ltr'>τὰ</span> <span class='ocrx_word' id='word_1_327' title='bbox 1117 2913 1320 2984; x_wconf 82' lang='grc' dir='ltr'>φαιδρὰ</span> <span class='ocrx_word' id='word_1_328' title='bbox 1346 2914 1523 2968; x_wconf 80' lang='grc' dir='ltr'>ταῦτα</span> <span class='ocrx_word' id='word_1_329' title='bbox 1551 2915 1742 2988; x_wconf 88' lang='grc' dir='ltr'>κάλλη,</span> <span class='ocrx_word' id='word_1_330' title='bbox 1774 2917 1866 2970; x_wconf 75' lang='grc' dir='ltr'>καὶ</span> <span class='ocrx_word' id='word_1_331' title='bbox 1893 2918 1961 2971; x_wconf 78' lang='grc' dir='ltr'>τὰ</span> 
     </span>
    </p>
   </div>
   <div class='ocr_carea' id='block_1_48' title="bbox 377 3000 1960 3077">
    <p class='ocr_par' dir='ltr' id='par_1_48' title="bbox 377 3000 1960 3077">
     <span class='ocr_line' id='line_1_48' title="bbox 377 3000 1960 3077; baseline 0.006 -23"><span class='ocrx_word' id='word_1_332' title='bbox 377 3000 535 3070; x_wconf 87' lang='grc' dir='ltr'>λόγου</span> <span class='ocrx_word' id='word_1_333' title='bbox 561 3004 843 3075; x_wconf 81' lang='grc' dir='ltr'>κρείττονα</span> <span class='ocrx_word' id='word_1_334' title='bbox 875 3003 1101 3075; x_wconf 81' lang='grc' dir='ltr'>μεγέθη,</span> <span class='ocrx_word' id='word_1_335' title='bbox 1133 3007 1232 3077; x_wconf 86' lang='grc' dir='ltr'><strong>τήν</strong></span> <span class='ocrx_word' id='word_1_336' title='bbox 1259 3022 1319 3058; x_wconf 89' lang='grc' dir='ltr'><strong>τε</strong></span> <span class='ocrx_word' id='word_1_337' title='bbox 1352 3005 1462 3060; x_wconf 85' lang='grc' dir='ltr'><strong>τῶν</strong></span> <span class='ocrx_word' id='word_1_338' title='bbox 1495 3006 1671 3077; x_wconf 73' lang='grc' dir='ltr'>ἔργων</span> <span class='ocrx_word' id='word_1_339' title='bbox 1700 3009 1960 3063; x_wconf 83' lang='grc' dir='ltr'>ἀποστίλ-</span> 
     </span>
    </p>
   </div>
   <div class='ocr_carea' id='block_1_49' title="bbox 381 3088 2029 3187">
    <p class='ocr_par' dir='ltr' id='par_1_49' title="bbox 381 3088 2029 3187">
     <span class='ocr_line' id='line_1_49' title="bbox 381 3088 2029 3187; baseline 0.006 -45"><span class='ocrx_word' id='word_1_340' title='bbox 381 3088 575 3143; x_wconf 80' lang='grc' dir='ltr'>ϐουσαν</span> <span class='ocrx_word' id='word_1_341' title='bbox 608 3090 729 3161; x_wconf 66' lang='grc' dir='ltr'>ὄψιν</span> <span class='ocrx_word' id='word_1_342' title='bbox 751 3091 829 3163; x_wconf 82' lang='grc' dir='ltr'>τῷ</span> <span class='ocrx_word' id='word_1_343' title='bbox 853 3091 998 3163; x_wconf 85' lang='grc' dir='ltr'>λόγῳ</span> <span class='ocrx_word' id='word_1_344' title='bbox 1026 3092 1294 3159; x_wconf 81' lang='grc' dir='ltr'>διεξιόντι,</span> <span class='ocrx_word' id='word_1_345' title='bbox 1324 3092 1433 3167; x_wconf 76' lang='grc' dir='ltr'><strong>ὕψη</strong></span> <span class='ocrx_word' id='word_1_346' title='bbox 1485 3114 1543 3150; x_wconf 89' lang='grc' dir='ltr'><strong>τε</strong></span> <span class='ocrx_word' id='word_1_347' title='bbox 1565 3097 1632 3152; x_wconf 76' lang='grc' dir='ltr'>τὰ</span> <span class='ocrx_word' id='word_1_348' title='bbox 1664 3099 1960 3171; x_wconf 84' lang='grc' dir='ltr'>οὐρανομή-</span> <span class='ocrx_word' id='word_1_349' title='bbox 1984 3130 2029 3187; x_wconf 77' lang='lat' dir='ltr'><strong>C</strong></span> 
     </span>
    </p>
   </div>
   <div class='ocr_carea' id='block_1_50' title="bbox 377 3184 1959 3258">
    <p class='ocr_par' dir='ltr' id='par_1_50' title="bbox 377 3184 1959 3258">
     <span class='ocr_line' id='line_1_50' title="bbox 377 3184 1959 3258; baseline 0.004 -21"><span class='ocrx_word' id='word_1_350' title='bbox 377 3201 483 3254; x_wconf 75' lang='grc' dir='ltr'><strong>κη,</strong></span> <span class='ocrx_word' id='word_1_351' title='bbox 533 3184 627 3238; x_wconf 72' lang='grc' dir='ltr'><strong>καὶ</strong></span> <span class='ocrx_word' id='word_1_352' title='bbox 676 3184 775 3249; x_wconf 78' lang='grc' dir='ltr'>τὰς</span> <span class='ocrx_word' id='word_1_353' title='bbox 816 3186 1020 3239; x_wconf 88' lang='grc' dir='ltr'>τούτων</span> <span class='ocrx_word' id='word_1_354' title='bbox 1065 3187 1467 3258; x_wconf 84' lang='grc' dir='ltr'>ὑπερκειμένας</span> <span class='ocrx_word' id='word_1_355' title='bbox 1507 3190 1819 3256; x_wconf 87' lang='grc' dir='ltr'>πολυτελεῖς</span> <span class='ocrx_word' id='word_1_356' title='bbox 1864 3190 1959 3246; x_wconf 78' lang='grc' dir='ltr'><strong>τοῦ</strong></span> 
     </span>
    </p>
   </div>
   <div class='ocr_carea' id='block_1_51' title="bbox 376 3270 1961 3354">
    <p class='ocr_par' dir='ltr' id='par_1_51' title="bbox 376 3270 1961 3354">
     <span class='ocr_line' id='line_1_51' title="bbox 376 3270 1961 3354; baseline 0.006 -26"><span class='ocrx_word' id='word_1_357' title='bbox 376 3275 609 3331; x_wconf 82' lang='grc' dir='ltr'>Λιϐάνου</span> <span class='ocrx_word' id='word_1_358' title='bbox 642 3277 864 3350; x_wconf 78' lang='grc' dir='ltr'>κέδρους</span> <span class='ocrx_word' id='word_1_359' title='bbox 890 3270 966 3332; x_wconf 81' lang='grc' dir='ltr'><strong>ὧν</strong></span> <span class='ocrx_word' id='word_1_360' title='bbox 996 3278 1119 3332; x_wconf 79' lang='grc' dir='ltr'>οὐδὲ</span> <span class='ocrx_word' id='word_1_361' title='bbox 1167 3278 1229 3332; x_wconf 84' lang='grc' dir='ltr'><strong>τὸ</strong></span> <span class='ocrx_word' id='word_1_362' title='bbox 1254 3279 1396 3332; x_wconf 85' lang='grc' dir='ltr'>θεῖον</span> <span class='ocrx_word' id='word_1_363' title='bbox 1413 3279 1593 3348; x_wconf 91' lang='grc' dir='ltr'>λόγιον</span> <span class='ocrx_word' id='word_1_364' title='bbox 1617 3280 1714 3353; x_wconf 82' lang='grc' dir='ltr'>τὴν</span> <span class='ocrx_word' id='word_1_365' title='bbox 1741 3284 1961 3354; x_wconf 81' lang='grc' dir='ltr'>μνήμην</span> 
     </span>
    </p>
   </div>
   <div class='ocr_carea' id='block_1_52' title="bbox 375 3367 1960 3440">
    <p class='ocr_par' dir='ltr' id='par_1_52' title="bbox 375 3367 1960 3440">
     <span class='ocr_line' id='line_1_52' title="bbox 375 3367 1960 3440; baseline 0.005 -21"><span class='ocrx_word' id='word_1_366' title='bbox 375 3367 762 3439; x_wconf 83' lang='grc' dir='ltr'>ἀπεσιώπησεν</span> <span class='ocrx_word' id='word_1_367' title='bbox 784 3409 798 3431; x_wconf 90' lang='grc'><strong>,</strong></span> <span class='ocrx_word' id='word_1_368' title='bbox 838 3386 856 3418; x_wconf 77' lang='grc' dir='ltr'><strong>ι</strong></span> <span class='ocrx_word' id='word_1_369' title='bbox 878 3367 1346 3439; x_wconf 77' lang='grc' dir='ltr'>Εὐφρανθήσεται,</span> <span class='ocrx_word' id='word_1_370' title='bbox 1368 3388 1387 3420; x_wconf 73' lang='grc' dir='ltr'><strong>ι</strong></span> <span class='ocrx_word' id='word_1_371' title='bbox 1426 3371 1652 3440; x_wconf 83' lang='grc' dir='ltr'>φάσκον,</span> <span class='ocrx_word' id='word_1_372' title='bbox 1692 3390 1712 3423; x_wconf 80' lang='grc' dir='ltr'><strong>ι</strong></span> <span class='ocrx_word' id='word_1_373' title='bbox 1731 3371 1801 3425; x_wconf 78' lang='grc' dir='ltr'>τὰ</span> <span class='ocrx_word' id='word_1_374' title='bbox 1828 3371 1960 3438; x_wconf 81' lang='grc' dir='ltr'>ξύλα</span> 
     </span>
    </p>
   </div>
   <div class='ocr_carea' id='block_1_53' title="bbox 375 3455 1954 3528">
    <p class='ocr_par' dir='ltr' id='par_1_53' title="bbox 375 3455 1954 3528">
     <span class='ocr_line' id='line_1_53' title="bbox 375 3455 1954 3528; baseline 0.004 -20"><span class='ocrx_word' id='word_1_375' title='bbox 375 3455 468 3508; x_wconf 76' lang='grc' dir='ltr'><strong>τοῦ</strong></span> <span class='ocrx_word' id='word_1_376' title='bbox 496 3457 724 3526; x_wconf 87' lang='grc' dir='ltr'>Κυρίου,</span> <span class='ocrx_word' id='word_1_377' title='bbox 754 3456 849 3509; x_wconf 76' lang='grc' dir='ltr'>καὶ</span> <span class='ocrx_word' id='word_1_378' title='bbox 879 3458 937 3509; x_wconf 84' lang='grc' dir='ltr'>αἱ</span> <span class='ocrx_word' id='word_1_379' title='bbox 965 3456 1145 3527; x_wconf 83' lang='grc' dir='ltr'>κέδροι</span> <span class='ocrx_word' id='word_1_380' title='bbox 1172 3457 1264 3510; x_wconf 80' lang='grc' dir='ltr'>τοῦ</span> <span class='ocrx_word' id='word_1_381' title='bbox 1288 3457 1520 3511; x_wconf 80' lang='grc' dir='ltr'>Λιϐάνου</span> <span class='ocrx_word' id='word_1_382' title='bbox 1542 3457 1608 3521; x_wconf 85' lang='grc' dir='ltr'><strong>ἀς</strong></span> <span class='ocrx_word' id='word_1_383' title='bbox 1637 3459 1954 3528; x_wconf 74' lang='grc' dir='ltr'>ἐφύτευσε.»</span> 
     </span>
    </p>
   </div>
   <div class='ocr_carea' id='block_1_54' title="bbox 376 3546 1960 3621">
    <p class='ocr_par' dir='ltr' id='par_1_54' title="bbox 376 3546 1960 3621">
     <span class='ocr_line' id='line_1_54' title="bbox 376 3546 1960 3621; baseline 0.004 -21"><span class='ocrx_word' id='word_1_384' title='bbox 376 3547 442 3600; x_wconf 90' lang='grc' dir='ltr'>Τί</span> <span class='ocrx_word' id='word_1_385' title='bbox 476 3565 541 3617; x_wconf 89' lang='grc' dir='ltr'><strong>με</strong></span> <span class='ocrx_word' id='word_1_386' title='bbox 569 3548 651 3600; x_wconf 81' lang='grc' dir='ltr'><strong>δεῖ</strong></span> <span class='ocrx_word' id='word_1_387' title='bbox 680 3546 774 3601; x_wconf 77' lang='grc' dir='ltr'>νῦν</span> <span class='ocrx_word' id='word_1_388' title='bbox 800 3547 901 3616; x_wconf 76' lang='grc' dir='ltr'>τῆς</span> <span class='ocrx_word' id='word_1_389' title='bbox 939 3548 1214 3617; x_wconf 78' lang='grc' dir='ltr'>πανσόφου</span> <span class='ocrx_word' id='word_1_390' title='bbox 1244 3550 1337 3602; x_wconf 71' lang='grc' dir='ltr'><strong>καὶ</strong></span> <span class='ocrx_word' id='word_1_391' title='bbox 1362 3550 1813 3621; x_wconf 78' lang='grc' dir='ltr'>ἀρχιτεκτονικῆς</span> <span class='ocrx_word' id='word_1_392' title='bbox 1839 3552 1960 3606; x_wconf 89' lang='grc' dir='ltr'>δια-</span> 
     </span>
    </p>
   </div>
   <div class='ocr_carea' id='block_1_55' title="bbox 375 3635 1958 3711">
    <p class='ocr_par' dir='ltr' id='par_1_55' title="bbox 375 3635 1958 3711">
     <span class='ocr_line' id='line_1_55' title="bbox 375 3635 1958 3711; baseline 0.003 -22"><span class='ocrx_word' id='word_1_393' title='bbox 375 3635 600 3699; x_wconf 81' lang='grc' dir='ltr'>τάξεως,</span> <span class='ocrx_word' id='word_1_394' title='bbox 647 3637 739 3690; x_wconf 63' lang='lat' dir='ltr'><strong>xui</strong></span> <span class='ocrx_word' id='word_1_395' title='bbox 779 3635 873 3690; x_wconf 82' lang='grc' dir='ltr'>τοῦ</span> <span class='ocrx_word' id='word_1_396' title='bbox 920 3635 1151 3701; x_wconf 88' lang='grc' dir='ltr'>κάλλους</span> <span class='ocrx_word' id='word_1_397' title='bbox 1190 3636 1289 3707; x_wconf 85' lang='grc' dir='ltr'>τῆς</span> <span class='ocrx_word' id='word_1_398' title='bbox 1336 3637 1422 3706; x_wconf 77' lang='grc' dir='ltr'><strong>ἐφ’</strong></span> <span class='ocrx_word' id='word_1_399' title='bbox 1470 3637 1704 3691; x_wconf 82' lang='grc' dir='ltr'>ἑκάστου</span> <span class='ocrx_word' id='word_1_400' title='bbox 1760 3639 1958 3711; x_wconf 73' lang='grc' dir='ltr'>μέρους</span> 
     </span>
    </p>
   </div>
   <div class='ocr_carea' id='block_1_56' title="bbox 376 3726 1957 3804">
    <p class='ocr_par' dir='ltr' id='par_1_56' title="bbox 376 3726 1957 3804">
     <span class='ocr_line' id='line_1_56' title="bbox 376 3726 1957 3804; baseline 0.003 -24"><span class='ocrx_word' id='word_1_401' title='bbox 376 3726 680 3799; x_wconf 78' lang='grc' dir='ltr'>ὑπερϐολῆς</span> <span class='ocrx_word' id='word_1_402' title='bbox 720 3726 1192 3799; x_wconf 83' lang='grc' dir='ltr'>ἀκριϐολογεῖσθαι</span> <span class='ocrx_word' id='word_1_403' title='bbox 1248 3727 1347 3800; x_wconf 81' lang='grc' dir='ltr'><strong>τὴν</strong></span> <span class='ocrx_word' id='word_1_404' title='bbox 1393 3729 1688 3800; x_wconf 79' lang='grc' dir='ltr'>ὑφήγησιν,</span> <span class='ocrx_word' id='word_1_405' title='bbox 1733 3731 1823 3783; x_wconf 84' lang='grc' dir='ltr'><strong>ὅτε</strong></span> <span class='ocrx_word' id='word_1_406' title='bbox 1857 3732 1957 3804; x_wconf 82' lang='grc' dir='ltr'>τῆς</span> 
     </span>
    </p>
   </div>
   <div class='ocr_carea' id='block_1_57' title="bbox 374 3816 1958 3893">
    <p class='ocr_par' dir='ltr' id='par_1_57' title="bbox 374 3816 1958 3893">
     <span class='ocr_line' id='line_1_57' title="bbox 374 3816 1958 3893; baseline 0.002 -21"><span class='ocrx_word' id='word_1_407' title='bbox 374 3818 550 3889; x_wconf 62' lang='grc' dir='ltr'>ὅψεως</span> <span class='ocrx_word' id='word_1_408' title='bbox 596 3818 694 3890; x_wconf 80' lang='grc' dir='ltr'><strong>τὴν</strong></span> <span class='ocrx_word' id='word_1_409' title='bbox 738 3818 827 3872; x_wconf 70' lang='grc' dir='ltr'><strong>διὰ</strong></span> <span class='ocrx_word' id='word_1_410' title='bbox 854 3818 964 3873; x_wconf 83' lang='grc' dir='ltr'><strong>τῶν</strong></span> <span class='ocrx_word' id='word_1_411' title='bbox 993 3816 1145 3872; x_wconf 80' lang='grc' dir='ltr'>ὢτων</span> <span class='ocrx_word' id='word_1_412' title='bbox 1185 3817 1463 3872; x_wconf 84' lang='grc' dir='ltr'>ἀποκλείει</span> <span class='ocrx_word' id='word_1_413' title='bbox 1501 3818 1787 3892; x_wconf 86' lang='grc' dir='ltr'>μάθησινή</span> <span class='ocrx_word' id='word_1_414' title='bbox 1819 3838 1958 3893; x_wconf 71' lang='grc' dir='ltr'>μαρο</span> 
     </span>
    </p>
   </div>
   <div class='ocr_carea' id='block_1_58' title="bbox 374 3903 1952 3982">
    <p class='ocr_par' dir='ltr' id='par_1_58' title="bbox 374 3903 1952 3982">
     <span class='ocr_line' id='line_1_58' title="bbox 374 3903 1952 3982; baseline 0.008 -25"><span class='ocrx_word' id='word_1_415' title='bbox 374 3910 569 3982; x_wconf 82' lang='grc' dir='ltr'>τυρία;</span> <span class='ocrx_word' id='word_1_416' title='bbox 636 3910 798 3963; x_wconf 82' lang='grc' dir='ltr'>Ἀλλά</span> <span class='ocrx_word' id='word_1_417' title='bbox 849 3909 958 3982; x_wconf 82' lang='grc' dir='ltr'>γὰρ</span> <span class='ocrx_word' id='word_1_418' title='bbox 1012 3903 1115 3963; x_wconf 83' lang='grc' dir='ltr'>ὧδε</span> <span class='ocrx_word' id='word_1_419' title='bbox 1158 3909 1382 3965; x_wconf 77' lang='grc' dir='ltr'>καὶτὸν</span> <span class='ocrx_word' id='word_1_420' title='bbox 1430 3909 1565 3964; x_wconf 87' lang='grc' dir='ltr'>νεὼν</span> <span class='ocrx_word' id='word_1_421' title='bbox 1616 3912 1952 3978; x_wconf 82' lang='grc' dir='ltr'>ἐπιτελέσας,</span> 
     </span>
    </p>
   </div>
   <div class='ocr_carea' id='block_1_59' title="bbox 374 4002 1952 4077">
    <p class='ocr_par' dir='ltr' id='par_1_59' title="bbox 374 4002 1952 4077">
     <span class='ocr_line' id='line_1_59' title="bbox 374 4002 1952 4077; baseline 0 -19"><span class='ocrx_word' id='word_1_422' title='bbox 374 4002 584 4076; x_wconf 83' lang='grc' dir='ltr'>θρόνοις</span> <span class='ocrx_word' id='word_1_423' title='bbox 607 4021 668 4056; x_wconf 92' lang='grc' dir='ltr'><strong>τε</strong></span> <span class='ocrx_word' id='word_1_424' title='bbox 693 4006 806 4067; x_wconf 76' lang='grc' dir='ltr'>τοῖς</span> <span class='ocrx_word' id='word_1_425' title='bbox 823 4002 1085 4056; x_wconf 84' lang='grc' dir='ltr'>ἀνωτάτω</span> <span class='ocrx_word' id='word_1_426' title='bbox 1112 4004 1192 4066; x_wconf 82' lang='grc' dir='ltr'>εἰς</span> <span class='ocrx_word' id='word_1_427' title='bbox 1211 4003 1310 4074; x_wconf 80' lang='grc' dir='ltr'><strong>τὴν</strong></span> <span class='ocrx_word' id='word_1_428' title='bbox 1329 4002 1440 4056; x_wconf 85' lang='grc' dir='ltr'><strong>τῶν</strong></span> <span class='ocrx_word' id='word_1_429' title='bbox 1465 4002 1745 4076; x_wconf 83' lang='grc' dir='ltr'>προέδρων</span> <span class='ocrx_word' id='word_1_430' title='bbox 1764 4005 1952 4077; x_wconf 82' lang='grc' dir='ltr'>τιμήν,</span> 
     </span>
    </p>
   </div>
   <div class='ocr_carea' id='block_1_60' title="bbox 373 4094 1954 4169">
    <p class='ocr_par' dir='ltr' id='par_1_60' title="bbox 373 4094 1954 4169">
     <span class='ocr_line' id='line_1_60' title="bbox 373 4094 1954 4169; baseline 0.001 -18"><span class='ocrx_word' id='word_1_431' title='bbox 373 4097 468 4151; x_wconf 74' lang='grc' dir='ltr'><strong>καὶ</strong></span> <span class='ocrx_word' id='word_1_432' title='bbox 496 4096 719 4168; x_wconf 85' lang='grc' dir='ltr'>προσέτι</span> <span class='ocrx_word' id='word_1_433' title='bbox 744 4095 964 4169; x_wconf 85' lang='grc' dir='ltr'>βάθροις</span> <span class='ocrx_word' id='word_1_434' title='bbox 991 4097 1050 4149; x_wconf 86' lang='grc' dir='ltr'>ὲν</span> <span class='ocrx_word' id='word_1_435' title='bbox 1077 4094 1228 4160; x_wconf 77' lang='grc' dir='ltr'>τάξει</span> <span class='ocrx_word' id='word_1_436' title='bbox 1252 4096 1365 4159; x_wconf 83' lang='grc' dir='ltr'>τοῖς</span> <span class='ocrx_word' id='word_1_437' title='bbox 1393 4094 1514 4148; x_wconf 85' lang='grc' dir='ltr'>καθ’</span> <span class='ocrx_word' id='word_1_438' title='bbox 1537 4094 1662 4149; x_wconf 83' lang='grc' dir='ltr'>ὅλου</span> <span class='ocrx_word' id='word_1_439' title='bbox 1673 4094 1785 4167; x_wconf 70' lang='grc'>(27)</span> <span class='ocrx_word' id='word_1_440' title='bbox 1812 4099 1954 4152; x_wconf 84' lang='grc' dir='ltr'><strong>κατά</strong></span> 
     </span>
    </p>
   </div>
   <div class='ocr_carea' id='block_1_61' title="bbox 372 4186 1953 4261">
    <p class='ocr_par' dir='ltr' id='par_1_61' title="bbox 372 4186 1953 4261">
     <span class='ocr_line' id='line_1_61' title="bbox 372 4186 1953 4261; baseline 0 -18"><span class='ocrx_word' id='word_1_441' title='bbox 372 4187 434 4243; x_wconf 79' lang='grc' dir='ltr'>τὺ</span> <span class='ocrx_word' id='word_1_442' title='bbox 466 4188 673 4261; x_wconf 87' lang='grc' dir='ltr'>πρέπον</span> <span class='ocrx_word' id='word_1_443' title='bbox 716 4189 1022 4260; x_wconf 84' lang='grc' dir='ltr'>κοσμήσας,</span> <span class='ocrx_word' id='word_1_444' title='bbox 1065 4187 1151 4257; x_wconf 75' lang='grc' dir='ltr'><strong>ἐφ’</strong></span> <span class='ocrx_word' id='word_1_445' title='bbox 1195 4186 1367 4241; x_wconf 75' lang='grc' dir='ltr'>ἅπασί</span> <span class='ocrx_word' id='word_1_446' title='bbox 1409 4203 1471 4239; x_wconf 87' lang='grc' dir='ltr'><strong>τε</strong></span> <span class='ocrx_word' id='word_1_447' title='bbox 1519 4186 1581 4240; x_wconf 81' lang='grc' dir='ltr'><strong>τδ</strong></span> <span class='ocrx_word' id='word_1_448' title='bbox 1621 4186 1730 4241; x_wconf 86' lang='grc' dir='ltr'>τῶν</span> <span class='ocrx_word' id='word_1_449' title='bbox 1781 4189 1953 4258; x_wconf 86' lang='grc' dir='ltr'>ἁγίων</span> 
     </span>
    </p>
   </div>
   <div class='ocr_carea' id='block_1_62' title="bbox 376 4278 1956 4351">
    <p class='ocr_par' dir='ltr' id='par_1_62' title="bbox 376 4278 1956 4351">
     <span class='ocr_line' id='line_1_62' title="bbox 376 4278 1956 4351; baseline 0.003 -21"><span class='ocrx_word' id='word_1_450' title='bbox 376 4278 564 4347; x_wconf 77' lang='grc' dir='ltr'>Ἀγιον</span> <span class='ocrx_word' id='word_1_451' title='bbox 588 4278 970 4348; x_wconf 87' lang='grc' dir='ltr'>θυσιαστήριον</span> <span class='ocrx_word' id='word_1_452' title='bbox 999 4278 1057 4330; x_wconf 77' lang='grc' dir='ltr'>ἐν</span> <span class='ocrx_word' id='word_1_453' title='bbox 1086 4279 1236 4351; x_wconf 84' lang='grc' dir='ltr'>μέσῳ</span> <span class='ocrx_word' id='word_1_454' title='bbox 1260 4280 1392 4345; x_wconf 79' lang='grc' dir='ltr'>θεὶς,</span> <span class='ocrx_word' id='word_1_455' title='bbox 1423 4279 1580 4343; x_wconf 77' lang='grc' dir='ltr'>αὖθις</span> <span class='ocrx_word' id='word_1_456' title='bbox 1607 4280 1701 4334; x_wconf 72' lang='grc' dir='ltr'><strong>καὶ</strong></span> <span class='ocrx_word' id='word_1_457' title='bbox 1726 4281 1853 4335; x_wconf 89' lang='grc' dir='ltr'>τάδε</span> <span class='ocrx_word' id='word_1_458' title='bbox 1880 4281 1956 4345; x_wconf 75' lang='grc' dir='ltr'>ὡς</span> 
     </span>
    </p>
   </div>
   <div class='ocr_carea' id='block_1_63' title="bbox 374 4367 1955 4442">
    <p class='ocr_par' dir='ltr' id='par_1_63' title="bbox 374 4367 1955 4442">
     <span class='ocr_line' id='line_1_63' title="bbox 374 4367 1955 4442; baseline 0.001 -20"><span class='ocrx_word' id='word_1_459' title='bbox 374 4367 442 4422; x_wconf 78' lang='grc' dir='ltr'><strong>ἂν</strong></span> <span class='ocrx_word' id='word_1_460' title='bbox 461 4369 544 4439; x_wconf 79' lang='grc' dir='ltr'>εἴη</span> <span class='ocrx_word' id='word_1_461' title='bbox 565 4370 677 4431; x_wconf 88' lang='grc' dir='ltr'>τοῖς</span> <span class='ocrx_word' id='word_1_462' title='bbox 699 4368 911 4432; x_wconf 84' lang='grc' dir='ltr'>πολλοῖς</span> <span class='ocrx_word' id='word_1_463' title='bbox 935 4368 1132 4431; x_wconf 77' lang='grc' dir='ltr'>ἄϐατα,</span> <span class='ocrx_word' id='word_1_464' title='bbox 1156 4373 1268 4433; x_wconf 86' lang='grc' dir='ltr'>τοῖς</span> <span class='ocrx_word' id='word_1_465' title='bbox 1290 4372 1397 4423; x_wconf 80' lang='grc' dir='ltr'><strong>ἀπὸ</strong></span> <span class='ocrx_word' id='word_1_466' title='bbox 1419 4369 1575 4435; x_wconf 85' lang='grc' dir='ltr'>ξύλου</span> <span class='ocrx_word' id='word_1_467' title='bbox 1593 4388 1659 4422; x_wconf 88' lang='grc' dir='ltr'><strong>πε</strong></span> <span class='ocrx_word' id='word_1_468' title='bbox 1668 4371 1955 4442; x_wconf 79' lang='grc' dir='ltr'>ριέφροιττε</span> 
     </span>
    </p>
   </div>
   <div class='ocr_carea' id='block_1_64' title="bbox 2067 1899 3646 1974">
    <p class='ocr_par' dir='ltr' id='par_1_64' title="bbox 2067 1899 3646 1974">
     <span class='ocr_line' id='line_1_64' title="bbox 2067 1899 3646 1974; baseline 0.004 -21"><span class='ocrx_word' id='word_1_469' title='bbox 2067 1914 2227 1953; x_wconf 88' lang='lat' dir='ltr'><strong>sacro</strong></span> <span class='ocrx_word' id='word_1_470' title='bbox 2260 1899 2363 1954; x_wconf 91' lang='lat' dir='ltr'><strong>loci</strong></span> <span class='ocrx_word' id='word_1_471' title='bbox 2416 1901 2622 1955; x_wconf 78' lang='lat' dir='ltr'><strong>ambitu</strong></span> <span class='ocrx_word' id='word_1_472' title='bbox 2648 1901 2867 1969; x_wconf 82' lang='lat' dir='ltr'><strong>longius</strong></span> <span class='ocrx_word' id='word_1_473' title='bbox 2898 1902 3089 1956; x_wconf 78' lang='lat' dir='ltr'><strong>remoti</strong></span> <span class='ocrx_word' id='word_1_474' title='bbox 3114 1912 3261 1969; x_wconf 86' lang='lat' dir='ltr'><strong>sunt,</strong></span> <span class='ocrx_word' id='word_1_475' title='bbox 3291 1913 3646 1974; x_wconf 89' lang='lat' dir='ltr'><strong>conspectum</strong></span> 
     </span>
    </p>
   </div>
   <div class='ocr_carea' id='block_1_65' title="bbox 2066 1992 3649 2062">
    <p class='ocr_par' dir='ltr' id='par_1_65' title="bbox 2066 1992 3649 2062">
     <span class='ocr_line' id='line_1_65' title="bbox 2066 1992 3649 2062; baseline 0.006 -18"><span class='ocrx_word' id='word_1_476' title='bbox 2066 1992 2350 2061; x_wconf 87' lang='lat' dir='ltr'><strong>quemdam</strong></span> <span class='ocrx_word' id='word_1_477' title='bbox 2382 2007 2595 2058; x_wconf 87' lang='lat' dir='ltr'><strong>eorum,</strong></span> <span class='ocrx_word' id='word_1_478' title='bbox 2625 2008 2746 2062; x_wconf 75' lang='lat' dir='ltr'><strong>qua:</strong></span> <span class='ocrx_word' id='word_1_479' title='bbox 2791 1996 2934 2047; x_wconf 88' lang='lat' dir='ltr'><strong>intus</strong></span> <span class='ocrx_word' id='word_1_480' title='bbox 2981 1994 3373 2061; x_wconf 90' lang='lat' dir='ltr'><strong>reconduntur,</strong></span> <span class='ocrx_word' id='word_1_481' title='bbox 3430 1998 3649 2054; x_wconf 84' lang='lat' dir='ltr'><strong>abunde</strong></span> 
     </span>
    </p>
   </div>
   <div class='ocr_carea' id='block_1_66' title="bbox 2064 2082 3645 2148">
    <p class='ocr_par' dir='ltr' id='par_1_66' title="bbox 2064 2082 3645 2148">
     <span class='ocr_line' id='line_1_66' title="bbox 2064 2082 3645 2148; baseline 0.004 -13"><span class='ocrx_word' id='word_1_482' title='bbox 2064 2082 2346 2147; x_wconf 61' lang='lat' dir='ltr'><strong>exhibens,</strong></span> <span class='ocrx_word' id='word_1_483' title='bbox 2374 2094 2432 2137; x_wconf 89' lang='lat' dir='ltr'><strong>et</strong></span> <span class='ocrx_word' id='word_1_484' title='bbox 2460 2083 2649 2137; x_wconf 89' lang='lat' dir='ltr'><strong>oculos</strong></span> <span class='ocrx_word' id='word_1_485' title='bbox 2673 2098 2862 2137; x_wconf 87' lang='lat' dir='ltr'><strong>eorum</strong></span> <span class='ocrx_word' id='word_1_486' title='bbox 2893 2084 2983 2148; x_wconf 91' lang='lat' dir='ltr'><strong>qui</strong></span> <span class='ocrx_word' id='word_1_487' title='bbox 3027 2100 3057 2137; x_wconf 89' lang='lat' dir='ltr'><strong>a</strong></span> <span class='ocrx_word' id='word_1_488' title='bbox 3105 2082 3208 2138; x_wconf 76' lang='lat' dir='ltr'><strong>[ide</strong></span> <span class='ocrx_word' id='word_1_489' title='bbox 3240 2095 3430 2140; x_wconf 90' lang='lat' dir='ltr'><strong>nostra</strong></span> <span class='ocrx_word' id='word_1_490' title='bbox 3477 2087 3645 2141; x_wconf 85' lang='lat' dir='ltr'><strong>alieni</strong></span> 
     </span>
    </p>
   </div>
   <div class='ocr_carea' id='block_1_67' title="bbox 2064 2174 3642 2245">
    <p class='ocr_par' dir='ltr' id='par_1_67' title="bbox 2064 2174 3642 2245">
     <span class='ocr_line' id='line_1_67' title="bbox 2064 2174 3642 2245; baseline 0.003 -17"><span class='ocrx_word' id='word_1_491' title='bbox 2064 2183 2210 2239; x_wconf 91' lang='lat' dir='ltr'><strong>sunt,</strong></span> <span class='ocrx_word' id='word_1_492' title='bbox 2232 2175 2298 2227; x_wconf 88' lang='lat' dir='ltr'><strong>ad</strong></span> <span class='ocrx_word' id='word_1_493' title='bbox 2321 2175 2708 2244; x_wconf 86' lang='lat' dir='ltr'><strong>conspicienda</strong></span> <span class='ocrx_word' id='word_1_494' title='bbox 2733 2174 2918 2229; x_wconf 89' lang='lat' dir='ltr'><strong>limina</strong></span> <span class='ocrx_word' id='word_1_495' title='bbox 2942 2176 3342 2245; x_wconf 88' lang='lat' dir='ltr'><strong>quodammodo</strong></span> <span class='ocrx_word' id='word_1_496' title='bbox 3368 2178 3642 2245; x_wconf 87' lang='lat' dir='ltr'><strong>invitaus;</strong></span> 
     </span>
    </p>
   </div>
   <div class='ocr_carea' id='block_1_68' title="bbox 2064 2267 3648 2340">
    <p class='ocr_par' dir='ltr' id='par_1_68' title="bbox 2064 2267 3648 2340">
     <span class='ocr_line' id='line_1_68' title="bbox 2064 2267 3648 2340; baseline 0.003 -21"><span class='ocrx_word' id='word_1_497' title='bbox 2064 2281 2132 2320; x_wconf 87' lang='lat' dir='ltr'><strong>ne</strong></span> <span class='ocrx_word' id='word_1_498' title='bbox 2157 2270 2440 2336; x_wconf 78' lang='lat' dir='ltr'><strong>quisquam</strong></span> <span class='ocrx_word' id='word_1_499' title='bbox 2468 2267 2605 2322; x_wconf 76' lang='lat' dir='ltr'><strong>forte</strong></span> <span class='ocrx_word' id='word_1_500' title='bbox 2636 2276 3043 2335; x_wconf 71' lang='lat' dir='ltr'><strong>prmtercurrat,</strong></span> <span class='ocrx_word' id='word_1_501' title='bbox 3091 2269 3182 2339; x_wconf 91' lang='lat' dir='ltr'><strong>qui</strong></span> <span class='ocrx_word' id='word_1_502' title='bbox 3230 2285 3337 2323; x_wconf 92' lang='lat' dir='ltr'><strong>non</strong></span> <span class='ocrx_word' id='word_1_503' title='bbox 3382 2285 3648 2340; x_wconf 86' lang='lat' dir='ltr'><strong>compun-</strong></span> 
     </span>
    </p>
   </div>
   <div class='ocr_carea' id='block_1_69' title="bbox 2064 2358 3640 2428">
    <p class='ocr_par' dir='ltr' id='par_1_69' title="bbox 2064 2358 3640 2428">
     <span class='ocr_line' id='line_1_69' title="bbox 2064 2358 3640 2428; baseline 0.003 -17"><span class='ocrx_word' id='word_1_504' title='bbox 2064 2370 2219 2428; x_wconf 79' lang='lat' dir='ltr'><strong>gatur</strong></span> <span class='ocrx_word' id='word_1_505' title='bbox 2242 2359 2446 2421; x_wconf 79' lang='lat' dir='ltr'><strong>animo,</strong></span> <span class='ocrx_word' id='word_1_506' title='bbox 2472 2370 2583 2412; x_wconf 89' lang='lat' dir='ltr'><strong>tum</strong></span> <span class='ocrx_word' id='word_1_507' title='bbox 2600 2374 2668 2413; x_wconf 81' lang='lat' dir='ltr'><strong>ex</strong></span> <span class='ocrx_word' id='word_1_508' title='bbox 2696 2358 2956 2413; x_wconf 87' lang='lat' dir='ltr'><strong>memoria</strong></span> <span class='ocrx_word' id='word_1_509' title='bbox 2982 2360 3273 2428; x_wconf 66' lang='lat' dir='ltr'><strong>praeterita:</strong></span> <span class='ocrx_word' id='word_1_510' title='bbox 3302 2360 3640 2427; x_wconf 78' lang='lat' dir='ltr'><strong>solitudinis,</strong></span> 
     </span>
    </p>
   </div>
   <div class='ocr_carea' id='block_1_70' title="bbox 2046 2451 3646 2520">
    <p class='ocr_par' dir='ltr' id='par_1_70' title="bbox 2046 2451 3646 2520">
     <span class='ocr_line' id='line_1_70' title="bbox 2046 2451 3646 2520; baseline 0.003 -15"><span class='ocrx_word' id='word_1_511' title='bbox 2046 2462 2176 2519; x_wconf 86' lang='lat' dir='ltr'><strong>tum</strong></span> <span class='ocrx_word' id='word_1_512' title='bbox 2212 2465 2278 2505; x_wconf 81' lang='lat' dir='ltr'><strong>ex</strong></span> <span class='ocrx_word' id='word_1_513' title='bbox 2321 2451 2587 2520; x_wconf 89' lang='lat' dir='ltr'><strong>stupendo</strong></span> <span class='ocrx_word' id='word_1_514' title='bbox 2630 2453 2917 2520; x_wconf 71' lang='lat' dir='ltr'><strong>prtesentis</strong></span> <span class='ocrx_word' id='word_1_515' title='bbox 2959 2452 3142 2520; x_wconf 79' lang='lat' dir='ltr'><strong>operis</strong></span> <span class='ocrx_word' id='word_1_516' title='bbox 3191 2453 3481 2508; x_wconf 89' lang='lat' dir='ltr'><strong>miraculo.</strong></span> <span class='ocrx_word' id='word_1_517' title='bbox 3530 2451 3646 2509; x_wconf 82' lang='lat' dir='ltr'><strong>iloc</strong></span> 
     </span>
    </p>
   </div>
   <div class='ocr_carea' id='block_1_71' title="bbox 2062 2541 3644 2613">
    <p class='ocr_par' dir='ltr' id='par_1_71' title="bbox 2062 2541 3644 2613">
     <span class='ocr_line' id='line_1_71' title="bbox 2062 2541 3644 2613; baseline 0.002 -18"><span class='ocrx_word' id='word_1_518' title='bbox 2062 2541 2204 2595; x_wconf 90' lang='lat' dir='ltr'><strong>enim</strong></span> <span class='ocrx_word' id='word_1_519' title='bbox 2262 2541 2422 2594; x_wconf 88' lang='lat' dir='ltr'><strong>modo</strong></span> <span class='ocrx_word' id='word_1_520' title='bbox 2469 2549 2851 2610; x_wconf 88' lang='lat' dir='ltr'><strong>compunctos,</strong></span> <span class='ocrx_word' id='word_1_521' title='bbox 2908 2541 3111 2596; x_wconf 89' lang='lat' dir='ltr'><strong>attrahi</strong></span> <span class='ocrx_word' id='word_1_522' title='bbox 3144 2551 3198 2596; x_wconf 89' lang='lat' dir='ltr'><strong>et</strong></span> <span class='ocrx_word' id='word_1_523' title='bbox 3231 2541 3298 2596; x_wconf 92' lang='lat' dir='ltr'><strong>ad</strong></span> <span class='ocrx_word' id='word_1_524' title='bbox 3329 2544 3644 2613; x_wconf 79' lang='lat' dir='ltr'><strong>ingredien~</strong></span> 
     </span>
    </p>
   </div>
   <div class='ocr_carea' id='block_1_72' title="bbox 2061 2632 3641 2703">
    <p class='ocr_par' dir='ltr' id='par_1_72' title="bbox 2061 2632 3641 2703">
     <span class='ocr_line' id='line_1_72' title="bbox 2061 2632 3641 2703; baseline 0.003 -17"><span class='ocrx_word' id='word_1_525' title='bbox 2061 2635 2190 2686; x_wconf 91' lang='lat' dir='ltr'><strong>dum</strong></span> <span class='ocrx_word' id='word_1_526' title='bbox 2235 2632 2376 2686; x_wconf 84' lang='lat' dir='ltr'><strong>allici</strong></span> <span class='ocrx_word' id='word_1_527' title='bbox 2430 2646 2592 2703; x_wconf 87' lang='lat' dir='ltr'><strong>posse</strong></span> <span class='ocrx_word' id='word_1_528' title='bbox 2642 2643 2865 2703; x_wconf 86' lang='lat' dir='ltr'><strong>aspectu</strong></span> <span class='ocrx_word' id='word_1_529' title='bbox 2899 2633 3017 2703; x_wconf 90' lang='lat' dir='ltr'><strong>ipso</strong></span> <span class='ocrx_word' id='word_1_530' title='bbox 3052 2634 3314 2703; x_wconf 84' lang='lat' dir='ltr'><strong>speravit.</strong></span> <span class='ocrx_word' id='word_1_531' title='bbox 3371 2633 3641 2691; x_wconf 68' lang='lat' dir='ltr'><strong>Cancrum</strong></span> 
     </span>
    </p>
   </div>
   <div class='ocr_carea' id='block_1_73' title="bbox 2063 2722 3642 2795">
    <p class='ocr_par' dir='ltr' id='par_1_73' title="bbox 2063 2722 3642 2795">
     <span class='ocr_line' id='line_1_73' title="bbox 2063 2722 3642 2795; baseline 0.003 -19"><span class='ocrx_word' id='word_1_532' title='bbox 2063 2723 2151 2776; x_wconf 90' lang='lat' dir='ltr'><strong>ubi</strong></span> <span class='ocrx_word' id='word_1_533' title='bbox 2174 2732 2360 2792; x_wconf 85' lang='lat' dir='ltr'><strong>portas</strong></span> <span class='ocrx_word' id='word_1_534' title='bbox 2386 2722 2669 2792; x_wconf 76' lang='lat' dir='ltr'><strong>ingressus</strong></span> <span class='ocrx_word' id='word_1_535' title='bbox 2704 2724 2805 2787; x_wconf 88' lang='lat' dir='ltr'><strong>sis,</strong></span> <span class='ocrx_word' id='word_1_536' title='bbox 2833 2738 2942 2777; x_wconf 89' lang='lat' dir='ltr'><strong>non</strong></span> <span class='ocrx_word' id='word_1_537' title='bbox 2989 2725 3177 2779; x_wconf 88' lang='lat' dir='ltr'><strong>statim</strong></span> <span class='ocrx_word' id='word_1_538' title='bbox 3229 2726 3458 2795; x_wconf 65' lang='lat' dir='ltr'><strong>impuris</strong></span> <span class='ocrx_word' id='word_1_539' title='bbox 3490 2736 3545 2781; x_wconf 89' lang='lat' dir='ltr'><strong>et</strong></span> <span class='ocrx_word' id='word_1_540' title='bbox 3575 2727 3642 2781; x_wconf 85' lang='lat' dir='ltr'><strong>il-</strong></span> 
     </span>
    </p>
   </div>
   <div class='ocr_carea' id='block_1_74' title="bbox 2060 2814 3640 2885">
    <p class='ocr_par' dir='ltr' id='par_1_74' title="bbox 2060 2814 3640 2885">
     <span class='ocr_line' id='line_1_74' title="bbox 2060 2814 3640 2885; baseline -0.001 -17"><span class='ocrx_word' id='word_1_541' title='bbox 2060 2816 2188 2870; x_wconf 87' lang='lat' dir='ltr'><strong>lotis</strong></span> <span class='ocrx_word' id='word_1_542' title='bbox 2215 2816 2449 2884; x_wconf 85' lang='lat' dir='ltr'><strong>pedibus</strong></span> <span class='ocrx_word' id='word_1_543' title='bbox 2494 2815 2547 2868; x_wconf 91' lang='lat' dir='ltr'><strong>iu</strong></span> <span class='ocrx_word' id='word_1_544' title='bbox 2590 2814 2891 2870; x_wconf 86' lang='lat' dir='ltr'><strong>sacrarium</strong></span> <span class='ocrx_word' id='word_1_545' title='bbox 2940 2815 3169 2870; x_wconf 88' lang='lat' dir='ltr'><strong>introire</strong></span> <span class='ocrx_word' id='word_1_546' title='bbox 3213 2816 3481 2885; x_wconf 86' lang='lat' dir='ltr'><strong>permisit.</strong></span> <span class='ocrx_word' id='word_1_547' title='bbox 3535 2817 3640 2871; x_wconf 82' lang='lat' dir='ltr'><strong>Sed</strong></span> 
     </span>
    </p>
   </div>
   <div class='ocr_carea' id='block_1_75' title="bbox 2060 2905 3643 2976">
    <p class='ocr_par' dir='ltr' id='par_1_75' title="bbox 2060 2905 3643 2976">
     <span class='ocr_line' id='line_1_75' title="bbox 2060 2905 3643 2976; baseline 0.003 -14"><span class='ocrx_word' id='word_1_548' title='bbox 2060 2906 2205 2962; x_wconf 90' lang='lat' dir='ltr'><strong>inter</strong></span> <span class='ocrx_word' id='word_1_549' title='bbox 2247 2905 2506 2976; x_wconf 87' lang='lat' dir='ltr'><strong>templum</strong></span> <span class='ocrx_word' id='word_1_550' title='bbox 2557 2921 2623 2961; x_wconf 89' lang='lat' dir='ltr'><strong>ac</strong></span> <span class='ocrx_word' id='word_1_551' title='bbox 2674 2907 3002 2963; x_wconf 85' lang='lat' dir='ltr'><strong>vestibulum</strong></span> <span class='ocrx_word' id='word_1_552' title='bbox 3055 2913 3295 2962; x_wconf 81' lang='lat' dir='ltr'><strong>maximo</strong></span> <span class='ocrx_word' id='word_1_553' title='bbox 3354 2910 3643 2967; x_wconf 71' lang='lat' dir='ltr'><strong>intervalfa</strong></span> 
     </span>
    </p>
   </div>
   <div class='ocr_carea' id='block_1_76' title="bbox 2061 2998 3642 3069">
    <p class='ocr_par' dir='ltr' id='par_1_76' title="bbox 2061 2998 3642 3069">
     <span class='ocr_line' id='line_1_76' title="bbox 2061 2998 3642 3069; baseline 0.001 -18"><span class='ocrx_word' id='word_1_554' title='bbox 2061 2998 2274 3063; x_wconf 91' lang='lat' dir='ltr'><strong>relicto,</strong></span> <span class='ocrx_word' id='word_1_555' title='bbox 2306 2999 2410 3052; x_wconf 91' lang='lat' dir='ltr'><strong>hoc</strong></span> <span class='ocrx_word' id='word_1_556' title='bbox 2436 2998 2669 3068; x_wconf 86' lang='lat' dir='ltr'><strong>spatium</strong></span> <span class='ocrx_word' id='word_1_557' title='bbox 2708 3000 2761 3052; x_wconf 92' lang='lat' dir='ltr'><strong>in</strong></span> <span class='ocrx_word' id='word_1_558' title='bbox 2810 2999 3061 3069; x_wconf 83' lang='lat' dir='ltr'><strong>quadrati</strong></span> <span class='ocrx_word' id='word_1_559' title='bbox 3113 3001 3350 3069; x_wconf 88' lang='lat' dir='ltr'><strong>speciem</strong></span> <span class='ocrx_word' id='word_1_560' title='bbox 3403 3000 3642 3055; x_wconf 80' lang='lat' dir='ltr'><strong>circuiu-</strong></span> 
     </span>
    </p>
   </div>
   <div class='ocr_carea' id='block_1_77' title="bbox 2061 3088 3637 3162">
    <p class='ocr_par' dir='ltr' id='par_1_77' title="bbox 2061 3088 3637 3162">
     <span class='ocr_line' id='line_1_77' title="bbox 2061 3088 3637 3162; baseline 0.003 -20"><span class='ocrx_word' id='word_1_561' title='bbox 2061 3098 2272 3158; x_wconf 87' lang='lat' dir='ltr'><strong>septum</strong></span> <span class='ocrx_word' id='word_1_562' title='bbox 2304 3097 2538 3158; x_wconf 88' lang='lat' dir='ltr'><strong>quatuor</strong></span> <span class='ocrx_word' id='word_1_563' title='bbox 2569 3088 2803 3158; x_wconf 89' lang='lat' dir='ltr'><strong>obliquis</strong></span> <span class='ocrx_word' id='word_1_564' title='bbox 2847 3089 3151 3157; x_wconf 87' lang='lat' dir='ltr'><strong>porticibus</strong></span> <span class='ocrx_word' id='word_1_565' title='bbox 3200 3091 3637 3162; x_wconf 86' lang='lat' dir='ltr'><strong>circumquaque</strong></span> 
     </span>
    </p>
   </div>
   <div class='ocr_carea' id='block_1_78' title="bbox 2061 3183 3641 3255">
    <p class='ocr_par' dir='ltr' id='par_1_78' title="bbox 2061 3183 3641 3255">
     <span class='ocr_line' id='line_1_78' title="bbox 2061 3183 3641 3255; baseline 0.002 -17"><span class='ocrx_word' id='word_1_566' title='bbox 2061 3185 2372 3251; x_wconf 72' lang='lat' dir='ltr'><strong>exornavit,</strong></span> <span class='ocrx_word' id='word_1_567' title='bbox 2403 3199 2525 3254; x_wconf 70' lang='lat' dir='ltr'><strong>quae</strong></span> <span class='ocrx_word' id='word_1_568' title='bbox 2575 3183 2844 3238; x_wconf 88' lang='lat' dir='ltr'><strong>columnis</strong></span> <span class='ocrx_word' id='word_1_569' title='bbox 2891 3186 3131 3255; x_wconf 88' lang='lat' dir='ltr'><strong>undique</strong></span> <span class='ocrx_word' id='word_1_570' title='bbox 3165 3184 3509 3239; x_wconf 87' lang='lat' dir='ltr'><strong>attolluntur.</strong></span> <span class='ocrx_word' id='word_1_571' title='bbox 3546 3187 3641 3242; x_wconf 67' lang='lat' dir='ltr'><strong>lti-</strong></span> 
     </span>
    </p>
   </div>
   <div class='ocr_carea' id='block_1_79' title="bbox 2063 3275 3637 3346">
    <p class='ocr_par' dir='ltr' id='par_1_79' title="bbox 2063 3275 3637 3346">
     <span class='ocr_line' id='line_1_79' title="bbox 2063 3275 3637 3346; baseline 0.002 -17"><span class='ocrx_word' id='word_1_572' title='bbox 2063 3275 2421 3330; x_wconf 84' lang='lat' dir='ltr'><strong>tercolumnia</strong></span> <span class='ocrx_word' id='word_1_573' title='bbox 2457 3289 2622 3345; x_wconf 91' lang='lat' dir='ltr'><strong>porro</strong></span> <span class='ocrx_word' id='word_1_574' title='bbox 2656 3275 2770 3344; x_wconf 91' lang='lat' dir='ltr'><strong>ipsa</strong></span> <span class='ocrx_word' id='word_1_575' title='bbox 2801 3276 2970 3343; x_wconf 86' lang='lat' dir='ltr'><strong>septis</strong></span> <span class='ocrx_word' id='word_1_576' title='bbox 3000 3291 3031 3330; x_wconf 90' lang='lat' dir='ltr'><strong>e</strong></span> <span class='ocrx_word' id='word_1_577' title='bbox 3060 3277 3208 3346; x_wconf 83' lang='lat' dir='ltr'><strong>ligno</strong></span> <span class='ocrx_word' id='word_1_578' title='bbox 3230 3277 3553 3342; x_wconf 82' lang='lat' dir='ltr'><strong>retieulatis,</strong></span> <span class='ocrx_word' id='word_1_579' title='bbox 3585 3278 3637 3332; x_wconf 78' lang='lat' dir='ltr'><strong>iu</strong></span> 
     </span>
    </p>
   </div>
   <div class='ocr_carea' id='block_1_80' title="bbox 2061 3366 3640 3437">
    <p class='ocr_par' dir='ltr' id='par_1_80' title="bbox 2061 3366 3640 3437">
     <span class='ocr_line' id='line_1_80' title="bbox 2061 3366 3640 3437; baseline 0.001 -16"><span class='ocrx_word' id='word_1_580' title='bbox 2061 3367 2392 3422; x_wconf 80' lang='lat' dir='ltr'><strong>mediocrem</strong></span> <span class='ocrx_word' id='word_1_581' title='bbox 2426 3377 2484 3422; x_wconf 91' lang='lat' dir='ltr'><strong>et</strong></span> <span class='ocrx_word' id='word_1_582' title='bbox 2522 3382 2819 3437; x_wconf 82' lang='lat' dir='ltr'><strong>congruam</strong></span> <span class='ocrx_word' id='word_1_583' title='bbox 2855 3368 3194 3421; x_wconf 88' lang='lat' dir='ltr'><strong>altitudinem</strong></span> <span class='ocrx_word' id='word_1_584' title='bbox 3225 3366 3386 3422; x_wconf 89' lang='lat' dir='ltr'><strong>elatis</strong></span> <span class='ocrx_word' id='word_1_585' title='bbox 3408 3370 3640 3423; x_wconf 74' lang='lat' dir='ltr'><strong>circum-</strong></span> 
     </span>
    </p>
   </div>
   <div class='ocr_carea' id='block_1_81' title="bbox 2060 3454 3638 3526">
    <p class='ocr_par' dir='ltr' id='par_1_81' title="bbox 2060 3454 3638 3526">
     <span class='ocr_line' id='line_1_81' title="bbox 2060 3454 3638 3526; baseline 0.003 -16"><span class='ocrx_word' id='word_1_586' title='bbox 2060 3456 2243 3513; x_wconf 90' lang='lat' dir='ltr'><strong>clusit.</strong></span> <span class='ocrx_word' id='word_1_587' title='bbox 2282 3455 2517 3511; x_wconf 78' lang='lat' dir='ltr'><strong>Medium</strong></span> <span class='ocrx_word' id='word_1_588' title='bbox 2545 3466 2727 3511; x_wconf 89' lang='lat' dir='ltr'><strong>autem</strong></span> <span class='ocrx_word' id='word_1_589' title='bbox 2777 3454 3016 3525; x_wconf 88' lang='lat' dir='ltr'><strong>spatiqu</strong></span> <span class='ocrx_word' id='word_1_590' title='bbox 3051 3464 3301 3526; x_wconf 89' lang='lat' dir='ltr'><strong>apertum</strong></span> <span class='ocrx_word' id='word_1_591' title='bbox 3343 3467 3400 3512; x_wconf 90' lang='lat' dir='ltr'><strong>et</strong></span> <span class='ocrx_word' id='word_1_592' title='bbox 3448 3468 3638 3526; x_wconf 87' lang='lat' dir='ltr'><strong>patens</strong></span> 
     </span>
    </p>
   </div>
   <div class='ocr_carea' id='block_1_82' title="bbox 2061 3546 3633 3617">
    <p class='ocr_par' dir='ltr' id='par_1_82' title="bbox 2061 3546 3633 3617">
     <span class='ocr_line' id='line_1_82' title="bbox 2061 3546 3633 3617; baseline 0.002 -15"><span class='ocrx_word' id='word_1_593' title='bbox 2061 3548 2307 3616; x_wconf 83' lang='lat' dir='ltr'><strong>reliquit,</strong></span> <span class='ocrx_word' id='word_1_594' title='bbox 2339 3555 2402 3602; x_wconf 87' lang='lat' dir='ltr'><strong>ut</strong></span> <span class='ocrx_word' id='word_1_595' title='bbox 2449 3558 2506 3602; x_wconf 93' lang='lat' dir='ltr'><strong>et</strong></span> <span class='ocrx_word' id='word_1_596' title='bbox 2553 3546 2676 3603; x_wconf 73' lang='lat' dir='ltr'><strong>cceli</strong></span> <span class='ocrx_word' id='word_1_597' title='bbox 2726 3556 3004 3617; x_wconf 88' lang='lat' dir='ltr'><strong>aspectum</strong></span> <span class='ocrx_word' id='word_1_598' title='bbox 3054 3548 3337 3617; x_wconf 67' lang='lat' dir='ltr'><strong>praeberet,</strong></span> <span class='ocrx_word' id='word_1_599' title='bbox 3373 3559 3427 3603; x_wconf 89' lang='lat' dir='ltr'><strong>et</strong></span> <span class='ocrx_word' id='word_1_600' title='bbox 3452 3563 3633 3605; x_wconf 87' lang='lat' dir='ltr'><strong>aerem</strong></span> 
     </span>
    </p>
   </div>
   <div class='ocr_carea' id='block_1_83' title="bbox 2059 3636 3630 3707">
    <p class='ocr_par' dir='ltr' id='par_1_83' title="bbox 2059 3636 3630 3707">
     <span class='ocr_line' id='line_1_83' title="bbox 2059 3636 3630 3707; baseline 0.003 -16"><span class='ocrx_word' id='word_1_601' title='bbox 2059 3637 2396 3703; x_wconf 85' lang='lat' dir='ltr'><strong>splendidum</strong></span> <span class='ocrx_word' id='word_1_602' title='bbox 2423 3637 2663 3706; x_wconf 86' lang='lat' dir='ltr'><strong>solisque</strong></span> <span class='ocrx_word' id='word_1_603' title='bbox 2698 3638 2867 3691; x_wconf 89' lang='lat' dir='ltr'><strong>radiis</strong></span> <span class='ocrx_word' id='word_1_604' title='bbox 2898 3636 3279 3691; x_wconf 84' lang='lat' dir='ltr'><strong>collustratum</strong></span> <span class='ocrx_word' id='word_1_605' title='bbox 3320 3647 3630 3707; x_wconf 71' lang='lat' dir='ltr'><strong>prmstaret.</strong></span> 
     </span>
    </p>
   </div>
   <div class='ocr_carea' id='block_1_84' title="bbox 2058 3727 3637 3799">
    <p class='ocr_par' dir='ltr' id='par_1_84' title="bbox 2058 3727 3637 3799">
     <span class='ocr_line' id='line_1_84' title="bbox 2058 3727 3637 3799; baseline 0.001 -17"><span class='ocrx_word' id='word_1_606' title='bbox 2058 3728 2158 3782; x_wconf 87' lang='lat' dir='ltr'><strong>llic</strong></span> <span class='ocrx_word' id='word_1_607' title='bbox 2174 3727 2832 3797; x_wconf 81' lang='lat' dir='ltr'><strong>sacrarumexpiatiunum</strong></span> <span class='ocrx_word' id='word_1_608' title='bbox 2853 3729 3003 3798; x_wconf 77' lang='lat' dir='ltr'><strong>signa</strong></span> <span class='ocrx_word' id='word_1_609' title='bbox 3033 3730 3243 3799; x_wconf 90' lang='lat' dir='ltr'><strong>posuit;</strong></span> <span class='ocrx_word' id='word_1_610' title='bbox 3284 3730 3460 3787; x_wconf 80' lang='lat' dir='ltr'><strong>fontes</strong></span> <span class='ocrx_word' id='word_1_611' title='bbox 3485 3733 3637 3789; x_wconf 73' lang='lat' dir='ltr'><strong>scili-</strong></span> 
     </span>
    </p>
   </div>
   <div class='ocr_carea' id='block_1_85' title="bbox 2059 3817 3634 3888">
    <p class='ocr_par' dir='ltr' id='par_1_85' title="bbox 2059 3817 3634 3888">
     <span class='ocr_line' id='line_1_85' title="bbox 2059 3817 3634 3888; baseline -0.001 -13"><span class='ocrx_word' id='word_1_612' title='bbox 2059 3830 2144 3875; x_wconf 88' lang='lat' dir='ltr'><strong>cet</strong></span> <span class='ocrx_word' id='word_1_613' title='bbox 2170 3834 2239 3874; x_wconf 80' lang='lat' dir='ltr'><strong>ex</strong></span> <span class='ocrx_word' id='word_1_614' title='bbox 2270 3819 2500 3872; x_wconf 77' lang='lat' dir='ltr'><strong>adverso</strong></span> <span class='ocrx_word' id='word_1_615' title='bbox 2529 3817 2775 3872; x_wconf 79' lang='lat' dir='ltr'><strong>ecclesiae</strong></span> <span class='ocrx_word' id='word_1_616' title='bbox 2810 3828 3072 3884; x_wconf 88' lang='lat' dir='ltr'><strong>structos,</strong></span> <span class='ocrx_word' id='word_1_617' title='bbox 3130 3817 3220 3888; x_wconf 91' lang='lat' dir='ltr'><strong>qui</strong></span> <span class='ocrx_word' id='word_1_618' title='bbox 3274 3820 3506 3877; x_wconf 87' lang='lat' dir='ltr'><strong>interius</strong></span> <span class='ocrx_word' id='word_1_619' title='bbox 3546 3838 3634 3876; x_wconf 78' lang='lat' dir='ltr'><strong>sa-</strong></span> 
     </span>
    </p>
   </div>
   <div class='ocr_carea' id='block_1_86' title="bbox 2056 3910 3632 3982">
    <p class='ocr_par' dir='ltr' id='par_1_86' title="bbox 2056 3910 3632 3982">
     <span class='ocr_line' id='line_1_86' title="bbox 2056 3910 3632 3982; baseline -0.001 -12"><span class='ocrx_word' id='word_1_620' title='bbox 2056 3913 2292 3970; x_wconf 79' lang='lat' dir='ltr'><strong>crarium</strong></span> <span class='ocrx_word' id='word_1_621' title='bbox 2328 3911 2658 3982; x_wconf 75' lang='lat' dir='ltr'><strong>ingressuris</strong></span> <span class='ocrx_word' id='word_1_622' title='bbox 2692 3910 2946 3980; x_wconf 81' lang='lat' dir='ltr'><strong>copiosos</strong></span> <span class='ocrx_word' id='word_1_623' title='bbox 2977 3910 3168 3967; x_wconf 87' lang='lat' dir='ltr'><strong>latices</strong></span> <span class='ocrx_word' id='word_1_624' title='bbox 3204 3916 3271 3965; x_wconf 91' lang='lat' dir='ltr'><strong>ad</strong></span> <span class='ocrx_word' id='word_1_625' title='bbox 3301 3912 3632 3969; x_wconf 88' lang='lat' dir='ltr'><strong>abluendum</strong></span> 
     </span>
    </p>
   </div>
   <div class='ocr_carea' id='block_1_87' title="bbox 2058 4003 3633 4072">
    <p class='ocr_par' dir='ltr' id='par_1_87' title="bbox 2058 4003 3633 4072">
     <span class='ocr_line' id='line_1_87' title="bbox 2058 4003 3633 4072; baseline -0.001 -11"><span class='ocrx_word' id='word_1_626' title='bbox 2058 4007 2453 4061; x_wconf 86' lang='lat' dir='ltr'><strong>ministrarent.</strong></span> <span class='ocrx_word' id='word_1_627' title='bbox 2480 4004 2660 4072; x_wconf 87' lang='lat' dir='ltr'><strong>Atque</strong></span> <span class='ocrx_word' id='word_1_628' title='bbox 2689 4003 2794 4057; x_wconf 91' lang='lat' dir='ltr'><strong>hoc</strong></span> <span class='ocrx_word' id='word_1_629' title='bbox 2835 4004 3068 4072; x_wconf 87' lang='lat' dir='ltr'><strong>primmn</strong></span> <span class='ocrx_word' id='word_1_630' title='bbox 3104 4004 3429 4059; x_wconf 90' lang='lat' dir='ltr'><strong>intrantium</strong></span> <span class='ocrx_word' id='word_1_631' title='bbox 3453 4007 3633 4061; x_wconf 86' lang='lat' dir='ltr'><strong>diver-</strong></span> 
     </span>
    </p>
   </div>
   <div class='ocr_carea' id='block_1_88' title="bbox 2054 4096 3628 4164">
    <p class='ocr_par' dir='ltr' id='par_1_88' title="bbox 2054 4096 3628 4164">
     <span class='ocr_line' id='line_1_88' title="bbox 2054 4096 3628 4164; baseline -0.001 -12"><span class='ocrx_word' id='word_1_632' title='bbox 2054 4098 2259 4153; x_wconf 76' lang='lat' dir='ltr'><strong>sarium</strong></span> <span class='ocrx_word' id='word_1_633' title='bbox 2304 4105 2428 4161; x_wconf 87' lang='lat' dir='ltr'><strong>est;</strong></span> <span class='ocrx_word' id='word_1_634' title='bbox 2480 4096 2691 4151; x_wconf 84' lang='lat' dir='ltr'><strong>cunctis</strong></span> <span class='ocrx_word' id='word_1_635' title='bbox 2739 4096 2958 4164; x_wconf 89' lang='lat' dir='ltr'><strong>quidem</strong></span> <span class='ocrx_word' id='word_1_636' title='bbox 3007 4105 3257 4149; x_wconf 88' lang='lat' dir='ltr'><strong>ornatum</strong></span> <span class='ocrx_word' id='word_1_637' title='bbox 3303 4110 3368 4151; x_wconf 90' lang='lat' dir='ltr'><strong>ac</strong></span> <span class='ocrx_word' id='word_1_638' title='bbox 3397 4097 3628 4153; x_wconf 75' lang='lat' dir='ltr'><strong>nitorem</strong></span> 
     </span>
    </p>
   </div>
   <div class='ocr_carea' id='block_1_89' title="bbox 2055 4188 3630 4258">
    <p class='ocr_par' dir='ltr' id='par_1_89' title="bbox 2055 4188 3630 4258">
     <span class='ocr_line' id='line_1_89' title="bbox 2055 4188 3630 4258; baseline -0.002 -11"><span class='ocrx_word' id='word_1_639' title='bbox 2055 4190 2398 4247; x_wconf 86' lang='lat' dir='ltr'><strong>concilians:</strong></span> <span class='ocrx_word' id='word_1_640' title='bbox 2438 4189 2504 4243; x_wconf 91' lang='lat' dir='ltr'><strong>iis</strong></span> <span class='ocrx_word' id='word_1_641' title='bbox 2556 4204 2686 4242; x_wconf 91' lang='lat' dir='ltr'><strong>vero</strong></span> <span class='ocrx_word' id='word_1_642' title='bbox 2735 4189 2827 4258; x_wconf 86' lang='lat' dir='ltr'><strong>qui</strong></span> <span class='ocrx_word' id='word_1_643' title='bbox 2875 4188 3216 4244; x_wconf 89' lang='lat' dir='ltr'><strong>institutione</strong></span> <span class='ocrx_word' id='word_1_644' title='bbox 3260 4188 3441 4244; x_wconf 89' lang='lat' dir='ltr'><strong>adhuc</strong></span> <span class='ocrx_word' id='word_1_645' title='bbox 3488 4204 3630 4258; x_wconf 89' lang='lat' dir='ltr'><strong>opus</strong></span> 
     </span>
    </p>
   </div>
   <div class='ocr_carea' id='block_1_90' title="bbox 2052 4280 3626 4351">
    <p class='ocr_par' dir='ltr' id='par_1_90' title="bbox 2052 4280 3626 4351">
     <span class='ocr_line' id='line_1_90' title="bbox 2052 4280 3626 4351; baseline -0.004 -12"><span class='ocrx_word' id='word_1_646' title='bbox 2052 4285 2281 4347; x_wconf 85' lang='lat' dir='ltr'><strong>habent,</strong></span> <span class='ocrx_word' id='word_1_647' title='bbox 2318 4292 2709 4351; x_wconf 78' lang='lat' dir='ltr'><strong>congruentem</strong></span> <span class='ocrx_word' id='word_1_648' title='bbox 2754 4282 3006 4349; x_wconf 56' lang='lat' dir='ltr'><strong>praebens</strong></span> <span class='ocrx_word' id='word_1_649' title='bbox 3074 4281 3441 4337; x_wconf 89' lang='lat' dir='ltr'><strong>mansionem.</strong></span> <span class='ocrx_word' id='word_1_650' title='bbox 3504 4280 3626 4337; x_wconf 81' lang='lat' dir='ltr'><strong>Jam</strong></span> 
     </span>
    </p>
   </div>
   <div class='ocr_carea' id='block_1_91' title="bbox 2051 4371 3626 4449">
    <p class='ocr_par' dir='ltr' id='par_1_91' title="bbox 2051 4371 3626 4449">
     <span class='ocr_line' id='line_1_91' title="bbox 2051 4371 3626 4449; baseline -0.001 -20"><span class='ocrx_word' id='word_1_651' title='bbox 2051 4392 2181 4432; x_wconf 87' lang='lat' dir='ltr'><strong>vero</strong></span> <span class='ocrx_word' id='word_1_652' title='bbox 2206 4375 2311 4430; x_wconf 89' lang='lat' dir='ltr'><strong>hoc</strong></span> <span class='ocrx_word' id='word_1_653' title='bbox 2338 4371 2708 4445; x_wconf 77' lang='lat' dir='ltr'><strong>spectaCulum</strong></span> <span class='ocrx_word' id='word_1_654' title='bbox 2759 4382 3170 4449; x_wconf 73' lang='lat' dir='ltr'><strong>przetervectus,</strong></span> <span class='ocrx_word' id='word_1_655' title='bbox 3208 4372 3454 4440; x_wconf 88' lang='lat' dir='ltr'><strong>pluribus</strong></span> <span class='ocrx_word' id='word_1_656' title='bbox 3499 4375 3626 4431; x_wconf 83' lang='lat' dir='ltr'><strong>aliis</strong></span> 
     </span>
    </p>
   </div>
   <div class='ocr_carea' id='block_1_92' title="bbox 374 4459 1964 4536">
    <p class='ocr_par' dir='ltr' id='par_1_92' title="bbox 374 4459 1952 4536">
     <span class='ocr_line' id='line_1_92' title="bbox 374 4459 1952 4536; baseline 0.003 -23"><span class='ocrx_word' id='word_1_657' title='bbox 374 4459 629 4523; x_wconf 86' lang='grc' dir='ltr'>δικτύοις,</span> <span class='ocrx_word' id='word_1_658' title='bbox 665 4462 744 4523; x_wconf 88' lang='grc' dir='ltr'><strong>είς</strong></span> <span class='ocrx_word' id='word_1_659' title='bbox 770 4462 938 4531; x_wconf 84' lang='grc' dir='ltr'>ἄκρον</span> <span class='ocrx_word' id='word_1_660' title='bbox 968 4463 1214 4531; x_wconf 79' lang='grc' dir='ltr'>ὲντέχνου</span> <span class='ocrx_word' id='word_1_661' title='bbox 1255 4463 1615 4535; x_wconf 86' lang='grc' dir='ltr'>λεπτουργίας</span> <span class='ocrx_word' id='word_1_662' title='bbox 1644 4464 1952 4536; x_wconf 78' lang='grc' dir='ltr'>ἐξησκημέ-</span> 
     </span>
    </p>
   </div>
   <div class='ocr_carea' id='block_1_93' title="bbox 2058 4459 3625 4536">
    <p class='ocr_par' dir='ltr' id='par_1_93' title="bbox 2058 4460 3625 4532">
     <span class='ocr_line' id='line_1_93' title="bbox 2058 4460 3625 4532; baseline -0.002 -11"><span class='ocrx_word' id='word_1_663' title='bbox 2058 4466 2409 4523; x_wconf 82' lang='lat' dir='ltr'><strong>interioribus</strong></span> <span class='ocrx_word' id='word_1_664' title='bbox 2431 4462 2723 4518; x_wconf 87' lang='lat' dir='ltr'><strong>vestibulis</strong></span> <span class='ocrx_word' id='word_1_665' title='bbox 2753 4462 2935 4515; x_wconf 88' lang='lat' dir='ltr'><strong>aditus</strong></span> <span class='ocrx_word' id='word_1_666' title='bbox 2962 4463 3028 4514; x_wconf 86' lang='lat' dir='ltr'><strong>ad</strong></span> <span class='ocrx_word' id='word_1_667' title='bbox 3065 4460 3325 4528; x_wconf 86' lang='lat' dir='ltr'><strong>templum</strong></span> <span class='ocrx_word' id='word_1_668' title='bbox 3368 4470 3625 4532; x_wconf 81' lang='lat' dir='ltr'><strong>patentes</strong></span> 
     </span>
    </p>
   </div>
   <div class='ocr_carea' id='block_1_94' title="bbox 442 4549 866 4621">
    <p class='ocr_par' dir='ltr' id='par_1_94' title="bbox 442 4549 866 4621">
     <span class='ocr_line' id='line_1_94' title="bbox 442 4549 866 4621; baseline 0.009 -18"><span class='ocrx_word' id='word_1_669' title='bbox 442 4549 490 4582; x_wconf 82' lang='grc' dir='ltr'><strong>⁸ο</strong></span> <span class='ocrx_word' id='word_1_670' title='bbox 517 4550 651 4621; x_wconf 77' lang='lat' dir='ltr'><strong>Agg.</strong></span> <span class='ocrx_word' id='word_1_671' title='bbox 678 4566 741 4618; x_wconf 87' lang='lat' dir='ltr'><strong>ll,</strong></span> <span class='ocrx_word' id='word_1_672' title='bbox 777 4550 866 4607; x_wconf 78' lang='grc'><strong>10.</strong></span> 
     </span>
    </p>
   </div>
   <div class='ocr_carea' id='block_1_95' title="bbox 372 4644 1939 4720">
    <p class='ocr_par' dir='ltr' id='par_1_95' title="bbox 372 4644 1939 4720">
     <span class='ocr_line' id='line_1_95' title="bbox 372 4644 1939 4720; baseline 0.008 -23"><span class='ocrx_word' id='word_1_673' title='bbox 372 4656 495 4720; x_wconf 75' lang='lat' dir='ltr'><strong>pem</strong></span> <span class='ocrx_word' id='word_1_674' title='bbox 523 4644 741 4708; x_wconf 87' lang='lat' dir='ltr'><strong>erectis,</strong></span> <span class='ocrx_word' id='word_1_675' title='bbox 763 4645 935 4720; x_wconf 80' lang='grc' dir='ltr'>μῆκος</span> <span class='ocrx_word' id='word_1_676' title='bbox 950 4645 1094 4720; x_wconf 81' lang='lat' dir='ltr'><strong>enim</strong></span> <span class='ocrx_word' id='word_1_677' title='bbox 1120 4647 1297 4713; x_wconf 84' lang='lat' dir='ltr'><strong>posuit</strong></span> <span class='ocrx_word' id='word_1_678' title='bbox 1326 4659 1425 4715; x_wconf 89' lang='lat' dir='ltr'><strong>pro</strong></span> <span class='ocrx_word' id='word_1_679' title='bbox 1460 4645 1769 4713; x_wconf 82' lang='lat' dir='ltr'><strong>altitudine,</strong></span> <span class='ocrx_word' id='word_1_680' title='bbox 1796 4654 1939 4720; x_wconf 85' lang='lat' dir='ltr'><strong>quod</strong></span> 
     </span>
    </p>
   </div>
   <div class='ocr_carea' id='block_1_96' title="bbox 372 4712 1144 4781">
    <p class='ocr_par' dir='ltr' id='par_1_96' title="bbox 372 4712 1144 4781">
     <span class='ocr_line' id='line_1_96' title="bbox 372 4712 1144 4781; baseline 0.003 -14"><span class='ocrx_word' id='word_1_681' title='bbox 372 4712 699 4781; x_wconf 75' lang='lat' dir='ltr'><strong>interpretes</strong></span> <span class='ocrx_word' id='word_1_682' title='bbox 728 4712 838 4769; x_wconf 79' lang='lat' dir='ltr'><strong>non</strong></span> <span class='ocrx_word' id='word_1_683' title='bbox 872 4716 1144 4770; x_wconf 90' lang='lat' dir='ltr'><strong>viderunt.</strong></span> 
     </span>
    </p>
   </div>
   <div class='ocr_carea' id='block_1_97' title="bbox 369 4782 1943 4855">
    <p class='ocr_par' dir='ltr' id='par_1_97' title="bbox 369 4782 1943 4855">
     <span class='ocr_line' id='line_1_97' title="bbox 369 4782 1943 4855; baseline 0.004 -16"><span class='ocrx_word' id='word_1_684' title='bbox 369 4788 391 4839; x_wconf 72' lang='grc' dir='ltr'><strong>ἑ</strong></span> <span class='ocrx_word' id='word_1_685' title='bbox 436 4782 549 4855; x_wconf 60' lang='grc'>(24)</span> <span class='ocrx_word' id='word_1_686' title='bbox 578 4783 786 4855; x_wconf 82' lang='grc' dir='ltr'>Μέσον</span> <span class='ocrx_word' id='word_1_687' title='bbox 808 4784 1037 4852; x_wconf 75' lang='grc' dir='ltr'>αἴθριον</span> <span class='ocrx_word' id='word_1_688' title='bbox 1063 4785 1245 4855; x_wconf 73' lang='grc' dir='ltr'>ἠφίει.</span> <span class='ocrx_word' id='word_1_689' title='bbox 1269 4783 1522 4855; x_wconf 81' lang='lat' dir='ltr'><strong>lntelligit</strong></span> <span class='ocrx_word' id='word_1_690' title='bbox 1547 4787 1782 4842; x_wconf 83' lang='lat' dir='ltr'><strong>medium</strong></span> <span class='ocrx_word' id='word_1_691' title='bbox 1815 4790 1943 4848; x_wconf 85' lang='lat' dir='ltr'><strong>illud</strong></span> 
     </span>
    </p>
   </div>
   <div class='ocr_carea' id='block_1_98' title="bbox 370 4854 1940 4927">
    <p class='ocr_par' dir='ltr' id='par_1_98' title="bbox 370 4854 1940 4927">
     <span class='ocr_line' id='line_1_98' title="bbox 370 4854 1940 4927; baseline 0.006 -20"><span class='ocrx_word' id='word_1_692' title='bbox 370 4854 605 4927; x_wconf 78' lang='lat' dir='ltr'><strong>spatium</strong></span> <span class='ocrx_word' id='word_1_693' title='bbox 641 4854 741 4907; x_wconf 87' lang='lat' dir='ltr'><strong>sub</strong></span> <span class='ocrx_word' id='word_1_694' title='bbox 768 4856 913 4927; x_wconf 84' lang='lat' dir='ltr'><strong>divo,</strong></span> <span class='ocrx_word' id='word_1_695' title='bbox 937 4854 1079 4927; x_wconf 81' lang='lat' dir='ltr'><strong>quod</strong></span> <span class='ocrx_word' id='word_1_696' title='bbox 1108 4868 1345 4927; x_wconf 78' lang='lat' dir='ltr'><strong>quatuor</strong></span> <span class='ocrx_word' id='word_1_697' title='bbox 1370 4854 1607 4927; x_wconf 81' lang='lat' dir='ltr'><strong>undique</strong></span> <span class='ocrx_word' id='word_1_698' title='bbox 1639 4860 1940 4927; x_wconf 85' lang='lat' dir='ltr'><strong>porticibus</strong></span> 
     </span>
    </p>
   </div>
   <div class='ocr_carea' id='block_1_99' title="bbox 369 4922 1938 4995">
    <p class='ocr_par' dir='ltr' id='par_1_99' title="bbox 369 4922 1938 4995">
     <span class='ocr_line' id='line_1_99' title="bbox 369 4922 1938 4995; baseline 0.005 -18"><span class='ocrx_word' id='word_1_699' title='bbox 369 4922 759 4995; x_wconf 84' lang='lat' dir='ltr'><strong>claudebatur:</strong></span> <span class='ocrx_word' id='word_1_700' title='bbox 792 4925 982 4978; x_wconf 85' lang='lat' dir='ltr'><strong>eadem</strong></span> <span class='ocrx_word' id='word_1_701' title='bbox 1017 4922 1176 4993; x_wconf 80' lang='lat' dir='ltr'><strong>plane</strong></span> <span class='ocrx_word' id='word_1_702' title='bbox 1200 4925 1397 4989; x_wconf 86' lang='lat' dir='ltr'><strong>forma,</strong></span> <span class='ocrx_word' id='word_1_703' title='bbox 1426 4922 1534 4995; x_wconf 83' lang='lat' dir='ltr'><strong>qua</strong></span> <span class='ocrx_word' id='word_1_704' title='bbox 1575 4922 1938 4986; x_wconf 59' lang='lat' dir='ltr'><strong>in&#39;hodiernis</strong></span> 
     </span>
    </p>
   </div>
   <div class='ocr_carea' id='block_1_100' title="bbox 369 4993 1933 5063">
    <p class='ocr_par' dir='ltr' id='par_1_100' title="bbox 369 4993 1933 5063">
     <span class='ocr_line' id='line_1_100' title="bbox 369 4993 1933 5063; baseline 0.006 -18"><span class='ocrx_word' id='word_1_705' title='bbox 369 4993 717 5048; x_wconf 87' lang='lat' dir='ltr'><strong>monasteriis</strong></span> <span class='ocrx_word' id='word_1_706' title='bbox 742 5003 869 5047; x_wconf 91' lang='lat' dir='ltr'><strong>sunt</strong></span> <span class='ocrx_word' id='word_1_707' title='bbox 897 5008 1017 5060; x_wconf 80' lang='lat' dir='ltr'><strong>quae</strong></span> <span class='ocrx_word' id='word_1_708' title='bbox 1047 5005 1307 5049; x_wconf 87' lang='lat' dir='ltr'><strong>vocantur</strong></span> <span class='ocrx_word' id='word_1_709' title='bbox 1331 4993 1577 5061; x_wconf 45' lang='lat' dir='ltr'><strong>prat&#39;ella.</strong></span> <span class='ocrx_word' id='word_1_710' title='bbox 1609 4996 1763 5063; x_wconf 87' lang='lat' dir='ltr'><strong>Quod</strong></span> <span class='ocrx_word' id='word_1_711' title='bbox 1788 5001 1933 5054; x_wconf 88' lang='lat' dir='ltr'><strong>enim</strong></span> 
     </span>
    </p>
   </div>
   <div class='ocr_carea' id='block_1_101' title="bbox 370 5063 1930 5137">
    <p class='ocr_par' dir='ltr' id='par_1_101' title="bbox 370 5063 1930 5137">
     <span class='ocr_line' id='line_1_101' title="bbox 370 5063 1930 5137; baseline 0.007 -24"><span class='ocrx_word' id='word_1_712' title='bbox 370 5064 624 5116; x_wconf 90' lang='lat' dir='ltr'><strong>monachi</strong></span> <span class='ocrx_word' id='word_1_713' title='bbox 654 5071 849 5137; x_wconf 84' lang='lat' dir='ltr'><strong>vocant</strong></span> <span class='ocrx_word' id='word_1_714' title='bbox 895 5063 1192 5117; x_wconf 90' lang='lat' dir='ltr'><strong>claustrum</strong></span> <span class='ocrx_word' id='word_1_715' title='bbox 1213 5104 1245 5137; x_wconf 25' lang='grc' dir='ltr'>,Α</span> <span class='ocrx_word' id='word_1_716' title='bbox 1278 5065 1411 5118; x_wconf 90' lang='lat' dir='ltr'><strong>nihil</strong></span> <span class='ocrx_word' id='word_1_717' title='bbox 1445 5066 1590 5137; x_wconf 78' lang='lat' dir='ltr'><strong>aliud</strong></span> <span class='ocrx_word' id='word_1_718' title='bbox 1640 5076 1726 5121; x_wconf 89' lang='lat' dir='ltr'><strong>est</strong></span> <span class='ocrx_word' id='word_1_719' title='bbox 1768 5083 1930 5137; x_wconf 80' lang='lat' dir='ltr'><strong>quam</strong></span> 
     </span>
    </p>
   </div>
   <div class='ocr_carea' id='block_1_102' title="bbox 368 5134 1934 5201">
    <p class='ocr_par' dir='ltr' id='par_1_102' title="bbox 368 5134 1934 5201">
     <span class='ocr_line' id='line_1_102' title="bbox 368 5134 1934 5201; baseline 0.006 -19"><span class='ocrx_word' id='word_1_720' title='bbox 368 5141 606 5198; x_wconf 86' lang='lat' dir='ltr'><strong>quatuor</strong></span> <span class='ocrx_word' id='word_1_721' title='bbox 647 5134 887 5201; x_wconf 90' lang='lat' dir='ltr'><strong>porticus</strong></span> <span class='ocrx_word' id='word_1_722' title='bbox 910 5171 926 5196; x_wconf 92' lang='lat'><strong>,</strong></span> <span class='ocrx_word' id='word_1_723' title='bbox 954 5147 1184 5200; x_wconf 89' lang='lat' dir='ltr'><strong>quarum</strong></span> <span class='ocrx_word' id='word_1_724' title='bbox 1232 5134 1285 5189; x_wconf 92' lang='lat' dir='ltr'><strong>in</strong></span> <span class='ocrx_word' id='word_1_725' title='bbox 1316 5134 1496 5189; x_wconf 90' lang='lat' dir='ltr'><strong>medio</strong></span> <span class='ocrx_word' id='word_1_726' title='bbox 1538 5136 1688 5189; x_wconf 82' lang='lat' dir='ltr'><strong>locus</strong></span> <span class='ocrx_word' id='word_1_727' title='bbox 1718 5134 1803 5191; x_wconf 76' lang='lat' dir='ltr'><strong>est</strong></span> <span class='ocrx_word' id='word_1_728' title='bbox 1833 5143 1934 5191; x_wconf 84' lang='lat' dir='ltr'><strong>sub</strong></span> 
     </span>
    </p>
   </div>
   <div class='ocr_carea' id='block_1_103' title="bbox 369 5201 1932 5272">
    <p class='ocr_par' dir='ltr' id='par_1_103' title="bbox 369 5201 1932 5272">
     <span class='ocr_line' id='line_1_103' title="bbox 369 5201 1932 5272; baseline 0.006 -21"><span class='ocrx_word' id='word_1_729' title='bbox 369 5203 493 5253; x_wconf 81' lang='lat' dir='ltr'><strong>divo</strong></span> <span class='ocrx_word' id='word_1_730' title='bbox 520 5216 678 5269; x_wconf 86' lang='lat' dir='ltr'><strong>quem</strong></span> <span class='ocrx_word' id='word_1_731' title='bbox 718 5203 1012 5272; x_wconf 87' lang='lat' dir='ltr'><strong>pratellum</strong></span> <span class='ocrx_word' id='word_1_732' title='bbox 1043 5213 1257 5257; x_wconf 89' lang='lat' dir='ltr'><strong>vocant.</strong></span> <span class='ocrx_word' id='word_1_733' title='bbox 1294 5201 1401 5258; x_wconf 84' lang='lat' dir='ltr'><strong>Sed</strong></span> <span class='ocrx_word' id='word_1_734' title='bbox 1438 5214 1492 5258; x_wconf 93' lang='lat' dir='ltr'><strong>et</strong></span> <span class='ocrx_word' id='word_1_735' title='bbox 1523 5204 1576 5258; x_wconf 86' lang='lat' dir='ltr'><strong>in</strong></span> <span class='ocrx_word' id='word_1_736' title='bbox 1609 5208 1932 5271; x_wconf 87' lang='lat' dir='ltr'><strong>quibusdam</strong></span> 
     </span>
    </p>
   </div>
   <div class='ocr_carea' id='block_1_104' title="bbox 374 5271 1935 5335">
    <p class='ocr_par' dir='ltr' id='par_1_104' title="bbox 374 5271 1935 5335">
     <span class='ocr_line' id='line_1_104' title="bbox 374 5271 1935 5335; baseline 0.003 -10"><span class='ocrx_word' id='word_1_737' title='bbox 374 5271 751 5335; x_wconf 63' lang='lat' dir='ltr'><strong>monasteriis,</strong></span> <span class='ocrx_word' id='word_1_738' title='bbox 779 5273 929 5325; x_wconf 89' lang='lat' dir='ltr'><strong>locus</strong></span> <span class='ocrx_word' id='word_1_739' title='bbox 962 5271 1052 5325; x_wconf 89' lang='lat' dir='ltr'><strong>ille</strong></span> <span class='ocrx_word' id='word_1_740' title='bbox 1080 5274 1378 5326; x_wconf 87' lang='lat' dir='ltr'><strong>subdivalis</strong></span> <span class='ocrx_word' id='word_1_741' title='bbox 1411 5273 1668 5329; x_wconf 84' lang='lat' dir='ltr'><strong>cancellis</strong></span> <span class='ocrx_word' id='word_1_742' title='bbox 1693 5277 1935 5332; x_wconf 91' lang='lat' dir='ltr'><strong>munitus</strong></span> 
     </span>
    </p>
   </div>
   <div class='ocr_carea' id='block_1_105' title="bbox 371 5342 1931 5411">
    <p class='ocr_par' dir='ltr' id='par_1_105' title="bbox 371 5342 1931 5411">
     <span class='ocr_line' id='line_1_105' title="bbox 371 5342 1931 5411; baseline 0.007 -22"><span class='ocrx_word' id='word_1_743' title='bbox 371 5342 686 5411; x_wconf 18' lang='lat' dir='ltr'><strong>rs_t.‘eodem</strong></span> <span class='ocrx_word' id='word_1_744' title='bbox 716 5342 874 5411; x_wconf 87' lang='lat' dir='ltr'><strong>plane</strong></span> <span class='ocrx_word' id='word_1_745' title='bbox 904 5342 1061 5395; x_wconf 87' lang='lat' dir='ltr'><strong>modo</strong></span> <span class='ocrx_word' id='word_1_746' title='bbox 1092 5356 1198 5409; x_wconf 87' lang='lat' dir='ltr'><strong>quo</strong></span> <span class='ocrx_word' id='word_1_747' title='bbox 1245 5342 1511 5397; x_wconf 89' lang='lat' dir='ltr'><strong>Eusebius</strong></span> <span class='ocrx_word' id='word_1_748' title='bbox 1555 5343 1607 5396; x_wconf 87' lang='lat' dir='ltr'><strong>in</strong></span> <span class='ocrx_word' id='word_1_749' title='bbox 1655 5346 1796 5400; x_wconf 89' lang='lat' dir='ltr'><strong>atrio</strong></span> <span class='ocrx_word' id='word_1_750' title='bbox 1830 5347 1931 5400; x_wconf 85' lang='lat' dir='ltr'><strong>Ec-</strong></span> 
     </span>
    </p>
   </div>
   <div class='ocr_carea' id='block_1_106' title="bbox 365 5408 1935 5482">
    <p class='ocr_par' dir='ltr' id='par_1_106' title="bbox 365 5408 1935 5482">
     <span class='ocr_line' id='line_1_106' title="bbox 365 5408 1935 5482; baseline 0.006 -22"><span class='ocrx_word' id='word_1_751' title='bbox 365 5408 544 5482; x_wconf 69' lang='lat' dir='ltr'><strong>clesia:</strong></span> <span class='ocrx_word' id='word_1_752' title='bbox 574 5408 1092 5482; x_wconf 46' lang='lat' dir='ltr'><strong>&#39;l‘yri&#39;factumesse</strong></span> <span class='ocrx_word' id='word_1_753' title='bbox 1114 5408 1262 5466; x_wconf 76' lang='lat' dir='ltr'><strong>dicit</strong></span> <span class='ocrx_word' id='word_1_754' title='bbox 1286 5451 1300 5476; x_wconf 95' lang='lat'><strong>,</strong></span> <span class='ocrx_word' id='word_1_755' title='bbox 1332 5428 1399 5466; x_wconf 91' lang='lat' dir='ltr'><strong>ne</strong></span> <span class='ocrx_word' id='word_1_756' title='bbox 1427 5412 1637 5467; x_wconf 74' lang='lat' dir='ltr'><strong>scilicet</strong></span> <span class='ocrx_word' id='word_1_757' title='bbox 1675 5413 1935 5479; x_wconf 88' lang='lat' dir='ltr'><strong>juventus</strong></span> 
     </span>
    </p>
   </div>
   <div class='ocr_carea' id='block_1_107' title="bbox 367 5478 1932 5548">
    <p class='ocr_par' dir='ltr' id='par_1_107' title="bbox 367 5478 1932 5548">
     <span class='ocr_line' id='line_1_107' title="bbox 367 5478 1932 5548; baseline 0.007 -20"><span class='ocrx_word' id='word_1_758' title='bbox 367 5478 419 5530; x_wconf 92' lang='lat' dir='ltr'><strong>in</strong></span> <span class='ocrx_word' id='word_1_759' title='bbox 456 5494 578 5534; x_wconf 90' lang='lat' dir='ltr'><strong>cum</strong></span> <span class='ocrx_word' id='word_1_760' title='bbox 617 5478 792 5535; x_wconf 79' lang='lat' dir='ltr'><strong>locum</strong></span> <span class='ocrx_word' id='word_1_761' title='bbox 827 5483 917 5548; x_wconf 86' lang='lat' dir='ltr'><strong>qui</strong></span> <span class='ocrx_word' id='word_1_762' title='bbox 949 5480 1173 5534; x_wconf 84' lang='lat' dir='ltr'><strong>ﬂoribus</strong></span> <span class='ocrx_word' id='word_1_763' title='bbox 1201 5482 1413 5536; x_wconf 90' lang='lat' dir='ltr'><strong>conseri</strong></span> <span class='ocrx_word' id='word_1_764' title='bbox 1447 5482 1604 5545; x_wconf 90' lang='lat' dir='ltr'><strong>solet,</strong></span> <span class='ocrx_word' id='word_1_765' title='bbox 1630 5478 1846 5538; x_wconf 87' lang='lat' dir='ltr'><strong>insiliat.</strong></span> <span class='ocrx_word' id='word_1_766' title='bbox 1877 5485 1932 5539; x_wconf 80' lang='lat' dir='ltr'><strong>ld</strong></span> 
     </span>
    </p>
   </div>
   <div class='ocr_carea' id='block_1_108' title="bbox 365 5551 1938 5619">
    <p class='ocr_par' dir='ltr' id='par_1_108' title="bbox 365 5551 1938 5619">
     <span class='ocr_line' id='line_1_108' title="bbox 365 5551 1938 5619; baseline 0.006 -19"><span class='ocrx_word' id='word_1_767' title='bbox 365 5559 544 5603; x_wconf 88' lang='lat' dir='ltr'><strong>autem</strong></span> <span class='ocrx_word' id='word_1_768' title='bbox 578 5551 749 5605; x_wconf 85' lang='lat' dir='ltr'><strong>Latini</strong></span> <span class='ocrx_word' id='word_1_769' title='bbox 793 5555 1009 5619; x_wconf 88' lang='lat' dir='ltr'><strong>proprie</strong></span> <span class='ocrx_word' id='word_1_770' title='bbox 1034 5554 1230 5605; x_wconf 86' lang='lat' dir='ltr'><strong>atrium</strong></span> <span class='ocrx_word' id='word_1_771' title='bbox 1274 5552 1560 5605; x_wconf 83' lang='lat' dir='ltr'><strong>vocabant.</strong></span> <span class='ocrx_word' id='word_1_772' title='bbox 1589 5552 1750 5607; x_wconf 86' lang='lat' dir='ltr'><strong>Certe</strong></span> <span class='ocrx_word' id='word_1_773' title='bbox 1775 5553 1938 5610; x_wconf 83' lang='lat' dir='ltr'><strong>lsulo-</strong></span> 
     </span>
    </p>
   </div>
   <div class='ocr_carea' id='block_1_109' title="bbox 368 5621 1935 5741">
    <p class='ocr_par' dir='ltr' id='par_1_109' title="bbox 368 5621 1935 5741">
     <span class='ocr_line' id='line_1_109' title="bbox 368 5621 1935 5741; baseline 0.006 -71"><span class='ocrx_word' id='word_1_774' title='bbox 368 5633 459 5672; x_wconf 89' lang='lat' dir='ltr'><strong>rus</strong></span> <span class='ocrx_word' id='word_1_775' title='bbox 502 5621 641 5741; x_wconf 51' lang='lat' dir='ltr'><strong>aitrip</strong></span> <span class='ocrx_word' id='word_1_776' title='bbox 688 5632 796 5676; x_wconf 90' lang='lat' dir='ltr'><strong>tres</strong></span> <span class='ocrx_word' id='word_1_777' title='bbox 849 5621 1093 5690; x_wconf 82' lang='lat' dir='ltr'><strong>porticus</strong></span> <span class='ocrx_word' id='word_1_778' title='bbox 1129 5623 1468 5677; x_wconf 82' lang='lat' dir='ltr'><strong>extrinsecus</strong></span> <span class='ocrx_word' id='word_1_779' title='bbox 1498 5621 1714 5693; x_wconf 70' lang='lat' dir='ltr'><strong>adiungi</strong></span> <span class='ocrx_word' id='word_1_780' title='bbox 1747 5625 1935 5679; x_wconf 79' lang='lat' dir='ltr'><strong>solitas</strong></span> 
     </span>
     <span class='ocr_line' id='line_1_110' title="bbox 368 5701 662 5741; baseline 0 0"><span class='ocrx_word' id='word_1_781' title='bbox 368 5701 487 5741; x_wconf 86' lang='lat' dir='ltr'><strong>esse</strong></span> <span class='ocrx_word' id='word_1_782' title='bbox 551 5701 662 5741; x_wconf 78' lang='lat' dir='ltr'><strong>icit.</strong></span> 
     </span>
    </p>
   </div>
   <div class='ocr_carea' id='block_1_110' title="bbox 363 5692 662 5744">
    <p class='ocr_par' dir='ltr' id='par_1_110' title="bbox 363 5692 662 5744">
     <span class='ocr_line' id='line_1_111' title="bbox 363 5692 662 5744; baseline 0.007 -2"><span class='ocrx_word' id='word_1_783' title='bbox 363 5701 487 5742; x_wconf 87' lang='lat' dir='ltr'><strong>esse</strong></span> <span class='ocrx_word' id='word_1_784' title='bbox 503 5692 662 5744; x_wconf 82' lang='lat' dir='ltr'><strong>dicit.</strong></span> 
     </span>
    </p>
   </div>
   <div class='ocr_carea' id='block_1_111' title="bbox 432 5756 1934 5833">
    <p class='ocr_par' dir='ltr' id='par_1_111' title="bbox 432 5756 1934 5833">
     <span class='ocr_line' id='line_1_112' title="bbox 432 5756 1934 5833; baseline 0.004 -21"><span class='ocrx_word' id='word_1_785' title='bbox 432 5756 545 5829; x_wconf 77' lang='lat'><strong>(25)</strong></span> <span class='ocrx_word' id='word_1_786' title='bbox 572 5759 690 5830; x_wconf 80' lang='grc' dir='ltr'><strong>Τὴν</strong></span> <span class='ocrx_word' id='word_1_787' title='bbox 722 5761 946 5815; x_wconf 79' lang='grc' dir='ltr'>τούτων</span> <span class='ocrx_word' id='word_1_788' title='bbox 976 5760 1120 5816; x_wconf 80' lang='grc' dir='ltr'>θέαν</span> <span class='ocrx_word' id='word_1_789' title='bbox 1147 5759 1690 5833; x_wconf 67' lang='grc' dir='ltr'>παραμειψάμενος.</span> <span class='ocrx_word' id='word_1_790' title='bbox 1723 5761 1934 5819; x_wconf 81' lang='lat' dir='ltr'><strong>Musca-</strong></span> 
     </span>
    </p>
   </div>
   <div class='ocr_carea' id='block_1_112' title="bbox 2046 4643 3622 4714">
    <p class='ocr_par' dir='ltr' id='par_1_112' title="bbox 2046 4643 3622 4714">
     <span class='ocr_line' id='line_1_113' title="bbox 2046 4643 3622 4714; baseline 0.001 -16"><span class='ocrx_word' id='word_1_791' title='bbox 2046 4655 2131 4707; x_wconf 74' lang='lat' dir='ltr'><strong>Ius</strong></span> <span class='ocrx_word' id='word_1_792' title='bbox 2167 4648 2365 4704; x_wconf 84' lang='lat' dir='ltr'><strong>vertit:</strong></span> <span class='ocrx_word' id='word_1_793' title='bbox 2400 4663 2419 4696; x_wconf 83' lang='grc' dir='ltr'><strong>ι</strong></span> <span class='ocrx_word' id='word_1_794' title='bbox 2458 4644 2599 4712; x_wconf 83' lang='lat' dir='ltr'><strong>Quin</strong></span> <span class='ocrx_word' id='word_1_795' title='bbox 2630 4652 2685 4698; x_wconf 91' lang='lat' dir='ltr'><strong>et</strong></span> <span class='ocrx_word' id='word_1_796' title='bbox 2712 4643 2907 4697; x_wconf 89' lang='lat' dir='ltr'><strong>horum</strong></span> <span class='ocrx_word' id='word_1_797' title='bbox 2942 4653 3232 4714; x_wconf 89' lang='lat' dir='ltr'><strong>conspectu</strong></span> <span class='ocrx_word' id='word_1_798' title='bbox 3262 4646 3559 4714; x_wconf 68' lang='lat' dir='ltr'><strong>praeterito.</strong></span> <span class='ocrx_word' id='word_1_799' title='bbox 3602 4665 3622 4700; x_wconf 79' lang='grc' dir='ltr'><strong>ι</strong></span> 
     </span>
    </p>
   </div>
   <div class='ocr_carea' id='block_1_113' title="bbox 2042 4713 3630 4786">
    <p class='ocr_par' dir='ltr' id='par_1_113' title="bbox 2042 4713 3630 4786">
     <span class='ocr_line' id='line_1_114' title="bbox 2042 4713 3630 4786; baseline -0.004 -8"><span class='ocrx_word' id='word_1_800' title='bbox 2042 4718 2576 4786; x_wconf 79' lang='lat' dir='ltr'><strong>Christophorsonus</strong></span> <span class='ocrx_word' id='word_1_801' title='bbox 2605 4729 2732 4786; x_wconf 80' lang='lat' dir='ltr'><strong>vero</strong></span> <span class='ocrx_word' id='word_1_802' title='bbox 2768 4713 2924 4783; x_wconf 85' lang='lat' dir='ltr'><strong>longa</strong></span> <span class='ocrx_word' id='word_1_803' title='bbox 2950 4713 3243 4786; x_wconf 72' lang='lat' dir='ltr'><strong>verborum</strong></span> <span class='ocrx_word' id='word_1_804' title='bbox 3263 4713 3530 4786; x_wconf 75' lang='lat' dir='ltr'><strong>ambage,</strong></span> <span class='ocrx_word' id='word_1_805' title='bbox 3568 4728 3630 4771; x_wconf 90' lang='lat' dir='ltr'><strong>ut</strong></span> 
     </span>
    </p>
   </div>
   <div class='ocr_carea' id='block_1_114' title="bbox 2044 4783 3624 4856">
    <p class='ocr_par' dir='ltr' id='par_1_114' title="bbox 2044 4783 3624 4856">
     <span class='ocr_line' id='line_1_115' title="bbox 2044 4783 3624 4856; baseline -0.004 -9"><span class='ocrx_word' id='word_1_806' title='bbox 2044 4793 2205 4856; x_wconf 89' lang='lat' dir='ltr'><strong>solet,</strong></span> <span class='ocrx_word' id='word_1_807' title='bbox 2239 4783 2381 4856; x_wconf 75' lang='lat' dir='ltr'><strong>hunc</strong></span> <span class='ocrx_word' id='word_1_808' title='bbox 2414 4786 2589 4856; x_wconf 83' lang='lat' dir='ltr'><strong>locum</strong></span> <span class='ocrx_word' id='word_1_809' title='bbox 2620 4784 2694 4856; x_wconf 83' lang='lat' dir='ltr'><strong>ita</strong></span> <span class='ocrx_word' id='word_1_810' title='bbox 2718 4783 2988 4856; x_wconf 81' lang='lat' dir='ltr'><strong>expressit</strong></span> <span class='ocrx_word' id='word_1_811' title='bbox 3016 4799 3032 4836; x_wconf 89' lang='lat'><strong>:</strong></span> <span class='ocrx_word' id='word_1_812' title='bbox 3072 4801 3093 4835; x_wconf 82' lang='grc' dir='ltr'><strong>ι</strong></span> <span class='ocrx_word' id='word_1_813' title='bbox 3129 4784 3271 4850; x_wconf 85' lang='lat' dir='ltr'><strong>Quin</strong></span> <span class='ocrx_word' id='word_1_814' title='bbox 3308 4783 3476 4856; x_wconf 72' lang='lat' dir='ltr'><strong>etiam</strong></span> <span class='ocrx_word' id='word_1_815' title='bbox 3519 4801 3624 4855; x_wconf 81' lang='lat' dir='ltr'><strong>quc</strong></span> 
     </span>
    </p>
   </div>
   <div class='ocr_carea' id='block_1_115' title="bbox 2044 4853 3632 4923">
    <p class='ocr_par' dir='ltr' id='par_1_115' title="bbox 2044 4853 3632 4923">
     <span class='ocr_line' id='line_1_116' title="bbox 2044 4853 3632 4923; baseline -0.004 -7"><span class='ocrx_word' id='word_1_816' title='bbox 2044 4853 2282 4915; x_wconf 47' lang='lat' dir='ltr'><strong>istas&#39;res</strong></span> <span class='ocrx_word' id='word_1_817' title='bbox 2294 4854 2358 4908; x_wconf 88' lang='lat' dir='ltr'><strong>ad</strong></span> <span class='ocrx_word' id='word_1_818' title='bbox 2382 4854 2568 4907; x_wconf 91' lang='lat' dir='ltr'><strong>oculos</strong></span> <span class='ocrx_word' id='word_1_819' title='bbox 2580 4853 2873 4923; x_wconf 81' lang='lat' dir='ltr'><strong>capiendos</strong></span> <span class='ocrx_word' id='word_1_820' title='bbox 2897 4867 3090 4923; x_wconf 83' lang='lat' dir='ltr'><strong>magna</strong></span> <span class='ocrx_word' id='word_1_821' title='bbox 3110 4868 3334 4922; x_wconf 88' lang='lat' dir='ltr'><strong>operum</strong></span> <span class='ocrx_word' id='word_1_822' title='bbox 3357 4853 3632 4910; x_wconf 81' lang='lat' dir='ltr'><strong>varietate</strong></span> 
     </span>
    </p>
   </div>
   <div class='ocr_carea' id='block_1_116' title="bbox 2042 4920 3625 4992">
    <p class='ocr_par' dir='ltr' id='par_1_116' title="bbox 2042 4920 3625 4992">
     <span class='ocr_line' id='line_1_117' title="bbox 2042 4920 3625 4992; baseline -0.003 -7"><span class='ocrx_word' id='word_1_823' title='bbox 2042 4928 2309 4985; x_wconf 90' lang='lat' dir='ltr'><strong>concinne</strong></span> <span class='ocrx_word' id='word_1_824' title='bbox 2359 4923 2678 4992; x_wconf 82' lang='lat' dir='ltr'><strong>illustraret.</strong></span> <span class='ocrx_word' id='word_1_825' title='bbox 2722 4941 2742 4973; x_wconf 71' lang='grc' dir='ltr'><strong>ι</strong></span> <span class='ocrx_word' id='word_1_826' title='bbox 2793 4920 2924 4987; x_wconf 76' lang='lat' dir='ltr'><strong>Qua:</strong></span> <span class='ocrx_word' id='word_1_827' title='bbox 2971 4920 3191 4991; x_wconf 80' lang='lat' dir='ltr'><strong>quidem</strong></span> <span class='ocrx_word' id='word_1_828' title='bbox 3237 4922 3625 4992; x_wconf 83' lang='lat' dir='ltr'><strong>interpretatio</strong></span> 
     </span>
    </p>
   </div>
   <div class='ocr_carea' id='block_1_117' title="bbox 2043 4991 3627 5062">
    <p class='ocr_par' dir='ltr' id='par_1_117' title="bbox 2043 4991 3627 5062">
     <span class='ocr_line' id='line_1_118' title="bbox 2043 4991 3627 5062; baseline -0.003 -10"><span class='ocrx_word' id='word_1_829' title='bbox 2043 4998 2226 5054; x_wconf 88' lang='lat' dir='ltr'><strong>verbis</strong></span> <span class='ocrx_word' id='word_1_830' title='bbox 2275 4993 2493 5047; x_wconf 87' lang='lat' dir='ltr'><strong>Eusebii</strong></span> <span class='ocrx_word' id='word_1_831' title='bbox 2544 4991 2860 5062; x_wconf 74' lang='lat' dir='ltr'><strong>nullatenus</strong></span> <span class='ocrx_word' id='word_1_832' title='bbox 2902 4993 3212 5060; x_wconf 85' lang='lat' dir='ltr'><strong>respondet.</strong></span> <span class='ocrx_word' id='word_1_833' title='bbox 3244 4991 3433 5062; x_wconf 81' lang='lat' dir='ltr'><strong>Itaque</strong></span> <span class='ocrx_word' id='word_1_834' title='bbox 3467 5009 3627 5049; x_wconf 89' lang='lat' dir='ltr'><strong>nemo</strong></span> 
     </span>
    </p>
   </div>
   <div class='ocr_carea' id='block_1_118' title="bbox 2039 5060 3622 5133">
    <p class='ocr_par' dir='ltr' id='par_1_118' title="bbox 2039 5060 3622 5133">
     <span class='ocr_line' id='line_1_119' title="bbox 2039 5060 3622 5133; baseline -0.002 -13"><span class='ocrx_word' id='word_1_835' title='bbox 2039 5081 2144 5133; x_wconf 88' lang='lat' dir='ltr'><strong>est,</strong></span> <span class='ocrx_word' id='word_1_836' title='bbox 2175 5076 2233 5120; x_wconf 90' lang='lat' dir='ltr'><strong>ut</strong></span> <span class='ocrx_word' id='word_1_837' title='bbox 2257 5065 2479 5133; x_wconf 85' lang='lat' dir='ltr'><strong>Opinor,</strong></span> <span class='ocrx_word' id='word_1_838' title='bbox 2515 5062 2607 5129; x_wconf 88' lang='lat' dir='ltr'><strong>qui</strong></span> <span class='ocrx_word' id='word_1_839' title='bbox 2650 5060 2880 5133; x_wconf 11' lang='lat' dir='ltr'><strong>Musc‘uli</strong></span> <span class='ocrx_word' id='word_1_840' title='bbox 2914 5062 3241 5133; x_wconf 68' lang='lat' dir='ltr'><strong>versionem</strong></span> <span class='ocrx_word' id='word_1_841' title='bbox 3271 5060 3622 5118; x_wconf 78' lang='lat' dir='ltr'><strong>comniodia-</strong></span> 
     </span>
    </p>
   </div>
   <div class='ocr_carea' id='block_1_119' title="bbox 2040 5131 3624 5204">
    <p class='ocr_par' dir='ltr' id='par_1_119' title="bbox 2040 5131 3624 5204">
     <span class='ocr_line' id='line_1_120' title="bbox 2040 5131 3624 5204; baseline -0.004 -13"><span class='ocrx_word' id='word_1_842' title='bbox 2040 5131 2154 5191; x_wconf 84' lang='lat' dir='ltr'><strong>rem</strong></span> <span class='ocrx_word' id='word_1_843' title='bbox 2183 5131 2674 5204; x_wconf 80' lang='lat' dir='ltr'><strong>etmelioreinnon</strong></span> <span class='ocrx_word' id='word_1_844' title='bbox 2693 5131 2922 5204; x_wconf 84' lang='lat' dir='ltr'><strong>judieet.</strong></span> <span class='ocrx_word' id='word_1_845' title='bbox 2957 5131 3459 5204; x_wconf 68' lang='grc' dir='ltr'>Παραμειψάμενος</span> <span class='ocrx_word' id='word_1_846' title='bbox 3493 5147 3624 5200; x_wconf 63' lang='lat' dir='ltr'><strong>ergo</strong></span> 
     </span>
    </p>
   </div>
   <div class='ocr_carea' id='block_1_120' title="bbox 2036 5200 3622 5279">
    <p class='ocr_par' dir='ltr' id='par_1_120' title="bbox 2036 5200 3622 5279">
     <span class='ocr_line' id='line_1_121' title="bbox 2036 5200 3622 5279; baseline -0.004 -18"><span class='ocrx_word' id='word_1_847' title='bbox 2036 5208 2137 5279; x_wconf 82' lang='grc' dir='ltr'>τὴν</span> <span class='ocrx_word' id='word_1_848' title='bbox 2158 5202 2365 5259; x_wconf 83' lang='grc' dir='ltr'>τούτων</span> <span class='ocrx_word' id='word_1_849' title='bbox 2387 5201 2524 5279; x_wconf 43' lang='grc' dir='ltr'>θέαν.</span> <span class='ocrx_word' id='word_1_850' title='bbox 2543 5202 2683 5254; x_wconf 91' lang='lat' dir='ltr'><strong>idem</strong></span> <span class='ocrx_word' id='word_1_851' title='bbox 2709 5200 2852 5254; x_wconf 87' lang='lat' dir='ltr'><strong>valet</strong></span> <span class='ocrx_word' id='word_1_852' title='bbox 2873 5214 2958 5264; x_wconf 89' lang='lat' dir='ltr'><strong>ac,</strong></span> <span class='ocrx_word' id='word_1_853' title='bbox 2982 5200 3406 5279; x_wconf 67' lang='lat' dir='ltr'><strong>pra:_tergi&#39;essus</strong></span> <span class='ocrx_word' id='word_1_854' title='bbox 3428 5204 3622 5256; x_wconf 89' lang='lat' dir='ltr'><strong>harum</strong></span> 
     </span>
    </p>
   </div>
   <div class='ocr_carea' id='block_1_121' title="bbox 2040 5271 3623 5343">
    <p class='ocr_par' dir='ltr' id='par_1_121' title="bbox 2040 5271 3623 5343">
     <span class='ocr_line' id='line_1_122' title="bbox 2040 5271 3623 5343; baseline -0.004 -12"><span class='ocrx_word' id='word_1_855' title='bbox 2040 5271 2164 5331; x_wconf 61' lang='lat' dir='ltr'><strong>re&#39;ru</strong></span> <span class='ocrx_word' id='word_1_856' title='bbox 2176 5292 2225 5328; x_wconf 86' lang='grc' dir='ltr'><strong>ιιι</strong></span> <span class='ocrx_word' id='word_1_857' title='bbox 2250 5271 2653 5343; x_wconf 85' lang='lat' dir='ltr'><strong>spectaculum;</strong></span> <span class='ocrx_word' id='word_1_858' title='bbox 2680 5285 2801 5333; x_wconf 88' lang='lat' dir='ltr'><strong>seu,</strong></span> <span class='ocrx_word' id='word_1_859' title='bbox 2832 5290 2850 5322; x_wconf 80' lang='grc' dir='ltr'><strong>ι</strong></span> <span class='ocrx_word' id='word_1_860' title='bbox 2878 5273 3196 5328; x_wconf 88' lang='lat' dir='ltr'><strong>transmisso</strong></span> <span class='ocrx_word' id='word_1_861' title='bbox 3220 5274 3412 5329; x_wconf 89' lang='lat' dir='ltr'><strong>harum</strong></span> <span class='ocrx_word' id='word_1_862' title='bbox 3438 5286 3623 5326; x_wconf 89' lang='lat' dir='ltr'><strong>rerum</strong></span> 
     </span>
    </p>
   </div>
   <div class='ocr_carea' id='block_1_122' title="bbox 2058 5340 2990 5416">
    <p class='ocr_par' dir='ltr' id='par_1_122' title="bbox 2058 5340 2990 5416">
     <span class='ocr_line' id='line_1_123' title="bbox 2058 5340 2990 5416; baseline -0.01 -14"><span class='ocrx_word' id='word_1_863' title='bbox 2058 5340 2366 5416; x_wconf 70' lang='lat' dir='ltr'><strong>spectaculo</strong></span> <span class='ocrx_word' id='word_1_864' title='bbox 2398 5340 2622 5416; x_wconf 65' lang='lat' dir='ltr'><strong>ulterius</strong></span> <span class='ocrx_word' id='word_1_865' title='bbox 2649 5355 2990 5416; x_wconf 77' lang='lat' dir='ltr'><strong>progressus.</strong></span> 
     </span>
    </p>
   </div>
   <div class='ocr_carea' id='block_1_123' title="bbox 2110 5409 3622 5487">
    <p class='ocr_par' dir='ltr' id='par_1_123' title="bbox 2110 5409 3622 5487">
     <span class='ocr_line' id='line_1_124' title="bbox 2110 5409 3622 5487; baseline -0.004 -20"><span class='ocrx_word' id='word_1_866' title='bbox 2110 5416 2221 5487; x_wconf 66' lang='lat'><strong>(26)</strong></span> <span class='ocrx_word' id='word_1_867' title='bbox 2247 5409 2688 5487; x_wconf 70' lang='grc' dir='ltr'>Παραπήγμασί</span> <span class='ocrx_word' id='word_1_868' title='bbox 2727 5409 2791 5463; x_wconf 64' lang='grc' dir='ltr'><strong>τε</strong></span> <span class='ocrx_word' id='word_1_869' title='bbox 2813 5410 3067 5480; x_wconf 71' lang='grc' dir='ltr'>χαλκοῦ.</span> <span class='ocrx_word' id='word_1_870' title='bbox 3091 5410 3622 5482; x_wconf 80' lang='lat' dir='ltr'><strong>Christophorsonus</strong></span> 
     </span>
    </p>
   </div>
   <div class='ocr_carea' id='block_1_124' title="bbox 2044 5484 2647 5549">
    <p class='ocr_par' dir='ltr' id='par_1_124' title="bbox 2044 5484 2647 5549">
     <span class='ocr_line' id='line_1_125' title="bbox 2044 5484 2647 5549; baseline -0.012 -11"><span class='ocrx_word' id='word_1_871' title='bbox 2044 5484 2209 5540; x_wconf 80' lang='lat' dir='ltr'><strong>vertit</strong></span> <span class='ocrx_word' id='word_1_872' title='bbox 2244 5502 2262 5534; x_wconf 77' lang='grc' dir='ltr'><strong>ι</strong></span> <span class='ocrx_word' id='word_1_873' title='bbox 2298 5484 2587 5549; x_wconf 73' lang='lat' dir='ltr'><strong>repagulis.</strong></span> <span class='ocrx_word' id='word_1_874' title='bbox 2628 5498 2647 5531; x_wconf 74' lang='grc' dir='ltr'><strong>ι</strong></span> 
     </span>
    </p>
   </div>
   <div class='ocr_carea' id='block_1_125' title="bbox 2114 5547 3607 5625">
    <p class='ocr_par' dir='ltr' id='par_1_125' title="bbox 2114 5547 3607 5625">
     <span class='ocr_line' id='line_1_126' title="bbox 2114 5547 3607 5625; baseline -0.007 -17"><span class='ocrx_word' id='word_1_875' title='bbox 2114 5556 2227 5625; x_wconf 72' lang='lat'><strong>(27)</strong></span> <span class='ocrx_word' id='word_1_876' title='bbox 2254 5547 2504 5625; x_wconf 73' lang='grc' dir='ltr'>Βὰθροίς</span> <span class='ocrx_word' id='word_1_877' title='bbox 2528 5550 2597 5602; x_wconf 81' lang='grc' dir='ltr'><strong>ἐν</strong></span> <span class='ocrx_word' id='word_1_878' title='bbox 2629 5549 2793 5625; x_wconf 77' lang='grc' dir='ltr'>τάξει</span> <span class='ocrx_word' id='word_1_879' title='bbox 2832 5549 2958 5617; x_wconf 84' lang='grc' dir='ltr'>τοῖς</span> <span class='ocrx_word' id='word_1_880' title='bbox 2985 5550 3117 5605; x_wconf 82' lang='grc' dir='ltr'>καθ’</span> <span class='ocrx_word' id='word_1_881' title='bbox 3146 5550 3313 5604; x_wconf 70' lang='grc' dir='ltr'>ὅλου.</span> <span class='ocrx_word' id='word_1_882' title='bbox 3347 5550 3440 5602; x_wconf 85' lang='lat' dir='ltr'><strong>Sic</strong></span> <span class='ocrx_word' id='word_1_883' title='bbox 3479 5547 3607 5625; x_wconf 64' lang='lat' dir='ltr'><strong>jam.</strong></span> 
     </span>
    </p>
   </div>
   <div class='ocr_carea' id='block_1_126' title="bbox 2044 5621 3617 5694">
    <p class='ocr_par' dir='ltr' id='par_1_126' title="bbox 2044 5621 3617 5694">
     <span class='ocr_line' id='line_1_127' title="bbox 2044 5621 3617 5694; baseline -0.005 -15"><span class='ocrx_word' id='word_1_884' title='bbox 2044 5621 2254 5694; x_wconf 86' lang='lat' dir='ltr'><strong>pridem</strong></span> <span class='ocrx_word' id='word_1_885' title='bbox 2283 5622 2622 5691; x_wconf 77' lang='lat' dir='ltr'><strong>conjeceram</strong></span> <span class='ocrx_word' id='word_1_886' title='bbox 2646 5624 2990 5694; x_wconf 71' lang='lat' dir='ltr'><strong>scribentium</strong></span> <span class='ocrx_word' id='word_1_887' title='bbox 3023 5636 3165 5682; x_wconf 74' lang='lat' dir='ltr'><strong>esse,</strong></span> <span class='ocrx_word' id='word_1_888' title='bbox 3191 5630 3248 5694; x_wconf 83' lang='lat' dir='ltr'><strong>ut</strong></span> <span class='ocrx_word' id='word_1_889' title='bbox 3277 5634 3342 5674; x_wconf 81' lang='lat' dir='ltr'><strong>ex</strong></span> <span class='ocrx_word' id='word_1_890' title='bbox 3368 5621 3617 5681; x_wconf 79' lang='lat' dir='ltr'><strong>versione</strong></span> 
     </span>
    </p>
   </div>
   <div class='ocr_carea' id='block_1_127' title="bbox 2044 5689 3614 5768">
    <p class='ocr_par' dir='ltr' id='par_1_127' title="bbox 2044 5689 3614 5768">
     <span class='ocr_line' id='line_1_128' title="bbox 2044 5689 3614 5768; baseline -0.004 -23"><span class='ocrx_word' id='word_1_891' title='bbox 2044 5689 2232 5768; x_wconf 68' lang='lat' dir='ltr'><strong>nostra</strong></span> <span class='ocrx_word' id='word_1_892' title='bbox 2260 5689 2490 5762; x_wconf 84' lang='lat' dir='ltr'><strong>apparet</strong></span> <span class='ocrx_word' id='word_1_893' title='bbox 2515 5704 2613 5759; x_wconf 91' lang='lat' dir='ltr'><strong>pro</strong></span> <span class='ocrx_word' id='word_1_894' title='bbox 2637 5690 2779 5768; x_wconf 79' lang='lat' dir='ltr'><strong>vulg.</strong></span> <span class='ocrx_word' id='word_1_895' title='bbox 2806 5690 3063 5768; x_wconf 77' lang='grc' dir='ltr'>καθόλουο</span> <span class='ocrx_word' id='word_1_896' title='bbox 3091 5689 3304 5768; x_wconf 74' lang='lat' dir='ltr'><strong>tandem</strong></span> <span class='ocrx_word' id='word_1_897' title='bbox 3331 5702 3459 5741; x_wconf 89' lang='lat' dir='ltr'><strong>vero</strong></span> <span class='ocrx_word' id='word_1_898' title='bbox 3484 5702 3614 5768; x_wconf 82' lang='lat' dir='ltr'><strong>cou-</strong></span> 
     </span>
    </p>
   </div>
   <div class='ocr_carea' id='block_1_128' title="bbox 2040 5762 3614 5832">
    <p class='ocr_par' dir='ltr' id='par_1_128' title="bbox 2040 5762 3614 5832">
     <span class='ocr_line' id='line_1_129' title="bbox 2040 5762 3614 5832; baseline -0.005 -13"><span class='ocrx_word' id='word_1_899' title='bbox 2040 5764 2310 5832; x_wconf 80' lang='lat' dir='ltr'><strong>jecturam</strong></span> <span class='ocrx_word' id='word_1_900' title='bbox 2367 5775 2543 5815; x_wconf 87' lang='lat' dir='ltr'><strong>meam</strong></span> <span class='ocrx_word' id='word_1_901' title='bbox 2612 5762 2956 5815; x_wconf 78' lang='lat' dir='ltr'><strong>conﬁrmavit</strong></span> <span class='ocrx_word' id='word_1_902' title='bbox 3007 5762 3402 5814; x_wconf 83' lang='lat' dir='ltr'><strong>vetustissimus</strong></span> <span class='ocrx_word' id='word_1_903' title='bbox 3449 5764 3614 5811; x_wconf 70' lang='lat' dir='ltr'><strong>cantes</strong></span> 
     </span>
    </p>
   </div>
  </div>
