4210 6408
387 309 494 367 869

1411 307 1762 366 HISTORUE
1802 307 2374 365 ECCLESIASTICIE
2412 308 2542 368 LIB.
2583 308 2652 365 Χ.

3577 317 3683 376 870

386 427 421 496 ἡ
445 425 595 498 ψυχή
632 441 734 497 μου
764 422 860 478 ἐπὶ
888 421 968 496 τῷ
1008 423 1230 495 Κυρίῳ
1262 423 1480 478 ἐνέδυσε
1509 425 1618 496 γάρ
1669 441 1736 495 με
1773 423 1959 496 ἱμάτιο

2091 426 2245 495 gnels
2269 423 2532 480 cancellis
2561 422 2814 486 munivit,
2849 422 3218 480 minutissimo
3247 437 3414 496 opere
3440 427 3506 480 ad
3536 443 3682 484 stun-

384 517 679 590 σωτηρίου,
705 515 800 570 καὶ
823 515 1028 588 χιτῶνα
1060 515 1427 588 εὐφροσύνης·
1463 515 1758 591 περιέθηκέ
1790 534 1881 587 μοι
1906 515 1982 581 ὡς

385 607 606 680 νυμφίῳ
651 606 882 679 μίτραν,
933 607 1028 662 καὶ
1075 607 1152 672 ὡς
1201 607 1420 680 νύμφην
1467 607 1852 678 κατεκόσμησὲ
1913 624 1981 678 με

387 698 596 770 κόσμῳ,
647 698 742 753 καὶ¹
772 697 848 762 ὡς
879 698 984 768 γῆν
1029 697 1299 762 αὔξουσαν
1348 699 1410 753 τὺ
1447 699 1607 762 ἄνθος
1644 699 1846 770 αὐτῆς·
1885 701 1981 753 καὶ

387 789 459 854 ὡς
490 791 666 860 κῆπος
697 789 766 843 τὰ
815 789 1106 860 σπέρματα
1145 789 1312 844 αὐτοῦ
1363 791 1630 855 ἀνατελεῖ,
1665 790 1838 854 οὕτως
1863 790 1978 844 Κύ-

367 869 501 952 έριος
548 880 790 936 ἀνέτειλε
840 881 1188 955 δικαιοσύνην
1241 883 1338 938 καὶ¹
1381 883 1696 954 ἁγαλλίαμα
1747 881 1977 937 ἐνώπιον

382 973 602 1027 πάντων
633 971 744 1026 τῶν
775 973 965 1029 ἐθνῶν.
993 993 1012 1026 ι
1053 975 1277 1040 Τούτοις
1313 975 1411 1046 μὲν
1443 971 1536 1030 οῦν
1559 975 1698 1045 αῦτη
1725 973 1972 1046 χορεύει·

379 1063 516 1128 οἵοις
573 1065 628 1118 δὲ
695 1067 792 1119 καὶ
849 1067 879 1120 ό
949 1065 1182 1136 νυμφίος
1257 1066 1430 1134 Λόγος
1497 1067 1526 1120 ὁ
1580 1067 1833 1138 οὐράνιος
1879 1067 1976 1120 αὐ-

380 1155 472 1220 τὸς
501 1156 706 1228 Ἰησοῦς
728 1157 962 1228 Χριστὸς
981 1159 1150 1229 αὐτὴν
1183 1158 1491 1229 ἀμείϐεται,
1524 1159 1688 1214 ἄκουε
1721 1159 1976 1229 λέγοντος

380 1249 475 1304 τοῦ
523 1249 762 1320 Κυρίου’
823 1252 957 1322 «Μὴ
1014 1250 1179 1318 φοϐοῦ
1231 1253 1315 1304 ὅτι
1365 1251 1780 1324 κατῃσχύνθης,
1836 1251 1974 1324 μηδὲ

381 1342 658 1414 ἔντραπῇς
687 1343 769 1396 ὅτι
799 1341 1148 1413 ὠνειδίσθης·
1181 1343 1264 1395 ὅτι
1298 1343 1564 1415 αἰσχύνην
1598 1343 1814 1398 αἰώνιον
1847 1346 1971 1397 ὲπι-

381 1433 548 1508 λήσῃ,
581 1434 674 1486 καὶ
705 1433 907 1498 ὄνειδος
939 1433 1038 1504 τῆς
1071 1434 1298 1506 χηρείας
1327 1452 1420 1488 σου
1453 1436 1514 1489 ού
1551 1437 1626 1507 μὴ
1660 1437 1968 1510 μνησθήσῃ.

380 1527 494 1598 υῦχ
525 1525 600 1590 ὡς
630 1529 862 1595 γυναῖκα
906 1526 1480 1599 ἐγκαταλελειμμένην
1524 1528 1618 1581 καὶ
1649 1529 1969 1600 όλιγόψυχον

381 1617 618 1690 κέκληκέ
648 1636 708 1672 σε
736 1617 961 1689 Κύριος,
997 1619 1104 1672 οὐδ’
1133 1619 1211 1684 ὼς
1241 1622 1478 1688 γυναῖκα
1507 1621 1571 1674 ἐκ
1596 1622 1844 1691 νεότητος
1881 1639 1971 1692 με·

382 1710 708 1782 μισημένην.
743 1705 910 1764 Εἶπεν
940 1713 969 1764 ὁ
999 1709 1132 1774 Θεός
1167 1727 1280 1766 σου·
1299 1711 1504 1781 Χρόνον
1536 1713 1732 1785 μικρὸν
1764 1715 1964 1782 ἐγκατ-

2088 531 2234 569 mum
2260 516 2396 572 artis
2423 515 2700 587 fastigium
2732 515 3058 579 elaboratis,
3092 517 3228 571 adeo
3254 529 3314 570 ιιι
3349 519 3679 575 admirabile

2087 609 2424 664 intuentibus
2455 609 2824 678 spectaculum
2856 609 3176 667 exhibeant.
3219 609 3362 676 Quin
3385 612 3552 665 etiam
3605 630 3676 667 ne

2085 700 2260 770 ipsum
2305 702 2520 770 quidem
2566 701 2744 755 solum
2788 701 3174 772 negligendum
3221 703 3457 770 putavit.
3514 703 3671 782 Quod

2084 807 2208 848 eum
2237 793 2436 847 mirum
2469 794 2522 847 in
2555 793 2774 848 modum
2822 808 3097 847 marmore
3146 805 3496 860 exornasset,
3547 798 3671 850 inde

2083 887 2149 939 ad
2177 901 2240 940 ea
2275 900 2394 954 qua:
2427 895 2582 941 extra
2629 885 2890 956 templum
2943 887 3118 954 posita
3169 895 3296 940 sunt
3347 903 3666 950 conversus.

2081 977 2354 1031 exhedras
2401 985 2456 1032 et
2502 991 2653 1033 meos
2695 978 3064 1047 amplissimos
3145 981 3402 1049 utrinque
3454 998 3664 1035 summa

2079 1083 2204 1125 cum
2237 1069 2432 1139 peritia
2471 1070 2790 1135 fabricavit,
2817 1071 2908 1139 qui
2937 1072 3038 1125 sibi
3081 1072 3312 1127 invicem
3374 1073 3440 1126 ad
3493 1073 3664 1130 latera

2078 1161 2248 1230 ipsius
2275 1162 2518 1218 basilicae
2549 1162 2985 1233 conjuuguntur,
3022 1165 3305 1234 portisque
3359 1168 3560 1234 quibus
3607 1169 3660 1222 in

2077 1253 2315 1308 medium
2353 1253 2611 1323 templum
2643 1255 2898 1320 intratur,
2927 1257 3161 1310 connexi
3190 1267 3336 1310 sunt.
3368 1257 3514 1324 Quas
3536 1259 3663 1328 qui-

2075 1345 2197 1398 dem
2226 1345 2370 1400 aedes
2405 1345 2456 1399 in
2492 1345 2730 1416 gratiam
2766 1345 2934 1417 382
2973 1361 3160 1400 eorum
3209 1347 3301 1416 qui
3347 1349 3664 1415 expiatione

2072 1445 2128 1493 et
2180 1439 2504 1508 purgatione
2563 1453 2662 1506 per
2715 1455 2913 1508 aquam
2967 1447 3022 1494 et
3079 1439 3345 1509 Spiritum
3403 1451 3657 1495 sanctum

2071 1544 2207 1598 opus
2247 1531 2468 1594 habent,
2501 1529 2760 1584 Salomon
2799 1539 2985 1585 noster
3017 1546 3144 1585 vere
3179 1531 3436 1600 paciﬁcus
3471 1533 3660 1601 templi

2071 1621 2230 1691 hujus
2257 1622 2506 1676 conditor
2537 1623 2830 1676 exstruxit.
2860 1623 3012 1676 Adeo
3041 1631 3099 1676 ut
3123 1623 3366 1678 caelestis
3401 1623 3486 1676 illa
3520 1639 3660 1692 pra:-

2071 1713 2235 1769 dictio
2258 1713 2412 1783 cujus
2438 1729 2603 1782 supra
2655 1713 2900 1777 memini,
2955 1729 3063 1769 non
3117 1715 3353 1785 amplius
3409 1718 3569 1770 nudis
3600 1715 3656 1769 in

379 1800 561 1854 έλιπόν
588 1817 670 1866 σε,
701 1801 796 1855 καὶ
823 1803 878 1854 ἐν
909 1801 1046 1874 ἐλέῳ
1101 1801 1322 1874 μεγάλῳ
1347 1801 1556 1874 ὲλεήσω
1593 1819 1652 1854 σε
1679 1820 1692 1832 °
1727 1805 1786 1856 ὲν
1815 1803 1959 1875 Ουμιξί

2075 1805 2255 1860 verbis
2285 1806 2570 1870 subsistat,
2606 1807 2701 1860 sed
2735 1821 2903 1875 opere
2953 1807 3073 1876 ipso
3123 1807 3341 1876 impleta
3376 1820 3656 1863 cernatur.

381 1891 561 1965 μικρῷ
588 1893 906 1964 άπὲστρεψα
935 1897 996 1948 τὸ
1029 1894 1320 1968 πρόσωπόν
1356 1912 1458 1964 μου
1488 1895 1597 1950 ἀπὺ
1629 1894 1745 1959 σοῦ,
1779 1897 1874 1950 καὶ
1906 1897 1964 1949 ἐν

377 1986 514 2058 ἐλέῳ
545 1987 748 2058 αἰωνίῳ
774 1987 982 2060 ἐλεήσω
1028 2006 1107 2052 σε,
1155 1983 1307 2042 εἶπεν
1349 1990 1378 2043 ὁ
1415 1988 1715 2058 ῥυσάμενος
1749 2006 1808 2042 σε
1847 1989 1962 2042 Κύ-

379 2094 512 2152 ριος.
551 2079 881 2150 Ἐξεγείρου,
917 2078 1218 2152 ἐξεγείρου,
1259 2083 1293 2146 ἡ
1322 2079 1523 2134 πιοῦσα
1547 2081 1612 2134 ἐκ
1644 2080 1827 2152 χειρὸς
1850 2083 1963 2134 Κυ-

378 2171 496 2245 ρίου
527 2171 589 2224 τὸ
627 2174 886 2245 ποτήριον
933 2171 1028 2226 τοῦ
1075 2172 1248 2244 θυμοῦ
1296 2171 1501 2227 αὐτοῦ·
1549 2175 1807 2244 ποτήριον
1853 2174 1960 2246 γὰρ

373 2261 474 2332 τῆς
506 2259 786 2324 πτώσεως,
827 2261 887 2314 τὸ
917 2261 1074 2315 κόνδυ
1117 2261 1209 2316 τοῦ
1241 2261 1415 2334 θυμοῦ
1451 2279 1586 2332 μου,
1622 2262 1840 2330 ἐξέπιες
1867 2263 1960 2318 καὶ

375 2349 733 2416 ἐξεκένωσας.
768 2353 876 2405 Καὶ
907 2353 1008 2406 ούκ
1045 2348 1113 2422 ἦν
1142 2355 1172 2406 ὁ
1208 2352 1540 2430 παρακαλῶν
1585 2370 1644 2406 σε
1679 2354 1786 2408 ἀπὸ
1821 2355 1956 2408 πάν-

373 2458 483 2495 των
511 2443 620 2495 τῶν
647 2443 857 2496 τέκνων
889 2460 982 2496 σου
1004 2483 1018 2506 ,
1053 2437 1128 2497 ὧν
1165 2444 1382 2508 ἔτεκες,
1415 2443 1509 2498 καὶ
1543 2443 1642 2497 οὐκ
1667 2439 1736 2516 ἦν
1761 2445 1790 2497 ὁ
1813 2445 1961 2499 ἅντι-

373 2535 781 2608 λαμϐανόμενος
825 2536 923 2606 τῆς
973 2535 1149 2607 χειρός
1197 2553 1312 2591 σου.
1359 2535 1490 2588 Ἰδοὺ
1525 2536 1724 2608 εἴληφα
1761 2539 1825 2591 ὲκ
1855 2539 1961 2609 τῆς

371 2627 553 2698 χειρός
597 2645 691 2682 σου
731 2628 794 2681 τὸ
835 2631 1090 2698 ποτήριον
1133 2627 1232 2698 τῆς
1273 2625 1550 2692 πτώσεως,
1587 2628 1648 2682 τὸ
1681 2629 1836 2683 κόνδυ
1862 2631 1957 2684 τοῦ

372 2717 548 2790 θυμοῦ
593 2735 718 2789 μου,
762 2719 856 2772 καὶ
895 2719 956 2771 ού
1000 2718 1331 2790 προσθήσεις
1360 2719 1442 2772 ἔτι
1484 2722 1628 2773 πιεῖν
1663 2721 1827 2774 αῦτό’
1864 2723 1958 2776 καὶ

370 2809 528 2862 δώσω
569 2807 701 2861 αὐτὸ
734 2809 815 2872 είς
845 2807 944 2871 τὰς
977 2810 1170 2880 χεῖρας
1209 2806 1319 2861 τῶν
1351 2807 1727 2880 ἀδικησάντων
1762 2827 1822 2864 σε
1863 2811 1958 2864 καὶ

369 2903 822 2958 ταπεινωσάντων
869 2919 948 2958 σε.
1004 2903 1313 2975 Ἐξεγείρου
1335 2941 1351 2966 ,
1396 2903 1705 2975 ἐξεγείρου,
1741 2904 1956 2959 ἔνδυσαι

2035 2981 2121 3045 ‘in
2161 2993 2275 3062 ipsa
2309 2993 2404 3047 Dei
2437 2991 2582 3062 regia
2613 2993 2755 3047 ultra
2783 2992 2956 3048 caelos
2982 2995 3178 3063 posita,
3216 3009 3322 3048 una
3374 3010 3498 3050 cum
3529 2994 3646 3064 ipso

369 2994 470 3064 τὴν
519 2993 700 3066 ἰσχὺν,
749 2993 964 3049 ἔνδυσαι
1009 2993 1109 3066 τὴν
1157 2993 1314 3058 δόξαν
1359 3009 1476 3047 σου.
1527 2992 1834 3060 Ἐκτίναξαι
1864 2994 1956 3048 τὸν

371 3083 502 3156 χοῦν
531 3087 626 3138 καὶ
653 3085 936 3158 ἀνάστηθι.
969 3086 1230 3151 Κάθισον,
1264 3083 1488 3140 ἔκλυσαι
1515 3085 1606 3141 τὸν
1638 3086 1836 3158 δεσμὸν
1859 3085 1954 3141 τοῦ

2073 1894 2238 1950 Facta
2289 1905 2375 1950 est
2411 1897 2556 1950 enim
2615 1910 2760 1950 nunc
2804 1910 2991 1949 revera
3041 1895 3214 1967 gloria
3263 1899 3457 1952 domus
3497 1897 3658 1969 hujus

2073 1987 2344 2055 posterior
2373 2001 2534 2056 supra
2569 1988 2827 2055 priorem.
2865 1986 2999 2042 Nam
3031 2004 3154 2044 cum
3203 1987 3398 2043 Pastor
3444 1987 3560 2058 ejus
3587 2004 3655 2046 ac

2073 2080 2354 2143 Dominus,
2377 2095 2476 2149 pro
2507 2079 2680 2134 salute
2708 2080 2850 2134 illius
2881 2080 3049 2135 semel
3085 2089 3311 2136 mortem
3339 2096 3652 2152 perpessus,

2070 2180 2195 2240 post
2229 2170 2542 2239 passionem
2581 2186 2781 2242 corpus
2832 2173 2977 2242 quod
3031 2173 3204 2241 ipsius
3255 2173 3430 2243 gratia
3470 2175 3653 2230 sordi-

2069 2263 2196 2316 dum
2233 2261 2504 2326 induerat,
2553 2262 2606 2316 in
2651 2263 2992 2332 splendidum
3037 2274 3091 2318 et
3119 2264 3426 2335 gloriosum
3465 2275 3650 2322 trans-

2069 2361 2357 2418 mutasset,
2411 2363 2465 2408 et
2511 2369 2737 2409 carnem
2787 2353 2898 2423 jam
2953 2356 3324 2410 tabescentem
3359 2373 3426 2412 ex
3461 2373 3653 2412 corru-

2068 2445 2253 2514 ptione
2303 2447 2370 2500 ad
2423 2445 2892 2500 immortalitatem
2954 2447 3307 2512 traduxisset,
3354 2459 3650 2503 consenta-

2069 2550 2228 2589 neum
2258 2549 2378 2591 erat
2412 2546 2472 2590 ut
2517 2539 2633 2592 haec
2662 2553 2881 2608 quoque
2929 2537 3238 2592 Servatoris
3285 2539 3650 2606 diSpensatio—

2067 2627 2228 2681 nibus
2252 2628 2503 2682 similiter
2537 2628 2832 2684 frueretur.
2867 2628 3080 2698 Quippe
3112 2643 3233 2698 qum
3267 2629 3434 2683 multo
3473 2630 3650 2698 potiu-

2069 2715 2223 2770 ribus
2250 2717 2322 2770 ab
2351 2717 2469 2786 ipso
2503 2719 2788 2786 promissis
2838 2717 3106 2787 acceptis,
3160 2717 3324 2788 longe
3375 2716 3646 2784 majorem

2067 2810 2502 2878 regenerationis
2555 2809 2794 2881 gloriam
2837 2811 2892 2865 in
2924 2809 3170 2879 corporis
3223 2810 3594 2878 incorruptibil
3622 2827 3648 2864 s

2067 2901 2490 2965 resurrectione,
2537 2917 2660 2957 cum
2711 2902 3027 2958 cmlestibus
3083 2903 3402 2970 angelorum
3439 2903 3646 2969 choris,

2063 3086 2310 3139 omnium
2378 3085 2767 3141 beneﬁciorum
2825 3100 3049 3141 auctore
3091 3101 3158 3140 ac
3190 3085 3484 3142 Servatore
3509 3085 3640 3144 Jesn

369 3179 642 3251 τραχήλου
675 3195 798 3234 σου·
837 3175 970 3250 ἆρον
1004 3179 1190 3250 κύκλῳ
1220 3179 1344 3244 τοὺς
1381 3178 1690 3250 ὀφθαλμούς
1723 3195 1818 3232 σου
1861 3179 1956 3234 xa't

2067 3175 2279 3231 Christo
2311 3176 2364 3230 in
2393 3187 2716 3246 perpetuum
2750 3178 3006 3247 deinceps
3032 3179 3314 3249 percipere
3343 3181 3638 3238 desiderat.

372 3271 451 3324 ίδε
481 3271 800 3344 συνηγμένα
830 3270 899 3324 τὰ
931 3270 1098 3325 τέκνα
1143 3289 1238 3324 σου
1259 3287 1272 3301 ·
1327 3271 1437 3326 ἰδοὺ
1485 3273 1827 3344 συνήχθησαν
1861 3271 1959 3326 καὶ

367 3357 530 3434 ¹ἦλθον
575 3363 716 3434 πρὸς
761 3365 848 3415 σε·
885 3361 964 3427 ζῶ
997 3361 1143 3430 ἐγὼ,
1175 3363 1322 3431 λέγει
1351 3363 1555 3435 Κύριος
1577 3379 1592 3394 ·
1635 3363 1718 3416 ὃτι
1749 3363 1959 3427 πάντας

369 3453 568 3516 αὐτοὺς
613 3453 692 3516 ὡς
734 3453 937 3523 κόσμον
971 3452 1166 3526 ἐνδύσῃ
1199 3455 1294 3508 καὶ
1339 3454 1611 3527 περιθήσῃ
1647 3455 1845 3518 αὐτοὺς
1881 3453 1958 3519 ὼς

368 3544 572 3614 κόσμον
616 3542 836 3615 νύμφης
864 3561 879 3575 ·
919 3545 1002 3598 ὅτι
1033 3544 1101 3597 τὰ
1135 3544 1318 3616 ἔρημά
1351 3562 1447 3598 σου
1479 3546 1574 3599 καὶ
1604 3547 1672 3601 τὰ
1698 3545 1956 3617 διεφθαρ-

373 3637 512 3708 μένα
539 3636 634 3690 καὶ
665 3637 734 3689 τὰ
759 3637 1254 3703 καταπεπτωκότα,
1295 3637 1390 3691 νῦν
1427 3639 1822 3710 στενοχωρήσει
1848 3637 1957 3692 ἀπὸ

367 3727 477 3781 τῶν
511 3727 909 3783 κατοικούντων
939 3745 1000 3782 σε
1027 3746 1040 3760 ·
1083 3729 1177 3783 καὶ
1209 3727 1682 3801 μακρυνθήσονται
1719 3729 1825 3782 ἀπὸ
1860 3730 1955 3783 σοῦ

366 3821 418 3874 οἱ
450 3819 838 3884 καταπίνοντες
874 3836 956 3876 σε.
1001 3819 1218 3891 Ἐροῦσι
1254 3819 1362 3892 γὰρ
1391 3820 1470 3884 εἰς
1503 3820 1571 3874 τὰ
1613 3813 1727 3875 ὦτά
1764 3837 1858 3875 σου
1904 3821 1954 3874 oi

366 3909 474 3963 υίοί
502 3926 594 3962 σου
619 3907 713 3972 οὓς
734 3907 1089 3972 ἀπολώλεκας
1116 3923 1128 3936 ·
1151 3909 1344 3974 Στενός
1380 3927 1469 3981 μοι
1496 3910 1526 3963 ὁ
1569 3911 1762 3974 τόπος·
1792 3911 1954 3981 ποίη-

368 4001 459 4054 σόν
486 4018 575 4072 μοι
599 4001 764 4056 τόπον
790 4001 877 4054 ἵνα
905 4001 1221 4073 κατοικήσω
1243 4020 1256 4032 ’
1289 4003 1383 4055 καὶ
1411 4005 1556 4074 ὲρεῖς
1583 4005 1641 4056 ὲν
1666 4006 1733 4074 τῇ
1757 4003 1954 4076 καρδία

367 4109 492 4148 σουο
515 4092 612 4156 Τίς
639 4092 896 4164 ὲγέννησὲ
933 4109 1022 4164 μοι
1050 4092 1309 4157 τούτους;
1346 4092 1457 4162 ἐγὼ
1513 4092 1569 4147 δὲ
1613 4093 1837 4158 ἄτεκνος
1861 4095 1954 4148 καὶ

363 4185 511 4258 χήρα
535 4200 548 4214 ⁸
583 4183 807 4248 τούτους
831 4183 888 4238 δὲ
913 4185 999 4246 τίς
1022 4185 1282 4258 ἐξέθρεψέ
1318 4204 1442 4258 μοι;
1472 4186 1584 4256 ἐγὼ
1613 4187 1670 4240 δὲ
1708 4187 1952 4240 κατελεί-

363 4275 506 4348 φθην
545 4275 706 4346 μόνη.
737 4266 898 4328 Οὗτοι
924 4274 982 4328 δέ
1009 4293 1099 4345 μοι
1127 4274 1228 4328 ποῦ
1261 4271 1402 4346 ἦσαν
1423 4293 1438 4342 ;
1461 4297 1479 4328 ιι
1509 4277 1694 4332 Ταῦτα
1726 4279 1954 4342 Ἡσαΐας

362 4367 758 4439 προεθέσπισε,
789 4365 963 4420 ταῦτα
995 4365 1272 4437 πρόπαλαι
1319 4369 1448 4440 περὶ
1483 4369 1640 4440 ήμῶν
1677 4372 1732 4424 ἐν
1779 4373 1950 4443 ἱεραῖς

361 4461 572 4522 Βίὸλοις
623 4457 1017 4528 καταϐέϐλητο.
1089 4458 1286 4530 Ἐχρῆν
1339 4459 1396 4513 δέ
1441 4477 1543 4514 που
1596 4461 1799 4514 τούτων
1847 4463 1945 4533 τὴν

361 4549 649 4620 ἀψεύδειαν
689 4549 790 4620 ήδη
825 4548 958 4602 ποτὲ
1001 4547 1184 4620 ἔργοις
1231 4541 1582 4621 παραλαϐεῖν.
1633 4551 1795 4604 Ἀλλὰ
1834 4555 1944 4624 γὰρ

355 4640 582 4694 τοιαῦτα
609 4637 702 4692 τοῦ
733 4639 968 4710 νυμφίου
1002 4640 1176 4708 Λόγου
1206 4641 1341 4712 πρὸς
1371 4641 1470 4713 τὴν
1503 4642 1695 4695 ἑαυτοῦ
1724 4643 1942 4714 νύμφην

351 4732 453 4804 τὴν
489 4731 640 4804 ἱεράν
673 4732 768 4786 καὶ
801 4731 963 4800 ἁγίαν
1005 4733 1328 4806 Ἐκκλησίαν
1357 4734 1776 4804 ἐπιφωνοῦντος,
1807 4739 1945 4790 ei.er-

352 4826 514 4885 τωςὸ
543 4823 908 4896 νυμφοστόλος
941 4823 1026 4877 ὅδε
1066 4825 1210 4896 (51),
1245 4826 1411 4898 αὐτὴν
1439 4828 1538 4897 τὴν
1569 4825 1772 4899 ἔρημον
1793 4865 1808 4891 ,
1843 4827 1940 4900 τήν

353 4921 556 4986 πτῶμα
613 4913 904 4986 κειμένην,
957 4915 1054 4987 τὴν
1099 4917 1251 4988 παρὰ
1301 4917 1609 4990 ἀνθρώποις
1663 4919 1941 4982 ἁνέλπιδα,

350 5009 470 5072 ταῖς
501 5010 706 5072 κοιναῖς
733 5008 988 5062 ἁπάντων
1015 5007 1168 5080 ὑμῶν
1193 5010 1380 5080 εὐχαῖς
1401 5049 1414 5071 ,
1450 5013 1638 5082 χεῖρας
1665 5009 1765 5074 τὰς
1787 5011 1942 5083 ὑμῶν

355 5099 534 5152 αὐτῶν
567 5085 792 5172 ὀρέξας,
829 5099 1080 5171 ἐξήγειρε
1125 5102 1220 5154 καὶ
1265 5100 1628 5172 ἐξανέστησε,
1664 5101 1800 5154 Θεοῦ
1844 5101 1940 5156 τοῦ

353 5192 744 5264 παμϐασιλέως
769 5193 1022 5264 νεύματι,
1053 5192 1148 5246 καὶ
1180 5192 1280 5263 τῆς
1315 5191 1492 5263 Ἰησοῦ
1519 5192 1755 5266 Χριστοῦ
1781 5194 1942 5248 δυνά-

357 5301 503 5355 μεως
549 5285 877 5356 ἐπιφανείᾳ,
916 5284 1174 5355 τοιαύτην
1223 5301 1284 5338 τε
1323 5285 1632 5357 ἀναστήσας
1665 5286 1936 5358 κατεστή-

355 5393 518 5438 σατο,
552 5377 671 5430 οἵαν
696 5377 763 5430 ὲκ
795 5380 898 5448 τῆς
931 5375 1040 5428 τῶν
1076 5375 1236 5448 ἱερῶν
1264 5375 1529 5447 χρησμῶν
1567 5376 1935 5449 καταγραφῆς

422 5490 470 5522 ⁸⁸
496 5490 603 5544 Isa.
627 5490 850 5558 th,10,
883 5491 972 5547 11.

424 5626 537 5698 (51)
581 5628 637 5680 '0
664 5629 1086 5698 νυμφοστόλος
1113 5629 1235 5685 ὅδε.
1273 5625 1442 5698 Recte
1469 5624 1928 5698 Cbristophorso-

354 5711 458 5767 nus
486 5715 506 5749 ι
537 5697 749 5767 sponsae
769 5697 1148 5754 exornatorem
1189 5718 1207 5748 ι
1236 5697 1423 5754 vertit.
1460 5697 1594 5767 hinc
1625 5713 1902 5767 νυμφοστο

353 5765 467 5820 λίαι
491 5765 628 5833 apud
656 5766 909 5823 Basiliam
943 5767 1326 5824 Seleucensem
1370 5771 1423 5822 in
1453 5765 1598 5822 libro
1627 5783 1648 5822 ι
1681 5765 1759 5822 De
1822 5769 1926 5821 rita

2060 3266 2283 3322 Interim
2316 3277 2494 3322 tamen
2539 3267 2594 3324 in
2635 3269 2887 3338 prmseuti
2931 3269 3131 3323 saeculo
3184 3271 3300 3326 haec
3323 3271 3449 3325 olim
3479 3271 3640 3328 vidua

2059 3373 2126 3414 ac
2157 3359 2390 3425 deserta,
2423 3359 2572 3414 hisce
2593 3375 2695 3428 per
2741 3359 2835 3414 Dei
2892 3361 3125 3432 gratiam
3150 3371 3343 3416 ornata
3381 3361 3634 3425 ﬂoribus,

2059 3450 2201 3504 facta
2233 3459 2316 3506 est
2348 3465 2536 3505 revera
2578 3461 2636 3504 ut
2662 3450 2851 3516 lilium,
2878 3451 3332 3519 quemadmodum
3371 3453 3633 3524 propheta

2058 3543 2217 3598 dixit.
2242 3542 2489 3610 Qualiter
2513 3557 2643 3596 vero
2676 3541 2914 3612 sponsali
2947 3549 3100 3596 veste
3153 3542 3364 3608 induta,
3395 3559 3634 3599 corona-

2058 3651 2165 3705 que
2199 3637 2414 3690 decoris
2441 3634 2718 3700 redimita,
2747 3634 2816 3688 ab
2845 3630 2982 3686 Isaia
3013 3632 3218 3688 saltare
3245 3634 3532 3700 doceatur,
3578 3647 3635 3690 et

2055 3725 2253 3780 faustis
2308 3725 2526 3781 vocibus
2561 3725 2685 3778 ‘Deo
2736 3724 2940 3794 gratias
2991 3738 3114 3778 cum
3159 3727 3510 3782 veneratione
3541 3743 3638 3782 ca-

2059 3829 2212 3881 nere,
2263 3815 2434 3884 ipsius
2477 3815 2662 3869 verbis
2709 3815 3053 3869 audiamus:
3099 3833 3118 3868 ι
3173 3815 3422 3873 Exsultet
3451 3819 3634 3874 anima

2057 3919 2176 3958 mea
2206 3904 2258 3958 in
2301 3905 2552 3958 Domino.
2599 3903 2779 3956 Induit
2823 3905 2970 3958 enim
3009 3919 3092 3958 me
3121 3907 3450 3962 veStimento
3480 3907 3636 3962 salu-

2057 3998 2145 4062 tis,
2181 4008 2236 4051 et
2268 3996 2450 4052 tunica
2483 3996 2684 4052 Itetitia:
2705 3997 3067 4054 circumdedit
3099 4015 3206 4054 me.
3236 3998 3402 4066 Quasi
3434 4015 3635 4070 sponso

2054 4104 2314 4144 coronam
2347 4089 2738 4158 circumposuit
2765 4093 2918 4156 mihi,
2971 4101 3026 4145 et
3065 4092 3218 4160 quasi
3253 4105 3514 4161 sponsam
3543 4109 3636 4144 or-

2056 4183 2211 4236 navit
2242 4196 2329 4236 me
2367 4182 2620 4236 muliebri
2656 4185 2879 4238 mundo.
2936 4183 3003 4238 Et
3036 4186 3176 4238 sicut
3219 4194 3360 4238 terra
3387 4199 3506 4253 qua:
3536 4199 3633 4236 at.‘

2051 4283 2144 4342 get
2171 4273 2364 4328 ﬂorem
2400 4290 2581 4339 suum,
2615 4285 2672 4330 et
2695 4278 2838 4332 sicut
2865 4279 3058 4332 hortus
3106 4279 3380 4348 germinat
3422 4277 3629 4332 semina

2051 4383 2188 4434 sua;
2225 4367 2304 4422 sic
2337 4365 2601 4421 Dominus
2631 4369 2962 4438 germinabit
2998 4365 3268 4434 justitiam
3320 4377 3375 4420 et
3415 4373 3636 4456 exulta-2

2055 4459 2252 4513 tionem
2279 4473 2462 4513 coram
2491 4459 2757 4513 universis
2789 4459 3038 4526 gentibus
3069 4459 3136 4513 ".
3201 4477 3220 4510 ι
3260 4456 3328 4512 Ει
3362 4460 3475 4514 haec
3510 4461 3632 4529 qui.

2051 4551 2172 4604 dem
2221 4564 2424 4606 canens
2474 4551 2561 4604 illa
2613 4551 2897 4620 tripudiat.
2939 4551 3152 4617 Quibus
3204 4561 3386 4604 autem
3441 4552 3630 4606 verbis

2049 4655 2284 4712 sponsus
2337 4641 2602 4708 cmlestis,
2633 4643 2752 4714 ipse
2794 4641 3004 4696 scilicet
3057 4641 3218 4697 Jesus
3246 4642 3502 4698 Christus
3535 4643 3626 4712 qui

2047 4743 2132 4788 est
2161 4732 2396 4788 Verbum
2434 4733 2636 4798 Patris,
2696 4735 2769 4788 illi
2815 4733 3057 4789 vicissim
3106 4737 3450 4804 respondeat,
3501 4737 3624 4791 audi

2051 4823 2338 4880 Dominum
2371 4827 2642 4883 dicentem
2666 4845 2686 4881 τ
2723 4844 2743 4878 ι
2773 4825 2894 4882 Noli
2932 4827 3128 4882 timere
3173 4842 3242 4882 eo
3293 4828 3436 4898 quod
3468 4828 3624 4898 igno-

2052 4915 2215 4969 minia
2271 4916 2463 4974 all'ecta
2523 4916 2694 4972 fueris
2748 4937 2762 4973 :
2835 4932 2936 4972 nec
2985 4919 3290 4974 reverearis
3355 4935 3423 4973 eo
3478 4924 3624 4986 quod

2048 5007 2338 5075 upprohria
2415 5023 2577 5077 passa
2654 5009 2754 5065 sis.
2818 5007 3090 5076 Quoniam
3135 5020 3412 5081 perpetua:
3477 5011 3623 5082 igno-

2048 5098 2228 5152 minia:
2285 5099 2648 5167 Oblivisceris,
2710 5109 2766 5156 et
2824 5101 3014 5170 probri
3055 5101 3338 5156 viduitatis
3383 5111 3487 5156 tua:
3517 5119 3620 5157 nov

2047 5191 2446 5260 recordaberis,
2497 5208 2602 5246 nun
2649 5201 2710 5248 ut
2765 5193 3049 5248 mulierem
3101 5193 3374 5249 desertam
3415 5205 3472 5248 et
3527 5209 3611 5262 ρει·

2043 5283 2370 5340 sillanimem
2414 5285 2628 5340 vocavit
2680 5294 2734 5340 te
2788 5285 3071 5351 Dominus,
3127 5300 3301 5353 neque
3385 5293 3445 5339 ut
3502 5300 3602 5337 mu.

2047 5375 2233 5429 lierem
2301 5377 2374 5432 ab
2463 5375 2832 5434 adulescentia
2913 5377 3044 5434 odio
3133 5377 3399 5433 habitam.
3474 5373 3623 5428 Dixit

2039 5628 2262 5684 Thetim.
2294 5642 2416 5695 pag.
2449 5627 2518 5684 l0
2553 5629 2806 5684 editionis
2839 5623 3298 5694 Antherpiensis,
3321 5631 3385 5695 _et
3407 5633 3592 5688 νυμφο

2037 5691 2391 5767 στολισθῆναῖ
2415 5701 2559 5766 apud
2584 5701 2854 5764 eumdem,
2895 5715 2948 5766 p.
2976 5691 3084 5756 4οξ
3133 5691 3402 5747 liiusculus
3434 5701 3616 5743 tanien

2041 5787 2060 5822 ι
2089 5770 2526 5837 paranvmpbum
2570 5787 2588 5821 ι
2622 5769 2802 5834 vertit,
2833 5781 2944 5823 non
2977 5767 3139 5823 male.
