4210 6390
564 300 665 357 871

567 423 710 477 Deus
754 428 943 477 tuus:
1001 417 1213 475 Modico
1280 428 1526 489 tempore
1591 419 1854 491 dereliqui
1922 431 2015 487 te;

564 513 728 585 383
769 514 823 567 in
857 513 1235 568 misericordia
1268 526 1463 581 magna
1506 513 1809 570 miserebor
1840 513 1941 567 tui.
1980 513 2036 568 lu
2066 514 2148 567 ira

569 605 670 658 levi
697 605 868 658 averti
900 603 1097 658 faciem
1117 618 1294 657 meam
1337 603 1437 658 abs
1474 614 1568 670 te;
1602 613 1660 658 et
1691 608 1744 658 in
1777 605 2147 660 misericordia

557 709 766 761 mterua
797 698 1095 753 miserebor
1119 697 1192 750 tui
1218 737 1233 760 ,
1252 697 1390 751 dixit
1414 698 1745 767 Redemptor
1772 698 2040 755 Dominus
2058 700 2145 757 "z

564 788 835 858 Exsurge,
890 802 1142 854 exsurge,
1206 802 1327 857 qua:
1367 788 1553 844 bibisti
1620 791 1686 844 de
1723 804 1884 844 manu
1933 790 2148 846 Domini

566 883 795 936 calicem
832 880 1037 935 furoris
1072 880 1214 951 ejus.
1248 881 1485 938 Calicem
1540 883 1683 938 enim
1738 884 1931 950 ruinae,
1983 900 2151 955 pocu-

565 974 681 1028 lum
716 974 923 1030 furoris
959 976 1063 1030 mei
1110 975 1323 1030 ebibisti
1357 984 1523 1047 atque
1565 977 1899 1032 exbausisti:
1942 986 1998 1032 et
2036 993 2146 1031 non

565 1076 688 1121 erat
714 1068 811 1136 qui
840 1067 1220 1122 consolaretur
1249 1077 1300 1122 te
1329 1068 1383 1121 in
1415 1069 1671 1123 omnibus
1694 1068 1826 1125 'filiis
1868 1070 1976 1124 tuis
2011 1085 2148 1139 quos

565 1158 833 1229 genuisti:
871 1174 973 1214 nec
995 1169 1116 1214 erat
1140 1159 1231 1229 qui
1259 1160 1695 1229 apprchenderet
1723 1177 1943 1215 manum
1976 1171 2144 1216 tuam.

565 1254 708 1309 Ecce
756 1255 854 1309 tuli
900 1256 966 1310 de
1011 1271 1175 1309 manu
1236 1264 1327 1311 tua
1374 1256 1601 1312 calicem
1648 1258 1840 1322 ruina',
1889 1258 2144 1326 poculum

565 1345 772 1403 furoris
803 1349 932 1403 mei.
972 1347 1080 1404 Nec
1113 1349 1337 1420 adjicies
1378 1349 1520 1404 ultra
1559 1359 1619 1403 ut
1666 1350 1820 1405 bibas
1849 1350 2040 1404 illum:
2080 1351 2146 1404 Et

564 1439 708 1493 dabo
748 1440 896 1494 illum
947 1440 999 1493 in
1049 1456 1244 1495 manus
1270 1456 1457 1496 eorum
1495 1443 1586 1511 qui
1628 1451 1681 1497 te
1710 1442 1971 1512 iniustitia
2017 1441 2145 1497 affe-

564 1540 762 1586 cerunt
801 1548 867 1586 ac
912 1532 1320 1601 depresserunt.
1364 1533 1638 1603 Exsurge,
1683 1549 1937 1604 exsurge,
1982 1534 2147 1589 imlue

563 1623 971 1690 fortitudiuem,
1022 1624 1188 1678 indue
1233 1624 1456 1692 gloriam
1492 1634 1658 1678 tuam.
1706 1624 1915 1680 Excute
1956 1625 2146 1695 pulve-

563 1731 681 1770 rem
722 1730 777 1770 et
817 1731 996 1786 surge.
1046 1716 1220 1779 Sede,
1277 1717 1424 1771 solve
1475 1716 1759 1771 vinculum
1800 1718 1922 1771 colli
1968 1718 2045 1772 tui
2072 1718 2140 1773 ".

561 1810 769 1866 Attolle
798 1812 1224 1879 circumquaque
1252 1811 1441 1866 oculos
1485 1822 1628 1876 tuos,
1659 1821 1715 1866 et
1743 1812 1863 1866 vide
1904 1827 2142 1880 congre-

563 1909 721 1971 gatos
768 1902 909 1955 lilios
961 1911 1100 1957 tuos.
1147 1901 1287 1956 Ecce
1335 1903 1651 1971 congregati
1706 1912 1832 1957 sunt
1873 1913 1931 1957 et
1977 1918 2134 1959 vene-

561 2004 693 2048 runt
728 1993 795 2047 ad
836 2005 908 2048 te.
944 1992 1085 2048 Vivo
1119 2008 1240 2064 ego,
1283 1994 1416 2048 dicit
1451 1993 1752 2049 Dominus:
1797 1996 1922 2063 quia
1968 1996 2146 2050 omni-

563 2090 667 2141 bus
705 2085 793 2140 bis
834 2086 982 2140 velut
1014 2097 1339 2141 ornamento
1380 2086 1654 2147 vestieris.
1694 2097 1746 2140 et
1774 2087 2145 2145 circumdabis

564 2178 662 2234 tibi
695 2194 793 2234 eos
834 2179 990 2247 quasi
1040 2188 1303 2234 ornatum
1338 2194 1558 2249 sponsa.
1604 2179 1745 2247 Quia
1789 2181 2005 2236 deserta
2055 2191 2144 2236 tua

561 2281 618 2324 et
663 2286 790 2340 quae
829 2280 1087 2340 corrupta
1116 2281 1273 2325 erant
1304 2286 1367 2325 ac
1411 2271 1687 2341 prolapsa,
1732 2287 1876 2326 nunc
1912 2283 2143 2343 angusta

562 2374 726 2417 erunt
757 2363 954 2417 incolis
980 2365 1125 2432 tuis;
1171 2374 1226 2419 et
1258 2362 1417 2433 longe
1454 2362 1584 2417 ﬁent
1628 2366 1726 2418 abs
1762 2373 1815 2417 te
1847 2364 1938 2432 qui
1982 2365 2147 2418 devo-

560 2457 765 2513 l'ahant
795 2467 867 2511 te.
915 2458 1106 2511 Dicent
1145 2458 1291 2512 enim
1322 2456 1378 2510 iu
1415 2471 1577 2511 aures
1615 2463 1735 2511 tuas
1770 2457 1865 2511 ﬁlii
1898 2457 1971 2511 tui
2007 2472 2143 2527 quos

562 2548 892 2616 perdidisti:
923 2551 1201 2618 Angustus
1248 2557 1331 2603 est
1371 2548 1503 2602 mihi
1557 2549 1743 2616 locus;
1792 2550 1958 2605 facito
2010 2552 2141 2605 mibi

564 2639 743 2695 locum
778 2649 839 2694 ut
883 2640 1208 2695 inhabilem.
1258 2641 1325 2696 Et
1371 2641 1517 2696 dices
1560 2641 1616 2696 in
1650 2644 1816 2698 corde
1847 2651 1971 2697 tuo:
2011 2642 2145 2709 Quis

561 2728 699 2787 Istos
747 2730 935 2799 genuit
976 2730 1149 2784 mihi?
1190 2730 1300 2799 Ego
1342 2731 1475 2786 orba
1507 2740 1560 2786 et
1593 2732 1776 2787 vidua.
1823 2732 1932 2788 llos
1967 2746 2146 2790 autem

561 2823 688 2893 quis
729 2822 988 2877 educavit
1027 2822 1200 2875 mibi?
1249 2822 1360 2887 Ego
1401 2823 1659 2878 derelicta
1708 2840 1827 2879 sum
1879 2826 2027 2881 sola:
2078 2825 2142 2882 Hi

562 2928 698 2968 vero
743 2914 970 2968 ubinam
1018 2923 1177 2967 erant
1218 2913 1397 2967 mihi?
1431 2932 1450 2965 ι
1503 2913 1629 2970 [hec
1677 2914 1846 2971 Isaias
1884 2917 2147 2973 vaticina-

563 3013 652 3060 tus
682 3006 856 3061 est":
895 3006 1010 3060 haec
1039 3006 1090 3059 in
1113 3006 1284 3061 sacris
1309 3004 1685 3061 Voluminibus
1701 3007 1768 3061 de
1798 3008 1954 3063 nobis
1978 3009 2148 3063 multo

562 3107 692 3152 ante
724 3099 1040 3167 prrescripta
1080 3107 1256 3153 erant.
1299 3095 1567 3152 Czeterum
1613 3100 1905 3170 oportebat
1943 3111 2002 3153 ut
2044 3103 2143 3156 bo-

1268 297 1552 357 £CSEBH
1586 298 2080 356 CrESARIENSIS
2117 297 2270 359 ΟΜ.
2313 299 2496 358 PARS
2532 300 2575 357 1..
2615 331 2687 345 -
2721 301 3127 360 HISTORICA.

3738 312 3846 367 872

2104 430 2158 475 et
2186 425 2234 482 Α
2260 420 2592 479 ὲδιδάσκετο.
2623 422 2818 494 Θαῦμα
2848 424 2948 495 μὲν
2976 420 3070 478 οὗν
3100 424 3355 496 μέγιστον
3386 425 3547 481 τοῦτο
3572 429 3672 482 καί
3701 428 3847 501 πέρα

2252 514 2434 585 πάσης
2481 514 2829 588 ἐκπλήξεως,
2878 518 3116 588 μάλιστα
3163 522 3278 583 τοῖς
3325 520 3418 574 ἐπὶ
3453 519 3589 592 μόνῃ
3627 524 3695 593 τῇ
3737 523 3847 577 τῶν

2251 608 2453 677 ἔξωθεν
2492 611 2765 684 φαντασίᾳ
2790 612 2882 665 τὸν
2913 612 3040 667 νοῦν
3079 613 3498 685 προσανέχουσι.
3537 614 3846 686 Θαυμάτων

2249 700 2309 754 δὲ
2351 700 2777 775 θαυμασιώτερα
2817 705 2890 759 τά
2929 722 2990 759 τε
3039 704 3354 778 ἀρχέτυπα,
3399 707 3494 761 καὶ
3535 706 3746 762 τούτων
3777 709 3848 763 τὶι

2251 795 2587 865 πρωτότυπα
2612 794 2780 867 νοητά
2808 797 2903 849 καὶ
2931 796 3211 867 θεοπρεπῆ
3252 798 3708 870 παραδείγματα,
3742 802 3847 874 τῆς

2250 885 2435 939 ἐνθέου
2479 887 2624 957 φημὶ
2669 887 2766 940 καὶ
2803 886 3030 960 λογικῆς
3057 890 3115 941 ἐν
3143 889 3343 960 ψυχαῖς
3374 892 3664 965 οἰκοδομῆς
3706 894 3844 948 ἀνα-

2249 974 2534 1046 νεώματα’
2569 978 2637 1048 ἢν
2667 976 2831 1041 αὐτὸς
2867 978 2897 1030 ὁ
2924 979 3159 1045 Θεόπαις
3193 984 3314 1035 κατ’
3349 982 3533 1037 εἰκόνα
3556 983 3655 1055 τὴν
3680 985 3847 1050 αὐτὸς

2248 1065 2416 1121 αὐτοῦ
2459 1066 2873 1140 δημιουργήσας
2894 1109 2910 1133 ,
2946 1070 3120 1141 πάντη
3155 1087 3216 1123 τε
3255 1070 3350 1125 καὶ
3379 1072 3521 1126 κατὰ
3564 1073 3746 1127 πάντα
3781 1074 3846 1129 τδ

2248 1154 2548 1209 θεοείκελον
2573 1156 2779 1230 δεδωρη
2789 1159 2967 1228 μένος,
3007 1159 3285 1232 ἄφθαρτον
3316 1161 3498 1231 φύσιν,
3526 1162 3842 1235 ἀσώματον,

2247 1247 2493 1319 λογικὴν,
2529 1249 2710 1321 πάσης
2743 1249 2979 1318 γεώδους
3015 1250 3148 1324 ὕλης
3174 1251 3481 1326 ἀλλοτρίαν,
3513 1254 3846 1329 αὐτονοεράν

2244 1343 2438 1397 οὐσίαν
2465 1344 2576 1415 (ὂῖ)
2598 1384 2614 1409 ,
2646 1344 2795 1410 ἅπαξ
2819 1345 2880 1399 τὸ
2914 1346 3130 1418 πρῶτον
3160 1348 3225 1401 ἐκ
3255 1347 3350 1401 τοῦ
3386 1348 3462 1420 μὴ
3492 1348 3646 1412 ὄντος
3674 1352 3750 1413 εἰς
3780 1351 3844 1404 τὸ

2246 1431 2387 1490 εἶναι
2426 1437 2857 1508 συστησάμενος,
2883 1438 3101 1511 νύμφην
3136 1440 3299 1509 ἁγίαν
3319 1479 3335 1505 ,
3365 1442 3460 1493 καὶ
3485 1440 3622 1495 νεὼν
3653 1442 3844 1495 πανίε-

2248 1545 2370 1601 ρον,
2418 1528 2595 1599 ἐαυτῷ
2628 1546 2688 1582 τε
2723 1530 2818 1582 καὶ
2858 1529 2937 1601 τῷ
2964 1531 3138 1601 Πατρί
3183 1533 3606 1603 κατειργάσατο.
3645 1536 3711 1587 Ὅ
3747 1536 3843 1589 καὶ

2247 1618 2438 1688 σαφῶς
2461 1620 2623 1684 αὐτὸς
2645 1620 2922 1692 ὁμολογῶν
2946 1623 3194 1691 ἐκφαίνει
3212 1664 3228 1687 ,
3253 1623 3430 1693 λέγων
3454 1640 3469 1654 ·
3502 1644 3522 1677 ι
3546 1625 3844 1698 Ἐνοικήσω

2248 1712 2306 1765 ὲν
2336 1712 2521 1777 αὐτοῖς
2544 1714 2639 1767 καὶ
2661 1716 3120 1787 ὲμπεριπατήσω,
3147 1716 3241 1769 καὶ
3263 1715 3458 1788 ἔσομαι
3483 1717 3664 1771 αὐτῶν
3685 1718 3840 1785 Θεὸς,

2253 1802 2350 1856 καὶ
2382 1803 2538 1857 αὐτοὶ
2582 1803 2796 1857 ἔσονταί
2842 1821 2933 1874 μοι
2978 1803 3124 1867 λαός.
3153 1823 3172 1855 ι
3225 1805 3338 1859 Καὶ
3382 1805 3607 1878 τοιαύτη
3656 1808 3754 1877 μὲν
3801 1809 3837 1881 ἡ

2252 1893 2435 1949 τελεία
2466 1896 2561 1949 καὶ
2590 1895 2977 1968 κεκαθαρμένη
3012 1896 3158 1968 ψυχὴ
3177 1936 3192 1959 ,
3242 1897 3480 1969 ἀρχῆθεν
3512 1897 3657 1952 οὕτω
3683 1915 3843 1968 γεγε·

2252 1987 2459 2059 νημένη
2486 2027 2501 2052 ,
2558 1988 2646 2042 οἶα
2696 1989 2788 2042 τὸν
2838 1988 3089 2062 οὐράνιον
3136 1990 3293 2058 λόγον
3343 1990 3839 2063 ἀγαλματοφορεϊν.

2266 2080 2425 2134 Ἀλλά
2461 2079 2572 2152 γάρ
2603 2080 2782 2152 φθόνῳ
2809 2080 2905 2135 καὶ
2940 2080 3088 2154 ζήλῳ
3128 2082 3223 2135 τοῦ
3255 2082 3618 2154 φιλοπονήρου
3645 2084 3840 2155 δαίμο-

2252 2193 2362 2241 νος,
2393 2174 2695 2248 φιλοπαθὴς
2715 2176 2811 2229 καί
2833 2174 3194 2246 φιλοπόνηρος
3228 2174 3287 2241 ἐξ
3312 2175 3659 2242 αὐτεξουσὶου
3689 2176 3842 2248 αἰρέ-

2255 2284 2392 2330 σεως
2427 2266 2692 2338 γενομένη
2714 2306 2728 2329 ,
2758 2266 3292 2337 ὑπαναχωρήσαντος
3335 2266 3506 2336 αὐτῆς
3535 2264 3630 2318 τοῦ
3658 2265 3837 2329 Θείου,

2252 2359 2332 2422 ὡς
2355 2358 2421 2413 ἂν
2450 2357 2655 2430 ἔρημος
2678 2357 3006 2429 προστάτου,
3035 2355 3304 2419 εὐάλωτος
3325 2356 3418 2410 καὶ
3443 2357 3524 2420 εἰς
3545 2356 3841 2427 ἐπιϐουλὴν

2253 2449 2484 2522 εὐχερὴς
2500 2453 2610 2514 τοῖς
2628 2451 2693 2503 ὲκ
2715 2448 2926 2520 μακροῦ
2948 2447 3231 2516 διαφθονου
3238 2446 3418 2518 μένοις
3435 2446 3839 2518 ἀπελήλεγκται

2255 2542 2387 2613 (55),
2400 2545 2521 2605 ταῖς
2539 2559 2599 2594 τε
2618 2541 2726 2594 τῶν
2744 2540 2990 2610 ἀοράτων
3006 2538 3098 2610 ὲχθ
3107 2539 3215 2612 ρῶν
3235 2539 3328 2593 καὶ
3343 2539 3549 2611 νοητῶν
3564 2539 3841 2611 πολεμίων

2251 2632 2529 2686 ἑλεπόλεσι
2559 2629 2655 2685 καὶ
2699 2633 2969 2702 μηχαναῖς
3001 2629 3426 2699 καταϐληθεῖσα.
3456 2629 3656 2700 πτῶμα
3690 2629 3838 2697 seat.

2256 2742 2369 2778 σιον
2402 2724 2858 2785 καταπέπτωκεν,
2889 2724 2969 2787 εἰς
2996 2722 3120 2776 ὅσον
3158 2722 3267 2775 οὐδ’
3291 2722 3384 2774 ἐπὶ
3416 2721 3549 2793 λίθῳ
3571 2721 3721 2775 λίθον
3736 2722 3840 2794 τῆς

2255 2817 2457 2889 ἀρετῆς
2482 2816 2694 2870 ἑστῶτα
2718 2816 2776 2868 ἐν
2803 2816 2939 2885 αὐτῇ
2967 2814 3260 2885 διαμεῖναι,
3295 2813 3424 2886 ὃλην
3443 2813 3501 2868 δὲ
3530 2812 3703 2867 διόλου
3733 2829 3838 2884 χα-

2257 2911 2358 2982 μαὶ
2389 2910 2602 2965 κεῖσθαι
2652 2909 2874 2982 νεκρὰν,
2904 2908 3012 2961 τῶν
3034 2908 3162 2980 περὶ
3184 2905 3318 2961 Θεοῦ
3349 2905 3594 2976 φυσικῶν
3616 2905 3839 2960 ἐννοιῶν

2255 3002 2488 3073 πάμπαν
2506 3003 2783 3072 άπεστερη
2793 2999 2981 3070 μένην.
3004 2998 3364 3052 Πεπτωκυῖαν
3388 2996 3454 3068 δὴ
3478 2996 3680 3067 ταύτην
3703 2995 3839 3051 sub

2253 3111 2352 3166 νην
2380 3093 2478 3166 τὴν
2511 3095 2632 3148 κατ’
2663 3092 2845 3147 εἰκόνα
2869 3090 3004 3145 Θεοῦ
3042 3090 3600 3156 κατασκευασθεῖσαν,
3634 3091 3833 3163 ὲλυμή·

562 3206 688 3246 rum
737 3192 1030 3246 verborum
1082 3191 1370 3245 veritatem
1425 3191 1590 3246 rebus
1649 3193 1780 3262 ipsis
1822 3193 2144 3262 completam

2249 3203 2378 3241 νατο
2404 3187 2504 3258 οὐχ
2529 3179 2595 3251 ὗς
2621 3178 2775 3249 οὗτος
2799 3187 2827 3239 ὁ
2855 3186 2919 3237 ὲκ
2945 3183 3152 3256 δρυμοῦ
3182 3182 3277 3236 τοῦ
3304 3184 3432 3255 παρ’
3454 3184 3586 3254 ἡμῖν
3613 3183 3835 3255 ὁρατοῦ,

563 3282 784 3335 tandem
818 3282 1217 3350 acciperemus.
1249 3279 1521 3346 Quoniam
1550 3280 1717 3350 igitur
1744 3297 1976 3352 sponsus
2006 3283 2146 3338 Ver-

561 3374 692 3429 lunn
727 3374 821 3428 Dei
863 3376 977 3428 bzec
1001 3386 1224 3443 sponsa:
1253 3388 1388 3437 sure,
1416 3384 1781 3431 sacrosanctae
1807 3376 2015 3431 scilicet
2045 3377 2149 3432 Ec-

562 3466 768 3529 clesiaa,
817 3466 1143 3536 prolocutus
1184 3469 1384 3532 fuerat,
1422 3476 1570 3520 recte
1611 3478 1779 3536 atque
1824 3468 2014 3523 ordine
2046 3483 2147 3523 no-

562 3566 678 3612 ster
726 3558 829 3612 iste
885 3572 1098 3628 sponsa:
1142 3557 1414 3623 vestitor,
1460 3557 1603 3612 hanc
1653 3559 1921 3612 desertam
1960 3567 2014 3613 et
2051 3574 2147 3612 va-

561 3663 750 3713 cnam.
785 3659 841 3703 ct
880 3657 1136 3719 tanquam
1174 3650 1411 3705 cadaver
1446 3647 1595 3703 humi
1634 3650 1931 3717 iacentem,
1970 3651 2146 3706 omni-

561 3756 673 3810 que
710 3740 950 3795 humana
984 3754 1080 3807 spe
1112 3739 1455 3805 destitutam,
1488 3741 1869 3795 communibus
1901 3742 2143 3796 omnium

561 3841 809 3886 vestrum
869 3830 1157 3900 precibus,
1210 3846 1408 3886 manus
1458 3832 1506 3887 ei
1562 3841 1774 3888 vestras
1819 3832 2142 3903 porrigens,

562 3921 662 3976 Dei
696 3922 898 3975 summi
948 3922 1189 3974 omnium
1224 3922 1386 3991 Regis
1415 3932 1574 3989 nutu,
1616 3930 1675 3977 et
1720 3924 1970 3991 prmsenti
2018 3922 2143 3978 Jesu

560 4012 768 4068 Christi
802 4013 1050 4081 potentia
1099 4013 1277 4067 erexit
1322 4022 1487 4083 atque
1518 4015 1797 4069 excitavit.
1840 4013 2143 4070 Excitatam

560 4119 697 4159 vero
729 4104 796 4158 ad
843 4118 969 4157 eum
1003 4106 1222 4158 modum
1256 4105 1542 4160 constituit
1570 4120 1636 4160 ac
1667 4106 1955 4176 disposuit,
1982 4120 2143 4175 quem

554 4212 630 4251 ex
682 4212 963 4251 sacrorum
1018 4197 1368 4252 oraculorum
1432 4197 1804 4268 descriptione
1855 4198 2142 4253 didicerat.

556 4288 662 4342 Est
710 4286 926 4356 quidem
972 4286 1077 4341 hoc
1126 4302 1261 4356 opus
1301 4286 1649 4356 miraculum,
1688 4299 1742 4342 et
1778 4288 1925 4342 omni
1973 4287 2147 4342 admi-

556 4380 778 4435 ratione
815 4378 1011 4446 majus,
1059 4378 1125 4433 iis
1153 4379 1459 4448 praesertim
1490 4380 1579 4449 qui
1624 4379 1691 4433 ad
1733 4381 1906 4434 solam
1958 4394 2143 4435 rerqu

2247 3276 2386 3331 άλλά
2418 3293 2503 3340 τις
2532 3275 2855 3347 φθοροποιὸς
2879 3275 3119 3345 δαίμων,
3164 3272 3260 3326 καὶ
3299 3272 3465 3344 θῆρες
3494 3273 3676 3346 ἄγριοι
3714 3290 3837 3345 νοη-

2246 3369 2329 3422 τοί
2355 3384 2369 3400 °
2414 3368 2463 3422 οἳ
2502 3368 2598 3422 καὶ
2630 3369 2744 3432 τοῖς
2785 3366 3014 3421 πάθεσιν
3052 3360 3141 3419 οἷα
3183 3366 3705 3437 πεπυρακτωμένοις
3734 3366 3838 3437 τῆς

2249 3460 2399 3529 σφῶν
2428 3460 2626 3524 κακίας
2655 3459 2867 3531 βέλεσιν
2890 3458 3002 3527 (54)
3030 3458 3199 3529 αὐτὴν
3225 3457 3617 3529 ὲξυφάψαντες,
3644 3459 3837 3514 ἐνεπύ-

2252 3569 2407 3624 ρισαν
2449 3554 2508 3606 ὲν
2552 3551 2687 3623 πυρί
2718 3551 2781 3605 τὸ
2806 3551 2950 3605 θεῖον
2977 3550 3146 3614 ὕντως
3173 3551 3528 3624 ἀγιαστήριον
3554 3551 3648 3605 τοῦ
3675 3552 3836 3617 Θεοῦ,

2247 3647 2329 3708 εἰς
2355 3644 2452 3716 τὴν
2475 3645 2580 3715 γῆν
2605 3661 2665 3697 τε
2691 3643 3035 3715 ὲ6ε6ήλωσαν
3065 3643 3125 3696 τὸ
3153 3644 3418 3714 σκήνωμα
3448 3642 3543 3697 τοῦ
3574 3644 3838 3715 ὀνόματος

2246 3736 2440 3790 αὑτοῦ·
2474 3732 2594 3789 εἶτα
2629 3735 2808 3807 πολλῷ
2835 3735 2914 3807 τῷ
2942 3734 3299 3807 προσχώματι
3341 3735 3442 3805 τῆν
3481 3735 3670 3789 ἀθλίαν
3704 3753 3837 3791 κατα

2247 3828 2567 3901 ορύξαντες,
2592 3829 2672 3893 εἰς
2702 3826 3022 3883 ἀνέλπιστον
3051 3827 3233 3898 πάσης
3259 3827 3623 3901 περιέτρεψαν
3657 3846 3836 3900 σωτη·

2248 3921 2389 3993 ρίας.
2430 3920 2570 3974 Ἀλλ’
2602 3920 2696 3990 ὅγε
2726 3918 2977 3991 κηδεμὼν
3011 3919 3183 3992 αὐτῆς
3214 3921 3384 3991 Λόγος
3403 3960 3418 3985 ,
3460 3922 3489 3975 ὁ
3531 3920 3836 3992 θεοφεγγὴς

2246 4013 2343 4067 καὶ
2373 4013 2661 4084 σωτήριος,
2691 4011 2791 4083 τὴν
2821 4012 2941 4065 κατ’
2976 4011 3135 4079 ἀξίαν
3179 4012 3335 4084 δίκην
3366 4013 3475 4067 τῶν
3501 4014 3835 4087 ἁμαρτημά-

2244 4120 2355 4158 των
2385 4103 2749 4175 ὐποσχοῦσαν,
2785 4099 2941 4168 αὖθις
2973 4103 3289 4177 ὲξυπαρχῆς
3320 4105 3683 4177 ἀνελάμϐανε,
3721 4107 3836 4160 Πα-

2246 4194 2376 4266 τρὸς
2406 4193 2721 4264 παναγάθου
2752 4194 3132 4267 φιλανθρωπίᾳ
3176 4194 3517 4268 πειθόμενος.
3559 4196 3738 4261 Αὑτάς
3765 4197 3833 4271 δὴ

2245 4282 2339 4341 οὗν
2370 4287 2592 4360 πρώτας
2636 4288 2736 4352 τὰς
2770 4287 2879 4341 τῶν
2923 4288 3184 4343 ἀνωτάτω
3217 4288 3612 4359 βασιλευόντων
3652 4290 3833 4361 ψυχὰς

2248 4379 2641 4450 προελόμενος,
2684 4380 2794 4434 τῶν
2836 4381 2934 4451 μὲν
2971 4380 3248 4435 δυσσεϐῶν
3274 4384 3370 4437 καί⁵
3401 4383 3658 4455 ὀλεθρίων
3692 4384 3834 4438 πάν-

556 4472 893 4527 exteriorum
942 4471 1180 4540 speciem
1217 4471 1525 4525 attendunt.
1569 4469 1835 4527 Omnibus
1873 4486 2004 4526 vero
2034 4471 2141 4525 mi-

2247 4485 2353 4523 των
2378 4509 2393 4534 ,
2425 4469 2606 4523 αὐτῶν
2634 4486 2693 4523 τε
2725 4469 2834 4523 τῶν
2864 4470 3051 4524 δεινῶν
3087 4471 3182 4525 καὶ
3215 4471 3485 4543 θεομισῶν
3529 4473 3830 4545 τυράννων,

563 4565 767 4620 raculis
806 4563 1138 4618 mirabiliora
1175 4562 1343 4636 384
1385 4574 1511 4619 sunt
1554 4565 1887 4635 archetypa,
1925 4573 1980 4619 et
2020 4564 2140 4634 pri-

2247 4561 2347 4632 τὴν
2371 4562 2695 4634 οἰκουμένην
2727 4562 2943 4647 άπασαν
2971 4563 3038 4615 δι’
3063 4563 3242 4617 αὐτῶν
3270 4563 3380 4618 τῶν
3402 4563 3832 4635 θεοφιλεστάτων

564 4659 765 4711 mitiva:
809 4671 996 4711 eorum
1047 4656 1351 4727 imagines,
1393 4656 1662 4728 spiritalia
1711 4655 1931 4726 Deoque
1978 4656 2141 4726 digna

2249 4653 2589 4726 ὲκαθήρατο,
2633 4650 2752 4707 εἶτα
2795 4654 2851 4709 δὲ
2897 4657 3023 4720 τοὺς
3066 4654 3217 4728 αὐτῷ
3258 4655 3565 4729 γνωρίμους
3605 4656 3829 4730 ἄνδρας,

633 4796 680 4827 ’³
715 4795 819 4850 lsa.
852 4811 965 4859 uv,
1003 4794 1117 4853 4-8.
1194 4796 1241 4831 ⁸⁸
1271 4795 1376 4851 lsa.
1415 4813 1489 4863 LI,
1526 4796 1734 4868 17-23;
1760 4814 1870 4866 LII,
1911 4799 2030 4854 1-2.
2099 4799 2145 4832 ⁹¹

2246 4813 2285 4853 ι.
2312 4813 2461 4861 χιιι,
2490 4796 2677 4855 18-21.

636 4927 1163 5008 (52)“Αῠτονοερὰν
1188 4932 1428 5008 οὐσίαν.
1462 4931 1557 4988 Sic
1580 4932 1813 4987 animam
1846 4933 2139 5008 humanam

2248 4938 2454 4992 verbis.
2500 4937 2889 5008 Potestenim
2935 4938 3387 5008 quemadmodum
3442 4939 3830 4995 intellectualis

569 5008 724 5077 vocat
752 4997 1214 5077 Eusebiumquod
1252 5005 1452 5077 si_t_per
1477 5013 1631 5077 se_et
1658 5014 1851 5077 natura
1906 5019 2002 5059 sua
2055 5006 2142 5058 iu-
2250 5009 2463 5062 animus
2491 5007 2556 5060 ad
2593 4997 2967 5077 iutelligibilia'
2985 5023 3083 5064 sua
3116 5010 3342 5063 videnda
3377 5025 3408 5064 a
3440 5025 3603 5065 sensu
3632 5011 3827 5065 admo-

568 5068 832 5146 telligeus.
896 5068 1369 5146 Sic_phi_losopbi'
1415 5073 1640 5146 vospdzq_
1679 5074 1869 5146 οὐσίας
1935 5083 2141 5146 vocant

2248 5088 2431 5137 netur.
2456 5088 2564 5131 CIC.

570 5139 1236 5219 substantias“spiritales,
1263 5139 1399 5211 quas
1432 5139 2017 5219 vuigo‘iutelligentias
2045 5160 2140 5219 vo-

2318 5148 3016 5219 (35)__Ata_<;aorovyéroc¢
3075 5146 3540 5219 ἀπελήλεγκται.
3609 5149 3702 5203 Sic
3768 5150 3823 5203 iu

570 5223 774 5261 camus.
805 5212 874 5261 At
910 5210 1438 5290 Cb‘ristophorsonus
1464 5210 1657 5290 νοέράν
1724 5210 1865 5290 idem
1931 5215 2140 5290 putavit
2245 5210 2967 5290 codd.'Medic:eo“et'Maz.
2993 5210 3267 5273 scribitur
3304 5210 3401 5288 pro
3435 5220 3581 5290 vulg.
3621 5219 3824 5290 ἀπολέ-

570 5292 787 5356 esse_ac
844 5281 1096 5356 vo_qe+,v,_
1130 5284 1278 5350 gravi
1322 5298 1566 5356 errore.“
1603 5282 1875 5356 Sicenim
1933 5281 2136 5356 vertit;
2245 5287 2482 5344 λειπται.
2519 5289 2670 5353 Quod
2704 5288 2840 5342 Rob.
2897 5289 3207 5356 Stephanus
3247 5281 3627 5356 ad'uOtaveﬁ-it.
3661 5289 3825 5343 Eam-

575 5367 592 5429 ι
622 5349 1146 5429 substantiamsola
1169 5350 2137 5429 meutis__intelligentizecoguitam‘ei
2239 5361 2359 5429 dem
2394 5349 2610 5427 quoque
2647 5360 2976 5429 scripturam
3000 5349 3187 5413 'habel
3214 5363 3390 5413 codex
3439 5354 3576 5413 l-‘uk.
3608 5370 3663 5414 et
3718 5360 3823 5414 sa-

570 5417 1038 5495 tribueusndtqui
1063 5417 1630 5495 magnumdiscrimén
1662 5417 2136 5495 οεςινιιιιὲιονοητόν,
2238 5428 2333 5481 vil.

654 5489 1228 5568 esthiutelligihile,et
1249 5491 1603 5568 vospév,quod
1633 5502 1714 5568 est
1747 5489 2133 5568 intellectuale.

2246 5567 2249 5568 ,
2307 5497 3073 5568 (ὅθηεπυρακτωμένοιςη.
3095 5497 3370 5563 βέλεσιν.
3397 5498 3649 5567 lutelligit
3678 5497 3822 5553 mal-

569 5558 995 5638 Natu‘tjbimrera
1049 5560 1200 5638 verbi
1233 5558 1430 5629 gratia,
1470 5573 1532 5638 et_
1556 5563 1863 5638 huiusmodi
1923 5563 2137 5617 intellc-
2239 5558 2428 5632 leolos,
2461 5580 2515 5621 et
2543 5558 2850 5637 hujnsuioili
2908 5558 3242 5624 incendiaria
3299 5571 3425 5635 tela,
3465 5579 3524 5624 ut
3572 5558 3825 5638 loquitur

567 5638 686 5702 ctus
715 5627 988 5696 ﬁgmenta,
1025 5629 1206 5702 νοητά
1237 5627 1401 5702 sunt,
1439 5634 1532 5686 sed
1561 5627 1724 5702 νοερὰ
1774 5648 2134 5700 nequaquam.
2236 5627 2424 5691 Amm.
2464 5627 2834 5693 Marccllintts.
2865 5638 3067 5693 Alludit
3108 5649 3286 5693 autem
3343 5627 3619 5695 ad'locum
3651 5627 3820 5693 'Pauli

2238 5706 2493 5779 apostoli,
2536 5708 2625 5776 qui
2656 5710 2874 5763 Satanae
2931 5709 3118 5765 tribuit
3160 5709 3267 5765 tela
3315 5710 3561 5767 ardentia
3615 5710 3819 5779 quibus

2238 5778 2484 5833 homines
2510 5787 2807 5847 Oppugnat.

570 5695 767 5769 Eadem
794 5713 895 5751 vox
926 5695 1169 5754 occurrit
1197 5700 1358 5754 inlra.
1387 5695 1679 5757 Nebridius
1718 5703 1772 5757 in
1811 5695 2039 5769 epistola
2068 5704 2131 5757 71

570 5766 636 5818 ιιιί
687 5766 1046 5833 Augustinum
1117 5781 1407 5839 utrumque
1479 5772 1685 5842 optime
1752 5766 2005 5826 distinxit
2054 5775 2139 5828 bis
