4210 6386
417 327 518 382 87ἕ

1436 335 1785 395 ΠῘΞΤΟΒΙΑΕ
1826 341 2387 400 ΕΩΟΙΑΕΞΙΑΒΤΙΟᾸΞ
2428 345 2556 402 LIB.
2601 346 2667 404 Χ.

3608 364 3678 425 76

414 443 539 506 τοὺς
571 442 736 496 πάλαι
775 443 861 495 διὰ
909 444 1022 512 βίου
1057 445 1386 517 ίερωμένους
1423 452 1571 522 αὐτῷ
1607 454 1719 522 (55)
1763 458 1985 530 κρύϐδηε

2052 462 2476 530 ιεκοηιριετὶιιι
2526 465 2950 526 instaurationes
2999 473 3164 529 divini
3215 477 3358 533 illius
3407 491 3465 534 et
3509 486 3676 541 ratioa

413 548 476 598 γε
515 532 619 602 μὴν
644 532 720 596 ὡς
747 536 803 586 ἐν
833 535 1017 588 κακῶν
1040 537 1267 607 χειμῶνι
1299 540 1433 612 πρὸς
1461 546 1561 614 τῆς
1593 547 1758 599 αὐτοῦ
1790 551 2000 621 σκέπης

413 621 850 693 καλυπτομένους
873 665 888 688 ,
924 626 1005 688 είς
1033 629 1262 698 φανερὸν
1313 631 1556 701 ἀγαγὼν,
1607 637 1700 690 καὶ
1743 643 1864 703 ταῖς
1908 642 2000 694 τοῦ

412 713 731 784 Πνεύματος
776 717 1213 789 μεγαλοδωρεαῖς
1252 721 1489 787 ἐπαξίως
1525 729 1764 797 τιμήσας
1789 747 1802 760 ·
1845 728 2001 796 αὖθις

410 807 506 859 καὶ
549 806 636 859 διὰ
677 806 884 861 τούτων
934 807 1035 872 τὰς
1093 812 1276 883 μικρῷ
1325 815 1561 884 πρόσθεν
1604 819 2000 892 ἐρῤυπωμένας

407 896 616 968 ψυχὰς,
655 898 787 970 ὕλης
816 917 876 953 τε
915 903 1172 967 παντοίας
1215 905 1309 956 καὶ
1351 905 1604 976 χώματος
1635 909 1745 964 τῶν
1785 913 2000 968 ἀσεϐῶν

406 989 798 1059 ἐπιταγμάτων
835 996 1366 1067 συμπεφορημένας,
1407 999 1560 1068 ὅρυξι
1597 1003 1692 1054 καὶ
1728 1003 1999 1070 δικέλλαις

410 1081 535 1143 ταῖς
577 1080 906 1151 πληκτικαῖς
944 1085 1052 1138 τῶν
1099 1086 1438 1159 μαθημάτων
1463 1090 1858 1159 διδασκαλίαις,
1907 1096 1996 1162 ἐξ-

405 1171 646 1242 εκάθηρέ
693 1189 753 1224 τε
801 1175 894 1227 καὶ
924 1175 1208 1249 ἀπέσμηξε
1233 1197 1246 1210 ·
1294 1180 1546 1253 λαμπρόν
1585 1201 1644 1236 τε
1674 1185 1767 1238 καὶ
1801 1186 1995 1260 διαυγῆ

402 1261 503 1331 τῆς
537 1263 754 1315 πάντων
781 1264 809 1316 ὑ
819 1265 934 1335 μῶν
947 1266 1182 1332 διανοίας
1205 1271 1294 1324 τὸν
1321 1271 1495 1342 χῶρον
1526 1275 1991 1348 ἀπειργασμένος,

403 1353 639 1408 ἐνταῦθα
684 1356 870 1411 λοιπὸν
899 1359 978 1429 τῷ
1023 1362 1285 1433 πανσόφῳ
1320 1365 1412 1416 καὶ
1443 1364 1679 1434 θεοφιλεῖ
1717 1368 1855 1438 τῷδε
1890 1387 1994 1422 πα-

406 1447 705 1517 ραδέδωκεν
723 1451 974 1520 ἡγεμόνι’
995 1453 1054 1516 ὃς
1070 1454 1139 1507 τά
1173 1472 1232 1507 τε
1253 1456 1390 1509 ἄλλα
1421 1460 1666 1529 κριτικὸς
1691 1461 1784 1513 καὶ
1815 1463 1995 1516 ἐπιλο-

400 1538 643 1604 γιστικὸς
669 1540 972 1609 τυγχάνων,
1007 1543 1103 1614 τὴν
1135 1543 1406 1616 τῶναύτῴ
1427 1546 1859 1619 κεκληρωμένων
1886 1551 1990 1620 ψυ-

399 1624 511 1694 χῶν
549 1621 607 1678 εὖ
647 1625 1023 1695 διαγινώσκων
1058 1633 1152 1685 καὶ
1194 1634 1533 1706 φυλοκρινῶν
1563 1639 1674 1708 (56)
1723 1639 1986 1705 διάνοιαν,

399 1719 464 1770 ὲκ
492 1716 736 1788 πρώτης,
769 1719 845 1784 ὡς
881 1722 1055 1776 εἰπεῖν
1077 1766 1091 1789 ,
1120 1726 1332 1798 ἡμέρας
1359 1730 1680 1800 οἰκοδομῶν,
1711 1732 1864 1786 οῦπω
1893 1735 1986 1788 καὶ

2107 551 2247 604 nalis
2290 553 2340 604 in
2381 553 2670 609 animabus
2724 561 2930 615 nostris
2975 564 3212 619 azditicii.
3261 567 3414 634 Quod
3453 572 3674 640 quidem

2103 641 2393 694 aedilicium
2451 657 2573 696 cum
2605 645 2716 713 ipse
2754 647 2844 702 Dei
2877 649 3047 707 Filius
3074 656 3140 707 ad
3188 655 3476 727 imaginem
3516 677 3670 717 suam

2103 733 2472 797 condidisset,
2520 746 2688 804 atque
2728 738 2781 792 in
2833 744 3084 799 omnibus
3129 747 3222 802 Dei
3258 751 3670 810 similitudinem

2101 823 2360 890 praeferre
2396 826 2691 894 voluisset,
2727 833 3189 904 incorruptibilem
3237 841 3286 895 ei
3319 854 3568 901 naturam
3615 859 3672 903 et

2101 911 2478 981 incorpoream
2526 927 2690 986 atque
2739 922 2806 974 ab
2855 924 3002 978 omni
3044 934 3257 983 terrena
3313 934 3541 988 materia
3583 945 3672 991 se-

2101 1014 2380 1073 gregatam
2421 1005 2678 1074 largitus,
2709 1011 3026 1067 rationalem
3061 1029 3277 1086 quoque
3308 1021 3668 1080 substantiam

2099 1103 2155 1148 et
2200 1109 2427 1163 prorsus
2461 1099 2880 1156 intellectualem
2915 1104 2964 1158 ei
3009 1106 3286 1176 tribuens;
3317 1122 3664 1184 posteaquam

2099 1186 2267 1238 semel
2292 1202 2358 1240 ex
2387 1188 2555 1241 nihilo
2579 1192 2812 1260 primum
2843 1207 2962 1247 eam
2994 1199 3222 1264 creavit,
3250 1215 3502 1269 sponsam
3534 1221 3665 1260 san-

2097 1284 2239 1330 ctam
2293 1287 2348 1332 et
2391 1294 2608 1334 sacrum
2651 1285 2906 1352 templum
2949 1285 3050 1340 sibi
3100 1303 3164 1343 ac
3201 1290 3350 1346 Patri
3395 1309 3493 1351 suo
3535 1312 3666 1352 con-

2096 1369 2294 1423 stituit.
2345 1371 2508 1440 quue
2555 1373 2786 1442 ipsemet
2824 1377 3026 1432 diserte
3076 1377 3278 1435 fatetur
3314 1384 3398 1439 his
3445 1387 3661 1443 verbis:

2099 1475 2120 1511 ι
2150 1458 2473 1516 lnhabitabo
2505 1462 2558 1516 in
2596 1462 2704 1518 illis
2734 1474 2790 1518 et
2820 1466 3198 1535 inambulabo;
3235 1479 3290 1525 et
3323 1487 3418 1527 ero
3449 1474 3662 1532 illorum

2095 1550 2255 1616 Deus,
2283 1560 2337 1604 et
2359 1552 2458 1622 ipsi
2487 1562 2646 1608 erunt
2673 1555 2900 1624 populus
2927 1573 3079 1615 meus
3108 1562 3176 1616 ⁸⁵.
3210 1581 3230 1614 ι
3271 1562 3349 1618 Ac
3387 1565 3511 1621 talis
3540 1569 3663 1636 qui-

2091 1643 2214 1697 dem
2265 1653 2350 1699 est
2395 1647 2576 1699 anima
2632 1648 2872 1714 perfecta
2928 1661 3091 1721 atque
3133 1665 3383 1724 purgata,
3426 1671 3547 1726 quae
3593 1659 3663 1714 ab

2092 1733 2249 1790 initio
2277 1737 2356 1791 sic
2388 1738 2608 1792 condita
2642 1736 2763 1803 fuit,
2798 1750 2858 1793 ut
2887 1741 3127 1798 caelestis
3153 1747 3341 1815 sponsi
3371 1748 3660 1819 imaginem

397 1809 479 1871 εἰς
523 1809 682 1881 δεῦρο
723 1813 1032 1880 πέπαυται,
1083 1819 1203 1872 τοτὲ
1249 1819 1347 1889 μὲν
1388 1821 1582 1893 διαυγῆ
1617 1823 1711 1878 τὸν
1762 1828 1981 1896 χρυσὸν,

2052 1812 2346 1896 ‘gestaret.
2394 1831 2500 1884 Sed
2543 1841 2832 1901 postquam
2885 1849 2982 1902 per
3032 1805 3294 1892 invidiam
3342 1848 3399 1894 et
3439 1805 3661 1896 acutula-

397 1899 518 1951 τοτὲ
551 1899 606 1952 δὲ
647 1900 868 1972 δόκιμον
898 1906 992 1958 καὶ
1025 1906 1262 1980 καθαρὸν
1289 1911 1350 1962 τὸ
1393 1912 1677 1984 ἀργύριον,
1719 1918 1812 1970 καὶ
1855 1920 1984 1983 τοὺς

392 1991 612 2060 τιμίους
638 1993 732 2045 καὶ
763 1994 1072 2060 πολυτελεῖς
1101 1999 1283 2063 λίθους
1325 2003 1382 2054 ὲν
1420 2004 1586 2057 πᾶσιν
1617 2006 1746 2075 ὑμῖν
1777 2009 1984 2080 ἁρμότ-

393 2099 537 2145 των,
566 2083 642 2145 ώς
677 2084 828 2156 ἱερὰν
873 2083 1030 2151 αὖθις
1074 2092 1166 2143 καὶ
1214 2093 1482 2163 μυστικὴν
1525 2093 1708 2166 ἔργοις
1751 2101 1863 2162 τοῖς
1901 2102 1982 2164 είς

399 2176 540 2243 ὑμᾶς
561 2175 913 2248 ἀποπληροῦν
946 2183 1300 2252 προφητείαν,
1332 2183 1401 2237 δι’
1423 2181 1492 2256 ἦς
1515 2185 1730 2256 εἴρηται
1756 2205 1771 2220 ο
1806 2208 1824 2239 t
1849 2190 1979 2244 Ἰδοὺ

394 2267 505 2336 ἐγὼ
553 2263 826 2339 ἑτοιμάζω
869 2287 950 2322 σοι
995 2271 1240 2343 ἄνθρακα
1279 2273 1372 2327 τὸν
1421 2273 1564 2328 λίθον
1609 2294 1724 2339 σου,
1777 2279 1871 2331 καὶ
1911 2281 1982 2334 τά

394 2361 618 2432 θεμέλιά
648 2381 740 2417 σου
771 2366 1096 2438 σάπφειρον,
1111 2368 1206 2419 καὶ
1235 2367 1333 2431 τὰς
1359 2369 1612 2433 ἐπάλξεις
1635 2387 1729 2423 σου
1760 2370 1974 2440 ἴασπιν,

393 2453 488 2506 καὶ
515 2454 613 2518 τὰς
653 2455 827 2520 πύλας
871 2475 963 2510 σου
1006 2457 1186 2521 λίθους
1219 2460 1556 2530 κρυστάλλου
1581 2501 1595 2525 ,
1635 2462 1730 2515 καὶ
1762 2463 1854 2516 τὸν
1883 2481 1982 2516 πε-

394 2545 603 2616 ρίϐολόν
635 2565 728 2600 σου
756 2548 937 2612 λίθους
968 2549 1276 2615 ἐκλεκτοὺς,
1315 2551 1409 2605 καὶ⁹
1440 2553 1649 2618 πάντας
1675 2555 1804 2618 τοὺς
1830 2555 1979 2620 υἱούς

394 2643 486 2690 σου
523 2639 804 2703 διδακτοὺς
836 2640 994 2706 Θεοῦ,
1040 2642 1133 2694 καὶ
1167 2644 1226 2694 ὲν
1275 2643 1442 2714 πολλῇ
1480 2646 1670 2717 εἰρήνῃ
1712 2646 1781 2700 τὰ
1811 2647 1977 2700 τέκνα

393 2745 486 2780 σου
510 2745 524 2760 ο
571 2730 667 2784 κοιλ⁹
707 2733 762 2784 ἐν
797 2731 1114 2804 δικαιοσύνῃ
1141 2733 1560 2808 οἰκοδομηθήσῃ.
1593 2755 1611 2788 t
1652 2739 1977 2812 Δικαιοσύνη

389 2819 528 2891 δῆτα
569 2823 866 2895 οἰκοδομῶν
923 2827 1040 2877 κατ’
1072 2824 1226 2891 ἀξίαν
1268 2826 1363 2879 τοῦ
1405 2828 1608 2893 παντὸς
1643 2829 1772 2884 λαοῦ
1803 2831 1976 2903 διῄρει

388 2911 488 2974 τὰς
516 2913 792 2986 δυνάμεις,
824 2913 906 2979 οἷς
939 2917 1036 2987 μὲν
1059 2917 1150 2971 τὸν
1178 2915 1376 2984 ἔξωθεν
1411 2921 1576 2975 αὐτὸν
1614 2924 1776 2994 μόνον
1815 2941 1976 2996 περι-

390 3003 643 3074 φράττων
674 3005 977 3078 περίϐολον,
1007 3009 1104 3079 τὴν
1132 3009 1345 3082 ἀπλανῆ
1370 3011 1551 3066 πίστιν
1604 3015 1975 3085 περιτειχίσας

391 3095 580 3166 (πολὺς
607 3097 664 3150 δὲ
689 3099 718 3150 ὀ
741 3100 980 3163 τοιοῦτος
1018 3101 1112 3152 καὶ
1155 3101 1326 3170 μέγας
1345 3103 1501 3168 λεὼς,
1540 3105 1690 3160 οὐδὲν
1728 3111 1974 3178 κρεῖττον

2090 1917 2288 1974 tionem
2328 1923 2644 1992 nequissimi
2677 1926 2958 1992 daemonis,
2988 1929 3274 1996 passiones
3301 1947 3366 1986 ac
3394 1933 3526 1988 vitia
3558 1950 3658 1989 sua

2084 2021 2276 2078 sponte
2311 2015 2512 2069 sectari
2555 2024 2609 2070 et
2644 2017 2900 2073 adamare
2937 2019 3132 2088 coepit;
3168 2021 3280 2077 Deo
3305 2037 3432 2078 mox
3459 2025 3528 2080 ab
3565 2026 3657 2080 illa

2083 2113 2142 2154 se
2186 2103 2544 2170 subducente,
2595 2115 2852 2176 tanquam
2892 2117 3124 2179 patrono
3163 2113 3446 2180 destituta,
3491 2126 3655 2188 captu

2083 2193 2284 2258 facilis,
2313 2205 2370 2249 et
2396 2196 2612 2254 insidiis
2641 2215 2830 2255 eorum
2862 2203 2952 2270 qui
2979 2203 3303 2274 jampridem
3337 2208 3506 2277 ipsius
3537 2211 3656 2280 glo-

2082 2286 2180 2341 riae
2210 2287 2526 2344 invidebant
2563 2292 2827 2346 remansit
2873 2295 3132 2350 obnoxia.
3183 2295 3428 2354 Hostium
3470 2300 3654 2370 itaque

2082 2375 2434 2433 invisibilium
2472 2389 2528 2436 et
2567 2381 2894 2449 spiritalium
2941 2385 3376 2442 adversariorum
3426 2391 3653 2446 testudi-

2081 2469 2243 2524 nibus
2285 2479 2342 2524 et
2391 2471 2660 2524 machinis
2706 2472 3002 2535 subversa,
3049 2474 3186 2528 adeo
3227 2476 3453 2532 immani
3493 2480 3650 2534 ruina

2083 2562 2344 2626 concidit,
2382 2570 2440 2615 ut
2482 2561 2663 2617 nullus
2701 2562 2754 2616 in
2793 2576 2855 2617 ea
2891 2565 3151 2618 virtutum
3185 2565 3321 2636 lapis
3360 2567 3514 2624 alteri
3557 2585 3650 2624 ce-

2079 2655 2292 2708 ha-rens
2341 2653 2506 2722 lapidi
2556 2656 2925 2710 remanserit:
2974 2657 3066 2711 sed
3114 2665 3226 2712 tota
3274 2661 3490 2727 penitus
3523 2676 3651 2731 pro-

2081 2752 2281 2811 strata,-
2314 2745 2516 2814 Deique
2549 2746 2864 2800 notionibus
2890 2761 2918 2799 a
2950 2753 3142 2801 natura
3184 2749 3368 2805 insitis
3397 2751 3647 2821 spoliata,

2079 2834 2236 2904 quasi
2266 2845 2482 2890 mortua
2509 2836 2656 2890 humi
2683 2837 2934 2904 jacuerit.
2964 2837 3268 2907 Collapsam
3290 2855 3454 2910 porro
3475 2841 3647 2910 illam,

2079 2941 2200 2996 qua:
2239 2927 2306 2980 ad
2338 2927 2632 2998 imaginem
2663 2927 2760 2982 Dei
2795 2927 3016 2983 condita
3048 2929 3242 2997 fuerat,
3268 2934 3502 2986 vastavit
3537 2951 3645 2991 non

2079 3031 2212 3087 aper
2265 3016 2356 3071 ille
2389 3017 2456 3072 de
2507 3016 2675 3078 silva,
2720 3015 2937 3085 qualem
2983 3017 3155 3072 oculis
3203 3021 3512 3087 cernimus,
3549 3027 3646 3078 sed

2079 3110 2350 3164 exitiosus
2393 3108 2613 3178 quidam
2645 3108 2879 3172 daemon,
2906 3115 2961 3162 et
2995 3107 3126 3162 ferae
3145 3110 3332 3165 bestia:
3370 3127 3490 3180 qua:
3529 3115 3646 3170 sola

388 3187 575 3260 φέρειν
603 3190 942 3261 οἰκοδόμημα
965 3165 1250 3263 διαρκῶν),
1272 3189 1353 3258 οἷς
1377 3196 1434 3248 δὲ
1462 3165 1564 3261 τὰς
1590 3199 1681 3251 ἐπὶ
1702 3165 1794 3252 τὸν
1825 3197 1971 3254 οἷκον

2078 3165 2437 3266 intelligentia
2468 3199 3024 3267 comprehenduntur.
3059 3203 3189 3264 Quae
3217 3214 3340 3254 cum
3369 3165 3486 3254 eam
3518 3218 3645 3271 pra-

387 3281 695 3352 ἐπιτρέπων
742 3282 1011 3346 εἰσόδους,
1065 3276 1355 3356 θυραυλεῖν
1405 3289 1500 3340 καὶ
1545 3289 1797 3360 ποδηγεῖν
1842 3292 1967 3356 τοὺς

385 3372 649 3436 εἰσιόντας
684 3373 792 3442 (57)
825 3374 1208 3438 κατατάττων,
1251 3378 1351 3430 οὐκ
1392 3380 1694 3445 ἀπεικότως
1733 3383 1828 3436 τοῦ
1861 3382 1968 3440 νεὼ

384 3457 642 3534 πρόπυλα
687 3465 1144 3535 νενομισμένουςο
1196 3466 1389 3531 ἄλλους
1443 3469 1500 3522 δὲ
1554 3471 1790 3542 πρώτοις
1853 3477 1966 3540 τοῖς

383 3549 582 3614 ἔξωθεν
624 3550 766 3620 ἀμφὶ
810 3551 912 3622 τὴν
956 3550 1125 3622 αὐλὴν
1159 3552 1267 3623 (58)
1297 3554 1362 3607 ὲκ
1405 3556 1746 3626 τετραγώνου
1789 3558 1963 3616 κίοσιν

426 3641 472 3674 ⁸⁸
487 3641 660 3697 Levit.
695 3659 846 3708 xxvr,
876 3645 963 3702 12.

453 3737 566 3809 (55)
606 3741 710 3793 Διὰ
751 3740 896 3804 βίου
950 3739 1302 3810 Ιερωμένους
1355 3738 1537 3810 αὐτῷ.
1561 3738 1739 3810 Hunc
1777 3738 1954 3794 locum

381 3808 487 3863 non
520 3808 911 3890 intellexerunt
964 3808 1287 3890 interpretes
1311 3811 1458 3890 ,.qui
1494 3808 1584 3890 διὰ
1617 3809 1734 3878 βίου
1773 3810 1950 3863 inter-

378 3879 577 3949 pretati
629 3888 758 3934 sunt
796 3897 814 3931 ι
852 3894 946 3946 per
1005 3879 1128 3934 vitta
1184 3879 1600 3934 sanctimoniam
1661 3894 1952 3934 consecra-

381 3960 485 4003 tos.
533 3967 552 4000 ι
588 3950 699 4003 Duo
735 3950 948 4003 fuerunt
971 3966 1168 4019 genera
1199 3950 1540 4019 sacerdotum
1586 3966 1602 4003 :
1637 3949 1727 4004 alii
1761 3951 1951 4011 annui,

377 4029 440 4072 ut
465 4021 606 4087 apud
631 4019 845 4074 Judaeos
875 4018 986 4074 sub
1018 4019 1353 4088 principibus
1404 4018 1663 4073 Romanis
1692 4019 1949 4086 obtinuit,

377 4090 592 4157 ctapnd
627 4091 856 4157 gentiles
890 4089 1250 4145 lere-omnes.
1307 4090 1413 4142 Alii
1459 4096 1622 4142 erant
1676 4090 1945 4157 perpetui,

376 4173 514 4226 quos
539 4158 626 4211 διὰ
655 4159 768 4228 βίου
798 4160 1082 4228 vocabant.
1121 4159 1288 4213 Vetus
1317 4157 1601 4226 inscriptio
1633 4160 1780 4228 apud
1801 4159 1945 4211 Gru-

377 4238 550 4307 te_rum
577 4227 858 4307 pag-3L3,
900 4227 1704 4307 Δημῄτριονᾙρμιζσςολείεητς
1752 4227 1948 4296 ἀρχιε-

370 4296 480 4364 ρέα
500 4296 606 4351 τοῦ
639 4296 990 4367 σύμπαντος
1015 4298 1242 4363 ξύστου
1263 4296 1363 4351 διὰ
1381 4298 1549 4367 βίου.
1585 4298 1652 4351 Et
1681 4297 1733 4351 in
1763 4313 1944 4367 vetere

376 4383 601 4437 nummo
633 4366 1083 4436 Perperenorum,
1117 4384 1274 4437 quem
1291 4366 1592 4437 ediditJac.
1621 4366 1942 4437 Sirmondus

376 4436 431 4489 in
469 4436 867 4492 «Antitristano
902 4455 922 4488 ι
959 4436 1221 4504 secundo,
1278 4436 1470 4505 ἱερεὺς
1515 4436 1614 4490 διὰ
1641 4437 1809 4501 βίου.
1849 4436 1942 4491 Sic

375 4506 541 4575 igitur
572 4507 831 4561 Eusebius
861 4508 1169 4562 sacerdotes
1200 4492 1818 4562 Christianorutu'vocat
1869 4506 1944 4558 ίε-
1972 4492 2016 4548 D

376 4575 655 4647 ρωμὲνους
683 4577 771 4630 διὰ
801 4576 951 4646 βίου,
1009 4591 1074 4632 eo
1114 4576 1258 4646 quod
1309 4575 1528 4647 illorum
1579 4575 1940 4647 sacerdotium

376 4645 500 4718 non
525 4661 764 4718 annuum
795 4645 885 4711 Sit,
919 4647 1015 4700 sed
1072 4645 1392 4718 perpetuum
1439 4645 1614 4700 instar
1651 4646 1941 4718 sacerdotii

373 4713 601 4779 Christi,
652 4717 746 4784 qui
806 4713 1194 4770 sacerdos'eSt
1237 4717 1291 4770 in
1329 4725 1595 4769 aeternum
1648 4715 1941 4784 secundum

373 4786 620 4839 ordinem
660 4782 1088 4851 Melchisedech;
1131 4793 1189 4839 ut
1225 4785 1301 4840 ait
1343 4785 1625 4854 propheta.
1652 4782 1811 4838 Certe
1863 4785 1941 4836 is-

435 4855 610 4924 ομένοι
645 4857 952 4909 sacerdotes
974 4865 1100 4909 sunt
1133 4855 1283 4924 apud,
1325 4854 1618 4924 Eusebium
1673 4854 1728 4906 in
1763 4855 1941 4924 capite

371 4922 407 4976 5
439 4922 599 4991 hujus
627 4926 748 4980 libri
777 4925 1076 4994 ἱερουργίαι
1109 4922 1184 4976 τε“
1218 4923 1325 4976 τῶν
1367 4922 1697 4994 ἱερωμένων.
1721 4951 1792 4961 -
1816 4922 1941 4994 -ᾼιὰ

365 4990 537 5058 βίου,
567 4990 885 5064 perpetuum
913 4990 1276 5049 sacerdotium
1317 4990 1450 5047 verti
1475 4990 1515 5064 ,ξ
1553 5001 1783 5064 secutus
1816 4990 1941 5045 Vel-

372 5065 537 5117 leium
569 5062 1040 5132 Pal—erculum,qui
1061 5081 1079 5115 (
1104 5072 1388 5132 perpetuos
1405 5063 1700 5132 arcliontas
1721 5079 1741 5112 ι
1770 5062 1941 5114 inter-

369 5145 615 5200 pretatus
645 5144 748 5197 est,
784 5129 932 5201 quos
963 5129 1320 5187 Athenienses
1353 5133 1620 5186 vocabant
1670 5129 1938 5200 ἄρχοντας

369 5202 456 5256 διὰ
488 5203 624 5273 βίου,
657 5207 722 5259 ad
756 5202 1109 5282 diderentiam
1137 5201 1605 5282 decennaliutn,et
1633 5215 1934 5282 animorum

371 5269 807 5342 magistratuum.
841 5273 932 5327 Sic
959 5274 1013 5325 in
1065 5270 1233 5342 Qestis
1282 5269 1613 5340 purgationis
1656 5269 1934 5342 Caciliant'

368 5340 644 5420 Munatius
671 5343 823 5420 Felix
847 5342 1046 5420 dicitur
1081 5340 1273 5420 {limen
1327 5346 1638 5420 perpetuus,
1686 5348 1743 5392 et
1791 5341 1934 5420 apud

372 5416 733 5489 “Augustinum
767 5414 817 5465 in
861 5412 1002 5489 libro
1027 5427 1092 5489 ιιι
1123 5408 1340 5489 Contra_
1364 5408 1736 5489 (irascentum,
1759 5409 1934 5489 capite

368 5478 572 5537 29:13::
603 5499 710 5552 quo
753 5481 1077 5549 corrigenda
1119 5480 1501 5552 est_epistol_a_
1527 5478 1630 5531 l65
1690 5479 1933 5552 ejusdem

367 5547 676 5619 Augustini,
713 5554 801 5604 tibi
854 5547 1047 5617 legitur
1093 5567 1106 5603 :
1153 5568 1171 5599 ι
1208 5547 1395 5603 Recita
1448 5547 1535 5602 illa
1588 5557 1740 5617 gesta
1793 5548 1932 5613 apud

369 5619 686 5677 Numaeium
735 5621 991 5683 Felicem,
1059 5619 1303 5673 Flavium
1355 5630 1757 5686 procuratorem
1803 5625 1933 5686 tunc

368 5694 608 5763 ejusdem
636 5691 870 5746 civitatis
896 5699 1110 5743 vestrm.
1153 5708 1172 5740 ι
1211 5684 1400 5742 Scribe
1452 5706 1470 5739 ι
1503 5686 1798 5740 Munatium
1819 5684 1932 5763 Ἐο-

371 5760 525 5817 licem
564 5763 833 5815 ﬂaminem
875 5768 1220 5828 perpetuum,
1261 5766 1574 5814 curatorem
1630 5767 1758 5811 tunc
1787 5760 1930 5824 ejus-

683 5857 952 5916 Ριτιιοι..
999 5853 1119 5916 Gn.
1165 5850 1310 5916 ΧΧ.

2074 3290 2158 3342 vis
2189 3287 2467 3343 allectibus
2497 3298 2752 3360 tanquam
2784 3287 3095 3341 ardentibus
3127 3288 3345 3343 malitiae.
3377 3304 3487 3344 sua:
3519 3292 3642 3347 telis

2073 3378 2526 3445 inﬂammassent,
2559 3379 2920 3433 incenderunt
2949 3379 3069 3447 igne
3093 3392 3219 3433 vere
3249 3381 3484 3435 divinum
3519 3398 3644 3438 san-

2068 3470 2340 3527 ctuarium
2382 3470 2514 3535 Dei;
2549 3479 2605 3524 et
2641 3469 2696 3523 in
2735 3477 2882 3522 terra
2922 3469 3347 3538 profanaverunt
3389 3472 3641 3529 tabernas

2073 3560 2252 3616 culum
2298 3559 2538 3616 nominis
2568 3559 2704 3628 ejus.
2742 3557 2990 3614 Posthac
3017 3567 3240 3626 aggesta
3269 3559 3435 3616 humo
3466 3562 3638 3630 pluri.

2065 3741 2186 3794 dem
2241 3738 2478 3794 civitatis
2517 3747 2730 3795 vestrte.
2774 3761 2792 3792 ι
2861 3743 3024 3797 Error
3068 3751 3226 3796 natus
3258 3753 3340 3798 est
3386 3760 3452 3799 ex
3500 3749 3634 3803 scri-

2062 3809 2594 3884 bendi‘cmnpend‘io.
2623 3813 2715 3865 Sic
2742 3813 2884 3867 enim
2917 3813 3172 3884 scriptum
3201 3825 3320 3868 erat
3357 3813 3465 3868 FL.
3502 3817 3631 3884 93).,
3699 3833 3705 3838 '

2058 3887 2118 3931 ut
2145 3879 2341 3952 legitur
2384 3876 2440 3932 in
2487 3876 2655 3933 Gestis
2701 3876 3040 3952 purgationis
3080 3880 3375 3937 chiliani.
3427 3876 3632 3950 Quibus

2058 3951 2203 4026 notis
2234 3949 2423 4026 ﬂamen
2455 3949 2748 4026 perpetuus
2780 3949 3114 4026 designatur,
3154 3964 3213 4026 u_t
3243 3955 3406 4026 tradit
3437 3949 3629 4026 Magno

2060 4019 2120 4093 i_n_
2147 4019 2284 4093 libro
2308 4019 2384 4072 De
2412 4019 2572 4072 notis.
2609 4021 2808 4093 Eorum
2853 4019 3055 4077 Incutio
3083 4022 3143 4076 lit
3175 4023 3236 4093 in
3285 4023 3400 4093 lege
3427 4023 3462 4077 2
3501 4019 3624 4088 ὠά,

2060 4085 2355 4157 Theodos.,
2389 4089 2846 4157 quemadmodum
2883 4109 3104 4146 munera
3136 4085 3626 4151 civilia'indican;

2059 4164 2146 4234 l.u_t'
2183 4177 2197 4212 :
2237 4156 2700 4234 t_Sacet‘_do_talcs_
2729 4171 2786 4214 et
2841 4160 3080 4216 ﬂamines
3121 4173 3411 4232 perpetuos
3444 4174 3625 4234 atque

2051 4228 2233 4299 etiam,
2256 4227 2622 4282 duumvirales
2653 4230 2719 4283 ab
2745 4245 3078 4284 annonarum
3114 4227 3486 4299 praeposituris
3534 4227 3626 4287 in-

2050 4295 2772 4371 fer_i_orib_usquemuneribus
2792 4295 3183 4371 immunesjesse
3204 4295 3564 4370 praecipimus.
3594 4321 3616 4355 ι

2146 4366 2237 4436 56)
2258 4367 2368 4419 Καὶ
2419 4366 2820 4436 φυλοκρινῶν.
2878 4370 2954 4423 lta
3004 4366 3518 4436 scribendum—est,
3560 4385 3621 4427 ut

2047 4432 2246 4510 habet'_
2272 4432 2673 4510 vetustissimus
2725 4439 2890 4492 codex
2954 4437 3096 4510 Maz.
3141 4439 3334 4510 ld__est
3390 4432 3618 4510 singulis

2046 4518 2200 4558 suum
2233 4505 2408 4576 locum
2437 4507 2782 4576 acgordinem
2830 4509 3158 4563 attribuens.
3209 4508 3338 4563 Vide
3379 4505 3504 4576 qua?
3531 4527 3617 4564 se-

2045 4573 2558 4646 quunturinl‘rarSi
2606 4577 2961 4646 quis_tamen
2999 4577 3272 4646 vulgatam
3328 4573 3615 4635 lectionem

2089 4643 2372 4717 ιλοκρινῶν
2403 4643 2638 4717 retinere
2664 4644 2936 4717 maluerit,
2960 4653 3063 4700 non
3098 4643 3256 4717 valde
3281 4651 3612 4717 repugnabo.

2089 4659 2368 4717 ιΑοκρινων
2403 4659 2634 4698 retinere
2664 4659 2936 4710 maluerit,
2960 4659 3063 4700 non
3100 4659 3256 4700 valde
3281 4659 3612 4716 repugnabo.

2042 4659 2265 4784 gatnget
2299 4713 2626 4784 φιλοκρινεῖν
2657 4713 2992 4784 εει-διαιρεῖν
3014 4724 3152 4769 teste
3185 4715 3476 4784 Hesychia.
3651 4736 3656 4741 ί

2113 4782 2227 4852 (37)
2284 4782 2616 4850 Θυραὺλεῖν
2646 4782 2776 4853 ~zeal
2847 4782 3132 4853 πόδηγεῖν
3201 4782 3343 4850 τοῦς
3391 4788 3614 4841 εισιόνει

2041 4868 2171 4918 τας.
2205 4851 2457 4922 Intelligit
2489 4851 3221 4924 Eusebiushypodiaconos,
3281 4853 3369 4921 qui
3426 4868 3613 4924 portas

2040 4924 2287 4992 ecclesiae
2327 4921 2640 4986 servabant,
2667 4931 2722 4974 et
2767 4921 3050 4992 intrantes
3106 4924 3343 4992 singulos
3393 4921 3462 4978 ad
3513 4941 3611 4982 sua

2042 4990 2162 5044 loca
2189 4992 2526 5045 deducebant
2554 5007 2567 5042 :
2607 4991 3026 5062 catechumenos
3059 4990 3306 5048 videlicet
3335 5007 3400 5048 ac
3430 4998 3611 5062 ι)ωηί-

2041 5069 2238 5123 tentes,
2268 5071 2324 5114 et
2351 5074 2742 5128 energumenos
2773 5061 2839 5114 ad
2881 5063 3194 5117 narthecetn
3221 5077 3316 5118 seu
3350 5061 3610 5119 catechu-

2038 5131 2319 5183 menium:
2375 5129 2558 5182 ﬁdeles
2593 5143 2722 5184 vero
2776 5131 2827 5183 in
2886 5132 3111 5185 chorum
3158 5146 3253 5186 seu
3301 5133 3606 5188 basilicam.

2038 5197 2175 5272 γωδ
2222 5199 2590 5272 canonemgi
2631 5199 3204 5272 concilii_l.aodiceni,
3254 5209 3310 5256 et
3366 5217 3487 5272 quae
3538 5205 3607 5259 ad

2037 5267 2187 5321 illum
2224 5277 2480 5321 notarunt
2510 5267 2748 5322 Zonaras
2769 5279 2819 5321 et
2843 5268 3109 5324 Balsamo.

2108 5339 2220 5407 ('58)
2257 5337 2384 5404 Τοῖς
2428 5337 2649 5401 ἔξωθεν
2673 5337 2958 5407 ἀμφὶτὴν
2993 5339 3211 5408 αὐλήν.
3259 5338 3427 5394 Paulo
3479 5351 3607 5396 ante

2037 5407 2452 5478 observavimus
2506 5408 2682 5478 locum
2727 5410 2876 5478 illum
2919 5418 3192 5477 patentem
3221 5419 3276 5463 et
3334 5421 3603 5478 apertum,

2033 5478 2126 5546 qui
2162 5477 2369 5530 medius
2397 5484 2516 5529 erat
2565 5477 2708 5530 inter
2739 5477 3058 5532 vestibulum
3127 5494 3191 5532 ac
3245 5477 3521 5546 templum,
3571 5496 3601 5530 a

2036 5545 2242 5600 Latinis
2279 5547 2483 5599 dictum
2514 5561 2636 5601 esse
2675 5549 2895 5600 atrium.
2942 5548 3115 5602 Graeci
3139 5545 3385 5601 eumdem
3421 5549 3600 5600 locum

2033 5614 2205 5686 αὐλήν
2237 5616 2524 5686 vocabant,
2570 5631 2690 5684 qua:
2733 5631 2835 5669 vox
2881 5632 2989 5670 non
3046 5617 3213 5671 semel
3254 5617 3493 5686 occurrit
3547 5617 3599 5668 in

2031 5685 2347 5756 Evangelia,
2395 5685 2483 5738 ubi
2515 5697 2670 5741 vetus
2704 5686 2972 5756 interpres
3002 5701 3216 5756 semper
3245 5685 3441 5740 atrium
3476 5699 3600 5740 vera

2034 5764 2118 5810 ιιι.

3241 5849 3323 5912 28
