4210 6406
400 333 502 392 277

1422 327 1778 386 msroma:
1818 324 2389 385 ECCLESIASTICE
2428 324 2558 380 LIB.
2604 302 2680 379 τέ

3567 324 3676 381 878

403 447 682 521 ριζόμεναι
712 424 977 516 γλῶσσαι.
999 425 1134 499 dies).
1167 446 1343 519 πυρός
1367 464 1381 478 ·
1418 448 1641 502 ἐκάθισέ
1674 466 1734 502 τε
1767 450 1854 518 ἐφ’
1887 447 1988 503 ἕνα

2099 456 2335 503 vestrum
2372 452 2805 514 coagmentans;
2841 450 2904 498 ut
2936 442 3055 499 suis
3078 425 3226 514 .erga
3272 457 3369 499 vos
3415 444 3674 514 operibus

399 540 626 593 ἕκαστον
674 538 872 592 αὐτῶν.
925 537 1063 591 Ἀλλ’
1106 540 1165 592 ὲν
1211 539 1308 608 μὲν
1362 538 1440 609 τῷ
1482 540 1701 594 πάντων
1742 540 1984 612 ἄρχοντι,

401 631 530 694 ἴσως
561 630 721 694 αὐτὸς
753 618 872 694 ὅλος
901 629 1202 700 ἐγκάθηται
1236 628 1493 700 Χριστὸς,
1523 631 1580 683 ἐν
1622 629 1679 683 δὲ
1721 634 1835 695 τοῖς
1870 633 1987 702 μετ’

399 723 559 777 αὐτὸν
608 722 1015 793 δευτερεύουσιν
1062 721 1173 792 (46)
1200 761 1214 784 ,
1258 721 1537 791 ἀναλόγως
1589 722 1819 777 καθόσον
1859 724 1992 777 ἕκα-

402 832 527 879 στος
555 817 724 886 χωρεί
753 814 992 885 Χριστοῦ
1026 813 1313 884 δυνάμεως
1355 808 1451 867 καὶ
1482 814 1804 884 Πνεύματος
1828 815 1986 884 ἁγίου

405 905 727 977 μερισμούς.
766 904 951 975 Βάθρα
982 905 1026 957 δ’
1048 903 1114 958 ἂν
1141 900 1252 956 εἷεν
1278 904 1372 957 καὶ
1400 903 1668 973 ἀγγέλων,
1699 904 1795 959 καὶ
1819 907 1877 958 αἱ
1908 922 1989 958 τι·-

401 997 508 1052 νῶν
535 996 726 1068 ψυχαὶ,
770 995 878 1049 τῶν
917 999 997 1060 εἰς
1038 995 1419 1064 παιδαγωγίαν
1462 997 1554 1049 καὶ
1582 996 1823 1069 φρουρὰν
1857 996 1987 1051 ἑκά-

403 1107 516 1161 στῳ
543 1088 1015 1161 παραδεδομένων.
1059 1088 1264 1158 Σεμνὺν
1296 1087 1355 1140 δὲ
1388 1088 1482 1140 καὶ
1532 1087 1674 1158 μέγα
1707 1089 1802 1141 καὶ
1835 1105 1990 1159 μονο-

400 1182 557 1251 γενὲς
584 1181 1003 1253 θυσιαστήριον,
1043 1183 1194 1233 ποῖον
1238 1179 1305 1232 ἂν
1349 1179 1436 1250 εἴη
1481 1179 1514 1251 ἦ
1551 1181 1651 1249 τῆς
1679 1179 1773 1233 τοῦ
1807 1179 1988 1235 κοινοῦ

403 1273 623 1327 πάντων
670 1273 860 1345 ἱερέως
899 1272 999 1343 τῆς
1039 1270 1221 1341 ψυχῆς
1265 1270 1327 1323 τὸ
1359 1270 1649 1342 εἱλικρινὲς
1692 1272 1785 1325 καὶ
1817 1272 1988 1341 ἁγίων

408 1364 633 1431 ”Λγιον;
665 1357 709 1431 ᾧ
763 1361 1055 1433 παρεστὼς
1089 1362 1183 1414 ἐπὶ
1223 1360 1373 1431 δεξιᾷ
1418 1364 1446 1415 ὁ
1489 1362 1662 1432 μέγας
1704 1363 1812 1416 τῶν
1852 1364 1990 1417 ὅλων

402 1455 693 1525 ἀρχιερεὺς
724 1453 886 1517 αὐτὸς
932 1451 1141 1524 Ἰησοῦς
1187 1455 1216 1506 ὁ
1244 1452 1556 1522 Μονογενὴς
1598 1452 1690 1505 τοῦ
1721 1453 1855 1507 Θεοῦ
1879 1493 1894 1517 ,
1929 1452 1991 1508 τὸ

403 1542 558 1614 παρά
598 1543 816 1596 πάντων
857 1541 1058 1605 εὐῶδες
1106 1541 1379 1611 θυμίαμα,
1432 1542 1525 1593 καὶ
1558 1540 1656 1605 τὰς
1705 1541 1773 1594 δι’
1814 1541 1990 1612 εὐχῶν

401 1634 666 1706 ἀναίμους
713 1634 809 1687 καὶ
848 1632 1047 1695 ὰΰλους
1080 1632 1292 1697 θυσίας,
1341 1631 1551 1703 φαιδρῷ
1592 1632 1673 1703 τῷ
1718 1631 1991 1703 βλέμματι

403 1727 498 1779 καὶ
547 1723 765 1788 ὑπτίαις
814 1724 1207 1795 ὑποδεχόμενος
1256 1724 1433 1796 χερσὶ,
1475 1722 1553 1795 τῷ
1597 1724 1719 1777 κατ’
1760 1723 1990 1796 οὐρανὸν

2093 553 2310 594 sacram
2335 537 2517 591 denuo
2543 545 2597 591 et
2621 550 2878 591 arcanam
2901 538 3311 606 prmdictionem
3338 536 3632 607 adimpleat
3651 575 3670 603 ,

2091 645 2211 699 quae
2249 629 2327 684 sic
2360 629 2559 684 habet:
2601 647 2620 679 ‹
2657 627 2797 683 Ecce
2827 644 2927 699 ego
2950 643 3198 699 prmparo
3237 628 3332 683 tibi
3365 628 3674 684 carbuncu-

2092 724 2204 779 lum
2247 723 2481 793 lapidem
2522 730 2690 783 tuum.
2728 732 2784 777 et
2824 722 3176 778 fundamenta
3206 732 3298 777 tua
3329 723 3670 793 sapphirum,

2091 823 2146 869 et
2177 812 2585 883 propugnacula
2615 823 2702 868 tua
2731 814 3025 884 iaspidem,
3068 823 3124 867 et
3155 823 3341 883 portas
3379 822 3502 869 tuas
3536 813 3676 884 lapi-

2093 907 2191 962 des
2225 904 2488 977 crystalli,
2531 917 2582 961 et
2627 923 2843 962 murum
2893 916 3044 961 tuum
3088 906 3297 977 lapides
3335 905 3572 962 electos:
3614 914 3674 961 ct

2093 1012 2288 1053 omnes
2319 997 2461 1052 ﬁlios
2502 1007 2624 1053 tuos
2654 998 2847 1053 doctos
2894 1012 2925 1051 a
2957 997 3089 1064 Deo,
3137 1008 3192 1052 et
3225 998 3279 1052 in
3324 998 3494 1052 multa
3532 1013 3674 1069 pace

2093 1089 2234 1144 ﬁlios
2280 1099 2431 1157 tuos;
2463 1100 2520 1146 et
2567 1091 2622 1145 in
2648 1088 2861 1159 iustitia
2889 1088 3250 1145 aediﬁcaberis
3268 1087 3434 1143 ".«ln
3458 1088 3672 1157 iustitia

2092 1181 2260 1251 igitur
2298 1182 2617 1248 aediﬁcans,
2661 1182 2826 1237 totius
2860 1182 3048 1251 populi
3088 1182 3235 1236 vires
3277 1197 3342 1237 ac
3382 1180 3673 1238 facultates

2092 1285 2333 1342 congrua
2371 1269 2585 1327 ratione
2637 1268 2888 1325 distinxit
2935 1284 2951 1335 ;
3014 1266 3116 1322 hos
3167 1266 3386 1339 quidem
3443 1273 3675 1328 exterio-

2091 1378 2152 1420 re
2184 1365 2454 1420 duntaxat
2489 1367 2718 1433 cingens
2774 1367 2968 1432 muro,~
2996 1364 3052 1420 id
3083 1375 3169 1421 est
3205 1364 3360 1419 ﬁrma
3392 1364 3518 1421 ﬁde.
3558 1366 3675 1421 Cu-

2086 1455 2178 1526 jus
2205 1458 2425 1526 generis
2463 1457 2677 1512 inﬁnita
2704 1465 2791 1511 est
2825 1456 3149 1523 multitudo,
3179 1471 3299 1525 quae
3331 1457 3675 1525 praestantio-
3776 1506 3783 1509 _

2092 1561 2208 1601 rem
2240 1556 2576 1602 structuram
2625 1547 2771 1602 ferre
2812 1562 2922 1602 non
2954 1555 3160 1617 potest.
3188 1547 3301 1602 lllis
3334 1561 3465 1601 vero
3493 1546 3673 1602 aditus

2093 1638 2148 1693 in
2184 1639 2451 1709 templum
2483 1639 2845 1709 permittens;
2880 1639 2947 1693 ad
2976 1648 3164 1708 portas
3191 1649 3340 1695 stare
3369 1647 3425 1694 et
3462 1639 3677 1694 intran-

2094 1737 2178 1784 tes
2217 1729 2488 1783 deducere
2530 1742 2625 1783 eos
2662 1727 2845 1797 jubet:
2906 1728 2999 1797 qui
3050 1744 3159 1784 non
3201 1728 3441 1783 absurde
3488 1729 3674 1798 templi

404 1819 580 1890 Πατρὶ
630 1819 725 1871 καὶ
767 1816 887 1887 Θεῷ
927 1817 1039 1870 τῶν
1090 1816 1228 1870 ὅλων
1275 1814 1729 1885 παραπέμπεται,
1775 1815 1991 1885 πρῶτος

2099 1818 2377 1874 vestibulis
2412 1829 2821 1889 comparantur.
2854 1819 3008 1876 Alios
3034 1820 3228 1890 primis
3249 1820 3518 1876 columnis
3553 1836 3676 1890 quae

403 1911 567 1975 αὐτὸς
595 1909 935 1982 προσκυνῶν,
967 1908 1064 1962 καὶ
1094 1908 1254 1980 μόνος
1291 1907 1369 1977 τῷ
1395 1907 1573 1978 Πατρὶ
1603 1907 1665 1961 τὺ
1691 1910 1809 1961 κατ’
1831 1907 1992 1972 ἀξίαν

404 2004 694 2075 ἀπονέμων
747 2002 910 2067 σέϐας
934 2042 950 2067 ,
990 1998 1110 2055 εἶτα
1158 2001 1217 2055 δὲ
1256 2001 1350 2053 καὶ
1398 2002 1564 2055 πᾶσιν
1611 2002 1742 2072 ἡμῖν
1784 2001 1990 2073 εὐμενῆ

404 2099 677 2176 διαμένειν
706 2097 800 2151 καὶ
821 2095 994 2162 δεξιὸν
1022 2096 1101 2157 εἰς
1132 2093 1219 2147 ἀεὶ
1249 2092 1701 2165 παραιτούμενος.
1738 2092 1991 2158 Τοιοῦτος

402 2193 435 2245 ὁ
470 2193 643 2263 μέγας
675 2189 832 2253 νεὼς,
861 2189 920 2242 ὃν
950 2188 1069 2242 καθ’
1094 2186 1223 2259 ὅλης
1248 2187 1348 2258 τῆς
1378 2188 1467 2254 ὑφ’
1489 2185 1641 2257 ἧλιον
1666 2186 1991 2258 οἰκουμένης

405 2287 436 2338 ὁ
483 2283 654 2356 μέγας
696 2281 803 2336 τῶν
844 2280 983 2336 ὅλων
1023 2278 1358 2351 δημιουργὸς
1390 2277 1562 2345 Λόγος
1603 2278 1991 2348 συνεστήσατο,

407 2377 515 2432 τῶν
550 2376 807 2430 ἐπέκεινα
828 2372 1091 2446 οὐρανίων
1118 2371 1321 2443 ἀψίδων
1350 2370 1512 2425 πάλιν
1549 2370 1644 2425 καὶ
1666 2371 1829 2435 αὐτὸς
1867 2388 1992 2424 νοε-

411 2469 513 2543 ράν
559 2468 763 2538 ταύτην
807 2467 902 2520 ἐπὶ
929 2465 1035 2536 γῆς
1065 2462 1251 2517 εἰκόνα
1285 2462 1787 2534 κατεργασάμενος,
1814 2462 1893 2525 ὡς
1925 2460 1994 2514 ἂν

407 2560 498 2615 διὰ
547 2561 726 2630 πάσης
767 2559 867 2631 τῆς
908 2557 1170 2621 κτίσεως,
1214 2553 1325 2608 τῶν
1383 2571 1443 2607 τε
1487 2555 1581 2607 ἐπὶ
1613 2554 1716 2626 γῆς
1759 2552 1994 2622 λογικῶν

409 2652 564 2718 ζώων
593 2654 622 2706 ό
650 2650 842 2721 Πατὴρ
873 2648 1019 2720 αὐτῷ
1049 2646 1257 2718 τιμῷτὸ
1292 2662 1353 2699 τε
1388 2646 1482 2700 καὶ
1515 2636 1747 2699 σέϐοιτοζ
1798 2643 1908 2699 Τὸν
1934 2643 1993 2697 δὲ

409 2744 801 2816 ὐπερουράνιον
842 2740 1020 2813 χῶρον
1063 2739 1175 2811 (4⁵1)
1224 2738 1319 2793 καί
1371 2738 1442 2793 τά
1497 2738 1678 2792 ἐκεῖσε
1722 2735 1831 2791 τῶν
1864 2736 1992 2808 τῇδε

410 2833 834 2905 παραδείγματα
856 2872 871 2896 ,
908 2831 1010 2902 τήν
1056 2847 1117 2883 τε
1157 2829 1269 2885 ἀνω
1300 2828 1598 2901 λεγομένην
1639 2826 1995 2900 Ἰερουσαλὴμ

408 2924 589 2978 καὶτὸ
616 2924 754 2978 Σιὼν
773 2923 899 2996 ὅρος
919 2924 980 2976 τὸ
1004 2922 1344 2994 ἐπουράνιον,
1373 2924 1469 2976 καὶ
1498 2924 1596 2994 τὴν
1621 2922 1995 2994 ὐπερκόσμιον

412 3016 567 3070 πόλιν
600 3014 694 3070 τοῦ
725 3014 927 3079 ζῶντος
950 3013 1108 3078 Θεοῦ,
1137 3015 1196 3068 ὲν
1299 3015 1556 3087 μυριάδες
1578 3014 1827 3083 ἀγγέλων
1857 3031 1995 3068 παν-

411 3107 636 3179 ηγύρεις
678 3107 779 3161 καὶ⁸
818 3107 1116 3179 Ἐκκλησία
1161 3108 1523 3180 πρωτοτόκων
1561 3105 1997 3177 ἀπογεγραμμέ-

409 3220 519 3257 νων
551 3204 609 3256 ὲν
642 3202 925 3272 οὐρανοῖς,
970 3202 1093 3264 ταῖς
1134 3179 1392 3273 ἀρρήτοις
1432 3199 1526 3252 καὶ
1566 3197 1998 3267 ἀνεπιλογίστοις
2022 3179 2066 3237 C

412 3295 547 3367 ἡμῖν
581 3293 903 3362 θεολογίαις,
945 3291 1035 3345 τὸν
1069 3292 1219 3360 σφῶν
1255 3290 1484 3362 ποιητὴν
1523 3291 1616 3343 καὶ
1646 3290 1999 3361 πανηγεμὸνα

411 3385 522 3439 τῶν
560 3385 696 3438 ὅλων
739 3382 1118 3453 γεραίρουσιν,
1174 3374 1235 3435 οὗ
1280 3380 1364 3443 τίς
1413 3379 1606 3449 θνητὸς
1643 3374 1754 3441 οἷός
1785 3395 1845 3431 τε
1880 3379 1998 3431 κατ’

413 3477 571 3543 ἀξίαν
614 3477 882 3546 ὑμνῆσαι;
908 3475 975 3528 Ὅ
997 3491 1048 3527 τι
1079 3473 1143 3544 δὴ
1174 3471 1452 3543 ὀφθαλμὸς
1478 3472 1581 3525 οὐκ
1610 3466 1738 3533 εἶδε,
1772 3471 1866 3523 καὶ
1908 3465 2001 3535 οὖς

414 3571 517 3624 οὐκ
558 3569 758 3640 ἤκουσε
778 3609 794 3633 ,
830 3566 927 3624 καὶ
964 3566 1058 3618 ἐπὶ
1087 3565 1314 3637 καρδίαν
1344 3562 1636 3635 ἀνθρώπου
1677 3564 1777 3616 οὐκ
1807 3562 1998 3634 ἀνέϐη,

413 3662 558 3718 αὐτά
596 3661 660 3732 δὴ
701 3661 876 3714 ταῦτα
914 3658 952 3714 δι
992 3659 1287 3731 ἡτοίμασεν
1324 3658 1354 3711 ὁ
1388 3656 1522 3720 Θεὸς
1561 3658 1674 3720 τοῖς
1715 3653 2002 3723 ἀγαπῶσιν

414 3753 580 3807 αὐτόν
606 3770 619 3783 ·
650 3745 728 3807 ὧν
759 3753 860 3823 ἤδη
895 3753 953 3805 ὲν
1002 3750 1158 3823 μέρει
1200 3747 1630 3813 καταξιωθέντες
1669 3746 1858 3818 ἄνδρες
1888 3745 2003 3816 ἅμα

416 3846 575 3901 παισὶ
602 3844 698 3900 καὶ
719 3844 953 3913 γυναιξὶ,
977 3842 1163 3914 μικροὶ
1182 3841 1276 3895 καὶ
1300 3839 1549 3911 μεγάλοι,
1572 3838 1772 3902 πάντες
1794 3835 1859 3889 ἁθ
1869 3835 2006 3907 ρόως

416 3940 476 3993 ὲν
501 3938 584 3991 ἑνὶ
610 3937 880 4008 πνεύματι
918 3935 1014 3990 καὶ
1062 3937 1162 4007 μιᾷ
1197 3933 1342 4004 ψυχῇ
1365 3972 1380 3997 ,
1441 3933 1513 4004 μὴ
1547 3929 1883 3999 διαλίπωμεν
1918 3926 2007 3993 ἐξ-

415 4031 859 4104 ομολογούμενοι,
900 4029 996 4084 καὶ
1027 4028 1119 4084 τὸν
1142 4027 1252 4082 τῶν
1282 4025 1553 4080 τοσούτων
1581 4026 1714 4096 ἡμῖν
1738 4022 1846 4093 (48)
1870 4022 2007 4089 ἀγα-

419 4124 528 4178 θῶν
580 4123 868 4194 παραίτιον
914 4119 1382 4191 ἀνευφημοῦντες,
1436 4135 1455 4169 ι
1482 4118 1573 4170 τὸν
1629 4112 2009 4168 εὐῖλατεύοντα

418 4216 623 4280 πάσαις
651 4217 771 4279 ταῖς
808 4212 1066 4285 ἀνομίαις
1106 4210 1284 4283 ἡμῶν,
1314 4211 1406 4263 τὸν
1442 4208 1672 4280 ἰώμενον
1708 4207 1886 4269 πάσας
1909 4203 2009 4266 τὰς

417 4306 609 4370 νόσους
638 4304 828 4377 ἡμῶν,
857 4303 947 4357 τὸν
979 4299 1344 4373 λυτρούμενον
1387 4299 1452 4351 ἐκ
1492 4296 1696 4366 φθορᾶς
1723 4294 1822 4365 τὴν
1862 4291 2010 4364 ζωὴν

419 4398 598 4470 ἡμῶν,
620 4398 711 4450 τὸν
737 4393 1104 4465 στεφανοῦντα
1133 4394 1281 4463 ἡμᾶς
1310 4390 1367 4444 ὲν
1393 4389 1533 4443 ἐλέει
1561 4387 1657 4440 καὶ
1680 4385 2007 4456 οἱκτιρμοῖς,

417 4490 510 4545 τὸν
526 4486 927 4561 ὲμπιμπλῶντα
943 4487 1125 4556 (19)ὲν
1142 4482 1367 4553 ἀγαθοῖς
1390 4482 1490 4553 τὴν
1515 4479 1810 4550 ἐπιθυμίαν
1826 4475 2002 4548 ἡμῶν·

419 4579 500 4635 δτι
535 4579 597 4633 οὐ
626 4578 768 4632 κατά
800 4576 900 4640 τὰς
931 4572 1208 4646 ἁμαρτίας
1233 4570 1390 4642 ἡμῶν
1415 4569 1674 4640 ἐποίησεν
1697 4566 1853 4636 ἡμῖν,
1883 4561 2006 4616 οὐδὲ

420 4669 565 4724 κατά
594 4668 692 4733 τὰς
722 4667 954 4739 ἀνομίας
981 4663 1142 4736 ἡμῶν
1171 4660 1553 4716 ἀνταπέδωκεν
1575 4658 1707 4728 ἡμῖν
1727 4672 1742 4686 ο
1775 4654 1859 4707 ὅτι
1880 4652 2004 4706 καθ’

420 4761 545 4816 ὅσον
569 4760 862 4831 ἀπέχουσιν
889 4755 1144 4812 ἀνατολαὶ
1172 4752 1281 4809 ἀπὸ
1307 4749 1546 4823 δυσμῶν,
1579 4748 1888 4820 ὲμάκρυνεν
1910 4746 2004 4816 ἀφ’

493 4876 538 4909 ’⁷
563 4878 667 4930 lsa.
693 4891 803 4941 LIV,
838 4872 1025 4927 ll-M.

498 4993 610 5067 (46)
650 4995 754 5050 Ἐν
799 4990 869 5067 δὲ
936 4989 1061 5067 τοῖς
1107 4989 1260 5067 μετ’.
1287 4985 1476 5042 αὐτὸν
1516 4982 1999 5067 δευτερεύουσικτ

426 5055 802 5136 Presbyteros
834 5055 1123 5136 intelligit;
1160 5058 1263 5136 qui
1337 5056 1640 5136 secundum
1712 5055 2001 5136 sacerdotii

428 5125 656 5207 graduin
692 5133 969 5207 obtinent.
1003 5125 1069 5207 Et
1090 5125 1402 5200 episcopum
1434 5125 1654 5207 quidem
1678 5126 2001 5207 iac-presby-

431 5192 579 5260 i'eros
609 5205 817 5259 thronis
844 5202 1103 5259 Ecclesia:
1124 5192 1416 5268 'comp'arat
1451 5192 1482 5248 Ξ
1533 5192 1810 5250 subselliis
1872 5206 2000 5246 vero

427 5277 709 5329 diaconus.

499 5345 613 5411 (Η)
642 5343 757 5399 Τὸν
771 5340 839 5418 δᾴ
864 5338 1301 5418 ὑπερθυράνιον
1605 5332 1700 5389 Sic
1724 5330 1997 5418 vulgatam

424 5405 736 5476 lectionem,
778 5412 871 5467 τόν
899 5429 959 5465 τε
977 5405 1099 5486 ’ὐπξ
1123 5428 1209 5486 χρ,
1249 5405 1634 5486 corrigendum
1661 5409 1753 5486 est
1782 5417 2008 5486 prorsus

428 5473 737 5556 necessaria
759 5473 1156 5556 emendatione;
1172 5473 1463 5556 Postquam
1485 5476 1631 5530 enim
1659 5473 1928 5556 Eusebius
1940 5476 2007 5556 de

427 5556 623 5624 duplici
648 5554 900 5608 Ecclesia:
926 5550 1129 5624 fabrica
1153 5542 1366 5604 abunde
1383 5546 1594 5624 locutus
1617 5554 1720 5624 est,
1740 5542 2007 5600 materiali

428 5616 640 5680 scilicet
664 5641 727 5680 ac
748 5622 1001 5692 spiritali.
1026 5630 1082 5675 et
1114 5629 1400 5692 utramque
1438 5616 1539 5671 sibi
1577 5616 1813 5692 invicem
1855 5627 2006 5667 com-

468 5696 661 5756 aravit,
695 5680 893 5747 transit
915 5680 1131 5745 tandem
1162 5694 1227 5742 ad
1251 5680 1525 5743 ca'elestem
1576 5686 1722 5738 illam
1778 5680 2005 5738 Jerusa-

427 5711 553 5820 rem.
576 5766 776 5820 undone
798 5776 918 5820 qua:
942 5761 1061 5817 idea
1082 5774 1146 5815 ac
1162 5759 1494 5820 srimitivum
1508 5755 1899 5820 exemplar_est
1913 5754 2005 5809 de-

451 5783 479 5820 8

484 5783 553 5832 in,
576 5754 776 5836 quippe
798 5776 918 5829 qua:
942 5761 1061 5817 idea
1082 5774 1146 5815 ac
1162 5759 1494 5830 primitivum
1508 5755 1899 5828 exemplar_est
1913 5754 2006 5809 dc-

2094 1911 2400 1967 forinsecus
2450 1913 2598 1967 circa
2656 1913 2861 1966 atrium
2914 1912 2967 1967 in
3019 1912 3381 1983 quadranguli
3434 1915 3674 1983 speciem

2093 2003 2369 2071 disposita:
2398 2012 2525 2058 sunt
2568 2001 2825 2068 suﬂ‘ulsit,
2859 2005 3003 2058 intra
3033 2005 3242 2074 primos
3263 2004 3515 2061 litteralis
3539 2020 3678 2076 qua-

2096 2102 2217 2148 tuor
2241 2093 2654 2162 Evangeliorum
2678 2109 2871 2149 sensus
2898 2095 3082 2150 obices
3112 2110 3208 2151 eos
3237 2096 3523 2153 inducens.
3552 2096 3676 2154 Jam

2093 2202 2224 2243 vero
2250 2185 2539 2242 nonnullos
2570 2188 2713 2243 circa
2754 2188 2958 2258 regiam
2987 2190 3159 2244 aedem
3193 2191 3447 2260 utrinque
3484 2190 3678 2248 lateri-

2093 2278 2196 2333 bus
2234 2278 2489 2350 applicat,
2518 2279 2611 2348 qui
2645 2278 2826 2334 adhuc
2852 2280 3071 2349 quidem
3106 2283 3485 2337 catechumeni
3514 2292 3675 2339 sunt:

2094 2379 2150 2425 et
2188 2379 2542 2440 augmentum
2578 2385 2643 2424 ac
2676 2385 3025 2441 progressum
3068 2371 3309 2439 faciunt,
3350 2390 3458 2431 non
3496 2384 3677 2431 tamen

2096 2463 2281 2530 procul
2319 2462 2487 2533 386
2534 2462 2733 2517 absunt
2779 2464 2848 2518 ab
2894 2464 3010 2533 ipsa
3066 2465 3527 2522 abditissimorum
3581 2468 3680 2524 Dei

2097 2554 2480 2624 mysteriorum
2522 2553 2858 2624 inspectione
2906 2571 3014 2627 qua
3052 2557 3238 2613 ﬁdeles
3283 2558 3554 2613 fruuntur.
3596 2558 3680 2614 Ex

2096 2646 2293 2700 horum
2324 2659 2554 2698 numero
2581 2659 2676 2699 eos
2697 2660 2930 2715 quorum
2953 2649 3147 2703 animae
3175 2649 3538 2705 immaculatae
3553 2659 3687 2705 sunt.

2097 2746 2154 2790 et
2195 2736 2382 2791 divino
2433 2735 2653 2791 lavacro
2699 2736 2874 2793 instar
2914 2741 3029 2795 auri
3071 2750 3315 2812 purgata:
3351 2756 3677 2798 assumens:

2098 2828 2236 2884 alios
2290 2828 2560 2884 columnis
2608 2842 2730 2898 qua:
2769 2831 3134 2888 exterioribus
3181 2832 3292 2888 illis
3345 2833 3508 2904 longe
3537 2848 3681 2904 prae-

2097 2919 2391 2976 stantiores
2434 2930 2598 2988 sunt,
2645 2922 2863 2977 arcanis
2912 2923 3122 2979 scilicet
3154 2932 3210 2979 et
3262 2925 3470 2980 intimis
3510 2939 3684 2981 sacrm

2100 3009 2399 3081 Scriptura;
2436 3012 2727 3069 sententiis
2755 3012 3016 3070 sutl'ulcit.
3062 3014 3212 3069 Alios
3251 3029 3384 3071 vero
3426 3015 3684 3073 fenestris

2098 3100 2167 3157 ad
2202 3102 2382 3157 lumen
2410 3103 2465 3158 in
2494 3105 2638 3160 aedes
2672 3105 3075 3161 lmmittendum
3114 3105 3276 3162 factis
3312 3106 3573 3161 illustrat.
3602 3107 3684 3162 Ac

2100 3193 2413 3249 universum
2447 3195 2668 3266 quidem
2699 3195 2956 3265 templum
2988 3211 3097 3252 uno
3126 3197 3363 3252 maximo
3389 3197 3680 3264 vestibulo,

2100 3286 2262 3341 unius
2300 3287 2516 3343 scilicet
2550 3289 2643 3343 Dei
2678 3289 2875 3343 summi
2902 3288 3146 3343 omnium
3179 3289 3327 3359 regis
3361 3289 3685 3345 adoratione

2099 3379 2408 3434 exornavit.
2468 3378 2749 3436 Christum
2806 3392 2941 3435 vero
3002 3390 3058 3436 et
3098 3379 3364 3449 Spiritum
3431 3389 3684 3436 sanctum

2104 3468 2361 3539 utrinque
2398 3470 2466 3526 ad
2501 3471 2646 3529 latus
2684 3481 2929 3543 paternae
2963 3472 3343 3537 auctoritatis,
3393 3472 3548 3541 quasi
3595 3487 3686 3528 se-

2102 3561 2338 3617 cundum
2384 3562 2823 3636 lumenprazbet.
2869 3565 2977 3622 Sed
3019 3564 3162 3622 etin
3213 3564 3441 3635 reliquis
3476 3552 3684 3637 singil-

2104 3652 2256 3709 latim
2302 3655 2426 3710 ﬁdei
2467 3669 2671 3714 nostrae
2722 3660 3033 3725 sententiis,
3075 3672 3172 3729 per
3197 3667 3365 3714 totam
3399 3657 3684 3713 basilicam

2105 3745 2539 3814 copiosissimam
2570 3764 2635 3805 ac
2666 3750 3174 3821 prmstantissimam
3219 3748 3470 3804 veritatis
3505 3747 3685 3803 lucem

2106 3846 2273 3905 atque
2311 3837 2643 3894 evidentiam
2686 3840 2946 3896 ostendit.
2992 3839 3264 3895 Prasterea
3298 3840 3452 3894 vivos
3484 3846 3540 3893 et
3570 3843 3686 3893 sta-

2106 3926 2245 3982 biles
2270 3942 2334 3983 ac
2364 3927 2548 3986 ﬁrmos
2594 3932 2899 3987 animarum
2930 3932 3133 4003 lapides
3163 3931 3404 3999 undique
3431 3929 3684 3999 seligens,

2109 4020 2347 4091 amplam
2388 4036 2453 4077 ac
2497 4023 2706 4096 regiam
2745 4024 2968 4079 domum
3027 4039 3097 4079 ex
3135 4023 3388 4080 omnibus
3436 4030 3689 4078 constru-

2110 4113 2226 4167 xit:
2265 4113 2575 4182 splendoris
2602 4130 2666 4171 ac
2691 4115 2912 4172 luminis
2940 4118 3156 4188 plenam
3196 4126 3307 4172 tam
3342 4116 3488 4171 intus
3524 4128 3689 4185 quam

2111 4212 2314 4258 extra:
2358 4205 2804 4276 quandoquidem
2864 4223 2975 4263 non
3024 4209 3206 4263 anima
3253 4207 3428 4264 solum
3477 4205 3586 4260 illis
3625 4189 3704 4259 ac'

2111 4308 2310 4362 mens,
2356 4297 2453 4353 sed
2507 4299 2675 4354 etiam
2734 4316 2935 4371 corpus
2990 4299 3260 4357 castitatis
3302 4314 3368 4355 ac
3413 4297 3692 4353 modestiae

2112 4382 2307 4440 ﬂorido
2361 4395 2562 4444 ornatu
2611 4392 2987 4461 resplendent.
3039 4391 3229 4447 Insunt
3273 4390 3436 4445 etiam
3486 4388 3540 4442 in
3588 4388 3693 4441 hoc

2115 4477 2319 4545 templo
2358 4478 2563 4543 throni.
2601 4491 2659 4537 et
2696 4483 2952 4538 subsellia
2990 4495 3326 4552 scamnaque
3355 4480 3687 4535 innumera:

2115 4567 2170 4621 in
2209 4570 2424 4626 cunctis
2461 4572 2675 4627 scilicet
2706 4573 2996 4630 animabus
3030 4574 3084 4629 in
3116 4574 3317 4643 quibus
3349 4568 3526 4627 sancti
3569 4568 3694 4638 Spi-

2116 4657 2256 4715 ritus
2298 4662 2540 4719 resident
2577 4666 2746 4730 dona,
2782 4663 3084 4733 cuiusmodi
3119 4665 3248 4721 olim
3287 4664 3402 4719 visa
3447 4671 3576 4720 sunt
3602 4677 3694 4717 sa-

2113 4754 2414 4809 crosanctis
2473 4756 2773 4826 apostolis:
2821 4757 3022 4829 quibus
3075 4756 3274 4827 lingua:
3324 4756 3502 4811 instar
3549 4754 3694 4824 ignis

2110 4981 2291 5049 gentis
2312 4981 2366 5036 in
2399 4979 2561 5035 terris
2580 4977 2856 5035 Ecclesiae.
2889 4975 2956 5031 At
2987 4974 3277 5049 Musonius,
3301 4972 3456 5043 cujus
3485 4970 3691 5049 νει-εἰσι

2112 5043 2238 5106 ᾖθιη
2264 5066 2416 5105 more
2447 5066 2547 5105 suo
2573 5060 2789 5106 secutus
2817 5058 2901 5103 est
2921 5048 3474 5114 Christophorsouus,
3498 5051 3553 5096 et
3580 5043 3695 5110 ipse

2110 5123 2164 5176 in
2198 5121 2357 5189 hujus
2385 5121 2488 5175 loci
2521 5119 2771 5175 versione
2794 5118 2923 5189 nihil
2952 5118 3176 5189 omnino
3212 5117 3364 5174 vidit.
3396 5121 3463 5189 _et
3519 5121 3685 5167 totam

2114 5184 2459 5246 venustatem
2487 5190 2770 5244 sententia:
2803 5188 3098 5241 lectoribus
3122 5184 3458 5239 obscuravit.

2180 5262 2294 5332 (48)
2314 5260 2471 5329 Vulg.
2489 5259 2908 5332 τὸν-τοσοῦτόν
2923 5256 3086 5326 ἡμῖν.
3109 5255 3316 5332 ,δίει-ἰριὶ
3343 5252 3562 5332 codices
3583 5262 3692 5332 uno

2107 5316 2374 5387 consensu
2416 5316 2620 5385 habent
2673 5329 2767 5382 τὸν
2811 5327 2921 5381 τῶν
2950 5316 3255 5379 ”τοσούτων’
3283 5325 3415 5394 ἡμῖν
3469 5316 3691 5388 ἀγαθῶν

2116 5401 2427 5473 παραίτιον,
2472 5400 2851 5473 διχθά-91³³111
2919 5400 3125 5473 codicis
3192 5395 3330 5449 Med.
3392 5399 3691 5473 annotatur

2117 5469 2328 5549 σκληρᾷ
2363 5469 2637 5537 σύνταξις,
2678 5471 2730 5524 id
2749 5478 2870 5523 est:
2909 5486 2928 5519 ι
2961 5469 3095 5521 dura
3124 5476 3287 5534 atque
3312 5477 3506 5530 aSpera
3553 5469 3689 5510 cou-

2114 5545 2364 5598 struc'tio.
2396 5560 2414 5591 ι

2186 5605 2299 5683 (49)
2341 5607 2824 5683 Ἐμπιμπλῶντα.
2851 5607 2933 5663 Ita
2965 5607 3020 5660 in
3056 5601 3463 5683 uetustissimo)
3501 5596 3692 5683 codice

2115 5669 2250 5735 Μία.
2280 5669 2535 5755 ἱςοτῷιιυῖ-
2564 5682 2764 5735 rectius
2791 5694 2953 5747 quam
2984 5676 3128 5755 vulg.
3154 5669 3384 5755 ᾇμπιπλ.
3423 5669 3691 5724 Eumdem

2121 5766 2364 5809 errorem
2389 5750 2503 5821 jam
2541 5760 2700 5807 antea
2732 5760 2925 5805 notare
2959 5750 3199 5803 memini.
