4210 6430
504 328 611 392 879

1212 320 1484 381 EUSEBII
1523 313 2006 375 CASSARIENSIS
2041 312 2193 370 OPP.
2237 310 2416 366 PARS
2455 310 2496 365 Ι.
2537 342 2599 350 -
2643 309 3034 366 IIISTOBICA.

3672 310 3779 365 880

505 450 716 515 divisae,
745 453 803 502 et
841 443 1071 513 singulis
1110 440 1413 497 insidentes
1442 444 1835 506 apparuerunt.
1877 430 2083 488 Verum

2190 429 2343 500 ἡμῶν
2394 428 2490 493 τὰς
2536 430 2769 499 ἀνομίας
2813 429 3000 500 ἡμῶν
3045 427 3227 490 καῡὼς
3284 426 3542 499 οἰκτείρει
3598 426 3785 498 πατὴρ

506 542 562 599 in
610 542 730 612 ipso
766 538 986 608 quidem
1027 534 1271 590 omnium
1320 529 1567 600 principe
1609 542 1675 582 ac
1705 524 1962 597 prmside,
2001 533 2085 577 to-

508 642 622 697 tus,
664 639 725 686 ut
763 625 1063 682 verisimile
1090 631 1195 689 est,
1231 622 1433 676 insidet
1464 619 1735 676 Christus.
1769 615 1827 670 lu
1860 616 1927 670 iis
1957 628 2087 669 vero

508 727 603 798 qui
642 724 940 781 secundum
970 718 1257 790 dignitatis
1289 716 1470 771 locum
1508 714 1784 778 obtinent,
1816 719 2090 781 quatenus

508 819 742 889 quisque
789 814 1074 885 dispertita
1117 810 1337 865 virtutis
1383 806 1587 863 Christi
1630 804 1919 871 sanctique
1965 800 2091 870 Spi-

510 914 649 968 ritus
687 911 831 966 dona
877 920 1076 977 capere
1114 911 1315 975 potest.
1363 897 1642 954 Subsellia
1681 908 1898 965 quoque
1926 907 2083 961 ange-

507 1005 687 1060 lorum
716 1009 845 1059 sunt
883 998 1244 1070 quorumdam
1280 993 1498 1051 animm.
1538 1002 1769 1059 quorum
1820 982 2093 1040 institutio

507 1110 568 1155 et.
621 1093 873 1151 custodia
928 1091 1038 1146 illis
1080 1086 1406 1144 demandata
1453 1091 1557 1138 est.
1611 1080 1916 1151 Augustum
1959 1091 2094 1132 vero

450 1201 457 1207 ‘
508 1201 882 1262 magnumque
913 1192 971 1240 et
1003 1182 1223 1238 unicum
1269 1177 1444 1233 altare
1478 1172 1758 1262 quodnam
1795 1170 1940 1262 aliud
1986 1175 2090 1232 est,

510 1256 676 1352 quam
718 1274 917 1333 summi
980 1271 1224 1327 omnium
1272 1261 1573 1322 sacerdotis
1616 1256 1907 1352 purissima
1941 1268 2096 1352 mens

508 1344 847 1443 prorsusque
884 1365 1150 1420 Sanctum
1172 1367 1486 1415 sanctorum
1517 1352 1543 1405 ἲ
1582 1350 1684 1443 Cui
1722 1346 1916 1443 dexter
1955 1344 2090 1443 assi-

512 1434 666 1519 stens
708 1434 984 1515 maximus
1017 1453 1110 1509 ille
1156 1448 1402 1506 omnium
1456 1442 1741 1507 Pontifex,
1780 1439 1897 1510 ipse
1945 1434 2096 1492 scili-

509 1564 601 1611 cet
650 1545 1146 1617 Jesusunigcnitus
1199 1540 1293 1597 Dei
1337 1536 1535 1600 Filius,
1595 1529 1980 1588 suavissimum
2028 1524 2096 1580 ab

510 1645 766 1703 omnibus
814 1638 1049 1695 suliitum
1104 1643 1161 1690 et
1216 1634 1498 1688 incruenta
1539 1641 1604 1681 ac
1652 1619 1922 1694 spiritalia
1971 1632 2098 1689 pre-

511 1748 637 1790 cum
680 1727 985 1791 saeriftcia,
1045 1722 1207 1779 hilari
1259 1720 1413 1775 vultu
1462 1725 1519 1772 et
1575 1714 1787 1784 supinis
1845 1710 2099 1765 manibus

2189 521 2339 583 υἱοὺς
2396 518 2587 583 αὑτοῦ,
2634 519 2944 591 ᾠκτείρησε
2990 519 3194 590 Κύριος
3243 521 3369 583 τοὺς
3414 518 3785 589 φοϐουμένους

2191 611 2372 666 αὐτόν.
2399 630 2418 663 ι
2451 611 2640 665 Ταῦτα
2682 612 2776 665 καὶ
2819 612 2914 666 νῦν
2961 613 3056 666 καὶ
3090 613 3172 676 είς
3203 611 3332 675 τοὺς
3372 608 3498 681 ὲξῆς
3535 609 3790 675 ἃπαντας

2190 706 2417 778 χρόνους
2441 710 2564 771 ταῖς
2595 709 2838 779 μνήμαις
2858 708 3373 781 ἀναζωπυροῦντες,
3402 708 3545 780 ἀτὰρ
3569 708 3665 761 καὶ
3688 708 3790 779 τῆς

2192 798 2476 871 παρούσης
2517 799 2877 871 πανηγύρεως
2919 801 3016 855 καὶ
3058 801 3159 870 τῆς
3190 799 3424 871 φαιδρᾶς
3455 799 3662 871 ταύτης
3691 800 3789 853 καὶ

2192 892 2585 963 λαμπροτάτης
2612 892 2826 964 ἡμέρας
2853 893 2943 947 τὸν
2969 894 3140 948 αἴτιον
3173 894 3268 947 καὶ
3309 893 3785 965 πανηγυριάρχην,

2192 984 2413 1056 νύκτωρ
2440 986 2535 1038 καὶ
2566 984 2905 1057 μεθημέραν,
2934 984 3022 1038 διὰ
3047 986 3228 1056 πάσης
3253 984 3403 1056 ὥρας
3429 984 3524 1038 καὶ
3544 984 3611 1037 δι’
3635 984 3786 1053 ὅλης,

2193 1077 2270 1140 ὡς
2296 1077 2490 1138 εἰπεῖν,
2535 1077 2810 1148 ἀναπνοῆς
2841 1079 2897 1131 ὲν
2926 1076 3002 1148 νῷ
3039 1077 3434 1151 προορώμενοι,
3470 1076 3792 1148 στέργοντες

2194 1169 2291 1221 καὶ
2314 1167 2565 1231 σέϐοντες
2586 1168 2766 1239 ψυχῆς
2792 1169 2889 1241 ὅλῃ
2915 1168 3163 1239 δυνάμει,
3187 1169 3284 1222 καὶ
3310 1167 3408 1221 νῦν
3433 1167 3791 1233 ἀναστάντες,

2198 1256 2410 1329 μεγάλῃ
2442 1257 2735 1321 διαθέσεως
2764 1261 2914 1329 φωνῇ
2944 1257 3442 1328 καθικετεύσωμεν,
3472 1256 3549 1320 ὡς
3578 1257 3645 1310 ἂν
3687 1255 3797 1310 ὑπὸ

2194 1349 2294 1421 τὴν
2320 1349 2490 1404 αὑτοῦ
2525 1350 2765 1421 μάνδραν
2791 1353 2871 1414 εἰς
2906 1351 3056 1414 τέλος
3082 1352 3232 1421 ἡμᾶς
3272 1349 3566 1413 σκεπάζων
3600 1348 3796 1403 διασώ-

2199 1441 2368 1506 ζοιτο,
2414 1440 2512 1511 τὴν
2552 1442 2684 1512 παρ’
2717 1440 2883 1494 αὑτοῦ
2927 1441 3207 1512 βραϐεύων
3254 1440 3475 1512 ἀρραγῆ
3525 1441 3621 1494 καὶ
3651 1442 3796 1495 ἄσει-

2199 1548 2321 1585 στον
2360 1532 2584 1586 αἰωνίαν
2619 1533 2864 1603 εἰρήνην,
2896 1534 2954 1586 ὲν
2988 1530 3209 1604 Χριστῷ
3247 1531 3423 1603 Ἰησοῦ
3460 1531 3539 1603 τῷ
3577 1532 3795 1603 Σωτῆρι

2196 1621 2378 1693 ἡμῶν,
2402 1622 2467 1675 δι’
2492 1612 2553 1674 οὗ
2581 1622 2731 1692 αὐτῷ
2760 1625 2793 1693 ἡ
2810 1623 2947 1687 ,δόξα
2979 1626 3060 1687 εἰς
3092 1623 3219 1687 τοὺς
3241 1622 3567 1694 σύμπαντας
3589 1623 3797 1688 αἰῶνας

2199 1712 2307 1766 τῶν
2338 1712 2571 1768 αἰώνων.
2611 1714 2806 1786 Ἀμήν.

510 1822 836 1893 suscipiens,
854 1816 1067 1875 cmlesti
1096 1813 1245 1871 Patri
1278 1820 1335 1868 et
1391 1809 1771 1864 universorum
1846 1802 1959 1858 Deo
2024 1805 2345 1859 transmittit
2395 1805 2655 1874 :primus
2698 1807 2813 1876 ipse
2859 1822 2982 1863 eum
3035 1808 3308 1874 adorans,
3357 1807 3617 1879 solasque
3665 1822 3798 1862 con-

511 1914 795 1986 gruentem
834 1919 1076 1981 paternze
1155 1902 1426 1975 maiestati
1489 1902 1754 1957 honorem
1806 1894 2119 1952 exhibens:
2167 1894 2367 1950 deinde
2425 1911 2556 1951 vero
2596 1896 2932 1964 obsecrans,
2988 1909 3045 1953 ut
3093 1899 3139 1955 is
3191 1900 3462 1970 propitius
3534 1901 3797 1955 omnibus

510 2005 671 2062 nobis
729 2017 794 2058 ac
846 2001 1116 2069 benignus
1171 2004 1433 2066 perpetuo
1491 2006 1615 2048 esse
1659 1989 1811 2044 velit.
1877 1986 2189 2055 “lljilSiIIOlli
2255 1988 2423 2061 387
2489 1999 2575 2046 est
2641 2007 2895 2063 magnum
2947 1993 3087 2049 illud
3163 1994 3447 2064 templum,
3497 1994 3641 2064 quod
3694 2008 3796 2063 per

511 2098 823 2153 universum
856 2102 1125 2149 terrarum
1153 2089 1341 2145 orbem
1366 2097 1595 2156 magnus
1621 2082 1713 2139 ille
1746 2081 1934 2137 mundi
1959 2080 2138 2149 epifex
2176 2078 2413 2137 Verbum
2486 2084 2581 2139 Dei
2643 2085 2969 2152 constituit;
3038 2085 3291 2154 hancque
3361 2084 3789 2141 intellectualem

509 2191 801 2261 imaginem
823 2201 1011 2244 eorum
1042 2199 1162 2255 quae
1187 2182 1327 2238 ultra
1355 2180 1504 2250 ipsos
1535 2176 1663 2234 coeli
1703 2174 1945 2230 fornices
1985 2174 2160 2244 posita
2225 2185 2371 2236 sunt.
2439 2175 2555 2245 ipse
2623 2177 2676 2231 in
2713 2178 2881 2232 terris
2907 2177 3090 2233 denuo
3146 2175 3377 2246 perfecit
3408 2194 3422 2231 :
3453 2185 3513 2231 ut
3542 2177 3612 2233 ab
3640 2176 3794 2231 omni

509 2291 763 2340 creatura
789 2289 848 2336 et
882 2280 951 2334 ab
978 2275 1351 2333 animantibus
1418 2271 1633 2327 ratione
1703 2268 1971 2339 praeditis,
2030 2268 2189 2324 Pater
2225 2269 2397 2340 ipsius
2447 2270 2633 2326 debito
2690 2272 2897 2327 honore
2955 2271 3217 2342 cultuque
3265 2272 3595 2328 adiceretur.
3642 2271 3795 2330 Illam

506 2390 642 2432 vero
669 2370 1113 2444 supercoelestem
1148 2367 1424 2437 regionem
1452 2374 1509 2421 et
1546 2379 1611 2419 ea
1655 2377 1777 2434 quae
1805 2362 1915 2417 illic
1952 2371 2083 2417 sunt
2119 2361 2452 2432 exemplaria
2480 2364 2674 2417 horum
2706 2378 2830 2432 qua:
2867 2362 2958 2419 hic
3018 2364 3336 2420 cernimus:
3371 2379 3663 2435 supernam
3732 2365 3799 2421 il-

502 2472 616 2526 lam
648 2463 1010 2528 Hierusalem,
1047 2460 1328 2517 scelestam
1369 2468 1607 2514 montem
1651 2458 1808 2521 Sion,
1845 2465 1901 2511 et
1938 2454 2077 2510 ultra
2116 2454 2377 2510 mundum
2411 2455 2646 2524 positam
2710 2454 2986 2511 civitatem
3034 2455 3127 2509 Dei
3189 2456 3449 2523 viventis,
3486 2457 3541 2511 in
3571 2471 3681 2528 qua
3705 2457 3796 2512 in-

508 2557 885 2617 numerabiles
941 2553 1261 2625 angelorum
1291 2552 1470 2617 chori,
1526 2560 1581 2605 et
1606 2548 1849 2605 Ecclesia
1886 2546 2368 2618 primogenitorum
2386 2546 2478 2616 qui
2504 2547 2557 2600 in
2594 2545 2718 2602 albo
2757 2546 3057 2601 cmlestium
3110 2547 3310 2603 civium
3361 2547 3621 2619 descripti
3648 2558 3796 2617 sunt,

510 2652 846 2707 conditorem
872 2662 1027 2704 suum
1055 2659 1121 2700 ac
1150 2659 1420 2701 summum
1445 2642 1688 2697 omnium
1740 2642 1938 2696 ducem
1999 2639 2213 2711 hymnis
2241 2625 2563 2710 quibusdam
2623 2640 3093 2712 inexplicabilibus
3155 2656 3292 2711 quos
3354 2655 3454 2698 nec
3487 2642 3797 2713 intelligen-

509 2741 587 2798 tia
625 2739 845 2810 assequi
897 2750 1202 2808 possumus,
1239 2745 1604 2790 venerantur:
1641 2732 1819 2788 nullus
1873 2732 2183 2787 mortalium
2241 2745 2343 2801 pro
2372 2732 2637 2803 dignitate
2696 2732 2979 2788 celebrare
3007 2730 3307 2790 suﬂecerit.
3371 2735 3587 2791 Etenim
3631 2754 3651 2788 ι
3695 2751 3798 2790 nec

511 2832 702 2887 oculus
728 2831 883 2893 vidit,
918 2842 1018 2884 uec
1045 2828 1197 2882 auris
1230 2825 1454 2889 audivit,
1485 2839 1587 2880 nec
1650 2824 1705 2879 in
1770 2838 1865 2878 eor
1911 2824 2147 2879 hominis
2187 2824 2555 2879 ascenderunt
2603 2840 2670 2880 ea
2716 2840 2837 2894 qua:
2876 2827 3015 2880 Deus
3060 2826 3386 2898 prmparavit
3444 2827 3797 2898 diligentibus

511 2938 574 2980 se
597 2925 664 2979 ".
695 2941 717 2976 ι
747 2921 985 2989 Quarum
1028 2918 1244 2989 quidem
1291 2931 1471 2972 rerum
1494 2915 1607 2985 jam
1635 2916 1815 2986 aliqua
1847 2931 1913 2971 ex
1945 2924 2099 2985 parte
2137 2913 2234 2970 Dei
2257 2915 2520 2971 beneficio
2549 2924 2827 2987 compotes
2860 2916 3027 2989 facti,
3048 2919 3153 2972 viri
3212 2934 3334 2974 cum
3394 2919 3714 2975 mulieribus
3738 2928 3798 2974 et

510 3015 729 3088 pueris;
759 3011 961 3069 summi
995 3010 1201 3081 pariter
1250 3008 1667 3079 stque,inﬁmi;
1699 3024 1890 3065 omnes
1953 3007 2115 3063 simul
2154 3023 2262 3063 uno
2307 3006 2503 3077 spiritu
2573 3023 2789 3079 unoque
2852 3009 3156 3065 animorum
3207 3025 3476 3067 consensu
3520 3021 3799 3068 tantorum

512 3106 673 3165 nobis
701 3106 965 3161 bonorum
993 3110 1276 3157 auctorem
1299 3099 1553 3156 conﬁteri
1614 3114 1680 3155 ac
1747 3100 2030 3156 celebrare
2083 3114 2356 3170 nunquam
2423 3100 2738 3155 desinamus
2771 3118 2785 3155 :
2824 3118 2843 3152 ι
2882 3100 2984 3167 Qui
3026 3101 3349 3171 propitiatur
3396 3103 3650 3158 omnibus
3686 3103 3791 3157 ini-

510 3196 815 3271 quitatibus
870 3194 1105 3260 nostris;
1151 3192 1245 3263 qui
1300 3200 1460 3247 sanat
1498 3204 1688 3247 omnes
1737 3192 2086 3247 inﬁrmitates
2125 3202 2375 3257 nosuas;
2402 3193 2494 3261 qui
2521 3192 2741 3247 redimit
2769 3191 2837 3247 ab
2866 3192 3091 3249 interitu
3130 3194 3301 3248 vitam
3362 3202 3639 3261 nostram;
3698 3196 3797 3264 qui

511 3298 737 3348 coronat
767 3303 870 3345 nos
889 3288 946 3343 in
977 3285 1355 3343 misericordia
1385 3294 1442 3341 et
1470 3285 1951 3353 miserationibus;
1981 3286 2073 3356 qui
2113 3286 2295 3357 explet
2358 3286 2413 3341 in
2474 3286 2633 3341 bouis
2683 3285 3031 3356 cupiditatem
3069 3295 3336 3342 nostram.
3367 3284 3504 3352 Quia
3566 3301 3673 3342 non
3706 3299 3795 3342 se-

512 3383 747 3440 cundum
770 3390 992 3452 peccata
1011 3389 1196 3437 nostra
1228 3378 1363 3435 fecit
1424 3379 1607 3445 nobis,
1664 3393 1843 3448 neque
1896 3379 2190 3435 secundum
2230 3379 2545 3449 iniquitates
2581 3388 2799 3435 nostras
2831 3380 3087 3436 retribuit
3124 3380 3301 3434 nobis.
3359 3379 3497 3446 Quia
3530 3389 3795 3449 quantum

510 3476 679 3531 distat
736 3485 892 3529 ortus
961 3472 1030 3529 ab
1071 3471 1381 3535 occidente,
1455 3469 1613 3539 longe
1660 3468 1794 3526 fecit
1834 3485 1866 3524 a
1910 3469 2067 3526 nobis
2128 3470 2446 3540 iniquitates
2497 3481 2736 3526 nostras.
2785 3470 3256 3538 Quemadmodum
3306 3470 3595 3525 miseretur
3640 3479 3798 3539 pater

509 3567 746 3622 ﬁliorum
776 3579 1022 3628 suorum,
1063 3563 1326 3619 misertus
1364 3570 1451 3618 est
1482 3560 1745 3617 Dominus
1782 3560 2088 3617 timentium
2128 3576 2187 3616 se
2208 3561 2276 3614 θ’.
2310 3580 2329 3613 ι
2375 3561 2500 3617 Haec
2522 3573 2579 3617 et
2611 3562 2665 3618 in
2693 3564 2981 3632 praesentia
3007 3572 3062 3619 et
3094 3563 3305 3618 cunctis
3342 3562 3599 3633 deinceps
3655 3571 3795 3617 tem-

507 3659 737 3731 poribus
773 3657 1036 3714 memoria
1089 3655 1426 3724 recolentes,
1488 3654 1765 3725 Deumque
1807 3655 2095 3725 praaseutis
2134 3654 2295 3724 hujus
2360 3655 2684 3710 festivitatis
2729 3664 2785 3711 et
2823 3655 3121 3726 splendidae
3189 3654 3351 3725 hujus
3381 3668 3449 3710 ac
3496 3653 3801 3710 latissima:

510 3750 652 3807 lucis
719 3758 997 3805 auctorem
1040 3761 1106 3803 ac
1162 3747 1449 3817 praesidem
1500 3746 1592 3801 diu
1627 3755 1901 3817 noctuque
1933 3746 2164 3817 singulis
2204 3746 2376 3812 horis,
2405 3756 2461 3802 et
2495 3748 2776 3813 omnibus,
2807 3756 2867 3802 ut
2914 3747 2986 3801 ita
3034 3745 3238 3812 dicam,
3266 3745 3558 3802 momentis
3593 3745 3799 3815 quibus

511 3842 764 3910 spiritum
833 3839 1103 3903 ducimus,
1135 3846 1262 3893 ante
1318 3836 1512 3893 oculos
1542 3837 1743 3893 mentis
1804 3836 1966 3893 nobis
2029 3847 2427 3907 proponentes,
2460 3839 2589 3893 totis
2615 3837 2782 3893 animi
2815 3837 3027 3893 viribus
3054 3852 3179 3892 eum
3215 3837 3505 3907 diligamus
3533 3851 3600 3890 ac
3628 3851 3795 3892 vene-

518 3944 728 3987 remur.
784 3927 1016 3998 Jamque
1060 3938 1445 3999 exsurgentes,
1465 3927 1881 3985 contentissima
1927 3928 2101 3983 nostri
2139 3925 2367 3984 aﬂ‘ectus
2394 3942 2527 3984 voce
2570 3943 2692 3984 eum
2740 3929 3110 3993 Obsecremus,
3158 3937 3218 3982 ut
3276 3944 3376 3984 nos
3424 3928 3566 3984 intra
3632 3938 3795 3998 septa

511 4022 677 4079 ovilis
698 4022 781 4078 sui
816 4021 953 4077 tueri
982 4030 1242 4092 perpetuo
1270 4037 1337 4077 ac
1388 4036 1612 4079 servare
1661 4021 1814 4088 velit,
1869 4036 2168 4094 pacemque
2204 4023 2373 4094 388
2412 4037 2567 4078 suam
2616 4022 2979 4079 inviolabilem
3020 4024 3177 4080 nobis
3203 4035 3367 4094 atque
3399 4025 3793 4082 inconcussam

510 4122 731 4184 prastet
754 4112 811 4168 in
837 4111 1058 4169 Christo
1076 4111 1203 4169 Jesu
1238 4113 1535 4171 Servatore
1560 4121 1751 4170 nostro
1772 4154 1788 4181 ,
1819 4128 1915 4184 per
1939 4129 2102 4184 quem
2140 4115 2190 4170 ei
2220 4119 2292 4171 sit
2320 4116 2490 4187 gloria
2521 4116 2573 4171 in
2610 4115 2804 4171 saicula
2831 4116 3175 4173 saeculorum.
3196 4117 3391 4174 Amen.

1133 4253 1365 4311 CAPUT
1410 4256 1474 4317 ν.

862 4343 1120 4409 Exempla
1146 4345 1317 4415 legum
1351 4347 1729 4416 imperialium.

579 4433 733 4491 Nunc
771 4449 903 4491 vero
931 4434 1177 4504 exempla
1224 4435 1583 4505 ituperialium
1632 4438 2084 4495 coustitutionum

508 4527 849 4582 Constantini
881 4541 947 4583 ac
968 4526 1160 4581 Licinii
1187 4542 1252 4581 ex
1280 4526 1524 4583 Romana
1551 4529 1732 4601 lingua
1762 4529 1816 4585 in
1836 4528 2084 4587 Graecam

508 4634 769 4676 conversa
791 4620 1047 4688 deinceps
1073 4618 1417 4689 adjiciamus.

506 4710 823 4782 Exemplum
847 4711 1250 4782 constitutionis
1279 4713 1656 4780 imperatorum
1682 4710 2014 4766 Constantini
2035 4719 2085 4765 et

1189 4780 1401 4835 Licinii.

582 4872 933 4929 «Iamdudum
955 4874 1199 4943 quidem,
1233 4889 1356 4928 eum
1390 4873 1948 4931 animadverteremus
1977 4890 2083 4931 non

505 4981 626 5023 esse
662 4967 1016 5022 cohibendam
1065 4967 1340 5034 religionis
1385 4968 1718 5036 libertatem,
1759 4971 1853 5026 sed
1888 4971 2084 5026 unius-

506 5058 766 5128 cujusque
788 5057 1017 5112 arbitrio
1048 5072 1112 5111 ac
1138 5044 1405 5112 voluntati
1440 5059 1883 5126 permittendum,
1913 5067 1973 5112 ut
2015 5075 2083 5115 ex

506 5151 672 5205 animi
691 5150 774 5206 sui
796 5149 1065 5204 sententia
1095 5150 1259 5204 rebus
1279 5149 1477 5204 divinis
1499 5165 1720 5219 operam
1750 5151 1926 5216 daret,
1952 5166 2081 5205 sau-

503 5244 684 5299 ximus
711 5252 772 5298 ut
799 5251 913 5298 tum
937 5241 1122 5297 eaateri
1167 5256 1355 5297 omnes
1398 5251 1510 5297 tum
1552 5242 1874 5307 Christiani,
1916 5253 2078 5299 sectae

466 5386 469 5391 ,
505 5350 569 5390 ac
590 5334 869 5404 religionis
892 5347 1008 5389 sua:
1040 5333 1198 5389 [idem
1237 5342 1398 5404 atque
1425 5335 1833 5389 observantiam
1875 5335 2078 5389 retine-

470 5452 476 5471 ι
502 5433 642 5482 rent.
672 5427 779 5482 Sed
805 5425 1065 5496 quoniam
1089 5426 1143 5480 in
1172 5438 1239 5480 eo
1268 5425 1535 5494 rescripto
1563 5439 1672 5496 quo
1706 5425 1821 5480 haec
1848 5424 2077 5482 facultas

503 5517 609 5573 illis
629 5532 895 5574 concessa
926 5515 1125 5583 fuerat,
1154 5516 1337 5571 multae
1363 5531 1426 5571 ac
1446 5516 1673 5571 diversae
1695 5525 1855 5571 sectze
1874 5515 2077 5572 diserte

503 5622 568 5664 ac
595 5608 913 5663 nominatim
951 5606 1147 5663 additae
1184 5606 1525 5674 videbantur,
1551 5605 1771 5677 quidam
1792 5621 1981 5664 eorum
2006 5608 2076 5666 ob

570 5770 618 5804 ’⁸
643 5771 661 5826 l
692 5772 817 5828 Cor.
852 5786 911 5839 ιι,
942 5771 995 5828 9.
1070 5772 1115 5805 ”
1144 5769 1289 5827 Psal.
1312 5784 1409 5838 eu,
1438 5769 1472 5827 ὅ
1501 5768 1590 5825 15.

2731 4261 3130 4316 ΚΕΦΑΛΑΙΟΝ
3177 4262 3255 4316 Ε’.

2206 4353 2551 4423 Ἀντίπραφα
2578 4350 2924 4418 βασιλικῶν
2949 4352 3149 4422 νόμων·
3173 4351 3313 4421 (Nic.
3344 4350 3418 4405 H.
3451 4348 3515 4405 Ε.
3539 4366 3640 4416 vn,
3665 4350 3780 4415 42).

2257 4446 2393 4517 Φέρε
2446 4446 2511 4517 δὴ
2568 4445 2758 4499 λοιπὸν
2811 4445 2906 4498 καὶ
2965 4443 3076 4497 τῶν
3133 4443 3430 4514 βασιλικῶν
3483 4443 3781 4509 διατάξεων

2186 4535 2599 4589 Κωνσταντίνου
2645 4536 2739 4589 καὶ
2782 4536 3054 4591 Λικιννίου
3087 4535 3186 4600 τὰς
3231 4538 3297 4590 ὲκ
3342 4536 3443 4607 τῆς
3490 4536 3785 4608 Ῥωμαίων

2187 4625 2372 4695 φωνῆς
2407 4626 2845 4699 μεταληφϐείσας
2879 4627 3174 4698 ἑρμηνείας
3201 4628 3597 4700 παραοὼμεθα.

2202 4717 2583 4787 Ἀντίγραφον
2611 4716 2955 4791 ,ϐασιλικῶν
2983 4717 3403 4791 (Statuit-"emersas
3443 4719 3780 4791 Ῥωμαῖκῆς

2557 4787 2844 4857 γλώσσης
2870 4790 3368 4857 μεταληφθεισῶν
3395 4827 3413 4843 .

2264 4894 2284 4929 ο
2324 4877 2461 4949 Ἤδη
2501 4878 2599 4948 μὲν
2630 4877 2798 4932 πάλαι
2826 4878 3155 4944 σκοποῦντες
3178 4881 3279 4952 τὴν
3323 4881 3637 4955 ὲλευθερίσυν
3674 4883 3776 4955 τῆς

2188 4968 2487 5041 θρησκείας
2514 4970 2613 5023 οὐκ
2640 4970 2913 5041 ἀρνητέαν
2944 4968 3104 5037 εἶναι,
3139 4973 3255 5026 ἀλλ’
3286 4974 3406 5035 ἑνὸς
3438 4976 3671 5029 ἑκάστου
3702 4977 3774 5047 τῇ

2184 5059 2390 5129 διανοίᾳ
2438 5059 2532 5111 καὶ
2578 5058 2830 5131 βουλήσει
2877 5060 3130 5125 ἐξουσίαν
3175 5061 3358 5115 δοτέον
3393 5061 3488 5115 τοῦ
3533 5062 3601 5115 τὰ
3652 5061 3775 5117 θεῖα

2185 5150 2487 5221 πράγματα
2515 5149 2770 5221 τημελεῖν
2792 5150 2933 5204 κατά
2958 5151 3055 5223 τὴν
3077 5152 3243 5206 αὑτοῦ
3265 5153 3604 5225 προαίρεσιν,
3636 5153 3772 5207 ἐκα-

2186 5255 2311 5294 στον
2344 5239 2763 5312 κεκελενὴειμεν
2783 5280 2797 5305 ,
2834 5244 2947 5306 τοῖς
2992 5259 3053 5295 τε
3082 5245 3455 5315 Χριστιανοῖς,
3488 5245 3587 5316 τῆς
3615 5244 3773 5314 αίρέ-

2186 5351 2324 5398 σεως
2356 5336 2451 5388 καὶ
2489 5336 2588 5406 τῆς
2618 5327 2917 5408 θρησκείας
2947 5338 3047 5408 τῆς
3075 5338 3283 5392 ἑαυτῶν
3310 5339 3409 5411 τὴν
3446 5339 3629 5392 πίστιν
3667 5357 3771 5409 φυ-

2182 5425 2415 5481 λάττειν.
2460 5426 2597 5479 Ἀλλ’
2621 5426 2808 5500 ἐπειδὴ
2835 5428 3026 5481 πολλαὶ
3050 5430 3144 5482 καὶ
3172 5429 3415 5501 διάφοροι
3442 5430 3682 5503 αἱρέσεις
3706 5432 3769 5486 ἐν

2183 5517 2369 5590 ἐκείνῃ
2416 5519 2480 5589 τῇ
2539 5519 2885 5591 ἀντιγραφῇ,
2938 5522 2997 5573 ὲν
3142 5524 3254 5586 τοῖς
3299 5522 3485 5586 αὐτοῖς
3527 5538 3765 5592 συνεχω-

2186 5608 2322 5681 ρήθη
2354 5612 2388 5681 ἡ
2430 5610 2654 5682 τοιαύτη
2681 5611 2927 5680 ἐξουσία,
2961 5611 3179 5669 ἐδόκουν
3218 5613 3632 5687 προστεθεῖσθαι
3664 5630 3765 5695 σα-
