4210 6388
376 404 476 459 881

1399 395 1750 452 HlSTOﬂl/E
1791 395 2354 454 ECCLESIASTICIE
2397 396 2522 451 LIB.
2557 394 2626 451 Χ.

3530 367 3648 446 882'

379 518 495 584 φῶς
528 512 662 585 (50),
704 510 865 582 τυχὸν
910 509 1039 575 ἴσως
1079 512 1222 575 τινὲς
1262 509 1443 566 αὐτῶν
1484 512 1811 583 μετ’όλίγον
1856 512 1962 566 ἀπὸ

2066 513 2205 568 hanc
2242 511 2479 567 fortasse
2503 523 2720 565 causam
2748 505 2909 577 paulo
2944 516 3070 576 post
3098 505 3168 562 ab
3198 504 3507 574 huiusmodi
3539 505 3636 560 ob-

378 604 477 675 τῆς
504 599 760 671 τοιαύτης
798 598 1228 670 παραφυλάξεως
1265 601 1650 672 ἀνεκρούοντο·
1688 602 1847 656 ὁπότε
1881 604 1964 655 εὐ-

377 680 557 763 τυχῶς
590 690 699 760 ἐγὼ
731 691 1141 753 Κωνσταντῖνος
1173 692 1201 743 ὁ
1229 689 1558 760 Αὔγουστος,
1591 691 1747 761 κάγὼ
1779 692 1963 745 Λικίν-

379 801 490 847 νιος
514 785 542 836 ό
573 782 899 850 Αὔγουστος,
935 781 994 833 ἐν
1026 782 1090 851 τῇ
1122 779 1430 851 Μεδιολάνῳ
1464 779 1838 851 ἐληλύθειμεν,
1868 780 1961 832 καὶ

380 877 559 929 πάντα
598 876 697 927 ὅσα
734 874 871 945 πρὸς
904 873 966 925 τὸ
1007 871 1280 936 λυσιτελὲς
1324 874 1417 926 καὶ
1467 873 1529 927 τὸ
1573 874 1842 944 χρήσιμον
1884 870 1962 941 τῷ

381 965 543 1036 κοινῷ
570 965 835 1037 διέφερεν,
880 965 936 1016 ἐν
967 964 1189 1034 ζητήσει
1227 963 1457 1033 ἔσχομεν
1486 1005 1500 1028 ,
1549 962 1721 1016 ταῦτα
1755 962 1960 1034 μεταξὺ

378 1054 487 1107 τῶν
520 1053 722 1107 λοιπῶν
751 1053 906 1106 ἅτινα
937 1051 1110 1105 ἐδόκει
1142 1052 1200 1105 ἐν
1227 1050 1441 1114 πολλοῖς
1469 1051 1673 1106 ἅπασιν
1705 1050 1960 1121 ἐπωφελῆ

380 1141 539 1208 εἶναι,
569 1144 766 1217 μᾶλλον
793 1146 851 1198 δὲ
878 1146 935 1198 ἐν
964 1142 1204 1215 πρώτοις
1225 1142 1477 1207 διατάξαι
1504 1143 1958 1215 ἐδογματίσαμεν,

379 1230 460 1299 οἷς
489 1238 523 1306 ἡ
558 1236 696 1307 πρὸς
724 1235 784 1289 τὸ
810 1235 961 1289 Θείον
995 1234 1158 1299 αἰδώς
1185 1252 1244 1288 τε
1275 1236 1371 1289 καὶ
1412 1234 1474 1287 τὸ
1514 1234 1679 1299 σέϐας
1705 1236 1958 1306 ἐνείχετο,

378 1325 523 1382 τοῦτ’
567 1326 712 1380 ἔστιν
735 1368 751 1394 ,
805 1327 950 1390 ὅπως
985 1326 1165 1398 δῶμεν
1213 1327 1307 1379 καὶ
1347 1330 1461 1391 τοῖς
1489 1328 1837 1398 Χριστιανοῖς
1868 1328 1961 1380 καὶ

379 1420 544 1472 πᾶσιν
568 1416 857 1489 ἐλευθέραν
885 1418 1092 1490 αἵρεσιν
1122 1418 1216 1471 τοῦ
1246 1417 1557 1472 ἀκολουθεῖν
1579 1420 1644 1489 τῇ
1695 1418 1961 1491 θρησκείᾳ

380 1494 485 1575 ᾖδ’
525 1507 589 1562 ἂν
625 1508 988 1580 βουληθῶσιν·
1030 1510 1178 1571 ὅπως
1216 1509 1245 1562 ὃ
1294 1509 1346 1562 τί
1402 1509 1535 1563 ποτέ
1579 1510 1693 1563 ἐστι
1737 1510 1961 1580 Θειότης

380 1599 474 1652 καὶ
497 1600 747 1670 οὐρανίου
775 1600 1099 1671 πράγματος
1121 1600 1255 1671 (51),
1286 1602 1416 1671 ἡμῖν
1440 1600 1533 1654 καὶ
1561 1603 1695 1655 πᾶσι
1722 1604 1834 1665 τοῖς
1856 1602 1961 1655 ὑπὸ

378 1692 477 1764 τὴν
509 1693 783 1765 ἡμετέραν
825 1692 1074 1760 ἐξουσίαν
1104 1693 1380 1761 διάγουσιν
1415 1694 1641 1764 εὐμενὲς
1690 1690 1828 1747 εἷναι
1872 1693 1961 1746 δυ-

379 1785 542 1856 νηθῇ.
599 1786 791 1839 Τοίνυν
837 1785 1041 1856 ταύτην
1090 1785 1190 1855 τὴν
1240 1783 1493 1855 βούλησιν
1535 1786 1636 1858 τὴν
1683 1785 1961 1856 ἡμετέραν

379 1855 599 1947 ὑγιεινῷ
624 1877 718 1930 καί
749 1855 1023 1947 ὀρθοτάτῳ
1052 1872 1298 1945 λογισμῷ
1326 1855 1779 1946 ἐδογματίσαμεν,
1811 1855 1960 1938 ὅπως
1990 1855 2034 1914 Β

382 1969 572 2040 μηδεν)⁴
605 1968 885 2032 παντελῶς
915 1967 1132 2035 ἐξουσία
1182 1966 1424 2039 ἀρνητέα
1520 1966 1613 2020 τοῦ
1647 1966 1959 2020 ἀκολουθεῖν

377 2060 473 2113 καὶ
519 2059 790 2128 αἱρεῖσθαι
834 2060 931 2130 τὴν
972 2059 1080 2113 τῶν
1128 2059 1467 2130 Χριστιανῶν
1506 2058 1885 2131 παραφύλαξιν
1922 2057 1956 2129 ἦ

379 2148 694 2220 θρησκείαν,
746 2149 958 2219 ἑκάστῳ
1008 2165 1068 2201 τε
1113 2148 1330 2214 ἐξουσία
1380 2147 1558 2219 δοθείη
1613 2147 1707 2201 τοῦ
1758 2147 1958 2201 διδόναι

378 2237 574 2291 ἑαυτοῦ
608 2240 705 2309 τὴν
742 2238 978 2292 διάνοιαν
1019 2239 1078 2291 ἐν
1108 2238 1292 2310 ἐκείνῃ
1336 2240 1402 2308 τῇ
1433 2236 1731 2309 θρησκείᾳ,
1763 2238 1828 2306 ἣν
1861 2237 1959 2289 αὺ-

377 2328 468 2394 τὸς
516 2328 696 2399 ἐαυτῷ
738 2328 1000 2401 ἁρμόζειν
1038 2326 1258 2400 νομίζῃ,
1294 2327 1442 2391 ὅπως
1481 2329 1611 2399 ἡμῖν
1648 2326 1850 2398 δυνηθῇ
1896 2327 1959 2381 τὸ

377 2420 533 2475 Θεῖον
560 2423 618 2474 ἐν
647 2422 782 2474 πᾶσι
810 2421 908 2493 τὴν
942 2420 1128 2491 ἔθιμον
1161 2419 1396 2492 σπουδὴν
1428 2421 1522 2473 καὶ
1551 2418 1959 2488 καλοκάγαθίαν

378 2513 658 2584 παρέχειν.
705 2514 896 2566 ’Λτινα
928 2511 1101 2576 οὕτως
1149 2512 1416 2584 ἀρέσκειν.
1449 2513 1578 2583 ἡμῖν
1627 2511 1960 2583 ἀντιγράψαι

378 2604 670 2660 ἀκόλουθον
707 2599 797 2677 ἦν,
829 2605 896 2658 ἵν’
926 2605 1322 2676 ἀφαιρεθεισῶν
1357 2602 1636 2668 παντελῶς
1667 2602 1775 2657 τῶν
1804 2603 1958 2676 αίρέ-

381 2712 548 2761 σεων,
583 2697 792 2770 ,αἵτινες
830 2698 944 2760 τοῖς
988 2698 1276 2768 προτέροις
1327 2694 1482 2766 ἡμῶν
1521 2694 1809 2767 γράμμασι
1847 2697 1960 2758 τοῖς

380 2789 518 2855 πρὸς
567 2788 668 2861 τὴν
733 2788 830 2859 σὴν
881 2787 1206 2842 καθοσίωσιν
1259 2788 1603 2841 ἀποσταλεῖσι
1665 2786 1797 2859 περὶ
1852 2786 1959 2839 τῶν

381 2877 722 2949 Χριστιανῶν
751 2878 1039 2950 ἐνείχοντο,
1071 2878 1163 2932 καὶ
1192 2878 1349 2933 ἆτινα
1377 2880 1516 2934 πάνυ
1543 2876 1707 2930 σκαιὰ
1734 2875 1828 2930 καὶ
1860 2876 1960 2946 τῆς

380 2970 655 3042 ἡμετέρας
699 2970 1004 3042 πραότητος
1049 2970 1304 3042 ἀλλότρια
1347 2967 1485 3024 εἶναι
1534 2969 1742 3035 ἐδόκει,
1787 2966 1960 3021 ταῦτα

383 3059 668 3132 ὺφαιρεθῇ,
694 3061 788 3114 καὶ
812 3060 907 3114 νῦν
932 3059 1228 3132 ἐλευθέρως
1251 3078 1310 3114 τε
1333 3060 1427 3116 καὶ
1452 3058 1705 3121 ἀπλανῶς
1731 3057 1960 3121 ἕκαστος

381 3150 490 3204 τῶν
516 3150 615 3220 τὴν
648 3151 817 3221 αὐτὴν
851 3151 1167 3223 προαίρεσιν
1202 3150 1511 3222 ἐσχηκότων
1547 3147 1641 3203 τοῦ
1673 3148 1959 3218 φυλάττειν

2064 602 2337 657 servantia
2384 599 2728 656 destiterunt.
2761 595 3128 662 Quamobrem
3182 609 3307 650 cum
3341 610 3464 663 nos,
3487 595 3634 649 Con-

2064 693 2338 748 stantinus
2387 705 2453 746 ac
2499 689 2744 746 Licinius
2787 686 3041 756 Augusti,
3084 684 3338 743 felicibus
3376 686 3635 757 auspiciis

2063 782 2425 841 Mediolanum
2455 782 2817 845 venissemus,
2848 786 2904 832 et
2927 792 3268 848 quaecunque
3296 777 3363 834 ad
3390 792 3634 833 commo-

2063 880 2189 934 dum
2211 875 2614 946 utilitatemque
2655 872 2974 943 reipublicae
3010 869 3378 941 pertinebant,
3400 869 3635 925 sollicite
3694 942 3699 947 _

2065 970 2461 1040 inquireremus
2480 1007 2496 1033 ,
2543 968 2688 1021 inter
2710 973 2905 1019 caetera
2931 978 3051 1034 qum
3094 961 3364 1018 universis
3393 962 3635 1017 multifa-

2065 1059 2198 1113 riam
2223 1054 2906 1128 profuturajudicavimus,
2946 1068 3043 1108 seu
3068 1052 3250 1122 potius
3272 1068 3383 1120 pne
3407 1051 3635 1121 reliquis

2062 1149 2314 1204 omnibus
2338 1148 2456 1202 haec
2495 1145 2876 1203 constituenda
2923 1159 3045 1200 esse
3076 1144 3407 1209 censuimus,
3437 1143 3635 1214 quibus

2062 1241 2228 1296 divini
2281 1239 2523 1296 numinis
2567 1238 2748 1294 cultus
2800 1237 3193 1305 acveneratio
3219 1228 3631 1295 co‘ntineretur:

2062 1330 2168 1384 hoc
2207 1338 2311 1396 est,
2354 1337 2414 1384 ut
2441 1327 2768 1383 Christianis
2798 1334 2855 1382 et
2901 1326 3128 1397 reliquis
3173 1326 3427 1383 omnibus
3464 1325 3637 1383 libera

2064 1423 2290 1479 facultas
2344 1437 2377 1477 a
2413 1421 2570 1478 nobis
2619 1421 2892 1476 tribuatur
2933 1433 3314 1489 quamcunque
3362 1418 3636 1475 voluerint

2064 1514 2380 1584 religionem
2410 1510 2764 1568 consectandi
2798 1529 2812 1565 :
2847 1524 2956 1579 quo
2977 1509 3192 1566 scilicet
3216 1508 3479 1580 quidquid
3503 1507 3635 1563 illud

2061 1612 2143 1657 est
2172 1602 2415 1659 divinum
2447 1617 2512 1657 ac
2547 1600 2770 1658 caeleste
2804 1616 3029 1666 numen,
3062 1600 3220 1657 nobis
3261 1608 3319 1655 et
3363 1599 3634 1655 universis

2062 1696 2154 1766 qui
2208 1696 2309 1751 sub
2360 1695 2589 1766 imperio
2641 1702 2833 1749 nostro
2890 1694 3117 1764 degunt,
3170 1691 3463 1762 propitium
3513 1703 3647 1748 esse

2062 1789 2250 1856 possit.
2286 1787 2440 1843 Hanc
2478 1787 2644 1857 igitur
2690 1794 2933 1842 nostram
2980 1783 3317 1840 voluntatem
3342 1782 3546 1838 salubri
3578 1790 3637 1838 et

2064 1878 2363 1935 rectissimo
2389 1876 2623 1933 consilio
2643 1874 3126 1946 promulgavimus,
3150 1881 3210 1929 ut
3246 1872 3453 1928 nemini
3475 1888 3644 1943 pror-~

2060 1983 2155 2022 sus
2197 1965 2568 2022 Christianam
2619 1963 3022 2022 observantiam
3068 1979 3134 2019 ac
3183 1963 3504 2035 religionem
3529 1977 3638 2019 ;se-

2060 2059 2259 2139 quandi
2283 2066 2378 2112 aut
2400 2056 2635 2126 eligendi
2668 2056 2888 2112 licentia
2923 2055 3243 2126 denegetur.
3284 2053 3390 2110 Sed
3424 2054 3654 2111 unicui-..

2061 2166 2166 2219 que
2197 2150 2360 2206 liceat
2393 2148 2460 2203 ad
2487 2164 2608 2204 eam
2641 2147 2958 2219 religionem
2995 2161 3160 2217 quant
3192 2146 3295 2202 sibi
3327 2144 3637 2201 conducere

2061 2241 2357 2308 censuerit,
2384 2241 2629 2297 animum
2665 2239 2974 2309 applicare;
3013 2254 3122 2308 quo
3152 2237 3392 2293 divinum
3433 2252 3637 2294 numen

2061 2347 2387 2403 propensum
2431 2346 2562 2401 erga
2604 2346 2704 2386 nos
2736 2331 2973 2387 studium
3021 2345 3087 2386 ac
3129 2329 3523 2400 benignitatem
3578 2330 3655 2385 in.

2060 2423 2310 2477 omnibus
2375 2422 2545 2492 possit
2609 2421 2919 2477 ostendere.
2982 2419 3154 2475 Porro
3208 2429 3638 2475 consentaneum

2059 2513 2227 2584 389
2253 2512 2352 2567 fuit
2390 2521 2451 2566 ut
2480 2512 2596 2567 hrec
2627 2510 2784 2566 nobis
2815 2510 2890 2564 ita
2929 2509 3148 2579 placere
3181 2509 3632 2574 rescriberemus,

2061 2601 2427 2673 quo,sublatis
2456 2600 2675 2669 penitus
2719 2599 2978 2655 omnibus
3010 2598 3179 2654 sectis
3210 2615 3331 2669 quae
3364 2598 3420 2654 in
3452 2598 3638 2670 priore

2061 2702 2249 2748 nostra
2273 2692 2341 2748 de
2364 2689 2697 2747 Christianis
2716 2689 2947 2760 epistola
2976 2689 3043 2743 ad
3076 2688 3248 2744 Tuam
3283 2689 3637 2744 Devotionem

2061 2785 2226 2840 missa
2255 2782 2696 2848 continebantur,
2728 2795 2850 2835 cum
2889 2779 2979 2835 illa
3009 2793 3131 2849 qua:
3151 2793 3378 2850 prorsus
3411 2777 3639 2833 sinistra

2061 2887 2115 2932 et
2143 2892 2172 2930 a
2220 2885 2406 2931 nostra
2439 2872 2857 2929 mansuetudine
2901 2872 3081 2928 aliena
3113 2886 3235 2929 esse
3286 2870 3647 2936 videbantur,

2061 2968 2283 3022 omnino
2316 2974 2707 3023 removeantur
2733 2983 2746 3019 :
2780 2971 2892 3019 tum
2920 2974 2979 3020 ut
3009 2965 3064 3020 in
3093 2972 3369 3035 posterum
3404 2961 3637 3031 quicun-

2062 3074 2166 3129 que
2197 3058 2563 3114 Christianam
2596 3055 2913 3127 religionem
2949 3053 3350 3111 observandam
3379 3052 3484 3106 sibi
3517 3064 3647 3105 esse

2062 3158 2390 3213 statuerunt,
2438 3162 2558 3203 eam
2610 3146 2783 3202 libere
2828 3153 2888 3201 et
2934 3152 3250 3201 constanter
3298 3143 3504 3212 absque
3530 3141 3639 3197 ulla

378 3238 479 3311 τὴν
529 3214 637 3295 τῶν
690 3214 1031 3312 Χριστιανῶν
1068 3214 1383 3311 θρησκείαν,
1435 3240 1564 3294 ἄνευ
1607 3214 1752 3302 τινὸς
1797 3237 1958 3308 ὀχλή-

2065 3239 2310 3296 molestia
2359 3247 2415 3295 et
2465 3238 2852 3308 impedimento
2904 3238 3200 3294 retineant.
3245 3234 3641 3304 Quaequiden

383 3348 541 3396 οεως,
581 3331 738 3386 τοῦτο
774 3332 907 3387 αὐτὸ
938 3332 1365 3404 παραφυλάττοι.
1407 3332 1597 3384 Ἃτινα
1627 3332 1694 3402 τῇ
1730 3332 1795 3401 σῇ
1838 3333 1958 3383 ἐπι-

384 3423 575 3494 μελείᾳ
624 3422 971 3493 πληρέστατα
1015 3422 1253 3493 δηλῶσαι
1294 3422 1765 3492 ἐδογματίσαμεν,
1808 3422 1958 3484 ὅπως

381 3512 581 3582 είδείης
618 3513 768 3582 ἡμᾶς
811 3511 1099 3584 ἐλευθέραν
1141 3512 1243 3565 καὶ
1269 3510 1675 3582 ἀπολελυμένην
1713 3509 1959 3576 ἐξουσίαν

381 3600 476 3655 ’.οὗ
532 3601 788 3673 τημελεῖν
842 3604 943 3675 τὴν
1001 3603 1211 3656 ἑαυτῶν
1259 3601 1553 3673 θρησκείαν
1602 3604 1716 3665 τοῖς
1774 3602 1958 3665 αὐτοῖς

383 3693 730 3763 Χριστιανοῖς
764 3693 1083 3747 δεδωκέναι·
1133 3694 1270 3766 ὅπερ
1304 3692 1488 3763 ἐπειδὴ
1542 3691 1960 3763 ἀπολελυμένως

384 3776 566 3846 αὐτοῖς
593 3783 681 3853 ὑφ’
704 3786 737 3855 ἡ
748 3783 863 3854 μῶν
896 3784 1227 3856 δεδωρῆσθαι
1264 3785 1372 3855 (52)
1394 3826 1408 3848 ,
1446 3784 1697 3857 θεωρεῖὴ
1730 3783 1798 3853 σὴ
1827 3781 1962 3837 καθ-

381 3873 638 3939 οσίωσις,
691 3877 784 3929 καὶ
817 3875 1024 3947 ἑτέροις
1057 3875 1302 3929 δεδόσθαι
1340 3875 1589 3940 ἐξουσίαν
1632 3876 1746 3938 τοῖς
1776 3872 1961 3945 βουλο-

390 3966 571 4038 μένοις
602 3965 695 4020 τοῦ
729 3967 1086 4040 μετέρχεσθαι
1118 3969 1216 4039 τὴν
1262 3969 1643 4040 παρατήρησιν
1692 3968 1786 4020 καὶ
1833 3965 1965 4038 θρη-

458 4149 569 4218 (50)
603 4149 1066 4217 Προστεθεῖσθαι
1087 4148 1316 4218 σαφῶς.
1346 4147 1412 4218 in
1437 4146 1623 4201 codice
1657 4145 1959 4218 Fuketiano

387 4228 442 4272 et
468 4215 744 4274 Saviliauo
775 4221 1031 4274 scribitur
1061 4215 1306 4287 ἀσαφῶς.
1356 4216 1500 4287 γυινο
1551 4226 1732 4271 autem
1774 4215 1959 4287 verior

388 4289 458 4341 sit
491 4289 674 4351 lectio,
704 4289 920 4343 diﬂicile
973 4299 1057 4343 est
1095 4284 1297 4343 dicere.
1347 4286 1486 4356 Nam
1523 4301 1647 4340 cum
1686 4287 1833 4356 prior
1863 4284 1965 4356 illa

388 4358 474 4412 lex
496 4359 963 4428 Constantinipro
1001 4359 1350 4421 Christianis,
1405 4355 1561 4424 cujus
1613 4353 1702 4428 hic
1753 4353 1957 4428 mentio

391 4430 473 4494 fit,
515 4430 675 4484 hodie
698 4423 1374 4494 desideretur,obscurum
1423 4423 1507 4479 εει
1559 4427 1815 4493 quidnam
1870 4423 1958 4477 hic

389 4498 491 4552 sibi
521 4499 653 4553 velit
681 4498 1095 4561 Constantinus,
1134 4513 1256 4552 cum
1288 4499 1361 4550 ait
1402 4497 1457 4550 iu
1489 4511 1551 4549 ea
1590 4496 1704 4564 lege
1725 4495 1960 4561 adiectas

2068 3332 2272 3387 idcirco
2309 3341 2415 3386 tuas
2445 3328 2684 3386 solertiae
2710 3329 3011 3400 iudicanda
3036 3325 3377 3391 censuimus,
3415 3333 3475 3378 ut
3504 3323 3643 3378 lihe-

2064 3432 2179 3472 ram
2208 3427 2264 3473 et
2291 3416 2597 3475 absolutam
2636 3418 2911 3473 licentiam
2954 3415 3232 3487 religionis
3259 3428 3370 3469 suae
3399 3412 3647 3473 colendae

2064 3507 2396 3563 Christianis
2412 3518 2728 3563 concessam
2755 3521 2784 3559 a
2813 3506 2970 3562 nobis
2989 3520 3111 3560 esse
3139 3517 3461 3571 cognoscas.
3483 3502 3640 3569 Quod

2064 3599 2318 3668 quoniam
2367 3614 2397 3652 a
2433 3597 2589 3653 nobis
2627 3596 2951 3667 simpliciter
2977 3611 3035 3652 et
3079 3596 3327 3651 absolute
3363 3595 3470 3650 illis
3502 3609 3639 3649 con-

2064 3704 2274 3744 cessum
2304 3699 2409 3756 est,
2453 3688 2613 3744 simul
2651 3688 2814 3743 etiam
2853 3687 2974 3744 aliis
3004 3687 3407 3744 observantiam
3443 3694 3497 3740 et
3519 3686 3637 3739 cul-

2065 3790 2175 3833 tum
2203 3794 2360 3834 suum
2390 3780 2587 3834 sectari
2610 3779 2937 3845 volentibus,
2958 3780 3011 3835 id
3037 3794 3354 3834 concessum
3378 3791 3501 3834 esse
3522 3773 3639 3832 Tua

2067 3871 2290 3926 Devotio
2321 3869 2592 3939 intelligit.
2627 3869 2782 3938 Quod
2808 3869 3053 3940 proftacto
3078 3879 3383 3940 temporum
3416 3879 3637 3924 nostro-

2069 3979 2189 4019 rum
2231 3961 2613 4032 tranquillitati
2666 3964 2963 4020 convenire
3015 3964 3360 4035 perSpicuum
3407 3973 3533 4018 est:
3578 3976 3639 4021 ut

2064 4144 2312 4215 religioni
2344 4144 2675 4202 Christianae
2713 4160 2818 4215 non
2844 4144 2980 4199 levis
3003 4144 3121 4199 fieri
3153 4144 3465 4215 videbatur,
3487 4143 3635 4211 iniu"

2066 4214 2401 4283 ria,quippe
2434 4230 2554 4284 quae
2584 4230 2705 4268 cum
2754 4214 3028 4275 haereticis
3065 4224 3119 4269 et
3184 4214 3552 4269 scliismaticis
3582 4222 3651 4273 et.

2066 4299 2188 4339 cum
2209 4284 2519 4339 Judaaorum
2556 4285 2779 4352 perfidia
2804 4286 2959 4353 quasi
3002 4300 3066 4337 ex
3097 4299 3252 4352 aequo
3277 4298 3635 4351 componere-

2066 4365 2176 4411 tur.
2207 4354 2388 4421 Quare
2412 4354 2722 4409 admonitus
2753 4362 2937 4423 postea
2970 4370 2999 4407 a
3035 4353 3332 4409 Catholicis
3371 4353 3638 4407 Constan-

2068 4424 2232 4487 tinus,
2263 4426 2364 4479 hac
2394 4424 2697 4493 posteriore
2739 4424 2858 4493 lege
2888 4423 2940 4479 id
2973 4423 3325 4489 emendavit;
3362 4433 3633 4477 sectarum

2067 4495 2309 4547 omnium
2351 4492 2627 4548 mentione
2651 4492 2872 4561 penitus
2917 4493 3155 4555 sublata,
3192 4492 3296 4546 hoc
3359 4500 3446 4546 est
3491 4493 3638 4558 quod

388 4567 560 4640 fuisse
586 4568 781 4640 multas
809 4583 872 4623 ac
893 4560 1139 4640 diversas
1173 4568 1413 4640 αἱρέσεις
1434 4560 1674 4640 ,_eaqué_
1696 4566 1761 4619 de
1791 4560 1953 4640 causa

2061 4561 2199 4640 infra
2231 4563 2364 4640 dicit
2391 4565 2476 4618 his
2501 4560 2678 4640 vernhis
2708 4584 2721 4617 :
2760 4562 2867 4640 "Iv:
2901 4561 3299 4640 ἀφαιρεθεισῶν
3357 4560 3637 4640 παντελῶς

393 4638 594 4693 inultos
620 4653 649 4691 a
680 4638 813 4707 legis
854 4639 1181 4694 Christiana:
1234 4634 1584 4707 professione
1625 4634 1953 4707 deterritos.

389 4704 914 4776 Christopbor'sonus
947 4710 1165 4776 quidem
1195 4704 1486 4777 διαφόρους
1518 4704 1755 4776 αἱρέσεις
1792 4704 1958 4777 inter-

390 4775 635 4843 pretatus
682 4786 767 4831 est
819 4775 1012 4832 dubias
1073 4787 1129 4831 et
1176 4775 1900 4832 controversassententias
1940 4790 1955 4825 :

389 4846 764 4912 quasi‘ealex
823 4863 931 4903 non
992 4847 1358 4916 perspicuum.
1425 4846 1519 4900 sed
1574 4847 1866 4916 obscurum
1905 4850 1963 4916 et

389 4919 703 4987 ambiguum
728 4931 946 4987 sensum
978 4913 1246 4987 habuerit.
1277 4920 1456 4985 Atque
1492 4915 1562 4987 ita
1594 4914 1858 4987 Barouius
1889 4913 1960 4987 ad

390 4983 593 5040 annum
655 4987 858 5056 Christi
915 4986 1039 5046 515.
1090 4985 1205 5041 hac
1261 4983 1735 5056 Cbr‘istophorsoui
1792 4983 1961 5056 verba

390 5056 682 5112 intellexit.
708 5055 927 5124 Lnngus
959 5071 1086 5110 vero
1136 5066 1191 5109 et
1227 5051 1501 5112 Musculus
1544 5054 1785 5126 αἱρέσεις
1838 5051 1958 5126 opi-

392 5127 584 5180 niones
616 5137 670 5180 et
699 5128 933 5182 haereses
963 5136 1350 5193 exposuerunt,
1370 5126 1537 5180 multo
1564 5124 1716 5179 certe
1738 5124 1960 5176 rectius.

389 5195 643 5267 Δίρέσεις
671 5202 814 5251 enim
845 5211 942 5263 pro
981 5210 1139 5251 sensu
1161 5211 1255 5267 seu
1285 5196 1495 5265 διανοίᾳ
1526 5196 1665 5250 sumi
1703 5208 1808 5249 non
1836 5206 1960 5267 pos-

392 5262 542 5331 sunt,
569 5267 665 5321 sed
717 5262 1024 5334 opinionem
1081 5266 1394 5335 significant
1438 5262 1494 5319 et
1553 5275 1782 5335 sectam.
1821 5262 1961 5335 Cum

394 5335 561 5402 igitur
592 5333 889 5404 imperator
917 5333 1308 5391 Constantinus
1339 5337 1393 5390 iu
1436 5334 1529 5389 illa
1586 5333 1755 5403 priori
1819 5333 1959 5404 lege,

393 5406 606 5461 cunctis
636 5402 874 5466 celeudi,
903 5415 1059 5474 prout
1081 5405 1304 5474 vellent,
1337 5402 1595 5474 numinis;
1624 5404 1849 5457 liberam
1880 5402 1962 5453 fa-

392 5476 649 5530 cultatem
693 5472 1078 5539 concessisset,
1114 5475 1244 5529 illud
1288 5472 1461 5530 etiam
1506 5472 1802 5541 adiecerat,
1853 5486 1960 5541 non

396 5546 720 5601 Christianis
777 5546 975 5610 solum,
1011 5545 1108 5599 sed
1162 5545 1329 5613 etiam
1387 5540 1609 5613 reliquis
1675 5540 1965 5613 cujuslibet

395 5621 558 5670 secta:
593 5615 931 5678 hominibus,
969 5615 1022 5669 id
1076 5625 1160 5669 est
1207 5612 1407 5668 Judmis
1466 5610 1521 5667 ei
1579 5610 1963 5672 Santaritanis.

394 5684 730 5739 Marcionitis
762 5700 975 5753 quoque
999 5694 1051 5739 et
1083 5685 1447 5749 Montanistis,
1482 5682 1833 5753 Novatianis,
1860 5680 1964 5734 Sa-

397 5754 671 5817 bellianis,
732 5752 988 5809 omnibus
1056 5756 1289 5823 denique
1336 5754 1579 5809 omnium
1640 5752 1964 5823 religionum

396 5824 560 5881 sectis
598 5825 739 5880 idem
780 5839 899 5881 csse
951 5821 1290 5882 concessum.
1348 5825 1465 5896 Quo
1522 5821 1962 5895 quidcut’facto,

2058 4630 2167 4693 τῶν
2224 4632 2487 4704 αἱρέσεων
2542 4632 2744 4695 αἵτινες
2784 4634 2896 4695 τοῖς
2950 4630 3236 4704 προτέροις
3269 4631 3425 4703 ήμῶν
3457 4632 3654 4703 γράμει

2062 4718 2227 4773 μασιν
2257 4703 2544 4773 ἐνείχοντο.
2666 4772 2673 4773 ί
2932 4771 2936 4773 Α
2999 4703 3009 4707 ἲ

2132 4772 2242 4839 (51)
2296 4771 2536 4840 Θεὶότης
2584 4772 2682 4824 καὶ
2729 4771 3012 4839 οὐρανίου
3077 4771 3436 4839 πράγματος.
3481 4771 3636 4840 Apud

2057 4840 2423 4910 Nicephorum
2459 4842 2657 4911 legitur
2688 4841 2985 4907 θειοτάτου,
3011 4844 3152 4911 quod
3179 4858 3283 4895 non
3310 4842 3500 4912 probo.
3528 4840 3634 4896 Sed

2060 4927 2160 4966 nec
2188 4913 2402 4980 vulgata
2438 4914 2596 4965 lectio
2626 4928 2753 4965 sana
2788 4923 2892 4964 est.

2133 4981 2245 5052 (52)
2285 4979 2498 5047 Αὐτοῐς
2542 4983 2640 5052 ὑφ’
2686 4981 2857 5052 fulgor
2896 4979 3281 5050 δεδωρῆσθαι.
3333 4980 3636 5052 Ροδιμιιωο

2060 5049 2234 5105 verba
2262 5053 2312 5104 in
2346 5052 2507 5105 codd.
2548 5049 2732 5111 Μαι,
2761 5050 2899 5108 Fuk.
2931 5069 2993 5106 ac
3020 5049 3186 5106 Savil.
3216 5063 3267 5104 et
3303 5052 3443 5119 apud
3474 5049 3635 5105 Nice-

2062 5122 2289 5192 phorum
2332 5132 2634 5192 sequuntur
2677 5122 2787 5192 lue
2830 5137 3025 5192 voces:
3060 5124 3267 5192 Θεωρεῖ
3312 5123 3346 5192 ή
3390 5120 3458 5192 σὴ
3503 5121 3637 5174 καθ-

2061 5189 2301 5255 οσίωσις,
2323 5192 2417 5243 καί¹
2449 5190 2654 5259 ἐτέροις
2674 5189 2917 5245 δεδόσθαι
2946 5189 3214 5259 ἐξουσίαν,
3242 5189 3375 5253 etc.,
3400 5189 3630 5258 optime;

2063 5263 2167 5316 nisi
2205 5264 2346 5331 quod
2381 5275 2493 5331 Apro
2539 5260 2872 5331 δεδωρῆσθαι
2919 5264 3266 5317 scribendum
3302 5272 3383 5314 est
3438 5262 3632 5330 procul

2063 5331 2231 5401 dubio
2270 5329 2600 5401 δεδώρηται,
2639 5329 2830 5401 utier;
2848 5334 3104 5387 versione
3149 5341 3331 5385 nostra
3380 5340 3627 5397 apparet.

2064 5400 2162 5454 Est
2189 5410 2364 5454 autem
2387 5399 2499 5454 hate
2526 5400 2760 5454 secunda
2792 5399 3131 5456 Constantini
3160 5403 3476 5456 constitutio
3506 5401 3628 5451 data

2066 5472 2134 5541 ad
2179 5470 2498 5541 praefectum
2529 5470 2765 5541 prmtorii
2800 5486 2922 5524 eum
2965 5474 3171 5541 ipsum,
3203 5473 3268 5524 ad
3303 5484 3463 5539 quem
3488 5470 3627 5541 data

2065 5537 2245 5593 fuerat
2282 5541 2455 5608 prima
2486 5539 2699 5609 lex_pro
2728 5537 3070 5596 Christianis.
3100 5543 3181 5597 Ac
3212 5537 3381 5609 prima
3410 5537 3627 5609 quidem

2066 5610 2151 5664 lex
2199 5607 2325 5664 data
2360 5610 2536 5663 fuerat
2567 5607 2775 5673 Romar,
2802 5609 3157 5666 Constantino
3190 5607 3227 5664 ti
3264 5618 3320 5661 et
3348 5607 3557 5661 Licinio
3588 5621 3629 5661 ιι

2066 5694 2209 5738 coss.
2253 5680 2544 5748 statimque
2575 5678 2628 5731 in
2662 5678 2938 5735 Orientem
2968 5683 3131 5736 missa
3157 5683 3223 5734 ad
3255 5675 3629 5732 Maximinum.

2067 5759 2126 5804 ut
2157 5750 2386 5820 habetur
2412 5749 2465 5803 in
2500 5748 2640 5820 libro
2672 5763 2749 5813 Ix,
2784 5764 2902 5820 cap.
2932 5753 2986 5805 9.
3023 5750 3146 5805 Haec
3172 5758 3350 5805 autem
3397 5749 3636 5802 secunda

2070 5822 2191 5880 data
2224 5830 2304 5880 est
2332 5817 2640 5887 Mediolani,
2670 5834 2812 5877 anno
2844 5817 3123 5893 sequente.
