4210 6388
571 394 680 452 883

1313 385 1588 444 EUSEBll
1625 383 2105 443 CIESARIENSIS
2140 382 2292 439 OPP.
2333 379 2513 437 PARS
2550 377 2591 433 1.
2631 407 2700 419 -
2737 373 3123 432 HISTORICA.

3716 374 3823 430 88‘

573 509 867 581 unicuique
893 507 1124 563 liberum
1155 507 1229 562 sit
1256 519 1644 575 quamcunque
1665 504 1900 560 voluerit
1928 502 2144 561 colendi

2249 500 2437 553 σκείαν
2462 495 2668 551 ἑαυτῶν
2687 512 2699 524 ·
2731 496 2870 565 ὅπερ
2898 490 3203 554 ἀκολούθως
3225 492 3292 562 τῇ
3327 488 3526 562 ἡσυχίᾳ
3549 488 3659 544 τῶν
3687 490 3821 561 ἡμε-

574 602 822 657 Numinis
856 600 1122 655 rationem
1161 597 1366 667 eligere
1408 604 1573 665 atque
1615 596 1935 652 observare.
1966 598 2146 665 Atque

574 693 629 747 id
663 707 692 746 a
726 692 884 746 nobis
936 704 1002 744 eo
1032 688 1238 744 factum
1275 696 1396 754 est,
1427 696 1489 742 ut
1518 702 1590 743 ne
1620 689 1707 743 cui
1746 688 1929 742 divino
1975 687 2145 742 cultui

574 791 740 851 atque
766 781 961 836 honori
993 779 1294 849 quidquam
1324 794 1355 833 a
1386 779 1547 835 nobis
1569 779 1882 833 detractum
1914 793 2037 833 esse
2066 780 2145 832 vi-

572 873 815 928 deretur.
843 871 955 927 Hoc
988 880 1169 927 autem
1194 871 1428 941 amplius
1462 871 1516 925 in
1539 871 1772 941 gratiam
1802 869 2145 926 Christiano-

572 975 694 1014 rum
718 962 1087 1024 deceruimus,
1129 970 1189 1014 ut
1210 959 1328 1015 loca
1349 960 1590 1029 ipsorum
1616 960 1672 1016 in
1689 959 1887 1029 quibus
1910 961 2145 1015 antehac

572 1051 866 1107 convenire
900 1060 1323 1115 consueverant,
1352 1051 1420 1105 de
1452 1051 1652 1119 quibus
1679 1051 1732 1105 in
1769 1052 1966 1107 litteris
1996 1053 2146 1120 prius

570 1144 638 1197 ad
663 1143 1013 1214 Devotionem
1036 1142 1209 1197 Tuam
1237 1144 1381 1198 datis
1400 1144 1503 1198 alia
1532 1150 1650 1197 erat
1675 1142 1846 1198 forma
1879 1144 2142 1214 superiori

571 1240 817 1300 tempore
846 1210 1165 1293 constituta,
1195 1232 1246 1286 si
1279 1231 1371 1299 qui
1400 1240 1493 1285 aut
1517 1245 1548 1283 a
1577 1230 1709 1284 ﬁsco
1740 1239 1923 1282 nostro
1946 1210 2050 1283 Vaut
2075 1230 2145 1282 ab

568 1321 680 1376 alio
694 1321 950 1390 quopiam
976 1336 1042 1376 ea
1064 1321 1266 1375 emisse
1287 1322 1389 1376 visi
1415 1321 1639 1384 fuerint,
1664 1320 1796 1390 ipsis
1817 1318 2144 1373 Christianis

567 1411 776 1478 absque
798 1409 904 1462 ulla
928 1409 1160 1478 pecunia
1176 1418 1231 1463 et
1253 1410 1373 1465 sine
1396 1409 1716 1478 repetitione
1744 1408 1851 1462 ulla
1881 1408 2145 1478 superad-

524 1568 527 1573 γ
560 1499 697 1567 jecti
729 1500 909 1568 pretii,
939 1500 1320 1555 incunctanter
1341 1516 1405 1556 ac
1434 1501 1552 1556 sine
1587 1500 1692 1554 ulla
1717 1500 1948 1568 ambage
1982 1498 2141 1552 resti-

568 1599 760 1657 tuant;
793 1600 849 1646 et
876 1590 921 1646 si
958 1591 1051 1660 qui
1082 1593 1271 1646 eadeni
1302 1593 1418 1646 loca
1449 1593 1592 1647 dono
1627 1590 1957 1660 acceperint,
1992 1600 2049 1643 ut
2078 1605 2142 1645 ea

502 1692 512 1707 ο
565 1680 820 1748 protinus
861 1681 1184 1737 Christianis
1231 1683 1486 1736 reddant.
1523 1681 1680 1748 Quod
1721 1680 1767 1736 si
1807 1680 1898 1750 qui
1932 1696 1994 1736 ea
2026 1680 2143 1735 loca

508 1758 513 1841 ξ
565 1778 821 1824 emerunt
857 1778 953 1825 aut
984 1771 1181 1825 donata
1228 1780 1581 1841 acceperunt,
1636 1770 1843 1839 aliquid
1891 1787 1921 1824 a
1956 1780 2141 1826 nostra

2244 592 2417 662 τέρων
2444 588 2650 661 καιρῶν
2674 586 2919 656 γίνεσθαι
2950 583 3183 655 φανερόν
3207 585 3375 646 ἐστιν,
3399 583 3546 646 ὅπως
3572 581 3826 647 ἐξουσίαν

2245 682 2473 743 ἕκαστος
2517 679 2615 749 ἔχῃ
2665 676 2759 731 τοῦ
2804 674 3077 747 αἱρεῖσθαι
3123 674 3218 727 καὶ
3263 672 3522 743 τημελεῖν
3563 675 3745 727 ὁποῖον
3773 672 3821 724 δ’

2246 772 2313 827 ἂν
2342 771 2596 841 βούληται
2624 768 2797 823 Θεῖον.
2824 766 2995 820 Τοῦτο
3015 766 3071 819 δὲ
3104 765 3192 834 ὑψ’
3220 764 3376 836 ἡμῶν
3399 764 3642 833 γέγονεν,
3671 765 3825 828 ὅπως

2249 863 2490 935 μηδεμιᾷ
2515 863 2648 932 τιμῇ
2682 859 2814 931 μηδὲ
2848 856 3112 929 θρησκείᾳ
3141 857 3248 909 τινὶ
3279 853 3615 925 μεμειῶσθαί
3645 872 3698 907 τι
3728 855 3821 922 ὑφ’

2244 956 2400 1027 ἡμῶν
2431 954 2636 1024 δοκοίη.
2669 954 2777 1007 Καὶ
2803 951 2962 1005 τοῦτο
2991 950 3049 1003 δὲ
3080 949 3216 1019 πρὸς
3249 950 3361 1011 τοῖς
3398 946 3604 1010 λοιποῖς
3639 947 3719 1009 εἰς
3756 947 3820 1000 τὸ

2245 1046 2534 1117 πρόσωπον
2569 1044 2677 1097 τῶν
2723 1039 3064 1114 Χριστιανῶν
3108 1035 3502 1108 δογματίζομεν
3523 1076 3538 1101 ,
3573 1037 3662 1090 ἵνα
3692 1037 3822 1101 τοὺς

2242 1139 2441 1200 τόπους
2472 1135 2651 1189 αὐτῶν
2679 1136 2759 1197 είς
2789 1132 2882 1196 οὓς
2910 1131 2972 1185 τὸ
3010 1131 3273 1202 πρότερον
3317 1128 3662 1199 συνέρχεσθαι
3702 1127 3827 1191 ἔθος

2241 1224 2310 1300 ἦν
2336 1228 2547 1290 αὐτοῖς,
2581 1225 2708 1295 περὶ
2740 1216 2815 1276 ὧν
2856 1222 2950 1275 καὶ
2983 1224 3094 1284 τοῖς
3142 1217 3405 1291 πρότερον
3441 1216 3642 1270 δοθεῖσι
3682 1215 3828 1287 πρὸς

2242 1318 2341 1388 τὴν
2371 1315 2469 1387 σήν
2497 1313 2827 1369 καθοσίωσιν
2858 1310 3148 1381 γράμμασι
3184 1309 3353 1370 τύπος
3382 1307 3567 1379 ἕτερος
3595 1302 3662 1377 ἦν
3691 1305 3827 1376 ὡρι-

2246 1406 2443 1477 σμένος
2469 1402 2547 1474 τῷ
2578 1402 2828 1474 προτέρῳ
2859 1401 3035 1472 χρόνῳ
3075 1398 3206 1467 (55),
3240 1398 3327 1462 ἵν’,
3358 1396 3412 1448 εἴ
3436 1413 3578 1460 τινες
3605 1396 3639 1468 ἢ
3674 1394 3826 1468 παρὰ

2242 1500 2337 1555 τοῦ
2360 1499 2584 1570 ταμείου
2612 1494 2706 1548 τοῦ
2737 1494 3005 1565 ἡμετέρου
3047 1491 3080 1561 ἢ
3116 1490 3267 1560 παρά
3302 1506 3445 1552 τινος
3478 1488 3665 1558 ἑτέρου
3695 1486 3824 1558 φαι-

2242 1606 2417 1644 νοιντο
2459 1585 2795 1659 ¹ήγορςῑκότες
2824 1582 3067 1645 τούτους,
3108 1581 3220 1644 τοῖς
3264 1580 3446 1638 αὐτοῖς
3477 1579 3827 1650 Χριπιανοῖς

2244 1681 2371 1735 ἄνευ
2403 1676 2667 1751 ἀργυρίου
2701 1674 2794 1727 καὶ
2823 1672 2951 1726 ἄνευ
2983 1671 3127 1734 τινὸς
3155 1669 3504 1739 ἀπαιτήσεως
3525 1666 3625 1737 τῆς
3654 1666 3826 1737 τιμῆς

2244 1769 2635 1843 ὑπερτεθείσης
2669 1766 2805 1834 (54),
2846 1765 2970 1834 δίχα
3004 1761 3185 1833 πάσης
3217 1759 3475 1831 ἀμελείας
3507 1758 3604 1811 καὶ⁸
3649 1759 3827 1828 ἀμφι-

514 1880 522 1887 ’
566 1859 857 1916 clementia
891 1871 1076 1931 petere
1107 1862 1311 1930 velint;
1360 1864 1395 1917 ii
1453 1863 1768 1934 praefectum
1803 1863 1894 1931 qui
1942 1865 1996 1918 in
2050 1864 2142 1919 illa

2246 1864 2432 1927 6ολίας
2469 1862 2991 1927 ἀποκαταστήσωσι,
3043 1854 3137 1908 καὶ
3183 1852 3237 1906 εἴ
3270 1869 3415 1915 τινες
3460 1850 3600 1904 κατά
3652 1850 3826 1922 δῶρον

565 1951 847 2020 provincia
885 1952 975 2022 jus
1018 1952 1173 2019 dicit,
1208 1955 1424 2016 adeant,
1459 1964 1574 2008 uta
1606 1965 1791 2009 nostra
1834 1955 2142 2010 Serenitate

566 2042 709 2098 ratio
730 2043 969 2112 ipsorum
994 2045 1279 2101 habeatur.
1295 2047 1429 2113 Qua:
1453 2048 1670 2114 quidem
1689 2047 1870 2102 omnia
1897 2047 2144 2117 protinus

565 2137 688 2190 sine
738 2135 843 2192 ulla
896 2137 1158 2193 dilatione
1185 2139 1399 2207 corpori
1443 2138 1881 2194 Christianorum
1930 2141 2142 2196 restitui

565 2233 657 2278 tua
687 2239 817 2281 cura
848 2220 915 2281 ac
952 2227 1235 2299 diligentia
1262 2229 1555 2297 oportebit.
1589 2229 1658 2284 Et
1686 2230 1946 2299 quoniam
1976 2230 2141 2285 iidem

562 2315 863 2371 Christiani
912 2332 1018 2372 non
1054 2317 1234 2373 solum
1271 2333 1334 2373 ea
1372 2318 1489 2372 loca
1522 2321 1575 2372 in
1618 2320 1815 2389 quibus
1847 2322 2145 2377 convenire

563 2407 834 2469 solebant,
864 2409 958 2461 sed
984 2408 1148 2461 etiam
1181 2407 1284 2462 alia
1323 2411 1634 2478 possedisse
1668 2422 1989 2476 noscuntur,
2022 2425 2144 2481 qua:

563 2507 674 2545 non
709 2493 964 2562 privatim
992 2494 1058 2548 ad
1095 2493 1340 2565 singulos
1370 2496 1634 2564 ipsorum,
1665 2499 1762 2552 sed
1794 2500 1863 2554 ad
1895 2499 1991 2568 jus
2014 2514 2140 2555 cor-

478 2632 484 2637 .
562 2584 715 2652 poris
742 2586 1102 2654 pertinerent,
1164 2588 1280 2643 haec
1328 2588 1509 2643 omnia
1542 2601 1669 2660 post
1712 2593 1885 2659 legem
1915 2608 1943 2646 a
1985 2592 2141 2647 nobis

467 2708 470 2711 -
564 2684 924 2730 memoratam
951 2677 1117 2748 39o
1146 2679 1350 2747 absque
1407 2679 1515 2734 ulla
1565 2682 1908 2738 dubitatione
1950 2683 2141 2740 iisdem

564 2766 917 2834 Christianis,
940 2770 1043 2824 hoc
1069 2778 1153 2824 est
1185 2771 1408 2826 cuilibet
1437 2775 1653 2840 corpori
1677 2783 1730 2830 et
1757 2777 2142 2833 conventiculo

566 2858 808 2925 ipsorum
842 2862 1055 2915 restitui
1078 2861 1298 2930 jubebis
1324 2881 1338 2916 :
1361 2865 1673 2931 supradicta
1698 2867 1905 2921 scilicet
1932 2869 2142 2923 ratione

560 2958 807 3015 servata,
840 2962 899 3005 ut
926 2952 1018 3020 qui
1051 2967 1115 3007 ea
1149 2951 1271 3008 loca
1319 2955 1525 3023 absque
1562 2958 1925 3013 redhibitione
1958 2962 2141 3029 pretii,

564 3040 713 3092 sicut
744 3039 947 3096 dictum
982 3053 1087 3109 est,
1131 3046 1506 3112 restituerint,
1536 3048 1951 3104 indemnitatem
1987 3068 2141 3107 suam

563 3146 597 3184 ιι
633 3140 818 3187 nostra
846 3134 1176 3205 benignitate
1198 3150 1537 3207 exspectent.
1562 3141 1741 3210 Atque
1767 3141 1823 3195 in
1854 3143 1938 3196 his
1959 3144 2142 3198 omni-

562 3217 669 3272 bus
699 3222 1019 3289 supradicto
1036 3228 1253 3295 corpori
1279 3228 1714 3285 Christianorum
1738 3246 1958 3300 operam
1993 3244 2139 3288 tuam

564 3322 730 3380 atque
758 3313 1081 3370 industriam
1116 3321 1293 3387 quoad
1347 3321 1467 3374 ﬁeri
1505 3323 1705 3389 poterit
1739 3333 2001 3392 praestare
2047 3327 2142 3381 de-

559 3401 755 3470 bebis;
803 3414 864 3458 ut
913 3408 1226 3463 mandatum
1273 3411 1539 3467 citissime
1584 3415 1917 3482 perﬁciatur,
1950 3431 2059 3486 quo
2087 3418 2139 3470 in

472 3526 484 3535 -
564 3491 669 3545 hoc
685 3491 849 3546 etiam
876 3497 1151 3550 communi
1174 3505 1229 3550 et
1253 3498 1479 3566 publica:
1499 3501 1876 3570 tranquillitati
1903 3518 1932 3555 a
1956 3514 2142 3557 nostra

564 3582 861 3639 clementia
889 3586 1234 3643 consulatur.
1259 3586 1371 3644 Hac
1399 3589 1547 3644 enim
1590 3591 1802 3646 ratione
1837 3592 1995 3646 sicuti
2024 3592 2137 3664 jam

639 3779 776 3857 (55)
823 3781 1028 3857 _Ti§:_toq_
1088 3781 1311 3857 ὅτερφςγ
1354 3784 1685 3855 ὡρισμένος
1742 3786 1825 3854 τῷ
1881 3786 2144 3857 προτέρῳ

562 3851 783 3919 χρόνῳ.
820 3851 895 3905 De
928 3851 1064 3904 locis
1114 3854 1348 3921 publicis
1385 3851 1440 3909 et
1488 3851 1820 3912 cmine'teriis
1870 3851 2141 3913 Christia-

565 3935 759 3973 norum
803 3930 981 3992 exstat
1013 3923 1098 3975 lex
1137 3922 1367 3978 Gallieni
1397 3925 1537 3992 apud
1586 3927 1874 3983 Eusebium
1916 3930 1970 3981 in
2006 3928 2145 3984 libro

562 4004 673 4061 vii,
706 4004 833 4061 cap.
861 3990 946 4049 15.
994 4006 1102 4061 qua
1156 3990 1462 4061 linjusmodi
1504 3997 1623 4051 loca
1675 3996 2004 4053 Christianis
2055 4015 2144 4053 re-

564 4060 718 4135 stitui
742 4058 1024 4135 iubentur;
1053 4060 1109 4135 In
1141 4058 1312 4130 priina
1340 4065 1509 4135 igitur
1536 4068 1948 4131 constitutione,
1978 4085 2141 4135 qnam

560 4129 726 4206 vieto
757 4128 1035 4206 Martentio
1070 4128 1459 4206 constantibus
1496 4144 1550 4191 et
1582 4135 1824 4190 Licinius
1864 4128 1961 4206 pro
1989 4128 2147 4191 Chri-

563 4199 762 4272 stianis
805 4201 1122 4262 ediderunt,
1167 4210 1223 4272 et
1265 4200 1426 4272 cujus
1475 4207 1756 4272 exemplar
1790 4199 1878 4259 ad'
1905 4206 2148 4260 Maximi-

566 4284 694 4321 num
746 4269 1128 4337 imperatorem
1168 4270 1219 4323 iii
1251 4268 1528 4327 Orientem
1572 4268 1864 4338 miserunt,
1907 4280 2009 4329 hoc
2057 4292 2147 4331 so—

563 4338 675 4390 lum
706 4338 1084 4412 decreverant,
1129 4350 1187 4392 ut
1231 4341 1576 4412 locagomnia
1613 4347 1664 4397 in
1700 4363 1818 4412 qua:
1851 4345 2147 4401 Christiani

562 4409 860 4481 convenire
892 4421 1314 4481 consueverant,
1343 4410 1670 4467 Christianis
1698 4409 1828 4468 oliui
1866 4419 2145 4481 adempta,

565 4477 761 4554 iisdem
824 4480 1269 4554 restituerentur.
1318 4484 1423 4535 Sed
1478 4485 1544 4537 de
1594 4485 1749 4554 pretii
1808 4477 2149 4541 restitutione

2246 1952 2584 2024 τυγχάνωσιν
2614 1948 2895 2019 εἰληφότες
2931 1946 3059 2009 τοὺς
3102 1945 3296 2007 αὐτοὺς
3322 1944 3552 2006 τόπους,
3582 1942 3732 2005 ὅπως
3773 1941 3824 1993 ει

2243 2049 2356 2108 τοῖς
2396 2043 2580 2106 αὐτοῖς
2624 2040 2972 2110 Χριστιανοῖς
3010 2036 3106 2107 τὴν
3139 2036 3395 2106 ταχίστην
3442 2033 3829 2103 ἀποκαταστή-

2247 2153 2410 2191 σωσιν
2446 2134 2617 2197 obrui;
2644 2132 2781 2203 (55),
2823 2132 2856 2202 ἢ
2901 2131 2950 2183 οἱ
2979 2128 3309 2200 ὴγορακότες
3336 2127 3463 2189 τοὺς
3499 2126 3697 2189 αὐτοὺς
3730 2126 3825 2179 τό-

2246 2245 2399 2291 πους,
2434 2227 2467 2297 ἢ
2500 2227 2551 2279 οἱ
2588 2224 2731 2277 κατά
2767 2221 2974 2294 δωρεὰν
3004 2220 3284 2290 εἰληφότες
3332 2216 3525 2271 αἰτῶσί
3572 2235 3625 2270 τι
3671 2217 3828 2289 παρά

2242 2321 2342 2391 τῆς
2371 2316 2647 2388 ἡμετέρας
2687 2311 3114 2381 καλοκάγαθίας,
3146 2308 3484 2381 προσέλθωσι
3514 2307 3592 2379 τῷ
3625 2308 3717 2361 ἐπὶ
3743 2308 3828 2361 τό-

2243 2428 2361 2466 πων
2408 2409 2638 2480 ἐπάρχῳ
2688 2403 2984 2469 δικάζοντι,
3031 2404 3179 2465 ὅπως
3231 2402 3325 2455 καὶ
3366 2400 3546 2453 αὐτῶν
3588 2399 3676 2453 διὰ
3725 2402 3829 2472 τῆς

2244 2502 2517 2574 ἡμετέρας
2579 2497 2946 2571 χρηστότητος
3017 2494 3244 2564 πρόνοια
3312 2493 3555 2562 γένηται.
3632 2492 3827 2546 Ἀτινα

2244 2595 2423 2649 πάντα
2453 2591 2534 2663 τῷ
2576 2589 2835 2661 σωματίῳ
2869 2587 2977 2640 τῶν
3015 2584 3354 2657 Χριστιανῶν
3384 2587 3513 2655 παρ’
3562 2583 3703 2638 αὐτὰ
3735 2583 3827 2639 διὰ

2241 2685 2341 2756 τῆς
2374 2685 2473 2755 σῆς
2506 2683 2742 2753 σπουδῆς
2770 2682 2896 2735 ἀνευ
2926 2677 3072 2740 τινὸς
3119 2676 3399 2748 παρολκῆς
3437 2674 3826 2747 παραδίδοσθαι

2241 2775 2444 2847 δεήσει.
2494 2775 2601 2828 Καὶ
2649 2773 2834 2844 ἐπειδὴ
2879 2772 2929 2825 oi
2983 2768 3137 2823 αὐτοὶ⁹
3195 2770 3514 2839 Χριστιανοὶ
3563 2771 3624 2824 ού
3662 2770 3827 2841 μόνον

2242 2869 2483 2932 ἐκείνους
2522 2869 2603 2931 είς
2645 2865 2741 2930 οὒς
2788 2863 3142 2939 συνέρχεσθαι
3174 2862 3296 2926 ἔθος
3336 2858 3505 2932 εἷχονς
3544 2862 3681 2916 ἀλλὰ
3729 2865 3817 2916 καῖ

2243 2960 2462 3029 ἑτέρους
2492 2958 2691 3021 τόπους
2727 2957 3019 3028 ἐσχηκέναι
3046 2953 3404 3023 γινώσκονται
3424 2994 3439 3017 ,
3472 2954 3828 3025 διαφέροντας

2243 3050 2306 3101 οὐ
2349 3049 2487 3120 πρὸς
2529 3048 2758 3102 ἕκαστον
2787 3048 2987 3111 αὐτῶν,
3039 3047 3173 3102 ἀλλὰ
3212 3046 3348 3118 πρὸς
3394 3046 3455 3098 τὸ
3485 3046 3691 3099 δίκαιον
3727 3044 3824 3100 τοῦ

2245 3137 2426 3193 αὐτῶν
2460 3138 2729 3210 σώματος,
2774 3139 2919 3192 τοῦτ’
2949 3139 3065 3193 ἔστι
3098 3139 3205 3191 τῶν
3250 3136 3624 3210 Χριστιανῶν,
3654 3136 3827 3192 ταῦτα

2248 3230 2427 3283 πάντα
2479 3232 2573 3284 ἐπὶ
2620 3231 2699 3302 τῷ
2746 3232 2897 3301 νόμῳ
2951 3232 3015 3285 ὃν
3054 3231 3467 3303 προειρήκαμεν
3523 3230 3660 3301 (56),
3701 3230 3828 3301 δίχα

2247 3321 2543 3385 παντελοῦς
2572 3340 2719 3386 τινος
2745 3323 3206 3395 ἀμφισϐητήσεως
3226 3327 3339 3388 τοῖς
3362 3325 3543 3387 αὐτοῖς
3568 3324 3829 3393 Χριστια-

2246 3416 2375 3476 νοῖς,
2409 3413 2555 3466 τοῦτ’
2601 3416 2718 3467 ἔστι
2765 3415 2842 3485 τῷ
2888 3414 3102 3485 σώματι
3141 3415 3322 3470 αὐτῶν
3364 3417 3458 3471 καὶ
3484 3419 3552 3487 τῇ
3585 3415 3824 3484 συνόδῳ,

2245 3505 2460 3574 ἑκάστῳ
2493 3505 2671 3559 αὐτῶν
2703 3508 3149 3578 ἀποκαταστῆναι
3181 3508 3488 3570 κελεύσεις·
3521 3506 3618 3559 τοῦ
3649 3523 3830 3577 προει-

2248 3595 2485 3666 ρημένου
2526 3595 2787 3669 λογισμοῦ
2825 3598 3028 3670 δηλαδὴ
3075 3599 3459 3670 φυλαχθέντος,
3494 3598 3644 3661 ὃπως
3670 3597 3828 3651 αὐτοὶ

2244 3805 2365 3864 post
2411 3793 2583 3864 legem
2628 3795 2772 3850 illam
2824 3795 3007 3850 Romze
3039 3797 3220 3849 datam
3273 3794 3634 3851 Constantino
3674 3811 3714 3852 Il
3766 3806 3829 3853 et

2245 3863 2451 3918 Licinio
2473 3863 2513 3920 ii
2546 3881 2714 3928 τοδε..
2742 3866 2897 3934 cujus
2931 3882 3093 3935 supra
3130 3868 3459 3921 mentionem
3510 3866 3643 3921 fecit
3677 3873 3829 3922 Con-

2245 3936 2533 4005 stantiinis.
2585 3936 2649 3989 Et
2687 3937 2798 3990 inec
2835 3936 3052 4005 quidem
3104 3935 3207 3989 fuit
3255 3937 3425 4005 prima
3464 3935 3553 3990 lex
3585 3936 3829 4005 impera-

2245 4004 2381 4074 toris
2422 4003 2765 4058 Constantini
2802 4003 2900 4074 pro
2943 4003 3294 4059 Christianis.
3341 4004 3446 4058 Sed
3480 4021 3604 4059 cum
3655 4003 3708 4060 in
3758 4023 3827 4063 ea

2248 4072 2363 4141 lege
2410 4072 2955 4145 Constantiniis'erga
2998 4075 3342 4129 Christianos
3391 4075 3551 4129 nimis
3596 4091 3654 4130 se
3698 4092 3830 4145 pro-

2249 4158 2475 4211 pensum
2521 4144 2907 4207 declarasset,
2935 4145 3212 4213 solamque
3258 4160 3447 4198 eorum
3504 4144 3818 4213 religionem

2247 4214 2773 4281 extolleiis,reliquas
2797 4230 2985 4267 omnes
3009 4224 3188 4268 sectas
3211 4229 3273 4267 ac
3291 4216 3643 4269 cieremouias
3671 4216 3831 4270 dam-

2249 4298 2382 4336 nare
2426 4283 2574 4337 visus
2624 4285 2850 4347 fuisset,
2884 4295 3108 4337 coactus
3142 4284 3240 4337 fuit
3273 4285 3376 4337 hac
3422 4284 3660 4338 secunda
3708 4286 3829 4354 lege

2251 4362 2486 4404 mentem
2516 4368 2669 4406 suain
2713 4368 2778 4406 ac
2819 4356 3141 4406 sententiain
3174 4355 3468 4421 explicare,
3501 4369 3566 4406 ne
3593 4356 3827 4423 gentiles

2251 4422 2580 4489 prohibitum
2606 4423 3091 4490 aut_iniprobatum
3121 4425 3189 4474 ali
3221 4424 3337 4490 ipso
3368 4424 3821 4480 deoruincultum

2251 4488 2627 4557 quererentur.
2690 4488 2957 4545 Omnibus
2991 4492 3154 4559 igitur
3190 4488 3416 4545 liberam
3463 4492 3673 4546 colendi
3717 4508 3826 4544 nn-

566 4547 1092 4628 riihilunouiinatim
1164 4547 1649 4628 priescripserani;
1711 4564 1858 4628 certe
1911 4570 2024 4628 nec
2063 4556 2142 4628 _in
2177 4554 2223 4609 D
2252 4547 2414 4613 minis
2461 4562 2774 4614 facultatem
2817 4575 2845 4613 a
2895 4576 2953 4613 se
3000 4547 3313 4614 concessam
3361 4575 3485 4615 esse
3539 4562 3829 4628 prolitetur

565 4614 690 4689 lege
713 4616 993 4689 Maximini
1044 4614 1403 4686 imperatoris
1431 4636 1551 4689 quae
1579 4614 1922 4678 Constantini
1954 4640 2020 4679 ac
2062 4624 2150 4677 Li-

565 4685 903 4765 cinii-legem
957 4685 1201 4754 proxime
1254 4685 1542 4765 subsecuta
1585 4705 1694 4759 est,
1727 4697 1793 4747 de
1830 4695 2149 4765 repetitione

567 4756 737 4825 pretii,
772 4757 1069 4824 quidquam
1117 4769 1359 4825 cavetur,
1404 4772 1463 4812 ut
1495 4756 1689 4816 videre
1719 4775 1802 4818 est
1836 4756 1901 4816 ιη’
1941 4764 2037 4817 lib.
2069 4780 2143 4825 is,

563 4836 686 4891 cap.
717 4824 768 4878 9.
806 4827 993 4891 Itaque
1042 4842 1262 4881 necesse
1310 4824 1499 4884 habuit
1529 4832 1935 4895 Constantinus,
1983 4836 2049 4886 de
2083 4850 2147 4887 ea

568 4906 631 4965 re
685 4894 996 4947 distinctius
1035 4907 1333 4965 Astatuere;
1386 4910 1445 4953 ut
1498 4901 1797 4957 Christiani
1870 4894 1985 4955 loca
2042 4904 2146 4956 sibi

567 4964 844 5042 adempta,
871 4973 928 5042 et
957 4979 995 5042 ιι.
1025 4961 1155 5018 ﬁsco
1184 4961 1400 5022 vendita
1431 4971 1517 5024 vel
1546 4974 1769 5037 donata,
1796 4973 2003 5042 absque
2036 4973 2148 5027 ulla

565 5034 738 5110 pretii
759 5033 1111 5110 restitutione
1137 5050 1543 5105 recuperarent.

642 5098 777 5171 (54)
824 5099 940 5167 Τῆς
970 5101 1149 5177 τιμῆς
1200 5098 1644 5177 ὑπερτεθείσης.
1684 5111 1774 5165 Sic
1805 5118 1964 5165 vocat
1997 5110 2146 5177 adje-

567 5176 783 5227 ctiones
834 5186 955 5237 qua:
1007 5176 1141 5225 liunt
1204 5178 1256 5229 in
1335 5176 1678 5234 aui-tionibus
1742 5182 1826 5235 vel
1886 5176 2144 5234 licitatio-

568 5247 749 5318 irihus.
797 5240 908 5318 Eas_
952 5242 1288 5318 adiectiones
1328 5251 1615 5303 vernacula
1666 5249 1846 5318 lingua
1890 5266 2147 5304 voramus

566 5311 852 5394 Εηςίιὶνθε.
889 5308 1068 5365 Latini
1120 5328 1303 5372 autem
1353 5318 1686 5387 adiectiones
1728 5308 2036 5390 appellant,
2086 5328 2147 5375 ut

563 5393 697 5438 dixi.

639 5450 1398 5525 (5’5)_'A:z_oxataatﬁo'uatr
1431 5458 1639 5525 οὕτως.
1674 5458 2026 5514 Scribendum
2058 5460 2144 5514 vi-

567 5520 1049 5600 ςιειυτ-’ὡσαύτιιξςο
1084 5528 1134 5579 ει
1278 5528 1312 5598 ἢ
1345 5530 1393 5582 oi
1426 5520 1791 5600 ήγοραὶιότες,
1832 5542 1939 5586 etc.
1969 5532 2146 5600 Atque

568 5595 640 5647 ita
683 5596 843 5661 plane
878 5608 907 5643 a
954 5590 1316 5652 Constantino
1368 5590 1635 5668 scriptum
1685 5590 1811 5655 esse
1858 5590 2141 5656 existimo.

568 5668 722 5729 Quod
771 5668 817 5719 si
873 5677 980 5715 non
1037 5670 1230 5733 verba,
1280 5683 1499 5724 sensum
1548 5682 1700 5726 certe
1760 5670 1999 5727 assecuti
2049 5687 2145 5727 su-

567 5749 708 5787 uitis.

639 5803 751 5875 (56)
806 5805 928 5862 Ἐπὶ
978 5808 1057 5878 τῷ
1089 5808 1250 5881 νόμῳ
1296 5809 1367 5867 ὃν
1408 5809 1864 5882 προειρήκαμεν.
1910 5810 1966 5867 ld
2023 5821 2136 5880 est,

2248 4629 2640 4683 Constantinus
2686 4647 2698 4683 :
2740 4630 2823 4700 ita
2889 4639 2949 4682 ut
3006 4632 3380 4699 unusquisque
3444 4646 3542 4700 pro
3593 4633 3829 4686 arbitrio

2248 4712 2632 4770 quamcunque
2670 4699 2800 4752 velit
2852 4709 3052 4770 sectam
3086 4714 3152 4753 ae
3198 4699 3510 4770 religionem
3541 4712 3823 4770 sequatur.

2250 4768 2376 4822 llaec
2422 4784 2552 4838 ergo
2592 4769 2948 4839 secundailex
2982 4770 3116 4822 nihil
3145 4768 3422 4830 aliud’est,
3457 4768 3828 4839 quani'expli-

2247 4839 2392 4892 catio
2427 4854 2612 4906 primae
2640 4839 2793 4906 legis.
2828 4838 3034 4905 Quippe
3075 4840 3125 4891 in
3164 4840 3334 4907 prima
3386 4839 3474 4892 illa
3520 4839 3638 4908 lege
3677 4838 3828 4908 quie-

2249 4909 2371 4960 ilain
2418 4909 2580 4961 verba
2630 4917 2819 4973 erant,
2857 4910 3051 4976 quibus
3081 4918 3136 4962 et
3168 4908 3416 4977 gentiles,
3458 4920 3513 4963 et
3557 4910 3829 4964 Christia-

2249 4992 2440 5031 iioruni
2495 4977 2771 5037 nonnulli,
2823 4978 2860 5031 ii
2909 4980 3120 5033 scilicet
3166 4978 3256 5046 qui
3309 4994 3338 5031 a
3390 4980 3662 5035 catholica
3718 4982 3828 5035 lide

2248 5047 2612 5110 desciverant,
2643 5045 2951 5116 Novatiani,
2984 5045 3323 5102 Montanista:
3353 5060 3408 5102 et
3451 5050 3664 5116 reliqui,
3714 5065 3827 5105 non

2248 5118 2599 5170 mediocriter
2628 5115 3057 5183 olfeudebantur,
3088 5133 3210 5171 cum
3241 5133 3300 5172 se
3334 5115 3618 5173 haereticus
3656 5124 3707 5173 in
3755 5135 3825 5175 ea

2248 5186 2544 5255 appellatos
2578 5187 2842 5240 viderent.
2891 5187 2997 5240 Sed
3029 5196 3085 5242 et
3128 5186 3425 5242 Christiani
3471 5204 3564 5242 seu
3615 5189 3827 5244 Catho-

2248 5254 2338 5309 lici
2369 5271 2513 5326 aegre
2566 5256 2813 5310 ferebant
2846 5259 2944 5312 sibi
2982 5259 3273 5311 haereticos
3316 5257 3534 5325 adjuugi
3578 5270 3632 5314 et
3664 5263 3826 5324 quasi

2247 5326 2487 5394 cupiilari
2523 5327 2575 5380 in
2604 5332 2792 5381 eadem
2832 5329 3240 5381 constitutione.
3275 5327 3633 5393 Quamobrem
3679 5329 3827 5383 Cou-

2249 5400 2544 5468 stantinus,
2574 5405 2802 5468 utgerga
2834 5413 3024 5451 omnes
3050 5414 3109 5452 se
3150 5398 3437 5468 benignum
3485 5402 3823 5464 ostenderet,

2247 5478 2311 5535 ea
2344 5467 2505 5520 verba
2539 5466 2755 5534 penitus
2790 5482 3077 5535 suppressa
3113 5466 3298 5521 voluit;
3329 5469 3387 5521 ιιι
3421 5470 3565 5521 enim
3595 5470 3698 5522 sibi
3724 5483 3828 5522 vo-

2247 5534 2366 5608 lunt
2409 5537 2494 5590 lia:
2543 5552 2704 5608 voces
2734 5555 2749 5591 :
2780 5534 3323 5608 Ἰννάφαιρεθεισῶν
3382 5539 3662 5601 παντελῶς
3712 5538 3826 5592 τῶν

2246 5604 2546 5676 αἱρέσεων,
2594 5606 2809 5681 -αζτινες
2866 5604 2988 5671 τοῖς
3038 5604 3337 5681 Δπροτέροις
3409 5610 3583 5681 ἡμῶν
3636 5610 3826 5681 γράμ-

2251 5692 2436 5743 μασιν,
2457 5690 2566 5731 etc.
2591 5677 2689 5729 Hic
2712 5688 2796 5750 est
2812 5692 3008 5750 sensus
3038 5677 3195 5740 huius
3219 5677 3641 5750 constitutionis,
3661 5677 3827 5750 Quem

2247 5761 2356 5801 non
2395 5750 2513 5804 sine
2543 5762 2741 5818 magno
2771 5747 2956 5804 labore
2984 5748 3246 5819 exiiiscati
3279 5764 3502 5822 sumus”
