4210 6410
576 332 678 390 891

1251 333 1523 392 EUSEBII
1561 334 2041 392 (‘ESARIENSIS
2077 336 2231 395 OPP.
2272 338 2454 394 PARS
2493 337 2534 393 l.
2572 368 2638 380 --
2683 337 3054 395 HISTORICA

3745 334 3851 390 89?.

577 448 857 505 dissimam
894 447 1303 505 altercationem
1321 452 1389 506 ad
1416 452 1519 507 hoc
1549 467 1724 523 usque
1755 454 2016 523 temporis
2037 468 2134 524 per

2263 455 2402 509 ἀλλὰ
2445 455 2551 529 μὴν
2580 457 2675 509 καὶ
2703 459 2854 528 τρεῖς
2882 456 3080 517 παῖδας
3111 455 3237 518 τοὺς
3274 451 3675 524 δυνησομένους
3717 451 3851 522 ὑμῖν

577 541 832 606 duravit,
862 542 1063 596 auditis
1094 542 1348 596 omnibus
1381 558 1570 597 eorum
1603 543 1696 614 qui
1731 559 1876 599 nune
1924 545 2070 599 inter
2097 559 2161 600 se

577 633 844 689 dissident
866 672 881 697 ,
913 648 1049 703 quos
1082 635 1246 688 etiam
1281 636 1475 691 adesse
1503 634 1785 705 jussimus.
1822 637 2165 706 allegationi-

576 727 679 782 bus
700 769 716 795 ,
765 726 833 781 ad
862 742 1158 796 congruam
1209 727 1488 796 religionis
1516 740 1571 784 et
1604 729 1726 784 ﬁdei
1755 729 2160 783 observantiam

575 817 984 887 fraternamque
1014 820 1371 874 concordiam
1401 821 1617 875 tandem
1650 821 1948 890 aliquando
1992 821 2165 889 possit

574 909 839 964 revocari.
872 909 1198 965 Incolumem
1228 920 1280 966 te
1314 913 1456 968 Deus
1484 911 1833 982 omnipotens
1853 913 2159 969 diutissime

571 1012 769 1056 servet.
787 1021 806 1054 ι

2259 548 2401 601 κατὰ
2426 548 2526 620 τὴν
2558 548 2677 602 ὁδὸν
2717 545 3168 617 ὑπηρετήσασθαι
3197 544 3553 617 παραλαϐὼν,
3581 543 3715 597 εἵσω
3749 544 3853 614 τῆς

2258 640 2430 709 αὐτῆς
2460 639 2673 710 ἡμέρας
2718 639 2813 691 ἐπὶ
2862 639 2940 707 τῷ
2980 638 3364 709 προειρημένῳ
3410 637 3564 705 τόπῳ
3600 634 3851 705 ἀπάντη-

2260 747 2373 795 σον,
2408 731 2484 794 ώς
2524 731 2591 784 ἂν
2627 729 2721 783 διὰ.
2746 747 2806 783 τε
2832 730 2934 800 τῆς
2966 730 3065 800 σῆς
3095 729 3474 800 στερρότητος,
3509 727 3605 781 καὶ
3633 724 3722 780 διὰ
3746 724 3849 797 τῆς

2259 820 2453 890 λοιπῆς
2476 819 2585 873 τῶν
2633 820 2924 875 συνιόντων
2958 820 3235 891 ὀμοψύχου
3266 820 3364 873 καὶ
3397 818 3697 890 ὁμόφρονος
3723 832 3850 870 συν-

2265 910 2455 972 έσεως,
2506 910 2601 963 καὶ
2640 910 2799 963 τοῦτο
2826 912 2961 982 ὅπερ
3000 912 3129 982 ἄχρι
3160 908 3256 965 τοῦ
3295 909 3454 983 δεῦρο
3509 908 3729 978 φαύλως
3777 906 3851 962 δι’

2262 1000 2496 1072 αἰσχράς
2522 1018 2677 1065 τινας
2708 1000 3545 1075 ζυγομαχίαςπαραμεμένηκεν,
3563 1000 3854 1055 ἀκουσθέν-

569 1111 677 1149 των
711 1095 929 1150 πάντων
970 1097 1078 1149 τῶν
1106 1097 1412 1169 μελλόντων
1450 1097 1810 1171 λεχθήσεσθαι
1840 1098 1993 1170 παρά
2021 1097 2132 1151 τῶν
2167 1095 2263 1149 νῦν
2316 1096 2409 1148 ἀπ’
2444 1093 2687 1166 ἀλλήλων
2723 1093 3055 1159 διεστώτων,
3111 1094 3318 1166 οὕσπερ
3345 1093 3544 1165 ὁμοίως
3591 1094 3854 1163 παρεῖναι

568 1190 956 1262 ἐκελεύσαμεν,
991 1192 1195 1263 δυνηθῇ
1237 1194 1319 1257 εἰς
1363 1193 1463 1266 τὴν
1505 1194 1863 1266 ὀφειλομένην
1922 1192 2219 1265 θρησκείαν
2274 1190 2369 1244 καὶ
2419 1190 2639 1251 πίστιν,
2682 1188 2975 1260 ἀδελφικήν
3026 1205 3086 1242 τε
3137 1188 3409 1260 ὁμόνοιαν,
3458 1185 3562 1239 κᾶν
3608 1183 3855 1256 βραδέως

568 1281 954 1356 ἀνακληθῆναι.
1005 1284 1351 1352 ’Υγιαίνοντά
1380 1302 1440 1339 σε
1472 1288 1501 1340 ό
1528 1286 1662 1351 Θεὸς
1691 1289 1721 1340 ό
1757 1289 2154 1360 παντοκράτωρ
2189 1285 2506 1356 διαφυλάξοι
2530 1285 2623 1338 ἐπὶ
2646 1284 2863 1348 πολλοῖς
2882 1284 3078 1338 ἐτεσιν.
3115 1304 3135 1335 ι

1065 1375 1227 1446 393
1276 1376 1510 1433 CAPUT
1568 1377 1655 1432 Vl.

780 1466 857 1522 De
885 1468 1037 1522 rebus
1066 1470 1135 1521 ad
1162 1467 1495 1525 Christianos
1535 1473 1936 1541 pertinentibus.

602 1621 922 1695 Exemplum
949 1623 1190 1698 ειῆεεοιφ
1226 1625 1569 1698 imperatoris
1604 1626 1984 1696 Constantini,
2010 1645 2116 1698 qua

980 1696 1231 1761 pecunias
1268 1697 1502 1749 ecetesiis
1536 1697 1728 1752 donat.

647 1806 665 1838 ι
688 1785 1139 1856 Quandoquidem
1174 1786 1375 1856 placuit
1396 1788 1552 1842 nobis
1578 1797 1637 1843 ut
1671 1804 1769 1858 per
1799 1804 1993 1845 omnes
2022 1806 2150 1860 pro-

563 1878 773 1932 vincias
799 1878 1017 1944 Africae,
1051 1877 1340 1946 Numidia;
1369 1888 1426 1933 et
1472 1880 1757 1950 utriusque
1784 1880 2147 1945 Mauritaniae,

563 1970 733 2027 certis
764 1971 1089 2041 quibusdam
1142 1971 1399 2042 legitimae
1421 1983 1477 2026 et
1516 1974 1880 2029 sanctissima:
1932 1975 2151 2044 religio-

562 2064 650 2118 nis
677 2062 957 2118 catholicae
1002 2063 1267 2119 ministris
1300 2064 1367 2119 ad
1401 2073 1652 2133 sumptus
1684 2066 2023 2121 necessarios
2048 2066 2149 2120 ali-

560 2156 689 2224 quid
740 2155 1116 2225 przeberetur,
1175 2156 1390 2211 litteras
1437 2157 1558 2211 dedi
1608 2159 1675 2211 ad
1727 2157 1925 2212 Ursum
1969 2158 2145 2212 virum

560 2246 1019 2317 perfectissimum
1056 2247 1378 2299 rationalem
1405 2244 1622 2308 Africw,
1645 2246 1810 2315 eique
1841 2246 2147 2315 signiﬁcari

558 2346 618 2391 ιιι
649 2349 731 2393 ter
765 2339 909 2393 tuille
945 2339 1099 2394 folles
1139 2338 1268 2392 Tum
1292 2338 1565 2393 Gravitati
1596 2340 1873 2393 numerari
1904 2348 2142 2397 curaret.

558 2424 640 2480 Tit
689 2426 877 2497 itaque
924 2427 1013 2481 ubi
1050 2427 1368 2496 praedictam
1414 2428 1772 2496 quantitatem
1823 2429 2142 2498 acceperis,

554 2531 782 2586 operam
834 2519 1025 2580 dabis,
1077 2529 1138 2573 nt
1167 2519 1379 2572 cunctis
1409 2533 1576 2588 supra
1624 2521 1944 2575 memoratis
1986 2520 2145 2589 juxta

556 2610 783 2665 brevem
813 2611 882 2665 ab
915 2610 1083 2665 Hosio
1136 2613 1202 2664 ad
1234 2620 1287 2666 te
1328 2611 1598 2665 directum
1633 2628 1697 2667 ea
1741 2614 1969 2681 pecunia
2001 2614 2143 2668 divi-

2784 1375 3183 1430 ΚΕΦΑΛΑΙΟΝ
3228 1377 3317 1443 ς’.

2385 1467 2528 1537 Περὶ
2556 1466 2676 1523 τῶν
2706 1469 3084 1537 Χριστιανοῑς
3122 1469 3555 1537 προσηκόντων
3583 1465 3693 1537 (68)

2732 1540 2876 1610 (Nic.
2909 1539 2981 1594 11.
3016 1539 3083 1593 Ε.
3113 1556 3211 1602 vn,
3239 1539 3354 1608 49).

2266 1629 2652 1699 Ἀντιγραρον
2693 1630 3028 1702 βασιλικῆς
3054 1629 3386 1702 ἐπιστολῆς
3425 1629 3501 1684 δι’
3517 1626 3594 1702 ἧς
3613 1629 3845 1699 χρήμα-

2578 1718 2651 1754 τα
2672 1701 2801 1769 ταῖς
2821 1702 3178 1769 ἐκκλησίαις
3198 1700 3482 1769 δωρεῖται.

2328 1811 2347 1844 ι
2383 1793 2794 1857 Κωνσταντίνος
2823 1792 3134 1861 Αὔγουστος
3169 1790 3511 1862 Καικιλιανῷ
3554 1792 3842 1862 ὲπισκόπῳ

2251 1884 2631 1955 Καρταγὲνης.
2674 1883 3004 1955 Ἐπειδήπερ
3040 1885 3227 1955 ῆρεσε,
3262 1882 3405 1936 κατά
3442 1882 3624 1946 πάσας
3667 1883 3841 1954 ἐπαρ-

2250 1976 2391 2046 χίας,
2424 1975 2525 2038 τάς
2563 1992 2622 2028 τε
2671 1975 2937 2046 Ἀφρικάς
2969 1975 3063 2029 καὶ
3103 1974 3202 2038 τὰς
3243 1972 3563 2044 Νουμιδίας,
3606 1972 3702 2026 καὶ
3739 1972 3842 2036 τὰς

2252 2065 2649 2137 Μαυριτανίας,
2688 2069 2871 2135 ῥητοῖς
2914 2084 3025 2120 τισι
3073 2066 3182 2119 τῶν
3229 2063 3520 2137 ὑπηρετῶν
3552 2064 3651 2133 τῆς
3684 2061 3841 2117 ἐνθέ-

2252 2172 2390 2227 σμου
2421 2158 2515 2211 καὶ
2552 2158 2864 2229 ἁγιωτάτης
2912 2156 3207 2228 καθολικῆς
3241 2155 3562 2228 θρησκείας,
3619 2158 3698 2219 εἰς
3734 2157 3832 2210 ἀν-

2243 2250 2503 2322 αλώματα
2519 2250 2989 2323 ἐπιχορηγηθῆναι
3034 2264 3108 2317 τι,
3148 2251 3324 2305 ἔδωκα
3355 2250 3660 2321 γράμματα
3701 2246 3838 2320 πρὸς

2247 2339 2456 2413 Οὖρσον
2472 2344 2562 2398 τὸν
2585 2344 2986 2415 διασημότατον
3008 2342 3295 2396 καθολικὺν
3310 2343 3410 2413 τῆς
3439 2341 3724 2413 Ἀφρικῆς,
3741 2338 3838 2393 καὶ

2248 2433 2492 2505 ἐδήλωσα
2518 2433 2685 2505 αὐτῷ,
2710 2434 2859 2497 ὅπως
2889 2433 3223 2506 τρισχιλίους
3249 2432 3464 2502 φόλλεις
3483 2435 3552 2505 τῇ
3580 2436 3648 2505 σῇ
3681 2435 3839 2506 στερ⁶

2248 2526 2433 2597 ρότητι
2469 2526 2853 2597 ἀπαριθμῆσαι
2891 2524 3173 2597 φροντίσῃ.
3211 2527 3284 2578 Σὺ
3300 2525 3503 2590 τοίνυν,
3539 2524 3704 2595 ἡνίκα
3735 2526 3837 2596 τὴν

2248 2616 2514 2689 προδηλου
2523 2619 2691 2690 μένην
2715 2619 2992 2688 ποσότητα
3010 2616 3119 2670 τῶν
3144 2633 3249 2688 χρη
3261 2616 3446 2686 μάτων
3474 2616 3835 2688 ύποδεχθῆναι

556 2703 740 2756 datur.
777 2700 929 2768 Quod
965 2703 1009 2756 si
1057 2701 1196 2758 forte
1225 2704 1292 2756 ad
1324 2719 1503 2759 meum
1550 2720 1677 2773 erga
1714 2718 1813 2758 vos
1848 2721 2038 2759 omnes
2090 2706 2138 2759 in

2249 2715 2501 2781 ποιήσῃς,
2524 2710 2695 2764 ἆπασι
2725 2714 2837 2774 τοῖς
2860 2710 3281 2781 προειρημένοις
3301 2709 3443 2763 κατά
3473 2709 3535 2762 τὸ
3566 2708 3833 2780 βρεούῖον,

554 2793 662 2848 hac
697 2803 856 2862 parte
891 2794 1132 2850 studium
1159 2795 1485 2864 explendum
1512 2798 1706 2851 deesse
1736 2796 1941 2866 aliquid
1976 2798 2139 2851 intel-

555 2886 789 2953 lexeris,
820 2887 1210 2942 incunctanter
1237 2889 1498 2958 quidquid
1534 2890 1906 2943 necessarium
1939 2890 2031 2944 tibi
2059 2891 2140 2944 vi-

556 2978 794 3044 debitur,
837 2980 905 3034 ab
939 2979 1221 3036 lleraciida
1255 2993 1615 3052 procuratore
1665 2982 1991 3051 praediorum
2044 3000 2142 3038 no-

554 3080 795 3124 strorutn
831 3078 1019 3140 petere
1052 3072 1240 3127 debes.
1279 3071 1414 3126 Nam
1450 3080 1508 3126 et
1541 3073 1640 3141 ipsi
1678 3087 1862 3126 coram
1911 3075 2140 3127 manda-

551 3160 627 3227 vi,
661 3168 719 3215 ttt
745 3160 791 3216 si
816 3162 945 3230 quid
979 3163 1223 3231 pecuniae
1255 3163 1510 3219 Gravitas
1544 3164 1660 3220 Tua
1698 3164 1767 3219 ab
1800 3167 1919 3235 ipso
1949 3177 2139 3235 postu-

555 3253 733 3318 taret,
762 3253 971 3323 absque
1007 3253 1125 3308 ulla,
1163 3254 1505 3311 dubitatione
1536 3257 1993 3312 dinumerandnm
2041 3257 2138 3312 tibi

551 3355 795 3402 curaret.
851 3345 920 3401 Et
970 3347 1229 3416 quoniam
1287 3348 1471 3417 accepi
1523 3348 1788 3418 quosdam
1841 3364 1950 3402 non
2001 3350 2139 3403 satis

550 3439 867 3509 compositae
893 3441 1090 3495 mentis
1114 3441 1361 3494 homines
1389 3441 1439 3494 id
1473 3456 1658 3511 agere,
1693 3450 1752 3495 ut
1778 3441 2139 3497 sanctissimae

550 3542 608 3588 et
632 3533 914 3587 catholica:
944 3530 1203 3588 Ecclesiae
1232 3533 1489 3603 populum
1519 3535 1764 3604 improba
1790 3543 1958 3604 atque
1985 3533 2139 3587 adol-

552 3631 725 3685 terina
776 3628 1012 3684 falsitate
1064 3639 1424 3699 corrumpant
1470 3646 1484 3684 :
1552 3630 1698 3684 scias
1748 3646 1835 3685 me
1897 3632 2139 3686 Anulino

548 3718 897 3788 proconsuli,
928 3728 983 3773 et
1010 3717 1251 3773 Patricio
1279 3719 1485 3772 vicario
1516 3717 1900 3788 prtefectorum
1947 3736 2135 3775 coram

550 3813 670 3867 haec
715 3809 931 3865 dedisse
980 3810 1231 3864 mandata
1258 3851 1275 3877 ,
1316 3820 1375 3863 ut
1421 3810 1565 3864 inter
1607 3820 1802 3865 caetera
1840 3810 2005 3880 hujus
2057 3811 2135 3867 rei

549 3911 951 3973 competentem
986 3917 1173 3957 curam
1205 3908 1435 3971 gerant;
1482 3916 1584 3956 nec
1616 3902 1663 3956 si
1695 3904 1824 3971 quid
1867 3903 2136 3971 ejusmodi

547 4005 765 4065 agatur,
806 3994 1080 4065 negligere
1111 4009 1175 4049 ac
1205 3994 1553 4048 dissimulare
1587 3995 1914 4050 sustineant.
1949 3995 2134 4064 Itaque

2244 2799 2305 2852 τὸ
2326 2801 2463 2872 πρὸς
2482 2801 2540 2854 σὲ
2560 2819 2634 2854 πα
2644 2800 2709 2873 ρὰ
2738 2800 2915 2854 ὐσίου
2939 2800 3267 2865 ἀποσταλὲν,
3283 2799 3459 2855 ταῦτα
3486 2799 3554 2854 τὰ
3574 2801 3677 2872 χρή
3688 2818 3835 2871 ματα

2243 2892 2550 2965 διαδοθῆναι
2575 2893 2849 2947 κέλευσον.
2882 2894 2945 2946 Et
2974 2893 3018 2945 δ’
3051 2893 3161 2964 ἀρα
3188 2893 3325 2966 πρὸς
3350 2894 3412 2947 τὸ
3436 2892 3837 2965 συμπληρωθῆ-

2242 2988 2334 3044 ναί
2362 3005 2464 3058 μου
2495 2987 2594 3059 τὴν
2620 2989 2699 3052 εἰς
2721 2988 2880 3041 τοῦτο
2911 2988 3041 3059 περὶ
3068 2988 3311 3051 ἅπαντας
3338 2988 3535 3050 αὐτοὺς
3568 2986 3836 3057 προαίρε-

2245 3093 2350 3140 σιν,
2383 3077 2550 3130 ἐνδεῖν
2577 3095 2627 3130 τι
2662 3076 3009 3149 καταμάθῃς,
3042 3076 3193 3149 παρὰ
3233 3075 3558 3148 Ἡρακλείδα
3580 3075 3674 3128 τοῦ
3714 3077 3836 3127 ἑπι-

2242 3168 2444 3239 τρόπου
2518 3166 2626 3219 τῶν
2683 3165 2970 3240 ἡμετέρων
3033 3167 3351 3237 κτημάτων,
3414 3165 3836 3237 ἀναμφιλέκτως

2242 3260 2379 3330 ὅπερ
2412 3260 2706 3326 ἀναγκαῖον
2735 3254 2871 3312 εἶναι
2913 3257 3273 3328 καταμάθοις,
3315 3257 3535 3329 αἰτῆσαι
3571 3258 3831 3327 ὀφείλεις.

2242 3351 2353 3405 Καὶ
2383 3350 2490 3422 γάρ
2520 3350 2748 3422 παρόντι
2777 3349 2927 3421 αὐτῷ
2959 3348 3287 3421 προσέταξα,
3324 3349 3390 3403 ἶν’
3417 3350 3471 3403 εἴ
3509 3368 3562 3404 τι
3599 3350 3664 3404 ἂν
3691 3366 3834 3423 χρη-

2246 3444 2430 3514 μάτων
2490 3441 2619 3511 παρ’
2662 3439 2827 3492 αὑτοῦ
2878 3442 2911 3512 ή
2968 3440 3034 3510 σὴ
3085 3439 3380 3512 στεῤῥότης
3428 3442 3650 3513 αἰτήσῃ,
3700 3442 3833 3496 ἄνευ

2240 3531 2538 3603 δισταγμοῢ
2575 3548 2721 3596 τινος
2756 3531 3139 3602 ἀπαριθμῆσαι
3177 3532 3462 3605 φροντίσῃ.
3506 3533 3617 3585 Καὶ
3644 3534 3833 3606 ἐπειδὴ

2241 3621 2549 3695 ἐπυθόμην,
2576 3622 2732 3687 τινὰς
2767 3621 2842 3694 μὴ
2872 3621 3228 3693 καθεστώσης
3263 3622 3503 3687 διανοίας
3533 3625 3831 3695 τυγχάνον-

2239 3731 2339 3778 τας
2366 3713 2717 3785 ἀνθρώπους,
2745 3714 2837 3767 τὸν
2870 3712 2999 3767 λαὸν
3026 3713 3125 3783 τῆς
3156 3714 3470 3787 ἁγιωτάτης
3498 3716 3595 3769 καὶ
3621 3715 3833 3770 καθολι-

2241 3805 2346 3875 κῆς
2395 3804 2723 3877 Ἐκκλησίας
2762 3803 2940 3875 φαύλῃ
2995 3804 3104 3856 τινὶ
3148 3802 3499 3859 ύπονοθεύσει
3543 3804 3831 3875 βούλεσθαι

2238 3896 2617 3968 διαστρέφειν,
2657 3895 2895 3964 γίνωσκέ
2942 3912 3008 3966 με
3049 3895 3303 3966 Ἀνυλίνῳ
3335 3895 3661 3968 ἀνθυπάτῳ,
3691 3895 3832 3951 ἀλλὰ

2243 3989 2350 4059 μὴν
2390 3989 2486 4043 καὶ
2514 3988 2796 4059 Πατρικίῳ
2837 3986 2917 4058 τῷ
2959 3988 3227 4059 ούῖκαρίῳ
3261 3987 3372 4041 τῶν
3418 3988 3675 4060 ἐπάρχων
3715 3987 3828 4061 (69)

547 4089 595 4141 si
629 4102 768 4157 quos
801 4084 1134 4155 ejuscemodi
1174 4085 1425 4140 homines
1454 4083 1507 4137 in
1543 4084 1648 4139 hac
1680 4085 1917 4138 amentia
1947 4099 2132 4154 perse-

2240 4081 2470 4153 παροῦσι
2506 4080 2764 4145 τοιαύτας
2798 4078 3017 4145 ἐντολὰς
3048 4078 3361 4144 δεδωκέναι,
3397 4078 3463 4133 ἵν’
3489 4081 3545 4132 ὲν
3573 4082 3686 4144 τοῖς
3716 4078 3829 4133 λοι-

545 4195 739 4236 verare
764 4178 1123 4248 conspexeris
1147 4217 1162 4242 ,
1191 4178 1400 4247 absque
1425 4176 1531 4231 ulla
1568 4177 1916 4232 haesitatione
1940 4192 2131 4245 supra-

548 4274 723 4328 diclos
768 4268 984 4340 judices
1028 4268 1243 4335 adibis;
1284 4269 1448 4337 idque
1502 4269 1636 4337 ipsis
1689 4268 1929 4333 referes,
1968 4277 2029 4321 ut
2073 4268 2128 4323 in

546 4382 665 4432 eos,
697 4363 1152 4435 quemadmodum
1178 4362 1312 4432 ipsis
1343 4376 1530 4417 coram
1567 4361 1845 4427 mandavi,
1876 4360 2126 4416 animad-

545 4467 782 4514 vertant.
819 4456 1086 4513 Divinitas
1124 4455 1324 4512 summi
1372 4453 1467 4509 Dei
1498 4453 1685 4509 multis
1728 4453 1889 4509 annis
1922 4462 1975 4508 te
2006 4468 2128 4510 ser-

544 4562 655 4609 vet.
689 4571 708 4606 ι

544 4673 864 4730 Eleazarum
897 4682 955 4728 et
986 4669 1231 4724 Ithamar
1271 4666 1411 4722 filios
1439 4664 1620 4720 Aaron
1668 4674 1915 4735 paternae
1955 4662 2126 4733 pleni-

544 4743 751 4798 tudinis
779 4741 1166 4796 abundantiam
1209 4737 1576 4800 transiudisti,
1610 4747 1669 4791 ιιι
1695 4738 1761 4790 ad
1791 4735 2002 4789 hostias
2038 4750 2129 4787 sa-

545 4813 752 4869 lutares
775 4822 830 4867 et
857 4809 1244 4880 frequentioris
1277 4806 1437 4862 ollicii
1464 4815 1829 4880 sacramenta
1872 4804 2125 4880 ministe-

548 4885 688 4937 rium
719 4875 1428 4953 δυαὶοοτθὶ-εξεετιιοιιιιη,-ι
1464 4875 1531 4930 Ει
1567 4878 1735 4953 paulo
1773 4885 1894 4943 post
1919 4891 1932 4927 :
1955 4892 1993 4953 ,ι
2016 4875 2131 4953 ῥο-

514 4962 763 5021 .ceptum
793 4968 822 5004 a
859 4962 933 5015 te,
983 4950 1145 5021 Deus,
1177 4947 1401 5021 secundi
1443 4944 1624 5000 meriti
1673 4960 1869 5021 munus
1916 4944 2130 5021 obtine-

545 5013 706 5076 aut.»
764 5013 1341 5085 llatc‘descripsimus
1394 5031 1464 5071 ex
1531 5016 1912 5070 vetustissimo
1983 5013 2129 5065 libro

548 5091 850 5149 Pontificali
880 5090 1216 5162 Senouensis
1249 5086 1512 5162 ecclesia).
1541 5085 1738 5162 Eadem
1763 5086 1932 5162 habet
1962 5085 2128 5162 etiam

545 5164 683 5218 ordo
728 5163 1027 5219 Romanus.
1073 5158 1213 5212 Sunt
1239 5167 1420 5210 autem
1465 5155 1901 5223 elegantissima,
1945 5168 2035 5214 ac,
2073 5155 2127 5203 ui

547 5236 726 5300 fallor,
753 5250 783 5288 a
815 5231 997 5285 Leone
1026 5244 1159 5298 papa
1207 5226 1529 5300 composita.
1577 5225 1751 5300 Porro
1781 5240 1844 5300 ex
1896 5223 1981 5300 his
2010 5236 2131 5290 qua:

545 5309 691 5371 dixi,
712 5295 956 5374 'apparet
986 5295 1323 5374 quantopere
1357 5296 1531 5374 falsus
1570 5296 1642 5350 sit
1667 5295 2132 5374 _Qliristopliorso-

544 5364 687 5443 nos,
726 5364 820 5445 qni
873 5364 1119 5445 secundae
1156 5367 1297 5419 sedis
1342 5368 1625 5445 episcopos
1667 5364 1754 5445 hic
1803 5366 2132 5445 interpreta:

548 5428 861 5517 tanqnem
913 5440 1303 5517 fere-“secutus
1348 5428 1434 5491 est
1467 5428 1794 5490 Sirmondus
1838 5434 1892 5487 in
1932 5428 2079 5486 tomo
2112 5428 2132 5483 ί

545 5510 910 5575 Conciiiorum
940 5510 1156 5582 Collini.
1437 5574 1463 5582 _
1795 5575 1805 5582 _
2031 5569 2097 5582 η,

612 5569 725 5661 (δέ)
762 5584 905 5654 Περὶ
948 5574 1491 5661 τῶνηΧριστιαν-οῒς
1527 5575 1984 5661 προσηκόνεωκ.

546 5641 734 5714 titulus
768 5641 1007 5725 prorsus
1041 5641 1222 5725 alieno
1268 5649 1389 5725 loco
1421 5641 1640 5725 positus
1683 5641 1785 5725 est.
1833 5641 1967 5697 Nam
2007 5657 2133 5725 quin

817 5723 1047 5801 epistola
1092 5709 1446 5801 tintistantiui'
1468 5718 1536 5773 ad
1570 5709 2120 5801 titecilialnumhnliltii

538 5781 668 5858 dicit
704 5800 768 5854 de
797 5781 953 5853 bonis
979 5792 1046 5849 ad
1089 5792 1434 5849 Christianos
1470 5785 1892 5854 pertinentibus.
1930 5781 2121 5839 Melius

2235 4178 2356 4239 ποῖς
2403 4175 2576 4229 ἅπασι
2614 4174 2710 4227 καὶ
2745 4171 2934 4225 τούτου
2975 4172 3209 4244 μάλιστα
3257 4173 3357 4242 τὴν
3401 4172 3659 4243 φροντίδα
3706 4188 3829 4225 ποι-

2234 4272 2473 4339 ήσωνται
2504 4266 2605 4335 τὴν
2645 4266 3053 4336 προσήκουσαν,
3093 4265 3188 4317 καὶ
3225 4264 3300 4336 μὴ
3340 4264 3680 4335 ἀνάσχωνται
3720 4281 3825 4318 πε-

2236 4360 2421 4431 ριορᾷν
2448 4355 2659 4411 τοιοῦτο
2699 4355 3003 4427 γινόμενον.
3031 4356 3231 4426 Διόπερ
3268 4358 3318 4408 εἰ
3354 4372 3506 4418 τινας
3547 4354 3825 4422 τοιούτους

2234 4448 2558 4523 ἀνθρώπους
2606 4450 2663 4502 ὲν
2720 4449 2859 4519 αὐτῇ
2909 4451 2975 4519 τῇ
3029 4447 3197 4519 μανίᾳ.
3246 4448 3530 4518 ἐπιμένειν
3575 4448 3820 4522 κατίδῃς,

2232 4544 2362 4598 ἄνευ
2396 4541 2542 4604 τινὸς
2566 4539 2901 4611 ἀμφιϐολίας
2940 4542 3054 4604 τοῖς
3092 4537 3515 4611 προειρημένοις
3537 4537 3823 4605 δικασταῖς

2222 4659 2313 4715 hic
2355 4657 2546 4712 titulus
2586 4657 2960 4727 praetigeretnr
2993 4655 3157 4725 capiti
3189 4655 3245 4720 5,
3275 4654 3329 4727 in
3363 4653 3627 4727 qquduze
3663 4657 3822 4727 refe-

2224 4739 2421 4784 runtur
2449 4721 2795 4782 Constantini
2834 4721 3146 4783 sanctiones
3188 4727 3253 4781 de
3284 4721 3441 4781 bonis
3469 4721 3820 4780 Christiano-

2225 4815 2371 4854 rum.
2401 4797 2570 4851 Recte
2599 4798 2760 4866 igitur
2788 4798 3191 4851 vetustissimus
3217 4802 3387 4850 codex
3416 4795 3729 4848 Mazariuns
3760 4808 3820 4853 et

2222 4868 2582 4932 Fuketianus,
2614 4867 2817 4921 nullam
2864 4867 2969 4923 hoc
2999 4868 3119 4922 loco
3165 4867 3365 4937 capitis
3409 4866 3814 4922 di5tinctiouem

2225 4947 2548 4993 aunoscunt.

2261 4958 2749 5078 Ἑὲξκαρίῳ
2765 5006 2884 5060 τῶν
2907 5005 3209 5078 ἐπάρχων.
3248 5005 3325 5060 De
3355 5004 3581 5078 vicariis
3608 5006 3814 5078 praefe-

2227 5074 2439 5131 ctoruin
2468 5074 2682 5130 abunde
2729 5079 2838 5131 dixi
2878 5081 2944 5130 ad
2996 5074 3094 5130 lib.
3124 5092 3214 5131 xw
3262 5078 3443 5129 Amm.
3485 5074 3812 5131 Marcellini.

2228 5146 2402 5202 Erant
2453 5146 2508 5202 bi
2561 5147 2754 5201 vicarii
2807 5158 2936 5202 tunc
2968 5146 3231 5214 temporis
3262 5145 3670 5214 perfemissimi,
3703 5163 3813 5202 non

2227 5228 2412 5271 autem
2440 5216 2734 5271 clarissimi
2774 5226 2866 5272 aut
2896 5217 3242 5285 spectabiles.
3297 5214 3468 5269 Docet
3492 5216 3543 5269 id
3576 5218 3811 5283 epistola

2227 5286 2573 5343 Constantini
2602 5287 2952 5356 imperatoris
3005 5291 3072 5341 ad
3119 5285 3451 5356 Prohianum
3506 5300 3814 5354 proconsu-

2229 5357 2334 5411 lem
2366 5356 2591 5422 Afr'tcze,
2642 5354 2807 5426 quam
2844 5355 3013 5411 refert
3039 5355 3376 5422 Augustinus
3410 5354 3465 5408 in
3503 5356 3665 5425 epist.
3713 5356 3807 5421 68,

2230 5428 2316 5482 itis
2355 5427 2573 5481 verbis:
2633 5444 2652 5476 ι
2685 5426 2941 5481 Ᾱίιὶιιιιυε
2986 5429 3358 5494 praedecessor
3416 5435 3562 5487 tuus,
3612 5427 3813 5482 merito

2230 5499 2356 5552 dum
2399 5497 2481 5549 vir
2531 5494 2968 5567 pctfectissimus
3022 5494 3812 5567 Verns‘vicariusiprarfecto-

2229 5584 2349 5621 rum
2379 5576 2506 5619 tunc
2532 5564 2629 5634 per
2659 5567 2900 5620 Africam
2931 5578 3167 5619 restrain
3207 5564 3553 5618 incommoda
3595 5565 3807 5620 valetu-

2229 5638 2356 5690 dine
2386 5633 2681 5702 teneretur,
2719 5657 2737 5687 ι
2792 5647 2900 5689 etc.
2957 5635 3149 5690 Scribe
3203 5651 3222 5685 ι
3272 5650 3367 5703 per
3418 5633 3661 5703 Africam
3709 5650 3809 5690 nu-

2225 5718 2417 5761 stram.
2449 5724 2467 5757 ι
2501 5706 2592 5760 Sic
2614 5707 2760 5760 enim
2795 5705 3031 5775 loquitur
3059 5702 3455 5759 Constantinus
3484 5704 3535 5775 in
3561 5702 3810 5771 Ερίειοια

2227 5777 2295 5832 ad
2332 5775 2637 5831 Elavhium.
2695 5773 2878 5839 Atque
2923 5776 2997 5832 ita
3046 5774 3304 5832 scribitur
3358 5773 3496 5834 apud
3546 5776 3807 5843 eumdem

3934 5500 3989 5533 ’τ’
