4210 6460
470 406 577 463 893

1176 408 1447 464 EL‘SEBII
1487 407 1970 465 CA'ISAIUENSIS
2008 405 2159 465 ΟΡΡ.
2208 404 2384 460 PARS
2422 404 2463 463 Ι.
2501 435 2573 446 —
2612 405 3000 467 HlSTOIilCA.

3640 403 3744 461 893

476 537 676 583 nostra;
722 527 773 583 in
827 528 931 584 hoc
979 528 1259 584 laetissimo
1281 539 1425 583 statu
1460 540 1515 584 et
1544 530 1598 584 in
1635 529 1948 600 bujusmodi
1978 531 2057 587 fe-

2161 527 2304 596 ήμᾶς
2340 529 2397 579 ἐν
2444 527 2752 601 εὐφροσύνῃ
2786 528 2879 580 καὶ
2914 524 3285 598 πανηγύρεσιν
3340 524 3591 578 ἐτελεῖτο.
3630 524 3746 579 Οὐκ

475 621 810 676 stivitatibns
853 631 1034 676 erant.
1082 622 1189 677 Sed
1237 624 1454 677 virtutis
1492 624 1745 680 inimicus
1776 638 1833 679 et
1882 625 2055 682 malo-

479 728 599 766 rum
653 714 894 768 omnium
950 714 1384 769 studiosissimus
1429 712 1692 771 dmmonis
1741 716 1901 781 livor,
1950 715 2055 771 hoc

477 804 852 872 spectaculum
900 805 991 859 diu
1057 805 1203 860 ferre
1263 823 1371 861 non
1425 810 1620 878 potuit.
1680 807 1865 877 Neque
1923 808 2054 863 item

474 896 634 967 395
656 896 896 951 Licinius
926 897 993 951 iis
1018 897 1419 953 calamitatibus
1448 914 1569 968 qua:
1605 899 1935 968 supradictis
1960 908 2045 970 ty-

476 987 668 1039 rannis
695 985 1034 1048 acciderant,
1061 985 1263 1039 erudiri
1293 987 1466 1053 potuit
1502 996 1560 1041 ut
1590 996 1808 1055 saperet
1842 1003 1903 1043 ac
1940 1003 2055 1042 mo-

475 1079 626 1133 deste
646 1086 850 1145 ageret.
878 1075 979 1140 Qui
1006 1091 1264 1145 prospero
1289 1078 1501 1146 imperii
1520 1079 1602 1133 sui
1632 1087 1802 1145 statu,
1826 1081 2051 1134 secundi

472 1180 597 1240 post
633 1168 1051 1223 Constantinum
1085 1168 1380 1222 maximum
1407 1169 1509 1223 loci
1547 1170 1831 1239 dignitate,
1857 1181 1913 1226 et
1940 1171 2055 1225 alli-

472 1262 642 1315 nitate
675 1261 999 1329 angustique
1033 1262 1252 1329 generis
1288 1260 1672 1329 conjunctione
1706 1262 2009 1317 honoratus
2034 1305 2050 1329 ,

475 1366 504 1404 a
535 1352 795 1406 bonorum
841 1351 1059 1419 quidem
1110 1351 1416 1406 imitatione
1447 1351 1710 1416 descivit,
1755 1354 2052 1424 impiorum

474 1455 606 1496 vero
662 1453 1020 1509 tyrannorum
1073 1457 1272 1509 pravos
1327 1452 1495 1509 atque
1540 1442 1822 1512 improbos
1870 1461 2054 1501 mores

473 1533 753 1588 aemulatus
781 1545 885 1590 est.
915 1534 983 1588 Et
1006 1549 1237 1603 quorum
1268 1533 1634 1588 miserabilem
1686 1535 1810 1589 vitae
1847 1536 2053 1590 exitum

472 1625 588 1680 suis
617 1630 732 1694 ipse
765 1625 939 1680 oculis
976 1636 1367 1696 conspexerat,
1413 1640 1603 1679 eorum
1635 1625 1866 1680 consilia
1897 1627 2053 1696 sequi

476 1714 689 1780 maluit,
720 1731 883 1784 quam
913 1717 966 1770 in
997 1715 1369 1772 benevolentia
1395 1727 1558 1787 atque
1582 1717 1827 1771 amicitia
1858 1718 2054 1787 nptimi

473 1807 735 1876 principis
760 1817 1024 1875 perstare.
1054 1807 1264 1860 Etenim
1291 1807 1512 1860 invidia:
1533 1808 1768 1863 stimulis
1791 1810 2054 1863 adversus

2156 614 2224 688 ἦν
2254 618 2311 670 δὲ
2343 618 2450 689 ἄρα
2483 617 2562 689 τῷ
2596 618 2876 689 μισοκάλῳ
2922 617 3100 688 φθόνῳ
3121 658 3136 684 ,
3170 615 3249 687 τῷ
3294 633 3353 669 τε
3398 614 3745 686 φιλοπονήρῳ

2157 711 2369 781 δαίμονι
2419 712 2655 783 φορητὸς
2693 713 2726 782 ή
2775 711 2882 764 τῶν
2920 710 3212 780 ὁρωμένων
3257 708 3353 761 θέα
3375 726 3388 738 ·
3425 707 3615 780 ὥσπερ
3648 704 3743 762 οῦν

2158 801 2280 854 οὐδὲ
2309 802 2565 872 Λικιννίῳ
2587 801 2723 872 πρὸς
2745 799 3000 872 σώφρονα
3030 797 3285 868 λογισμὸν
3314 796 3610 867 ἐτύγχανεν
3642 796 3743 849 αὐ-

2156 894 2335 966 τάρκη
2363 893 2432 948 τά
2457 897 2568 959 τοῖς
2608 892 2842 965 πρόσθεν
2872 890 3261 963 δεδηλωμένοις
3289 890 3570 962 τυράννοις
3606 906 3745 960 συμ-

2158 984 2466 1054 ϐεϐηκότα·
2504 984 2563 1049 ὃς
2595 981 2655 1038 εὖ
2698 983 3006 1054 φερομένης
3040 982 3138 1053 τῆς
3172 981 3348 1052 ἀρχῆς
3376 980 3547 1051 αὐτῷ,
3582 979 3744 1050 βασι-

2158 1075 2295 1140 λέως
2323 1064 3006 1147 μεγάλουᾞωνστιιντίνου
3033 1073 3355 1144 δευτερείων
3387 1071 3583 1142 τιμῆς,
3619 1073 3741 1124 ἐπι-

2155 1166 2433 1238 γαμϐρίας
2458 1183 2519 1218 τε
2543 1167 2637 1219 καὶ
2667 1166 2987 1234 συγγενείας
3007 1164 3108 1234 τῆς
3136 1163 3397 1217 ἀνωτάτω
3417 1160 3741 1232 ἠξιωμένος,

2160 1260 2447 1329 μιμήσεως
2473 1258 2571 1329 μὲν
2609 1258 2709 1328 τῆς
2742 1238 2852 1311 τῶν
2893 1256 3073 1311 καλῶν
3099 1254 3528 1325 ἀπελιμπάνετο,
3555 1253 3656 1323 τῆς
3684 1251 3747 1305 δὲ

2154 1351 2263 1406 τῶν
2299 1350 2514 1405 ἀσεϐῶν
2553 1351 2831 1421 τυράννων
2869 1349 3172 1421 μοχθηρίας
3207 1345 3401 1419 ἐζήλου
3438 1345 3539 1417 τὴν
3578 1361 3746 1399 κακο-

2155 1442 2406 1513 τροπίαν,
2444 1442 2538 1496 καὶ
2574 1434 2650 1496 ὧν
2679 1441 2774 1495 τοῦ
2816 1440 2932 1511 βίου
2972 1441 3071 1513 τὴν
3120 1438 3504 1511 καταστροφὴν
3530 1438 3745 1492 ἐπεῖδεν

2156 1535 2340 1598 αὐτοῖς
2368 1533 2692 1605 ὀφθαλμοῖς,
2727 1533 2931 1587 τούτων
2953 1533 3183 1587 ἕπεσθαι
3213 1534 3280 1603 τῇ
3302 1531 3495 1603 γνώμῃ
3520 1530 3744 1602 μᾶλλον,

2156 1628 2282 1699 ἢτῇ
2330 1626 2423 1679 τοῦ
2482 1627 2793 1700 κρείττονος
2844 1624 3083 1679 διαθέσει
3132 1624 3393 1695 ἐμμένειν
3431 1623 3525 1676 καὶ
3570 1621 3744 1695 φιλίᾳ,

2158 1722 2360 1791 ᾑρεῖτο.
2383 1717 2768 1790 Διαφθονηθείς
2793 1719 2859 1787 γέ
2875 1735 2958 1771 τοι
2979 1717 3057 1788 τῷ
3079 1717 3474 1789 πανευεργέτῃ,
3509 1716 3746 1787 πόλεμον

2156 1812 2364 1883 δυσαγῆ
2382 1812 2476 1864 καὶ
2492 1810 2796 1864 δεινότατον
2826 1810 2963 1881 πρὸς
2982 1809 3143 1863 αὐτὸν
3170 1808 3416 1879 ἐκφέρει.
3440 1809 3502 1861 οὐ
3530 1807 3748 1877 φύσεως

473 1875 614 1952 bene
643 1896 708 1950 dc
728 1909 787 1949 se
806 1895 1056 1949 meritum
1084 1894 1360 1958 incitatus,
1391 1895 1775 1965 gravissimum
1804 1903 1862 1950 et
1892 1893 2048 1949 nefa-

2161 1902 2336 1971 νόμων
2358 1902 2705 1971 φεισάμενος,
2739 1901 2836 1971 οὐχ
2861 1897 3237 1971 ὁρκωμοσιῶν,
3276 1899 3375 1969 οὐχ
3406 1898 3657 1969 αἴματθς,
3681 1897 3745 1950 οὐ

475 1988 615 2041 rium
648 1988 695 2040 ei
727 1986 925 2042 bellum
949 1988 1146 2053 intulit,
1205 2004 1311 2042 non
1349 1998 1560 2044 natura:
1588 1990 1859 2044 reveritus
1897 1989 2045 2057 jura,

473 2092 581 2132 non
614 2076 902 2142 foederum,
944 2092 1051 2131 non
1078 2077 1457 2146 jurisjurandi,
1508 2094 1609 2133 nec
1660 2079 2049 2149 consanguini-

478 2169 602 2225 tatis
653 2182 880 2223 memor.
940 2166 1074 2221 Nam
1137 2168 1534 2223 Constantinus
1587 2171 1804 2239 quidem
1864 2179 2054 2241 utpote

472 2262 896 2330 benignissimus
930 2262 1207 2330 princeps,
1239 2277 1347 2329 quo
1377 2263 1609 2318 sincerae
1656 2264 2053 2319 benevolentia:

473 2356 840 2410 certissiuuun
899 2357 948 2409 ei
1006 2366 1387 2424 argumentum
1437 2355 1611 2420 daret,
1658 2355 1922 2410 allinitate
1951 2372 2050 2410 sua

473 2462 596 2501 eum
643 2450 897 2518 dignatus
945 2449 1162 2514 fuerat;
1233 2462 1334 2502 nec
1381 2447 1625 2502 illustres
1680 2450 1893 2503 sororis
1939 2465 2052 2503 sua:

474 2542 690 2610 nuptias
751 2539 928 2596 eidem
983 2542 1345 2608 denegaverat
1392 2558 1406 2592 :
1452 2553 1641 2593 verum
1701 2539 1889 2609 stirpis
1942 2555 2054 2595 sua:

474 2634 828 2695 nobilitatem,
856 2643 911 2686 et
938 2631 1268 2701 imperatorii
1289 2632 1400 2700 jam
1430 2631 1559 2686 inde
1580 2647 1610 2683 a
1639 2632 1861 2699 proavis
1882 2646 2051 2699 gene-

474 2725 552 2781 ris
581 2724 924 2792 splendorem
954 2741 1077 2779 cum
1111 2739 1178 2778 eo
1216 2725 1738 2788 communicaverat,
1774 2727 2053 2795 totiusque

474 2816 622 2873 orbis
654 2814 881 2869 [Romani
910 2815 1195 2882 imperium
1246 2829 1368 2868 cum
1416 2813 1529 2878 illo,
1582 2824 1769 2883 utpote
1812 2814 1970 2870 aliine
2000 2826 2055 2870 et

476 2906 631 2978 regni
656 2914 905 2961 consorte
931 2906 1371 2975 participaverat.
1408 2904 1518 2961 Nec
1559 2907 1823 2962 minorem
1848 2909 1898 2962 ei
1924 2922 2051 2975 por-

480 2999 677 3052 tionem
709 2998 914 3066 imperii
954 2996 1183 3050 Romani
1214 2997 1503 3065 regendam
1534 2990 2054 3065 gubernandamque

475 3100 844 3153 concesserat.
879 3088 1117 3143 Licinius
1144 3102 1272 3141 vero
1301 3101 1523 3156 prorsus
1554 3090 1834 3142 contraria
1867 3090 2051 3143 omnia

477 3181 706 3251 agebat;
737 3180 916 3235 omnis
940 3179 1159 3249 generis
1210 3179 1433 3234 fraudes
1479 3178 1741 3232 adversus
1778 3180 2049 3247 potiorem

476 3273 722 3343 quotidie
755 3270 1195 3333 comminiscens,
1230 3278 1564 3338 cunctasque
1586 3267 1874 3323 insidiandi
1909 3280 2057 3326 artes

475 3365 811 3433 chOgitans,
831 3371 889 3415 ut
918 3361 1056 3416 bene
1088 3360 1345 3415 meritum
1388 3361 1546 3415 malis
1583 3373 2054 3420 remuneraretur.

475 3454 553 3523 Ac
599 3451 869 3523 principio
909 3452 1129 3521 quidem
1159 3450 1385 3507 insidias
1414 3461 1598 3521 tegere
1619 3452 1846 3508 studens
1867 3491 1884 3518 ,
1917 3455 2059 3509 ami-

477 3560 598 3602 cum
620 3560 679 3600 se
704 3558 828 3599 esse
852 3542 1143 3598 simulabat
1171 3559 1185 3596 :
1218 3550 1275 3596 et
1306 3542 1495 3597 fraude
1519 3558 1584 3597 ac
1611 3544 1752 3599 dolis
1781 3544 2057 3601 Constan-

480 3637 648 3693 tinum
686 3647 829 3704 saepe
858 3644 1151 3704 appetens,
1186 3634 1345 3690 facile
1386 3650 1446 3689 se
1489 3637 1598 3690 voti
1633 3639 1715 3692 sui
1748 3648 2057 3707 compotem

478 3728 596 3787 fore
618 3729 893 3797 sperabat.
915 3728 1021 3782 Sed
1059 3727 1205 3781 enim
1236 3727 1598 3785 Constantino
1623 3732 1850 3793 amicus.
1883 3741 1938 3786 et
1972 3743 2058 3786 tu-

482 3832 567 3875 tor
594 3828 893 3888 custosque
920 3828 1039 3874 erat
1070 3820 1214 3875 Deus
1248 3836 1263 3873 :
1294 3822 1385 3889 qui
1417 3821 1647 3876 insidias
1685 3826 1827 3878 clam
1871 3835 1923 3880 et
1965 3842 2060 3880 oc-

482 3911 628 3966 eulte
653 3910 754 3979 ipsi
782 3918 1123 3979 comparatas
1174 3910 1226 3963 in
1276 3910 1456 3965 lucem
1492 3913 1776 3981 proferens
1806 3916 2059 3971 confuta-

481 4004 596 4059 bat.
640 4002 873 4058 Tantam
918 4003 1027 4056 vim
1060 4001 1225 4056 habet
1263 4018 1457 4071 magna
1505 4005 1597 4059 illa
1631 4007 1847 4076 pietatis
1875 4023 2058 4062 arma-

485 4106 626 4173 tura,
661 4104 775 4151 tum
803 4095 872 4149 ad
902 4096 1298 4166 prepulsandos
1338 4098 1612 4162 inimicos,
1674 4109 1787 4155 tum
1821 4102 1888 4156 ad
1934 4116 2061 4172 pm-

481 4188 615 4255 priae
644 4186 836 4242 salutis
865 4187 1358 4243 conservationem.
1390 4186 1508 4253 Qua
1537 4189 1757 4256 quidem
1782 4202 2059 4247 armatura
2084 4246 2089 4253 ,

483 4278 721 4334 munitus
759 4282 1057 4349 imperator
1089 4289 1273 4334 noster
1301 4281 1410 4339 Deo
1448 4282 1812 4338 cbarissimus
1835 4323 1850 4348 ,
1881 4285 2061 4339 multi-

483 4370 651 4437 plices
674 4371 868 4426 nefarii
892 4371 1132 4426 hominis
1154 4370 1380 4428 insidias
1402 4372 1609 4443 elTugit,
1636 4374 1803 4445 Igitur
1822 4374 2063 4431 Licinius

482 4480 606 4519 cum
638 4466 877 4522 occultas
908 4467 1136 4523 insidias
1167 4483 1270 4522 non
1306 4482 1373 4521 ex
1394 4477 1520 4522 voto
1549 4467 1651 4522 sibi
1677 4469 1873 4525 cedere
1907 4471 2062 4525 vide-

2159 1993 2441 2065 συνθηκῶν
2493 1993 2712 2064 μνήμην
2762 1994 2820 2045 ἐν
2870 1982 3079 2063 διοῖνοία
3130 1989 3332 2044 λαϐών.
3391 1990 3450 2042 '0
3504 1990 3603 2060 μὲν
3635 1989 3747 2061 γὰρ

2159 2085 2307 2155 αὐτῷ
2369 2080 2458 2138 οἷα
2499 2084 2810 2152 πανάγαθος
2874 2083 3160 2153 βασιλεὺς,
3218 2082 3431 2145 εὐνοίας
3470 2080 3749 2152 ,παρέχων

2159 2176 2392 2248 ἀληθοῦς
2427 2175 2694 2246 σύμϐολα,
2748 2176 3071 2244 συγγενείας
3111 2175 3213 2245 τῆς
3258 2174 3396 2246 πρὸς
3445 2172 3607 2226 αὐτὸν
3645 2173 3750 2226 οὐκ

2158 2269 2438 2339 ἐφθόνησε,
2473 2270 2663 2338 γάμων
2688 2285 2749 2320 τε
2766 2267 3033 2338 λαμπρῶν
3066 2266 3299 2336 ἀδελφῆς
3331 2266 3618 2336 μετουσίαν
3645 2264 3748 2316 οὐκ

2160 2362 2271 2431 ἀπη
2282 2362 2534 2432 ρνήσατο,
2564 2358 2701 2412 ἀλλά
2721 2361 2813 2412 καὶ
2839 2360 2937 2429 τῆς
2961 2360 3027 2412 ὲκ
3047 2359 3296 2429 πατέρων
3312 2356 3592 2425 εὐγενείας
3610 2356 3746 2427 (75),

2162 2451 2437 2521 βασιλικοῦ
2470 2468 2531 2503 τε
2590 2450 2856 2505 ἀνέκαθεν
2908 2450 3137 2521 αἵματος
3196 2447 3453 2502 κοινωνὸν
3492 2444 3746 2515 γενέσθαι

2160 2543 2379 2613 ἠξίωσε,
2415 2542 2516 2613 τῆς
2545 2559 2606 2594 τε
2654 2542 2798 2595 κατά
2829 2542 3049 2595 πάντων
3087 2539 3379 2593 ἀπολαύειν
3413 2538 3622 2611 ἀρχῆς,
3657 2532 3747 2589 οἶα

2160 2635 2392 2705 κηδεστῇ
2427 2633 2520 2686 καὶ
2555 2632 2875 2703 συμϐασιλεῖ
2906 2634 3132 2702 παρεῖχε
3178 2630 3275 2702 τὴν
3308 2630 3559 2697 ἐξουσίαν
3583 2668 3599 2692 ,
3644 2628 3748 2681 οὐκ

2160 2726 2380 2780 ἔλαττον
2435 2724 2600 2796 μέρος
2642 2723 2752 2777 τῶν
2801 2724 2908 2777 ὑπὸ
2953 2723 3258 2794 Ῥωμαίους
3315 2720 3485 2774 ἐθνῶν
3539 2719 3747 2773 διέπειν

2160 2818 2310 2889 αὐτῷ
2335 2818 2430 2872 καὶ
2457 2817 2675 2871 διοικεῖν
2704 2816 3120 2887 κεχαρισμένος.
3155 2815 3215 2868 '0
3245 2814 3288 2867 δ’
3323 2812 3582 2884 ἔμπαλιν,
3616 2810 3747 2864 τού-

2160 2928 2273 2974 τοις
2305 2910 2562 2965 τάναντία
2592 2909 2963 2983 διεπράττετο,
3015 2907 3271 2970 παντοίας
3309 2904 3579 2976 ὁσημέραι
3604 2900 3748 2957 κατὰ

2159 3000 2255 3053 τοῦ
2298 3003 2604 3072 κρείττονος
2642 3000 2888 3072 μηχανὰς
2932 2997 3386 3068 ἐπιτεχνώμενος,
3435 2996 3642 3054 πάντας
3686 3007 3747 3049 τι

2161 3089 2391 3144 ἐπινοῶν
2412 3089 2702 3161 ἐπιϐουλῆς
2729 3089 2986 3161 τρόπους,
3012 3088 3087 3151 ὼς
3117 3086 3183 3139 ἂν
3209 3086 3400 3148 κακοῖς
3419 3084 3508 3137 τὸν
3530 3079 3750 3154 εὐεργέ-

2159 3199 2261 3255 την
2289 3183 2603 3253 ἀμείψαιτο.
2638 3182 2719 3235 Τὰ
2767 3181 2867 3252 μὲν
2899 3176 2990 3234 οῦν
3025 3179 3217 3252 πρῶτα
3258 3176 3600 3248 πειρώμενος
3648 3173 3748 3245 τὴν

2162 3276 2432 3348 συσκευὴν
2447 3275 2830 3347 ἐπικρύπτειν,
2854 3274 3006 3343 φίλος
3028 3269 3168 3326 εἶναι
3186 3273 3587 3344 προσεποιεῖτο,
3610 3269 3748 3339 δόλῳ

2159 3385 2221 3424 τε
2275 3371 2369 3424 καὶ
2422 3368 2605 3440 ἀπάτῃ
2661 3367 2978 3429 πλειστάκις
3027 3363 3375 3434 ἐπιθέμενος,
3442 3362 3619 3432 ῥᾷστα
3680 3359 3749 3413 ἂν

2159 3461 2342 3531 τυχεῖν
2374 3457 2469 3512 τοῦ
2503 3456 2950 3529 προσδοκωμένου
2973 3454 3190 3525 ἧλπισε.
3223 3451 3314 3522 Τῷ
3338 3451 3396 3505 δὲ
3427 3452 3535 3522 ἄρα
3566 3453 3595 3505 ὁ
3614 3451 3749 3515 Θεὸς

2158 3545 2229 3622 ἦν
2263 3548 2443 3619 φίλος,
2494 3546 2748 3620 κηδεμών
2784 3564 2846 3599 τε
2885 3545 2983 3599 καὶ
3022 3543 3216 3613 φύλαξ,
3264 3543 3323 3606 ὃς
3369 3541 3520 3613 αὐτῷ
3556 3542 3656 3606 τὰς
3689 3544 3747 3594 ἐν

2161 3642 2460 3714 ἀπορρήτῳ
2505 3642 2601 3695 καὶ
2632 3640 2813 3693 σκότει
2868 3636 3268 3709 μηχανωμένας
3319 3634 3612 3698 ἐπιϐουλὰς
3668 3636 3749 3697 εἰς

2163 3735 2280 3806 φῶς
2323 3735 2470 3803 ἄγων
2515 3733 2785 3805 διήλεγχε.
2817 3731 3082 3784 Τοσοῦτον
3115 3728 3317 3800 ἀρετῆς
3344 3727 3406 3781 τὸ
3454 3726 3597 3798 μέγα
3651 3727 3745 3797 τῆς

2164 3827 2472 3891 θεοσεϐείας
2523 3826 2687 3880 ὅπλον
2741 3824 2874 3896 (74),
2922 3823 3061 3895 πρὸς
3100 3822 3315 3892 ἄμυναν
3360 3820 3459 3891 μὲν
3512 3818 3746 3891 ἐχθρῶν,

2163 3919 2369 3983 οἰκείας
2396 3918 2453 3972 δὲ
2469 3917 2715 3988 φυλακὴν
2739 3915 3017 3987 σωτηρίας
3042 3914 3234 3984 ἰσχύει·
3262 3906 3308 3980 ᾧ
3332 3912 3397 3982 δὴ
3427 3909 3752 3981 πεφραγμέ-

2112 4072 2113 4075 η
2163 4030 2252 4075 νος
2281 4015 2311 4066 ὁ
2344 4011 2752 4081 θεοφιλέστατος
2793 4008 2951 4082 ἡμῶν
2990 4007 3241 4078 βασιλεὺς
3264 4046 3279 4070 ,
3317 4003 3419 4069 τὰς
3478 4003 3574 4056 τοῦ
3618 4003 3748 4057 δυσ-

2163 4103 2380 4176 ωνύμου
2405 4102 2773 4165 πολυπλόκους
2824 4098 3114 4162 ἐπιϐουλὰς
3144 4097 3535 4169 διεδίδρασκεν.
3590 4094 3650 4148 Ὀ
3690 4092 3751 4148 δὲ

2164 4195 2261 4267 τὴν
2270 4195 2367 4249 λαθ
2376 4196 2533 4267 ραίαν
2558 4191 2824 4262 συσκευὴν
2840 4191 2915 4253 ὡς
2934 4188 3183 4260 οὐδαμῶς
3207 4187 3354 4258 ἐώρα
3364 4186 3505 4241 κατὰ
3522 4182 3750 4255 γνώμην

2165 4285 2315 4357 αὐτῷ
2358 4283 2642 4357 χωροῦσαν
2664 4321 2678 4345 ,
2724 4278 2818 4333 τοῦ
2852 4278 2987 4332 Θεοῦ
3018 4279 3195 4333 πάντα
3222 4276 3372 4330 δόλον
3412 4292 3473 4328 τε
3506 4276 3601 4328 καὶ
3650 4277 3748 4345 ρᾳ-

2164 4376 2442 4445 διουργίαν
2470 4371 2549 4443 τῷ
2586 4371 2823 4439 θεοφιλεῖ
2858 4369 3066 4439 βασιλεῖ
3091 4367 3396 4439 κατάφωρα
3440 4364 3745 4428 ποιοῦντος,

2166 4466 2344 4520 οὐκέθ’
2373 4460 2483 4527 οἷός
2522 4481 2587 4516 τε
2620 4460 2694 4515 ὢν
2730 4459 3186 4533 ἐπικρύπτεσθαι,
3216 4457 3469 4529 προφανῆ
3515 4455 3751 4525 πόλεμον

483 4569 588 4622 ret,
617 4566 802 4629 utpote
829 4557 938 4615 Deo
968 4569 1197 4615 cunctas
1226 4559 1393 4629 ipsius
1419 4559 1641 4616 fraudes
1660 4576 1726 4616 ac
1751 4562 1905 4616 dolos
1929 4561 2060 4616 cha-

2167 4557 2401 4625 αἴρεται.
2427 4551 2628 4622 Ὀμὸσε
2644 4550 2780 4621 δῆτα
2796 4548 3192 4618 Κωνσταντίνῳ
3206 4547 3335 4600 πολε
3344 4549 3464 4617 μεῖν
3473 4545 3749 4614 διαγνοὺς,

482 4650 703 4705 rissimo
732 4651 960 4721 principi
994 4657 1300 4725 detegente,
1354 4651 1526 4707 latere
1574 4669 1635 4709 se
1685 4653 1920 4724 amplius
1952 4669 2059 4708 non

485 4755 648 4812 posse
678 4744 1030 4812 perspiciens,
1059 4744 1256 4800 bellant
1293 4745 1470 4815 palam
1509 4756 1710 4802 movet.
1741 4747 1911 4801 Porro
1936 4760 2059 4799 cum

483 4830 843 4889 Constantino
872 4833 1071 4889 bellum
1103 4835 1307 4891 inferre
1335 4836 1651 4903 statuisset,
1692 4839 1854 4893 simul
1897 4837 2067 4909 396

485 4927 650 4981 etiam
691 4926 954 4981 adversus
990 4942 1257 4982 summum
1307 4929 1551 4983 omnium
1605 4930 1771 4984 Deum
1816 4908 1978 5000 quem
2039 4948 2069 4983 ιι

486 5017 846 5073 Constantino
883 5018 985 5072 coli
1028 5032 1377 5088 cognoverat,
1408 5022 1643 5089 praaliari
1671 5021 1928 5075 instituit.
1969 5022 2069 5074 De-

487 5106 619 5170 liinc
642 5107 878 5163 cultores
901 5108 1067 5162 divini
1095 5111 1335 5165 numinis
1373 5112 1473 5165 sub
1496 5112 1708 5165 ditione
1736 5126 1833 5164 sua
1866 5113 2070 5180 degen-

488 5209 594 5263 tcs,
625 5201 717 5270 qui
739 5199 880 5254 nulla
910 5215 1145 5271 unquam
1173 5200 1369 5267 injuria
1392 5210 1485 5262 aut.
1508 5203 1751 5261 molestia
1777 5202 2065 5270 imperium

489 5292 661 5363 ipsius
713 5289 1027 5360 aﬁ'ecerant,
1070 5293 1271 5347 sensim
1309 5307 1374 5346 ac
1421 5295 1587 5348 tacite
1619 5309 1937 5365 Oppugnare
1972 5307 2064 5364 ag-

561 5454 675 5527 (73)
706 5455 823 5525 Τῆς
837 5455 906 5511 ἐκ
926 5456 1195 5526 πατέρων
1220 5459 1540 5525 εὐγενείας.
1571 5456 1895 5525 Συγγενείας
1923 5453 2066 5527 vnlg.

491 5525 810 5597 Amplector
841 5525 1280 5582 emendationem
1319 5545 1436 5596 qmc
1466 5529 1544 5597 ad
1577 5528 1873 5597 marginem
1912 5525 2069 5597 codi-

492 5599 572 5649 cis
598 5595 837 5652 Turnebi
873 5598 1110 5667 ascripta
1144 5608 1226 5651 est
1262 5595 1561 5666 εὐγενείας.
1595 5595 1721 5651 Erai
1754 5596 1897 5650 enim
1930 5595 2075 5667 Con-

494 5667 768 5720 stantinus
800 5664 1145 5724 nobilissimo
1182 5664 1382 5736 genere
1408 5669 1807 5735 uatus,qnippe
1841 5667 1932 5733 qui
1964 5664 2076 5717 ori—

495 5738 670 5803 ginem
708 5738 894 5807 stirpis
933 5754 1044 5793 sua:
1090 5740 1157 5791 ad
1197 5738 1479 5793 Claudium
1548 5741 1931 5806 imperatorem
1989 5748 2077 5788 re-

500 5809 547 5859 t'e
556 5814 683 5861 rret.

570 5874 684 5948 (74)
731 5877 1030 5932 Τοσοῦτον
1074 5875 1296 5959 ἀρετῆς
1326 5878 1385 5933 τὸ
1420 5877 1573 5950 μέγα
1609 5874 1716 5945 τῆς
1748 5875 2085 5949 θεοσεϐείας

2168 4648 2268 4719 ἤδη
2283 4647 2377 4699 καὶ
2401 4647 2542 4700 κατὰ
2572 4643 2666 4698 τοῦ
2693 4643 2827 4697 Θεοῦ
2856 4642 2965 4697 τῶν
2995 4643 3153 4706 ὅλων,
3179 4641 3238 4695 ὃν
3269 4639 3541 4711 ἠπίστατο
3569 4636 3752 4689 σέϐειν

2167 4739 2352 4801 αὐτὸν,
2372 4735 2810 4809 παρατάττεσθαι
2835 4735 3078 4806 ὡρμᾶτο.
3097 4732 3347 4786 Κάπειτα
3361 4731 3483 4791 τοὺς
3500 4727 3591 4781 ὐπ’
3604 4726 3754 4798 αὐτῷ

2168 4831 2460 4895 θεοσεϐεῖς,
2499 4830 2667 4901 μηδὲν
2694 4829 2816 4899 μηδ’
2840 4827 2976 4891 ὅλως
3011 4825 3230 4879 πώποτε
3252 4821 3349 4894 τὴν
3383 4820 3556 4893 ἀρχὴν
3585 4818 3752 4872 αὐτοῦ

2170 4923 2412 4994 λυπηρὸν
2442 4920 2815 4992 διαθεμένους,
2855 4920 3039 4991 ἡρέμα
3087 4917 3222 4979 τέως
3279 4916 3372 4968 καὶ
3426 4913 3608 4986 ἡσυχῆ
3654 4928 3755 4964 πο⁶

2171 5016 2407 5086 λιορκεῖν
2441 5013 2753 5066 ἐπεϐάλετο·
2784 5011 2880 5065 καὶ
2914 5010 3056 5064 τοῦτ’
3081 5008 3339 5080 ἔπραττε,
3367 5005 3557 5070 δεινῶς
3592 5004 3754 5058 ἀϐλε-

2171 5111 2327 5161 πτείν
2363 5105 2468 5159 ὐπὸ
2492 5106 2590 5175 τῆς
2618 5103 2862 5175 ἐμφύτου
2906 5102 3104 5165 κακίας
3135 5097 3572 5170 ἠναγκασμένος.
3625 5095 3754 5149 Οὐτ’

2172 5195 2267 5252 οὖν
2301 5197 2397 5269 τὴν
2435 5199 2655 5268 μνήμην
2683 5195 2792 5248 τῶν
2820 5194 2926 5266 πρὸ
2983 5192 3146 5246 αὐτοῦ
3174 5190 3533 5262 Χριστιανοὺς
3565 5188 3757 5241 ἐκδιω-

2176 5286 2380 5355 ξάντων
2428 5288 2533 5358 πρὸ
2568 5285 2861 5357 ὀφθαλμῶν
2905 5283 3077 5350 ἔθετο,
3129 5282 3238 5336 οὐδ’
3265 5274 3340 5336 ὧν
3379 5282 3541 5345 αὐτὸς
3559 5278 3756 5350 ὀλετὴρ

2174 5453 2388 5507 ὅπλον.
2444 5447 2785 5517 Nicephorus
2850 5443 3329 5520 vocem_dpszij;.
3382 5441 3587 5520 quippe
3635 5454 3759 5520 quae

2178 5537 2399 5578 sensum
2443 5513 2705 5581 turbaret,
2737 5517 3020 5584 expunxit.
3058 5513 3463 5584 ExStattamett
3498 5513 3754 5584 inomni-

2178 5597 2280 5648 bus
2310 5591 2513 5660 nostris
2541 5582 2849 5660 codicibus,
2900 5595 2955 5640 et
3005 5587 3158 5660 apud
3203 5582 3479 5660 Gelasium
3528 5582 3759 5660 (ἐγήθεις

2181 5678 2332 5717 nuin.
2367 5659 2553 5727 Itaque
2595 5649 2882 5727 videndum
2934 5672 3001 5727 an
3026 5649 3163 5727 _'legi
3187 5655 3372 5727 “possit
3405 5649 3759 5727 “repentance

2188 5733 2323 5816 ea.“
2353 5722 2665 5816 θεριέξδείες
2703 5722 3136 5816 eaeaeae:
3168 5725 3291 5816 Et?
3322 5724 3583 5816 iiiis“)?
3606 5722 3756 5816 it"?

2190 5790 2244 5858 in
2270 5790 2379 5855 line
2415 5799 2569 5863 hujus
2597 5798 2717 5851 libri
2745 5790 3060 5857 ’θεοσεϐείας
3090 5794 3291 5864 ἀρετήν
3322 5793 3472 5861 dicit,
3513 5803 3568 5846 et
3605 5791 3657 5846 in
3692 5790 3757 5845 li-

2196 5876 2334 5933 bt'ot
2374 5870 2446 5925 Dc
2481 5872 2581 5924 rita
2622 5866 2973 5931 Constantini,
3008 5868 3178 5919 Initio.
