4210 6388
550 313 655 372 εοε

1218 311 1489 369 EUSEBII
1528 312 2005 371 CIESARIENSIS
2042 314 2192 371 OPP.
2233 313 2419 372 PARS
2455 316 2495 374 1.
2534 349 2606 361 —-—
2641 316 3034 374 lllSTORlCA.

3723 309 3842 381 soi

548 437 725 493 stibus
778 435 1013 505 undique
1067 435 1433 504 circumjecta.
1487 437 1801 505 perfacilem
1853 438 2126 494 victoriam

2238 441 2337 512 τὴν
2378 441 2652 513 συμϐολὴν
2689 442 2906 497 πάντων
2948 442 3454 515 ἐξευμαρισθέυτων
3491 445 3675 509 αὐτοῖς
3721 445 3833 502 ὑπὸ

551 523 857 577 retulerunt
881 564 898 589 ,
933 534 1056 577 cum
1080 522 1219 577 Deus
1248 524 1300 577 in
1318 523 1571 579 conﬂictu
1594 538 1789 581 cuncta
1815 528 1946 597 ipsis
1972 544 2139 598 prona

550 622 713 682 atque
743 612 998 681 expedita
1030 626 1098 667 ex
1129 613 1294 667 animi
1329 615 1601 670 sententia
1634 619 1998 687 praestitisset.
2031 619 2139 675 Re-

548 713 711 774 pente
736 717 865 773 ergo
912 713 970 758 et
998 702 1145 758 dicto
1180 704 1365 768 citius,
1401 705 1456 758 hi
1491 706 1711 774 quidem
1775 708 1866 774 qui
1910 708 2029 762 heri
2073 724 2138 764 ac

548 795 937 849 nudiustertius
983 795 1161 849 caedes
1218 809 1279 850 ac
1347 796 1527 852 minas
1577 797 1929 865 anhelabant,
1962 801 2137 869 perie-

548 898 677 943 runt
710 887 976 954 funditus,
1013 903 1079 944 ac
1113 903 1181 943 ne
1231 889 1469 944 nominis
1526 891 1748 960 quidem
1778 907 1970 947 eorum
2022 909 2137 949 me-

546 984 719 1037 moria
750 984 1074 1053 permansit.
1110 982 1384 1054 lmagines
1427 1000 1649 1055 quoque
1693 1001 1884 1042 eorum
1917 997 1967 1043 et
2001 989 2133 1043 reli-

546 1086 651 1143 qua
674 1085 1043 1141 monumenta,
1075 1088 1315 1145 congrua
1349 1076 1661 1145 ignominias
1690 1079 1841 1135 labes
1879 1081 2130 1149 aspersit.

546 1164 615 1219 Et
641 1180 761 1233 quae
798 1165 979 1235 impiis
999 1165 1131 1220 olim
1164 1168 1416 1237 tyrannis
1437 1166 1684 1224 Licinius
1708 1170 1823 1239 ipse
1862 1173 1975 1226 suis
1998 1187 2131 1226 ocu-

545 1255 612 1311 lis
639 1257 955 1326 contingere
994 1259 1226 1325 viderat,-
1278 1260 1467 1315 eadem
1530 1276 1748 1331 quoque
1776 1262 1941 1316 simili
1972 1266 2131 1319 modo

544 1364 835 1420 perpessus
869 1359 975 1406 est.
1012 1351 1225 1406 Etenim
1276 1354 1393 1423 ipse
1443 1354 1608 1409 etiam
1646 1356 1988 1425 disciplinam
2020 1372 2129 1412 non

544 1444 788 1508 admisit,
827 1457 930 1499 nec
953 1444 1190 1500 aliorum
1217 1446 1498 1516 suppliciis
1520 1447 1845 1503 emendatus
1877 1458 1961 1503 est
1986 1465 2001 1502 :
2032 1450 2130 1504 sed

544 1535 792 1590 eamdem
828 1550 992 1605 quam
1029 1536 1339 1606 superiores
1373 1537 1448 1591 illi
1488 1538 1629 1591 viam
1657 1538 1956 1607 impietatis
1992 1539 2132 1595 insi-

542 1633 720 1690 stens,
751 1626 948 1680 merito
975 1625 1027 1679 in
1049 1626 1300 1680 eumdem
1325 1641 1449 1682 cum
1484 1625 1589 1682 illis
1640 1628 1797 1682 exitii
1855 1629 2128 1699 gurgitem

544 1723 629 1770 est
651 1715 927 1786 delapsus.
962 1716 1029 1771 Et
1067 1717 1157 1772 hic
1189 1717 1411 1787 quidem
1445 1721 1514 1773 ad
1542 1719 1689 1775 hunc
1725 1721 1948 1775 modum
2001 1736 2128 1791 per-

542 1822 735 1863 cussus
766 1808 1043 1863 occubuit.
1089 1809 1484 1865 Constantinus
1531 1825 1664 1867 vero
1688 1812 1944 1868 omnibus
1994 1814 2125 1869 reli-

2238 532 2334 587 τοῦ
2387 534 2523 588 Θεοῦ
2569 535 2710 588 κατά
2758 534 3008 606 γνώμην.
3069 534 3304 607 Ἀθρόως
3358 535 3495 606 δῆτα
3544 536 3640 589 καὶ.
3667 535 3831 604 λόγω..

2239 624 2455 689 θᾶττον,
2485 627 2534 680 oi
2559 627 2657 697 μὲν
2682 627 2809 698 χθὲς
2829 628 2923 681 καὶ
2945 627 3052 699 πρὸ
3077 627 3292 699 ἡμέρας
3320 626 3549 681 θανάτου
3574 627 3831 688 πνέοντες

2237 719 2333 772 καὶ
2343 718 2592 790 ἀπειλῆς,
2609 720 2789 773 οὐκέτ’
2800 716 2939 791 ἦσαν
2953 719 3210 790 (85),οὐδὲ
3231 719 3392 791 μέχρι
3407 719 3668 790 ὀνόματος
3688 733 3829 788 μνη-

2240 808 2613 879 μονευόμενοι·
2640 808 2849 881 γραφαί
2872 825 2932 861 τε
2953 809 3132 863 αὐτῶν
3155 809 3249 862 καὶ
3272 808 3427 878 τιμαὶ
3447 806 3548 879 τὴν
3560 808 3719 874 ἀξίαν
3739 809 3827 860 al-

2238 900 2438 971 σχύνην
2458 900 2861 971 ἀπελάμϐανον.
2881 901 2989 959 Καὶ
3021 899 3058 954 ἃ
3091 903 3203 962 τοῖς
3228 898 3396 953 πάλαι
3429 898 3714 953 δυσσεϐέσι
3732 917 3824 953 τυ-

2237 987 2449 1059 ράννοις
2499 988 2708 1040 ἐπεῖδεν
2763 990 2947 1052 αὐτοῖς
2983 987 3282 1058 ὀφθαλμοῖς
3311 987 3602 1053 Λικίννιος,
3651 988 3822 1041 ταῦτα

2232 1079 2436 1150 ὁμοίως
2474 1082 2567 1133 καὶ
2603 1079 2768 1144 αὐτὸς
2805 1080 3063 1151 ἔπασχεν,
3117 1082 3199 1135 ὅτι
3249 1082 3373 1152 μηδ’
3403 1081 3569 1146 αὐτὸς
3606 1078 3821 1146 ἐδέξατο

2232 1171 2501 1238 παιδείαν,
2530 1173 2667 1244 μηδέ
2697 1176 2820 1238 ταῖς
2840 1173 2947 1228 τῶν
2979 1174 3147 1237 πέλας
3168 1174 3542 1247 ἐσωφρονίσθη
3578 1169 3822 1245 μάστιξιο

2230 1262 2330 1333 τὴν
2368 1263 2556 1332 ὁμοίαν
2597 1262 2645 1315 δ’
2672 1264 2904 1328 ἐκείνοις
2939 1265 3038 1334 τῆς
3079 1264 3334 1327 ἀσεϐείας
3376 1263 3651 1334 μετελθὼν
3678 1264 3818 1327 ὁδὸν,

2231 1354 2325 1406 ἐπὶ
2372 1354 2465 1407 τὸν
2502 1354 2615 1408 ἴσον
2671 1357 2857 1419 αὐτοῖς
2907 1355 3133 1419 ἐνδίκως
3166 1355 3499 1427 περιηνέχθη
3551 1356 3818 1426 κρημνόν.

2244 1446 2384 1499 Ἀλλ’
2411 1438 2567 1511 οὗτος
2618 1447 2716 1518 μὲν
2743 1446 2917 1520 ταύτῃ
2951 1464 3028 1519 πη
3070 1447 3404 1519 βεϐλημένος
3442 1447 3641 1501 ἔκειτο.
3683 1448 3742 1501 '0
3773 1445 3819 1500 δ”

2230 1540 2401 1611 ἀρετῇ
2439 1539 2590 1611 πάσῃ
2623 1538 2936 1603 θεοσεϐείας
2970 1539 3264 1611 ἐκπρέπων
3307 1539 3563 1610 μέγιστος
3592 1538 3820 1608 νικητὴς

2230 1633 2665 1695 Κωνσταντῖνος,
2709 1630 2999 1684 σὺνπαιδὶ
3051 1630 3285 1703 Κρίσπῳ
3322 1629 3532 1701 βασιλεὶ
3576 1626 3820 1699 θεοφιλε-

2233 1723 2412 1792 στάτῳ
2433 1722 2526 1775 καὶ
2548 1722 2690 1776 κατά
2713 1723 2893 1777 πάντα
2917 1722 3012 1776 τοῦ
3042 1722 3247 1793 πατρὸς
3269 1723 3460 1793 ὁμοίῳ,
3482 1722 3582 1792 τὴν
3608 1721 3818 1774 οἰκείαν

2233 1812 2376 1884 ἐῲαν
2421 1813 2833 1883 ἀπελάμϐανον·
2874 1816 2971 1867 καὶ
3026 1814 3155 1885 μίαν
3199 1812 3488 1885 ἡνωμένην
3535 1810 3634 1882 τὴν
3678 1812 3816 1863 Ῥω-

543 1898 723 1966 gionis
773 1890 1070 1954 virtutibus
1099 1908 1348 1964 ornatus,
1401 1910 1457 1954 et
1494 1901 1676 1956 victor
1696 1903 1989 1969 maximus,
2021 1919 2126 1959 una

2234 1903 2410 1975 μαίων
2460 1904 2601 1958 κατὰ
2637 1904 2700 1957 τὸ
2754 1904 2984 1958 παλαιὸν
3031 1905 3292 1974 παρεῖχον
3325 1902 3519 1974 ἀρχὴν,
3564 1902 3663 1971 τὴν
3717 1899 3815 1953 ἀπ’

541 2003 664 2044 cum
706 1988 821 2043 lilio
867 1989 1064 2060 Crispo
1101 1991 1317 2046 Caesare
1360 1991 1474 2047 Deo
1507 1992 1833 2049 charissimo
1885 2002 1943 2049 et
1983 1997 2126 2064 patri

540 2077 903 2148 umlcquaque
928 2080 1231 2146 simillimo,
1272 2080 1553 2138 Orientem
1584 2096 1744 2139 suum
1787 2085 2015 2155 recepit,
2072 2094 2130 2141 et

539 2166 830 2238 imperium
864 2169 1198 2240 Romanum,
1240 2173 1386 2229 sicut
1427 2173 1560 2229 olim
1617 2173 1821 2241 fuerat,
1855 2177 1910 2230 in
1959 2190 2126 2229 unum

528 2272 739 2328 corpus
775 2260 981 2329 redegit
1008 2275 1023 2313 ι
1062 2262 1380 2317 universum
1410 2262 1598 2319 orbem
1631 2271 1904 2319 terrarum
1934 2266 2026 2334 qui
2054 2268 2127 2321 ab

535 2348 751 2403 oriente
782 2348 898 2405 sole
929 2350 1000 2405 ad
1030 2350 1253 2406 ultimas
1292 2366 1465 2421 usque
1502 2351 1814 2408 occidentis
1845 2369 1971 2410 oras
2000 2370 2128 2425 pro-

537 2440 803 2506 tenditur,
837 2454 960 2496 cum
1007 2441 1356 2498 circumfusis
1378 2442 1639 2514 utrinque
1671 2445 1984 2514 regionibus
2016 2455 2126 2501 tam

536 2532 605 2587 ad
629 2535 1057 2603 septentrionem
1082 2550 1246 2605 quam
1279 2537 1345 2591 ad
1378 2535 1689 2600 meridiem,
1712 2537 1834 2605 paci
1872 2552 1985 2593 suae
2005 2540 2127 2595 sub-

531 2621 752 2690 iiciens.
782 2623 973 2693 Itaque
1003 2625 1251 2681 homines
1277 2626 1425 2681 omni
1454 2634 1599 2680 metu
1631 2641 1820 2680 eorum
1865 2641 1896 2681 a
1926 2629 2126 2697 quibus

535 2722 698 2768 antea
724 2716 1174 2785 opprimebantur
1201 2716 1417 2787 penitus
1439 2725 1646 2781 amoto,
1676 2716 1844 2773 festos
1863 2719 1978 2773 dies
1999 2734 2122 2775 cum

535 2806 779 2860 maximo
812 2807 1100 2879 splendore
1129 2822 1186 2864 et
1217 2810 1539 2867 celebritate
1558 2821 1807 2882 egerunt.
1834 2810 1952 2868 Lux
1976 2828 2125 2885 qua:-

537 2895 664 2949 dain
687 2896 1090 2966 jucundissima
1138 2899 1461 2971 superfundi
1494 2900 1753 2957 omnibus
1814 2904 2122 2969 videbatur,

535 2994 592 3041 et
623 2989 714 3056 qui
741 2989 889 3059 prius
919 2992 1100 3047 mmsti
1140 2991 1378 3059 fuerant,
1407 3001 1536 3048 tunc
1580 2993 1737 3046 hilari
1763 3009 1828 3049 ac
1856 2998 2122 3052 renidenti

535 3076 694 3131 vultu
728 3077 980 3150 laetisque
1006 3081 1181 3138 oculis
1212 3098 1273 3139 se
1303 3084 1545 3139 vicissim
1575 3085 1943 3155 aspiciebaut.
1981 3090 2121 3144 Cho-

534 3179 645 3235 reis
671 3178 838 3233 etiam
870 3186 925 3232 et
982 3177 1200 3247 hymnis
1236 3185 1349 3230 tam
1398 3192 1495 3248 per
1523 3193 1686 3249 agros
1712 3195 1877 3251 quam
1911 3195 2006 3251 per
2044 3182 2122 3235 ci—

532 3273 752 3339 vitates,
778 3242 1251 3341 primum-quidem
1278 3242 1443 3321 Deum
1476 3242 1928 3341 omnium-regem
1956 3280 2119 3341 prout
2148 3242 2193 3303 δ

531 3365 713 3421 edocti
748 3363 1009 3427 fuerant,
1043 3360 1246 3416 deinde
1285 3361 1593 3430 piissimum
1618 3363 2031 3434 imperatorem,
2061 3375 2118 3419 et

534 3459 648 3513 Deo
680 3455 1034 3512 charissimos
1063 3451 1182 3522 ejus
1210 3453 1352 3508 lilios
1378 3455 1758 3511 celebrabant.
1784 3455 1941 3511 Nulla
1979 3470 2119 3526 prae-

535 3545 1286 3611 teritarumwalamitatum,
1331 3546 1479 3601 nulla
1526 3547 1824 3616 impietatis
1855 3547 2120 3602 memoria

531 3639 892 3712 suppetebat:
926 3637 1023 3693 sed
1055 3637 1409 3707 praesentium
1447 3639 1718 3693 bonorum
1754 3638 1777 3691 f
1781 3649 1968 3694 ructus
1991 3653 2115 3696 cum

532 3731 840 3786 futurorum
892 3741 992 3796 spe
1044 3735 1212 3797 atque
1255 3727 1663 3796 exspectatione
1687 3728 2113 3797 percipiebatur.

531 3820 982 3891 Proponebantur
1005 3818 1206 3889 ubique
1228 3819 1453 3874 victoris
1476 3818 1739 3889 principis
1763 3819 1964 3886 edicta,
1998 3821 2114 3890 ple-

2229 1996 2538 2065 ἀνίσχοντος
2574 1995 2726 2067 ἡλίου
2771 1998 2952 2050 πᾶσαν
2992 1997 3050 2049 ἐν
3082 1995 3268 2065 κύκλῳ
3297 1994 3439 2049 κατά
3481 1994 3685 2064 θάτερα
3717 1990 3815 2063 τῆς

2227 2081 2575 2153 οἰκουμένης,
2626 2082 2829 2154 ἄρκτον
2875 2101 2935 2136 τε
2985 2081 3123 2155 ὁμοῦ
3174 2084 3269 2136 καὶ
3315 2081 3684 2153 μεσημϐρίαν,
3734 2082 3816 2143 εἰς

2229 2172 2432 2244 ἔσχατα
2477 2174 2744 2247 δυομένης
2793 2176 3007 2247 ἡμέρας
3059 2175 3165 2229 ὑπὸ
3206 2175 3306 2247 τὴν
3360 2174 3539 2227 αὐτῶν
3588 2174 3813 2242 ἄγοντες

2228 2269 2448 2339 εἰρήνην
2481 2267 2616 2339 (86).
2654 2267 2928 2340 Ἀφῄρητο
2946 2268 3080 2337 γοῦν
3110 2268 3168 2334 ἐξ
3222 2266 3528 2339 ἀνθρώπων
3556 2268 3664 2319 πᾶν
3692 2266 3815 2328 δέος

2225 2358 2334 2411 τῶν
2353 2358 2482 2429 πρὶν
2498 2359 2694 2423 αὐτοὺς
2707 2360 3023 2424 πιεζόντων,
3042 2357 3301 2429 λαμπρὰς
3311 2358 3355 2410 δ’
3376 2356 3590 2409 ἐτέλουν
3604 2356 3699 2408 καὶ
3717 2373 3817 2408 πα-

2227 2448 2529 2521 νηγυρικὰς
2578 2450 2783 2520 ἑορτῶν
2827 2450 3080 2521 ἡμέρας*
3129 2445 3199 2521 ἦν
3249 2449 3307 2502 δὲ
3369 2448 3547 2517 φωτὸς
3598 2447 3813 2518 ἔμπλεα

2226 2541 2427 2605 πάντα,
2457 2542 2553 2596 καὶ
2579 2541 2826 2613 μειδιῶσι
2855 2541 3188 2613 προσώποις,
3218 2540 3431 2611 ὄμμασι
3455 2556 3516 2592 τε
3559 2538 3814 2611 φαιδροῖς

2225 2636 2276 2688 oi
2306 2636 2436 2706 πρὶν
2470 2637 2736 2706 κατηφεῖς
2782 2634 3045 2705 ἀλλήλους
3087 2632 3337 2695 ἔϐλεπον,
3372 2632 3582 2703 χορεῖαι
3617 2630 3731 2702 (87)
3764 2630 3810 2683 δ’

2225 2727 2411 2793 αὐτοῖς
2469 2728 2565 2781 καὶ
2612 2726 2775 2797 ὕμνοι
2828 2724 2970 2778 κατά
3008 2722 3189 2786 πόλεις
3245 2721 3382 2794 ὁμοῦ
3435 2722 3529 2775 καὶ
3584 2722 3810 2792 ἀγροὺς,

2224 2818 2319 2871 τὸν
2387 2816 2738 2889 παμϐασιλέα
2795 2814 2927 2869 Θεὸν
2981 2813 3265 2886 πρώτιστα
3318 2813 3536 2866 πάντων
3561 2852 3576 2877 ,
3620 2812 3702 2865 ὅτι
3743 2812 3810 2882 δὴ

2225 2910 2369 2964 τοῦτ’
2410 2908 2801 2979 ἐδιδάχθησαν,
2891 2906 3129 2961 κᾶπειτα
3178 2904 3272 2957 τὸν
3323 2903 3521 2974 εὐσεϐῆ
3586 2902 3812 2974 βασιλέα

2226 3002 2414 3057 παισὶν
2436 3002 2552 3073 ἆμα
2572 2998 2874 3069 θεοφιλέσιν
2897 2998 3205 3069 ἐγέραιρον.
3238 2994 3439 3048 Κακῶν
3462 2994 3506 3048 δ’
3535 2994 3811 3066 ἀμνηστία

2225 3093 2469 3149 παλαιῶν
2496 3089 2587 3164 ἦν,
2626 3092 2719 3146 atati.
2758 3090 2894 3162 λήθη
2933 3090 3116 3159 πάσης
3152 3086 3493 3151 δυσσεϐείας,
3522 3085 3810 3158 παρόντων

2224 3189 2272 3242 δ’
2303 3185 2521 3255 ἀγαθῶν
2555 3183 2873 3245 ἀπόλαυσις,
2905 3182 3000 3236 καὶ¹
3034 3179 3259 3251 προσέτι
3294 3178 3596 3250 μελλόντων
3641 3193 3811 3250 προσ-

2224 3280 2422 3334 δοκίαι.
2453 3277 2742 3331 Ἥπλωντο
2762 3276 2805 3328 δ’
2837 3270 2930 3329 οὖν
2960 3274 3101 3328 κατά
3135 3273 3315 3327 πάντα
3332 3271 3499 3325 τόπον
3529 3270 3625 3324 τοῦ
3650 3287 3808 3340 νικη-

2223 3370 2319 3424 τοῦ
2351 3368 2614 3441 βασιλέως
2647 3366 3056 3439 φιλανθρωπίας
3081 3364 3310 3436 ἔμπλεοι
3337 3362 3628 3427 διατάξεις,
3654 3361 3807 3432 νόμοι

2224 3478 2282 3515 τε
2315 3460 2727 3533 μεγαλοδωρεᾶς
2752 3459 2846 3512 καὶ
2873 3456 3107 3526 ἀληθοῦς
3138 3453 3418 3517 εὐσεϐείας
3451 3452 3809 3526 γνωρίσματα

2225 3554 2586 3625 περιέχοντες.
2624 3550 2779 3605 Οὕτω
2821 3551 2953 3621 δῆτα
2985 3549 3167 3619 πάσης
3191 3547 3503 3619 τυραννίδος
3534 3544 3809 3615 ἐκκαθαρ-

2227 3646 2432 3716 θείσης,
2464 3645 2646 3716 μόνοις
2669 3642 3000 3712 ἐφυλάττετο
3032 3642 3101 3695 τά
3127 3642 3225 3712 τῆς
3249 3639 3635 3711 προσηκούσης
3658 3639 3809 3709 βασι-

2220 3736 2368 3800 λείας
2390 3736 2583 3807 βέϐαιά
2604 3751 2664 3788 τε
2691 3734 2783 3787 καὶ
2813 3731 3146 3802 ἀνεπίφθονα
3167 3731 3562 3802 Κωνσταντίνῳ
3579 3730 3672 3783 καὶ
3692 3731 3808 3790 τοῖς

2219 3826 2384 3881 αὑτοῦ
2421 3826 2624 3881 παισίν·
2650 3826 2700 3880 οἳ
2738 3826 2847 3878 τῶν
2875 3824 3109 3896 πρόσθεν
3140 3823 3359 3877 πάντων
3387 3819 3806 3893 ἀποσμήξαντες

532 3928 603 3968 na
630 3911 983 3968 humanitatis
1009 3944 1024 3975 ,
1059 3920 1115 3965 et
1138 3909 1281 3979 leges
1322 3911 1666 3967 liberalitatis
1695 3911 1842 3967 illius
1866 3928 1931 3967 ac
1972 3928 2113 3968 verte

2225 3923 2315 3994 τὴν
2343 3920 2662 3990 θεοστυγίαν
2675 3919 2768 3973 τοῦ
2786 3918 2923 3990 βίου,
2947 3917 3056 3971 τῶν
3085 3920 3149 3971 ἐκ
3166 3916 3300 3970 Θεοῦ
3324 3913 3803 3985 πρυτανευθέντων

530 4005 756 4079 pietatis
777 4005 978 4061 indicia
1008 4006 1378 4074 praeferentes.
1403 4006 1486 4059 Ad
1517 4004 1664 4061 hunc
1695 4005 1861 4076 igitur
1890 4005 2108 4079 modum

533 4101 819 4175 tyrannica
846 4098 1224 4154 dominatione
1253 4099 1575 4167 exstirpata,
1605 4114 1772 4168 penes
1798 4097 1941 4154 solos
1967 4098 2109 4153 Con-

529 4195 834 4252 stantinum
865 4194 1118 4261 eiusque
1176 4191 1377 4250 liberos
1434 4190 1720 4260 imperium
1766 4190 2112 4257 Romanum,

529 4290 677 4358 quod
706 4286 830 4356 iure
853 4285 987 4355 ipsis
1011 4281 1381 4352 competebat,
1404 4281 1620 4338 ﬁrmum
1648 4293 1873 4338 etextra
1891 4297 2110 4336 omnem

2214 4011 2434 4081 ἀγαθῶν
2451 4011 2633 4075 αὐτοῖς
2649 4007 2789 4079 acer,
2799 4010 2975 4080 μένως
3022 4008 3157 4079 (88),
3172 4008 3234 4060 τὸ
3266 4006 3553 4078 φιλάρετον
3582 4005 3675 4059 καὶ
3692 4004 3805 4057 θεο-

2221 4101 2473 4171 φιλὲς,τό
2503 4117 2564 4154 τε
2593 4099 2730 4172 πρὸς
2768 4100 2828 4151 τὸ
2861 4098 3017 4151 Θεῑον
3062 4097 3286 4159 εὐσεϐὲς
3330 4095 3426 4149 καὶ
3457 4095 3799 4165 εὐχάριστον,

2218 4187 2382 4247 δι’ὦν
2440 4195 2521 4257 εἰς
2583 4186 2859 4263 προῦπτον
2912 4189 3121 4244 ἅπασιν
3182 4186 3493 4259 ἀνθρώποις
3525 4186 3802 4258 παρέσχον

2218 4285 2373 4358 ὁρᾷν,
2405 4281 2747 4348 ἐπεδείξαντο
2779 4280 2833 4353 (8
2842 4280 2916 4353 9).

529 4381 793 4436 invidiam
821 4379 1144 4449 permansit.
1179 4375 1282 4443 Qui
1311 4374 1476 4447 ωο
1503 4375 1719 4444 quidem
1775 4375 2017 4430 omnium
2084 4378 2425 4446 superiorum
2486 4375 2789 4444 principum
2823 4373 3105 4441 impietate
3135 4369 3352 4424 detersa
3379 4376 3545 4437 atque
3606 4381 3638 4421 e
3685 4381 3800 4419 mc-

528 4475 619 4531 dio
661 4471 921 4539 sublata,
992 4471 1257 4526 bonorum
1319 4469 1422 4524 sibi
1477 4468 1737 4524 divinitus
1790 4480 2175 4523 concessorum
2214 4469 2384 4539 probe
2438 4467 2667 4533 conscii,
2723 4463 2961 4522 studium
2995 4463 3215 4518 virtutis
3271 4469 3327 4515 et
3381 4474 3624 4515 amorem
3680 4457 3797 4522 Dei,

603 4637 716 4709 (85)
760 4633 964 4709 causa
994 4629 1274 4709 ﬁrmanda
1292 4630 1763 4709 _codd._llla_z.‘et
1799 4628 1941 4685 Med.
1981 4631 2119 4709 scri-

2225 4645 2380 4709 qnam
2430 4626 2873 4709 XOREFat.AFBFl'i.
2909 4634 3092 4709 tamen
3137 4632 3427 4709 utcunque
3454 4629 3794 4709 potestJvos

528 4698 826 4764 ιιίιὶιιόὑκ
892 4698 1147 4775 ἔστησαν.
1194 4702 1249 4756 In
1289 4699 1425 4755 Fuk.
1467 4701 1568 4753 οὐκ
1610 4698 1913 4770 ἀνέστησαν
1938 4737 1953 4763 ,
2008 4706 2105 4755 sed

532 4789 785 4833 neutrum
820 4778 1013 4845 probo.

603 4846 716 4918 (ὅθ)
768 4839 915 4918 Ὑπὸ
1081 4839 1636 4918 αὐτῶν...είρήνην.
1673 4839 1766 4895 Sic
1807 4839 2032 4918 seneca
2055 4839 2109 4894 in

531 4910 631 4972 ιιι).
664 4910 744 4970 De
769 4910 1050 4968 clementia
1079 4916 1349 4968 Neronem
1383 4915 1460 4966 ita
1502 4913 1810 4980 loquentem
1851 4910 2064 4965 inducit
2091 4929 2103 4965 ε

535 5004 560 5042 ι
597 4987 723 5041 llaac
755 4995 835 5039 tot
863 4984 1027 5037 millia
1056 4984 1360 5054 gladiorum
1390 4997 1511 5050 qua!
1552 4997 1654 5051 pax
1684 4995 1817 5054 _me_a
1867 4980 2109 5050 compri-

530 5058 654 5124 mit,
690 5056 756 5124 ad
792 5063 978 5107 nutum
1013 5050 1193 5107 m'eum
1221 5050 1581 5124 stringentur.
1618 5071 1637 5101 ι
1681 5050 1910 5124 Eodenr
1944 5066 2108 5124 sensu

533 5120 677 5196 apud
714 5123 977 5196 Velleium
1008 5136 1064 5177 et
1094 5124 1146 5175 in
1168 5120 1446 5196 veteribus
1476 5126 1713 5174 nummis
1742 5120 2100 5196 hiecnlegitur

531 5189 816 5264 inscriptio
836 5210 852 5248 :
875 5191 985 5248 Pax
1009 5196 1272 5264 Aususri,
1299 5192 1350 5245 id
1400 5202 1681 5264 estquam
1713 5192 1831 5244 orbi
1856 5189 2102 5264 Boriiano

2219 4691 2622 4773 iopshtliNain
2673 4698 2970 4753 Christiani
3021 4691 3499 4773 ch0reas___(iuc_ere
3549 4691 3799 4773 solebant

2214 4762 2705 4826 i'n'festivitatibns
2739 4777 3067 4836 martyrum,
3100 4780 3207 4834 quo
3248 4762 3355 4836 illis
3387 4763 3649 4836 honorem
3699 4762 3798 4814 lia-

2213 4842 2426 4905 bcrent,
2452 4853 2753 4908 eorumque
2782 4833 3078 4908 certamina
3113 4833 3177 4908 ac
3206 4834 3472 4908 victorias
3506 4833 3608 4885 hoc
3636 4841 3797 4908 pacto

2211 4900 2577 4970 celebrarent,
2615 4900 2679 4961 υἱ
2706 4908 2901 4962 scribit
2934 4905 3236 4971 Gregorius
3268 4904 3398 4957 ΝΜ.
3436 4903 3488 4955 in
3524 4900 3796 4971 carmini-

2212 4981 2312 5034 hus
2338 4982 2403 5033 ad
2438 4980 2697 5031 mulieres
2731 4977 3003 5032 curiosius
3029 4970 3149 5028 sese
3182 4984 3538 5033 exornantes,
3570 4986 3625 5039 p.
3664 4970 3792 5022 153.

2210 5049 2409 5103 Contra
2436 5048 2750 5115 hujusmodi
2780 5045 3283 5115 cliorcasigraviter
3318 5044 3593 5095 invehitur
3622 5039 3780 5092 Basi-

2212 5120 2318 5173 lius
2357 5114 2601 5185 Magnus,
2631 5118 2855 5172 humilia
2889 5116 2977 5178 l4,
3008 5114 3074 5167 In
3098 5115 3422 5185 ebrietatem.

2274 5189 2387 5259 (88)
2426 5178 2827 5262 ᾞσθῂμένως.
2860 5187 3020 5241 Forte
3056 5185 3341 5254 legendum
3378 5178 3698 5252 ᾐσθημένοι,
3734 5184 3793 5233 ut

533 5258 758 5338 praestat
783 5264 1103 5338 imperator.
1139 5263 1259 5338 Alio
1284 5276 1449 5338 sensu
1480 5258 1682 5338 dicitur
1720 5274 1824 5329 pax
1854 5258 2101 5338 [tom-ana
2205 5258 2539 5338 aliansnsmpe;
2566 5260 2722 5338 Enn.

531 5330 601 5392 ab
626 5336 815 5391 eodem
846 5330 1056 5387 Seneca
1090 5333 1142 5385 in
1170 5333 1311 5386 libro
1336 5330 1412 5383 De
1443 5331 1740 5391 clementia,
1781 5339 1836 5384 et
1879 5331 1931 5382 in
1966 5330 2104 5383 libro

2274 5329 2387 5397 (89)
2406 5323 2484 5381 ΔΓ
2501 5323 2589 5382 ὦν
2600 5331 2688 5393 εὶς
2700 5321 3011 5395 προῦπτον
3028 5319 3612 5397 ἅπασίιν-ᾀιεθρώποις
3634 5333 3755 5397 παρ
3770 5347 3787 5358 -

533 5407 610 5460 De
647 5405 1000 5475 providentia,
1035 5402 1086 5457 id
1116 5413 1201 5456 est
1261 5416 1367 5471 pax
1414 5416 1519 5470 qua
1572 5400 1775 5455 fruitur
1815 5399 2103 5467 imperium

2225 5392 2395 5475 ἐφ’χοί-
2431 5398 2600 5467 ὀρᾷν,
2645 5392 3223 5475 ἑπέδείξαχπτομὶοιι.
3265 5392 3427 5475 Reg?
3473 5392 3789 5475 quein‘fe‘re

529 5475 858 5530 Bottiannm.
1518 5534 1521 5537 _

604 5547 717 5615 (87)
757 5541 1012 5613 Χορεῖαι.
1067 5540 1261 5615 hiet-ito
1299 5541 1417 5615 inec
1456 5555 1561 5593 vox
1609 5538 1886 5615 displicuit
1938 5538 2098 5615 Nice-

531 5610 730 5685 phuro,
777 5610 900 5669 cum
951 5616 1021 5667 de
1060 5611 1391 5665 Christianis
1428 5625 1610 5685 sermo
1650 5611 1927 5685 sit_l)entn
1961 5610 2099 5685 ⁸Ιειιι-

535 5680 810 5739 dantibus.
839 5686 1020 5752 Itaque
1050 5699 1146 5750 pro
1184 5696 1316 5736 voce
1344 5682 1597 5752 xopeiat,_
1621 5681 1869 5752 aurave;
1891 5680 2094 5733 substi-

535 5757 659 5808 tuit.
690 5757 842 5823 Apud
871 5749 1160 5807 Eusebium
1212 5754 1262 5804 in
1298 5749 1437 5823 libro
1481 5766 1513 5802 ιι
1565 5750 1638 5823 De
1677 5752 1783 5804 vita
1814 5749 2093 5823 Constan-

536 5826 655 5888 tini,
687 5821 810 5892 cap.
842 5828 930 5892 tu,
971 5824 1168 5894 legitur
1212 5821 1384 5896 χοροί,
1438 5822 1581 5895 quod
1638 5821 1971 5877 tolerabilius
2011 5828 2097 5876 est

2205 5462 2406 5539 ubique
2457 5462 2695 5539 secutus
2748 5477 2854 5539 dest
2919 5467 3268 5539 Stephanus,
3330 5462 3420 5539 διὰ

2203 5530 2545 5611 Χριστιανῶν
2588 5537 2918 5611 ἐνεδείξαντο
2955 5530 3294 5611 νομοθεσίας.
3319 5533 3435 5611 _Sed
3479 5535 3530 5611 in
3559 5530 3788 5611 reliquis

2204 5600 2787 5678 eicinplaribusMaz.
2805 5600 3207 5678 scilicet,.\led.,
3234 5602 3372 5678 Fuit.
3401 5612 3455 5655 et
3482 5600 3783 5678 ‘Sariliano,

3476 5460 3577 5530 τῆς
3643 5459 3790 5529 ὑπὲρ

2208 5671 2466 5735 ιοιυεῖιὶε
2496 5680 2645 5732 locus
2670 5680 2927 5732 scribitur
2959 5687 3019 5730 ut
3041 5676 3273 5729 edimus.
3297 5674 3468 5739 Quam
3493 5671 3785 5724 lectionem

2207 5759 2393 5817 utpote
2425 5748 2665 5816 plurium
2694 5763 2759 5802 ac
2803 5746 3461 5817 Vetustiorum‘codicum
3511 5752 3783 5817 consensu

2207 5809 2606 5887 coiiliriiiataiii,
2638 5818 2833 5874 merito
2873 5817 3023 5873 alteri
3058 5814 3456 5885 pnrfercndam
3494 5809 3729 5882 putavi.-
