4210 6386
521 369 619 426 9H

1225 365 1496 421 EUSEBII
1535 362 2017 419 CA'JSARIENSIS
2056 361 2211 418 OPP.
2252 361 2439 418 PARS
2478 363 2519 418 l.
2561 393 2630 402 —
2670 362 3063 420 HISTORICA.

3695 371 3808 425 912

521 491 702 546 cunda
733 505 796 550 ac
825 489 980 545 tertia
1010 489 1190 559 magni
1215 486 1560 556 imperatoris
1589 487 1757 540 nostri
1785 484 2105 541 decennalia

2218 485 2406 540 διττῶν
2438 503 2496 540 τε
2529 489 2625 540 καὶ
2655 487 2886 558 τριττῶν
2915 486 3195 558 περιόδους
3221 487 3280 539 έν
3319 489 3522 559 ἑορτῶν
3550 491 3806 562 εὐωχίαις

522 583 694 638 certis
724 592 1029 652 temporum
1058 581 1249 648 spatiis
1281 579 1567 634 redeuntia
1617 578 2017 632 festivitatibus
2054 587 2110 631 et

525 674 792 729 conviviis
841 671 1159 728 celebravit.
1211 669 1320 724 Nos
1353 685 1571 740 quoque
1614 669 1714 739 ipsi
1749 683 1923 738 nuper
1951 681 2108 722 eum—

524 767 649 820 dem
685 765 946 820 victorem
983 777 1046 817 ac
1080 761 1535 830 triumphatorem
1579 770 1726 816 coetu
1779 759 2107 814 famulorum

524 857 621 914 Dei
653 859 1102 925 circumseptum,
1140 855 1452 909 laudatione
1492 855 1546 908 in
1587 853 1705 922 ejus
1731 852 2111 908 vicennalibus

526 952 668 1005 dicta
703 950 947 1005 venerati
985 963 1194 1002 sumus.
1224 946 1332 1002 Sed
1373 959 1428 1000 et
1470 947 1858 1000 tricennalium
1902 951 2112 999 oratio-

526 1063 655 1102 num
684 1059 919 1100 coronas
950 1046 997 1098 ei
1031 1053 1302 1108 texentes,
1333 1057 1510 1112 nuper
1553 1042 1607 1094 in
1640 1041 1759 1108 ipso
1789 1039 1998 1109 palatio
2021 1053 2113 1093 sa-

526 1153 678 1194 crum
707 1137 825 1206 ejus
868 1145 1030 1206 caput
1063 1133 1454 1188 redimivimus.
1484 1130 1684 1185 Verum
1724 1147 1871 1186 nunc
1909 1145 2112 1198 anceps

525 1233 692 1287 animi
729 1231 929 1295 hazreo,
982 1229 1206 1296 cupiens
1244 1226 1464 1295 quidem
1498 1225 1704 1295 aliquid
1755 1240 1906 1279 more
1950 1225 2112 1279 solito

527 1323 799 1394 proferre,
850 1322 944 1375 sed
996 1334 1104 1388 quo
1150 1333 1235 1371 me
1289 1324 1542 1379 vertam,
1603 1330 1826 1383 prorsus
1863 1315 2110 1385 ignarus,

527 1417 802 1472 inusitatae
825 1413 902 1468 rei
949 1409 1261 1482 spectaculo
1286 1409 1587 1478 perculsus.
1624 1407 1759 1462 Nam
1788 1423 2112 1478 quocunque

527 1508 734 1565 mentis
778 1506 971 1562 oculos
1006 1503 1264 1566 intendo,
1317 1502 1433 1556 sive
1485 1502 1551 1554 ad
1579 1510 1762 1555 ortum
1800 1500 1956 1565 solis,
1995 1500 2112 1555 sive

529 1603 596 1657 ad
636 1615 917 1664 occasum,
967 1611 1061 1654 seu
1099 1596 1413 1650 universum
1454 1604 1724 1648 terrarum
1772 1594 1983 1658 orbem,
2015 1609 2110 1648 seu

528 1694 728 1748 caelum
758 1693 931 1761 ipsum
957 1687 1366 1756 circumspicio,
1399 1685 1772 1740 beatissimum
1805 1685 2110 1754 principem

527 1785 730 1851 ubique
759 1776 1088 1851 piacsentem
1123 1778 1360 1832 intueor.
1390 1777 1467 1829 Ac
1507 1774 1709 1828 liberos
1741 1775 1960 1845 quidem
1995 1775 2111 1841 ejus

527 1875 684 1945 quasi
736 1889 874 1929 nova
941 1872 1188 1943 quaedam
1239 1867 1482 1934 lumina,
1539 1879 1807 1924 terrarum
1870 1867 2109 1922 ambitus
2145 1857 2185 1908 Β

527 1982 717 2024 omnes
740 1965 982 2036 paternis
1029 1963 1198 2017 radiis
1228 1959 1455 2030 implere
1500 1962 1900 2025 animadverto,
1930 1961 2112 2014 illum-

527 2076 633 2130 que
665 2061 841 2129 ipsutn
872 2056 1198 2111 auctoritate
1227 2069 1290 2108 ac
1321 2055 1562 2122 potentia
1589 2055 1893 2108 etiamnum
1921 2054 2111 2109 viven-

527 2164 659 2220 tem,
695 2166 890 2221 resque
919 2151 1187 2205 humanas
1221 2149 1392 2202 multo
1418 2147 1769 2218 praestantius
1811 2162 1876 2200 ac
1915 2156 2110 2216 poten-

526 2247 634 2299 tius
666 2245 1074 2305 moderantem;
1120 2241 1322 2310 quippe
1357 2241 1449 2308 qui
1485 2240 1722 2294 filiorum
1761 2239 2111 2294 successione

525 2337 758 2393 dill'usus
801 2337 874 2390 sit
913 2347 1077 2406 atque
1125 2335 1512 2402 atnplifil'atus.
1560 2332 1660 2398 Qui
1711 2331 1859 2400 prius
1889 2331 2108 2398 quidem

529 2433 737 2486 honore
766 2429 1044 2484 Caesarum
1074 2425 1252 2481 aﬂ‘ecti
1281 2426 1498 2480 fuerant
1535 2441 1548 2476 :
1586 2439 1731 2476 ttunc
1766 2438 1896 2476 vero
1936 2432 2107 2476 lOtuut

527 2533 738 2594 patrem
778 2521 978 2586 induti,
1009 2522 1080 2573 ob
1108 2520 1364 2574 eximiam
1405 2517 1684 2588 religionis
1716 2514 1972 2568 virtutem
2007 2515 2108 2565 itu-

529 2627 812 2688 peratores
843 2624 897 2669 et
925 2613 1155 2683 Augusti
1192 2611 1488 2666 renuntiati
1527 2621 1677 2677 sunt,
1710 2620 1906 2664 cuncta
1941 2609 2112 2678 patris

530 2721 858 2765 ornamenta
888 2723 1001 2778 pra:
1031 2723 1090 2760 se
1125 2708 1382 2761 ferentes.

929 2795 1096 2868 406
1130 2794 1317 2848 Adhuc
1346 2791 1680 2862 proemium.

601 2889 847 2959 Cumque
867 2905 988 2943 eum
1008 2888 1100 2958 qui
1125 2885 1281 2958 paulo
1301 2892 1427 2938 ante
1441 2884 1492 2936 in
1515 2883 1729 2938 mortali
1749 2898 1974 2953 corpore
1993 2898 2113 2938 cer-

530 2984 762 3038 uehatur
775 2989 830 3036 et
847 2981 1126 3035 nobiscum
1152 2996 1258 3033 una
1285 2978 1626 3041 versabatur,
1651 2977 1956 3031 admirabili
1979 2993 2114 3046 qua-

531 3073 654 3128 dam
679 3073 890 3126 ratione
909 3073 1070 3124 etiam
1096 3080 1215 3139 post
1243 3071 1475 3132 obitum,
1508 3084 1618 3138 quo
1646 3078 1888 3139 tempore
1919 3079 2111 3123 natura

531 3165 791 3235 quidquid
817 3162 1148 3234 superfluum
1181 3176 1285 3227 est,
1324 3173 1584 3231 tanquam
1627 3161 1863 3217 alienum
1887 3162 2109 3228 refutat,

533 3259 723 3313 iisdem
756 3257 919 3327 regiis
955 3256 1162 3311 aedibus
1195 3267 1249 3311 et
1280 3257 1581 3310 honoribus
1608 3269 1677 3310 ac
1715 3254 2114 3310 laudationibus

532 3349 637 3402 frui
681 3348 862 3412 video,
899 3347 1203 3402 incredibili
1257 3347 1620 3401 admiratione
1659 3346 1944 3414 percellor.
1991 3345 2111 3400 Jam

530 3456 665 3495 vero
698 3455 820 3494 cum
857 3440 924 3495 ad
964 3441 1110 3510 ipsos
1135 3453 1307 3510 usque
1329 3440 1456 3494 σωιί
1496 3438 1738 3494 fornices
1760 3439 1960 3493 mentis
1978 3454 2112 3494 mea:

532 3535 706 3590 aciem
735 3534 976 3598 extendi,
999 3545 1162 3604 atque
1194 3535 1304 3589 illic
1331 3534 1702 3589 beatissimam
1730 3534 1848 3602 ejus
1878 3533 2112 3586 animam

531 3643 656 3683 cum
675 3630 790 3698 ipso
816 3629 924 3682 Deo
937 3627 1142 3682 versari
1161 3627 1361 3697 cogito,
1384 3625 1631 3680 terrestri
1659 3625 1875 3693 quidem
1895 3639 1958 3677 ac
1973 3640 2115 3677 mor-

533 3719 630 3773 tali
661 3720 1026 3788 integumento
1045 3717 1354 3782 liberatam,
1372 3717 1766 3772 circumdatam
1789 3731 1914 3767 vero
1937 3713 2116 3783 splen-

535 3812 829 3866 didissima:
849 3810 984 3865 lucis
1001 3811 1168 3864 stola:
1189 3823 1420 3878 eamque
1440 3824 1544 3861 non
1558 3806 1668 3874 jam
1692 3807 1841 3860 brevi
1862 3807 2117 3874 temporis

535 3901 878 3957 curriculoin
904 3901 990 3956 bis
1017 3900 1237 3956 caducis
1265 3899 1488 3955 sedibus
1510 3900 1768 3963 volutari,
1797 3899 1888 3952 sed
1911 3913 2118 3951 corona

608 4085 686 4157 (5)
721 4081 1526 4157 Εἱκοσαετηρικοῖςηῦμνρις.
1592 4079 1717 4157 Ηαξρ
1741 4078 1935 4157 ⁸οιςιιιίρ
1973 4077 2118 4133 dicta

537 4150 860 4212 ab'l'l'usebio
910 4157 963 4209 in
1000 4150 1372 4208 viceuualibus
1413 4150 1778 4210 Constantini,
1811 4150 1971 4202 bodie
2006 4165 2113 4203 non

535 4237 732 4283 exstat.
788 4225 842 4279 ld
891 4233 1098 4278 tantum
1143 4225 1207 4276 de
1247 4229 1308 4275 ea
1364 4219 1631 4274 allirmare
1678 4234 1984 4288 possumus,
2036 4220 2119 4270 di-

537 4309 682 4350 ctam
717 4296 861 4350 illam
893 4295 1061 4349 fuisse
1094 4294 1146 4346 in
1181 4291 1400 4346 Nic-aena
1432 4291 1638 4360 synodo
1661 4289 2118 4360 roramprincipe

519 4368 916 4427 Constantino,
936 4365 1076 4434 quod
1107 4371 1337 4434 testatur
1365 4358 1740 4434 Eusebiusbis
1761 4358 1940 4434 verbis
1970 4373 1984 4410 :
2010 4359 2116 4411 Τὸν

537 4437 842 4508 καλλίνικον
876 4426 1037 4508 μέσον
1069 4432 1435 4508 ἀπολαϐόντες
1467 4428 1603 4481 Θεοῦ
1626 4426 1964 4508 ,λειτουργῶν
1989 4445 2118 4481 συν-

513 4507 837 4583 -6600.__Sed
876 4497 1045 4561 inulto
1079 4505 1279 4558 clarius
1329 4503 1560 4572 idipsum
1606 4500 1766 4555 docet
1821 4497 1876 4552 in
1907 4497 2000 4552 lib.
2029 4515 2112 4563 tu,
2143 4524 2194 4583 ι)

538 4593 659 4631 can.
692 4579 778 4630 Η.

609 4593 867 4728 ῗθ)13ἀδη
1020 4642 1118 4697 καὶ
1155 4639 1806 4728 ςτριακσντςιετηρικούε.
1857 4637 2116 4728 lntel-ligit

539 4711 864 4770 orationem
906 4716 1260 4769 tricennalem
1321 4715 1388 4764 de
1439 4711 1688 4763 laudibus
1747 4712 2112 4770 Constantini,

539 4801 702 4854 quam
729 4784 993 4839 Eusebius
1023 4788 1087 4836 ad
1103 4783 1305 4838 calcem
1340 4783 1600 4854 librorum
1637 4780 1710 4833 De
1733 4783 1837 4832 vita
1868 4780 2110 4854 ejusdem

539 4849 877 4908 Constantini
935 4855 1260 4922 subjet'erat,
1323 4854 1464 4906 sicut
1511 4851 1745 4922 ipsemet
1777 4859 2006 4922 testatur
2058 4849 2109 4900 iu

541 4926 681 4978 libro
716 4939 787 4990 tv,
815 4939 935 4994 cap.
969 4919 1058 4977 46⁷.
1115 4925 1168 4977 lu
1209 4923 1394 4994 codice
1431 4929 1608 4994 tamen
1651 4919 1948 4994 Ettltetiano
1998 4920 2114 4994 lucc

539 4995 716 5048 oratio
751 4988 968 5063 praelin
1000 5005 1082 5047 est
1105 4994 1259 5047 libris
1289 4990 1504 5063 Eusebii
1543 4989 1619 5063 De
1647 4991 1749 5042 vita
1779 4988 2112 5063 imperatoris

541 5060 894 5118 Constantini.
952 5064 1115 5117 Recte
1169 5063 1220 5116 id
1268 5061 1507 5130 quidem,
1569 5060 1613 5113 si
1666 5069 1891 5130 tempus
1939 5060 2112 5125 ipsum

540 5145 848 5203 spectemus
897 5148 1007 5204 quo
1048 5134 1229 5204 habita
1261 5127 1342 5185 est
1382 5133 1505 5204 bace
1530 5131 1704 5204 oratio
1743 5145 1758 5181 :
1801 5127 1895 5204 sed
1932 5139 2112 5204 tamen

540 5199 732 5258 contra
799 5199 1122 5258 sententiam
1174 5203 1342 5272 ipsius
1400 5201 1708 5269 scriptoris,
1773 5199 1863 5268 qui
1908 5199 2114 5272 oratio:

539 5290 667 5330 nem
720 5273 866 5329 illam
921 5276 988 5329 ad
1037 5267 1244 5330 calceiu
1297 5267 1807 5327 horum'tibrorum
1854 5267 2112 5322 collocari

541 5345 718 5398 iussit.

534 5359 906 5486 μ’ἷξιιῖνυιεη
937 5414 1094 5483 αὐτῇ
1118 5414 1390 5486 συνόντα
1409 5409 1676 5486 βασιλέα
1704 5407 1921 5486 θεωρεὶ-
1971 5405 2114 5486 "8."-

537 5476 688 5540 ric‘us
712 5476 947 5540 Savilius
978 5489 1044 5539 ad
1062 5476 1220 5540 oram
1250 5484 1375 5537 libri
1409 5485 1491 5536 sui
1522 5480 1826 5541 adnotavit,
1873 5478 2011 5532 forte
2035 5476 2115 5530 le-

537 5557 767 5625 gendum
793 5555 959 5626 αὒτῷ.
997 5555 1392 5626 Μοιιιγίιιιοιιυθ
1425 5554 1554 5626 mihi
1591 5553 1644 5604 in
1682 5559 1930 5626 mentem
1952 5561 2116 5599 vene-

539 5619 644 5690 rat,
676 5619 964 5695 antequain
996 5619 1596 5695 Saviliaitumcodicem
1630 5631 1824 5673 nactus
1859 5619 2114 5695 fuissem;

536 5686 734 5766 acip,
761 5686 949 5763 supple
977 5694 1056 5764 τῷ
1087 5694 1248 5766 λόγῳ.
1279 5693 1421 5766 “Hoc
1443 5695 1633 5766 ipsum
1655 5704 1754 5766 _eSt
1794 5691 1936 5757 quod
1977 5686 2116 5766 infra

540 5755 672 5816 uit-ii
698 5755 984 5818 Eusebius
1027 5755 1225 5826 ἀὐτοῖς
1273 5763 1320 5816 θ’
1362 5755 1494 5832 ἡμῖν
1542 5761 1770 5812 συνόντα
1812 5755 2117 5828 παραδόξο-

535 5851 696 5889 τατα.
734 5833 841 5890 Sed
870 5850 1012 5890 nunc
1040 5849 1097 5890 re
1126 5835 1388 5892 attentius
1415 5835 1750 5898 examinata,
1792 5832 1950 5884 aliter
1986 5843 2112 5882 scn-

2211 579 2320 631 πᾶν
2370 578 2526 647 γένος
2571 577 2876 651 ἀνθρώπων
2932 578 3361 650 έπανηγύριζεν,
3418 582 3545 650 ἄρτι
3596 582 3653 635 δὲ
3709 584 3805 636 καὶ

2211 671 2373 741 ἡμεῖς
2405 671 2558 724 αὐτοὶ
2589 670 2681 724 τὸν
2712 672 3016 726 καλλίνικον
3069 673 3235 742 μέσον
3275 671 3644 729 ἀπολαϐόντες
3665 674 3803 726 Θεοῦ

2209 759 2536 832 λειτουργῶν
2573 762 2809 826 συνόδου,
2842 764 3310 832 εἰκοσαετηρικοῖς
3344 761 3533 832 ὕμνοις
3567 763 3643 831 (5)
3681 765 3807 830 ὲγε-

2215 852 2494 924 ραίρομεν,
2532 853 2631 924 ἤδη
2680 854 2737 907 δὲ
2776 855 2871 907 καὶ
2914 857 3502 926 τριακονταετηρικοὺς
3540 856 3616 928 (6)
3655 858 3806 929 αὑτῷ

2211 945 2385 1014 λόγων
2420 944 2714 1011 πλέξαντες
2758 947 3073 1016 στεφάνους.
3113 949 3173 1000 ὲν
3210 949 3397 1012 αὐτοῖς
3425 948 3614 1019 πρώην
3651 950 3804 1019 βασι-

2211 1037 2375 1100 λείοις
2403 1039 2501 1111 τὴν
2542 1038 2697 1110 ἱερὰν
2735 1039 2977 1111 κεφαλὴν
3002 1041 3370 1112 άνεστέφομεν
3389 1057 3404 1071 ·
3436 1041 3553 1093 νυνὶ
3578 1042 3634 1094 δε
3661 1044 3690 1095 ὁ
3717 1043 3804 1096 λό-

2211 1147 2307 1197 γος
2339 1131 2440 1201 ἤδη
2473 1132 2771 1203 ἀμηχανῶν
2818 1133 3039 1203 ἔστηκε,
3079 1133 3261 1186 ποθῶν
3302 1132 3401 1204 μέν
3447 1151 3498 1186 τι
3528 1133 3638 1186 τῶν
3682 1151 3806 1187 συν-

2212 1223 2359 1294 ήθων
2393 1225 3134 1297 προσφθέγξασθαι,άπορῶν
3164 1227 3208 1280 δ’
3243 1228 3365 1281 ὅποι
3395 1229 3490 1280 καὶ
3519 1228 3802 1299 τράποιτο,

2216 1317 2362 1388 μόνῳ
2389 1335 2448 1370 τε
2478 1319 2554 1389 τῷ
2589 1317 2828 1389 θαύματι
2872 1320 2970 1389 τῆς
3004 1319 3318 1390 ξενιζούσης
3346 1320 3525 1390 ὅψεως
3564 1339 3807 1374 καταπε-

2212 1410 2544 1481 πληγμένος.
2587 1411 2750 1464 Ὀποι
2785 1410 2893 1482 γάρ
2933 1411 2998 1464 ἂν
3031 1412 3218 1475 ἀτενὲς
3252 1412 3598 1484 ἐμϐλέψειεν,
3644 1415 3710 1484 ἦν
3743 1431 3804 1466 τε

2214 1504 2352 1574 πρὸς
2379 1504 2473 1567 ἓω,
2510 1504 2576 1574 ἦν
2607 1521 2669 1556 τε
2715 1504 2852 1574 πρὸς
2882 1503 3143 1575 ἑσπέραν,
3187 1505 3255 1576 ἦν
3298 1508 3347 1557 τ’
3375 1505 3467 1558 ἐπὶ
3498 1505 3604 1575 γῆς
3632 1507 3807 1576 αὐτῆς

2211 1596 2360 1666 ὅλης,
2383 1596 2449 1666 ἦν
2472 1612 2531 1648 τε
2561 1594 2699 1667 πρὸς
2721 1595 2952 1666 οὐρανὸν
2985 1595 3165 1660 αὐτὸν,
3197 1596 3374 1666 πάντη
3406 1597 3498 1649 καὶ
3527 1597 3805 1666 πανταχοῦ

2211 1688 2304 1741 τὸν
2341 1687 2607 1759 μακάριον
2632 1688 2768 1758 αὐτῇ
2806 1687 3037 1741 συνόντα
3067 1686 3315 1758 βασιλείᾳ
3345 1687 3544 1756 θεωρεῖ
3565 1687 3663 1756 (7)·
3699 1688 3807 1756 γῆς

2224 1781 2322 1851 μὲν
2353 1781 2463 1850 γὰρ
2490 1781 2616 1842 τοὺς
2651 1779 2816 1832 αὑτοῦ
2853 1781 3048 1844 παῖδας
3081 1776 3170 1833 οἷά
3193 1797 3346 1843 τινας
3370 1779 3524 1843 νέους
3555 1780 3808 1850 λαμπτῆ-

2219 1890 2338 1943 ρας,
2373 1872 2482 1926 τῶν
2526 1872 2690 1925 αὑτοῦ
2733 1871 3108 1944 μαρμαρυγῶν
3141 1873 3341 1943 συνορᾷ
3375 1871 3715 1943 πληροῦντας
3745 1872 3807 1924 τὸ

2217 1965 2346 2026 πᾶν,
2377 1964 2539 2016 αὐτόν
2567 1981 2625 2016 τε
2657 1963 2833 2028 ζῶντα
2877 1963 3101 2032 δυνάμει
3131 1964 3226 2016 καὶ
3257 1964 3348 2018 τὸν
3383 1964 3670 2034 σύμπαντα
3697 1964 3808 2016 δια-

2217 2057 2567 2128 κυϐερνῶντα
2594 2055 2727 2126 βίον,
2756 2057 3082 2128 κρειττόνως
3108 2057 3141 2125 ἣ
3167 2057 3422 2126 πρόσθεν,
3457 2061 3523 2128 τῇ
3552 2057 3662 2110 τῶν
3686 2057 3808 2109 παί-

2216 2154 2322 2204 δων
2344 2149 2885 2204 πολυπλασιασθέντα
2916 2149 3130 2220 διαδοχῇ
3152 2166 3164 2179 ·
3192 2151 3241 2202 οἳ
3271 2150 3568 2218 Καισάρων
3598 2149 3695 2220 μὲν
3725 2150 3807 2201 ἔτι

2218 2248 2481 2316 πρότερον
2515 2247 2762 2314 μετεῖχον
2789 2244 2973 2314 τιμῆς,
3017 2243 3133 2296 νυνὶ
3161 2243 3205 2296 δ’
3235 2243 3354 2296 ὅλον
3392 2243 3554 2295 αὑτὸν
3585 2241 3808 2295 ἐνδυσά-

2221 2353 2393 2404 μενοι.
2438 2335 2748 2399 Θεοσεὸείας
2791 2336 2959 2405 ἀρετῇ
3017 2334 3442 2406 αὐτοκράτορες,
3481 2333 3804 2403 Αὖγουστοι,

2220 2427 2491 2488 σεϐαστοὶ,
2545 2427 2802 2497 βασιλεῖς,
2848 2432 2960 2490 τοῖς
3015 2427 3108 2479 τοῦ
3165 2428 3368 2498 πατρὸς
3430 2427 3808 2499 ἑμπρὲποντες

2217 2518 2688 2588 καλλωπίσμασιν,
2722 2518 3126 2588 ἀνεδείχθησαν.

2738 2788 2846 2840 ETl
2884 2787 3285 2841 ΠΡΟΟΙΜΙΟΝ.

2290 2880 2400 2934 Καὶ
2431 2880 2523 2932 τὸν
2555 2881 2613 2932 ὲν
2661 2878 2872 2949 σώματι
2922 2879 2979 2932 δὲ
3024 2879 3204 2950 θνητῷ
3234 2879 3311 2948 (8)
3361 2879 3543 2952 μικρῷ
3574 2881 3808 2952 πρόσθεν

2218 2971 2512 3044 ὁρώμενον,
2551 2971 2732 3035 αὐτοῖς
2763 2972 2810 3026 θ’
2851 2975 2981 3044 ἡμῖν
3015 2975 3260 3038 συνόντα,
3289 2974 3700 3045 παραδοξότατα
3727 2974 3808 3042 ('9)

2221 3066 2314 3118 καὶ
2368 3065 2505 3136 μετὰ
2549 3065 2648 3136 τὴν
2693 3065 2788 3119 τοῦ
2838 3067 2953 3136 βίου
3002 3067 3277 3139 τελευτὴν,
3323 3068 3411 3120 ὅτε
3458 3068 3491 3138 ή
3533 3066 3693 3134 φύσις
3730 3067 3807 3131 ὡς

2220 3155 2496 3228 ἀλλότριον
2527 3157 2587 3208 τὸ
2618 3155 2873 3226 περιττὸν
2901 3156 3136 3229 ἐλέγχει,
3168 3158 3276 3210 τῶν
3307 3155 3484 3210 αὐτῶν
3515 3155 3808 3226 βασιλικῶν

2219 3247 2383 3301 οἴκων
2427 3264 2484 3300 τε
2521 3247 2615 3300 καὶ
2635 3247 2831 3317 τιμῶν,
2861 3248 2954 3300 καὶ
2982 3247 3167 3319 ὓμνων
3195 3248 3501 3318 ἠξιωμένον
3536 3246 3808 3318 θεώμενος

2219 3341 2247 3392 ὁ
2285 3339 2442 3408 λόγος
2481 3339 3020 3410 ὑπερεκπλήττεται·
3068 3341 3171 3412 ἤδη
3209 3340 3268 3395 δὲ
3311 3339 3404 3394 καὶ
3441 3341 3579 3411 πρὸς
3617 3341 3808 3403 αὑταῖς

2219 3431 2496 3503 οὐρανίαις
2525 3430 2711 3500 ἁψίσιν
2733 3432 2923 3485 ἑαυτὸν
2950 3432 3217 3496 ἐκτείνας,
3239 3432 3518 3486 κάνταῦθα
3537 3434 3638 3504 τὴν
3657 3450 3810 3503 τρισ-

2224 3525 2496 3596 μακαρίαν
2539 3524 2718 3593 ψυχὴν
2761 3523 2910 3596 αὐτῷ
2956 3524 3076 3596 Θεῷ
3129 3525 3394 3578 συνοῦσαν
3447 3526 3805 3594 φαντάζεται,

2221 3617 2414 3686 θνητοῦ
2444 3618 2542 3687 μὲν
2570 3618 2664 3670 καὶ
2697 3617 2933 3686 γεώδους
2970 3619 3170 3683 παντὸς
3213 3620 3516 3689 ἀφειμένην
3552 3618 3809 3690 περιϐλή·

2227 3729 2415 3782 ματος,
2449 3710 2624 3779 φωτὸς
2670 3710 2714 3762 δ’
2753 3710 3204 3784 ὲξαστραπτούσῃ
3246 3713 3407 3784 στολῇ
3451 3712 3810 3781 καταλαμπο-

2227 3805 2415 3875 μένην,
2469 3801 2565 3855 εἷτ⁵
2613 3803 2796 3856 οὐκέτι
2835 3805 2932 3875 μὲν
2969 3803 3178 3874 μικρῶν
3211 3805 3420 3875 χρόνων
3452 3805 3720 3875 περιόδοις
3747 3805 3807 3856 ὲν

2224 3894 2432 3966 θνητῶν
2477 3894 2780 3966 διατριϐαῖς
2813 3897 3130 3968 εἱλουμένην
3159 3895 3348 3967 αὐτὴν,
3389 3896 3705 3950 αἱωνοθαλεῖ
3745 3894 3808 3948 δὲ

2227 4081 2321 4135 tio.
2349 4082 2533 4152 Neque
2564 4081 2718 4152 enim
2738 4079 2924 4152 dubito
2946 4076 3074 4152 quin
3115 4076 3382 4152 Eusebius
3407 4075 3688 4152 scripserit
3707 4077 3808 4129 αὐ-

2223 4153 2290 4222 τῇ
2321 4145 2550 4206 συνόντα
2581 4149 2828 4222 βασιλείᾳ
2847 4145 3021 4222 ’-ῳ-ιω
3043 4145 3244 4201 locutio
3267 4156 3350 4201 est
3378 4147 3804 4222 elegantissima.

2224 4217 2512 4278 Βασιλείαν
2543 4217 2686 4278 enim
2734 4217 2889 4288 quasi
2929 4218 3087 4270 deam
3120 4223 3409 4282 quamdam
3457 4217 3607 4288 facit,
3649 4218 3807 4282 cujus

2226 4293 2563 4347 individuum
2619 4287 2875 4346 comitem
2920 4288 3084 4341 etiam
3129 4299 3252 4357 past
3301 4298 3536 4357 mortem
3563 4287 3641 4339 ait
3682 4301 3808 4340 esse

2221 4362 2636 4418 Constantinum
2695 4377 2709 4414 :
2765 4360 2962 4428 quippe
3011 4357 3102 4426 qui
3131 4355 3362 4411 'sursum
3381 4355 3808 4428 _quidemiver-i

2222 4443 2374 4487 setur
2430 4447 2554 4486 cum
2621 4431 2732 4484 Deo
2781 4423 3320 4483 summo—omnium
3381 4423 3528 4495 Rege
3584 4443 3598 4478 :
3655 4427 3805 4479 humi

2221 4517 2351 4557 vero
2383 4503 2564 4556 adhuc
2585 4509 2776 4570 regnet
2800 4497 2854 4552 in
2881 4498 3029 4570 [iliisr
3053 4495 3215 4570 certe
3237 4498 3497 4570 quisquis?
3516 4500 3805 4570 sequentia

2220 4583 2426 4696 fite-ltili:
2453 4566 2673 4643 legerit,
2691 4582 2967 4639 nunquam
3000 4568 3067 4622 de
3098 4569 3198 4622 hac
3231 4567 3613 4622 emendatione
3637 4566 3804 4619 dubi-

2243 4660 2270 4696 a
2319 4661 2328 4695 I
2363 4682 2378 4696 .

2221 4645 2378 4697 tabit.

2289 4714 2363 4784 (8)
2409 4711 2584 4782 Vulg.,
2623 4709 2724 4784 καὶ
2776 4708 2882 4784 τόν
2921 4711 2990 4784 ’ξφ
3014 4720 3279 4784 ’στομασι
3310 4706 3380 4784 δὲ
3406 4704 3659 4784 ᾅνητῶνέ
3698 4703 3808 4757 Βοι-

2217 4774 2358 4836 ctius
2387 4786 2438 4836 in
2464 4774 2744 4844 vcteribus
2772 4778 2988 4833 schedis
3014 4774 3211 4845 legitur
3252 4777 3348 4830 ita).
3383 4776 3474 4828 τὸν
3504 4777 3562 4827 ὲν
3589 4774 3807 4845 σώματι

2215 4852 2273 4905 δὲ
2303 4852 2503 4924 θνητῷ.
2550 4852 2604 4904 In
2640 4851 2828 4924 codice
2861 4846 2998 4902 Fuk.
3036 4859 3268 4924 quatuor
3301 4848 3480 4916 priora
3513 4849 3672 4924 verba
3709 4850 3807 4897 ue-

2217 4933 2365 4986 Stlllt,
2388 4916 2660 4976 et'lacuna
2690 4921 2882 4975 relicta
2913 4932 3018 4985 est,
3039 4921 3200 4972 unius
3224 4929 3432 4971 tantum
3457 4925 3550 4969 aut
3575 4916 3809 4969 alterius

2218 4992 2464 5047 vocabuli
2495 5007 2691 5060 capax.

2287 5062 2366 5134 (9)
2389 5055 2642 5134 ,Αὺῴῖς
2695 5062 2753 5134 t_9‘_
2799 5059 2948 5134 ἡμῖν
2997 5059 3272 5134 συνόντα
3321 5055 3802 5134 παραδοξότατα.

2216 5132 2273 5186 In
2296 5125 2489 5188 codice
2529 5125 2668 5185 Fuit.
2702 5131 2791 5184 hic
2817 5125 2968 5186 locus
2996 5129 3070 5182 ita
3109 5125 3410 5190 scribitur,
3437 5127 3622 5186 αὐτοῖς
3661 5125 3708 5176 θ’
3738 5128 3808 5194 ἡ-

2220 5205 2428 5274 μῖν.....
2463 5201 2804 5274 ἐνδοξότατα,
2835 5209 2940 5274 etc.
2969 5200 3080 5269 Ego
3117 5210 3292 5274 tamen
3316 5199 3589 5274 vulgatam
3621 5196 3807 5274 lectio-

2219 5267 2340 5326 item
2395 5274 2632 5328 retinere
2672 5271 2977 5331 maluerim,
3021 5267 3138 5322 sed
3192 5278 3390 5320 mutata
3430 5267 3804 5320 distinctione.

2219 5342 2404 5412 Neque
2426 5343 2571 5396 enim
2604 5351 2724 5409 post
2748 5341 3063 5412 adverbium
3095 5337 3504 5412 παραδοξότατα
3535 5337 3806 5412 virgulam

2218 5407 2522 5482 ponendam
2574 5407 2728 5481 puto,
2786 5421 2845 5462 ut
2899 5411 3146 5463 fecerunt
3178 5407 3499 5482 ’Musculus
3531 5417 3589 5458 et
3633 5407 3807 5482 μω-

2219 5476 2644 5553 ὲιοριιοτεοιιιίε,
2683 5482 2777 5536 sed
2817 5491 2938 5553 post
2962 5495 3148 5553 vocem
3181 5479 3428 5553 συνόντα.
3460 5477 3592 5529 Nam
3633 5476 3806 5553 Eiusq-

2220 5544 2339 5607 bius
2373 5554 2474 5607 hoc
2506 5544 2906 5606 niaximum-ait
2926 5564 3048 5604 esse
3076 5551 3394 5602 miraculum
3421 5559 3476 5601 et
3500 5544 3806 5618 παραδοξό-

2217 5640 2398 5688 τατον,
2455 5623 2601 5691 quod
2649 5623 3042 5675 Constantinus
3092 5620 3216 5673 licet
3284 5631 3551 5681 mortuus,
3587 5617 3804 5691 iisdem

2221 5704 2401 5748 tamen
2434 5687 2729 5750 bbuoribus
2759 5703 2918 5762 atque
2945 5691 3221 5761 obsequiis
3245 5692 3444 5760 quibus
3475 5691 3632 5741 vivus
3655 5687 3805 5738 cole-

2222 5773 2394 5820 ι·θιιιι·.
