4210 6390
532 351 653 435 ’ωε

1253 374 1525 436 enses"
1561 373 2043 435 assumas
2078 373 2230 432 opp.
2270 372 2451 431 PARS
2485 373 2528 429 ι.
2566 347 2651 419 -Ῐ
2672 348 3062 430 meram“.

3692 369 3796 426 916

549 490 950 559 exprimentes;
979 487 1197 559 quidam
1232 490 1287 544 in
1323 490 1517 563 ligneis
1548 502 1642 546 aut
1668 490 1900 560 lapideis
1923 488 2121 547 tabulis

2224 489 2597 561 παραδιδόναι.
2617 488 2699 542 Τά
2713 488 2757 541 δ’
2771 484 2841 559 ἦν
2858 488 2964 559 ἄρα
2991 485 3169 539 πάντα
3193 481 3384 554 θνητά,
3411 482 3600 553 χρόνου
3632 484 3798 553 μήκει

551 580 773 637 litteras'
798 581 960 636 altius
983 580 1307 648 incidentes,
1348 598 1535 637 eorum
1560 597 1697 652 quos
1723 582 1976 636 colebant
2000 582 2114 635 vir-

550 678 720 725 tutem
755 671 822 724 ad
862 677 1119 724 aeternam
1166 671 1501 739 posteritatis
1544 671 1864 726 memoriam
1921 686 2118 725 conse-

547 776 706 817 crare
749 761 1119 815 instituerunt.
1154 762 1352 817 Verum
1414 762 1532 816 haec
1577 760 1761 817 omnia
1807 760 2036 826 caduca,
2066 771 2121 815 et

547 852 809 921 temporis
830 851 1226 923 longinquitate
1255 852 1538 923 pereuntia
1563 895 1579 919 ,
1612 860 1800 921 utpote
1827 866 1949 921 qua:
1975 866 2125 906 mor-

546 943 735 997 talium
772 958 1069 1013 corporum
1117 944 1370 1013 liguram,
1417 959 1525 999 non
1577 942 1900 997 immortalis
1950 941 2122 996 animi

546 1031 780 1088 formam
813 1035 1206 1102 exprimerent;
1230 1034 1357 1089 Haec
1394 1045 1572 1090 tamen
1600 1029 1847 1087 sulﬁcere
1873 1032 1937 1087 iis
1968 1033 2120 1087 video

544 1124 767 1191 bantur,
791 1126 884 1194 qui
922 1135 1047 1195 post
1078 1126 1237 1195 hujus
1259 1125 1503 1181 mortalis
1526 1127 1648 1181 vita:
1686 1125 1892 1180 exitum
1924 1124 2120 1180 nullius

547 1227 702 1282 spem
746 1213 873 1269 boni
919 1214 1106 1270 animo
1151 1223 1534 1284 conceperant.
1585 1215 1725 1269 Deus
1752 1229 1901 1280 vero,
1953 1214 2119 1282 Deus,

547 1304 796 1375 inquam.
835 1305 1142 1361 communis
1189 1306 1431 1361 omnium
1486 1320 1666 1361 rerum
1723 1307 2002 1370 Servator,
2027 1308 2122 1376 qui

547 1395 770 1463 pietatis
817 1396 1162 1451 amatoribus
1196 1394 1398 1464 majora
1428 1412 1590 1466 quam
1633 1413 1755 1467 quae
1788 1398 2122 1468 cogitatione

547 1487 834 1542 hominum
877 1487 1263 1557 comprehendi
1298 1488 1528 1556 possint,
1557 1489 1698 1560 apud
1735 1503 1794 1544 se
1824 1490 2125 1545 recondidit

547 1581 717 1644 bona,
749 1579 1021 1648 primitias
1059 1577 1366 1634 futurorum
1404 1580 1751 1651 praemiorum
1782 1581 1834 1634 in
1869 1590 2123 1636 anteces-

548 1684 669 1723 sum
697 1669 853 1739 quasi
894 1670 1088 1741 pignus
1117 1672 1207 1725 dat
1239 1672 1289 1725 in
1320 1671 1422 1727 hoc
1462 1671 1693 1737 saeculo;
1730 1672 2121 1728 immortalium

549 1775 734 1814 rerum
768 1775 917 1830 spem
968 1762 1286 1817 mortalibus
1313 1761 1483 1819 oculis
1514 1761 1918 1833 quodammodo
1966 1764 2125 1819 exhi-

2222 575 2604 647 δαπανώμενα,
2632 575 2887 648 φθαρτῶν
2935 575 3031 628 ἀτε
3073 573 3342 644 σωμάτιον
3388 574 3706 642 ἰνδάλματα,
3733 572 3799 625 οῦ

2226 667 2332 737 μὴν
2372 665 2640 721 ἀθανάτου
2679 667 2857 737 ψυχῆς
2903 664 3284 721 ἀποτυποῦντα
3325 664 3488 726 ἰδέας.
3526 665 3715 733 Ὅμως
3749 663 3796 716 δ’

2219 756 2314 813 οῦν
2347 759 2618 829 ἀπαρκεῖν
2651 758 2823 810 ἐδόκει
2863 756 3036 810 ταῦτα
3074 758 3187 818 τοῖς
3230 755 3397 826 μηδὲν
3436 754 3622 825 ἕτερον
3658 752 3800 823 μετά

2220 849 2320 920 τὴν
2345 849 2440 903 τοῦ
2474 848 2669 920 θνητοῦ
2717 848 2832 919 βίου
2869 847 3251 919 καταστροφὴν
3281 849 3338 900 ἐν
3367 845 3588 914 ἀγαθῶν
3615 844 3797 899 ἐλπίσι

2218 940 2543 1011 τιθεμένοις.
2576 940 2710 1003 Θεὸς
2737 939 2782 993 δ’
2815 940 2944 1010 ἀρα,
2963 939 3095 1003 Θεὸς
3117 939 3148 990 ὁ
3180 938 3358 1001 κοινὸς
3384 937 3496 990 τῶν
3524 936 3662 990 ὅλων
3690 952 3800 989 σω·-

2218 1033 2348 1105 τὴρ,
2380 1032 2601 1103 μείζονα
2643 1031 2679 1102 ἢ
2717 1032 2860 1084 κατὰ
2898 1032 3125 1101 θνητοὺς
3162 1029 3457 1101 λογισμοὺς
3485 1030 3600 1092 τοῖς
3644 1028 3801 1081 εὐσε-

2222 1123 2376 1188 ϐείας
2409 1126 2668 1194 ἐρασταῖς
2713 1122 2897 1191 ἀγαθὰ
2940 1124 3072 1196 παρ’
3114 1122 3292 1193 ἐαυτῷ
3337 1120 3797 1192 ταμιευσάμενος,

2219 1217 2291 1271 τά
2326 1213 2633 1287 πρωτόλεια
2662 1214 2772 1267 τῶν
2804 1213 3053 1267 ἐπάθλων
3082 1214 3290 1267 ἐνθένδε
3319 1212 3800 1284 προαρῤαϐωνίζεο

2220 1325 2330 1372 ται,
2379 1306 2593 1377 θνητοῖς
2637 1304 2936 1374 ὀφθαλμοῖς
2975 1306 3321 1376 ἀμωσγέπως
3368 1305 3468 1369 τὰς
3499 1304 3800 1369 ἀθανάτους

2223 1395 2584 1465 πιστούμενος
2628 1395 2869 1457 ἐλπίδας.
2905 1394 3135 1447 Παλαιοὶ
3179 1394 3349 1447 ταῦτα
3393 1395 3634 1466 χρησμοὶ⁵
3662 1410 3801 1463 προ-

2223 1485 2409 1556 φητῶν
2441 1487 2625 1556 γραφῇ
2670 1483 3068 1555 παραδοθέντες
3116 1483 3453 1553 θεσπίζουσι,
3485 1485 3660 1538 ταῦτα
3694 1484 3802 1555 βίοι

2223 1575 2489 1644 θεοφιλῶν
2527 1575 2759 1646 ἀνδρῶν,
2801 1576 3084 1639 παντοίαις
3126 1577 3351 1647 ἀρεταῖς
3377 1575 3653 1648 πρόπαλαι
3684 1576 3805 1629 δια-

2222 1668 2572 1737 λαμψάντων,
2615 1669 2727 1725 τοῖς
2764 1667 3033 1737 ὀψιγόνοις
3068 1667 3548 1738 μνημονευόμενοι,
3590 1666 3802 1739 μαρτύ-

2228 1778 2432 1832 ρονται,
2467 1758 2641 1812 ταῦτα
2670 1760 2764 1814 καὶ
2790 1760 2818 1812 ὁ
2856 1758 2978 1813 καθ’
3009 1761 3155 1830 ἡμᾶς
3182 1759 3353 1831 ἀληθῆ
3384 1755 3525 1813 εἷναι
3554 1759 3805 1830 διήλεγξε

547 1849 686 1906 bens
720 1866 785 1907 ac
827 1863 1246 1921 repraesentans.
1306 1853 1423 1909 Hoc
1472 1862 1685 1909 vetusta
1730 1854 2119 1925 praphetarum

2225 1852 2436 1923 χρόνος,
2482 1852 2602 1905 καθ’
2636 1852 2697 1905 δν
2735 1854 3141 1915 Κωνσταντῖνος
3174 1852 3294 1923 Θεῷ
3339 1851 3418 1923 τῷ
3468 1852 3806 1923 παμϐασιλεῖ

547 1942 765 1997 oracula
793 1957 917 2013 quae
947 1944 1164 2015 scriptis
1203 1945 1458 2000 mandata
1497 1952 1644 2011 sunt,
1697 1957 1882 2015 aperte
1924 1948 2120 2015 praedi-

546 2040 699 2085 cunt.
737 2031 853 2088 Hoc
884 2033 1007 2089 vita:
1050 2034 1162 2088 Deo
1211 2036 1505 2090 cbarorunt
1554 2036 1796 2089 virorum
1827 2036 1918 2105 qui
1953 2036 2120 2091 variis

543 2121 840 2180 virtutibus
880 2123 1234 2189 refulserunt,
1261 2135 1607 2197 posterorum
1632 2127 1897 2181 memoria
1925 2127 2120 2181 etiam-

2230 1944 2392 2015 μόνος
2435 1942 2544 1996 τῶν
2589 1943 2809 1996 πώποτε
2848 1943 2948 2014 τῆς
2995 1943 3281 2012 Ῥωμαίων
3327 1942 3504 2015 ἀρχῆς
3557 1942 3805 2014 καθηγη-

2228 2036 2483 2107 σαμένων
2531 2033 2768 2104 γεγονὼς
2815 2034 2987 2104 φίλος,
3048 2034 3276 2106 ἐναργὲς
3327 2034 3533 2088 ἅπασιν
3591 2034 3806 2105 ἀνθρώ-

2224 2144 2348 2191 ποις
2385 2126 2736 2198 παράδειγμα
2764 2124 3050 2189 θεοσεϐοῦς
3078 2126 3314 2197 κατέστη
3342 2125 3482 2197 βίου.

544 2232 676 2271 num
719 2219 1004 2276 celebrata‘.
1051 2221 1394 2277 conﬁrmant.
1442 2220 1557 2277 Hoc
1605 2221 1781 2290 ipsum
1839 2220 2018 2277 aetatis
2076 2229 2276 2276 nostrae
2344 2221 2653 2277 testimonio
2698 2221 3042 2276 verissimum
3099 2235 3221 2275 esse
3272 2221 3641 2285 convincitur,
3676 2234 3801 2277 cum

544 2307 930 2369 Constantinus
977 2313 1123 2370 solus
1174 2315 1418 2369 omnium
1477 2315 1569 2385 qui
1615 2314 1859 2370 Romano
1892 2328 2130 2385 unquam
2176 2314 2404 2385 imperio
2454 2314 2806 2384 praefuerunt,
2864 2328 3078 2368 summo
3122 2314 3366 2368 omnium
3398 2313 3511 2385 regi
3552 2312 3665 2370 Deo
3708 2328 3804 2369 ac-

544 2412 756 2470 ceptus,
772 2402 929 2473 quasi
949 2402 1157 2459 illustre
1184 2403 1458 2472 quoddam
1487 2401 1754 2475 religiosa:
1783 2403 1910 2458 vitae
1937 2402 2242 2473 exemplum
2264 2404 2478 2459 cunctis
2506 2402 2818 2459 hominibus
2843 2411 2928 2456 est
2953 2403 3285 2471 propositus.

1147 2493 1375 2551 CAPUT
1409 2495 1498 2550 IV.

726 2584 880 2651 Quod
922 2584 1064 2640 Deus
1106 2584 1517 2641 Constantinum
1552 2587 1905 2642 honoraverit.

617 2674 731 2732 Hoc
756 2676 990 2745 denique
1024 2675 1165 2731 Deus
1207 2677 1323 2749 ipse
1352 2691 1513 2749 quem
1541 2688 1835 2736 veneratus
1862 2688 1947 2735 est
1979 2679 2121 2736 Con-

545 2766 849 2834 stantinus,
881 2767 1122 2823 evidenti
1150 2767 1413 2840 suffragio
1437 2773 1810 2841 comprobavit
1839 2793 1851 2828 :
1885 2775 2012 2827 dum
2042 2773 2120 2828 illi

546 2874 657 2914 non
695 2858 856 2914 modo
885 2859 936 2913 in
964 2860 1213 2927 exordio,
1238 2863 1334 2918 sed
1368 2864 1533 2919 etiam
1570 2864 1623 2918 in
1656 2879 1946 2938 progressu
1980 2874 2034 2921 et
2063 2868 2117 2921 in

545 2952 656 3007 line
690 2950 903 3021 imperii
936 2966 1150 3021 semper
1188 2956 1457 3026 pronitius
1500 2956 1869 3029 benignusque
1921 2960 2117 3025 adfuit,

546 3044 744 3113 quippe
765 3057 926 3113 quem
958 3042 1200 3101 humano
1232 3047 1416 3117 generi
1442 3046 1507 3101 ad
1539 3048 1706 3102 divini
1738 3049 1916 3105 cultus
1947 3050 2118 3106 infor-

546 3134 847 3190 mationem
880 3145 1254 3205 proposuerat.
1295 3136 1450 3193 Hunc
1479 3149 1629 3194 certe
1651 3155 1815 3195 unum
1844 3156 1913 3196 ex
1940 3144 2117 3197 omni~

545 3227 651 3284 bus
679 3236 817 3299 quos
860 3242 1097 3297 unquam
1128 3229 1407 3285 auditione
1439 3233 1748 3301 accepimus
1774 3232 2119 3303 imperatori-

545 3319 670 3385 bus,
702 3319 851 3374 velut
900 3318 1265 3377 clarissimum
1302 3321 1575 3390 quoddam
1627 3322 1813 3394 jubar,
1868 3332 1924 3378 et
1973 3324 2121 3379 velut

545 3408 839 3479 quemdam
869 3424 1013 3467 verae
1047 3409 1325 3480 religionis
1358 3426 1662 3481 praeconem
1716 3415 1951 3469 maxima
1988 3430 2123 3472 voce

547 3501 956 3570 inclamantem,
986 3503 1288 3559 innumeris
1323 3502 1376 3558 in
1424 3520 1550 3559 eum
1607 3508 1883 3576 congestis
1939 3508 2118 3572 bonis,

545 3596 870 3667 designavit.

1064 3686 1231 3761 nos
1267 3686 1493 3745 CAPUT
1535 3687 1598 3744 v.

548 3779 704 3848 Quod
734 3794 846 3834 xxx
873 3778 1082 3850 quidem
1129 3780 1285 3833 annis
1317 3780 1592 3848 regnavit;
1620 3779 1752 3835 vixit
1787 3790 1964 3836 autem
2003 3780 2122 3853 plus

1188 3864 1347 3917 quam
1377 3864 1467 3903 1.x.

617 3936 701 3992 Ac
733 3946 943 4006 tempus
984 3937 1202 4007 quidem
1252 3937 1469 4006 imperii
1499 3937 1688 4009 ipsius,
1715 3940 1892 3997 tribus
1922 3940 2122 3996 denum

546 4042 812 4082 annorum
866 4029 1086 4085 circulis
1127 4030 1393 4089 absolutis
1439 4040 1498 4089 et
1545 4032 1828 4103 aliquanto
1888 4032 2124 4102 amplius

548 4117 878 4183 honoravit;
911 4119 1079 4175 totius
1127 4128 1308 4176 autem
1355 4122 1479 4178 vitae
1516 4131 1731 4192 tempus
1783 4136 1947 4191 quam
1981 4122 2123 4176 inter

549 4211 800 4266 homines
833 4211 1191 4280 duxit,duplo
1224 4213 1432 4285 majore
1455 4215 1639 4286 spatio
1666 4212 2117 4282 circumscripsit.

548 4300 724 4357 Porro
756 4315 878 4356 cum
925 4302 1175 4359 eumdem
1228 4303 1380 4358 velut
1448 4304 1742 4375 imaginem
1792 4302 2124 4357 monarchiae

548 4409 659 4451 suae
709 4408 1016 4465 proponere
1043 4395 1228 4460 vellet.
1263 4396 1525 4452 victorem
1561 4410 1685 4451 eum
1718 4394 1896 4449 omnis
1931 4403 2120 4464 tyran-

2748 2493 3145 2547 ΚΕΦΑΛΑΙΟΝ
3198 2494 3270 2548 A'.

2414 2586 2543 2639 Ὀτι
2571 2587 2604 2639 ό
2635 2584 2780 2651 Θεὸς
2810 2584 3265 2639 Κωνσταντῖνον
3290 2583 3595 2654 ἐτίμησεν.

2288 2677 2474 2732 Ταῦτα
2503 2677 2560 2731 δὲ
2592 2678 2686 2730 καὶ
2710 2676 2842 2739 Θεὸς
2868 2675 3027 2740 αὐτὸς
3059 2675 3117 2728 ὃν
3138 2677 3545 2740 Κωνσταντῖνος
3584 2676 3802 2748 ἐγέραι-

2219 2786 2332 2842 ρεν,
2358 2767 2644 2839 ἀρχομένῳ
2668 2767 2760 2820 καὶ
2788 2764 3096 2837 μεσάζοντι,
3112 2766 3207 2818 καὶ
3235 2767 3553 2821 τελευτῶντι
3578 2769 3679 2837 τῆς
3705 2768 3802 2839 βα·-

2224 2859 2428 2922 σιλείας
2451 2858 2615 2911 αὑτοῦ
2635 2856 2823 2920 δεξιῶς
2843 2857 3128 2927 παραστὰς
3157 2856 3290 2929 (l3),
3321 2858 3576 2930 ἐναργέσι
3599 2858 3799 2929 ψήφοις

2220 2948 2581 3013 ἐπιστώσατο,
2611 2946 2959 3001 διδασκαλίαν
2982 2946 3265 3012 θεοσεϐοῦς
3291 2948 3686 3019 ὑποδείγματος
3706 2949 3800 3001 τὸν

2218 3042 2390 3113 ἄνδρα
2428 3041 2506 3112 τῷ
2556 3038 2736 3111 θνητῷ
2774 3040 2922 3108 γένει
2969 3038 3428 3110 προϐεϐλημένος.
3474 3039 3652 3094 Μόνον
3706 3035 3800 3093 οὖν

2219 3135 2382 3188 αὑτὸν
2407 3132 2518 3186 τῶν
2554 3131 2614 3197 ἐξ
2644 3130 2837 3195 αἰῶνος
2863 3133 2998 3203 ἀκοῇ
3036 3130 3334 3202 βοηθὲντων
3361 3130 3799 3201 αὐτοκρατόρων,

2226 3223 2335 3282 οἶόν
2367 3243 2487 3280 τινα
2531 3225 2784 3297 μέγιστον
2817 3226 3078 3296 φωστῆρα
3108 3223 3451 3294 καὶκήρυκα
3478 3221 3801 3293 μεγαλοφω-

2227 3320 2447 3373 νότατον
2477 3318 2576 3389 τῆς
2610 3317 2882 3382 ἀπλανοῦς
2920 3315 3248 3378 θεοσεϐείας,
3280 3313 3367 3367 διὰ
3397 3313 3663 3368 παντοίων
3692 3312 3801 3365 τῶν

2227 3414 2308 3477 είς
2338 3413 2499 3466 αὐτὸν
2526 3410 2985 3483 κεχορηγημένων
3010 3407 3228 3477 ἀγαθῶν
3251 3406 3571 3474 ἐνεδείξατο.

2760 3676 3153 3732 ΚΕΦΛΛΑΙΟΝ
3195 3678 3267 3730 E'.

2234 3772 2361 3827 Ὀτι
2394 3772 2753 3827 ἐϐασίλευσε
2764 3769 2889 3894 sui?
2916 3768 3068 3838 ὑπὲρ
3092 3768 3164 3822 τὰ
3188 3772 3241 3821 λ’
3264 3767 3369 3836 ἔτη
3384 3764 3800 3837 μοναρχήσας,

2561 3839 2738 3894 ἐτησε
2801 3840 2833 3893 ὲ
2860 3840 3013 3894 ὑπὲο
3051 3838 3125 3893 τὰ
3146 3838 3461 3894 ἐξήκοντα.

2561 3839 2738 3910 ἔζησε
2764 3838 2833 3894 δὲ
2860 3840 3013 3910 ὑπὲρ
3051 3838 3125 3893 τὰ
3146 3838 3461 3904 ἐξήκοντα.

2303 3933 2524 4003 Χρόνων
2568 3932 2668 3991 μὲν
2718 3929 3013 4002 βασιλείας,
3062 3928 3210 3999 τρισὶ
3248 3926 3483 3980 δεκάδων
3535 3924 3805 3996 περιόδοις

2229 4025 2480 4090 τελείαις,
2513 4024 2611 4081 καὶ
2639 4024 2866 4096 προσέτι
2913 4022 3051 4093 λῷον
3078 4020 3192 4091 (14)
3235 4022 3492 4091 τιμήσας,
3520 4018 3723 4071 τούτων
3747 4017 3805 4070 δὲ

2229 4116 2505 4171 διπλάσιον
2534 4114 2630 4169 τοῦ
2663 4115 2865 4178 παντὸς
2912 4114 3028 4186 βίου
3067 4113 3163 4183 τὴν
3208 4113 3265 4165 ἐν
3298 4110 3603 4182 ἀνθρώποις
3655 4125 3807 4178 περι-

2228 4209 2418 4281 ορίσας
2445 4206 2620 4280 ζωήν⁹
2657 4208 2756 4279 τῆς
2781 4206 2825 4260 δ’
2864 4204 3031 4259 αὐτοῦ
3075 4202 3407 4274 μοναρχικῆς
3434 4200 3682 4265 ἐξουσίας
3706 4200 3804 4270 τὴν

2230 4303 2415 4355 εἰκόνα
2444 4300 2587 4366 δοὺς,
2630 4298 2853 4370 νικητὴν
2896 4294 3147 4359 ἀπέδειξε
3175 4294 3287 4365 (15)
3333 4292 3533 4357 παντὸς
3561 4308 3808 4363 τυραννι-

2230 4391 2328 4446 κοῦ
2354 4392 2561 4461 γένους,
2590 4390 2872 4461 θεομάχων
2900 4392 2947 4442 τ’
2970 4387 3199 4458 ὀλετῆρα
3227 4385 3520 4454 γιγάντων,
3549 4384 3598 4438 οἳ
3628 4384 3806 4454 ψυχῆς

547 4480 653 4533 uici
701 4480 915 4549 generis
959 4483 1233 4551 praestitit.
1263 4483 1639 4554 etimpiorum
1691 4482 1971 4553 gigantum
2023 4496 2124 4537 ex-

2229 4485 2461 4556 ἀπονοία
2480 4484 2615 4556 πρὸς
2636 4483 2794 4536 αὐτὸν
2813 4483 3014 4554 ἤραντο
3044 4480 3137 4533 τὸν
3163 4477 3513 4549 παμϐασιλέα
3537 4477 3646 4532 τῶν
3670 4477 3807 4531 ὅλων

548 4545 892 4638 ειὶηοίοτεω,
915 4545 1005 4644 qui
1036 4545 1337 4646 desperata:
1377 4545 1575 4632 mentis
1607 4545 1835 4633 audacia
1874 4574 2118 4645 impulsi,

2226 4545 2543 4641 δυσσεϐείας
2586 4545 2744 4630 δπλα.
2802 4545 2942 4627 ἀλλ’
2975 4575 3024 4626 οἱ
3075 4572 3191 4644 μὲν,
3215 4545 3338 4624 ὅσον
3385 4572 3561 4623 εἰπεῖν
3595 4569 3708 4641 (16)
3746 4572 3808 4622 ἐν

548 4674 740 4721 contra
786 4664 961 4733 ipsum
1001 4666 1169 4722 Deum
1200 4683 1473 4723 summum
1516 4668 1760 4724 omnium
1804 4681 1987 4739 regem
2023 4666 2124 4720 im-

551 4845 768 4901 scbedis
822 4846 1165 4921 bibliothecae
1221 4846 1424 4921 Regiae.
1486 4848 1721 4921 Savilius
1776 4864 2009 4921 quoque
2053 4850 2124 4904 ad

550 4930 703 4997 oram
729 4918 837 4997 _sui
883 4918 1091 4997 c_o_d_icis
1124 4928 1278 4997 notat
1335 4919 1410 4997 ita
1462 4920 1565 4974 sibi
1594 4918 1878 4997 legendum
1903 4918 2122 4997 ’ᾔδει-ἰ.

550 4986 623 5060 _At
652 4985 706 5039 in
729 4985 909 5060 Mor-mi
940 4986 1080 5060 libro
1109 4988 1200 5060 ‘ad
1233 4988 1535 5060 marginem
1568 4985 1888 5046 emendatur
1914 4990 2123 5044 ὑπέϐα-

551 5054 666 5127 λον,
681 5057 839 5127 _qnod
876 5056 1048 5127 magis
1072 5056 1270 5127 placet.

622 5124 734 5194 (15)
764 5124 1203 5200 ᾼύτοῇθδεξιῶς
1238 5126 1570 5200 παραστᾴς.
1600 5126 1746 5200 Lego
1786 5127 1934 5200 αὐτῷ
1959 5128 2132 5197 δεξιὸς

550 5195 976 5320 ἔτιαὲρὲἓῗῗᾶνει
1020 5196 1179 5267 paulo
1221 5207 1345 5268 post
1397 5195 1742 5255 scribendum
1787 5195 2000 5257 videtur
2032 5195 2129 5264 εἰς

625 5283 1165 5407 ᾔῗέίνΐῖπροσέτι
1189 5335 1370 5407 λῷον.
1406 5335 1554 5391 Nova
1587 5346 1644 5392 et
1667 5338 1920 5396 inusitata
1976 5340 2130 5394 locu-

554 5404 649 5476 tio:
691 5404 829 5476 λῷον
847 5420 946 5475 pro
966 5421 1035 5476 eo
1062 5407 1207 5476 quod
1237 5406 1331 5461 alii
1356 5407 1601 5462 dicerent
1630 5408 1812 5464 πλέον.
1842 5411 1937 5466 Ait
1961 5411 2132 5465 Euse-

548 5475 1118 5547 biusConstantinum
1142 5476 1443 5547 imperasse
1470 5479 1692 5547 triginta
1715 5494 1884 5534 annos
1907 5481 2130 5545 solidos,

550 5556 619 5619 et‘
644 5544 923 5619 aliquanto
953 5544 1397 5619 amplius.’Quod
1425 5544 1611 5601 verum
1633 5559 1738 5604 est.
1765 5549 1899 5605 Nam
1934 5544 2135 5619 praster-

555 5614 772 5683 triginta
841 5614 1057 5679 annos,
1100 5616 1289 5672 decem
1343 5616 1457 5671 fere
1516 5619 1793 5673 mensibus
1849 5614 2117 5689 regnavit.

552 5681 720 5738 Porro
783 5685 939 5740 initio
998 5684 1158 5741 huius
1203 5685 1410 5741 oeriodi
1471 5687 1814 5741 scribendum
1847 5700 1934 5741 est
1993 5689 2117 5741 νοό-

552 5687 720 5738 Porro
783 5687 939 5740 initio
998 5687 1158 5753 huius
1202 5687 1410 5755 periodi
1471 5687 1814 5743 scribendum
1847 5687 1935 5744 est
1993 5689 2121 5762 χρό-

551 5768 644 5806 νον
693 5753 793 5817 μὲν
822 5753 1139 5830 βασιλείας,
1195 5771 1302 5816 non
1329 5765 1390 5813 ut
1447 5757 1605 5828 vulgo
1638 5757 1831 5828 legitur
1886 5758 2115 5832 χρόνων.

2232 4669 2423 4741 βραχεῖ
2453 4669 2735 4739 φανέντες,
2766 4666 2883 4739 ἅμα
2918 4683 2978 4720 τε
3027 4666 3121 4720 καὶ
3159 4661 3493 4735 ἀπέσϐησαν,
3530 4662 3621 4717 τὸν
3649 4661 3695 4718 δ’
3718 4663 3810 4716 αὺ-

2303 4852 2416 4926 (ίδ)
2468 4851 2662 4926 Ῡυιεον
2706 4850 2955 4926 ,νοητὴῂ
2995 4920 3007 4926 _
3033 4849 3329 4926 (lg—{edere}.
3394 4848 3587 4926 Scribe
3648 4864 3807 4926 νικη-

2230 4920 2356 4997 τήν,
2388 4920 2453 4997 ut_
2470 4923 2525 4977 in
2554 4920 2796 4997 margine
2838 4920 3041 4976 codicis
3069 4921 3323 4975 Morteani
3349 4921 3692 4997 emendatum
3725 4920 3810 4973 in-

2236 4988 2382 5049 veni.
2419 4993 2593 5058 Quam
2629 4988 2915 5045 lectionem
2966 5000 3185 5046 secutus
3220 4999 3306 5044 est
3357 4988 3811 5056 Chrislopltorso-

2236 5078 2360 5112 nus.
2392 5061 2553 5112 Certe
2579 5060 2631 5112 in
2663 5061 2935 5112 veteribus
2969 5061 3205 5112 schedia.
3237 5068 3292 5112 et
3331 5060 3386 5112 in
3424 5058 3579 5112 codd.
3647 5055 3810 5112 Savi-

2236 5078 2360 5119 nus.
2392 5061 2553 5116 Certe
2579 5061 2631 5114 in
2663 5061 2935 5116 veteribus
2969 5061 3205 5126 schedia,
3237 5068 3292 5113 et
3331 5061 3386 5114 in
3424 5061 3579 5114 codd.
3647 5061 3700 5111 ὃς

2236 5133 2383 5187 liano
2399 5147 2463 5186 ac
2486 5129 2693 5185 Fuketii
2712 5131 2941 5201 νικητήν
2965 5130 3182 5201 legitur.
3556 5197 3567 5201 _

2309 5202 2421 5271 (16)
2455 5202 2636 5255 Ὅσον
2655 5197 2864 5254 suscita
2885 5197 3411 5271 Citristophorsonus
3431 5197 3617 5271 vert_it,
3650 5213 3811 5265 prope

2237 5267 2668 5354 diterimnquasi
2690 5271 2971 5392 scriptum
2994 5267 3140 5324 esset
3171 5268 3259 5350 ὡς.
3288 5270 3483 5322 εἰπεῖν.
3518 5267 3649 5349 'Ego
3679 5283 3810 5321 vero

2237 5361 2345 5392 non
2374 5343 2562 5392 dubito
2611 5356 2744 5392 dum
2775 5356 2804 5392 a
2833 5342 2919 5392 iud
2959 5338 3289 5392 intellexerit
3334 5338 3622 5392 Eusebius.
3671 5335 3808 5391 Nam

2236 5361 2345 5399 non
2374 5335 2562 5397 dubito
2611 5340 2744 5409 quin
2775 5335 2919 5394 aliud
2959 5338 3289 5394 intellexerit
3334 5338 3622 5392 Eusebius.
3671 5335 3808 5409 Nam

2237 5431 2362 5470 cum
2415 5407 2679 5483 tyrannos
2722 5410 2872 5483 brevi
2925 5410 3214 5483 admodum
3261 5407 3812 5483 _tempore_vignisse

2240 5484 2404 5539 vellet
2432 5478 2742 5542 ostendere,
2787 5480 2865 5533 ait
2906 5493 3001 5534 eos
3044 5478 3275 5534 breviori
3326 5480 3586 5547 temporis
3630 5478 3812 5547 spatio

2229 5570 2390 5627 quam
2425 5552 2571 5621 quod
2602 5552 2670 5605 ad
2697 5550 3031 5629 loquendum
3076 5548 3405 5631 requiritur,
3461 5549 3608 5603 visos
3661 5560 3811 5603 esse.

2230 5628 2370 5681 Idem
2402 5621 2516 5676 fere
2542 5629 2643 5682 est,
2676 5620 2818 5683 quod
2841 5620 3014 5675 Gratct
3039 5618 3241 5683 dicunt,
3279 5617 3440 5683 λόγου
3471 5614 3688 5683 θᾶττον,
3714 5629 3811 5683 go;

2230 5631 2370 5681 Idem
2402 5631 2516 5676 fere
2542 5631 2643 5682 est,
2715 5631 2818 5674 nou
2841 5631 3014 5675 ﬁrmet
3039 5631 3241 5683 dicunt,
3282 5631 3440 5688 Λογου
3471 5631 3688 5684 υαττον,
3714 5631 3813 5687 go;

2229 5712 2330 5753 nus
2355 5635 2901 5764 byperbolwthratcis
2934 5688 3220 5747 familiare.
