4210 6418
476 334 586 401 οη
1190 332 1462 402 EUSEBII
1498 320 1983 406 CESARIENSIS
2017 346 2050 406 ο

2150 364 2169 405 ‘.
2207 346 2393 405 PARS
2425 347 2472 405 Ι.
2510 376 2582 389 -
2614 343 3003 404 Πιετοιιιοε.
3637 347 3746 406 920

479 473 702 514 cursum
753 458 1014 526 absolvit;
1055 475 1285 531 quorum
1316 479 1425 520 non
1456 464 1580 535 plus
1608 480 1772 537 quam
1828 469 2047 525 tertiam

2150 486 2248 541 την
2274 462 2343 525 αὖ
2366 467 2527 523 πλέον
2563 466 2679 540 (21)
2707 466 2856 539 ὁτῆς
2889 461 3165 539 βασιλείας
3196 463 3506 539 περιώριζεο
3524 465 3744 538 χρόνος.

479 563 693 622 partem
742 560 955 623 tempus
986 551 1138 622 regni
1167 552 1313 608 illius
1336 554 1441 611 sibi
1466 555 1727 615 vindicat.
1755 556 2050 617 Grassatus

2160 558 2362 632 ἐχώρει
2392 558 2450 614 δέ
2478 558 2547 614 δι’
2576 558 2850 630 αἱμάτων,
2883 556 3024 629 ἀνὴρ
3051 555 3295 629 σκηπτοῦ
3321 556 3477 629 δίκην
3504 558 3744 629 ἀφειδῶς

480 653 662 701 autem
707 653 792 703 est
837 659 935 714 per
959 646 1139 701 caedes
1173 645 1347 701 instar
1374 646 1644 715 fulminis,
1671 659 1866 722 gentes
1887 660 2050 722 atque

2158 654 2287 725 εθνη
2341 653 2438 708 καὶ
2478 652 2662 717 πόλεις
2704 652 2833 717 ὅλας
2878 651 3081 723 ἡϐηδὸν
3134 650 3739 724 ἐξανδραποδιζόμενος.

478 735 642 791 urbes
668 737 914 807 integras
936 736 1144 807 absque
1168 737 1277 793 ullo
1298 740 1480 796 aetatis
1504 740 1830 799 discrimine
1867 743 2050 800 crude-

2160 746 2324 816 ’Λρτι
2349 744 2408 798 δέ
2439 743 2636 816 μικρὸν
2656 741 2927 815 ἀνθούσης
2949 743 3100 814 αὐτῷ
3119 743 3219 814 τῆς
3243 741 3394 815 ὥρας
3415 743 3529 815 (.22)
3553 745 3650 799 καὶ
3669 745 3743 801 τὰ

477 823 604 880 liter
633 827 883 882 servituti
912 827 1231 899 subjiciens.
1265 828 1375 887 Sed
1400 847 1523 887 cum
1562 832 1787 889 vixdum
1840 835 1896 891 in
1934 835 2050 907 ipso

2159 836 2390 891 παιδικὰ
2422 834 2729 901 πενθοῦντι,
2763 835 2954 900 δεινῶς
2994 835 3056 889 τὸ
3100 834 3278 908 χρεὼν
3325 836 3573 903 ἐπιστὰν,
3615 837 3741 892 άτε-

475 917 654 971 atatis
676 914 810 972 ilore
839 927 1048 987 ageret,
1078 929 1135 975 et
1159 922 1432 979 amasium
1467 938 1625 980 suum
1654 923 2056 996 lugeret,mors

473 1005 699 1074 repente
726 1009 1138 1078 superveniens,
1162 1010 1317 1066 illum
1343 1011 1627 1082 improlem
1648 1053 1665 1080 ,
1691 1015 1836 1070 nulla
1857 1016 2050 1088 stirpe,

472 1095 619 1150 nulla
654 1097 936 1153 fundatum
971 1100 1166 1167 domo,
1205 1102 1258 1155 in
1287 1111 1514 1159 externo
1548 1113 1605 1160 et
1638 1105 1851 1162 hostico
1898 1122 2048 1178 agro,

469 1200 543 1240 ne
578 1187 875 1244 humanum
924 1205 1096 1259 genus
1161 1192 1366 1247 diutius
1423 1203 1701 1262 vastaret,
1767 1196 2049 1254 ex5tinxit.

469 1276 593 1331 Mox
647 1295 872 1349 regnum
904 1280 1023 1350 ejus
1050 1284 1205 1338 varia
1259 1284 1314 1339 in
1372 1286 1618 1341 membra
1648 1286 1917 1343 divulsum
1946 1298 2049 1357 est,

470 1368 701 1440 singulis
749 1371 866 1441 ejus
919 1373 1192 1428 ministris
1237 1382 1448 1443 partem
1487 1376 1589 1431 sibi
1644 1391 1838 1446 rapere
1888 1387 2050 1449 tque

470 1458 689 1515 auferre
718 1462 1198 1519 contendentibus.
1242 1463 1445 1521 Verum
1478 1467 1566 1523 hic
1595 1468 1816 1538 quidem
1848 1469 1919 1525 ob
1949 1472 2043 1528 bu-

464 1551 704 1621 jusmodi
728 1554 873 1610 mala
907 1554 1161 1611 laudibus
1195 1554 1446 1611 effertur.

1038 1646 1267 1704 CAPUT
1300 1646 1432 1705 Vill.

540 1734 696 1801 Quod
735 1736 912 1792 orbem
955 1739 1329 1804 propemodm
1354 1740 1656 1796 uniuersum
1692 1743 1973 1815 subegerit.

535 1826 734 1883 Noster
761 1842 891 1884 vero
928 1829 1222 1899 imperator
1248 1846 1317 1887 ex
1346 1846 1413 1888 eo
1445 1834 1624 1890 astatis
1644 1849 1791 1891 anno
1813 1851 2048 1908 regnare
2075 1838 2124 1899 Β

465 1935 625 1978 orsus
652 1927 757 1989 est,
783 1935 891 1990 quo
913 1920 1133 1977 Macedo
1157 1922 1248 1978 ille
1286 1923 1540 1980 decessit.
1572 1926 1654 1981 Ac
1678 1927 1802 1983 vita
1828 1928 2046 1999 quidem

465 2013 702 2083 spatium
744 2012 910 2082 duplo
958 2012 1133 2083 majus
1166 2014 1357 2071 habuit
1378 2031 1543 2087 quam
1574 2017 1698 2084 ille,
1732 2020 1883 2091 regni
1915 2035 2048 2078 vero

462 2104 628 2173 triplo
648 2104 883 2177 longius.
910 2105 1178 2163 Caeterum
1207 2123 1332 2164 cum
1358 2110 1659 2166 exercitum
1694 2126 1853 2167 suum
1892 2129 2049 2169 man-

462 2198 633 2254 suetis
657 2211 722 2252 ac
741 2196 996 2255 modestis
1019 2199 1297 2270 religionis
1326 2202 1612 2272 praeceptis
1631 2203 1976 2271 munivisset,
1992 2207 2047 2261 in

460 2287 799 2345 Britanniam
829 2290 1047 2359 quidem
1090 2299 1146 2349 et
1177 2290 1232 2346 in
1265 2306 1360 2348 eos
1380 2293 1473 2361 qui
1501 2294 1557 2348 in
1592 2294 1709 2365 ipso
1729 2296 2050 2354 habitabant

461 2383 679 2439 Oceano
711 2381 782 2438 ad
810 2381 945 2437 solis
973 2395 1232 2438 occasum
1262 2381 1421 2454 longe
1461 2384 1678 2455 lateque
1709 2385 1940 2455 diﬂuso,
1966 2389 2046 2445 si-

461 2489 566 2543 gna
593 2472 800 2528 intulit.
829 2472 1108 2544 Scythiam
1148 2488 1279 2529 vero
1308 2475 1777 2549 universumque
1795 2478 1900 2536 sub
1933 2481 2049 2549 ipso

458 2564 839 2633 septentrione
867 2562 1069 2631 posita,
1114 2563 1170 2618 in
1214 2564 1478 2633 plurimas
1511 2575 1701 2634 gentes
1731 2576 1786 2622 et
1830 2570 2050 2625 nomine

459 2663 521 2706 et
566 2653 816 2709 moribus
882 2653 1253 2723 discrepantes
1322 2654 1619 2723 dividitur,
1656 2672 1756 2713 suo
1807 2658 2051 2728 adjunxit

461 2744 718 2813 imperio.
744 2743 861 2797 Jam
892 2760 1025 2799 vero
1063 2760 1188 2799 cum
1216 2746 1283 2801 ad
1321 2755 1598 2804 extremos
1633 2750 1880 2805 meridiei
1908 2751 2046 2807 ﬁnes

462 2835 753 2906 imperium
784 2846 1161 2907 propagasset,
1182 2837 1250 2892 ad
1274 2837 1423 2906 ipsos
1448 2839 1707 2895 nimirum
1741 2840 2049 2914 Blemmyas

458 2933 519 2980 et
547 2923 835 2996 Ethiopas
865 2941 995 2982 :eos
1034 2942 1250 2998 quoque
1290 2928 1383 2998 qui
1432 2930 1499 2983 ad
1527 2930 1658 2985 solis
1685 2940 1864 2986 ortum
1898 2934 2051 2990 inco-

458 3012 603 3079 lunt,
628 3014 684 3070 in
715 3029 868 3069 suam
900 3014 1163 3071 ditionem
1206 3017 1527 3088 redigendos
1549 3021 1775 3088 putavit.
1806 3021 2050 3093 Denique

460 3106 529 3160 ad
558 3105 779 3161 ultimos
807 3121 979 3177 usque
1002 3108 1334 3165 continentis
1378 3111 1662 3174 terminos,
1698 3111 1800 3168 hoc
1834 3124 1918 3169 est
1976 3115 2046 3171 ad

2154 940 2304 989 κνον,
2335 923 2578 997 ἄρριζον,
2611 923 2878 992 ἀνέστιον,
2904 925 2991 980 ἐπ’
3016 925 3324 999 ἀλλοδαπῆς
3349 926 3442 981 καὶ
3472 927 3740 998 πολεμίας

2153 1015 2342 1082 αὑτὸν,
2372 1015 2450 1080 ὡς
2478 1015 2546 1070 ἂν
2596 1016 2673 1088 μὴ
2706 1016 2789 1080 είς
2834 1016 3045 1089 μακρὸν
3085 1015 3400 1088 λυμαίνοιτο
3433 1016 3498 1070 τὸ
3525 1016 3740 1088 θνητῶν

2154 1106 2334 1176 γένος,
2364 1105 2652 1177 ἠφάνιζεν.
2686 1106 2898 1163 Λύτίκα
2927 1107 2974 1161 δ’
3001 1110 3036 1179 ἡ
3076 1107 3322 1179 βασιλεία
3349 1108 3736 1179 κατετέμνετο,

2153 1197 2263 1253 τῶν
2301 1198 2652 1272 θεραπόντων
2682 1198 2912 1253 ἑκάστου
2961 1200 3156 1270 μοῖράν
3184 1215 3309 1254 τινα
3339 1199 3737 1271 παρασπῶντος

2154 1286 2252 1341 καὶ
2278 1286 2669 1359 διαρπάζοντος
2717 1289 2916 1361 ἐαυτῷ.
2963 1288 3100 1343 Ἀλλ’
3136 1291 3167 1342 ό
3209 1287 3309 1359 μὲν
3334 1288 3431 1342 ἐπὶ
3471 1288 3736 1354 τοιούτοις

2155 1381 2474 1451 ἀνυμνεῑται
2500 1382 2702 1452 χοροῖς.

2680 1644 3080 1700 ΚΕΦΔΛΔΙΟΝ
3117 1644 3200 1699 Η’.

2155 1736 2285 1789 Ὀτι
2329 1733 2438 1803 τῆς
2477 1734 2834 1805 οίκουμένης
2860 1735 3065 1803 πάσης
3108 1734 3337 1805 σχεδὸν
3371 1734 3734 1805 ἐψάτησεν.

2231 1828 2290 1881 ’0
2338 1827 2382 1881 δ’
2435 1828 2702 1900 ἡμέτερος
2734 1828 2988 1899 βασιλεὺς
3028 1828 3089 1896 ἐξ
3124 1828 3334 1883 ἐκείνου
3382 1829 3481 1900 μὲν
3510 1829 3732 1904 ἧρχετο,

2150 1918 2209 1985 ἐξ
2257 1910 2431 1991 οὗπερ
2473 1922 2503 1974 ὁ
2534 1920 2800 1975 Μακεδὼν
2842 1920 3118 1985 ἐτελεύτα,
3165 1919 3512 1986 ἐδιπλασίαζε
3551 1921 3610 1975 δὲ
3652 1919 3736 1991 τῷ

2148 2010 2326 2083 χρόνῳ
2352 2010 2453 2082 τὴν
2478 2010 2687 2067 ἐκείνου
2716 2012 2882 2083 ζωὴν,
2920 2010 3243 2083 τριπλάσιον
3280 2011 3326 2065 δ’
3360 2013 3598 2065 ἐποιεῖτο
3629 2012 3734 2081 τῆς

2150 2102 2425 2174 βασιλείας
2462 2103 2524 2158 τὸ
2572 2103 2765 2175 μῆκος.
2823 2104 3082 2175 Ἦμέροις
3115 2103 3181 2172 γέ
3218 2121 3302 2157 τοι
3349 2104 3446 2159 καὶ
3488 2101 3733 2175 σώφροσι

2148 2193 2454 2259 θεοσεϐείας
2519 2194 2944 2267 παραγγέλμασι
3004 2194 3095 2249 τὸν
3152 2194 3317 2250 αὑτοῦ
3382 2193 3734 2267 φραξάμενος

2147 2286 2398 2357 στρατὸν,
2430 2284 2631 2357 ἐπῆλθε
2657 2286 2755 2357 μέν
2779 2286 2878 2358 τὴν
2897 2286 3212 2358 Βρεττανῶν
3234 2286 3327 2341 καὶ
3343 2286 3470 2351 τοὺς
3500 2287 3559 2341 ἐν
3579 2286 3733 2358 αὐτῷ

2147 2376 2429 2442 οἰκοῦντας
2461 2377 2690 2449 ὠκεανῷ
2727 2377 2809 2450 τῷ
2860 2378 3002 2434 κατὰ
3030 2378 3223 2433 δύοντα
3251 2379 3403 2450 ἥλιον
3425 2377 3541 2450 (23)
3573 2396 3733 2450 περι-

2146 2467 2467 2541 οριζομὲνῳ,
2488 2468 2551 2522 τό
2582 2487 2642 2522 τε
2669 2469 2934 2525 Σκυθικὸν
2965 2470 3282 2541 ὑπηγάγετο
3307 2471 3438 2539 πᾶν,
3468 2470 3563 2525 ὑπ’
3588 2471 3730 2542 αὐτῇ

2147 2562 2335 2634 ἄρκτῳ
2357 2561 2571 2634 μυρίοις
2598 2560 2889 2634 βαρϐάρων
2915 2562 3300 2630 ἐξαλλάττουσι
3324 2563 3508 2641 γένεσι
3536 2562 3734 2634 τεμνό-

2151 2670 2331 2725 μενον.
2358 2653 2497 2725 Ἤδη
2524 2653 2581 2707 δὲ
2610 2654 2704 2707 καὶ
2725 2653 3074 2725 μεσημϐρίας
3098 2654 3185 2709 ἐπ’
3211 2653 3416 2724 ἔσχατα
3432 2654 3533 2726 τὴν
3552 2654 3732 2726 ἀρχὴν

2146 2742 2413 2808 ἐκτείνας,
2445 2744 2525 2806 είς
2549 2744 2749 2807 αὐτοὺς
2769 2744 3061 2815 Βλέμμυάς
3089 2761 3149 2798 τε
3176 2744 3272 2798 καὶ
3288 2744 3553 2807 Αἰθίοπας
3570 2757 3586 2775 '
3608 2743 3733 2797 οὐδὲ

2146 2830 2258 2886 τῶν
2306 2833 2447 2905 πρὸς
2491 2833 2779 2905 ἀνίσχοντα
2822 2834 2973 2906 ἥλιον
3023 2834 3314 2907 ἀλλοτρίαν
3351 2837 3588 2890 ἐποιεῖτο
3629 2836 3732 2907 τὴν

2146 2923 2361 2995 κτῆσιν.
2396 2923 2515 2977 Ἐπ’
2544 2923 2688 2991 αὐτὰ
2708 2923 2765 2977 δὲ
2795 2925 2866 2978 τά
2889 2924 2988 2995 τῆς
3010 2924 3338 2997 οἰκουμένης
3363 2925 3493 2998 ὅλης
3530 2926 3736 2997 τέρμαο

2145 3032 2236 3080 τα,
2278 3014 2454 3070 Ἰνδῶν
2487 3015 2648 3088 μέχρι
2671 3015 2782 3069 τῶν
2808 3016 3084 3083 ἐξωτάτω,
3126 3017 3236 3071 τῶν
3274 3015 3592 3089 περικύκλῳ
3614 3017 3732 3090 (24)

2150 3108 2443 3185 περιοίκων
2474 3108 2568 3162 τοῦ
2615 3109 2819 3173 παντὸς
2871 3110 2971 3181 τῆς
3018 3109 3125 3180 γῆς
3166 3108 3247 3181 τῷ
3297 3109 3399 3183 βίῳ
3443 3110 3732 3181 στοιχείου,

458 3206 736 3254 extremos
786 3199 947 3256 Indos
985 3209 1040 3255 et
1077 3200 1424 3256 circumsitos
1476 3203 1717 3274 undique
1774 3207 2038 3277 populos,

2150 3202 2324 3273 φωτὸς
2354 3201 2637 3266 εὐσεϐείας
2666 3202 2877 3255 ἀκτῖσιν
2908 3201 3226 3274 ἐκλάμπων,
3265 3198 3414 3273 εἶχεν
3455 3203 3734 3274 ὑπηκόους

458 3299 695 3346 cunctos
738 3291 998 3348 mortales
1041 3291 1137 3362 qui
1180 3291 1492 3347 universum
1546 3302 1813 3349 terrarum
1853 3297 2041 3356 orbem

2150 3296 2391 3358 ima;
2416 3294 2719 3366 τοπάρχας,
2761 3292 3028 3365 ἐθνάρχας
3065 3294 3160 3348 καὶ
3197 3295 3484 3364 σατράπας
3531 3293 3737 3367 βαρϐά-

457 3380 729 3450 incolunt,
754 3380 1211 3453 splendidissimis
1255 3384 1476 3454 pietatis
1527 3385 1698 3440 radiis
1727 3387 2041 3457 illuStrans,

2150 3403 2256 3457 ρων
2287 3384 2478 3451 ἐθνῶν,
2530 3385 2771 3439 ἐθελοντὶ
2817 3384 3231 3456 ἀσπαζομένους
3273 3386 3369 3440 καὶ
3419 3386 3733 3457 χαίροντας,

456 3472 695 3542 regulos,
715 3471 1001 3542 praefectos
1025 3480 1083 3529 et
1113 3480 1364 3543 satrapas
1395 3473 1635 3543 gentium
1684 3476 2041 3531 barbararum

2150 3478 2260 3539 τοῖς
2290 3492 2349 3528 τε
2386 3476 2515 3547 παρ’
2558 3474 2739 3529 αὐτῶν
2784 3474 2980 3544 δώροις
2996 3473 3108 3546 (25)
3141 3473 3733 3547 διαπρεσϐευομένους,

457 3565 559 3618 sibi
604 3565 874 3621 obnoxios
925 3580 995 3621 ac
1032 3564 1284 3620 subditos
1326 3564 1557 3621 habuit:
1591 3565 1687 3635 qui
1722 3581 1820 3621 sua
1854 3576 2047 3637 sponte

2150 3567 2244 3620 καὶ
2274 3566 2371 3638 τὴν
2395 3566 2533 3638 πρὸς
2559 3566 2719 3619 αὐτὸν
2747 3566 2948 3635 γνῶσίν
2974 3582 3035 3620 τε
3066 3566 3163 3620 καὶ
3189 3566 3371 3636 φιλίαν
3410 3567 3541 3640 περὶ
3578 3567 3735 3621 πλείο

455 3666 661 3712 etcum
690 3657 888 3725 gaudio
920 3656 1097 3727 ipsum
1117 3656 1449 3721 salutabant,
1471 3666 1529 3712 et
1556 3656 1761 3727 legatos
1785 3673 1906 3712 cum
1924 3673 2051 3727 (mu-

456 3752 684 3806 neribus
709 3751 779 3806 ad
808 3750 975 3822 410
1004 3766 1129 3807 eum
1174 3753 1480 3818 mittebant,
1518 3751 1744 3823 ejusque
1791 3751 2039 3806 notitiam

454 3853 621 3912 atque
652 3843 951 3899 amicitiam
997 3845 1216 3916 plurimi
1266 3845 1629 3901 aestimabant.
1658 3843 1807 3898 Adeo
1832 3851 1892 3899 ut
1916 3857 2039 3899 eum

530 3955 643 4029 (21)
678 3952 773 4029 Αὖ
818 3958 1030 4014 πλέον.
1078 3961 1436 4020 Scribcndum
1467 3964 1681 4020 videtur
1727 3965 1790 4021 οὐ
1845 3963 2032 4028 πλέον,

456 4041 620 4097 quam
672 4028 965 4085 lectionem
1020 4043 1241 4087 secutus
1294 4045 1379 4089 est
1432 4034 1733 4090 Portesius.
1791 4034 2040 4090 Christo-

454 4100 764 4174 pborsonus
780 4103 1071 4174 autemAsic
1091 4103 1476 4174 interpretatus
1493 4114 1575 4159 est
1601 4106 1752 4174 quasi
1779 4106 2048 4173 legeretur

454 4167 491 4240 ἢ
528 4168 712 4245 μικρῷ
738 4169 922 4245 πλέον.
953 4171 1115 4227 Certe
1146 4167 1456 4245 Alexander
1486 4167 1714 4245 Magnus
1759 4167 2044 4230 duodecim

456 4239 699 4316 anuis‘et
737 4240 970 4316 amplius
1013 4244 1281 4316 regnavit,
1334 4246 1427 4315 qui
1457 4239 1762 4316 aliquanto
1812 4246 1933 4316 plus
1962 4245 2045 4299 ef-

454 4307 647 4364 ﬁciunt
699 4307 1123 4383 quam‘tertiat‘n
1176 4307 1385 4382 partem
1436 4307 1664 4370 door-um
1691 4331 1757 4370 ac
1811 4307 2038 4383 iriginta

452 4393 750 4443 annorum,
782 4382 827 4436 si
860 4396 950 4438 res
970 4383 1037 4437 ad
1074 4383 1347 4439 calculum
1380 4388 1650 4457 exigatur.
1687 4382 2044 4442 Verum’ora-

455 4458 605 4500 tores
666 4452 758 4500 ani
820 4453 1216 4500 amnliﬁcandis
1280 4454 1448 4500 rb.th
1510 4455 1732 4500 strident
1803 4469 1910 4500 nnn
1966 4455 2038 4500 ita

480 4463 605 4504 οτεε

2142 3961 2273 4023 νῶν,
2300 3962 2506 4015 rectius

2150 3675 2279 3712 στου
2328 3658 2705 3729 ποιουμένους,
2733 3658 2874 3712 ὥστε
2911 3659 3008 3712 καὶ
3046 3661 3289 3732 γραφαῖς
3320 3659 3548 3713 εἰκόνων
3568 3659 3737 3713 αὐτὸν

2149 3748 2281 3822 παρ’
2313 3750 2495 3813 αὐτοῖς
2531 3750 2719 3819 τιμᾷν,
2749 3748 3084 3820 ἀνδριάντων
3113 3765 3174 3802 τε
3205 3748 3539 3821 ἀναθήμασι,
3573 3750 3736 3820 μόνον

2149 3858 2211 3894 τε
2242 3840 2662 3912 αὐτοκρατόρων
2686 3840 2838 3912 παρὰ
2858 3842 2971 3904 τοῖς
2999 3840 3134 3894 πᾶσι
3156 3841 3571 3895 Κωνσταντῖνον
3598 3856 3738 3908 γνω-

2591 3975 2713 4031 nam
2770 3959 2823 4014 in
2864 3959 3098 4031 vulgatis
3157 3960 3505 4018 editionibus.
3538 3959 3729 4029 Neque

2151 4033 2312 4089 aliter
2350 4032 2519 4087 codex
2555 4029 2941 4101 Fult.;_contra
2964 4029 3104 4101 ivero
3131 4031 3294 4101 paulo
3317 4040 3458 4100 post,
3489 4031 3578 4085 ubi
3594 4032 3738 4101 gul-

2154 4113 2292 4172 gaias
2318 4102 2589 4172 editiones
2619 4099 3196 4172 scribuntﬂképpodg,
3223 4099 3365 4156 idem
3390 4101 3562 4155 codex
3591 4099 3735 4172 Fuit.

2153 4170 2317 4297 liallliet
2344 4171 2607 4243 βλέμυας,
2632 4184 2739 4225 non
2777 4171 2938 4238 male,
2967 4170 3239 4226 tit—notavi
3270 4173 3339 4226 ad
3376 4172 3557 4226 Amm.
3589 4170 3735 4224 Mar-

2153 4258 2214 4297 ce
2261 4259 2430 4297 mum.

2151 4258 2430 4299 εθιιιηυιη.

2217 4312 2331 4384 (24)
2390 4309 2516 4384 Τῶν
2551 4311 2910 4384 περικύκλῳ.
2945 4310 3315 4384 Scribendum
3342 4317 3449 4376 est,
3487 4309 3596 4384 τῶν
3636 4308 3736 4384 sui:

2147 4380 2261 4455 κλῲ
2289 4380 2586 4455 περιοίκων
2635 4380 2731 4455 τού
2792 4382 2991 4455 παντὸς
3026 4382 3125 4455 τῆς
3152 4382 3264 4455 Δγῆς
3317 4382 3607 4452 στοιχείου,
3650 4381 3737 4453 τῷ

666 4452 779 4527 (ιιιί
820 4453 1216 4527 ampliﬁcandis
1280 4454 1448 4527 rebus
1474 4451 1733 4527 istudcnt
1803 4469 1910 4527 non
1965 4455 2039 4527 ita

2152 4451 2277 4527 βίῴ,
2308 4451 2483 4527 φωτός
2515 4451 2799 4527 εὐσεϐείας
2825 4453 3044 4527 ἀκτῖσιν
3086 4451 3403 4527 ἐκλάμπων.
3436 4451 3529 4527 ᾼο
3569 4451 3736 4527 voces

455 4529 645 4596 exacte
686 4519 1012 4593 loquuntur.
1061 4523 1253 4595 itaque
1294 4525 1560 4584 Eusebius
1600 4536 1754 4582 recte
1799 4526 1937 4581 dixit
1983 4524 2044 4578 οὒ

2151 4519 2372 4596 quidem
2416 4523 2538 4577 illas
2567 4523 2675 4596 τῶν
2693 4521 2910 4596 *κύκλῳ*
2956 4519 3415 4596 περιοίκωνηειο.
3453 4520 3735 4576 Portesius

454 4589 640 4645 πλέον.

531 4660 875 4738 (22)_Vulg.,
903 4665 1221 4738 ,ἀνθούσης
1271 4664 1468 4738 αὐτῆς
1513 4667 1624 4738 τῆς
1656 4665 1833 4737 ὥρας.
1882 4664 2055 4738 Ιξίειηο

452 4738 564 4812 est,
586 4733 1009 4812 qtti_non;v'ideat
1031 4733 1378 4812 scribendum
1411 4733 1532 4793 eSSe
1556 4733 1712 4810 αύτῷ
1742 4733 1844 4812 τῆς
1880 4736 2050 4812 ὧρας,

453 4810 519 4854 ιιι
551 4801 606 4856 in
641 4801 825 4859 Μοτεεί
867 4806 1007 4861 libro
1038 4807 1202 4861 etiam
1248 4808 1566 4863 adnotatum
1603 4801 1706 4864 est.
1755 4801 1833 4863 1ιῖ
1861 4801 2055 4863 veteri-

450 4873 821 4946 bus_scl_tedis
863 4875 1065 4946 legitur
1110 4877 1300 4932 αὐτοῦ.
1348 4878 1457 4933 Sed
1510 4878 1646 4934 liber
1694 4878 1832 4934 Fuk.
1889 4878 2054 4932 habet

453 4940 627 5020 <1sz.
664 4943 772 5020 Sed
820 4940 1071 5020 etpaulo
1099 4957 1223 5020 post
1251 4949 1603 5020 scribendum
1634 4948 1745 5002 τῶν
1788 4947 2054 5020 θεραπόν-

452 5027 563 5090 των
591 5013 849 5090 ἑκάστου.
895 5013 1047 5090 Etin
1091 5013 1198 5071 line
1243 5019 1438 5090 capitis
1483 5020 1602 5089 lego
1652 5021 1746 5072 ἐπὶ
1786 5013 2052 5083 τοιούτοις

453 5081 778 5160 ἀνυμνεῖται
825 5089 1039 5160 κακοῖς,
1057 5081 1392 5160 _quanquam
1425 5081 1617 5160 scripti
1665 5090 1883 5147 codices
1916 5081 2051 5145 nihil

454 5155 690 5231 vti-riunt.
722 5157 779 5231 lu
815 5159 1002 5231 codice
1056 5155 1207 5231 Fuk._
1231 5155 1495 5230 scriptum
1527 5155 1705 5214 inveni
1738 5160 1852 5231 τῶν
1888 5159 2052 5231 θερα-

454 5222 670 5304 πόντων
744 5225 1002 5304 ἑκάστου,
1052 5228 1276 5304 μοῖράν⁸
1311 5222 1442 5304 τὶνα
1479 5230 1914 5304 -παρασπῶντοᾳ
1956 5222 2053 5304 't'e-

453 5300 594 5349 otius
642 5310 807 5367 quam
862 5302 1005 5354 utin
1075 5300 1310 5371 vulgatis
1358 5300 1693 5358 editionibus
1737 5300 2052 5372 περισπῶν-

447 5377 564 5428 τος.

526 5437 643 5511 (25)
684 5437 868 5511 νοις..
919 5438 1000 5507 τῷ
1046 5438 1199 5495 κατὰ
1240 5440 1466 5496 δύοντα
1521 5441 1719 5511 ἣλιον.
1761 5439 1819 5496 In
1867 5456 2054 5496 manu-

454 5510 996 5584 script’o‘liegiouet
1047 5510 1557 5584 Fuk.rdisjunctim
1600 5514 1862 5569 scribitur
1911 5531 1924 5566 :
1970 5512 2050 5584 τῷ

453 5578 828 5654 κατὰ-δύοντά
867 5581 1041 5654 ἥλιον,
1078 5583 1295 5654 tectius
1324 5578 1477 5637 'sine
1514 5583 1699 5642 dubio.
1762 5584 1855 5637 Sic
1909 5578 2049 5637 inira

450 5666 584 5724 cap.
605 5651 699 5717 41,
719 5654 809 5707 ubi
842 5651 908 5724 de
935 5653 1343 5724 provinciarum
1368 5655 1738 5709 exsultatione
1760 5654 2041 5724 loquitur:

464 5721 637 5791 Ἐθνη
660 5739 722 5795 τε
753 5722 911 5776 πάνθ’
937 5721 1053 5779 ’ὅσα
1089 5722 1316 5795 ὠκεανῷ
1350 5724 1429 5794 τῷ
1481 5723 1623 5778 κατά
1660 5725 1855 5778 δύοντα
1899 5722 2048 5794 ἥλιον

466 5792 844 5864 περιωρὶξετο.
892 5796 945 5849 1η
978 5798 1169 5854 codice
1196 5792 1367 5866 Regio
1398 5792 1594 5867 lvi-gitur
1621 5798 1784 5851 etiam
1812 5792 2046 5864 Βρεττα-

2155 4590 2223 4650 ad
2254 4594 2414 4648 Indos
2448 4594 2653 4647 retulit.
2688 4591 2782 4646 Sic
2824 4590 2970 4648 enim
3024 4590 3186 4647 vertit
3221 4608 3235 4645 :
3272 4590 3438 4645 Indos
3463 4601 3735 4656 extremos

2153 4680 2316 4734 usque
2378 4674 2532 4717 terra:
2568 4662 3224 4734 undique_circuntjectos.
3274 4659 3545 4734 Sed_non
3597 4672 3735 4730 puto

2154 4732 2296 4791 hanc
2336 4749 2457 4789 esse
2513 4743 2751 4788 mentem
2811 4732 3053 4786 Eusebii.
3103 4732 3288 4800 Neque
3336 4732 3481 4786 enim
3521 4742 3736 4787 veteres

2153 4805 2475 4877 geographi,
2504 4802 2850 4877 Indos__orbis
2898 4814 3166 4877 terrarum
3182 4801 3455 4877 ambitum
3495 4802 3737 4855 circum-

2154 4871 2334 4932 cole're
2360 4871 2604 4944 unquam
2647 4874 2924 4929 dixerunt.
2974 4871 3196 4943 Hispani
3247 4872 3467 4944 quidem
3503 4886 3732 4944 avorum

2152 4945 2436 5009 memoria,
2461 4942 2735 4998 terrarum
2762 4954 2968 5013 partem
3002 4942 3196 5013 recens
3237 4942 3339 4998 sibi
3372 4942 3737 5013 (cognitamet

2151 5015 2499 5100 patefactam,
2538 5009 3197 5095 Indiam'pccidentalem
3231 5009 3592 5135 appellarunt.
3631 5009 3738 5065 Ve-

2153 5101 2275 5135 rum
2298 5086 2375 5135 illi
2407 5086 2461 5135 Id
2489 5098 2588 5135 ιιι-ο
2626 5084 2853 5135 arbitrio
2899 5098 3000 5135 suo
3040 5084 3241 5135 fecere.
3321 5082 3512 5135 romde
3545 5097 3600 5135 tn
3625 5080 3737 5135 Eu-

2153 5080 2275 5141 rum
2298 5086 2375 5140 illi
2407 5084 2461 5139 id
2486 5080 2588 5155 pro
2626 5084 2853 5139 arbitrio
2899 5098 3000 5138 suo
3040 5084 3241 5139 fecere.
3268 5080 3512 5155 Proinde
3545 5080 3737 5155 in_E_u-

2153 5157 2289 5211 sebii
2334 5150 2508 5210 nostri
2555 5154 2676 5209 loco
2723 5155 3248 5224 scribendutniputo
3280 5152 3391 5224 τῶν
3440 5168 3501 5205 τε
3532 5150 3739 5224 ’κύκλῳ

2152 5225 2469 5299 περιοίκων,
2494 5234 2623 5299 ctu,
2644 5224 2729 5278 vel
2756 5227 2935 5299 potius
2965 5221 3486 5299 nihil'mutandum.
3526 5221 3738 5277 Sensus

2153 5294 2298 5352 enim
2371 5309 2476 5361 est,
2530 5295 2947 5351 Constantinum
3003 5310 3035 5348 a
3095 5294 3325 5349 meridie
3376 5294 3443 5347 ad
3511 5302 3739 5360 septen-

2154 5369 2407 5431 trionem,
2443 5376 2499 5422 et
2540 5366 2610 5420 ab
2649 5380 2849 5420 occasu
2902 5365 2970 5418 ad
3032 5374 3234 5425 ortum,
3293 5378 3739 5433 quaquaversum

2156 5439 2368 5493 cunctis
2399 5437 2711 5493 hominibus
2737 5435 3016 5505 Christum
3049 5435 3400 5505 praedicasse.

2222 5508 2337 5580 (25)
2381 5508 2534 5580 Τοῖς-
2554 5523 2619 5561 τε
2648 5506 2787 5580 παρ’
2827 5502 3026 5580 at)th
3050 5502 3302 5580 δώροις.
3352 5505 3411 5559 In
3434 5502 3740 5580 _veteribtt_s

2152 5575 2376 5635 schedis
2404 5580 2493 5633 hic
2524 5578 2674 5631 locus
2715 5578 2787 5631 ita
2837 5576 3124 5645 suppletur
3167 5576 3240 5630 ad
3277 5575 3598 5645 marginem,
3622 5577 3740 5639 τοῖς

2150 5668 2211 5704 τε
2240 5652 2367 5722 παρ’
2396 5649 2577 5703 αὐτῶν
2609 5646 2800 5713 ξενίοις
2830 5643 2917 5722 Δ’τε
2939 5643 3037 5722 καί
3064 5643 3278 5717 δώροις,
3304 5643 3425 5722 ἐι(ξὲ
3468 5644 3538 5722 E_t
3577 5646 3741 5722 paulo

2150 5732 2276 5792 post
2318 5716 2369 5775 in
2426 5722 2619 5774 iisdem
2674 5718 2893 5792 schedis
2938 5716 3155 5789 legitur,
3186 5717 3317 5788 παρ’
3367 5716 3551 5780 αὐτοῖς
3599 5718 3737 5769 πᾶσι

2151 5787 2559 5848 Κωνσταντῖνον
2590 5787 2972 5861 γνωρίζεσθαι.
