4210 6422
410 392 511 449 921

1514 392 1602 447 ne
1644 389 1808 446 νισι-Α
1847 367 2304 452 coss'raiv‘i‘i‘m
2343 389 2471 444 LIB.
2504 388 2546 443 ι.

3559 390 3664 444 922

417 507 662 582 ρίζεσθαί
695 525 754 561 τε
797 507 892 562 καὶ
932 507 1178 579 βοᾶσθαι.
1221 507 1278 562 '0
1309 507 1367 561 δὲ
1397 508 1496 562 καὶ
1525 508 1687 578 μέχρι
1711 507 1818 562 τῶν
1845 509 1981 580 τῇδε.

2100 508 2152 560 in
2186 519 2286 560 sua
2316 505 2546 574 quisque
2572 503 2845 573 provincia
2869 503 3064 574 partim
3091 503 3436 575 imaginibus,
3467 509 3660 575 partim

413 601 712 673 βασιλικοῖς
734 601 1024 670 προσφωνή
1035 615 1166 670 μασι
1186 599 1278 654 τὸν
1297 597 1491 652 ἑαυτοῦ
1513 599 1644 652 Θεὸν
1660 599 1981 670 ἀνεκήρυττε

2092 597 2286 654 statuis
2319 596 2530 665 publice
2554 596 2814 651 dedicatis
2847 595 3442 664 honoraret:solusque
3468 612 3532 650 ex
3563 597 3666 649 im-

412 692 511 746 ciw
537 691 821 765 παρρησίᾳ
843 692 909 761 τῇ
937 689 1106 760 πάσῃ.

2094 689 2440 759 perstet-ibus
2465 688 2853 742 Constantinus
2871 725 2890 752 ,
2917 687 3118 757 ubique
3153 695 3417 741 terrarum
3446 689 3665 742 notissi-

410 797 530 838 mus
569 791 717 838 esset
745 795 810 835 ac
833 781 1242 836 celeberrimus.
1291 779 1462 852 Igitur
1507 779 1575 835 ad
1607 779 1710 835 has
1759 794 1931 850 usque
1957 792 2149 850 gentes
2209 780 2376 850 regiis
2430 777 2839 834 allocutionibus
2872 779 3039 833 Deum
3060 793 3214 833 suum
3255 793 3376 832 cum
3413 779 3560 832 omni
3600 778 3664 833 li-

409 873 621 928 bertate
650 873 983 942 praedicavit.

934 963 1330 1018 ΚΕΦΑΛΑΙΟΝ
1370 963 1447 1017 Θ¹.

410 1052 533 1108 Ὅτι
553 1051 683 1118 υίὸς
693 1053 996 1121 ,βασιλέως
1029 1056 1338 1121 εὐσεϐοῦς,
1369 1055 1467 1110 καί
1485 1055 1634 1122 υἱοῖς
1653 1055 1982 1120 βασιλεῦσι

845 1127 1131 1180 κατέλιπε
1169 1126 1282 1194 τὴν
1307 1125 1523 1195 ἀρχήν.

477 1216 591 1273 Εἶτ’
606 1220 667 1274 οὐ
700 1219 878 1289 λόγοις
925 1219 1036 1289 (26)
1065 1221 1162 1291 μὲν
1189 1220 1333 1272 τοῦτ’
1372 1221 1660 1290 ἔπραττεν,
1688 1219 1982 1290 ἀφυστέρει

405 1311 466 1364 δὲ
491 1311 602 1374 τοῖς
617 1311 817 1383 ἔργοις
845 1311 934 1364 διὰ
954 1312 1134 1382 πάσης
1150 1311 1206 1364 δὲ
1237 1311 1428 1382 χωρῶν
1461 1311 1684 1382 ἀρετῆς,
1711 1310 1983 1372 παντοίοις

407 1400 687 1464 εὐσεὸείας
741 1403 973 1472 καρποῖς
1026 1399 1370 1472 ἐνηϐρύνετο,
1436 1399 1833 1471 μεγαλοψύχοις
1885 1401 1982 1470 μὲν

406 1491 744 1562 εὐεργεσίαις
760 1493 884 1555 τοὺς
905 1492 1214 1563 γνωρίμους
1228 1490 1552 1546 καταδουλού
1562 1508 1740 1560 μενος,
1768 1491 1982 1561 κρατῶν

405 1583 462 1636 δὲ
491 1583 674 1654 νόμοις
718 1582 1144 1653 φιλανθρωπίας,
1176 1583 1386 1654 εὐήνιόν
1415 1600 1476 1635 τε
1513 1582 1612 1654 τὴν
1661 1581 1835 1654 ἀρχὴν
1888 1581 1982 1634 καὶ

407 1671 733 1725 πολύευκτον
766 1674 936 1727 ἅπασι
985 1674 1098 1736 τοῖς
1136 1671 1460 1743 ἀρχομένοις
1488 1671 1977 1742 κατεργαζόμενος,

2682 955 2908 1013 CAPUT
2941 955 3034 1012 1x.

2091 1072 2266 1140 Quod,
2284 1072 2357 1142 pii
2403 1051 2741 1139 imperatoris
2775 1067 2942 1137 filius,
2965 1050 3238 1137 imperium
3280 1067 3408 1137 filiis
3433 1068 3659 1138 reliquit.

2159 1206 2427 1261 Caeterum
2465 1217 2570 1255 non
2616 1201 2668 1255 id
2701 1200 2886 1255 verbis
2915 1199 3136 1268 quidem
3181 1199 3453 1268 praestitit,
3479 1214 3537 1253 re
3562 1215 3662 1251 au-

2092 1306 2198 1353 tem
2240 1297 2352 1365 ipsa
2382 1295 2679 1349 frustratus
2711 1300 2817 1346 est.
2852 1291 2955 1345 Sed
2992 1291 3045 1344 in
3077 1292 3222 1345 omni
3255 1305 3453 1360 genere
3485 1290 3662 1344 virtu-

2090 1391 2162 1444 tis
2187 1398 2360 1444 semet
2403 1400 2686 1450 exercens,
2733 1383 2902 1438 variis
2941 1382 3158 1452 pietatis
3196 1381 3459 1436 tructibus
3499 1381 3662 1434 abun-

2091 1481 2274 1543 davit,
2333 1479 2539 1532 amicos
2593 1475 2811 1546 quidem
2858 1473 3168 1544 ingentibus
3232 1475 3509 1528 beneﬁciis
3555 1474 3660 1528 sibi

2089 1572 2400 1627 devinciens
2420 1609 2435 1634 ,
2468 1570 2711 1624 subditos
2740 1583 2872 1624 vero
2899 1568 3200 1623 clementiae
3241 1567 3446 1634 legibus
3473 1566 3662 1618 mode-

2087 1683 2236 1730 rans,
2265 1676 2320 1721 et
2374 1667 2662 1734 imperium
2715 1680 2871 1720 suum
2931 1663 3199 1732 placidum
3248 1662 3462 1716 cunctis
3501 1670 3662 1728 atque

404 1765 578 1818 εἰσότε
634 1764 820 1818 λοιπὸν
877 1765 1112 1835 μακραῖς
1172 1764 1440 1834 περιόδοις
1485 1761 1622 1815 ἑτῶν
1671 1762 1981 1832 κεκμηκότα

2090 1757 2322 1824 optabile
2367 1755 2654 1822 exhibens,
2694 1757 2865 1811 donec
2893 1762 3014 1824 post
3054 1754 3212 1821 longa
3241 1768 3502 1807 annorum
3533 1766 3661 1805 cur-

405 1857 567 1909 αὐτὸν
605 1855 768 1919 θείοις
794 1855 970 1910 ἄθλων
1008 1854 1204 1923 ἀγῶσι,
1255 1853 1528 1927 βραϐείοις
1575 1851 1874 1914 ἀθανασίας
1919 1850 1978 1904 ὃν

405 1946 586 2014 ὲτίμα,
621 1945 754 2008 Θεὸς
773 1944 1201 2016 ἀναδησάμενος,
1230 1945 1428 2016 θνητῆς
1459 1946 1524 1996 ὲκ
1554 1943 1828 2012 βασιλείας
1885 1942 1978 1994 ἐπὶ

402 2036 503 2107 τὴν
537 2039 667 2108 παρ’
693 2036 858 2091 αὐτοῦ
888 2038 1086 2108 ψυχαῖς
1113 2038 1290 2100 ὁσίαις
1309 2035 1740 2107 τιταμιευμένην
1766 2032 1980 2086 ἀτελεύ-

401 2142 564 2197 τητον
593 2125 736 2197 ζωὴν
771 2130 1163 2199 μετεστήσατο,
1213 2127 1433 2198 τριττὴν
1466 2125 1669 2180 παίδων
1693 2123 1854 2194 γονὴν
1877 2123 1978 2192 τῆς

404 2218 580 2289 ἀρχῆς
611 2219 851 2288 διάδοχον
882 2219 1120 2290 ἐγείρας.
1156 2217 1312 2272 Οὕτω
1339 2217 1402 2289 δὴ
1423 2218 1517 2272 καὶ
1542 2216 1728 2288 θρόνος
1754 2216 1854 2285 τῆς
1883 2214 1979 2284 βα-

405 2310 608 2373 σιλείας
659 2309 926 2380 πατρόθεν
964 2309 1062 2380 μὲν
1102 2311 1184 2372 εἰς
1225 2308 1388 2362 αὐτὸν
1438 2307 1650 2378 κατῄει,
1687 2304 1872 2375 θεσμῷ
1920 2304 1977 2356 δὲ

403 2401 640 2469 φύσεως,
668 2403 823 2454 παισὶ
849 2401 942 2454 καὶ
987 2403 1102 2463 τοῖς
1131 2400 1334 2453 τούτων
1356 2398 1597 2466 ἐκγόνοις
1636 2395 1974 2467 ὲταμιεύετο,

401 2495 484 2556 είς
504 2495 696 2564 ἀγήρω
717 2510 777 2546 τε
808 2492 995 2566 χρόνον
1025 2487 1116 2545 οἷά
1136 2509 1220 2554 τις
1247 2489 1496 2560 πατρῷος
1520 2489 1544 2540 ὲ
1554 2488 1820 2559 μηκύνετο
1847 2487 1979 2557 κλῆ-

407 2601 518 2655 ρος.
545 2584 678 2646 Θεὸς
727 2584 824 2654 μὲν
870 2579 962 2637 οὖν
1010 2583 1169 2636 αὐτὸν
1205 2581 1298 2635 καὶ
1325 2581 1420 2634 σὺν
1457 2581 1586 2650 ἡμῖν
1618 2579 1697 2632 ἔτι
1722 2579 1849 2631 ὄντα
1887 2577 1977 2629 τὸν

407 2673 673 2746 μακάριον
698 2674 1054 2746 θεοπρεπέσιν
1075 2671 1293 2743 ὑψώσας
1312 2673 1516 2742 τιμαῖς,
1533 2671 1628 2722 καὶ
1642 2669 1979 2722 τελευτῶντα

404 2769 688 2839 κοσμήσας
714 2766 1010 2840 ἐξαιρέτοις
1036 2770 1149 2830 τοῖς
1178 2769 1308 2838 παρ’
1335 2763 1499 2820 αὐτοῦ
1525 2764 1975 2833 πλεονεκτήμασι,

391 2861 602 2929 ,γένοιτ’
615 2860 681 2914 ἂν
701 2859 864 2913 αὐτοῦ
885 2859 980 2913 καὶ
999 2861 1263 2931 γραφεὺς,
1278 2859 1471 2926 πλαξὶν
1491 2856 1754 2932 οὐρανίων
1767 2854 1978 2926 στηλῶν

404 2951 531 3015 τοὺς
573 2951 682 3006 τῶν
736 2951 900 3005 αὐτοῦ
944 2951 1384 3024 κατορθωμάτων
1422 2949 1616 3013 ἄθλους
1649 2948 1760 3019 (27)
1793 2947 1979 3000 ἀνατι-

407 3042 540 3107 θείς.

2087 1849 2257 1902 ricula
2284 1888 2300 1912 ,
2354 1849 2498 1902 Deus
2543 1863 2704 1918 quem
2756 1846 3036 1910 coluerat,
3080 1847 3248 1901 variis
3299 1845 3444 1900 illum
3484 1853 3663 1899 certa-

2085 1944 2323 1998 minibus
2369 1942 2641 1998 defessum
2717 1942 3138 1997 immortalitatis
3184 1941 3424 2010 praemiis
3480 1956 3662 1994 remu-

2086 2046 2344 2098 neratus,
2386 2049 2450 2089 ex
2495 2033 2712 2088 mortali
2754 2049 2920 2103 regno
2971 2035 3037 2088 ad
3087 2034 3444 2089 immortalem
3493 2035 3660 2088 vitam

2085 2127 2292 2181 sanctis
2350 2127 2545 2180 animis
2609 2127 2748 2196 apud
2806 2142 2864 2182 se
2927 2137 3280 2195 praeparatam
3333 2125 3655 2191 transtulit;

2088 2216 2246 2269 trium
2298 2215 2592 2270 liberorum
2637 2214 2854 2279 sobole,
2896 2217 3067 2285 quiin
3118 2217 3344 2283 imperio
3377 2216 3425 2270 ei
3473 2231 3662 2270 succe-

2085 2310 2316 2372 derent,
2349 2309 2604 2362 excitata.
2641 2307 2694 2362 ln
2748 2309 2892 2362 hunc
2941 2309 3101 2378 igitur
3142 2308 3362 2364 modum
3405 2309 3661 2379 imperia-

2085 2400 2152 2454 lis
2199 2401 2437 2469 dignitas
2469 2415 2498 2454 a
2555 2410 2708 2470 patre
2745 2402 2962 2471 quidem
3011 2403 3326 2458 transmissa
3374 2403 3440 2456 ad
3484 2403 3659 2472 ipsum

2083 2492 2366 2561 pervenit;
2407 2491 2531 2558 jure
2564 2503 2742 2546 autem
2783 2502 2988 2545 naturae
3026 2492 3214 2546 liberis
3262 2506 3329 2546 ac
3377 2492 3661 2561 nepotibus

2083 2593 2324 2646 servata,
2387 2592 2443 2636 et
2495 2583 2549 2636 in
2601 2593 2916 2651 perpetuum
2968 2583 3224 2652 deinceps
3273 2593 3528 2652 tanquam
3567 2599 3662 2652 pa-

2087 2681 2238 2728 terna
2264 2674 2523 2742 {quaedam
2561 2675 2851 2730 liaereditas
2898 2685 3188 2746 prapagata
3235 2685 3338 2731 est.
3381 2679 3458 2731 Ac
3517 2675 3662 2730 Deus

2085 2765 2302 2834 quidem
2327 2765 2568 2833 ipse,qui
2597 2765 2966 2820 beatissimum
2986 2766 3131 2819 illum
3157 2767 3454 2837 principem
3489 2765 3663 2820 adhuc

2085 2857 2369 2911 nobiscum
2394 2857 2446 2910 in
2481 2857 2641 2912 terris
2673 2867 2921 2928 agentem
2945 2859 3140 2914 divinis
3169 2859 3468 2914 honoribus
3495 2858 3664 2913 subli-

2083 2950 2274 3013 mavit,
2294 2953 2651 3019 eumdemque
2682 2951 3002 3005 morientem
3027 2952 3223 3006 eximia
3255 2953 3489 3022 quadam
3520 2967 3661 3020 prae-

2086 3041 2333 3112 rogativa
2374 3041 2656 3111 dignitatis
2686 3045 2940 3110 ornavit,
2971 3045 3119 3098 solus
3149 3044 3274 3098 vita:
3328 3044 3473 3099 illius
3517 3045 3662 3099 scri-

403 3145 531 3205 ptor
573 3135 740 3192 fuerit
789 3135 1044 3200 idoneus;
1097 3135 1299 3206 quippe
1342 3135 1432 3205 qui
1480 3134 1773 3190 certamina
1831 3133 1976 3190 illius
2033 3146 2230 3203 resque
2270 3133 2530 3203 praeclare
2586 3145 2764 3203 gestas
2811 3135 2865 3189 in
2929 3135 3242 3191 caelestibus
3287 3136 3483 3191 tabulis
3525 3152 3656 3192 con-

406 3227 721 3286 secraverit.

935 3320 1332 3375 ΚΕΦΑΛΑΙΟΝ
1390 3321 1449 3373 ῐ’.

407 3410 547 3480 Περὶ
570 3409 679 3466 τοῦ
705 3411 800 3466 καὶ
825 3410 1160 3480 ἀναγκαίαν
1199 3405 1351 3464 εἶναι
1387 3408 1488 3463 καί
1509 3409 1840 3481 ψυχωφελῆ
1868 3409 1984 3480 τὴν

920 3481 1193 3547 ἱστορίαν
1220 3481 1469 3547 ταύτην.

489 3573 641 3644 Ἐμοὶ
669 3573 715 3626 δ’
744 3574 791 3626 εί
817 3573 910 3626 καὶ
934 3571 994 3625 τὸ
1021 3572 1197 3640 λέγειν
1223 3570 1442 3636 ὲπάξιόν
1468 3590 1520 3625 τι
1551 3571 1652 3643 τῆς
1674 3572 1766 3626 τοῦ
1795 3572 1984 3645 ἀνδρὸς

412 3665 808 3736 μακαριότητος
832 3663 1035 3734 ἄπορον
1073 3661 1348 3732 τυγχάνει,
1377 3662 1438 3715 τό
1478 3679 1536 3715 τε
1573 3666 1780 3734 σιωπᾷν
1809 3665 1986 3733 ἀσφα-

407 3757 515 3831 λὲςκ
545 3758 638 3810 καὶ
693 3755 995 3818 ἀκίνδυνον,
1049 3756 1198 3825 ὅμως
1242 3755 1556 3822 ἀναγκαῖον,
1613 3757 1840 3826 μιμήσει
1885 3757 1983 3826 τῆς

408 3848 632 3924 θνητῆς⁸
650 3845 1036 3916 σκιαγραφίας,
1085 3845 1182 3916 τὴν
1215 3845 1303 3898 διὰ
1332 3843 1504 3912 λόγων
1535 3845 1718 3899 εἰκόνα
1744 3846 1838 3899 τοῦ
1867 3846 1980 3900 θεο-

409 3936 596 4005 φιλοῦς
623 3935 898 3989 ἀναθεῖναι
933 3934 1144 4006 μνήμῃ,
1191 3933 1350 3987 ὄκνου
1384 3934 1476 3986 καὶ
1502 3933 1701 4004 ἀργίας
1731 3935 1984 4003 ἀφοσιου-

413 4029 604 4102 μένους
623 4026 730 4097 (28)
743 4026 909 4097 ἐγκλη
920 4043 1014 4096 μα.
1030 4025 1280 4096 Λίσχυνοί
1286 4042 1391 4096 μην
1407 4025 1513 4095 γὰρ
1529 4025 1592 4079 ἂν
1605 4025 1836 4096 ἐμαυτὸν
1849 4027 1981 4098 (29),

409 4123 457 4174 εί
485 4121 558 4191 μὴ
583 4119 650 4173 τὰ
681 4120 821 4172 κατά
868 4119 1116 4190 δύναμιν,
1149 4117 1251 4171 κᾶν
1286 4117 1498 4188 σμικρὰ
1593 4119 1763 4171 ταῦτα
1789 4120 1880 4172 καὶ
1902 4121 1985 4172 εὐ-

407 4211 558 4282 τελῆ,
589 4211 664 4281 τῷ
693 4210 963 4282 ὐπερΰολῇ
988 4209 1266 4272 εὐλαϐείας
1287 4209 1416 4262 Θεὸν
1439 4211 1752 4281 τετιμηκότι
1776 4229 1837 4263 συ
1846 4211 1985 4280 μεα-

409 4303 627 4374 λοῦμαι.
661 4299 826 4374 Οἶμαι
847 4303 902 4354 δὲ
929 4303 1023 4355 καὶ
1056 4301 1230 4364 ἄλλως
1264 4300 1522 4371 βιωφελὲς
1565 4303 1657 4356 καὶ
1690 4304 1983 4371 ἀναγκαῖον

412 4396 626 4450 ἔσεσθαί
689 4414 778 4468 μοι
830 4395 889 4448 τὸ
934 4394 1188 4466 γράμμα,
1238 4395 1642 4468 περιλαμϐάνον
1697 4397 1984 4468 βασιλικῆς

413 4487 760 4558 μεγαλονοίας
788 4486 1032 4559 πράξεις,
1062 4487 1179 4558 Θεῷ
1205 4487 1280 4558 τῷ
1302 4487 1634 4559 παμϐασιλεῖ
1659 4489 1984 4559 κεχαρισμέ-

418 4599 526 4644 νας.
551 4575 630 4633 Ἦ
655 4580 763 4651 γὰρ
808 4581 908 4634 οὐκ
943 4581 1184 4652 αἰσχρὸν,
1218 4580 1469 4652 Νέρωνος
1498 4581 1593 4650 μὲν
1625 4581 1722 4650 τὴν
1765 4581 1983 4650 μνήμην

417 4672 504 4726 καὶ
528 4671 632 4725 τῶν
678 4671 866 4726 τούτου
891 4671 1086 4742 μακρῷ
1115 4671 1369 4742 χειρόνων
1405 4670 1682 4725 δυσσεόὦν
1708 4688 1867 4724 τινων
1890 4671 1984 4723 καὶ

2712 3314 2938 3372 CAPUT
2967 3314 3038 3370 Χ.

2090 3407 2242 3474 Quod
2297 3408 2522 3462 historia
2581 3410 2692 3462 lucc
2756 3408 3083 3469 necessaria,
3121 3417 3172 3460 et
3228 3406 3300 3460 ad
3359 3407 3664 3473 formandas

2623 3493 2791 3531 mores
2841 3477 2989 3530 utilis
3045 3478 3131 3530 sit.

2157 3569 2270 3641 Ego
2293 3585 2421 3626 vero
2454 3569 2671 3624 tametsi
2718 3568 2850 3622 tanti
2888 3568 3106 3636 quidem
3149 3567 3250 3622 viri
3287 3568 3546 3624 felicitate
3577 3570 3662 3624 di-

2087 3677 2252 3731 gnum
2303 3663 2582 3733 quidpiam
2634 3664 2816 3718 dicere
2847 3657 3061 3716 difﬁcile
3099 3662 3384 3715 admodum
3425 3677 3546 3716 esse
3579 3663 3664 3716 in-

2085 3753 2348 3823 telligam,
2382 3754 2543 3809 silere
2575 3765 2753 3810 autem
2795 3766 2964 3811 tutum
2997 3771 3060 3810 ac
3109 3755 3352 3824 periculo
3384 3769 3617 3808 vacuum
3649 3775 3660 3810 :

2086 3845 2458 3900 necessarium
2516 3847 2874 3902 nihilominus
2923 3857 3054 3918 pulo
3109 3847 3663 3917 piissimilprincipis

2085 3936 2396 4006 imaginem,
2455 3939 2703 4008 exemplo
2763 3939 3008 3993 mortalis
3060 3939 3318 4008 pictum,
3373 3939 3662 3993 verborum

2087 4027 2360 4082 coloribus
2402 4042 2718 4097 expressam
2769 4030 2836 4084 ad
2883 4031 3271 4098 sempiternam
3319 4036 3660 4098 posterorum

2085 4123 2404 4175 memoriam
2452 4137 2802 4191 consecrare,
2852 4131 2910 4177 ut
2962 4123 3183 4177 desidiae
3240 4132 3404 4191 atque
3455 4123 3661 4177 inertia:

2086 4213 2291 4268 crimen
2320 4213 2478 4286 411
2509 4231 2540 4270 a
2575 4218 2732 4271 nobis
2762 4216 3118 4285 depellamus.
3145 4215 3226 4270 Me
3255 4216 3395 4270 enim
3416 4217 3660 4287 profecto

2086 4305 2312 4373 puderet
2338 4307 2440 4360 mei
2471 4307 2664 4375 ipsius,
2697 4308 2799 4362 nisi
2832 4323 3048 4363 omnem
3109 4322 3281 4361 meam
3336 4307 3657 4360 industriam

2085 4410 2149 4450 ac
2177 4395 2518 4460 facultatem,
2539 4397 2664 4452 licet
2687 4399 2974 4453 admodum
3007 4399 3139 4453 levis
3155 4399 3222 4452 sit
3252 4409 3413 4466 atque
3442 4398 3656 4467 exigua,

2086 4486 2138 4540 in
2196 4487 2339 4543 hunc
2389 4489 2478 4555 qui
2515 4489 2756 4543 divinum
2807 4489 3016 4544 Numen
3074 4505 3285 4543 summa
3313 4489 3657 4545 observantia

2089 4591 2375 4634 veneratus
2428 4589 2532 4644 est,
2565 4581 2892 4636 conferrem.
2943 4582 3048 4637 Sed
3095 4593 3152 4638 et
3201 4583 3268 4639 ad
3315 4596 3656 4637 communem

2091 4672 2374 4726 hominum
2415 4676 2580 4728 vitam
2610 4674 2764 4740 utile,
2792 4674 3033 4744 mihique
3061 4675 3115 4728 in
3161 4674 3354 4746 primis
3401 4688 3656 4729 necessa-

483 4827 595 4897 (26)
624 4824 745 4882 Εἶτ’
775 4830 847 4881 οὑ
878 4827 1101 4896 λόγοις.
1133 4825 1214 4879 Ab
1245 4827 1328 4882 bis
1368 4828 1550 4882 verbis
1578 4835 1739 4898 caput
1771 4829 1981 4883 orditur

2085 4829 2250 4882 Savil.
2277 4838 2330 4883 et
2362 4829 2525 4893 Fuk.,
2553 4829 2808 4883 scribitur
2839 4828 3280 4898 ἀφοσιουμένους.
3327 4829 3421 4885 Est
3477 4838 3655 4883 autem

415 4896 613 4966 Regius
669 4899 861 4959 codex,
909 4912 1066 4966 quem
1116 4911 1213 4950 nos
1267 4898 1498 4951 libenter
1541 4896 1710 4951 seculi
1770 4913 1976 4953 sumus.

412 4965 592 5021 Codex
618 4983 831 5036 quoque
858 4965 992 5020 Fuk.
1026 4966 1114 5036 qui
1146 4967 1370 5035 singulis
1389 4967 1657 5036 capitibus
1688 4982 1814 5023 suos
1851 4969 1979 5022 titu-

411 5036 494 5090 los
520 5035 658 5090 solet
686 5035 986 5106 prazligere,
1027 5035 1095 5087 ab
1134 5037 1320 5106 iisdem
1353 5037 1534 5091 verbis
1577 5046 1737 5105 caput
1764 5040 1980 5091 exordi-

415 5115 524 5160 tur.
553 5106 806 5160 Eamdem
839 5105 1072 5175 denique
1106 5105 1399 5176 sectionem
1424 5107 1600 5176 reperi
1627 5107 1678 5159 in
1709 5109 1980 5163 veteribus

417 5176 634 5230 scheilis
667 5176 1009 5230 bibliothecae
1041 5175 1239 5242 llegiaa.

485 5245 598 5313 (27)
631 5245 1116 5314 Κατορθωμάτων
1139 5244 1383 5310 ἄθλους.
1431 5244 1595 5298 Deest
1633 5259 1740 5314 Vox
1791 5245 1983 5300 ἀνατι-

414 5315 549 5378 θείς,
574 5328 736 5382 quam
767 5316 819 5368 in
853 5313 1032 5368 Hormi
1070 5313 1206 5367 libro
1231 5316 1296 5366 ad
1343 5316 1638 5383 marginem
1661 5313 1979 5382 'ascriptam

413 5385 620 5440 inveni.
651 5385 708 5436 In
731 5385 948 5438 schedis
977 5394 1153 5437 autem
1183 5383 1364 5451 Regiis
1398 5395 1520 5451 post
1545 5399 1730 5438 vocem
1761 5384 1976 5448 ἄθλους,

414 5457 531 5508 haec
559 5455 924 5526 addunturAad
949 5455 1266 5526 marginem,
1306 5455 1390 5515 εἰς
1427 5455 1672 5523 μακροὺς
1710 5455 1980 5526 ἐγχαράτ-

413 5541 522 5578 των
554 5523 775 5586 αίῶνας.
827 5523 958 5590 Quae
1009 5524 1252 5593 profecto
1301 5538 1643 5592 nequaquam
1692 5523 1979 5589 reﬁcienda

413 5594 546 5648 mihi
580 5595 850 5656 videntur,
880 5596 995 5649 sive
1011 5591 1088 5647 ex
1115 5591 1449 5659 conjectura,
1482 5591 1594 5645 Sive
1634 5609 1700 5646 ex
1744 5593 1850 5645 alio
1884 5610 1978 5646 co-

415 5667 548 5786 digeE
583 5663 899 5732 deprompta
925 5665 1052 5719 sint.
1079 5662 1264 5718 Codex
1290 5671 1472 5716 tamen
1502 5660 1640 5715 Fuk.
1671 5663 1834 5717 habet
1853 5665 1980 5717 ἀνα-

415 5751 462 5786 τῑ
499 5750 524 5785 ε
553 5750 598 5786 ς.

413 5750 598 5795 τιυεις.

485 5802 598 5872 (28)
645 5799 801 5873 Vulg.
883 5802 1378 5872 Ἇφωσιωμένους.
1443 5799 1503 5857 In
1563 5803 1716 5858 codd.
1791 5801 1980 5874 Regio,

2087 4900 2204 4969 lucc
2263 4902 2438 4955 oratio
2517 4900 2924 4969 σολοικοφανής.
2981 4898 3275 4969 Dicendum
3335 4901 3478 4954 enim
3541 4910 3658 4953 erat

2085 4968 2484 5040 ἀφοσιουμένῳ,
2518 4973 2566 5040 si
2601 4968 2890 5040 emendate
2915 4968 3059 5037 loqui
3087 4968 3365 5040 voluisset.
3399 4969 3456 5022 ln
3505 4977 3655 5022 vete-

2086 5040 2236 5091 ribus
2283 5038 2495 5094 schedis
2560 5039 2756 5108 legitur
2821 5038 3252 5110 ἀφωσιωμένου,
3315 5050 3369 5094 et
3433 5055 3516 5110 νῳ
3562 5053 3657 5093 su—

2085 5110 2444 5177 perscriptum
2469 5117 2570 5162 est.

2160 5176 2274 5248 (29)
2297 5174 2720 5247 Ἀὶονχυνοίμην
2759 5174 2867 5244 γὰρ
2897 5175 2973 5229 ἂν
3005 5176 3286 5248 ἐμαυτόν.
3329 5177 3442 5231 Vox
3482 5179 3657 5248 ἐμαυ-

2088 5245 2180 5300 τόν
2218 5245 2545 5316 transposita
2574 5245 2691 5301 esse
2723 5249 2960 5316 videtur,
2999 5257 3056 5316 et
3081 5245 3308 5316 inferius
3331 5245 3653 5316 collocanda

2089 5319 2190 5370 hoc
2227 5314 2409 5387 modo.
2437 5317 2793 5387 αἰσχυνοίμην
2845 5315 3072 5387 γὰρᾶν,
3100 5316 3148 5366 εί
3179 5315 3253 5387 μὴ
3285 5314 3356 5368 τὰ
3395 5316 3537 5370 κατὰ
3557 5317 3656 5386 τὴν

2085 5386 2325 5456 ἐμαυτοῦ
2378 5385 2628 5456 δύναμιν,
2686 5385 2790 5438 etc.
2845 5385 3012 5456 Paulo
3041 5395 3160 5451 post
3193 5385 3312 5452 lego
3359 5402 3426 5456 ex
3469 5385 3656 5456 codice

2086 5454 2221 5511 Fuk.
2252 5455 2346 5528 Τῷ
2367 5454 2947 5528 ὐπερϐολῇᾼεύλαϐείας
2975 5454 3472 5528 Θεὸνᾼτετιμηκότι,
3499 5455 3581 5528 vel
3609 5457 3654 5509 si

2087 5528 2244 5598 malis
2281 5524 2358 5598 τῷ
2387 5527 2454 5580 δι’
2478 5524 2808 5598 ὐπερϐολήγ.
2845 5526 2902 5578 ln
2932 5525 3443 5598 veteribusschedis
3462 5524 3656 5598 bibli_o_-

2085 5597 2258 5650 thecae
2280 5590 2458 5664 liegim
2481 5599 2565 5650 hic
2589 5590 2830 5649 locus'ita
2856 5595 3216 5664 supplelurad
3235 5596 3508 5664 marginen
3532 5609 3545 5644 :
3565 5590 3655 5660 Τῷ

2087 5661 2464 5737 πάνταςήμᾶς
2491 5667 2557 5718 δι’
2591 5665 2893 5737 ὑπερϐολὴν
2925 5661 3210 5737 εὐλαϐείας
3253 5661 3386 5714 Θεοῦ
3431 5677 3656 5732 τετιμη-

2090 5736 2225 5789 κότι.
2259 5735 2410 5802 Quod
2435 5735 2874 5805 equidcm'valde
2903 5736 3089 5803 probo.
