4210 6416
565 350 675 410 925

1271 352 1541 410 EUSEBII
1580 353 2063 412 CJESAPJENSIS
2099 355 2251 413 OPP.
2295 356 2481 412 PARS
2516 358 2557 411 l.
2597 388 2668 399 —
2705 352 3100 410 HISTORICA.

3724 344 3828 400 εει

569 469 710 525 rium
749 470 856 524 hoe
887 482 1022 539 opus
1048 468 1166 523 fore
1195 469 1431 536 confido,
1461 485 1568 537 quo
1600 472 2006 540 generosissimi
2030 473 2134 526 im-

2243 472 2414 526 ἀθέων
2439 473 2738 543 τυράννων,
2767 471 2978 525 ἀόκνων
3029 467 3323 539 εὐτυχῆσαι
3364 463 3744 536 συγγραφέων,
3776 464 3826 517 οἳ

569 562 836 630 peratoris
885 575 974 615 res
1029 568 1226 631 gestae,
1277 575 1490 614 summo
1530 563 1770 616 omnium
1826 562 2143 632 imperatori

573 655 679 708 Deo
719 661 993 720 acceptae,
1051 652 1610 720 comprehenduntur.
1667 651 1954 720 Quomodo
1999 654 2146 708 enim

571 754 726 813 turpe
749 758 856 798 non
877 743 1062 806 fuerit,
1092 743 1321 797 Neronis
1349 743 1568 811 quidem
1604 753 1658 799 et
1684 744 1913 800 aliorum
1955 746 2148 814 impio-

571 852 688 890 rum
713 847 1066 908 tyrannorum
1099 836 1190 904 qui
1219 835 1378 906 longe
1420 835 1509 890 illo
1555 837 1861 893 deteriores
1901 837 2144 904 fuerunt,

568 929 844 984 memoriae
880 944 987 984 non
1042 929 1284 984 defuisse
1335 928 1782 998 diligentissimos
1827 931 2144 1000 scriptores,

566 1022 658 1092 qui
699 1021 838 1075 mala
867 1029 1185 1090 argumenta
1230 1020 1464 1092 eleganti
1501 1036 1754 1077 sermone
1795 1033 2146 1088 exornantos,
2185 1021 2196 1029 '

568 1109 874 1167 numerosis
923 1112 1277 1167 historiarum
1313 1111 1678 1167 voluminibus
1731 1113 2144 1169 condiderunt:

567 1218 666 1259 nos
700 1217 830 1258 vero
859 1202 1043 1267 silere,
1063 1204 1262 1273 quibus
1291 1205 1433 1257 Deus
1467 1203 1735 1272 ejusmodi
1764 1203 2146 1274 imperatorem

567 1296 781 1364 qualem
810 1296 955 1351 nulla
987 1311 1227 1365 unquam
1251 1305 1382 1349 aetas
1413 1296 1547 1350 vidit
1586 1296 1846 1358 nancisci,
1871 1295 2002 1350 etin
2033 1295 2148 1364 ejus

567 1398 939 1457 conspectum,
955 1389 1200 1442 notitiam
1215 1402 1278 1442 ac
1290 1387 1617 1455 colloquium
1635 1388 1918 1458 pervenire
1930 1400 2151 1442 conces-

567 1481 662 1534 sit?
685 1479 1046 1546 Quamobrem
1081 1479 1125 1534 si
1163 1479 1412 1547 cuiquam
1441 1479 1627 1544 alteri,
1663 1479 1819 1533 nobis
1845 1488 1992 1540 certe
2010 1495 2149 1549 pra:-

567 1572 724 1641 cipue
753 1570 1030 1635 convenit,
1052 1579 1111 1624 ut
1143 1579 1222 1624 tot
1251 1585 1315 1625 ac
1334 1579 1484 1624 tanta
1509 1584 1627 1638 quae
1653 1569 1959 1623 audivimus
1981 1570 2144 1633 bona,

568 1661 990 1727 iisnuntiemus,
1039 1677 1275 1730 quorum
1334 1669 1543 1715 mentes
1595 1661 1863 1714 bonorum
1919 1675 2146 1728 operum

565 1749 812 1818 exemplo
840 1751 904 1802 ad
933 1763 1172 1804 amorem
1195 1749 1286 1803 Dei
1314 1751 1646 1804 excitantur.
1674 1748 1888 1818 Quippe
1909 1749 1998 1804 alii
2028 1750 2150 1818 qui-

567 1842 686 1892 dem
715 1841 879 1894 vitam
902 1839 1181 1894 hominum
1222 1841 1444 1895 minime
1477 1841 1744 1912 gravium,
1772 1851 1828 1896 et
1849 1857 1938 1896 res
1965 1850 2145 1909 gestas
2177 1818 2220 1874 Β

568 1931 634 1984 ad
667 1946 877 1984 morum
912 1932 1347 1987 emendationem
1377 1947 1607 2004 prorsus
1635 1933 1881 2000 inutiles,
1909 1941 2002 1987 aut
2027 1948 2146 2003 gra-

568 2020 674 2081 tia,
726 2029 820 2073 aut
856 2021 980 2075 odio
1036 2022 1419 2090 quorumdam,
1469 2031 1562 2077 aut
1607 2023 1674 2076 ad
1719 2023 1982 2078 doctrina:
2032 2039 2144 2078 suae

561 2110 980 2164 ostentationem
1011 2112 1254 2168 scribere
1277 2109 1546 2180 aggressi,
1577 2112 2017 2182 turpissimorum
2048 2113 2144 2167 t‘ia-

562 2202 816 2268 gitiorum
839 2202 1210 2257 narrationem
1243 2202 1534 2273 magnifico
1565 2204 1858 2258 verborum
1883 2214 2141 2274 apparatu

560 2295 717 2350 aliter
743 2310 905 2364 quam
935 2295 1116 2350 decuit
1163 2295 1610 2365 amplificarunt,
1646 2296 1713 2350 iis
1757 2297 1848 2364 qui
1881 2297 2140 2366 singulari

561 2389 653 2444 Dei
678 2388 940 2443 beneficio
968 2387 1230 2441 malorum
1258 2397 1510 2456 expertes
1535 2386 1766 2453 fuerant,
1785 2390 2138 2457 pessimorum

557 2495 782 2550 operum
805 2488 858 2533 et
893 2494 1014 2548 qua:
1056 2478 1330 2535 oblivione
1358 2494 1423 2534 ac
1454 2481 1690 2534 tenebris
1719 2480 1914 2534 involvi
1942 2481 2139 2538 debue-

561 2582 702 2638 rant,
730 2573 1016 2638 magistros
1044 2585 1101 2625 se
1124 2571 1444 2639 praebentes.
1476 2571 1559 2625 -At
1596 2571 1751 2627 nobis
1792 2572 1970 2628 oratio
2015 2575 2137 2643 qui-

2245 564 2310 635 δὴ
2363 563 2581 632 φαύλων
2631 563 2915 626 ὑποθέσεις
2967 560 3259 633 δραμάτων
3317 558 3583 630 ἑρμηνείᾳ
3641 557 3825 627 κομψῇ

2245 654 2702 718 καλλωπίσαντες,
2727 652 3063 717 πολυϐίϐλοις
3087 651 3354 722 ἀνέθηκαν
3383 649 3665 720 ἱστορίαις,
3682 648 3830 719 ἡμᾶς

2246 745 2302 798 δὲ
2337 745 2687 815 σιωπᾷν,.οὒς
2715 746 2847 808 Θεὸς
2885 745 3046 808 αὐτὸς
3080 742 3318 812 τοσούτῳ
3344 741 3687 811 συγκυρῆσαι
3728 739 3826 808 βα-

2249 837 2407 900 σιλεῖ,
2434 832 2545 890 οἷον
2561 839 2590 890 ό
2612 838 2832 908 σύμπας
2855 838 2953 907 οὐχ
2983 836 3264 907 ἱστόρησεν
3295 832 3429 888 αἰὼν
3450 832 3582 903 (50),
3609 832 3688 894 είς
3705 830 3829 900 ὄψιν

2246 946 2306 980 τε
2337 928 2431 982 καὶ
2446 929 2646 997 γνῶσιν
2669 928 2855 993 αὑτοῦ,
2895 929 2991 982 καὶ
3012 926 3228 998 ὁμιλίαν
3257 925 3428 984 ἐλθεῖν
3453 922 3789 993 κατηξίωσεν
3809 938 3828 987 ;

2247 1019 2339 1071 Διὸ
2361 1020 2626 1090 προσήκοι
2653 1019 2761 1090 (51)
2795 1017 2861 1072 ἂν
2891 1018 2946 1071 εῐ
2973 1035 3113 1072 τισιν
3135 1016 3334 1080 ἄλλοις,
3352 1016 3447 1070 καὶ
3475 1016 3604 1085 ἡμῖν
3620 1014 3826 1080 αὐτοῖς,

2247 1108 2466 1177 ἀγαθῶν
2488 1109 2716 1178 άφβονον
2765 1109 2932 1180 ἀκοὴν
2961 1109 3250 1180 κηρύττειν
3298 1107 3521 1172 ἅπασιν,
3548 1100 3630 1170 οἷς
3654 1107 3689 1178 ἡ
3719 1106 3830 1159 τῶν

2247 1201 2428 1255 καλῶν
2455 1202 2688 1272 μίμησις
2726 1203 2862 1273 πρὸς
2906 1201 3000 1266 τὸν
3038 1200 3180 1254 θεῖον
3228 1199 3416 1272 ἔρωτα»
3447 1199 3706 1270 διεγείρει
3736 1198 3833 1252 τὸν

2247 1293 2431 1348 πόθον.
2463 1295 2526 1346 Oi
2551 1294 2648 1363 μὲν
2676 1293 2785 1364 γὰρ
2817 1293 2926 1362 (52)
2959 1292 3106 1362 βίους
3133 1290 3342 1363 ἀνδρῶν
3376 1291 3438 1344 οὐ
3475 1290 3706 1360 σεμνῶν,
3734 1290 3831 1343 καὶ

2248 1386 2475 1456 πράξεις
2501 1386 2638 1457 πρὸς
2663 1384 2810 1455 ἠθῶν
2852 1383 3132 1454 βελτίωσιν
3159 1382 3514 1449 ἀλυσιτελεϊς,
3543 1383 3727 1454 χάριτι
3758 1385 3827 1452 τῇ

2247 1479 2382 1549 πρός
2411 1496 2562 1542 τινας
2588 1478 2622 1547 ἢ
2655 1477 2940 1548 ἀπεχθείᾳ,
2969 1477 3108 1550 τάχα
3138 1475 3195 1530 δέ
3219 1493 3320 1530 που
3345 1476 3440 1528 καὶ
3464 1474 3600 1546 πρὸς
3631 1473 3830 1537 ἐπίδει-

2246 1569 2329 1636 ξιν
2387 1569 2486 1640 τῆς
2556 1586 2707 1638 σφων
2767 1567 2946 1621 αὐτῶν
3000 1563 3334 1631 παιδεύσεως
3394 1567 3825 1636 συναγαγόντες,

2247 1659 2444 1729 κόμπῳ
2503 1658 2763 1730 ῥημάτων
2809 1655 3157 1724 εὐγλωττίας,
3210 1656 3450 1727 αίσχρῶν
3485 1656 3828 1727 πραγμάτων

2248 1751 2552 1822 ύφηγήσεις
2579 1751 2680 1802 οὐκ
2718 1751 2796 1812 εἰς
2819 1748 2938 1802 δέον
2967 1747 3437 1819 ἐξετραγῴδησαν,
3480 1750 3593 1811 τοῖς
3623 1747 3698 1819 μὴ
3731 1765 3817 1818 με⁹

2247 1844 2467 1909 τασχείν
2517 1839 2626 1893 τῶν
2657 1840 2843 1894 κακῶν
2892 1839 3033 1893 κατὰ
3072 1839 3204 1894 Θεὸν
3239 1840 3619 1910 εὐτυχήσασιν,
3650 1838 3828 1910 ἔργων

2246 1934 2346 1986 ούκ
2399 1931 2640 2000 ἀγαθῶν,
2676 1931 2811 1985 άλλά
2830 1931 2966 2003 λήθῃ
2996 1933 3090 1984 καὶ
3114 1932 3289 1995 σκότῳ
3317 1931 3619 1985 σιωπᾶσθαι
3662 1931 3828 1995 ἀξίων

2246 2023 2551 2077 διδάσκαλοι
2578 2023 2965 2086 καταστάντες.
3009 2023 3161 2092 Ἐμοὶ
3179 2023 3235 2076 δὲ
3263 2025 3291 2076 ό
3318 2023 3415 2094 μὲν
3442 2023 3543 2092 τῆς
3573 2024 3825 2094 φράσεως

2246 2115 2421 2184 λόγος,
2467 2116 2516 2168 εί
2562 2115 2817 2185 καὶπρὸς
2855 2115 2915 2169 τὸ
2960 2115 3185 2186 μέγεθος
3213 2117 3314 2185 τῆς
3350 2116 3460 2169 τῶν
3484 2115 3828 2187 δηλουμένων

2245 2208 2536 2277 ἐμφάσεως
2558 2208 2850 2273 ἐξασθενεῖ,
2881 2208 3222 2279 φαιδρύνοιτο
3249 2207 3380 2276 γοῦν
3407 2209 3556 2278 ὅμως
3575 2208 3670 2260 καὶ
3695 2206 3825 2279 ψιλῇ

2244 2303 2314 2372 τῇ
2338 2300 2447 2353 τῶν
2475 2299 2695 2368 ἀγαθῶν
2720 2301 2970 2371 πράξεων
2986 2301 3296 2373 ἀπαγγελίᾳ
3325 2300 3457 2371 (55)·
3485 2302 3518 2370 ἡ
3544 2300 3688 2368 δέ’γε
3713 2300 3827 2352 τῶν

2247 2377 2508 2460 θεοφιλῶν
2529 2392 2880 2461 διηγημάτων
2921 2392 3226 2463 ὑπόμνησις
3251 2393 3350 2445 οὐκ
3383 2393 3658 2462 ἀνόνητον,
3689 2390 3825 2445 ἀλλά

2243 2483 2338 2534 καὶ
2366 2482 2569 2554 σφόδρα
2597 2482 2836 2552 βιωφελῆ
2872 2486 2982 2547 τοῖς
3026 2483 3126 2554 τὴν
3165 2483 3341 2554 ψυχὴν
3382 2478 3452 2536 εὖ
3481 2498 3810 2555 παρεσκευαι

2245 2574 2462 2644 σμένοις
2500 2576 2768 2645 ποριεῖται
2797 2574 2898 2643 τὴν
2930 2574 3185 2640 ἔντευξιν.

558 2667 680 2718 dem
708 2666 820 2734 ipsa
861 2665 1108 2734 quamvis
1150 2664 1385 2734 suscepti
1446 2666 1627 2732 operis
1693 2666 2050 2736 magnitudini
2106 2681 2332 2736 prorsus
2372 2668 2548 2736 impar
2577 2670 2678 2736 sit,
2711 2668 2824 2724 sola
2868 2677 3048 2724 tamen
3084 2667 3572 2737 pulcherrimorum
3617 2665 3818 2722 facino-

559 2772 678 2810 rum
724 2756 1034 2810 narratione
1074 2756 1332 2811 illustrari
1375 2771 1533 2825 posse
1582 2757 1810 2812 videtur.
1852 2758 1973 2827 Ipsa
2020 2775 2150 2816 vero
2189 2776 2410 2831 operum
2448 2764 2556 2817 Deo
2603 2769 2948 2830 acceptorum
2991 2759 3459 2825 commemoratio,
3522 2759 3588 2814 iis
3641 2759 3826 2828 utique

558 2848 649 2916 qui
682 2849 918 2904 animum
947 2857 1092 2904 recte
1119 2859 1488 2918 comparatum
1514 2850 1840 2918 habuerint,
1873 2866 1979 2907 non
2002 2853 2247 2909 inutilem
2267 2856 2362 2910 sed
2402 2855 2458 2910 in
2507 2855 2695 2925 primis
2721 2853 3050 2908 fructuosam
3093 2852 3390 2907 lectionem
3412 2853 3700 2922 praebitura
3718 2863 3822 2908 est.

1169 3026 1396 3084 CAPUT
1436 3029 1529 3084 Xl.

559 3137 713 3203 Quod
737 3139 848 3194 sola
864 3141 1196 3195 Constantini
1218 3152 1362 3224 gesta
1382 3144 1588 3224 quaead
1603 3145 1850 3215 pietatem
1872 3147 2137 3214 pertinent

1120 3222 1441 3266 narraturus
1475 3222 1564 3268 sit.

625 3316 812 3387 Itaque
877 3319 1272 3390 quamplurima
1309 3322 1413 3377 alia
1455 3339 1576 3394 quae
1615 3327 1681 3381 de
1738 3327 1840 3381 hoc
1892 3326 2139 3397 principe

555 3409 763 3462 narrari
801 3417 1024 3478 possunt
1057 3427 1071 3462 :
1111 3411 1395 3467 conflictus
1444 3423 1500 3468 et
1542 3416 1752 3484 prarlia,
1784 3416 1950 3472 fortia
1998 3416 2134 3471 faci-

555 3513 688 3553 nora
734 3509 894 3568 atque
924 3502 1224 3568 victorias,
1259 3511 1460 3574 trOpaca
1491 3519 1556 3558 ac
1591 3507 1897 3575 triumphos
1932 3507 1999 3560 de
2037 3507 2140 3560 ho-

555 3590 726 3645 stibus
759 3602 973 3661 partos,
1018 3603 1073 3648 et
1106 3610 1227 3665 qua:
1255 3607 1516 3665 praeterea
1549 3598 1616 3652 ad
1649 3597 1984 3669 singulorum
2032 3600 2138 3655 uti-

557 3681 768 3735 litatem
803 3684 871 3738 ab
899 3698 966 3740 eo
994 3675 1296 3741 constituta.
1317 3696 1477 3753 sunt;
1521 3687 1665 3759 leges
1689 3691 1754 3743 ad
1797 3691 2135 3745 subditorum

553 3769 719 3843 412
750 3781 807 3826 et
830 3774 1135 3844 reipublicae
1163 3778 1504 3833 commodum
1534 3778 1673 3834 latas
1697 3795 1713 3845 ;
1741 3779 1878 3835 alios
1901 3780 2138 3850 denique

555 3865 816 3934 plurimos
843 3866 1180 3938 principatus
1221 3869 1439 3927 labores
1469 3871 1536 3926 ab
1584 3886 1650 3927 eo
1679 3873 2006 3938 exantlatos,
2044 3873 2136 3942 qui

557 3956 610 4009 in
648 3957 887 4011 omnium
921 3973 1019 4014 ore
1052 3973 1116 4014 ac
1151 3961 1412 4016 memoria
1462 3971 1770 4027 versantur,
1806 3973 2138 4033 praetereun-

556 4048 653 4102 dos
682 4047 810 4103 mihi
841 4065 986 4104 nunc
1029 4064 1150 4105 esse
1184 4052 1424 4108 arbitror
1457 4069 1470 4106 :
1497 4054 1696 4122 quippe
1729 4068 1853 4106 cum
1905 4054 2136 4108 instituti

553 4141 734 4207 operis
771 4151 1149 4211 argumentum
1184 4141 1474 4197 admoneat
1523 4158 1630 4208 me,
1669 4151 1729 4197 ut
1770 4158 1833 4198 ea
1876 4144 1990 4199 sola
2017 4160 2138 4216 quae

557 4231 622 4285 ad
651 4231 741 4285 Dei
782 4232 984 4285 cultum
1019 4232 1313 4302 pertinent,
1352 4233 1580 4290 dicendo
1603 4249 1666 4289 ac
1693 4236 1991 4291 scribendo
2017 4252 2137 4306 per-

556 4338 768 4392 sequar.
799 4323 1064 4379 Caeterum
1118 4341 1239 4380 cum
1282 4327 1395 4382 haec
1441 4327 1556 4397 ipsa
1592 4343 1817 4382 numero
1844 4344 1982 4398 pene
2014 4330 2138 4384 inii-

2769 3033 3166 3087 ΚΕΦΑΛΑΙΟΝ
3196 3033 3298 3085 IA'.

2243 3147 2359 3202 Ὅτι
2374 3151 2568 3219 μόνας
2591 3148 2662 3202 τὰ
2684 3169 2698 3184 ι
2719 3146 3183 3219 Κωνσταντίνοι)
3221 3145 3339 3200 νῦν
3359 3145 3682 3212 ιστόρησεν
3702 3147 3802 3198 θεο

2774 3218 2969 3288 φιλεῖς
3011 3216 3280 3284 πράξεις.

2307 3332 2389 3386 Τὰ
2420 3333 2518 3404 μὲν
2539 3327 2631 3388 οὖν
2655 3333 2881 3387 πλεῖστα
2904 3333 2997 3386 καὶ
3019 3331 3272 3402 βασιλικὰ
3299 3330 3392 3384 τοῦ
3421 3330 3823 3404 τρισμακαρίου

2238 3426 2554 3498 διηγήματα
2593 3425 2727 3497 (54),
2760 3424 3036 3496 συμὸολάς
3069 3442 3129 3478 τε
3174 3423 3271 3477 καὶ
3311 3424 3643 3494 παρατάξεις
3673 3421 3826 3476 πολέ-

2242 3535 2378 3589 μων,
2419 3518 2700 3588 ἀριστείας
2732 3534 2792 3570 τε
2844 3518 2937 3570 καὶ
2978 3516 3155 3579 νίκας,
3186 3516 3280 3568 καὶ
3311 3515 3547 3588 τρόπαια
3577 3513 3644 3568 τὰ
3703 3515 3824 3566 κατ’

2240 3609 2469 3682 ἐχθρῶν,
2504 3608 2801 3681 θριάμϐους
2835 3626 2893 3661 τε
2929 3609 3160 3671 ὁπόσους
3192 3608 3387 3678 ἤγαγε,
3423 3608 3491 3661 τά
3514 3624 3574 3658 τε
3601 3605 3736 3678 πρὸς
3762 3605 3824 3657 τὸ

2241 3698 2519 3770 συμφέρον
2560 3698 2787 3752 ἑκάστου
2836 3698 3189 3770 διωρισμένα,
3239 3697 3418 3769 νόμων
3446 3714 3506 3750 τε
3528 3696 3820 3763 διατάξεις,

2237 3789 2304 3855 ἃς
2327 3793 2421 3845 ἐπὶ
2445 3789 2750 3861 λυσιτελείᾳ
2775 3791 2873 3862 τῆς
2901 3789 3009 3844 τῶν
3036 3791 3355 3861 ἀρχομένων
3383 3788 3658 3852 πολιτείας
3704 3805 3824 3841 συν-

2239 3883 2512 3946 ετάττετο,
2544 3883 2828 3946 πλείστους
2862 3884 2910 3934 τ’
2932 3882 3126 3945 ἀλλους
3167 3881 3460 3952 βασιλικῶν
3490 3879 3665 3933 ἄθλων
3683 3877 3824 3947 ἀγῶ-

2238 3994 2356 4040 νας,
2383 3977 2509 4039 τοὺς
2539 3975 2597 4028 δὲ
2635 3973 2787 4045 παρὰ
2813 3977 2926 4038 τοῖς
2947 3975 3080 4028 πᾶσι
3127 3971 3653 4044 μνημονευομένους,
3681 3987 3826 4040 παρ-

2239 4069 2392 4140 ήσειν
2423 4085 2513 4138 μοι
2540 4065 2702 4132 δοκῶ,
2734 4065 2827 4120 τοῦ
2867 4065 2966 4136 τῆς
3003 4065 3368 4136 προκειμένης
3399 4067 3532 4136 ἡμῖν
3562 4080 3822 4134 πραγμα-

2237 4157 2387 4220 τείας
2418 4154 2619 4210 σκοποῦ
2649 4155 2785 4226 μόνα
2814 4155 2883 4209 τὰ
2916 4156 3054 4228 πρὸς
3080 4158 3170 4210 τὸν
3201 4155 3424 4226 θεοφιλῆ
3480 4155 3821 4209 συντείνοντα

2242 4249 2354 4320 βίον
2373 4249 2552 4318 λέγειν
2583 4266 2644 4302 τε
2675 4247 2770 4301 καὶ
2801 4248 3034 4316 γράφειν
3067 4247 3480 4310 ύποϐἀλλοντος.
3517 4247 3744 4316 Μυρίων
3772 4246 3819 4299 δ’

2241 4341 2382 4393 ὅσων
2408 4340 2574 4393 ὄντων
2599 4339 2694 4392 καὶ
2728 4337 2952 4403 τούτων,
2978 4338 3049 4391 τά
3078 4337 3414 4410 καιριώτατα
3446 4338 3674 4399 καὶτοῖς
3701 4337 3821 4406 μεθ’

556 4413 666 4466 uita
698 4414 846 4481 sint,
874 4428 940 4467 ex
976 4415 1042 4470 iis
1075 4429 1193 4485 quae
1215 4417 1281 4470 ad
1313 4417 1562 4472 notitiam
1603 4428 1844 4473 nostram
1877 4435 2133 4489 pervene-

2243 4389 2386 4502 ira,
2414 4389 2905 4502 gigantis...
2939 4389 3062 4480 an.
3081 4389 3188 4490 ’.ις
3220 4389 3368 4498 alia;
3383 4389 3671 4479 ἰλθδνέωκὶ
3691 4389 3824 4478 ἀνα-

559 4505 1176 4573 runt,opportunissima
1197 4511 1704 4578 quaeque-duntaxat
1729 4551 1744 4576 ,
1785 4521 1839 4566 et
1880 4521 2130 4582 postero-

2243 4517 2550 4588 λεξάμενος,
2583 4516 2789 4570 τούτων
2813 4515 2995 4570 αὐτῶν
3013 4517 3089 4580 ὡς
3121 4512 3232 4569 οἷόν
3259 4533 3318 4569 τε
3349 4514 3435 4568 διά
3469 4514 3821 4587 βραχυτάτων

559 4612 674 4650 rum
730 4601 989 4655 memoria
1041 4600 1356 4670 dignissima
1410 4605 1686 4677 seligens,
1737 4620 1895 4674 quam
1941 4613 2129 4674 potero

2243 4609 2537 4680 ἐκθήσομαι
2567 4607 2666 4678 τὴν
2694 4608 2992 4678 ὑφήγησιν·
3046 4606 3142 4660 τοῦ
3176 4606 3369 4678 καιροῦ
3400 4605 3584 4659 λοιπὸν
3612 4605 3822 4676 ἐπιτρέ-

557 4689 872 4747 brevissime
910 4707 1176 4762 exponam
1198 4695 1506 4776 :.siquidem
1536 4707 1746 4769 tempus
1785 4700 1958 4768 ipsum
1989 4701 2131 4755 hanc

2243 4716 2430 4763 ποντος
2483 4697 2778 4762 ἀκωλύτως
2810 4697 3092 4762 παντοίαις
3122 4699 3326 4768 φωναῖς
3364 4698 3457 4752 τὸν
3483 4681 3562 4761 ὡς’
3603 4697 3819 4769 ἀληθῶς

557 4778 809 4852 deinceps
855 4782 1129 4840 licentiam
1177 4787 1334 4842 nobis
1387 4788 1672 4856 concedit,
1723 4799 1780 4843 ut
1829 4789 2129 4845 beatissimi

2243 4788 2510 4861 μακάριον
2541 4791 2818 4860 άνυμνείν,
2855 4791 2937 4842 ὅτι
2973 4789 3049 4860 μὴ
3075 4788 3233 4843 τοῦτο
3267 4788 3529 4859 πράττειν
3554 4789 3683 4860 ἐξῆν
3712 4787 3821 4858 πρὸ

2308 4947 2420 5015 (54)
2461 4943 2570 4999 Τοῦ
2601 4946 3029 5015 τρισμακαρίου
3061 4945 3413 5015 διηγήματα.
3453 4944 3508 4999 In
3543 4945 3820 5000 veteribus

2235 5017 2911 5087 schedissuperscriptum
2945 5025 3027 5070 est
3042 5017 3508 5087 στρατηγήματα,
3533 5016 3816 5087 quodnon

2235 5088 2428 5154 probo.
2454 5085 2588 5139 Nam
2617 5086 2882 5140 Eusebius
2914 5087 3016 5140 hoc
3039 5084 3161 5140 loco
3197 5084 3422 5154 opponit
3449 5087 3520 5139 τά
3562 5084 3819 5155 βασιλικά

591 4938 881 5020 ,Ψωφὶς
914 4942 1249 5020 ἱστόρησεν-
1269 4944 1432 5002 αἰών.
1468 4947 1526 5003 In
1559 4948 1748 5004 codice
1789 4947 1959 5020 Regio
1988 4947 2128 5004 scri-

553 5008 708 5087 bitur
723 5008 1119 5087 ἰούχλίστόρησε
1154 5015 1361 5087 χρόνος.

625 5080 741 5149 (51)
774 5081 872 5136 Διὸ
901 5080 1215 5153 «perimat.
1267 5087 1348 5138 Ab
1396 5085 1483 5141 his
1548 5085 1731 5140 verbis
1777 5099 1898 5153 cap.
1946 5085 2006 5137 Η
2048 5084 2128 5138 ἰη-

553 5149 948 5228 choantcodd.
993 5149 1996 5228 Iiegius_et_Fuk.etschedazlietriie.
2108 5222 2121 5228 _
2232 5149 2544 5228 διηγήματα
2631 5156 3014 5228 Constantini,

623 5221 976 5296 (521mm
1010 5221 1140 5294 γάρ.
1179 5225 1490 5294 Scriptores
1548 5225 1668 5280 illos
1718 5225 1984 5294 intelligit,
2031 5222 2122 5294 qui
2234 5221 2490 5296 pa'ai,'ut
2517 5235 2666 5295 patet
2701 5241 2766 5280 ex
2805 5226 2910 5279 fine
2956 5227 3250 5294 superioris
3279 5221 3493 5294 capitis.
3542 5226 3607 5279 Et
3641 5221 3820 5296 regios

552 5288 782 5366 Neronis
805 5288 1120 5366 etalior'ui'n
1174 5288 1526 5366 tyrannorum
1559 5309 1659 5366 res
1702 5288 2126 5363 gestas'menio-
2230 5288 2448 5365 quidem
2481 5288 2635 5351 actus
2682 5299 2846 5350 aitse
2869 5288 3122 5351 consilto
3174 5288 3617 5364 praetermittere.
3668 5288 3820 5360 Q'uos

556 5361 648 5435 [ire
685 5363 1094 5428 mandaverant,
1129 5361 1425 5432 de'quilms
1452 5365 1609 5435 paulo
1635 5361 1762 5418 ante
1788 5366 1997 5418 locutus
2024 5374 2126 5418 est.
2231 5361 2446 5435 quidem
2472 5366 2728 5420 bifariam
2749 5367 2965 5432 dividit,
3017 5367 3071 5420 in
3104 5361 3328 5421 bellicos
3373 5367 3584 5421 scilicet
3624 5372 3678 5418 et
3721 5380 3820 5432 pa-

555 5432 719 5506 ljecte
752 5447 892 5506 ergo
925 5432 1653 5506 Christophorsonus‘vertit
1682 5454 1695 5490 :
1740 5451 1865 5488 nam
1893 5435 1993 5497 illi,
2022 5444 2127 5487 etc.
2233 5432 2333 5494 eis.
2360 5437 2520 5490 Solos
2542 5451 2672 5491 vero
2699 5437 2802 5491 sibi
2836 5435 3096 5491 dicendos
3119 5437 3374 5506 proponit
3403 5447 3557 5491 actus
3581 5450 3699 5506 eos,
3723 5435 3816 5506 qui

552 5500 983 5576 Portesius‘vero
1010 5500 1604 5576 initerpretatueram
1627 5505 2131 5575 aliiquidem,etc.,
2233 5507 2300 5560 ad
2356 5507 2674 5576 religionem
2717 5508 3013 5576 pertinent.
3066 5500 3236 5560 Porro
3273 5509 3326 5560 in
3357 5507 3574 5560 schedis
3624 5500 3816 5573 Regiis

551 5573 1083 5648 ιιιιιῃῌιξῃίρειιιξεῑ.⁸
1340 5645 1348 5648 _
1476 5643 1523 5648 __
1599 5644 1611 5648 _
1991 5643 2002 5648 -

2243 5587 2358 5648 post.
2383 5573 2544 5631 verba
2599 5577 2689 5648 illa
2720 5573 3035 5648 θριάμϐους
3062 5593 3120 5628 τε
3164 5577 3396 5640 ὁπόσους
3443 5578 3644 5648 ἤγαγε,
3698 5576 3816 5648 haec

623 5643 739 5718 (55)
796 5641 978 5718 Vulg,
1058 5641 1444 5718 ένθτιιιξνγιελίίλι.Δ
1476 5643 1646 5718 Magis
1713 5644 1900 5718 placet
1956 5643 2123 5698 altera

2243 5641 2505 5718 adduntur
2544 5647 2628 5718 ad“
2660 5641 2982 5718 marginem,
3025 5648 3095 5718 τά
3139 5665 3196 5700 τε
3229 5649 3347 5701 κατ’
3405 5641 3637 5718 είρῆνην
3668 5642 3818 5718 αὑτῷ

553 5710 727 5788 lectio
757 5710 924 5781 quam
968 5710 1331 5788 ingvet_eri:bus
1361 5710 1589 5788 schedis
1633 5710 1831 5784 inveni,
1881 5717 2124 5788 ἀπαγγε-

2243 5717 2372 5788 πρὸς
2415 5717 2514 5787 τὴν
2533 5715 2668 5788 ἑτῶν
2723 5710 2922 5788 κοῖνῶν-
2957 5716 3260 5788 διόρθωσιν,
3319 5710 3470 5788 πρός
3505 5710 3565 5769 τε
3586 5710 3597 5715 ’
3618 5710 3820 5783 συμφὲ-

551 5779 657 5852 λιᾳ.
688 5782 759 5835 ita
777 5779 932 5838 certe
954 5785 1107 5839 codd.
1141 5784 1289 5840 ιιύιυ
1309 5797 1363 5842 et
1394 5783 1600 5841 Savilit.
1818 5779 1828 5784 ⁷
1924 5785 1927 5788 ’
2009 5779 2018 5783 ⁷
2045 5779 2055 5784 ⁷
2241 5779 2361 5859 ρον,
2382 5779 2487 5841 ε·ιεί
2521 5786 2652 5853 Quae
2683 5787 2814 5841 mihi
2839 5779 3092 5842 videntur
3129 5779 3254 5844 esse
3275 5779 3457 5858 proba:
3483 5797 3671 5857 uota.

3089 5159 3202 5219 τοῖς
3273 5155 3576 5227 θεοφιλέσιη
3622 5156 3820 5225 διηγή-
3902 5160 3920 5180 ’
