4210 6442
450 398 557 453 925

1536 401 1627 458 DE
1662 403 1827 459 VITA
1862 403 2327 462 CONSTANTINI
2364 406 2495 464 LIB.
2532 406 2576 462 1.

3599 411 3703 468 928

452 514 645 569 τούτου
672 513 750 586 τῷ
778 515 851 587 μὴ
880 518 1201 589 μακαρίζειν
1223 519 1335 590 (35)
1354 519 1519 593 ἄνδρα
1535 522 1640 592 πρὸ
1659 522 1914 592 τελευτῆς
1941 522 2028 577 διὰ
2054 577 2058 588 ,

2133 524 2394 594 principis
2422 523 2609 579 laudes
2627 522 2831 593 quovis
2857 522 3122 580 orationis
3140 537 3341 593 genere
3365 523 3537 581 libere
3562 541 3702 596 pra:-

452 608 624 679 τὸτῆς
648 608 742 662 τοῦ
769 609 883 680 βίου
911 612 1117 682 τροπῆς
1160 612 1352 684 ἄδηλον
1398 614 1791 685 παρηγγέλθαι.
1820 612 2025 685 Κεκλή-

455 697 569 752 σθω
616 698 674 752 δὲ
725 700 858 764 Θεὸς
922 701 1134 772 βοηθὸς,
1187 703 1437 775 οὐράνιός
1480 720 1542 756 τε
1585 704 1846 777 συνεργὸς
1890 707 2023 775 ἡμῖν

454 788 728 859 ἐμπνείτω
753 790 941 859 Λόγος.
994 791 1082 857 Ἐξ
1111 793 1279 864 αὐτῆς
1317 796 1360 849 δ’
1409 795 1513 867 ήδη
1559 795 1782 868 πρώτης
1810 797 2024 867 ἡλικίας

452 879 547 932 τοῦ
572 879 761 952 ἀνδρὸς
788 874 892 935 ὧδέ
925 900 999 954 πη
1027 885 1125 955 τῆς
1150 886 1366 957 γραφῆς
1387 885 1775 959 ἀπαρξώμεθα.

2131 615 2393 671 dicemus.
2420 615 2554 670 Nam
2598 624 2755 671 antea
2799 616 3014 686 quidem
3053 616 3108 671 id
3140 617 3319 674 facere
3356 633 3697 689 nequaquam

2130 706 2346 771 licebat,
2371 718 2654 779 propterea
2694 713 2835 780 quod
2875 710 3101 767 velitum
3147 720 3233 765 est
3274 724 3343 765 ne
3374 726 3699 781 quemquam

2131 805 2262 851 ante
2289 798 2495 854 obitum
2546 802 2616 856 ob
2666 801 2903 858 incertas
2948 805 3076 859 vitae
3118 804 3444 858 mutationes
3480 803 3697 858 beatum

2128 894 2546 959 pronuntiemus
2570 896 2610 950 ί,
2644 893 2879 952 Proinde
2927 898 3095 953 Deum
3134 898 3435 969 adiutorem
3482 896 3697 959 invoco,

454 990 518 1029 ac
564 976 790 1031 caeleste
832 977 949 1045 ejus
992 980 1227 1035 Verbum
1276 996 1508 1052 precor,
1572 991 1632 1037 ut
1679 983 1733 1037 in
1779 968 1883 1039 hoc
1944 997 2108 1053 opere
2140 985 2385 1043 asuirare
2438 990 2571 1044 mihi
2613 991 2765 1047 velit.
2821 992 3018 1047 Ordiar
3058 968 3235 1048 autem
3268 1007 3297 1045 a
3337 993 3511 1062 prima
3556 990 3699 1045 illius

453 1077 614 1125 aetate
642 1068 696 1124 in
729 1071 874 1126 hunc
906 1074 1149 1128 modum.

973 1186 1367 1243 ΚΕΦΑΛΑῙΟΝ
1393 1191 1493 1244 IB'.

456 1271 584 1327 Ὅτι
616 1273 696 1340 ὡς
734 1274 992 1346 Μωῢσῆς
1018 1278 1106 1351 Δἐν
1142 1279 1345 1351 οἷκοιςί
1372 1280 1680 1348 τιφάννων
1722 1278 2020 1351 ἀνετράφη

706 1358 717 1361 ‘
1007 1349 1477 1416 Κωνσταντῒνος.

523 1435 732 1490 Παλαιὰ
756 1436 868 1507 (56)
893 1438 1112 1509 κατέχει
1137 1441 1315 1511 φήμη,
1343 1441 1493 1495 δεινά
1523 1459 1645 1496 τινα
1673 1443 1805 1515 γένη
1832 1444 2024 1515 τυράν-

451 1546 557 1583 νων
588 1529 679 1583 τὸν
734 1530 996 1603 Ἐϐραίων
1044 1534 1418 1606 καταπονῆσαι
1463 1534 1620 1601 λεὼν,
1652 1535 1787 1589 Θεὸν
1817 1535 1879 1589 δὲ
1907 1540 2021 1600 τοῖς

451 1621 943 1693 καταπονουμένοις
964 1623 1163 1695 εὐμενῆ
1190 1626 1595 1697 παραφανέντα,
1622 1627 1861 1681 Μωῦσέα
1888 1645 2020 1699 προ-

452 1709 648 1779 φήτην,
679 1708 760 1764 ἔτι
790 1710 909 1764 τότε
947 1711 1299 1782 νηπιάζοντα,
1346 1714 1531 1786 μέσοις
1561 1716 1744 1780 αὐτοῖς
1775 1734 2022 1789 τυραννι-

450 1802 564 1864 κοῖς
598 1801 766 1865 οἴκοις
802 1819 862 1855 τε
929 1805 1025 1857 καὶ
1057 1804 1276 1868 κόλποις
1311 1805 1606 1877 τραφῆναι,
1641 1808 1736 1860 καὶ
1760 1808 1860 1879 τῆς
1888 1810 2020 1880 παρ’

451 1890 635 1955 αὐτοῖς
669 1895 956 1963 μετασχεῖν
985 1895 1282 1966 προνοῆσαι
1328 1896 1538 1965 σοφίας.
1579 1899 1667 1961 Ὠς
1703 1898 1748 1952 δ’
1792 1898 1959 1952 ἐπιὼν
1994 1900 2022 1952 ό

451 1982 638 2053 χρόνος
662 1983 752 2037 τὸν
785 1984 884 2055 μὲν
913 1987 993 2050 εἰς
1021 1986 1219 2058 ἄνδρας
1249 1986 1456 2053 ἐκάλει,
1482 1988 1604 2061 δίκη
1641 1990 1685 2042 δ’
1711 1992 1744 2061 ἡ
1771 1989 1880 2044 τῶν
1905 1990 2022 2044 ἀδι-

451 2076 729 2148 κουμένων
753 2078 964 2149 ἀρωγὸς
986 2080 1114 2142 τοὺς
1144 2080 1461 2145 ἀδικοῦντας
1489 2082 1697 2153 μετῄει,
1723 2083 2024 2154 τηνικαῦτα

451 2166 511 2232 ἐξ
540 2168 718 2222 αὐτῶν
743 2169 1078 2241 τυραννικῶν
1102 2169 1367 2242 δωμάτων
1400 2172 1675 2244 προελθὼν
1700 2176 1730 2227 ὁ
1758 2174 1852 2227 τοῦ
1887 2174 2022 2227 Θεοῦ

451 2259 767 2330 προφήτης,
800 2262 867 2331 τῇ
902 2258 996 2313 τοῦ
1030 2261 1337 2332 κρείττονος
1369 2263 1667 2334 διηκονεῖτο
1702 2263 1886 2336 βουλῇ,
1915 2265 2022 2319 τῶν

455 2350 552 2420 μὲν
575 2351 1034 2423 ἀναθρεψαμένων
1056 2354 1332 2426 τυράννων
1389 2354 1570 2428 ἔργοις
1603 2356 1695 2409 καὶ
1725 2355 1902 2424 λόγοις
1930 2356 2025 2409 ἀλ-

450 2441 846 2513 λοτριούμενος,
886 2446 1011 2508 τοὺς
1057 2444 1101 2498 δ’
1126 2445 1337 2517 ’ἀληθεῖ
1372 2446 1515 2517 λόγῳ
1549 2446 1843 2518 σφετέρους
1870 2447 2024 2500 ἀδελ-

453 2534 587 2601 φούς
628 2549 688 2585 τε
735 2534 829 2587 καὶ
875 2537 1157 2604 συγγενεῖς
1190 2536 1504 2604 ἀποφαίνων
1552 2536 1894 2607 γνωρίμουςο
1926 2537 2024 2591 κᾶ-

453 2641 612 2678 πειτα
658 2624 790 2688 Θεὸς
840 2624 999 2679 αὑτὸν
1045 2625 1395 2697 καθηγεμόνα
1452 2625 1545 2679 τοῦ
1593 2627 1792 2692 παντὸς
1839 2627 2023 2692 ἔθνους

451 2716 690 2788 ἐγείρας,
727 2715 1007 2789 Ἐϐραίους
1035 2717 1132 2788 μὲν
1160 2718 1261 2787 τῆς
1289 2718 1393 2771 ὑπὸ
1419 2721 1531 2782 τοῖς
1556 2718 1767 2789 ἐχθροῖς
1798 2718 2023 2788 ἠλευθέ-

457 2824 549 2879 ρου
594 2806 853 2872 δουλείας,
878 2806 937 2861 τὸ
974 2807 1032 2862 δὲ
1060 2808 1377 2880 τυραννικὸν
1401 2808 1557 2877 γένος
1582 2809 1859 2880 θεηλάτοις
1893 2828 2023 2881 μετ-

453 2902 649 2972 ήρχετο
702 2899 770 2954 δι’
835 2900 1002 2954 αὐτοῦ
1064 2900 1460 2972 κολαστηρίοις.
1515 2902 1673 2973 Φήμη
1733 2902 1831 2973 μὲν
1882 2901 2022 2974 αὕτη

453 2992 678 3059 παλαιὰ,
727 2992 895 3065 μύθου
931 2993 1029 3064 μὲν
1065 2995 1303 3064 σχήματι
1332 2995 1444 3057 τοῖς
1477 2993 1689 3058 πολλοῖς
1727 2994 2022 3066 παραδεδο-

457 3086 613 3158 μένη,
657 3087 756 3149 τὰς
788 3086 1001 3140 πάντων
1035 3085 1205 3150 ἀκοὰς
1248 3086 1504 3158 ἐπλήρου,
1539 3087 1655 3140 νυνὶ
1691 3086 1747 3139 δὲ
1784 3089 1813 3140 ό
1861 3088 2024 3153 αὐτὸς

454 3176 548 3229 καὶ
588 3178 717 3249 ἡμῖν
758 3175 911 3240 Θεὸς,
959 3174 1219 3247 μειζόνων
1259 3176 1291 3246 ἢ
1324 3176 1463 3231 κατά
1498 3177 1697 3247 μύθους
1734 3178 2023 3249 θαυμάτων

454 3267 782 3330 αύτοπτικὰς
812 3266 960 3330 θέας,
991 3268 1210 3338 νεαραῖς
1236 3265 1389 3335 ὄψεσι
1419 3267 1600 3338 πάσης
1631 3268 1802 3340 ἀκοῆς
1833 3267 2027 3338 ἀληθε-

456 3360 650 3431 στέρας
682 3358 997 3431 δεδώρηται.
1024 3357 1288 3448 Τύραννοι
1321 3358 1418 3428 μὲν
1458 3358 1567 3429 γὰρ
1608 3361 1656 3412 οἱ
1703 3358 1823 3413 καθ’
1854 3360 2020 3431 ἡμᾶς,
2050 3390 2092 3448 C

453 3452 542 3505 τὸν
566 3452 659 3505 ἐπὶ
684 3450 899 3506 πάντων
920 3449 1052 3503 Θεὸν
1084 3446 1337 3520 πολεμεῖν
1362 3449 1704 3520 ὡρμημένοι,
1729 3450 1826 3522 τὴν
1855 3450 2019 3504 αὐτοῦ

454 3544 782 3598 κατεπόνουν
812 3539 1157 3613 Ἐκκλησίαν,
1183 3539 1343 3612 μέσος
1369 3539 1427 3594 δὲ
1446 3541 1653 3604 τούτοις
1682 3543 2021 3595 Κωνσταντῖ-

454 3652 564 3700 νος,
609 3636 638 3688 ό
686 3633 801 3705 μετ’
853 3632 1031 3701 ὀλίγον
1072 3631 1512 3704 τυραννοκτόνος,
1544 3636 1674 3696 παῖς
1718 3633 1843 3704 ἄρτι
1880 3635 2017 3700 νέος,

455 3727 677 3791 ἁπαλὸς,
704 3725 903 3797 ὡραῖός
923 3725 971 3778 τ’
997 3723 1191 3787 ἄνθους
1219 3722 1434 3791 ίούλοις,
1464 3721 1555 3778 οἷά
1581 3742 1665 3789 τις
1689 3726 1853 3790 αὐτὸς
1876 3727 2020 3781 ἐκεῖ-

455 3834 543 3880 νος
578 3817 608 3869 ὁ
651 3813 744 3868 τοῦ
790 3812 927 3868 Θεοῦ
977 3813 1251 3885 θεράπων,
1300 3818 1651 3886 τυραννικαῖς
1693 3816 2022 3888 ἐφήδρευσεν

455 3905 691 3969 ἑστίαις·
721 3905 783 3958 οὐ
818 3904 924 3976 μὴν
956 3904 1051 3959 καὶ
1089 3904 1308 3976 τρόπων
1336 3905 1444 3959 τῶν
1474 3905 1631 3971 ῐσων,
1664 3907 1866 3979 καίπερ
1903 3902 2023 3973 νέος

453 3999 551 4064 ὢν,
571 4001 685 4062 τοῖς
722 3996 900 4059 ἀθέοις
938 3993 1231 4051 ἐκοινώνει.
1270 3988 1433 4049 Εἷλκε
1468 3996 1577 4069 γὰρ
1604 3996 1765 4052 αὐτὸν
1790 3994 1851 4063 ἐξ
1880 4000 2024 4054 ἐκεί-

453 4107 544 4143 νου
573 4088 684 4159 (57)
707 4087 834 4158 θείῳ
850 4085 1128 4158 Πνεύματι
1151 4085 1315 4157 φύσις
1343 4086 1522 4161 ἀγαθὴ
1548 4087 1685 4160 πρὸς
1705 4086 1797 4142 τὸν
1821 4090 2020 4162 εὐσεϐῆ

426 4181 549 4235 -καὶ
577 4178 697 4250 Θεῷ
725 4177 1118 4251 κεχαρισμένον
1144 4177 1256 4249 βίον
1274 4195 1290 4210 ο
1322 4179 1385 4232 οὐ
1432 4178 1537 4251 μὴν
1567 4178 1704 4234 ἀλλὰ
1735 4180 1833 4236 καὶ
1865 4179 2025 4252 ζῆλος

452 4272 614 4342 ἐνῆγε
642 4271 929 4343 πατρικὸς,
951 4270 1036 4323 ἐπ’
1063 4269 1282 4340 ἀγαθῶν
1305 4272 1534 4342 μιμήσει
1562 4272 1655 4325 τὸν
1676 4272 1838 4327 παῖδα
1865 4290 2026 4346 προσ-

453 4358 806 4431 καλούμενος.
847 4360 1038 4432 Πατὴρ
1064 4358 1175 4431 γὰρ
1191 4355 1273 4431 ,ἦν
1302 4359 1452 4430 αὐτῷ
1471 4400 1486 4427 ,
1510 4361 1595 4414 ὅτι
1634 4361 1696 4433 δὴ
1731 4364 1826 4417 καὶ
1875 4362 2024 4430 ἄξιον

453 4453 512 4504 ἐν
539 4450 712 4522 καιρῷ
743 4449 916 4521 τούτῳ
943 4451 1042 4524 τὴν
1068 4453 1285 4524 μνήμην
1316 4450 1760 4525 ἀναζωπυρῆσαι,
1796 4471 2026 4526 περιφα-

451 4543 705 4608 νέστατος
730 4542 841 4597 τῶν
862 4542 985 4597 καθ’
1010 4544 1157 4614 ἡμᾶς
1180 4543 1597 4617 αὐτοκρατόρων
1629 4546 2021 4611 Κωνστάντιος.

452 4628 527 4689 Ob
561 4633 688 4707 πέρι
726 4634 837 4706 (’58)
863 4634 935 4688 τὰ
975 4634 1056 4704 τῷ
1093 4634 1246 4689 παιδὶ
1286 4636 1522 4708 φέροντα
1565 4635 1786 4707 κόσμον,
1835 4636 2027 4710 βραχεῖ

450 4724 595 4796 λόγῳ
619 4724 846 4779 διελθεῖν
870 4726 1183 4795 ἀναγκαῖον.

2730 1194 2957 1251 CAPUT
3001 1194 3114 1250 XII.

2126 1285 2282 1353 Quod
2344 1286 2722 1358 Constantinus
2771 1290 2827 1342 in
2876 1299 3221 1358 tyrannorum
3273 1285 3506 1351 adibus,
3563 1286 3698 1340 sicut

2600 1357 2829 1427 Moyses,
2866 1357 3118 1411 educatus
3151 1361 3241 1410 sit.

2190 1445 2360 1501 Vetus
2413 1457 2606 1501 narrat
2648 1447 2872 1502 historia
2899 1456 3114 1516 gentem
3159 1444 3504 1501 Hebraeorum
3533 1462 3564 1498 λ
3598 1460 3698 1500 ειε-

2122 1538 2366 1593 vissimis
2401 1537 2531 1591 olim
2566 1538 2811 1608 tyrannis
2855 1550 3169 1606 oppressam
3187 1536 3376 1603 fuisse,
3399 1535 3700 1604 Deumque,

2127 1646 2249 1684 cum
2280 1645 2568 1698 oppressos
2600 1630 2837 1698 benigno
2870 1643 2934 1682 ac
2960 1626 3202 1697 propitio
3239 1626 3384 1680 vultu
3428 1624 3696 1693 respexis-

2126 1730 2230 1785 set,
2274 1721 2576 1790 providisse
2617 1730 2676 1775 ut
2714 1719 2975 1790 pr0pheta
3010 1719 3187 1774 Moses
3221 1719 3312 1788 qui
3364 1727 3476 1771 tum
3521 1717 3696 1771 adhuc

2128 1811 2308 1866 infans
2338 1819 2476 1875 erat,
2508 1812 2583 1864 in'
2603 1810 2796 1864 mediis
2826 1792 3411 1880 tyrannorum‘azdihus
3436 1805 3558 1860 etin
3581 1805 3696 1871 ipso

2128 1918 2315 1957 eorum
2374 1902 2583 1973 gremio
2628 1902 2975 1963 educaretur,
3024 1912 3350 1967 onmemque
3397 1886 3513 1967 qum
3554 1896 3696 1967 apud

2129 1994 2249 2049 illos
2286 2004 2406 2048 erat
2452 1994 2773 2065 sapientiam
2802 1991 3153 2062 perdisceret.
3187 1990 3376 2044 Postea
3416 2004 3547 2044 vero
3572 2003 3695 2045 cum

2131 2085 2221 2140 ille
2256 2100 2541 2155 progressu
2573 2084 2832 2154 temporis
2854 2083 2922 2137 ad
2961 2082 3171 2136 virilem
3199 2080 3537 2150 pervenisset
3565 2088 3696 2134 aeta-

2133 2187 2262 2239 tem,
2289 2188 2342 2231 et
2371 2175 2553 2231 divina
2589 2174 2792 2242 iustitia
2827 2189 2945 2243 quae
2962 2174 3241 2245 Oppressis
3257 2170 3507 2243 Opitulari
3538 2170 3693 2236 solet,

2130 2282 2322 2337 poenas
2374 2269 2442 2321 ab
2497 2267 2698 2336 iniquis
2750 2267 2994 2337 tyrannis
3046 2273 3401 2334 exposceret;
3432 2272 3559 2316 tunc
3598 2260 3695 2316 Dei

2130 2361 2395 2431 propheta
2452 2376 2516 2414 ex
2551 2360 2684 2430 ipsis
2716 2359 3015 2428 tyrannieis
3060 2358 3337 2429 profectus
3364 2355 3587 2420 aedibus,
3624 2354 3698 2408 di-

2130 2454 2271 2508 vinae
2333 2451 2602 2507 voluntati
2664 2450 3027 2505 ministerium
3087 2465 3244 2503 suum
3311 2447 3577 2503 exhibuit.
3629 2444 3698 2500 Et

2132 2544 2278 2614 ipsos
2310 2543 2529 2612 quidem
2566 2552 2830 2614 tyrannos
2875 2557 2906 2596 a
2961 2541 3159 2612 quibus
3203 2540 3380 2594 fuerat
3415 2537 3697 2600 educatus,

2132 2650 2192 2689 re
2222 2649 2288 2689 ac
2317 2633 2496 2688 verbis
2522 2642 2802 2690 aversatus
2823 2642 2928 2699 est,
2955 2647 3052 2687 eos
3082 2645 3210 2686 vero
3240 2630 3330 2699 qui
3369 2643 3556 2683 revera
3588 2627 3700 2695 fra:

2134 2733 2244 2778 tres
2277 2732 2332 2777 et
2376 2723 2589 2791 cognati
2617 2732 2793 2789 erant,
2835 2723 3039 2777 amicos
3080 2737 3146 2775 ac
3190 2718 3486 2776 familiares
3515 2718 3696 2789 elegit.

2129 2814 2379 2870 Posthzec
2411 2814 2552 2869 Deus
2574 2830 2696 2869 cum
2728 2813 2885 2869 illum
2922 2816 3084 2869 totius
3113 2813 3289 2883 gentis
3329 2813 3520 2867 ducem
3566 2826 3698 2867 con-

2131 2905 2420 2969 stituisset,
2441 2903 2697 2977 Hebraeos
2721 2903 2941 2974 quidem
2973 2903 3325 2957 acerbissima
3346 2902 3491 2971 apud
3519 2901 3700 2955 hostes

2131 2997 2394 3079 servitute
2442 2995 2736 3051 liberavit:
2781 3005 3131 3066 tyrannorum
3165 3002 3344 3049 autem
3385 3009 3556 3065 genus
3590 3006 3700 3048 εω-

2140 3088 2269 3142 litus
2298 3087 2497 3142 inﬂixis
2528 3085 2806 3155 suppliciis
2837 3086 2955 3156 ejus
2994 3101 3158 3155 Opera
3196 3085 3340 3140 ultus
3373 3093 3476 3138 est.
3506 3080 3698 3148 Vetus,

2131 3179 2372 3249 inquam,
2400 3181 2516 3233 haec
2552 3178 2802 3241 historia,
2831 3177 3003 3233 instar
3036 3175 3230 3231 fabulae
3259 3189 3289 3229 a
3319 3175 3504 3229 multis
3544 3189 3700 3228 acce-

2129 3281 2242 3339 pta,
2272 3270 2513 3325 omnium
2552 3284 2716 3325 aures
2759 3269 3068 3323 mortalium
3100 3267 3362 3336 implevit.
3389 3265 3544 3319 Nunc
3568 3279 3699 3320 vero

2130 3361 2268 3414 idem
2292 3360 2448 3415 nobis
2476 3360 2618 3415 Deus
2648 3359 2853 3428 majora
2883 3360 3140 3413 omnibus
3166 3356 3369 3413 fabulis
3388 3355 3550 3428 413
3595 3354 3698 3407 mi-

2125 3453 2306 3507 racula
2331 3452 2461 3520 ipsis
2509 3447 2682 3508 oculis
2725 3460 2970 3521 spectare
3005 3448 3276 3504 concessit
3305 3464 3321 3514 ;
3353 3449 3495 3517 quod
3529 3461 3699 3517 genus

2120 3542 2408 3611 spectaculi
2439 3542 2579 3610 apud
2611 3555 2703 3595 eos
2743 3542 2832 3609 qui
2868 3554 3058 3594 recens
3107 3540 3377 3603 viderunt,
3408 3537 3555 3591 omni
3602 3552 3698 3591 au-

2119 3634 2325 3689 ditione
2356 3632 2461 3688 lide
2486 3633 2705 3704 dignius
2733 3633 2980 3688 habetur.
3008 3629 3216 3702 [Nostra
3246 3629 3389 3684 enim
3430 3638 3593 3683 aetate
3623 3638 3703 3699 ty-

2121 3727 2279 3780 ranni
2323 3725 2540 3794 quidem
2587 3725 2679 3794 qui
2741 3723 3001 3779 adversus
3051 3723 3217 3777 Deum
3271 3735 3539 3775 summum
3591 3736 3706 3775 om-

2120 3817 2269 3872 nium
2302 3832 2482 3888 regem
2545 3816 2744 3871 bellum
2785 3829 3004 3869 movere
3035 3814 3419 3877 instituerant,
3447 3810 3561 3878 ejus
3593 3810 3698 3865 Ec-

2122 3908 2342 3965 clesiam
2394 3906 2636 3980 graviter
2683 3912 3089 3977 oppresserunt.
3137 3901 3521 3958 Constantinus
3550 3915 3700 3958 vero,

2123 3999 2211 4069 qui
2245 4008 2430 4068 postea
2476 4006 2831 4068 tyrannorum
2863 3993 3179 4051 interfector
3208 3994 3330 4060 fuit,
3362 3993 3488 4048 dum
3524 3993 3702 4048 adhuc

2124 4088 2439 4145 adolescens
2478 4097 2622 4144 esset
2672 4097 2729 4144 et
2771 4086 2994 4157 iuvenili
3036 4086 3291 4154 lanugine
3344 4086 3610 4151 decorus,
3644 4086 3697 4140 in

2124 4183 2302 4237 medio
2335 4181 2570 4246 illorum,
2598 4189 2658 4236 ut
2681 4182 2954 4252 quondam
2985 4179 3072 4234 ille
3106 4179 3198 4234 Dei
3228 4178 3461 4235 famulus
3497 4177 3695 4242 Moses,

2125 4273 2179 4328 in
2213 4273 2346 4341 ipsis
2375 4280 2729 4342 tyrannorum
2769 4272 2977 4326 aedibus
3014 4270 3276 4326 subsedit.
3307 4268 3493 4337 Neque
3517 4277 3698 4324 tamen

2125 4365 2341 4419 eosdem
2371 4378 2494 4419 cum
2525 4361 2704 4432 impiis
2739 4377 2917 4417 mores
2939 4401 2955 4426 ,
2992 4360 3207 4415 tametsi
3239 4357 3523 4413 admodum
3565 4357 3697 4412 ado-

2124 4452 2357 4519 lescens,
2388 4460 2632 4507 sectatus
2661 4459 2763 4505 est.
2782 4448 2990 4519 Quippe
3015 4451 3127 4517 jam
3155 4448 3280 4503 inde
3305 4447 3372 4501 ab
3394 4446 3485 4500 illa
3515 4455 3694 4514 aetate,

2124 4544 2341 4616 egregia
2393 4542 2598 4599 indoles
2646 4542 2828 4597 divino
2883 4540 3093 4609 Spiritu
3147 4538 3401 4608 impulsa,
3424 4538 3599 4607 ipsum
3630 4538 3695 4592 ad

2123 4639 2267 4707 piam
2301 4635 2516 4704 Deoque
2550 4626 2828 4703 acceptam
2851 4633 3016 4687 vitam
3046 4632 3330 4687 incitabat.
3375 4629 3482 4685 Sed
3516 4643 3573 4686 et
3597 4644 3697 4701 νει

2054 4725 2099 4782 D
2131 4730 2227 4784 tris
2255 4728 2529 4784 mmulatio
2575 4726 2826 4782 stimulos
2856 4723 3199 4792 admovebat,
3235 4739 3342 4795 qua
3380 4724 3447 4778 ad
3475 4721 3696 4779 virtutis

450 4828 508 4873 et
534 4821 799 4875 bonorum
853 4828 1072 4874 actuum
1117 4820 1475 4877 imitationem
1518 4821 1735 4892 juvenis
1794 4824 2213 4894 provocabatur.
2264 4822 2427 4877 Pater
2460 4822 2724 4891 siquidem
2768 4821 2817 4876 ei
2866 4819 2969 4875 fuit
3009 4818 3156 4889 (nam
3201 4826 3258 4872 et
3292 4815 3450 4885 lmjus
3499 4827 3698 4870 memo'

450 4912 588 4965 riam
659 4920 963 4982 opportune
999 4928 1263 4969 renovare
1316 4931 1609 4986 congruum
1669 4918 1795 4988 est)
1849 4918 2238 4984 Constantius,
2309 4918 2698 4987 imperatorum
2767 4915 2937 4970 nostri
2991 4914 3250 4985 temporis
3304 4910 3696 4968 nobilissimus.

449 5001 529 5057 De
553 5018 663 5075 quo
689 5003 943 5059 nonnulla
972 5019 1093 5075 qua:
1121 5007 1188 5062 ad
1217 5006 1311 5063 lilii
1340 5010 1862 5067 commendationem
1892 5012 2182 5082 pertinent,
2206 5011 2445 5067 breviter
2468 5024 2499 5065 a
2530 5009 2688 5065 nobis
2729 5007 3048 5079 exponenda
3076 5014 3220 5061 sunt.

520 5122 538 5153 ⁸
560 5119 726 5176 Eccli.
762 5134 838 5187 ιι,
863 5119 956 5177 30.

521 5230 868 5306 (55)_T¢I)_yh
899 5232 1260 5306 μακαρίζειν.
1308 5233 1559 5306 lnleiligit
1590 5236 1766 5293 locum
1801 5235 1891 5306 qui
1923 5236 2020 5291 ha-

447 5303 606 5359 betur
646 5303 702 5356 in
742 5303 1114 5360 Ecclesiastici
1152 5321 1203 5361 c.
1232 5321 1293 5371 ιι,
1345 5306 1460 5376 Πρὸ
1487 5303 1595 5377 τῆς
1639 5303 1894 5378 τελευτῆς
1940 5307 2015 5380 μὴ

451 5371 723 5438 μακάριζε
764 5372 986 5438 μηδένα.

451 5390 986 5463 μαιξῇριὲῗιμηίέἓὲα’
1045 5447 1064 5463 .
1141 5440 1167 5463 ι
1217 5443 1258 5463 η
1310 5445 1362 5463 ..
1416 5445 1457 5463 ..
1535 5443 1551 5458 .
1688 5445 1775 5463 ..η
1813 5443 1830 5463 .
1929 5444 1943 5457 .

453 5440 466 5444 ⁷
520 5440 632 5513 (36)
664 5440 919 5513 νυιςίῊ
941 5440 1188 5499 παλαιά.
1216 5443 1385 5500 Codd.
1416 5443 1618 5513 Regius
1653 5453 1707 5501 et
1732 5443 1870 5501 Fuit.
1899 5444 2017 5501 sine

447 5513 677 5596 articulo
717 5513 965 5596 scribunt
1006 5513 1213 5596 παλαιὰ
1254 5515 1490 5596 κατέχει.
1521 5514 1699 5596 φήμη,
1746 5524 1804 5596 et_
1828 5513 1929 5596 .sic
1957 5515 2011 5570 iu

447 5532 677 5568 arucuto
717 5532 965 5569 SCI‘IDunl
1006 5532 1213 5569 παλαια
1254 5532 1475 5586 κατεχει
1521 5532 1641 5585 σημ
1683 5555 1699 5578 ,
1746 5532 1802 5570 et
1848 5532 1929 5569 διε
1957 5532 2011 5570 ιη

446 5583 665 5655 schedia
693 5584 890 5655 {Aquod
931 5587 1151 5655 quidem
1188 5586 1371 5655 magis
1398 5573 1603 5655 redojet
1642 5532 2011 5655 Eusebianum

445 5651 1135 5735 διχιιιῐηκὶςόα,Ιεεοβεινά
1176 5651 1465 5735 μεῖν’-γένη.
1507 5652 1677 5735 Recte
1711 5664 1888 5735 autem
1922 5652 2013 5705 Sa-

445 5722 605 5776 vitius
623 5723 691 5803 ad
722 5722 934 5779 initium
962 5723 1123 5795 hujus
1151 5722 1348 5796 capitis
1375 5722 1653 5783 adnotavit
1673 5746 1685 5782 :
1705 5722 1826 5779 Huc
1850 5739 2011 5792 usque

445 5807 772 5861 promuntur.

2201 5232 2313 5303 (37)
2347 5228 2530 5288 Εἶλκε
2570 5230 2682 5303 γὰρ
2709 5232 2897 5288 αὑτὸν
2930 5232 3000 5298 ἐξ
3032 5230 3289 5303 ἐκείνου.
3320 5226 3696 5303 Christophor-

2128 5299 2672 5359 sonus'etPortes'iu's
2718 5305 2817 5357 has
2850 5318 3008 5357 voces
3056 5300 3116 5366 ἐξ
3167 5299 3376 5354 ἐκείνου
3434 5299 3696 5366 interpre-

2124 5375 2219 5427 tati
2257 5383 2407 5435 sunt,
2444 5373 2600 5442 quasi
2644 5373 3024 5428 subaudiretur
3053 5365 3161 5442 τοῦ
3207 5370 3431 5442 τρόπου.
3472 5367 3582 5435 Ego
3629 5365 3693 5432 ἐξ

2122 5443 2330 5501 ἐκείνου
2374 5441 2511 5497 idem
2531 5457 2665 5512 esse
2703 5458 2902 5498 censeo
2934 5458 2999 5498 ac
3032 5441 3153 5512 jam
3193 5441 3325 5508 tum,
3375 5441 3438 5490 ab
3475 5453 3533 5489 eo
3562 5443 3692 5489 tem-

2118 5529 2264 5582 pore.
2303 5513 2379 5566 Ita
2412 5526 2469 5567 et
2496 5511 2788 5582 Musgulus.

2191 5582 2305 5653 (58}
2342 5577 2638 5653 νυιςηίΑὗ
2675 5582 2830 5653 περι.
2864 5579 3233 5653 Scribendunl
3252 5580 3334 5653 est
3367 5571 3695 5653 sine_dul_iio

2118 5640 2365 5725 °§‘“éP‘a
2393 5640 2703 5725 qu'loqidgm
2734 5640 2874 5725 ᾇριθι
2919 5666 2983 5725 ac
3023 5649 3151 5725 περὶ.
3176 5642 3467 5725 οὒκ-Ᾱιςυιρ
3500 5642 3573 5725 ita
3607 5640 3691 5725 .le:

2157 5723 2264 5775 itur
2289 5710 2590 5791 'in'séhedis
2623 5721 2828 5791 Regiis,
2864 5732 2919 5776 et
2954 5722 3005 5774 in
3032 5710 3221 5776 co'dice
3262 5710 3471 5771 Savilii.
3508 5710 3691 5765 Codex

2168 5791 2254 5847 ult.
2289 5786 2459 5863 οὗπερ
2492 5792 2679 5859 habet,
2710 5786 2829 5846 'non
2868 5791 3027 5847 male.
