4210 6388
497 330 603 390 927

1091 453 1320 511 CAPUT
1357 457 1490 512 Χιιι.

505 539 583 594 De
609 550 760 617 patre
789 546 906 615 ejus
923 545 1256 617 Constantio,
1285 551 1374 617 qui
1397 549 1748 616 Christianos,
1782 564 1837 606 ut
1869 554 2083 611 Diocle-

721 615 898 669 tianus
924 624 975 670 et
994 615 1380 682 Maximianus,
1408 624 1642 691 persequi
1683 615 1873 680 noluit.

576 764 712 822 Cum
767 768 1054 838 imperium
1117 770 1423 827 Romanum
1464 790 1494 828 a
1545 785 1778 844 quatuor
1832 779 2088 850 Augustis

508 871 807 929 regeretur,
839 863 928 917 hic
957 865 1231 919 diversum
1272 881 1302 920 a
1331 867 1556 938 collegis
1579 870 1693 924 suis
1716 871 1838 926 vita:
1872 872 2089 927 institu-

511 961 626 1006 tum
655 953 959 1019 aemulatus,
988 955 1139 1010 solus
1171 971 1294 1011 cum
1324 957 1438 1013 Deo
1475 974 1657 1014 rerum
1682 963 1926 1016 omnium
1970 979 2090 1018 mo-

510 1047 762 1098 deratore
812 1061 1001 1116 pacem
1064 1048 1318 1103 ﬁrmavit.
1375 1049 1453 1104 llli
1499 1053 1641 1106 enim
1692 1053 1954 1110 ecclesias
1993 1056 2088 1110 Dei

509 1150 824 1204 expugnare
857 1137 1058 1203 adorti,
1094 1140 1212 1193 solo
1241 1151 1550 1209 aequarunt,
1585 1153 1640 1197 et
1684 1146 1924 1200 oratoria
1981 1163 2088 1202 una

509 1242 630 1281 cum
664 1228 799 1297 ipsis
821 1228 1191 1287 fundamentis
1218 1233 1591 1290 aboleverunt.
1640 1235 1739 1292 Hic
1765 1253 1894 1293 vero
1921 1254 1951 1294 a
1993 1255 2089 1294 ne-

509 1321 652 1376 {aria
682 1323 894 1379 illorum
924 1327 1202 1398 impietate
1234 1345 1402 1399 puras
1430 1346 1623 1386 manus
1645 1341 1809 1401 atque
1841 1334 2088 1405 integras

510 1415 772 1480 servavit,
807 1430 907 1471 nec
937 1432 997 1472 se
1030 1419 1299 1474 ullatenus
1325 1435 1514 1476 eorum
1546 1423 1784 1478 similem
1814 1426 2084 1494 praestitit.

509 1503 579 1559 Et
609 1505 686 1559 illi
718 1507 935 1575 quidem
963 1509 1059 1564 Dei
1088 1511 1354 1566 cultorum
1379 1525 1487 1567 tam
1513 1514 1754 1570 virorum
1778 1531 1940 1586 quam
1969 1533 2088 1572 mu-

512 1593 706 1648 lierum
740 1597 1001 1663 cmdibus,
1039 1609 1295 1670 tanquam
1326 1603 1475 1658 civili
1515 1605 1748 1673 quodam
1787 1606 1930 1662 bello
1961 1622 2090 1678 pro-

512 1687 722 1741 vincias
753 1688 853 1742 sibi
886 1690 1158 1758 subjectas
1188 1693 1520 1762 polluerunt.
1558 1695 1655 1751 Hic
1687 1711 1817 1751 vero
1849 1699 2088 1752 animum

1207 338 1476 398 EUSEBII
1515 342 1994 403 CASSARIENSIS
2029 346 2182 404 OPP.
2219 347 2400 404 PARS
2439 349 2480 403 1.
2519 379 2590 392 -
2627 347 3019 406 HISTORICA.

2107 470 2155 527 Α

3655 351 3761 410 9‘28

2707 465 3097 522 ΚΕΦᾹΔᾹΙΟΝ
3128 465 3234 518 ﬂ".

2184 558 2325 626 Περὶ
2345 557 2762 612 Κωσταντίου
2784 557 2890 611 τοῦ
2911 556 3132 624 πατρὸς
3152 555 3360 618 αὐτοῦ,
3379 557 3465 626 μὴ
3493 556 3761 680 draca-

2256 629 2440 680 μένου
2469 626 2587 680 τῶν
2618 627 2752 680 περὶ
2790 627 3216 680 Διοκλητιανὸν
3238 626 3339 680 καὶ
3364 628 3666 680 Μαεωιαν
3743 667 3761 680 .

2250 629 2440 697 μένου
2469 626 2587 680 τῶν
2618 627 2752 695 περὶ
2785 627 3216 697 ᾼΔιοκληζιανὸν
3238 626 3339 680 καὶ
3364 626 3761 696 Μαξιμιανόν,

2257 695 2355 751 καὶ
2387 697 2745 762 Μαεέντιον,
2768 695 2923 751 ὥστε
2945 695 3151 761 διῶξαι
3179 697 3322 763 τοὺς
3341 695 3759 764 Χριστιανούς.

2257 789 2545 859 Τεττάρων
2583 789 2692 860 γάρ
2729 806 2810 842 τοι
2837 789 2937 858 τῆς
2977 788 3264 860 Ῥωμαίων
3296 788 3766 860 αὑτομρατορικῆς

2187 879 2583 934 κοινωνούντων
2615 879 2813 952 ἀρχῆς,
2852 881 3011 951 μόνος
3047 874 3201 942 οὗτος
3241 878 3602 951 ἀκοινώνητον
3650 880 3764 944 τοῖς

2187 969 2366 1033 ἄλλοις
2417 969 2873 1040 περιϐαλλόμενος
2919 970 3150 1041 τρόπον,
3201 969 3300 1040 τὴν
3345 969 3481 1042 πρὸς
3531 969 3623 1025 τὸν
3670 970 3766 1023 ἐπὶ

2189 1061 2406 1114 πάντων
2435 1060 2568 1113 Θεὸν
2612 1061 2795 1129 φιλίαν
2823 1061 3130 1113 ἐσπένδετο.
3169 1061 3232 1112 Oi
3269 1060 3367 1130 μὲν
3395 1059 3505 1131 γὰρ
3543 1061 3642 1124 τὰς
3672 1062 3764 1115 ἐκ-

2188 1151 2415 1222 κλησίας
2445 1151 2538 1204 τοῦ
2580 1150 2714 1204 Θεοῦ
2757 1151 3042 1222 πολιορκίᾳ
3075 1150 3349 1222 δῃοῦντες,
3387 1149 3446 1216 ἐξ
3476 1149 3644 1220 ὕψους
3683 1152 3764 1216 είς

2188 1241 2382 1311 ἔδαφος
2424 1240 2714 1313 καθῄρουν,
2755 1243 2936 1305 αὑτοῖς
2979 1241 3247 1314 θεμελίοις
3289 1243 3413 1306 τοὺς
3442 1242 3768 1313 εὑκτηρίους

2187 1332 2540 1400 ἀφανίζοντες
2566 1331 2746 1394 οἴκους
2764 1347 2778 1362 ⁸
2818 1333 2846 1384 6
2881 1331 2939 1384 δέ
2962 1333 3060 1403 τῆς
3090 1332 3294 1386 τούτων
3323 1331 3550 1400 ἐναγοῦς
3574 1332 3764 1384 δυσσε-

2189 1420 2342 1485 ϐείας
2374 1421 2622 1494 καθαράς
2660 1419 2926 1491 ἐφύλαττε
2954 1421 3053 1485 τὰς
3082 1424 3288 1492 χεῖρας,
3337 1420 3560 1492 μηδαμῆ
3601 1419 3769 1491 μηδα-

2190 1512 2310 1584 μῶς
2335 1513 2516 1577 αὑτοῖς
2544 1512 2979 1584 ἐξομοιούμενος.
3004 1514 3114 1566 Καὶ
3145 1514 3195 1565 οἱ
3220 1513 3316 1584 μὲν
3339 1510 3622 1582 ἐμφυλίοις
3646 1510 3768 1563 θεο-

2192 1601 2366 1654 σεϐῶν
2425 1601 2634 1674 ἀνδρῶν
2682 1619 2742 1654 τε
2793 1604 2886 1656 καὶ
2927 1601 3204 1671 γυναικῶν
3260 1605 3492 1672 σφαγαῖς
3533 1601 3633 1666 τὰς
3677 1602 3769 1656 ὑπ’

2193 1693 2376 1756 αὑτοῖς
2418 1693 2686 1763 ἐπαρχίας
2716 1694 2980 1763 ἐμίαινον,
3015 1695 3042 1748 6
3087 1695 3145 1747 δὲ
3192 1695 3283 1748 τοῦ
3332 1693 3533 1765 μύσους
3568 1694 3771 1765 ἀμίαν-

515 1781 583 1832 ab
647 1781 951 1849 huiusmodi
1012 1786 1219 1839 scelere
1276 1802 1472 1854 purum
1541 1799 1705 1857 atque
1775 1790 2088 1844 inviolatum

2194 1801 2283 1836 τον
2322 1785 2434 1854 ('59)
2480 1785 2580 1856 τὴν
2627 1784 2820 1837 ἑαυτοῦ
2863 1786 3144 1856 συνετήρει
3182 1785 3380 1858 ψυχήν.
3409 1786 3542 1840 ’Καὶ
3583 1789 3632 1839 οἱ
3671 1785 3772 1856 μὲν

514 1888 731 1940 semper
765 1878 1018 1930 servavit.
1055 1878 1134 1932 llli
1163 1884 1502 1936 coacervatis
1529 1883 1863 1952 impiissimae
1894 1899 2091 1955 super-

2198 1873 2457 1942 συγχύσει
2484 1874 2670 1926 κακῶν
2698 1874 3139 1947 εἰδωλολατρείας
3169 1875 3460 1947 ἐκθέσμου,
3494 1876 3634 1944 σφᾶς
3661 1875 3770 1946 (40)

515 1965 754 2020 stitionis
785 1967 960 2034 malis,
987 1969 1195 2039 seipsos
1234 1972 1491 2040 primum,
1531 1989 1595 2029 ac
1625 1975 1822 2030 deinde
1849 1976 2094 2032 subditos

513 2071 702 2112 omnes
734 2060 1188 2127 nequissimorum
1229 2063 1533 2120 daemonum
1572 2065 1852 2122 fraudibus
1881 2069 2091 2123 manci-

515 2159 738 2216 parunt.
779 2150 876 2206 Hic
904 2153 1345 2222 profundissimae
1379 2161 1534 2225 pacis
1585 2157 1729 2212 intra
1763 2159 1976 2228 imperii
2008 2159 2091 2213 sui

514 2238 650 2293 lines
682 2251 875 2296 auctor
905 2258 970 2299 ac
1013 2244 1259 2315 signifer,
1310 2248 1543 2303 subditis
1590 2249 1704 2304 suis
1737 2251 1984 2319 permisit
2035 2260 2095 2304 ut

513 2333 716 2402 absque
748 2334 854 2388 ulla
894 2335 1142 2390 molestia
1185 2337 1369 2393 divino
1399 2337 1566 2393 cultui
1600 2339 1949 2394 inservirent.
1987 2341 2091 2396 De—

513 2423 679 2494 nique
711 2423 786 2478 illi
821 2434 1045 2480 cunctos
1099 2428 1359 2484 mortales
1412 2429 1750 2497 gravissimis
1791 2433 2096 2488 exactioni-

511 2515 616 2568 bus
667 2516 1054 2583 opprimendo,
1111 2519 1278 2573 vitam
1326 2519 1432 2574 illis
1485 2521 1711 2576 minime
1769 2523 1986 2577 vitalem
2039 2533 2096 2580 ct

512 2603 681 2677 414
731 2607 922 2674 quavis
975 2617 1150 2665 morte
1191 2612 1529 2667 acerbiorem
1557 2614 1950 2682 praestiterunt.
1989 2614 2093 2668 So-

514 2699 601 2752 lus
629 2699 977 2754 Constantius
1006 2701 1276 2771 placidum
1325 2717 1390 2757 ac
1424 2705 1770 2774 tranquillum
1820 2707 2095 2776 principa-

514 2797 630 2842 tum
661 2805 819 2844 suum
847 2793 1080 2848 subditis
1106 2793 1399 2859 exhibens,
1441 2807 1663 2866 paterna
1701 2799 1931 2866 quadam
1965 2814 2092 2854 cura

517 2897 582 2936 ac
609 2881 971 2938 sollicitudine
1000 2899 1095 2940 eos
1123 2885 1274 2940 fovit.
1324 2887 1495 2942 Porro
1523 2902 1646 2942 cum
1701 2888 1822 2944 alia:
1877 2904 2096 2960 quoque

518 2973 954 3032 innumerabiles
996 2977 1161 3044 huius
1193 2978 1295 3032 viri
1321 2979 1550 3034 virtutes
1577 2979 1644 3034 ab
1670 2982 1924 3037 omnibus
1953 2998 2096 3053 prae-

518 3065 789 3130 dicentur,
819 3075 1015 3138 uno,et
1048 3069 1218 3123 altero
1247 3069 1362 3137 ejus
1391 3067 1630 3125 facinore
1648 3084 2092 3138 commemorato,

518 3172 586 3211 ex
623 3157 822 3228 quibus
852 3159 1166 3226 coniectura
1197 3161 1312 3216 fieri
1353 3164 1524 3230 possit
1562 3162 1629 3217 de
1665 3165 1730 3218 iis
1770 3177 1890 3230 qua:
1932 3137 2164 3221 silenJ1

519 3248 598 3301 tio
623 3257 1048 3318 prmtereuutur,
1076 3252 1143 3304 ad
1165 3253 1498 3319 propositum
1535 3255 1693 3310 nobis
1715 3255 1988 3311 scribendi
2011 3271 2100 3311 ar-

519 3349 834 3409 gumentum
866 3342 1356 3412 transgrediemur.

1082 3431 1333 3497 [CAPUT
1365 3431 1503 3488 XIV.

521 3520 799 3587 Quomodo
838 3522 1198 3588 Conslantius,
1226 3527 1543 3594 exprobrata
1574 3527 1675 3594 ipsi
1703 3545 1734 3580 (ι
1775 3526 2100 3584 Diocletiano

590 3603 920 3666 paupertate,
945 3597 1197 3666 rwrarium
1247 3596 1553 3662 impleverit,
1584 3609 1630 3650 et
1658 3607 1838 3666 postea
1875 3601 2101 3654 collato-

589 3664 738 3716 ribus
765 3665 1041 3728 pecuniam
1079 3666 1390 3719 reddiderit.

591 3821 724 3877 Cum
761 3821 848 3875 hic
876 3823 1126 3892 princeps
1174 3824 1384 3878 crebris
1430 3825 1708 3880 hominum
1756 3826 2104 3882 sermonibus

522 3913 920 3977 celebraretur,
961 3919 1103 3982 quod
1148 3916 1295 3969 mitis
1334 3924 1480 3970 esset
1523 3930 1587 3970 ac
1644 3915 1918 3985 placidus,
1958 3917 2100 3985 quod

523 4005 768 4073 optimus
800 4005 1001 4073 Deique
1029 4005 1475 4072 amantissimus;
1517 4008 1773 4076 quodque
1819 4009 1888 4061 ob
1925 4009 2105 4062 incre-

523 4096 744 4150 dibilem
770 4111 899 4166 erga
926 4097 1170 4151 subditos
1212 4097 1622 4169 indulgentiam,
1684 4098 1882 4152 nullam
1936 4114 2100 4170 pecu-

525 4186 669 4240 niam
709 4185 760 4239 in
797 4187 1070 4240 thesauris
1101 4186 1437 4241 reconditam
1494 4188 1753 4252 haberet,
1810 4188 2105 4256 imperator

525 4277 573 4332 is
595 4277 686 4346 qui
719 4285 846 4332 tunc
876 4277 1138 4346 temporis
1165 4291 1478 4346 supremum
1511 4278 1722 4345 imperii
1757 4279 1985 4346 gradum
2007 4276 2105 4330 ob-

527 4367 753 4430 tinebat,
786 4368 967 4422 missis
989 4368 1055 4422 ad
1078 4383 1198 4422 cum
1218 4365 1538 4438 quibusdam
1565 4368 1898 4434 hominibus,
1922 4367 2107 4437 objur-

2195 1961 2392 2024 αὑτοὺς
2425 1962 2718 2033 πρότερον,
2756 1962 2993 2016 κᾶπειτα
3028 1964 3155 2028 τοὺς
3188 1964 3459 2035 ὑπηκόους
3491 1966 3771 2029 ἅπαντας,

2195 2052 2448 2124 πονηρῶν
2491 2053 2758 2124 δαιμόνων
2804 2053 3034 2118 πλάναις
3077 2055 3512 2117 κατεδουλοῦντο,
3547 2058 3576 2109 6
3607 2056 3662 2110 δέ
3697 2058 3774 2110 εἱ-

2197 2146 2366 2216 ρήνης
2394 2144 2699 2216 βαθυτάτης
2741 2149 2853 2210 τοῖς
2889 2148 2980 2200 ὑπ’
3013 2147 3177 2201 αὑτοῦ
3211 2148 3646 2219 βασιλευομένοις
3687 2148 3776 2216 ἐξ·

2196 2237 2403 2307 άρχων,
2435 2237 2506 2290 τὰ
2529 2237 2628 2306 τῆς
2655 2240 2734 2301 είς
2757 2238 2889 2292 Θεὸν
2917 2239 3198 2304 εὐσεϐείας
3225 2240 3403 2294 ἄλυπα
3423 2243 3534 2305 τοῖς
3555 2239 3779 2304 οἰκείοις

2193 2329 2508 2400 ἐϐράϐευεν.
2557 2329 2715 2383 Ἀλλὰ
2752 2331 2846 2383 καὶ
2886 2332 3019 2384 πᾶσι
3058 2331 3155 2402 μὲν
3194 2330 3500 2404 ἀνθρώποις
3535 2332 3773 2403 βαρυτά-

2193 2439 2294 2486 τας
2327 2421 2638 2493 εἰσπράξεις
2676 2421 3075 2493 ἐπαιωροῦντες
3105 2425 3154 2478 οἱ
3193 2423 3362 2489 ἄλλοι,
3397 2425 3513 2496 βίον
3545 2426 3776 2480 ἀϐίωτον

2195 2515 2377 2577 αὑτοῖς
2405 2515 2497 2566 καὶ
2533 2513 2763 2566 θανάτου
2804 2515 3179 2590 χαλεπώτερον
3208 2517 3460 2588 ἐπήρτων
3478 2558 3492 2582 ,
3533 2518 3691 2588 μόνος
3719 2519 3776 2572 δι

2195 2603 2572 2666 Κωνστάντιος
2616 2604 2818 2657 ἄλυπον
2868 2606 2979 2668 τοῖς
3021 2607 3343 2678 ἀρχομένοις
3396 2625 3491 2662 και
3537 2608 3774 2680 γαληνὴν

2197 2696 2619 2766 παρασκευάσας
2651 2695 2748 2766 τὴν
2794 2697 2994 2768 ἀρχὴν,
3033 2700 3306 2771 πατρικῆς
3353 2701 3672 2772 κηδεμονίας
3716 2704 3782 2755 ἐν·

2196 2789 2370 2840 οὐδενὶ
2402 2789 2692 2841 λείπουσαν
2725 2791 2824 2860 τὴν
2856 2793 2914 2858 ἐξ
2943 2791 3106 2844 αὑτοῦ
3144 2794 3402 2863 παρεῖχεν
3430 2794 3769 2866 ἐπικουρίαν.

2196 2881 2422 2950 Μυρίων
2449 2881 2506 2937 δέ
2537 2889 2632 2938 καὶ
2671 2883 2846 2939 ἄλλων
2879 2884 2974 2937 τοῦ
3009 2885 3199 2956 ἀνδρὸς
3238 2884 3448 2958 ἀρετῶν
3479 2885 3631 2963 παρὰ
3661 2893 3776 2954 τοῖς

2197 2973 2362 3025 πᾶσιν
2384 2973 2680 3044 ᾀδομένων,
2707 2974 2824 3037 ἐνὸς
2845 2976 2940 3028 καὶ
2966 2975 3218 3046 δευτέρου
3252 2977 3628 3047 μνημονεύσας
3654 2997 3778 3032 κατ-

2197 3063 2547 3134 ορθώματος,
2578 3069 2899 3140 τεκμηρίοις
2930 3086 2990 3122 τε
3031 3069 3239 3132 τούτοις
3266 3068 3376 3122 τῶν
3406 3071 3778 3140 σιωπωμένων

2198 3157 2564 3231 χρησάμενος,
2605 3160 2698 3213 ἐπὶ
2735 3161 2826 3215 τὸν
2860 3159 3218 3232 προκείμενον
3256 3160 3356 3231 τῆς
3390 3161 3607 3232 γραφῆς
3653 3178 3780 3214 σκο-

2198 3247 2300 3302 πὺν
2329 3248 2678 3323 διαϐήσομαι.

2717 3433 3115 3488 ΚΕΦᾹΔΑΙΟΝ
3151 3434 3248 3490 ῘΔ’.

2199 3520 2392 3594 Ὅπως
2418 3522 2835 3590 Κωνστάντιος
2870 3527 2904 3579 ό
2931 3525 3127 3594 πατὴρ
3164 3525 3514 3590 ὀνειδισθεὶς
3563 3526 3786 3578 πενίαν

2267 3592 2388 3645 ὑπὸ
2429 3596 2873 3661 Διοκλητιανοῦ,
2921 3595 3021 3648 καὶ
3060 3592 3200 3662 τοὺς
3243 3595 3585 3662 θησαυροὺς
3625 3597 3779 3664 πλή-

2267 3678 2406 3734 σας,
2457 3664 2725 3718 ἀπέδωκε
2770 3664 2959 3719 πάλιν
3002 3665 3126 3732 τοῖς
3170 3665 3645 3734 προσεγετκοῦσι
3704 3667 3778 3721 τὰ

2270 3749 2562 3801 χρηματα.

2271 3823 2476 3878 Πολλοῦ
2511 3824 2575 3895 δὴ
2605 3824 2764 3893 λόγου
2800 3825 3216 3897 περιτρέχοντος
3255 3827 3412 3899 φήμῃ
3443 3827 3586 3897 ἀμφὶ
3622 3826 3774 3880 τοῦδε

2202 3913 2295 3968 τοῦ
2331 3914 2614 3985 βασιλέως,
2651 3916 2726 3980 ῶς
2755 3916 2936 3987 ἤπιος,
2969 3917 3045 3980 ὡς
3073 3917 3293 3985 ἀγαθὸς,
3333 3919 3407 3982 ὡς
3449 3919 3510 3972 τὸ
3537 3919 3777 3990 θεοφιλὲς

2203 4006 2483 4075 ὑπεράγαν
2511 4007 2864 4078 κεκτημένος,
2891 4008 2968 4071 ὡς
2996 4007 3063 4060 δι’
3098 4007 3398 4080 ὑπερϐολὴν
3432 4009 3645 4077 φειδοῦς
3669 4009 3779 4063 τῶν

2203 4097 2480 4168 ὑπηκόων,
2515 4097 2634 4150 οὑδέ
2669 4097 2941 4168 θησαυρός
2978 4115 3061 4161 τις
3099 4098 3246 4170 αὑτῷ
3284 4100 3607 4171 τεταμίευτο
3637 4119 3776 4172 χρη-

2206 4186 2413 4255 μάτων,
2442 4185 2690 4255 βασιλεὺς
2722 4187 2751 4238 6
2775 4187 3077 4257 τηνικαῦτα
3109 4188 3199 4242 τὸν
3235 4187 3447 4260 πρῶτον
3471 4189 3571 4261 τῆς
3601 4190 3777 4261 ἀρχῆς

2203 4280 2416 4349 ἐπέχων
2447 4278 2675 4349 βαθμὸν,
2705 4279 2928 4350 πέμψας
2961 4280 3108 4350 αὑτῷ
3134 4282 3520 4351 κατεμέμφετο
3544 4281 3640 4352 τὴν
3668 4280 3780 4334 τῶν

2203 4369 2396 4424 κοινῶν
2425 4369 2737 4443 ὀλιγωρίαν,
2776 4370 2966 4423 πενίαν
2998 4371 3045 4423 τ’
3081 4371 3414 4436 ἐπωνείδιζε,
3454 4371 3650 4442 δεῖγμα
3682 4369 3777 4424 τοῦ

523 4459 672 4530 gavit
701 4461 816 4530 ejus
843 4461 894 4514 in
951 4460 1228 4528 republica
1283 4461 1522 4531 gerenda
1573 4461 1955 4532 negligentiam
1993 4477 2006 4514 :
2047 4469 2097 4513 et

2203 4463 2362 4531 λόγου
2413 4462 2689 4534 παρέχων,
2731 4461 2792 4514 τὸ
2826 4463 2989 4532 μηδὲν
3030 4463 3192 4516 αὑτὸν
3225 4467 3281 4515 ἐν
3321 4463 3613 4536 θησαυροῖς
3652 4463 3780 4516 ἀπό-

523 4561 895 4622 paupertatem
931 4552 1032 4621 ipsi
1063 4553 1262 4620 probro
1296 4553 1478 4616 vertit,
1523 4554 1626 4608 hoc
1671 4553 1904 4607 maxime
1932 4567 2096 4618 argu-

523 4653 706 4698 mento
740 4643 896 4698 [idem
931 4643 1092 4698 dictis
1115 4643 1340 4709 faciens,
1371 4645 1512 4714 quod
1555 4645 1689 4699 nihil
1734 4646 1786 4699 in
1832 4643 2100 4700 thesauris

525 4736 862 4789 reconditum
896 4737 1141 4791 haberet.
1185 4738 1256 4791 At
1289 4736 1376 4790 ille
1403 4750 1496 4792 eos
1519 4738 1610 4806 qui
1655 4736 1723 4790 ab
1772 4737 2102 4805 imperatore

525 4841 788 4884 venerant
819 4832 1047 4899 rogavit,
1080 4842 1139 4884 ut
1168 4831 1308 4900 apud
1355 4845 1413 4884 se
1459 4831 1854 4899 aliquantisper
1902 4829 2101 4882 morari

524 4918 746 4974 vellent.
777 4921 977 4975 Deinde
1007 4938 1074 4977 ex
1126 4923 1377 4977 omnibus
1427 4922 1724 4991 provinciis
1761 4937 1882 4992 quae
1933 4921 2102 4990 ipsius

595 5126 712 5198 (39)
761 5128 813 5179 '0
853 5127 920 5181 δὲ
952 5126 1057 5199 τοῦ
1091 5129 1330 5196 μύσους
1372 5130 1680 5199 ἀμίαντον.
1744 5129 2098 5184 Scribendum

523 5197 745 5252 videtur
771 5200 799 5251 6
828 5199 886 5251 δὲ
917 5197 1106 5250 τούτου
1133 5199 1225 5251 τοῦ
1264 5197 1486 5269 μύσους.
1533 5201 1727 5254 Iisdem
1771 5201 1882 5254 fere
1924 5201 2102 5253 verbis

523 5269 607 5340 usi
632 5278 757 5322 sunt
784 5269 1085 5340 Donatistae
1105 5269 1373 5340 inlibello
1402 5286 1623 5340 precum
1649 5285 1808 5338 quem
1837 5270 2100 5324 Constan-

529 5339 652 5392 tino
694 5338 1008 5406 imperatori
1037 5337 1345 5392 obtulerunt
1377 5337 1578 5408 {cujus
1629 5341 1905 5407 exemplar
1936 5341 2104 5394 refert

521 5409 748 5476 Optatus
768 5410 818 5461 in
852 5409 944 5463 lib.
973 5424 988 5461 ι
1017 5427 1029 5462 :
1067 5428 1084 5458 ι
1110 5409 1380 5478 Rogamus
1411 5411 1852 5477 te,Constantine
1872 5411 2102 5476 impera-

522 5488 630 5537 tor,
666 5480 918 5546 quoniam
953 5479 1020 5531 de
1051 5495 1246 5544 genere
1282 5480 1433 5548 justo
1469 5495 1562 5544 es;
1609 5481 1760 5549 cujus
1787 5481 2104 5548 pateriutcr

530 5559 761 5601 caeteros
806 5551 1166 5617 imperatores
1193 5550 1626 5616 persecutionem
1665 5565 1770 5604 non
1805 5550 2052 5605 exercuit
2084 5567 2096 5602 :

520 5625 575 5669 et
705 5624 808 5691 hoc
828 5619 1029 5691 scelere
1058 5621 1310 5691 immunis
1343 5629 1423 5674 est
1451 5620 1641 5691 Gall_ia_.
1673 5638 1708 5691 _I

597 5687 708 5755 (Δο)
745 5689 944 5757 Vulg”
1003 5687 1341 5757 ἐκθέσμους
1407 5687 1631 5757 φωνάς.
1671 5689 1834 5744 Deest
1878 5690 2098 5748 verbum

528 5756 938 5825 προστιθέντες,
976 5768 1071 5812 aut
1110 5756 1253 5814 aliud
1285 5756 1479 5815 simile.
1527 5759 1634 5816 Nec
1673 5761 1966 5815 omittenda
2013 5772 2096 5817 est

2201 4554 2353 4609 θετον
2383 4553 2701 4626 κεκτῆσθαι.
2749 4555 2806 4608 '0
2835 4555 2891 4608 δὲ
2913 4557 3038 4617 τοὺς
3079 4554 3231 4626 παρὰ
3260 4555 3522 4634 βασιλέως
3546 4557 3779 4628 ἥκοντας

2201 4647 2366 4700 αὑτοῦ
2410 4646 2590 4718 μένειν
2622 4646 3190 4718 παρακελευσάμενος,
3220 4647 3329 4700 τῶν
3351 4648 3440 4700 ὑπ’
3469 4648 3632 4701 αὑτὸν
3652 4648 3779 4712 τοὺς

2203 4739 2492 4810 ἀμφιλαφῆ
2543 4738 2770 4792 πλοῦτον
2817 4741 3221 4806 κεκτημένους,
3258 4740 3317 4806 ἐξ
3367 4740 3621 4794 ἁπάντων
3668 4739 3778 4794 τῶν

2204 4832 2310 4886 ὑπὸ
2337 4835 2402 4902 τῇ
2435 4830 2680 4902 βασιλείᾳ
2726 4829 3067 4897 συγκαλέσας
3107 4828 3276 4882 ἐθνῶν
3297 4869 3310 4893 ,
3343 4830 3639 4901 χρημάτων
3668 4828 3778 4900 ἐφη

2202 4924 2436 4987 δεῖσθαι,
2481 4923 2574 4976 καὶ
2618 4921 2805 4975 τοῦτον
2857 4916 2995 4976 εἶναι
3040 4920 3230 4993 καιρὸν
3278 4923 3336 4974 ἐν
3389 4914 3435 4990 ᾧ
3483 4921 3777 4992 προσήκειν

2209 5128 2308 5182 viri
2339 5127 2478 5182 docti
2509 5126 2844 5196 conjectura.
2878 5141 3041 5196 qnam
3072 5127 3138 5180 ad
3175 5125 3476 5196 marginem
3502 5123 3626 5196 libri
3659 5122 3775 5196 llo:

2207 5199 2371 5252 mani
2427 5193 2716 5264 ascriptam
2785 5193 2962 5250 inveni
3013 5215 3027 5250 :
3084 5193 3621 5264 nempe‘legendum
3672 5193 3778 5248 sibi

2205 5269 2399 5344 vi_deri_
2429 5267 2516 5320 διὰ
2544 5263 2646 5344 τὰς
2694 5267 2794 5336 τῆς
2837 5263 3274 5344 εί-δωλολατρείας
3309 5263 3622 5344 ,ἐκθέσμους
3647 5280 3777 5344 ’φω-

2209 5338 2327 5400 νάς.
2360 5336 2641 5392 Turnebus
2669 5335 2798 5392 vero
2829 5338 2892 5389 ad
2919 5352 3072 5390 oram
3104 5335 3188 5389 sui
3220 5335 3428 5389 codicis
3464 5335 3776 5391 emendavit

2209 5408 2497 5477 ἐκθέσμοις
2544 5406 2768 5476 φωναῖς,
2815 5407 3038 5474 perinde
3081 5419 3147 5459 ac
3187 5404 3446 5477 Savilius.
3493 5402 3686 5477 Verum
3718 5403 3779 5458 in

2210 5473 2424 5533 schedis
2491 5473 2674 5546 liegiis
2737 5473 2901 5543 supra
2956 5490 3180 5546 vocemﬂ
3225 5473 3413 5546 φωνάς
3459 5476 3780 5546 emendatur

2211 5549 2384 5615 σφᾶςο
2430 5543 2594 5614 (ιιιαηῖ
2617 5547 3054 5600 emendationem
3088 5544 3314 5615 reliquis
3346 5543 3595 5615 praefero.
3629 5543 3780 5615 Scri-

2209 5613 2278 5672 bo
2305 5613 2484 5684 igitur,
2511 5617 2605 5670 καὶ
2635 5617 2684 5668 οἱ
2707 5616 2804 5688 μὲν
2835 5617 3092 5688 συγχύσει
3126 5613 3309 5688 κακῶν
3341 5613 3781 5688 είδῳλολατρείας

2207 5682 2497 5757 ὲκθέ-σμού.
2524 5687 2663 5754 σφᾶς
2687 5682 3032 5752 ἀὺτούςςὲἰε.
3064 5686 3119 5740 In
3146 5684 3330 5742 codiCe
3352 5682 3486 5739 Fuit.
3513 5682 3780 5754 scriptum

2205 5768 2288 5815 est
2315 5757 2598 5826 ἐκθέσμοις
2639 5759 2859 5824 φωναῖς.
