4210 6412
405 344 510 400 929

1503 353 1591 408 DE
1628 354 1791 410 Vl'l‘A
1829 355 2294 413 CONSTANTINI
2334 358 2464 414 LIB.
2507 363 2550 417 Ι.

3565 374 3672 429 930

401 459 665 524 ἕκαστον,
713 461 1170 534 αὐτοπροαίρετον
1223 462 1435 518 εῦνοιαν
1497 467 1635 538 πρὸς
1693 469 1786 522 τὸν
1833 469 1971 538 σφῶι

2089 471 2319 540 imperio
2352 473 2616 542 parebant
2645 486 2946 532 convocato
2989 480 3402 549 opulentissimo
3430 499 3669 555 quoque,

400 547 735 615 ἐνδείξασθαι
771 551 1015 621 βασιλέα.
1042 555 1181 618 Τοὺς
1210 556 1254 608 δ’
1283 555 1642 624 ἀκούσαντας,
1676 557 1866 630 ὥσπερ
1889 561 1982 612 εὐ-

399 643 501 719 χῂν
538 643 743 714 ταύτην
785 644 894 714 (41)
936 648 1001 699 ὲκ
1054 647 1265 718 μακροῦ
1316 647 1606 718 θεμένους,
1642 650 1740 721 τὴν
1774 651 1985 722 ἀγαθὴν

398 737 730 802 ἐνδείξασθαι
771 737 1113 808 προθυμίαν,
1167 741 1262 792 σὺν
1306 740 1462 810 τάχει
1519 760 1578 794 τε
1618 743 1713 796 καὶ
1759 743 1982 813 σπουδῇ,

397 828 602 900 χρυσοῦ
635 842 694 881 τε
741 828 838 882 καὶ
869 828 1134 899 ἀργύρου,
1169 831 1262 883 καὶ⁵
1293 832 1402 884 τῶν
1438 832 1640 884 λοιπῶν
1685 835 1983 904 χρημάτων

395 920 524 983 τοὺς
557 921 864 992 θησαυροὺς
890 920 1190 990 ἐμπλῆσαι,
1223 924 1289 992 τῇ
1316 922 1410 974 τοῦ
1444 921 1684 986 πλείονος
1720 923 1984 994 ὑπερϐάλ-

394 1012 585 1076 λοντας
610 1011 872 1083 ἀλλήλους
898 1011 1179 1083 φιλοτιμίᾳ
1198 1031 1212 1044 ·
1241 1012 1397 1066 τοῦτό
1421 1031 1479 1066 τε
1509 1013 1712 1083 πρᾶξαι
1738 1015 1832 1067 σὺν
1857 1031 1982 1083 φαι-

393 1102 541 1172 δροίς
587 1102 681 1154 καί
742 1101 986 1172 μειδιῶσι
1036 1101 1368 1172 προσώποις.
1417 1099 1496 1155 Οὐ
1545 1102 1609 1175 δὴ
1661 1104 1976 1174 γενομένου,

393 1191 773 1254 Κωνστάντιος
808 1192 933 1254 τοὺς
971 1191 1123 1262 παρά
1154 1191 1249 1244 τοῦ
1291 1193 1526 1262 μεγάλου
1559 1192 1823 1263 βασιλέως
1864 1195 1976 1265 (42)

393 1283 670 1346 αὐτόπτας
720 1281 970 1352 γενέσθαι
1013 1282 1122 1337 τῶν
1165 1277 1455 1354 θησαυρῶν
1504 1285 1812 1339 ἐκέλευσεν.
1862 1286 1978 1339 Εἶθ’

392 1368 469 1428 ὧν
501 1373 620 1443 ὄψει
656 1373 981 1444 παρέλαϐον,
1013 1375 1112 1446 τὴν
1143 1375 1450 1448 μαρτυρίαν
1477 1377 1809 1442 προσέταττε
1841 1376 1973 1446 (45)-

393 1468 486 1519 καὶ
531 1468 628 1522 νῦν
666 1468 766 1538 μὲν
807 1467 1056 1540 ἀθροῖσαι
1103 1471 1234 1540 παρ’
1278 1467 1456 1539 ἑαυτῷ
1488 1468 1694 1532 ταῦτα,
1729 1469 1896 1523 πάλαι
1929 1469 1974 1522 δ’

392 1557 543 1630 αὐτῷ
579 1559 730 1631 παρὰ
761 1562 872 1622 τοῖς
915 1559 1026 1613 τῶν
1072 1559 1370 1630 χρημάτων
1413 1561 1731 1626 δεσπόταις,
1771 1555 1860 1614 οἷα
1909 1561 1973 1633 δὴ

393 1651 760 1714 ὑπασπισταῖς
825 1650 1313 1723 παραοηκοφύλαξι
1377 1651 1526 1722 (-H),
1586 1651 1970 1715 φυλάττεσθαι.

390 1742 531 1806 Τοὺς
561 1742 660 1812 μὲν
695 1740 789 1796 οὖν
818 1743 1006 1814 θαῦμα
1035 1746 1252 1815 κατεῖχε
1291 1745 1388 1815 τῆς
1423 1743 1672 1815 πράξεως
1692 1760 1706 1774 ’
1750 1743 1973 1814 βασιλέα

2087 577 2147 618 se
2201 565 2431 632 pecunia
2471 579 2608 634 opus
2657 565 2858 622 habere
2912 571 2980 626 iis
3029 571 3378 642 signiﬁcavit,
3425 577 3673 647 hancque

2084 655 2426 710 occasionem
2452 655 2689 711 oblatam
2733 673 2876 726 esse,
2913 676 3018 731 qua
3062 678 3216 718 suam
3262 667 3492 737 quisque
3538 684 3669 740 erga

2084 745 2382 814 principem
2421 746 2856 804 benevolentiam
2893 763 3086 819 sponte
3113 753 3397 810 declarare
3423 758 3664 813 deberet.

2085 837 2162 890 Illi
2191 853 2344 904 vero,
2370 849 2554 908 utpote
2579 841 2668 908 qui
2695 841 3022 912 jampridem
3065 846 3118 900 in
3152 848 3295 903 votis
3324 849 3667 914 habuissent,

2081 938 2141 984 ut
2163 945 2322 984 suum
2343 945 2472 1000 erga
2505 931 2654 986 illum
2693 935 2935 991 studium
2997 938 3319 994 testiﬁcandi
3376 941 3666 1011 aliquando

2081 1017 2373 1074 oﬂ‘erretur
2399 1022 2645 1089 occasio,
2694 1024 2798 1080 hoc
2827 1026 3035 1092 audito,
3065 1028 3351 1085 confestim
3392 1049 3544 1095 auro,
3576 1049 3665 1087 ar-

2080 1122 2242 1181 gento
2265 1127 2330 1168 ac
2356 1112 2584 1183 reliquis
2615 1115 2810 1186 opibus
2852 1117 3134 1175 thesauros
3182 1120 3300 1189 ejus
3352 1127 3662 1195 compleve-

2078 1211 2206 1256 runt
2232 1222 2242 1256 :
2273 1205 2561 1260 ambitiose
2589 1215 2866 1262 certantes
2900 1208 3046 1264 inter
3074 1226 3154 1278 se,
3178 1221 3237 1266 ut
3266 1228 3324 1268 se
3346 1214 3578 1270 invicem
3607 1217 3659 1270 in

2077 1293 2360 1364 largiendo
2388 1307 2714 1365 superarent
2741 1317 2754 1353 :
2796 1300 2956 1368 idque
2979 1301 3102 1357 lmto
3124 1315 3287 1374 atque
3317 1306 3474 1362 hilari
3512 1308 3661 1362 vultu

2077 1400 2270 1440 omnes
2298 1390 2620 1457 p‘razstitere.
2649 1389 2783 1446 Post
2809 1393 2924 1448 haec
2972 1394 3322 1451 Constantius
3345 1397 3590 1455 homines
3628 1417 3658 1456 a

2075 1482 2293 1535 seniore
2317 1483 2561 1552 Augusto
2587 1485 2654 1538 ad
2679 1499 2738 1539 se
2775 1485 2993 1553 missos,
3025 1489 3405 1545 thesaurorum
3436 1507 3658 1548 suorum

2073 1580 2414 1640 spectatores
2442 1587 2562 1628 esse
2587 1573 2769 1643 jussit,
2803 1583 2856 1629 et
2904 1592 2966 1632 ea
2998 1594 3116 1648 qua:
3144 1580 3408 1636 vidissent
3463 1597 3660 1636 renun-

2074 1663 2232 1717 tiare.
2263 1663 2336 1720 Se
2365 1665 2584 1735 quidem
2616 1667 2670 1720 in
2698 1671 3106 1738 przesentiarum
3135 1672 3251 1728 haec
3273 1676 3412 1743 apud
3445 1689 3506 1730 se
3529 1690 3657 1729 con-

2075 1768 2378 1824 gregasse:
2419 1766 2675 1814 caeterum
2705 1775 2767 1816 ea
2811 1761 3136 1833 jampridem
3187 1766 3326 1834 apud
3383 1767 3529 1834 ipsos
3558 1767 3658 1821 do-

388 1833 448 1887 δὶ
478 1833 570 1888 τὸν
600 1833 1130 1906 φιλανθρωπότατον,
1163 1835 1300 1907 μετὰ
1328 1836 1425 1905 τὴν
1451 1835 1656 1890 τούτων
1686 1835 1971 1908 ὑποχώρη-

2077 1843 2252 1899 minos
2282 1855 2539 1916 tanquam
2573 1852 2714 1922 apud
2763 1828 2901 1909 ﬁdos
2928 1828 3324 1925 vde-positarum
3365 1828 3524 1926 opum
3555 1873 3655 1911 cu-

391 1942 497 1988 σιν,
551 1928 675 1990 τούς
719 1927 829 1980 τῶν
874 1926 1172 1998 χρημάτων
1227 1927 1679 1998 μεταστείλασοαι
1724 1926 1968 1998 κυρίους,

388 2019 564 2070 πάντα
593 2017 638 2070 δ’
681 2018 1085 2084 ἀπολαϐόντας,
1121 2019 1304 2073 οἴκαδε
1336 2019 1498 2090 φάναι
1543 2021 1797 2088 ἀπιέναι,
1835 2039 1964 2076 κατ-

390 2105 504 2175 έχει
532 2106 688 2176 λόγος
707 2148 722 2172 ,
750 2107 971 2172 πειθοῦς
1002 2110 1097 2161 καὶ
1124 2109 1339 2181 ἀγαθῆς
1369 2111 1582 2174 εὐνοίας
1617 2113 1745 2175 τοὺς
1768 2111 1967 2182 ἄνδρας

385 2200 806 2272 ἀποδεξάμενον.
853 2202 970 2256 Μία
1024 2203 1122 2274 μὲν
1170 2203 1265 2273 ἥδε
1311 2203 1718 2275 φιλανθρωπίας
1768 2206 1966 2275 δεῖγμα

385 2291 623 2362 φέρουσα
648 2292 742 2346 τοῦ
769 2294 1098 2364 δηλουμένου
1123 2295 1343 2368 πρᾶξις.
1371 2295 1587 2368 Θατέρα
1621 2297 1679 2351 δὲ
1702 2297 1799 2368 τῆς
1829 2304 1966 2369 πρὸς

383 2383 445 2435 τὸ
476 2384 630 2436 Θεῖον
660 2385 812 2449 ὁσίας
841 2385 952 2456 (45)
992 2386 1239 2459 περιέχοι
1284 2387 1350 2442 ἂν
1381 2387 1600 2458 ἐμφανῆ
1634 2387 1961 2460 μαρτυρίαν.

2075 1937 2257 1990 stodes
2286 1938 2388 1992 sibi
2425 1943 2652 1996 servari.
2685 1942 2753 1998 Et
2783 1945 2836 1999 hi
2861 1946 3076 2014 quidem
3110 1947 3469 2003 admiratione
3491 1947 3654 2020 415

2074 2023 2234 2094 hujus
2257 2027 2333 2082 rei
2367 2032 2606 2099 perculsi
2637 2045 2764 2088 sunt
2793 2054 2807 2090 :
2842 2037 3270 2092 humanissimus
3295 2049 3478 2094 autem
3504 2041 3655 2110 prin-

2073 2131 2201 2185 ceps
2231 2130 2353 2188 post
2373 2136 2560 2179 eorum
2591 2127 2891 2183 discessum
2912 2144 3074 2200 opum
3113 2131 3360 2186 dominos
3389 2131 3654 2187 accivisse

2073 2207 2274 2264 dicitur
2303 2229 2316 2266 :
2348 2223 2406 2268 et
2429 2215 2691 2287 obsequio
2717 2220 2927 2276 illorum
2956 2236 3019 2274 ac
3043 2221 3224 2276 studio
3249 2237 3376 2288 erga
3431 2237 3491 2276 se
3535 2237 3654 2274 ma-

2074 2317 2314 2372 gnopere
2344 2305 2584 2375 laudato,
2620 2308 2852 2376 jussisse
2881 2322 2938 2365 ut
2965 2313 3176 2366 cunctis
3207 2313 3399 2383 Opibus
3426 2313 3536 2367 suis
3559 2327 3649 2366 re-

2071 2393 2242 2460 ccptis
2275 2392 2494 2448 domum
2521 2408 2948 2453 reverterentur.
2975 2398 3088 2454 Hoc
3114 2401 3278 2470 igitur
3303 2415 3471 2454 unum
3504 2399 3648 2454 illius

383 2476 644 2545 principis
675 2477 889 2534 facinus
931 2490 1036 2544 est,
1081 2495 1192 2550 quo
1235 2481 1528 2552 singularis
1561 2481 1676 2550 ejus
1707 2482 2018 2538 humanitas
2059 2489 2344 2555 perspicue
2385 2489 2722 2546 declaratur.
2757 2493 3000 2547 Alterum
3052 2492 3264 2549 facinus
3294 2493 3502 2549 illustre
3530 2502 3648 2564 ejus

381 2584 508 2641 erga
542 2571 707 2626 Deum
733 2573 949 2642 pietatis
974 2575 1234 2630 indicium
1264 2575 1491 2644 praebet.

907 2664 1301 2719 ΚΕΦΔΛΛΙΟΝ
1338 2666 1440 2719 ΙΕ’.

590 2751 728 2820 Περὶ
763 2751 871 2805 τοῦ
912 2751 1030 2807 ὑπὸ
1068 2752 1188 2806 τῶν
1226 2753 1435 2809 ἄλλων
1471 2755 1749 2824 διωγμοῦ.

453 2839 720 2895 ’Ἦλαυνον
767 2844 864 2913 μὲν
902 2843 1011 2915 γὰρ
1040 2845 1351 2915 ἁπανταχοῦ
1387 2847 1490 2916 γῆς
1521 2849 1648 2911 τοὺς
1694 2847 1962 2910 θεοσεϐεῖς

379 2932 439 2998 εξ
475 2933 847 3004 ἐπιτάγματος
873 2935 981 2986 τῶν
1019 2935 1366 3007 κρατούντων
1403 2938 1453 2990 οἱ
1495 2939 1615 2992 κατ’
1661 2938 1812 3002 ἔθνος
1856 2938 1956 3010 ἄρ-

374 3039 596 3094 χοντες·
643 3024 703 3088 ἐξ
754 3025 937 3078 αὐτῶν
984 3025 1040 3078 δὲ
1093 3025 1380 3096 βασιλείων
1430 3027 1596 3082 οἴκων
1647 3027 1960 3100 ὁρμώμενοι

379 3115 674 3186 πρώτιστοι
720 3117 938 3172 πάντων
969 3118 1095 3182 τοὺς
1145 3118 1287 3192 ὑπὲρ
1329 3119 1614 3186 εὐσεϐείας
1644 3119 1862 3189 ἀγῶνας
1908 3123 1956 3175 οί

378 3212 643 3282 Θεοφιλεῖς
661 3212 874 3284 διῆλθον
899 3214 1195 3286 μάρτυρες,
1225 3214 1338 3288 πῦρ
1361 3216 1456 3270 καὶ
1488 3215 1726 3287 σίδηρον,
1750 3217 1842 3268 καὶ
1868 3214 1956 3268 θαι

376 3304 576 3377 λάττης
609 3304 824 3375 βυθοὺς,
870 3306 1047 3361 πάντα
1083 3324 1143 3360 τε
1179 3307 1409 3361 θανάτου
1447 3309 1647 3379 τρόπον
1679 3308 1953 3379 προθυμό-

375 3414 511 3451 τατα
558 3397 1062 3470 διακαρτεροῦντες,
1107 3400 1182 3464 ὠς
1236 3403 1295 3454 ὲν
1338 3400 1533 3472 βραχεῖ
1573 3401 1642 3454 τὰ
1674 3402 1948 3472 πανταχοῦ

377 3488 620 3558 βασίλεια
658 3490 769 3560 (46)
814 3491 1075 3561 θεοφιλῶν
1107 3491 1374 3564 χηρεῦσαι
1413 3492 1649 3563 ἀνδρῶν·
1687 3493 1716 3546 ὃ
1757 3493 1820 3564 δὴ
1853 3494 1946 3547 καὶ

377 3578 610 3650 μάλιστα
666 3580 766 3650 τῆς
815 3578 908 3633 τοῦ
970 3578 1106 3632 Θεοῦ
1173 3580 1476 3648 ἐπισκοπῆς
1527 3581 1767 3651 ἐρήμους
1824 3580 1951 3642 τοὺς

372 3671 615 3741 δρῶντας
657 3671 958 3742 εἰργάζετο.
1012 3671 1176 3742 Ὁμοῦ
1223 3673 1330 3744 γὰρ
1377 3672 1454 3743 τῷ
1504 3674 1630 3736 τοὺς
1679 3672 1950 3737 θεοσεϐεῖς

373 3764 638 3830 ἐλαύνειν,
667 3767 760 3819 καὶ
786 3765 885 3829 τὰς
910 3766 1050 3837 ὑπὲρ
1073 3765 1252 3819 αὐτῶν
1275 3764 1558 3830 ὲξεδίωκον
1584 3765 1769 3835 εὐχάς.

2662 2667 2890 2724 CAPUT
2922 2669 3037 2724 XV.

2333 2759 2406 2812 De
2431 2762 2795 2828 persecutione
2828 2767 2891 2816 ab
2931 2764 3054 2816 aliis
3083 2765 3372 2820 concitata.

2132 2849 2396 2904 Praesides
2425 2853 2826 2919 provinciarum
2854 2869 2954 2924 per
2983 2856 3294 2910 universum
3343 2856 3532 2914 orbem
3559 2857 3646 2912 vl-

2060 2957 2148 2994 ros
2177 2941 2361 2996 divino
2391 2943 2558 2997 cultui
2595 2943 2808 2998 deditos
2855 2946 3244 3014 imperatorum
3267 2948 3422 3016 jussu
3462 2963 3648 3020 perse-

2061 3035 2385 3100 qucbantur.
2421 3035 2695 3104 Primique
2723 3037 2961 3090 omnium
3004 3053 3068 3092 ex
3104 3038 3238 3109 ipsrs
3269 3041 3646 3110 imperialibus

2059 3123 2276 3192 palatiis
2332 3126 2605 3195 progressi
2654 3126 2750 3180 Dei
2801 3129 3164 3181 amantissimi
3210 3139 3502 3200 martyres,
3544 3147 3646 3201 pro

2057 3215 2320 3284 religione
2383 3216 2687 3270 certamina
2758 3216 3035 3282 obierunt,
3093 3220 3271 3289 ignem
3323 3231 3380 3274 et
3434 3221 3645 3291 gladios

2053 3305 2330 3372 marisque
2359 3304 2653 3360 altissimos
2677 3307 2941 3375 gurgites,
2975 3316 3030 3362 et
3076 3316 3270 3361 cuncta
3321 3308 3509 3362 mortis
3551 3324 3644 3378 ge-

2052 3410 2182 3448 nera
2209 3395 2377 3449 alacri
2407 3396 2588 3450 animo
2615 3397 2880 3465 perpessi.
2913 3397 3064 3452 Adeo
3109 3408 3164 3451 ιιι
3190 3398 3340 3453 brevi
3378 3401 3641 3468 temporis

2063 3485 2240 3555 spatio
2274 3494 2470 3540 cuncta
2501 3485 2889 3555 imperatorum
2935 3488 3136 3556 palatia
3183 3489 3490 3545 cultoribus
3540 3490 3638 3554 Dei

2058 3580 2274 3632 viduata
2309 3579 2438 3632 sint.
2462 3576 2582 3644 Quo
2612 3577 2846 3632 maxime
2877 3578 3080 3633 factum
3105 3589 3208 3645 est,
3250 3589 3308 3633 ut
3329 3580 3489 3650 hujus
3519 3596 3640 3635 sce-

2057 3671 2184 3725 leris
2215 3681 2488 3734 auctores,
2535 3670 2627 3725 l)ei
2672 3673 2960 3742 przesentia
2991 3683 3153 3742 atque
3208 3672 3409 3728 auxilio
3457 3673 3637 3730 orbati

2056 3773 2421 3820 remanerent.
2452 3764 2588 3818 Dum
2617 3765 2761 3819 enim
2785 3763 3023 3820 cultores
3049 3765 3216 3820 divini
3236 3763 3484 3822 Numinis
3515 3780 3636 3837 per-

371 3867 692 3921 seauuntur,
724 3858 912 3912 eadem
941 3871 1104 3926 opera
1139 3857 1480 3926 precationes
1506 3870 1607 3927 pro
1637 3857 1946 3926 semetipsis
1969 3855 2084 3911 ﬁeri
2108 3856 2298 3912 solitas
2326 3857 2644 3927 ahegerunt.

440 4035 550 4106 (tl)
590 4036 811 4104 Ὠσπερ
837 4033 1029 4104 εὐχὴν
1049 4037 1297 4104 ταύτην.
1340 4035 1493 4106 Hunc
1519 4035 1695 4089 locum
1718 4051 1824 4090 non
1857 4036 1942 4088 in.

369 4105 576 4162 tellexit
599 4107 1147 4173 Cbrismphorsonus.
1180 4109 1271 4174 qui
1311 4105 1574 4176 θεμένους
1609 4106 1938 4176 interpreta-

370 4189 455 4232 tus
483 4187 566 4230 est
596 4187 900 4248 statuentes.
950 4191 1071 4230 cum
1101 4177 1265 4248 εὐχὴν
1309 4175 1538 4248 θέσθαι,
1568 4175 1710 4248 idem
1745 4175 1816 4248 sit
1873 4189 1939 4230 ac

367 4262 484 4302 rata
511 4249 791 4316 suscipere.
821 4243 935 4310 Qua
965 4261 1100 4301 voce
1140 4243 1310 4301 utitur
1343 4247 1608 4316 Eusebius
1642 4245 1749 4316 alio
1793 4245 1935 4310 loco,

366 4331 429 4372 ut
466 4315 606 4371 infra
635 4315 862 4376 dicetur,
906 4330 1101 4384 nempe
1138 4317 1189 4370 in
1223 4332 1343 4384 cap.
1382 4315 1473 4377 22,
1503 4315 1596 4370 lib.
1629 4330 1690 4368 tt.
1719 4315 1939 4368 [tectius

364 4403 494 4458 ergo
525 4385 798 4441 Portesius
844 4384 989 4441 hunc
1029 4387 1206 4458 locum
1253 4388 1325 4440 ita
1368 4386 1551 4452 vertit,
1582 4386 1680 4458 his
1718 4385 1936 4458 auditis,

365 4453 498 4511 σε’δὶ
527 4457 591 4509 de
625 4458 720 4509 illa
756 4458 868 4524 ipsa
902 4471 956 4509 re
993 4465 1111 4511 vota
1153 4457 1366 4525 jamdiu
1390 4455 1763 4525 suscepissent,
1801 4465 1855 4525 ut
1882 4453 1936 4506 id

2122 4035 2231 4103 (44)
2269 4031 2373 4090 οἷα
2417 4035 2468 4088 δ’
2511 4035 2928 4101 ὑπασπισταῖς
2967 4037 3530 4105 παραθηκοεριξλαξι.
3574 4039 3628 4093 In

2046 4102 2414 4176 Mora-:i__libro
2477 4108 2544 4176 ad
2597 4107 2894 4176 marginem
2939 4102 3393 4161 eniendat‘ur'oi'a
3437 4102 3502 4176 δὴ
3546 4127 3631 4162 πι-

2045 4177 2210 4238 στοῖς.
2242 4174 2441 4229 Verum
2475 4174 2609 4228 nihil
2642 4174 2778 4243 opus
2799 4186 2881 4231 est
2910 4176 3014 4246 hac
3044 4177 3446 4232 emendatione.
3470 4174 3628 4246 Apud

2045 4255 2256 4316 veteres
2283 4246 2426 4300 enim
2457 4246 2699 4316 pecunia:
2729 4245 3136 4316 deponebantur
3155 4245 3627 4316 intemplis,secu-

2045 4315 2224 4369 ritatis
2247 4329 2434 4378 causa,
2467 4315 2649 4383 ibique
2673 4316 2904 4369 militum
2944 4315 3191 4370 excubiis
3237 4315 3619 4383 servabantur,

2045 4395 2104 4455 ut
2156 4395 2309 4438 notat
2355 4395 2510 4455 vetus
2562 4385 3250 4455 scholiasnes_Juvenalis,
3305 4395 3362 4440 et
3410 4385 3624 4455 Lipsius

2045 4454 2098 4506 in
2152 4455 2290 4509 libro
2348 4452 2427 4507 De
2484 4457 2844 4525 magnitudine
2893 4453 3158 4525 Romana.
3229 4455 3309 4510 Ad
3358 4452 3622 4525 llos—igi-

361 4529 608 4592 eveniret,
643 4543 744 4594 quo
778 4512 848 4579 ’δε
893 4528 1115 4592 probare
1153 4512 1398 4594 'possent.
1455 4512 1626 4579 Porro
1679 4512 1936 4596 supplen-
1970 4512 2015 4568 Ῑ)
2047 4526 2363 4596 turmilitcs
2385 4512 2890 4596 alludit'Eusebius.
2922 4524 3155 4596 Possunt
3179 4525 3342 4596 etiam
3383 4512 3619 4596 ὑπασπι-

361 4601 490 4650 dum
551 4592 773 4652 est'hic
832 4597 1054 4653 verbum
1129 4592 1293 4666 φασιν
1345 4606 1469 4664 post
1514 4609 1699 4648 vocem
1744 4592 1940 4665 προθυ-

363 4666 543 4807 μίῗιῖἐ)
581 4734 768 4807 Y_ulg.,
820 4736 955 4807 παρ’
997 4734 1185 4807 αὑτοῦ
1221 4733 1548 4807 βασιλέ-ῳς.
1589 4731 1738 4807 Legg
1785 4731 1935 4807 ποιρά

358 4806 453 4860 τοῦ
481 4801 716 4877 μεγάλου
734 4804 1030 4927 1ξασιλέως,
1071 4815 1128 4858 ιιι
1169 4805 1222 4858 in
1261 4807 1400 4858 libro
1440 4803 1646 4870 Mot‘aai,
1676 4801 1933 4855 "l'urnebi

359 4893 426 4930 ac
451 4873 638 4930 Savilii
657 4883 712 4926 et
781 4874 946 4927 uketii
968 4872 1312 4928 emendatum
1335 4875 1535 4928 inveni.
1562 4871 1731 4927 Porro
1760 4871 1934 4930 μέγαν

359 4893 426 4931 ac
451 4888 638 4930 savum
657 4888 712 4926 et
734 4888 946 4927 r'usetu
968 4888 1312 4928 emendatum
1335 4888 1535 4928 inveni.
1562 4888 1731 4927 rorro
1760 4888 1934 4942 μεγαν

359 4945 584 5022 βασιλέα
612 4945 999 5022 interpretatus
1037 4943 1448 5022 sum-seniorem
1468 4944 1790 5022 ᾼιιθιιξιιιιπ.
1813 4945 1936 5022 “Sic

358 5013 503 5071 enim
528 5017 582 5068 in
611 5015 885 5068 veteribus
927 5013 1271 5083 panegyricis
1307 5023 1364 5068 et
1400 5013 1456 5067 in
1481 5013 1934 5082 inscriptionibus

355 5094 586 5140 vocatur
618 5083 1008 5137 Diocletianus.

427 5157 546 5229 (43),
571 5153 690 5222 Τὴν
705 5153 1037 5229 μαρτυρίφρ
1058 5151 1441 5229 προσέταττε.
1454 5150 1540 5229 ΔΙῐι
1571 5150 1797 5229 schedis
1821 5150 1903 5208 Re
1916 5181 1936 5196 ο

355 5221 460 5295 giis
485 5228 549 5278 ad
579 5221 877 5295 marginem
908 5223 1181 5295 adduntur
1220 5221 1528 5295 haecyerba
1567 5236 1584 5276 :
1621 5221 1930 5295 Προσέτατ-

352 5291 413 5348 τε
442 5291 862 5366 διακονήσασθαι
897 5291 977 5363 τῷ
1013 5291 1380 5366 πενίανΑαύτῷ
1395 5291 1924 5366 καταμεμψαμένῳο

353 5365 638 5428 ἐπιθέντας
651 5361 1044 5435 spumea:
1089 5361 1164 5433 μὴ
1193 5363 1304 5435 ἀπὸ
1317 5361 1466 5435 γοῶν
1488 5361 1611 5432 μηδ’
1649 5361 1709 5435 εξ
1741 5361 1926 5416 ἀδίκου

352 5435 666 5500 πλεονεξίας
714 5429 853 5506 εἶναι
878 5429 1390 5506 παρεσκευασμένα.
1433 5429 1568 5498 quae
1603 5430 1683 5506 .ab
1711 5435 1925 5487 erudito

393 5509 604 5585 nopiam
641 5521 704 5560 ex
737 5500 1052 5585 conjectura
1082 5500 1338 5585 suppleta
1364 5517 1488 5557 esse
1510 5500 1646 5585 satis
1673 5513 1920 5570 apparet.

393 5523 604 5575 nopiam
641 5521 704 5560 ex
737 5520 1052 5570 conjectura
1091 5520 1338 5585 suppleta
1364 5520 1488 5557 esse
1510 5520 1646 5583 satis
1673 5520 1920 5570 apparet.

350 5520 465 5646 Ego
508 5578 726 5630 unicum
753 5645 758 5646 ί
786 5574 1016 5646 verbum
1032 5645 1038 5646 ί
1069 5574 1725 5646 _luc__deesse‘_ex_tsumo
1781 5587 1924 5646 παρ-

352 5637 514 5730 ἐχειν.
535 5647 730 5730 Scribo
749 5645 930 5714 igitur,
947 5643 1043 5730 εἴθ’
1053 5637 1136 5730 ,ιῖιν
1155 5641 1276 5730 δείξει
1300 5641 1646 5730 παρέλαϐον,
1658 5637 1922 5730 παρέχειν

478 5711 1130 5786 μαρτυρίανπροσέταξε.
1168 5714 1259 5769 Sic
1287 5711 1440 5769 enim
1471 5711 1920 5787 Eusebius’loqui

349 5801 412 5840 δυ
433 5800 506 5841 et.

2043 4593 2186 4648 στῶν
2217 4595 2434 4648 nomine
2464 4595 2552 4648 hic
2584 4594 2818 4660 intelligi
2847 4593 3081 4647 Palatini
3111 4595 3202 4662 qui
3235 4593 3454 4648 sacrum
3483 4611 3620 4650 aera-

2041 4665 2181 4719 rium
2214 4663 2606 4719 custodiebant.
2641 4665 2694 4716 ln
2723 4663 2941 4718 schedis
2976 4663 3161 4732 Regiis
3183 4665 3614 4733 superscriptum

2039 4734 2336 4804 esteatlem
2368 4748 2527 4804 hianti
2565 4733 2670 4804 ὐπὸ
2717 4736 2948 4804 πιστοῖς,
2993 4734 3134 4799 quod
3177 4749 3285 4788 non
3329 4734 3614 4804 displicet;

2039 4803 2210 4874 code;
2241 4813 2388 4874 certe
2414 4801 2546 4874 Fuit.
2586 4803 2748 4874 habet
2769 4797 2856 4874 οἷα
2885 4803 2948 4874 δὴ
2981 4797 3213 4866 πιστοῖς.

2110 4873 2220 4942 (45)
2251 4873 2405 4942 Vulg.
2436 4870 2545 4938 τῆς
2567 4871 2716 4938 πρὸς
2731 4873 2797 4926 τὸ
2818 4870 2986 4926 Θεῖόν
3007 4874 3229 4939 αὶσίας.
3256 4872 3614 4930 Scribendum

2035 4941 2180 4996 haud
2205 4941 2384 4996 dubie
2416 4956 2502 4996 est
2529 4943 2700 5006 ὁσίας,
2732 4953 2793 4997 ιιι
2828 4945 2880 4997 in
2914 4942 3152 4998 'l‘urnebi
3183 4943 3324 4999 libro
3357 4947 3425 5000 ad
3467 4961 3614 5000 mar-

2036 5015 2215 5081 ginem
2247 5013 2590 5066 etnentlatum
2619 5014 2670 5065 in
2681 5013 2820 5070 veni.
3623 5039 3627 5046 ε

2108 5083 2221 5150 (46)
2285 5083 2362 5160 Τὰ
2405 5082 2716 5160 πανταχοῦ
2757 5084 3070 5147 βασίλεια.
3116 5081 3446 5160 Adverbium
3506 5084 3611 5142 hoc

2036 5154 2335 5221 πανταχοῦ,
2381 5166 2488 5206 ιιοη
2537 5155 2659 5207 sine
2701 5169 2864 5208 causa
2918 5163 3210 5221 utrumque
3252 5154 3608 5222 interpretem

2037 5224 2296 5285 turbavrt,
2353 5233 2411 5275 ut
2452 5237 2519 5276 ex
2572 5237 2762 5277 eorum
2808 5225 3257 5292 interpretatione
3303 5225 3604 5293 colligitur.

2032 5293 2232 5347 Verum
2275 5293 2711 5346 animadvertere
2750 5293 3073 5356 debuerant,
3123 5293 3381 5362 palatium
3431 5294 3606 5363 dupli-

2031 5365 2164 5416 citer
2205 5363 2366 5416 sumi.
2405 5363 2676 5417 Interdum
2706 5365 2850 5417 enim
2897 5364 3133 5416 sumitur
3178 5375 3279 5432 pro
3311 5363 3460 5418 curia
3506 5377 3603 5418 seu

2028 5444 2183 5486 curte
2210 5433 2485 5500 principis.
2523 5433 2646 5498 Quo
2669 5447 2833 5487 sensu
2871 5441 3110 5502 quatuor
3150 5433 3412 5486 duntaxat
3446 5442 3603 5486 erant

2031 5513 2159 5556 tunc
2195 5503 2454 5572 temporis
2488 5503 2708 5572 palatia,
2743 5517 2838 5570 pro
2873 5515 3101 5557 numero
3123 5502 3332 5557 scilicet
3372 5504 3601 5572 impera-

2028 5581 2225 5626 torum.
2253 5571 2527 5626 luterdum
2554 5588 2681 5626 vero
2709 5573 2966 5640 palatium
2997 5572 3199 5626 dicitur
3222 5571 3427 5640 quaevis
3454 5571 3600 5625 aedes

2026 5641 2080 5694 in
2113 5657 2220 5709 qua
2253 5641 2546 5708 imperator
2577 5642 2716 5697 solet
2755 5643 3034 5696 habitare.
3069 5642 3136 5696 Et
3166 5641 3454 5709 hocseusu
3479 5640 3598 5706 plu-

2026 5707 2162 5763 rima
2205 5707 2361 5764 erant
2398 5711 2594 5779 palatia
2643 5713 2696 5764 in
2748 5713 2880 5765 orbe
2927 5712 3194 5764 Romano.
3249 5707 3402 5762 Nulla
3438 5712 3595 5779 enim

2024 5779 2141 5834 fere
2180 5783 2376 5836 civitas
2399 5777 2545 5846 erat,
2585 5798 2704 5852 quae
2732 5783 2993 5852 palatium
3021 5796 3130 5838 non
3157 5779 3402 5834 haberet.
3436 5777 3594 5849 Ejus-
