4210 6386
563 340 661 398 931

1152 450 1376 506 CAPUT
1401 451 1538 506 XVI.

565 545 836 612 Quomodo
861 544 1236 598 Constantinus
1259 545 1512 597 simulans
1545 558 1600 594 se
1641 541 1923 594 simulacra
1965 541 2134 595 colere

633 634 720 670 eos
745 617 955 684 quidem
982 615 1071 679 qui
1101 615 1402 684 sacriﬁcare
1427 613 1602 679 parati
1631 623 1799 684 essent
1824 613 2080 676 expulerit
2113 627 2132 664 .'

633 680 768 738 illos'
796 701 912 736 vero
941 686 1031 752 qui
1062 699 1116 736 se
1162 680 1486 736 Christianos
1515 682 1751 750 proﬁteri
1807 684 2130 746 maluissent,

631 757 687 808 in
710 754 908 820 palatio
933 755 1226 806 retinuerit.

631 845 743 899 Soli
773 844 1096 898 Constantio
1121 843 1336 912 sapiens
1365 842 1633 910 quoddam
1675 841 1960 896 consilium
1985 841 2132 894 venit

561 936 614 990 in
646 946 902 990 mentem.
932 935 1009 988 Ac
1043 950 1131 988 res
1156 934 1373 1004 quidem
1403 935 1517 1001 ipsa
1550 949 1711 1000 quam
1748 935 1937 1000 gessit,
1968 933 2131 986 mira-

560 1025 682 1080 bilis
704 1036 787 1080 est
827 1024 1040 1090 auditu,
1085 1023 1232 1077 factu
1296 1031 1476 1076 tamen
1525 1021 1683 1091 longe
1737 1021 2127 1076 admirabilior.

559 1111 817 1167 Palatinis
846 1114 1099 1168 omnibus
1121 1113 1212 1181 qui
1240 1111 1292 1165 in
1340 1111 1506 1179 ipsius
1537 1111 1656 1163 aula
1703 1109 2024 1170 militabant,
2063 1110 2129 1162 ad

559 1204 706 1274 ipsos
731 1203 1130 1272 usquejudices
1158 1204 1211 1256 in
1233 1203 1460 1255 summis
1482 1201 1841 1269 potestatibus
1867 1201 2128 1255 constitu-

559 1306 663 1359 tos,
712 1297 834 1349 data
883 1294 1115 1363 eligendi
1158 1302 1338 1347 utrum
1385 1295 1607 1349 mallent
1654 1291 1932 1357 facultate,
1987 1292 2128 1346 hanc

557 1387 927 1441 conditionem
953 1385 1167 1449 detulit,
1201 1393 1263 1438 ut
1286 1385 1548 1453 siquidem
1585 1384 1915 1437 daemonibus
1955 1383 2127 1436 sacri-

557 1475 837 1536 ﬁcassent,
879 1486 1100 1526 manere
1131 1473 1262 1541 ipsis
1293 1473 1345 1526 in
1392 1472 1593 1542 palatio
1622 1482 1676 1525 et
1703 1470 1977 1525 consuetis
2025 1471 2128 1525 bo-

559 1566 781 1620 noribus
811 1563 913 1617 l'rui
948 1563 1176 1628 liceret;
1206 1563 1250 1617 si
1297 1578 1426 1617 vero
1480 1562 1530 1615 id
1561 1561 1742 1616 facere
1795 1561 2121 1626 rent-issent,

556 1659 623 1712 ab
652 1657 818 1726 ipsius
849 1657 995 1710 aditu
1027 1655 1469 1719 excluderentur,
1500 1665 1555 1710 et
1596 1656 1664 1708 ab
1715 1655 1886 1723 ipsius
1935 1656 2125 1709 notitia

557 1762 621 1802 ac
663 1747 1029 1802 fatuiliaritate
1070 1746 1263 1800 remoti
1292 1746 1652 1800 discederent.
1680 1745 1814 1799 Cum
1848 1759 1978 1816 ergo
2005 1746 2125 1800 uni-

1266 336 1534 394 EUSEBII
1573 335 2050 392 CAESARIENSIS
2086 336 2235 392 OPP.
2280 337 2458 392 PARS
2499 337 2538 391 1.
2578 369 2648 380 -
2685 339 3075 396 HISTORICA.

2166 457 2213 513 A

3705 341 3814 396 95‘!

2750 450 3142 506 ΚΕΦΑΛᾹΙΟΝ
3182 452 3298 518 ις.

2243 541 2432 607 Ὅπως
2447 542 2862 607 Κωνστάντιος
2880 546 2912 594 d
2931 539 3126 607 πατὴρ
3139 539 3634 611 εὶδωλολᾳτρείαν
3657 557 3814 611 σχη-

2302 611 2744 688 μοιτί-(γὰμενζος,Δ
2764 612 2932 688 ’τοὺς
2956 611 3091 688 ⁸μὲζ·
3151 612 3316 662 θύειν
3347 609 3658 688 Δθέμζονι-ιις
3679 609 3810 688 f5-

2305 676 2484 734 ἔϐαλε
2502 676 2692 747 [τοὺς
2713 681 2781 733 δὲ
2823 676 3188 750 ὁμολογῆσαι
3218 678 3619 748 προθεμένους
3646 676 3812 748 εἶχεν

2305 751 2376 803 ἐν
2403 752 2690 818 παλατίῳ.

2306 841 2470 912 Μόνῳ
2499 842 2542 894 δ’
2572 842 2678 912 ἄρα
2704 842 3064 912 Κωνσταντίῳ
3094 843 3253 912 σοφία
3294 859 3378 904 τις
3413 842 3525 915 (47)
3558 843 3810 916 ὑπεισῄει

2236 931 2492 1003 λογισμοῦ
2515 950 2528 963 ⁸
2555 935 2650 986 καὶ
2678 934 2909 1004 πρᾶγμα
2938 935 3166 1004 πράττει
3196 933 3492 1003 παράδοξον
3519 933 3616 1004 μὲν
3644 933 3810 986 ἀκοῦο

2238 1039 2348 1086 σαι,
2383 1024 2584 1094 πρᾶξαι
2626 1024 2684 1077 δὲ
2720 1023 3185 1094 θαυμασιώτατον.
3232 1025 3354 1086 Τοῖς
3385 1024 3494 1094 γὰρ
3539 1024 3632 1076 ὑπ’
3658 1023 3807 1094 αὐτῷ

2237 1114 2530 1183 βασιλικοῖς
2569 1115 2683 1187 (48)
2728 1116 2898 1169 ἅπασι
2955 1116 3113 1186 μέχρι
3155 1115 3388 1168 καὶτῶν
3424 1115 3510 1166 ἐπ’
3557 1114 3806 1180 ἐξουσίας

2233 1206 2506 1277 ἀρχόντων
2539 1206 2803 1277 αἱρέσεως
2851 1207 3244 1277 προταθείσης,
3280 1205 3527 1275 σύνθημα
3566 1205 3802 1272 δίδωσιν,

2231 1295 2265 1366 ἢ
2297 1295 2489 1350 θύσασι
2513 1300 2624 1360 τοῖς
2651 1296 2920 1367 δαίμοσιν,
2951 1298 3149 1361 ἐξεῖναι
3177 1299 3306 1368 παρ’
3328 1295 3476 1366 αὐτῷ
3503 1297 3685 1367 μένειν
3711 1297 3807 1351 καὶ

2231 1385 2337 1438 τῶν
2361 1386 2605 1456 συνήθων
2635 1387 3063 1457 μεταλαγχάνειν
3087 1386 3283 1456 τιμῶν,
3308 1386 3342 1457 ἣ
3377 1388 3450 1458 μὴ
3474 1386 3632 1440 τοῦτο
3659 1389 3804 1459 πρά-

2232 1475 2376 1542 ξασι,
2407 1477 2516 1531 τῶν
2548 1476 2684 1548 πρὸς
2709 1478 2899 1531 ἑαυτὸν
2924 1477 3342 1532 ἀποκεκλεῖσθαι
3371 1477 3638 1550 παρόδων,
3673 1479 3807 1544 egw-

2233 1567 2440 1621 θεῖσθαί
2469 1585 2529 1621 τε
2567 1568 2660 1621 καὶ
2683 1569 2991 1640 ἀποχωρεῖν
3022 1567 3123 1638 τῆς
3151 1567 3314 1621 αὐτοῦ
3343 1565 3595 1636 γνώσεώς
3626 1584 3682 1621 τε
3711 1569 3806 1621 καὶ

2231 1656 2576 1727 οἰκειότητος.
2613 1657 2828 1726 Ἐπειδὴ
2852 1653 2944 1710 οὖν
2969 1658 3298 1728 διεκρίνοντο
3321 1657 3400 1718 είς
3423 1657 3724 1727 ἀμφότερα,
3753 1659 3805 1709 oi.

2234 1748 2332 1818 μὲν
2349 1748 2424 1810 ὡς
2438 1747 2647 1810 τούσδε,
2679 1750 2726 1800 oi
2748 1748 2791 1800 δ’
2808 1749 2883 1812 ὼς
2905 1749 3145 1811 ἐκείνους
3166 1746 3527 1819 μεριζόμενοι,
3545 1747 3805 1818 ἠλέγχετο

554 1839 698 1892 versi
723 1836 973 1890 bifariam
1031 1836 1281 1906 dirempti
1317 1844 1536 1900 essent,
1567 1836 1808 1906 aliusque
1861 1837 1914 1891 in
1966 1837 2128 1904 hanc,
2160 1842 2207 1902 Β

2160 1842 2207 1902 Β
2235 1857 2291 1892 τε
2309 1841 2448 1910 ὁτῆς
2466 1840 2691 1893 ἑκάστου
2721 1839 3092 1909 προαιρέσεως
3117 1841 3336 1911 τρόπος,
3360 1838 3590 1892 ἐνταῦθα
3619 1840 3803 1892 λοιπὸν

555 1931 693 1986 alius
727 1931 781 1984 in
818 1931 958 1984 illam
993 1939 1204 2000 partem
1231 1929 1602 1994 discessisset,
1625 1938 1679 1982 et
1703 1929 2124 2000 uniuscujusque

555 2023 890 2092 propositum
921 2035 987 2075 ac
1043 2019 1309 2074 sententia
1369 2019 1649 2088 explorata
1715 2019 1949 2074 fuisset:
1995 2032 2124 2076 tunc

552 2115 783 2170 eximius
810 2113 1063 2184 princeps
1091 2111 1378 2165 consilium
1397 2126 1552 2166 suum
1585 2110 1724 2178 quod
1750 2113 2010 2166 hactenus
2044 2112 2124 2164 la-

555 2216 752 2270 tuerat,
784 2207 1060 2274 detegens,
1087 2201 1255 2275 416
1285 2202 1496 2256 illorum
1521 2202 1738 2271 quidem
1783 2203 2122 2257 timiditatem

553 2313 617 2352 ac
645 2299 868 2351 nimium
895 2297 976 2352 sui
1009 2297 1254 2365 ipsorum
1289 2309 1530 2348 amorem
1561 2295 1947 2350 condemnavit
1974 2312 1989 2349 :
2024 2295 2124 2350 hos

552 2405 684 2446 vero
710 2390 780 2444 ob
815 2389 1069 2443 devotam
1100 2387 1286 2441 divino
1322 2385 1533 2440 Numini
1568 2386 1950 2440 conscientiam
2001 2401 2122 2438 ma-

552 2495 790 2549 gnopere
819 2479 1093 2549 probavit.
1121 2478 1199 2532 Ac
1233 2478 1428 2531 deinde
1459 2477 1579 2531 illos
1611 2478 1828 2546 quidem
1863 2488 2120 2546 tanquam

551 2570 644 2626 Dei
679 2573 1008 2640 proditores,
1040 2585 1109 2624 ne
1137 2571 1395 2639 principis
1451 2570 1669 2638 quidem
1717 2569 1978 2637 obsequio
2036 2568 2120 2622 di-

551 2661 990 2732 gnosjudicavit.
1027 2662 1160 2716 Nam
1196 2663 1487 2732 quomodo,
1537 2662 1730 2731 inquit,
1786 2661 1943 2715 ﬁdem
1992 2675 2121 2728 erga

547 2756 850 2825 principem
873 2771 1027 2812 suum
1068 2754 1336 2810 servaturi
1369 2763 1512 2814 sunt,
1545 2753 1636 2823 qui
1662 2768 1789 2823 erga
1813 2753 1978 2807 Deum
2001 2766 2123 2820 per-

548 2846 641 2901 tidi
675 2860 798 2900 esse
833 2845 1353 2915 deprehenduntur?
1381 2845 1568 2915 Itaque
1597 2844 1858 2913 ejusmodi
1892 2843 2039 2898 viros
2087 2858 2120 2897 a

548 2937 714 3008 regiis
742 2937 947 2992 :e‘dibus
976 2935 1162 3006 procul
1195 2935 1521 3006 ablegandos
1545 2950 1666 2990 esse
1717 2933 1950 3013 censuit.
1996 2931 2121 2988 Illos

545 3042 678 3082 vero
705 3044 843 3097 quos
876 3030 984 3086 Deo
1005 3031 1194 3100 dignos
1214 3044 1335 3083 esse
1379 3026 1623 3081 veritatis
1653 3026 1824 3094 ipsius
1870 3025 2120 3080 testimo-

545 3119 638 3173 nio
661 3131 958 3188 constaret,
982 3121 1171 3176 eodem
1207 3136 1335 3190 erga
1371 3119 1670 3187 principem
1699 3119 1881 3172 animo
1908 3117 2118 3171 futuros

2225 1931 2564 2001 ὁθαυμάσιος
2596 1931 2657 1982 τὸ
2684 1930 2902 2002 λεληθὸς
2933 1931 3026 1983 τοῦ
3063 1931 3392 2001 σοφίσματος
3423 1933 3800 2002 ἀποκαλύψας,

2225 2020 2331 2074 τῶν
2350 2020 2448 2090 μὲν
2463 2021 2659 2073 δειλίαν
2676 2022 2768 2074 καὶ
2785 2022 3070 2090 φιλαυτίαν
3088 2023 3474 2086 κατεγίνωσκε,
3491 2025 3616 2086 τοὺς
3630 2024 3686 2076 δὲ
3701 2024 3802 2093 τῆς

2225 2113 2360 2183 πρὸς
2393 2115 2482 2166 τὸν
2514 2113 2644 2165 Θεὸν
2680 2115 3033 2184 συνειδήσεως
3061 2110 3119 2167 εὖ
3158 2115 3301 2184 μάλα
3337 2115 3649 2184 ἀπεδέχετο.
3684 2115 3801 2167 Κά-

2223 2218 2385 2255 πειτα
2410 2203 2534 2264 τοὺς
2565 2202 2683 2272 μὲν,
2710 2203 2784 2266 ὡς
2815 2203 2880 2256 ἂν
2910 2203 3044 2256 Θεοῦ
3077 2205 3358 2276 προδότας,
3383 2205 3516 2275 μηδὲ
3541 2204 3802 2274 βασιλέως

2223 2289 2362 2344 εἶναι
2411 2292 2592 2358 ἀξίους
2637 2294 2938 2362 ἀπέφαινε·
2988 2296 3104 2358 πῶς
3151 2280 3259 2364 γάρ
3305 2297 3366 2350 ἀν
3414 2312 3543 2348 ποτε
3592 2295 3803 2366 βασιλεῖ
3851 2277 3858 2281 ’

2225 2384 2405 2438 πίστιν
2446 2385 2675 2454 φυλάξαι
2709 2387 2842 2457 (49),
2885 2389 3010 2450 τοὺς
3041 2389 3170 2458 περὶ
3198 2389 3258 2442 τὸ
3292 2391 3537 2459 κρεῖττον
3573 2389 3800 2452 ἁλόντας

2223 2473 2578 2545 ἀγνώμονας;
2615 2477 2695 2529 διὸ
2728 2478 2822 2530 καὶ
2855 2477 3146 2547 βασιλικῶν
3185 2478 3349 2532 οἴκων
3387 2479 3605 2550 μακράν
3642 2479 3800 2532 ἐλαύ-

2221 2566 2402 2620 νεσθαι
2445 2567 2552 2620 δεῖν
2597 2569 2818 2632 τούτους
2867 2569 3208 2640 ἐνομοθέτει·
3253 2572 3378 2634 τοὺς
3426 2570 3483 2623 δὲ
3529 2571 3664 2641 πρὸς
3700 2572 3799 2641 τῆς

2219 2657 2475 2728 ἀληθείας
2517 2661 2960 2731 μαρτυρηθέντας
3009 2661 3145 2715 Θεοῦ
3191 2661 3391 2727 ἀξίους,
3435 2661 3653 2732 ὁμοίους
3702 2664 3798 2714 καὶ

2221 2752 2350 2824 περὶ
2402 2752 2622 2822 βασιλέα
2674 2753 2844 2807 εἰπὼν
2883 2754 3132 2820 ἔσεσθαι,
3185 2755 3654 2825 σωματοφύλακας
3703 2756 3798 2808 καὶ

2220 2844 2389 2915 αὐτῆς
2428 2845 2702 2915 βασιλείας
2741 2849 3008 2918 φρουροὺς
3049 2847 3376 2901 κατέταττεν
3399 2888 3414 2913 ,
3460 2849 3518 2900 ὲν
3562 2846 3796 2919 πρώτοις

2221 2937 2316 2988 καὶ
2342 2936 2450 3006 (50)
2485 2937 2803 3007 ἀναγκαίοις
2830 2939 2996 3007 φίλων
3023 2957 3080 2991 τε
3107 2940 3200 2993 καὶ
3225 2939 3439 2993 οἰκείων
3466 2941 3664 3010 χρῆναι
3691 2941 3797 3008 φή-

2223 3044 2320 3091 σας
2339 3029 2464 3092 τοὺς
2483 3029 2757 3091 τοιούτους
2782 3030 2889 3083 δεῖν
2917 3031 3219 3101 περιέπειν,
3249 3032 3342 3084 καλ⁵
3370 3031 3567 3102 μᾶλλον
3596 3030 3797 3092 αὐτοὺς

2223 3117 2256 3190 ἢ
2290 3119 2538 3188 μεγάλων
2573 3123 2770 3191 ταμεῖα
2812 3121 3102 3194 θησαυρῶν
3143 3121 3468 3191 περιπολλοῦ
3505 3120 3790 3192 τιμᾶσθαι,

542 3223 664 3265 esse
698 3209 996 3276 afﬁrmans,
1039 3220 1371 3280 protectores
1414 3220 1577 3278 atque
1607 3208 1815 3276 imperii
1849 3208 2016 3278 ipsius
2061 3210 2312 3264 custodes
2375 3213 2688 3277 constituit;
2739 3213 3002 3283 ejusmodi
3033 3215 3280 3270 homines
3325 3215 3464 3270 inter
3495 3217 3794 3286 praecipuos

543 3302 839 3356 amicorum
869 3312 924 3356 et
958 3301 1191 3356 maxime
1225 3302 1564 3357 necessarios
1604 3302 1884 3358 habendos
1917 3317 2035 3357 esse
2061 3302 2266 3369 dicens,
2297 3303 2571 3376 multoque
2626 3306 2796 3377 pluris
2841 3307 3186 3363 testimandos
3233 3324 3395 3378 quam
3435 3311 3792 3366 maximarum

541 3411 704 3466 opum
731 3397 1034 3452 thesauros.

1119 3485 1347 3542 CAPUT
1381 3487 1543 3543 XVII.

540 3581 621 3638 De
659 3580 850 3651 aﬂ'ectu
873 3589 920 3634 et
955 3594 1133 3632 amore
1175 3579 1407 3646 ejusdem
1461 3580 1758 3634 Constantii
1805 3595 1927 3649 erga
1959 3578 2112 3634 Chri-

1248 3659 1410 3704 stum.

613 3737 929 3807 Huiusmodi
961 3737 1062 3792 fuit
1083 3737 1424 3793 Constantini
1463 3747 1635 3806 pater,
1683 3739 1823 3794 sicut
1878 3754 1908 3792 a
1957 3738 2113 3792 nobis

540 3833 778 3888 breviter
813 3831 1103 3886 indicatum
1161 3838 1266 3885 est.
1299 3828 1486 3896 Qualis
1535 3839 1712 3886 autem
1766 3832 1944 3885 exitus
1989 3835 2114 3884 vitre

541 3925 615 3978 illi
643 3924 948 3994 contigerit,
982 3937 1104 3978 cum
1132 3937 1190 3977 se
1218 3919 1380 3975 talem
1406 3935 1535 3990 erga
1567 3923 1732 3978 Deum
1755 3922 2111 3992 prastitisset,

538 4025 909 4087 quantumque
945 4017 1240 4071 discrimen
1277 4018 1421 4072 inter
1445 4017 1595 4071 illum
1627 4025 1682 4071 et
1725 4015 1962 4084 reliquos
2011 4018 2111 4068 im-

536 4110 674 4180 perii
702 4116 982 4165 consortes
1009 4109 1054 4161 is
1079 4122 1237 4176 quem
1267 4107 1511 4161 coluerat
1543 4107 1682 4160 Deus
1700 4120 1820 4160 esse
1852 4105 2103 4168 voluerit,

537 4201 783 4271 quisquis
806 4214 919 4255 rem
945 4201 1113 4268 ipsam
1147 4199 1405 4254 attentius
1446 4199 1783 4269 expcnderit,
1818 4197 1977 4252 facile
2017 4211 2110 4250 co-

537 4373 678 4426 modi
706 4372 904 4441 palatia
939 4386 1032 4426 seu
1059 4373 1247 4425 domus
1267 4369 1426 4438 regite
1451 4379 1607 4422 erant
1628 4367 2105 4441 s_ub_dispositione

534 4438 892 4512 quorumdam
922 4442 1257 4506 ollicialium,
1288 4441 1381 4512 qui
1407 4453 1548 4512 cura?
1575 4438 1900 4512 palatioruut
1937 4453 2101 4512 voca:

537 4505 754 4577 bantur,
805 4511 872 4566 de
923 4512 1124 4581 quibus
1178 4505 2100 4581 meniiogtitinNotitiaimperii

537 4576 788 4636 Romani.
823 4576 1135 4650 Hzec'igitur
1168 4581 1365 4650 palatia
1399 4579 1659 4650 intelligit
1677 4576 2102 4633 EusebiusISed

534 4661 590 4705 et
639 4653 796 4706 villas
835 4649 1083 4719 publicas
1129 4649 1224 4706 seu
1269 4651 1448 4720 regias
1494 4649 1721 4718 intelligi
1764 4658 1915 4719 puto,
1967 4663 2102 4717 quas

533 4724 802 4774 curabant
835 4720 1149 4775 Caesariani.

607 4791 716 4858 (47)
749 4792 937 4858 Σοφία
956 4807 1067 4856 τις.
1096 4790 1224 4844 Post
1247 4789 1366 4843 haec
1389 4789 1553 4843 verba
1589 4789 1644 4843 in
1671 4787 1886 4841 schedis
1917 4787 2100 4857 Regiis

533 4874 634 4912 vox
671 4859 927 4921 εὐσεϐοῦς
956 4863 1021 4913 ad
1054 4860 1617 4928 marginemadditur
1649 4858 1928 4928 eleganter
1959 4875 1972 4888 ο
2011 4874 2100 4910 ao-

533 4929 633 4998 φία
664 4928 1040 4999 τιςηεὺσεϐοῦς
1072 4927 1320 4999 ὑπεισῄει
1359 4926 1640 4998 λογισμοῦ.

603 4999 718 5122 (4εέ
751 4998 901 5080 Yulg.
925 4998 1052 5080 τοῖς
1081 4999 1193 5066 γὰρ
1213 4995 1314 5052 ὕπ’
1345 4995 1532 5051 αὑτοῦ
1554 4996 1930 5078 βασιλικοῖς.
1955 4995 2099 5064 Lego

603 5070 626 5120 ς’
649 5086 684 5122 α
723 5085 820 5122 τω.
848 5079 909 5122 ut
931 5078 1014 5122 est
1038 5085 1088 5122 III
1117 5066 1254 5122 Fuk.
1297 5077 1349 5121 et
1383 5069 1568 5120 Monet
1608 5069 1767 5122 libro.
1800 5069 1851 5121 td
1876 5076 1959 5120 est
1984 5063 2097 5117 Pa-

533 5068 626 5122 se
649 5063 820 5138 αὐτῷ,
848 5063 909 5122 ut
931 5063 1254 5122 estin'F—uk.
1297 5069 1568 5138 etiMortei
1608 5069 1767 5130 libro,
1800 5069 1851 5121 id
1876 5076 1959 5120 est
1984 5063 2097 5138 Pa-

531 5139 712 5191 latinis
743 5135 982 5191 omnibus
1009 5139 1102 5191 sub
1131 5140 1243 5204 ipso
1280 5137 1654 5201 militantibus,
1693 5139 1923 5206 ipsisque
1964 5135 2095 5187 adeo

531 5209 795 5261 iudicibus
821 5210 910 5275 qui
945 5209 1001 5261 in
1034 5214 1293 5275 potestate
1337 5217 1484 5260 erant
1525 5205 1817 5260 constituti.
1847 5205 2097 5275 Potestas

526 5280 748 5348 proprie
780 5273 977 5348 dicimr
1017 5273 1088 5331 de
1117 5275 1426 5348 majoribus?
1451 5275 1770 5348 judicibtts,‘
1790 5273 2093 5348 gujusmodi

528 5343 687 5402 erant
722 5346 1269 5418 prazfectiiprwtorio.
1303 5345 1393 5418 Sic
1417 5345 1710 5418 infra_cap.
1744 5345 1836 5406 28,
1860 5343 1926 5396 et
1953 5343 2094 5418 apud

528 5411 808 5473 Socratem
842 5418 894 5471 in
929 5411 1023 5472 lib:
1065 5431 1126 5481 ll,
1167 5430 1289 5484 cap.
1325 5415 1412 5477 12,
1447 5416 1514 5469 de
1563 5411 2094 5484 Philippoipraal‘ecto

524 5489 798 5558 praetorio.
847 5488 953 5558 Sed
989 5497 1044 5558 et
1099 5483 1366 5558 igﬁestis
1409 5483 1743 5558 purgationis
1787 5483 2089 5558 graciliora

522 5549 802 5623 Agesilaus
828 5557 1070 5611 ollicialis
1097 5554 1308 5610 Amano
1333 5549 1638 5623 proconsuli
1671 5555 1742 5607 ita
1778 5549 1950 5623 dicit»;
1969 5549 2094 5623 Po-

521 5621 681 5680 testas
730 5637 822 5681 tua
865 5635 968 5681 etc.
1027 5625 1164 5681 Vide
1213 5621 1348 5693 qua!
1373 5639 1536 5692 supra
1583 5624 1764 5678 notavi
1811 5623 1876 5676 ad
1923 5621 2015 5673 lib.
2060 5636 2091 5674 v

522 5695 902 5750 Historiarum.

591 5765 702 5836 (49)
722 5839 726 5842 _
741 5766 873 5842 ῌῶς
902 5767 1008 5840 γὰρ
1029 5766 1104 5843 αν
1131 5778 1272 5819 ποτε
1294 5763 1549 5828 βασιλεῖ
1571 5763 1778 5816 πίστιν
1799 5758 2084 5834 φυλάξαι,

2736 3486 3130 3541 ΚΕΦΑΛΑΙΟΝ
3168 3489 3265 3541 ῘΖ’.

2301 3575 2440 3644 Περὶ
2484 3575 2596 3645 τῆς
2633 3577 3030 3646 φιλοχρίστου
3068 3577 3256 3632 αὑτοῦ
3290 3578 3708 3648 προαιρέσεως.

2302 3733 2436 3786 Ἀλλ’
2465 3727 2575 3796 οἷος
2609 3734 2704 3802 μὲν
2737 3732 2850 3802 (55)
2883 3734 2910 3784 ὁ
2942 3734 3350 3786 Κωνσταντίνου
3378 3734 3554 3805 πατὴρ
3585 3752 3792 3806 μνημο-

2219 3825 2453 3888 νεύεται,
2487 3824 2562 3887 ὼς
2591 3827 2648 3877 ὲν
2688 3825 2910 3896 βραχέσι
2950 3824 3260 3894 δεδήλωται.
3317 3826 3526 3881 Ὀποῖον
3550 3828 3594 3881 δ’
3637 3829 3791 3900 αὑτῷ

2217 3916 2400 3986 τοιῷδε
2448 3917 2576 3988 περὶ
2625 3917 2713 3970 τὸν
2759 3917 2890 3970 Θεὸν
2922 3917 3290 3986 ἀποδειχθὲν-ει
3338 3920 3788 3992 παρηκολούθησε

2216 4009 2387 4073 τέλος,
2427 4010 2521 4062 καὶ
2549 4009 2608 4063 ἐν
2639 4009 2788 4075 πόσῳ
2820 4009 2880 4061 τὸ
2913 4009 3221 4062 διαλλάττον
3258 4010 3420 4063 αὐτοῦ
3457 4028 3516 4064 τε
3549 4013 3640 4064 καὶ
3677 4013 3787 4064 τῶν

2213 4103 2482 4158 κοινωνῶν
2511 4105 2609 4174 τῆς
2637 4103 2910 4172 βασιλείας
2946 4106 2973 4157 ὁ
2999 4103 3135 4175 πρὸς
3173 4103 3336 4156 αὐτοῦ
3370 4104 3620 4176 τιμηθεὶς
3653 4103 3786 4167 Θεὸς

2210 4196 2398 4261 ἔδειξε,
2449 4197 2608 4267 μάθοι
2642 4197 2706 4251 ἄν
2753 4214 2836 4260 τις
2883 4200 2948 4268 τῇ
2992 4197 3090 4251 τῶν
3131 4196 3472 4268 πραγμάτων
3523 4196 3613 4250 τὸν
3659 4196 3785 4250 νοῦν

2209 4369 2266 4424 ln
2291 4371 2477 4426 codice
2504 4371 2669 4442 Regio
2692 4373 2759 4425 ad
2783 4373 2922 4427 latus
2943 4373 3133 4428 horum
3156 4375 3444 4428 verborum
3473 4372 3782 4442 hujusmodi

2134 4478 2179 4534 Β
2210 4451 2335 4494 nota
2369 4442 2658 4534 applolnitur
2681 4460 2806 4534 Ιιιξρ.
2854 4444 3100 4534 Similem,
3149 4454 3334 4524 notam
3369 4459 3530 4524 supra
3569 4445 3783 4524 notavi-

2207 4525 2330 4564 mus
2356 4511 2426 4564 *in
2463 4513 2556 4565 lib.
2595 4527 2628 4566 Χ
2675 4511 2928 4566 Historiae
2972 4512 3380 4574 Esclesiasticre,
3431 4511 3484 4566 in
3529 4514 3782 4567 oratione

2207 4581 2666 4663 illapanegyrica,
2694 4583 2839 4663 dic-ta
2873 4583 2923 4635 in
2948 4583 3299 4663 dedicatione
3325 4582 3583 4663 Ecclesiae
3609 4581 3737 4663 Tyri
3761 4602 3776 4636 :

2204 4651 2306 4704 nisi
2339 4657 2479 4722 quod
2523 4652 2704 4706 littera
2753 4653 2843 4706 illa
2873 4654 2958 4722 cui
3005 4668 3037 4722 ρ
3085 4653 3346 4722 inﬁgitur,
3401 4653 3492 4706 hic
3540 4651 3780 4720 undique

2203 4721 2457 4774 conclusa
2491 4731 2593 4774 est.
2631 4722 2752 4786 Quo
2785 4721 2954 4789 magis
2989 4721 3248 4787 adducor,
3288 4733 3345 4775 ut
3378 4723 3774 4776 credam'hanc

2202 4799 2387 4862 notam
2410 4805 2529 4844 esse
2555 4807 2612 4860 φ.
2649 4800 2704 4844 et
2733 4807 2785 4861 ρ.
2817 4800 2871 4862 et
2897 4791 3205 4858 signiﬁcare
3240 4792 3547 4862 φρόντισον,
3584 4791 3634 4846 id
3667 4800 3777 4854 est,

2201 4861 2448 4930 attende,
2485 4863 2686 4930 cogita.
2718 4861 2949 4930 Additur
2974 4870 3154 4914 autem
3189 4861 3304 4914 haec
3336 4874 3459 4915 nota
3490 4863 3644 4927 locis,
3681 4863 3775 4929 qui

2203 4928 2402 5000 habent
2437 4928 2673 4997 aliquam
2695 4929 3086 5000 dillicultaletn.
3124 4930 3284 4984 Verbi
3316 4932 3491 5000 gratia
3527 4933 3626 4984 hoc
3653 4928 3777 4983 loco

2201 4997 2460 5067 lectorem
2519 4999 2718 5054 morari
2769 5007 2945 5066 potest
3003 5001 3214 5053 novitas
3267 4997 3424 5067 hujus
3485 5001 3778 5054 locutionis

2199 5066 2318 5190 11:3;
2353 5068 2464 5192 gap
2496 5069 2564 5124 ἂν
2605 5067 2862 5138 φυλάξαι,
2911 5068 3014 5124 nisi
3051 5071 3190 5123 sciat
3222 5066 3584 5139 supplendum
3610 5069 3777 5122 δυνα-

2199 5154 2227 5188 τ
2262 5155 2290 5191 ν
2322 5155 2347 5190 ε
2372 5155 2429 5192 η.

2197 5154 2290 5191 τον
2322 5154 2429 5191 ειη.

2575 5207 2826 5278 πρώτοις
2871 5208 2991 5262 καί.
3040 5207 3223 5262 Codex
3256 5207 3462 5276 Regius
3510 5208 3773 5278 scriptum

2198 5277 2364 5352 habet
2397 5297 2410 5332 :
2455 5281 2514 5332 ὲν
2545 5279 2782 5352 πρώτοις
2808 5295 2868 5331 τε
2892 5277 3217 5352 ἀναγκαίοις
3251 5290 3367 5352 etc._
3399 5278 3553 5352 Quod
3587 5277 3772 5352 aut_em

2197 5351 2444 5421 sequitur
2470 5348 2667 5421 χρῆναι
2689 5349 2818 5421 δεῖν,
2853 5349 3199 5421 pleonasmus
3228 5361 3312 5403 est
3346 5349 3629 5421 familiaris
3658 5348 3773 5402 Eu-

2197 5419 2368 5471 sebio.
2406 5419 2684 5474 Sice'nim
2727 5420 2932 5474 locutus
2977 5427 3060 5472 est
3096 5421 3150 5472 in
3189 5419 3342 5477 libris
3379 5420 3772 5480 Historiarum,

2195 5496 2254 5542 ut
2290 5494 2457 5555 probe
2483 5490 2727 5543 memini.

2267 5558 2378 5628 (51)
2424 5560 2588 5613 Ἀλλ’
2617 5555 2741 5626 οἶος
2766 5558 2900 5628 μέν.
2942 5557 3075 5612 Novi
3121 5558 3319 5628 capitis
3351 5557 3647 5613 sectionem
3684 5556 3773 5610 hic

2196 5628 2443 5689 iecimus,
2477 5628 2630 5698 Regii
2658 5629 2860 5698 codicis
2893 5629 3270 5682 auctoritatem
3301 5630 3499 5693 secuti,
3528 5629 3616 5684 cui
3639 5640 3773 5682 con-

2196 5702 2359 5754 sentit
2387 5697 2724 5756 codex'Fult.
2760 5715 2882 5756 cum
2916 5701 3188 5756 veteribus
3219 5699 3458 5755 schedis.
