  <div class='ocr_page' id='page_1' title='image "/cluster/home/n/w/nwhite01/storage/ocr_20150623/20:no.2/coo.31924054873009/478.png"; bbox 0 0 4210 6382; ppageno 0'>
   <div class='ocr_carea' id='block_1_1' title="bbox 330 306 454 372">
    <p class='ocr_par' dir='ltr' id='par_1_1' title="bbox 330 306 454 372">
     <span class='ocr_line' id='line_1_1' title="bbox 330 306 454 372; baseline -0.008 -1"><span class='ocrx_word' id='word_1_1' title='bbox 330 306 335 310; x_wconf 58' lang='grc'><em>’</em></span> <span class='ocrx_word' id='word_1_2' title='bbox 349 315 454 372; x_wconf 79' lang='grc'>955</span> 
     </span>
    </p>
   </div>
   <div class='ocr_carea' id='block_1_2' title="bbox 1449 321 2515 382">
    <p class='ocr_par' dir='ltr' id='par_1_2' title="bbox 1449 321 2515 382">
     <span class='ocr_line' id='line_1_2' title="bbox 1449 321 2515 382; baseline 0.007 -7"><span class='ocrx_word' id='word_1_3' title='bbox 1449 321 1538 375; x_wconf 86' lang='lat' dir='ltr'><strong>DE</strong></span> <span class='ocrx_word' id='word_1_4' title='bbox 1579 321 1744 376; x_wconf 82' lang='lat' dir='ltr'><strong>VITA</strong></span> <span class='ocrx_word' id='word_1_5' title='bbox 1782 321 2252 379; x_wconf 75' lang='lat' dir='ltr'><strong>CONSTANTINI</strong></span> <span class='ocrx_word' id='word_1_6' title='bbox 2299 325 2431 382; x_wconf 85' lang='lat' dir='ltr'><strong>LIB.</strong></span> <span class='ocrx_word' id='word_1_7' title='bbox 2477 326 2515 382; x_wconf 83' lang='grc'><strong>1-</strong></span> 
     </span>
    </p>
   </div>
   <div class='ocr_carea' id='block_1_3' title="bbox 3539 340 3647 400">
    <p class='ocr_par' dir='ltr' id='par_1_3' title="bbox 3539 340 3647 400">
     <span class='ocr_line' id='line_1_3' title="bbox 3539 340 3647 400; baseline 0.056 -6"><span class='ocrx_word' id='word_1_8' title='bbox 3539 340 3647 400; x_wconf 66' lang='grc'><strong>954</strong></span> 
     </span>
    </p>
   </div>
   <div class='ocr_carea' id='block_1_4' title="bbox 347 432 1911 526">
    <p class='ocr_par' dir='ltr' id='par_1_4' title="bbox 347 432 1911 510">
     <span class='ocr_line' id='line_1_4' title="bbox 347 432 1911 510; baseline 0.003 -24"><span class='ocrx_word' id='word_1_9' title='bbox 347 434 648 505; x_wconf 70' lang='grc' dir='ltr'><strong>ἐπιστήσας</strong></span> <span class='ocrx_word' id='word_1_10' title='bbox 689 432 869 503; x_wconf 80' lang='grc' dir='ltr'>φύσει.</span> <span class='ocrx_word' id='word_1_11' title='bbox 913 435 1129 508; x_wconf 81' lang='grc' dir='ltr'><strong>Ἐπειδὴ</strong></span> <span class='ocrx_word' id='word_1_12' title='bbox 1159 434 1269 509; x_wconf 85' lang='grc' dir='ltr'><strong>γάρ</strong></span> <span class='ocrx_word' id='word_1_13' title='bbox 1305 434 1593 508; x_wconf 79' lang='grc' dir='ltr'><strong>βασιλικῆς</strong></span> <span class='ocrx_word' id='word_1_14' title='bbox 1628 439 1829 510; x_wconf 79' lang='grc' dir='ltr'>ἀρετῆς</span> <span class='ocrx_word' id='word_1_15' title='bbox 1861 438 1911 491; x_wconf 77' lang='grc' dir='ltr'><strong>δε</strong></span> 
     </span>
    </p>
   </div>
   <div class='ocr_carea' id='block_1_5' title="bbox 2009 432 3656 526">
    <p class='ocr_par' dir='ltr' id='par_1_5' title="bbox 2009 438 3656 526">
     <span class='ocr_line' id='line_1_5' title="bbox 2009 438 3656 526; baseline 0.014 -32"><span class='ocrx_word' id='word_1_16' title='bbox 2009 482 2022 513; x_wconf 44' lang='grc' dir='ltr'>ι</span> <span class='ocrx_word' id='word_1_17' title='bbox 2049 449 2294 512; x_wconf 87' lang='lat' dir='ltr'><strong>gnoscet.</strong></span> <span class='ocrx_word' id='word_1_18' title='bbox 2351 442 2650 515; x_wconf 74' lang='lat' dir='ltr'><strong>Postquam</strong></span> <span class='ocrx_word' id='word_1_19' title='bbox 2679 448 2825 504; x_wconf 91' lang='lat' dir='ltr'><strong>enim</strong></span> <span class='ocrx_word' id='word_1_20' title='bbox 2853 451 3022 507; x_wconf 89' lang='lat' dir='ltr'><strong>multa</strong></span> <span class='ocrx_word' id='word_1_21' title='bbox 3052 453 3215 526; x_wconf 71' lang='lat' dir='ltr'><strong>regia:</strong></span> <span class='ocrx_word' id='word_1_22' title='bbox 3243 438 3463 514; x_wconf 79' lang='lat' dir='ltr'><strong>virtutis</strong></span> <span class='ocrx_word' id='word_1_23' title='bbox 3498 459 3656 519; x_wconf 51' lang='lat' dir='ltr'><strong>indi;</strong></span> 
     </span>
    </p>
   </div>
   <div class='ocr_carea' id='block_1_6' title="bbox 347 525 1941 600">
    <p class='ocr_par' dir='ltr' id='par_1_6' title="bbox 347 525 1941 600">
     <span class='ocr_line' id='line_1_6' title="bbox 347 525 1941 600; baseline 0.004 -22"><span class='ocrx_word' id='word_1_24' title='bbox 347 525 506 596; x_wconf 87' lang='grc' dir='ltr'>κίμια</span> <span class='ocrx_word' id='word_1_25' title='bbox 553 525 749 598; x_wconf 83' lang='grc' dir='ltr'>μακρῷ</span> <span class='ocrx_word' id='word_1_26' title='bbox 798 525 1020 580; x_wconf 86' lang='grc' dir='ltr'><strong>δεδώκει</strong></span> <span class='ocrx_word' id='word_1_27' title='bbox 1073 528 1284 599; x_wconf 87' lang='grc' dir='ltr'><strong>χρόνῳ,</strong></span> <span class='ocrx_word' id='word_1_28' title='bbox 1323 529 1484 599; x_wconf 89' lang='grc' dir='ltr'>μόνον</span> <span class='ocrx_word' id='word_1_29' title='bbox 1533 529 1632 600; x_wconf 86' lang='grc' dir='ltr'>μὲν</span> <span class='ocrx_word' id='word_1_30' title='bbox 1669 531 1801 583; x_wconf 83' lang='grc' dir='ltr'>Θεὸν</span> <span class='ocrx_word' id='word_1_31' title='bbox 1847 529 1941 584; x_wconf 85' lang='grc' dir='ltr'><strong>τὸν</strong></span> 
     </span>
    </p>
   </div>
   <div class='ocr_carea' id='block_1_7' title="bbox 345 618 1941 691">
    <p class='ocr_par' dir='ltr' id='par_1_7' title="bbox 345 618 1941 691">
     <span class='ocr_line' id='line_1_7' title="bbox 345 618 1941 691; baseline 0.002 -19"><span class='ocrx_word' id='word_1_32' title='bbox 345 618 438 672; x_wconf 72' lang='grc' dir='ltr'><strong>ἐπὶ</strong></span> <span class='ocrx_word' id='word_1_33' title='bbox 465 620 682 673; x_wconf 89' lang='grc' dir='ltr'>πάντων</span> <span class='ocrx_word' id='word_1_34' title='bbox 713 618 824 690; x_wconf 69' lang='grc'>(52)</span> <span class='ocrx_word' id='word_1_35' title='bbox 856 618 1031 684; x_wconf 78' lang='grc' dir='ltr'>εἰδὼς,</span> <span class='ocrx_word' id='word_1_36' title='bbox 1071 620 1170 690; x_wconf 83' lang='grc' dir='ltr'><strong>τῆς</strong></span> <span class='ocrx_word' id='word_1_37' title='bbox 1205 621 1262 673; x_wconf 85' lang='grc' dir='ltr'>δὲ</span> <span class='ocrx_word' id='word_1_38' title='bbox 1303 619 1412 674; x_wconf 82' lang='grc' dir='ltr'><strong>τῶν</strong></span> <span class='ocrx_word' id='word_1_39' title='bbox 1453 621 1630 677; x_wconf 82' lang='grc' dir='ltr'><strong>ἀθέων</strong></span> <span class='ocrx_word' id='word_1_40' title='bbox 1673 640 1941 691; x_wconf 83' lang='grc' dir='ltr'>κατεγνω-</span> 
     </span>
    </p>
   </div>
   <div class='ocr_carea' id='block_1_8' title="bbox 345 709 1936 785">
    <p class='ocr_par' dir='ltr' id='par_1_8' title="bbox 345 709 1936 785">
     <span class='ocr_line' id='line_1_8' title="bbox 345 709 1936 785; baseline 0.002 -21"><span class='ocrx_word' id='word_1_41' title='bbox 345 709 458 772; x_wconf 84' lang='grc' dir='ltr'>κὼς</span> <span class='ocrx_word' id='word_1_42' title='bbox 499 710 823 774; x_wconf 76' lang='grc' dir='ltr'>πολυθεῖας,</span> <span class='ocrx_word' id='word_1_43' title='bbox 851 711 1040 780; x_wconf 88' lang='grc' dir='ltr'>εὐχαῖς</span> <span class='ocrx_word' id='word_1_44' title='bbox 1069 728 1127 763; x_wconf 91' lang='grc' dir='ltr'><strong>τε</strong></span> <span class='ocrx_word' id='word_1_45' title='bbox 1177 711 1349 780; x_wconf 83' lang='grc' dir='ltr'>ἁγίων</span> <span class='ocrx_word' id='word_1_46' title='bbox 1377 712 1588 785; x_wconf 85' lang='grc' dir='ltr'>ἀνδρῶν</span> <span class='ocrx_word' id='word_1_47' title='bbox 1635 713 1726 766; x_wconf 86' lang='grc' dir='ltr'><strong>τὸν</strong></span> <span class='ocrx_word' id='word_1_48' title='bbox 1769 714 1936 768; x_wconf 86' lang='grc' dir='ltr'>αὑτοῦ</span> 
     </span>
    </p>
   </div>
   <div class='ocr_carea' id='block_1_9' title="bbox 344 801 1936 879">
    <p class='ocr_par' dir='ltr' id='par_1_9' title="bbox 344 801 1936 879">
     <span class='ocr_line' id='line_1_9' title="bbox 344 801 1936 879; baseline 0.002 -21"><span class='ocrx_word' id='word_1_49' title='bbox 344 804 747 876; x_wconf 76' lang='grc' dir='ltr'><strong>περιεφράξατο</strong></span> <span class='ocrx_word' id='word_1_50' title='bbox 775 801 942 868; x_wconf 79' lang='grc' dir='ltr'>οἷκον,</span> <span class='ocrx_word' id='word_1_51' title='bbox 967 804 1202 874; x_wconf 89' lang='grc' dir='ltr'>εὐσταλῆ</span> <span class='ocrx_word' id='word_1_52' title='bbox 1231 806 1292 858; x_wconf 84' lang='grc' dir='ltr'><strong>τὸ</strong></span> <span class='ocrx_word' id='word_1_53' title='bbox 1314 805 1500 861; x_wconf 87' lang='grc' dir='ltr'>λοιπὸν</span> <span class='ocrx_word' id='word_1_54' title='bbox 1529 807 1624 861; x_wconf 75' lang='grc' dir='ltr'>καὶ</span> <span class='ocrx_word' id='word_1_55' title='bbox 1661 808 1936 879; x_wconf 78' lang='grc' dir='ltr'><strong>ἀτάραχον</strong></span> 
     </span>
    </p>
   </div>
   <div class='ocr_carea' id='block_1_10' title="bbox 337 891 1934 971">
    <p class='ocr_par' dir='ltr' id='par_1_10' title="bbox 337 891 1934 971">
     <span class='ocr_line' id='line_1_10' title="bbox 337 891 1934 971; baseline 0.001 -20"><span class='ocrx_word' id='word_1_56' title='bbox 337 899 440 970; x_wconf 84' lang='grc' dir='ltr'><strong>τὴν</strong></span> <span class='ocrx_word' id='word_1_57' title='bbox 470 897 613 968; x_wconf 77' lang='grc' dir='ltr'>ζωὴν</span> <span class='ocrx_word' id='word_1_58' title='bbox 641 897 934 969; x_wconf 71' lang='grc' dir='ltr'>διαπρέψαι</span> <span class='ocrx_word' id='word_1_59' title='bbox 979 897 1120 968; x_wconf 80' lang='grc'>(55)·</span> <span class='ocrx_word' id='word_1_60' title='bbox 1159 891 1270 951; x_wconf 75' lang='grc' dir='ltr'>οἷον</span> <span class='ocrx_word' id='word_1_61' title='bbox 1299 899 1431 952; x_wconf 80' lang='grc' dir='ltr'>αὐτὸ</span> <span class='ocrx_word' id='word_1_62' title='bbox 1473 900 1534 952; x_wconf 78' lang='grc' dir='ltr'>τὸ</span> <span class='ocrx_word' id='word_1_63' title='bbox 1567 899 1630 971; x_wconf 82' lang='grc' dir='ltr'>δὴ</span> <span class='ocrx_word' id='word_1_64' title='bbox 1664 899 1934 970; x_wconf 87' lang='grc' dir='ltr'>μακάριον</span> 
     </span>
    </p>
   </div>
   <div class='ocr_carea' id='block_1_11' title="bbox 337 983 1934 1060">
    <p class='ocr_par' dir='ltr' id='par_1_11' title="bbox 337 983 1934 1060">
     <span class='ocr_line' id='line_1_11' title="bbox 337 983 1934 1060; baseline 0 -18"><span class='ocrx_word' id='word_1_65' title='bbox 337 983 481 1043; x_wconf 80' lang='grc' dir='ltr'>εἶναι</span> <span class='ocrx_word' id='word_1_66' title='bbox 505 1005 636 1058; x_wconf 82' lang='grc' dir='ltr'>φασι</span> <span class='ocrx_word' id='word_1_67' title='bbox 671 989 807 1058; x_wconf 75' lang='grc'>(54),</span> <span class='ocrx_word' id='word_1_68' title='bbox 835 989 899 1041; x_wconf 78' lang='grc' dir='ltr'>τὸ</span> <span class='ocrx_word' id='word_1_69' title='bbox 931 989 1064 1060; x_wconf 75' lang='grc' dir='ltr'>μήτε</span> <span class='ocrx_word' id='word_1_70' title='bbox 1093 988 1394 1059; x_wconf 87' lang='grc' dir='ltr'>πράγματα</span> <span class='ocrx_word' id='word_1_71' title='bbox 1426 989 1589 1060; x_wconf 77' lang='grc' dir='ltr'>ἔχειν,</span> <span class='ocrx_word' id='word_1_72' title='bbox 1628 992 1765 1060; x_wconf 87' lang='grc' dir='ltr'>μήτε</span> <span class='ocrx_word' id='word_1_73' title='bbox 1789 989 1934 1059; x_wconf 83' lang='grc' dir='ltr'>ἄλλῳ</span> 
     </span>
    </p>
   </div>
   <div class='ocr_carea' id='block_1_12' title="bbox 339 1082 1928 1155">
    <p class='ocr_par' dir='ltr' id='par_1_12' title="bbox 339 1082 1928 1155">
     <span class='ocr_line' id='line_1_12' title="bbox 339 1082 1928 1155; baseline -0.001 -18"><span class='ocrx_word' id='word_1_74' title='bbox 339 1082 624 1155; x_wconf 78' lang='grc' dir='ltr'>παρέχειν.</span> <span class='ocrx_word' id='word_1_75' title='bbox 664 1082 818 1136; x_wconf 84' lang='grc' dir='ltr'>Οῦτω</span> <span class='ocrx_word' id='word_1_76' title='bbox 851 1082 989 1153; x_wconf 81' lang='grc' dir='ltr'>δῆτα</span> <span class='ocrx_word' id='word_1_77' title='bbox 1022 1082 1114 1135; x_wconf 82' lang='grc' dir='ltr'><strong>τὸν</strong></span> <span class='ocrx_word' id='word_1_78' title='bbox 1147 1083 1325 1136; x_wconf 88' lang='grc' dir='ltr'>πάντα</span> <span class='ocrx_word' id='word_1_79' title='bbox 1355 1083 1456 1153; x_wconf 77' lang='grc' dir='ltr'>τῆς</span> <span class='ocrx_word' id='word_1_80' title='bbox 1495 1082 1772 1152; x_wconf 74' lang='grc' dir='ltr'>βασιλείας</span> <span class='ocrx_word' id='word_1_81' title='bbox 1799 1083 1928 1154; x_wconf 87' lang='grc' dir='ltr'>χρό-</span> 
     </span>
    </p>
   </div>
   <div class='ocr_carea' id='block_1_13' title="bbox 336 1174 1926 1247">
    <p class='ocr_par' dir='ltr' id='par_1_13' title="bbox 336 1174 1926 1247">
     <span class='ocr_line' id='line_1_13' title="bbox 336 1174 1926 1247; baseline -0.002 -16"><span class='ocrx_word' id='word_1_82' title='bbox 336 1191 428 1232; x_wconf 87' lang='grc' dir='ltr'><strong>νον</strong></span> <span class='ocrx_word' id='word_1_83' title='bbox 458 1174 694 1246; x_wconf 79' lang='grc' dir='ltr'>εὐσταθῆ</span> <span class='ocrx_word' id='word_1_84' title='bbox 729 1176 822 1229; x_wconf 63' lang='grc' dir='ltr'><strong>καί⁹</strong></span> <span class='ocrx_word' id='word_1_85' title='bbox 862 1175 1115 1247; x_wconf 85' lang='grc' dir='ltr'>γαλήνιον</span> <span class='ocrx_word' id='word_1_86' title='bbox 1149 1176 1334 1240; x_wconf 88' lang='grc' dir='ltr'>αὐτοῖς</span> <span class='ocrx_word' id='word_1_87' title='bbox 1381 1177 1538 1228; x_wconf 74' lang='grc' dir='ltr'>παισὶ</span> <span class='ocrx_word' id='word_1_88' title='bbox 1580 1177 1674 1230; x_wconf 75' lang='grc' dir='ltr'><strong>καὶ</strong></span> <span class='ocrx_word' id='word_1_89' title='bbox 1711 1179 1926 1247; x_wconf 82' lang='grc' dir='ltr'>γαμετῇ</span> 
     </span>
    </p>
   </div>
   <div class='ocr_carea' id='block_1_14' title="bbox 337 1262 1928 1339">
    <p class='ocr_par' dir='ltr' id='par_1_14' title="bbox 337 1262 1928 1339">
     <span class='ocr_line' id='line_1_14' title="bbox 337 1262 1928 1339; baseline -0.002 -17"><span class='ocrx_word' id='word_1_90' title='bbox 337 1285 436 1322; x_wconf 86' lang='grc' dir='ltr'><strong>συν</strong></span> <span class='ocrx_word' id='word_1_91' title='bbox 459 1267 683 1320; x_wconf 84' lang='grc' dir='ltr'>οἰκετῶν</span> <span class='ocrx_word' id='word_1_92' title='bbox 709 1266 994 1339; x_wconf 74' lang='grc' dir='ltr'>θεραπείᾳ,</span> <span class='ocrx_word' id='word_1_93' title='bbox 1031 1267 1210 1321; x_wconf 88' lang='grc' dir='ltr'>πάντα</span> <span class='ocrx_word' id='word_1_94' title='bbox 1238 1266 1329 1320; x_wconf 87' lang='grc' dir='ltr'><strong>τὸν</strong></span> <span class='ocrx_word' id='word_1_95' title='bbox 1358 1267 1521 1320; x_wconf 85' lang='grc' dir='ltr'>αὐτοῦ</span> <span class='ocrx_word' id='word_1_96' title='bbox 1561 1262 1707 1320; x_wconf 72' lang='grc' dir='ltr'>οἷκον</span> <span class='ocrx_word' id='word_1_97' title='bbox 1741 1267 1822 1319; x_wconf 75' lang='grc' dir='ltr'>ἑνὶ</span> <span class='ocrx_word' id='word_1_98' title='bbox 1848 1267 1928 1338; x_wconf 84' lang='grc' dir='ltr'>τῷ</span> 
     </span>
    </p>
   </div>
   <div class='ocr_carea' id='block_1_15' title="bbox 337 1356 1924 1431">
    <p class='ocr_par' dir='ltr' id='par_1_15' title="bbox 337 1356 1924 1431">
     <span class='ocr_line' id='line_1_15' title="bbox 337 1356 1924 1431; baseline -0.003 -17"><span class='ocrx_word' id='word_1_99' title='bbox 337 1358 548 1430; x_wconf 76' lang='grc' dir='ltr'>βασιλεῖ</span> <span class='ocrx_word' id='word_1_100' title='bbox 569 1357 688 1430; x_wconf 80' lang='grc' dir='ltr'><strong>Θεῷ</strong></span> <span class='ocrx_word' id='word_1_101' title='bbox 720 1358 1002 1431; x_wconf 80' lang='grc' dir='ltr'>καθιέρου,</span> <span class='ocrx_word' id='word_1_102' title='bbox 1039 1358 1115 1421; x_wconf 86' lang='grc' dir='ltr'>ὡς</span> <span class='ocrx_word' id='word_1_103' title='bbox 1141 1357 1306 1430; x_wconf 85' lang='grc' dir='ltr'>μηδὲν</span> <span class='ocrx_word' id='word_1_104' title='bbox 1337 1357 1556 1411; x_wconf 83' lang='grc' dir='ltr'>ἀποδεῖν</span> <span class='ocrx_word' id='word_1_105' title='bbox 1595 1356 1924 1428; x_wconf 86' lang='grc' dir='ltr'>Ἐκκλησίας</span> 
     </span>
    </p>
   </div>
   <div class='ocr_carea' id='block_1_16' title="bbox 333 1449 1924 1523">
    <p class='ocr_par' dir='ltr' id='par_1_16' title="bbox 333 1449 1924 1523">
     <span class='ocr_line' id='line_1_16' title="bbox 333 1449 1924 1523; baseline -0.001 -19"><span class='ocrx_word' id='word_1_106' title='bbox 333 1450 470 1504; x_wconf 88' lang='grc' dir='ltr'>Θεοῦ</span> <span class='ocrx_word' id='word_1_107' title='bbox 496 1451 595 1523; x_wconf 81' lang='grc' dir='ltr'>τὴν</span> <span class='ocrx_word' id='word_1_108' title='bbox 623 1451 768 1504; x_wconf 73' lang='grc' dir='ltr'>ἔνδον</span> <span class='ocrx_word' id='word_1_109' title='bbox 796 1451 853 1503; x_wconf 83' lang='grc' dir='ltr'>ὲν</span> <span class='ocrx_word' id='word_1_110' title='bbox 880 1451 1065 1514; x_wconf 87' lang='grc' dir='ltr'>αὐτοῖς</span> <span class='ocrx_word' id='word_1_111' title='bbox 1122 1449 1414 1521; x_wconf 83' lang='grc' dir='ltr'>βασιλείοις</span> <span class='ocrx_word' id='word_1_112' title='bbox 1447 1449 1924 1521; x_wconf 79' lang='grc' dir='ltr'>συγκροτουμένην</span> 
     </span>
    </p>
   </div>
   <div class='ocr_carea' id='block_1_17' title="bbox 332 1534 1924 1616">
    <p class='ocr_par' dir='ltr' id='par_1_17' title="bbox 332 1534 1924 1616">
     <span class='ocr_line' id='line_1_17' title="bbox 332 1534 1924 1616; baseline -0.001 -21"><span class='ocrx_word' id='word_1_113' title='bbox 332 1541 543 1613; x_wconf 77' lang='grc' dir='ltr'>πληθύν</span> <span class='ocrx_word' id='word_1_114' title='bbox 563 1559 577 1573; x_wconf 77' lang='grc' dir='ltr'><strong>ο</strong></span> <span class='ocrx_word' id='word_1_115' title='bbox 611 1534 647 1616; x_wconf 78' lang='grc' dir='ltr'>ᾖ</span> <span class='ocrx_word' id='word_1_116' title='bbox 689 1542 922 1612; x_wconf 77' lang='grc' dir='ltr'>συνῆσαν</span> <span class='ocrx_word' id='word_1_117' title='bbox 945 1542 1039 1595; x_wconf 65' lang='grc' dir='ltr'>καὶ.</span> <span class='ocrx_word' id='word_1_118' title='bbox 1065 1541 1368 1614; x_wconf 74' lang='grc' dir='ltr'>λειτουργοὶ</span> <span class='ocrx_word' id='word_1_119' title='bbox 1395 1541 1552 1605; x_wconf 83' lang='grc' dir='ltr'>Θεοῦ,</span> <span class='ocrx_word' id='word_1_120' title='bbox 1580 1540 1629 1593; x_wconf 84' lang='grc' dir='ltr'>οἳ</span> <span class='ocrx_word' id='word_1_121' title='bbox 1656 1541 1757 1605; x_wconf 87' lang='grc' dir='ltr'>τὰς</span> <span class='ocrx_word' id='word_1_122' title='bbox 1785 1541 1924 1612; x_wconf 83' lang='grc' dir='ltr'>ὑπὲρ</span> 
     </span>
    </p>
   </div>
   <div class='ocr_carea' id='block_1_18' title="bbox 333 1632 1922 1708">
    <p class='ocr_par' dir='ltr' id='par_1_18' title="bbox 333 1632 1922 1708">
     <span class='ocr_line' id='line_1_18' title="bbox 333 1632 1922 1708; baseline -0.002 -19"><span class='ocrx_word' id='word_1_123' title='bbox 333 1634 600 1708; x_wconf 81' lang='grc' dir='ltr'>βασιλέως</span> <span class='ocrx_word' id='word_1_124' title='bbox 660 1635 927 1708; x_wconf 79' lang='grc' dir='ltr'>διηνεκεῖς</span> <span class='ocrx_word' id='word_1_125' title='bbox 980 1634 1257 1702; x_wconf 81' lang='grc' dir='ltr'>ὲξετέλουν</span> <span class='ocrx_word' id='word_1_126' title='bbox 1309 1634 1601 1704; x_wconf 82' lang='grc' dir='ltr'>λατρείας,</span> <span class='ocrx_word' id='word_1_127' title='bbox 1643 1635 1732 1687; x_wconf 82' lang='grc' dir='ltr'><strong>ὅτε</strong></span> <span class='ocrx_word' id='word_1_128' title='bbox 1771 1632 1922 1704; x_wconf 86' lang='grc' dir='ltr'><strong>παρά</strong></span> 
     </span>
    </p>
   </div>
   <div class='ocr_carea' id='block_1_19' title="bbox 328 1722 1920 1798">
    <p class='ocr_par' dir='ltr' id='par_1_19' title="bbox 328 1722 1920 1798">
     <span class='ocr_line' id='line_1_19' title="bbox 328 1722 1920 1798; baseline -0.003 -18"><span class='ocrx_word' id='word_1_129' title='bbox 328 1729 443 1790; x_wconf 85' lang='grc' dir='ltr'>τοῖς</span> <span class='ocrx_word' id='word_1_130' title='bbox 484 1726 698 1789; x_wconf 88' lang='grc' dir='ltr'>πολλοῖς</span> <span class='ocrx_word' id='word_1_131' title='bbox 739 1726 850 1798; x_wconf 88' lang='grc'>(55)</span> <span class='ocrx_word' id='word_1_132' title='bbox 885 1725 1004 1779; x_wconf 83' lang='grc' dir='ltr'>οὐδὲ</span> <span class='ocrx_word' id='word_1_133' title='bbox 1039 1725 1198 1797; x_wconf 80' lang='grc' dir='ltr'>μέχρι</span> <span class='ocrx_word' id='word_1_134' title='bbox 1229 1723 1387 1794; x_wconf 77' lang='grc' dir='ltr'>ψιλοῦ</span> <span class='ocrx_word' id='word_1_135' title='bbox 1423 1726 1667 1795; x_wconf 82' lang='grc' dir='ltr'>ῥήματος</span> <span class='ocrx_word' id='word_1_136' title='bbox 1707 1723 1769 1776; x_wconf 83' lang='grc' dir='ltr'>τὸ</span> <span class='ocrx_word' id='word_1_137' title='bbox 1809 1722 1920 1775; x_wconf 86' lang='grc' dir='ltr'>τῶν</span> 
     </span>
    </p>
   </div>
   <div class='ocr_carea' id='block_1_20' title="bbox 329 1815 1572 1890">
    <p class='ocr_par' dir='ltr' id='par_1_20' title="bbox 329 1815 1572 1890">
     <span class='ocr_line' id='line_1_20' title="bbox 329 1815 1572 1890; baseline -0.002 -20"><span class='ocrx_word' id='word_1_138' title='bbox 329 1816 599 1872; x_wconf 78' lang='grc' dir='ltr'>θεοσεδῶν</span> <span class='ocrx_word' id='word_1_139' title='bbox 631 1816 986 1890; x_wconf 78' lang='grc' dir='ltr'>χρηματίζειν</span> <span class='ocrx_word' id='word_1_140' title='bbox 1016 1819 1371 1888; x_wconf 86' lang='grc' dir='ltr'>συνεχωρεῖτο</span> <span class='ocrx_word' id='word_1_141' title='bbox 1394 1815 1572 1884; x_wconf 81' lang='grc' dir='ltr'>γένος.</span> 
     </span>
    </p>
   </div>
   <div class='ocr_carea' id='block_1_21' title="bbox 2042 530 3635 616">
    <p class='ocr_par' dir='ltr' id='par_1_21' title="bbox 2042 530 3635 616">
     <span class='ocr_line' id='line_1_21' title="bbox 2042 530 3635 616; baseline 0.013 -31"><span class='ocrx_word' id='word_1_142' title='bbox 2042 531 2124 586; x_wconf 88' lang='lat' dir='ltr'><strong>cia</strong></span> <span class='ocrx_word' id='word_1_143' title='bbox 2152 531 2456 590; x_wconf 93' lang='lat' dir='ltr'><strong>diutissime</strong></span> <span class='ocrx_word' id='word_1_144' title='bbox 2487 530 2832 606; x_wconf 64' lang='lat' dir='ltr'><strong>praebuisset,</strong></span> <span class='ocrx_word' id='word_1_145' title='bbox 2873 557 3042 597; x_wconf 93' lang='lat' dir='ltr'><strong>unum</strong></span> <span class='ocrx_word' id='word_1_146' title='bbox 3081 546 3302 616; x_wconf 89' lang='lat' dir='ltr'><strong>quidem</strong></span> <span class='ocrx_word' id='word_1_147' title='bbox 3360 564 3635 606; x_wconf 83' lang='lat' dir='ltr'><strong>summum</strong></span> 
     </span>
    </p>
   </div>
   <div class='ocr_carea' id='block_1_22' title="bbox 2039 623 3635 713">
    <p class='ocr_par' dir='ltr' id='par_1_22' title="bbox 2039 623 3635 713">
     <span class='ocr_line' id='line_1_22' title="bbox 2039 623 3635 713; baseline 0.013 -35"><span class='ocrx_word' id='word_1_148' title='bbox 2039 623 2280 678; x_wconf 91' lang='lat' dir='ltr'><strong>omnium</strong></span> <span class='ocrx_word' id='word_1_149' title='bbox 2304 625 2474 681; x_wconf 89' lang='lat' dir='ltr'><strong>Deum</strong></span> <span class='ocrx_word' id='word_1_150' title='bbox 2527 641 2851 698; x_wconf 78' lang='lat' dir='ltr'><strong>agnoscens,</strong></span> <span class='ocrx_word' id='word_1_151' title='bbox 2890 648 3080 691; x_wconf 89' lang='lat' dir='ltr'><strong>eorum</strong></span> <span class='ocrx_word' id='word_1_152' title='bbox 3115 652 3247 693; x_wconf 84' lang='lat' dir='ltr'><strong>vero</strong></span> <span class='ocrx_word' id='word_1_153' title='bbox 3296 639 3389 710; x_wconf 89' lang='lat' dir='ltr'><strong>qui</strong></span> <span class='ocrx_word' id='word_1_154' title='bbox 3453 642 3635 713; x_wconf 82' lang='lat' dir='ltr'><strong>plures</strong></span> 
     </span>
    </p>
   </div>
   <div class='ocr_carea' id='block_1_23' title="bbox 2039 716 3631 799">
    <p class='ocr_par' dir='ltr' id='par_1_23' title="bbox 2039 716 3631 799">
     <span class='ocr_line' id='line_1_23' title="bbox 2039 716 3631 799; baseline 0.014 -29"><span class='ocrx_word' id='word_1_155' title='bbox 2039 716 2169 770; x_wconf 85' lang='lat' dir='ltr'><strong>deos</strong></span> <span class='ocrx_word' id='word_1_156' title='bbox 2195 717 2438 773; x_wconf 90' lang='lat' dir='ltr'><strong>colerent</strong></span> <span class='ocrx_word' id='word_1_157' title='bbox 2478 719 2816 790; x_wconf 76' lang='lat' dir='ltr'><strong>impietatem</strong></span> <span class='ocrx_word' id='word_1_158' title='bbox 2875 728 3269 799; x_wconf 90' lang='lat' dir='ltr'><strong>condemnans,</strong></span> <span class='ocrx_word' id='word_1_159' title='bbox 3305 741 3362 788; x_wconf 87' lang='lat' dir='ltr'><strong>et</strong></span> <span class='ocrx_word' id='word_1_160' title='bbox 3406 747 3631 793; x_wconf 86' lang='lat' dir='ltr'><strong>sancto-</strong></span> 
     </span>
    </p>
   </div>
   <div class='ocr_carea' id='block_1_24' title="bbox 2038 808 3632 898">
    <p class='ocr_par' dir='ltr' id='par_1_24' title="bbox 2038 808 3632 898">
     <span class='ocr_line' id='line_1_24' title="bbox 2038 808 3632 898; baseline 0.014 -38"><span class='ocrx_word' id='word_1_161' title='bbox 2038 823 2160 861; x_wconf 89' lang='lat' dir='ltr'><strong>rum</strong></span> <span class='ocrx_word' id='word_1_162' title='bbox 2189 808 2470 864; x_wconf 86' lang='lat' dir='ltr'><strong>hominum</strong></span> <span class='ocrx_word' id='word_1_163' title='bbox 2502 814 2909 881; x_wconf 84' lang='lat' dir='ltr'><strong>precationibus</strong></span> <span class='ocrx_word' id='word_1_164' title='bbox 2937 818 3157 875; x_wconf 88' lang='lat' dir='ltr'><strong>domum</strong></span> <span class='ocrx_word' id='word_1_165' title='bbox 3205 836 3361 878; x_wconf 91' lang='lat' dir='ltr'><strong>suam</strong></span> <span class='ocrx_word' id='word_1_166' title='bbox 3390 825 3632 898; x_wconf 80' lang='lat' dir='ltr'><strong>undique</strong></span> 
     </span>
    </p>
   </div>
   <div class='ocr_carea' id='block_1_25' title="bbox 2036 899 3630 987">
    <p class='ocr_par' dir='ltr' id='par_1_25' title="bbox 2036 899 3630 987">
     <span class='ocr_line' id='line_1_25' title="bbox 2036 899 3630 987; baseline 0.015 -36"><span class='ocrx_word' id='word_1_167' title='bbox 2036 899 2383 967; x_wconf 87' lang='lat' dir='ltr'><strong>munivisset,</strong></span> <span class='ocrx_word' id='word_1_168' title='bbox 2406 902 2676 972; x_wconf 90' lang='lat' dir='ltr'><strong>reliquum</strong></span> <span class='ocrx_word' id='word_1_169' title='bbox 2704 905 2961 974; x_wconf 84' lang='lat' dir='ltr'><strong>deinceps</strong></span> <span class='ocrx_word' id='word_1_170' title='bbox 2989 910 3112 964; x_wconf 70' lang='lat' dir='ltr'><strong>vitae</strong></span> <span class='ocrx_word' id='word_1_171' title='bbox 3140 920 3354 984; x_wconf 88' lang='lat' dir='ltr'><strong>tempus</strong></span> <span class='ocrx_word' id='word_1_172' title='bbox 3377 918 3630 987; x_wconf 82' lang='lat' dir='ltr'><strong>expedito</strong></span> 
     </span>
    </p>
   </div>
   <div class='ocr_carea' id='block_1_26' title="bbox 2036 991 3624 1073">
    <p class='ocr_par' dir='ltr' id='par_1_26' title="bbox 2036 991 3624 1073">
     <span class='ocr_line' id='line_1_26' title="bbox 2036 991 3624 1073; baseline 0.011 -30"><span class='ocrx_word' id='word_1_173' title='bbox 2036 1004 2100 1044; x_wconf 89' lang='lat' dir='ltr'><strong>ac</strong></span> <span class='ocrx_word' id='word_1_174' title='bbox 2129 991 2420 1062; x_wconf 85' lang='lat' dir='ltr'><strong>tranquille</strong></span> <span class='ocrx_word' id='word_1_175' title='bbox 2448 1008 2664 1049; x_wconf 87' lang='lat' dir='ltr'><strong>summa</strong></span> <span class='ocrx_word' id='word_1_176' title='bbox 2693 1010 2818 1050; x_wconf 91' lang='lat' dir='ltr'><strong>cum</strong></span> <span class='ocrx_word' id='word_1_177' title='bbox 2851 997 3026 1066; x_wconf 81' lang='lat' dir='ltr'><strong>gloria</strong></span> <span class='ocrx_word' id='word_1_178' title='bbox 3074 1006 3323 1073; x_wconf 84' lang='lat' dir='ltr'><strong>exegisse</strong></span> <span class='ocrx_word' id='word_1_179' title='bbox 3378 1007 3578 1063; x_wconf 90' lang='lat' dir='ltr'><strong>dicitur</strong></span> <span class='ocrx_word' id='word_1_180' title='bbox 3607 1026 3624 1061; x_wconf 90' lang='lat'><strong>:</strong></span> 
     </span>
    </p>
   </div>
   <div class='ocr_carea' id='block_1_27' title="bbox 2035 1085 3626 1164">
    <p class='ocr_par' dir='ltr' id='par_1_27' title="bbox 2035 1085 3626 1164">
     <span class='ocr_line' id='line_1_27' title="bbox 2035 1085 3626 1164; baseline 0.014 -28"><span class='ocrx_word' id='word_1_181' title='bbox 2035 1098 2261 1153; x_wconf 91' lang='lat' dir='ltr'><strong>compos</strong></span> <span class='ocrx_word' id='word_1_182' title='bbox 2286 1085 2402 1155; x_wconf 82' lang='lat' dir='ltr'><strong>ejus</strong></span> <span class='ocrx_word' id='word_1_183' title='bbox 2434 1085 2716 1142; x_wconf 84' lang='lat' dir='ltr'><strong>felicitatis</strong></span> <span class='ocrx_word' id='word_1_184' title='bbox 2743 1103 2905 1158; x_wconf 90' lang='lat' dir='ltr'><strong>quam</strong></span> <span class='ocrx_word' id='word_1_185' title='bbox 2935 1092 3099 1162; x_wconf 82' lang='lat' dir='ltr'><strong>vulgo</strong></span> <span class='ocrx_word' id='word_1_186' title='bbox 3145 1099 3432 1164; x_wconf 87' lang='lat' dir='ltr'><strong>perhibent</strong></span> <span class='ocrx_word' id='word_1_187' title='bbox 3471 1101 3526 1156; x_wconf 90' lang='lat' dir='ltr'><strong>in</strong></span> <span class='ocrx_word' id='word_1_188' title='bbox 3559 1117 3626 1158; x_wconf 90' lang='lat' dir='ltr'><strong>eo</strong></span> 
     </span>
    </p>
   </div>
   <div class='ocr_carea' id='block_1_28' title="bbox 2033 1174 3622 1259">
    <p class='ocr_par' dir='ltr' id='par_1_28' title="bbox 2033 1174 3622 1259">
     <span class='ocr_line' id='line_1_28' title="bbox 2033 1174 3622 1259; baseline 0.013 -34"><span class='ocrx_word' id='word_1_189' title='bbox 2033 1174 2265 1242; x_wconf 89' lang='lat' dir='ltr'><strong>positam</strong></span> <span class='ocrx_word' id='word_1_190' title='bbox 2299 1189 2440 1240; x_wconf 85' lang='lat' dir='ltr'><strong>esse,</strong></span> <span class='ocrx_word' id='word_1_191' title='bbox 2475 1183 2534 1229; x_wconf 84' lang='lat' dir='ltr'><strong>ut</strong></span> <span class='ocrx_word' id='word_1_192' title='bbox 2574 1191 2751 1247; x_wconf 87' lang='lat' dir='ltr'><strong>neque</strong></span> <span class='ocrx_word' id='word_1_193' title='bbox 2797 1177 2868 1232; x_wconf 92' lang='lat' dir='ltr'><strong>ab</strong></span> <span class='ocrx_word' id='word_1_194' title='bbox 2898 1180 3020 1236; x_wconf 89' lang='lat' dir='ltr'><strong>aliis</strong></span> <span class='ocrx_word' id='word_1_195' title='bbox 3069 1183 3392 1255; x_wconf 85' lang='lat' dir='ltr'><strong>ailiciamur,</strong></span> <span class='ocrx_word' id='word_1_196' title='bbox 3445 1204 3622 1259; x_wconf 87' lang='lat' dir='ltr'><strong>neque</strong></span> 
     </span>
    </p>
   </div>
   <div class='ocr_carea' id='block_1_29' title="bbox 2031 1265 3618 1349">
    <p class='ocr_par' dir='ltr' id='par_1_29' title="bbox 2031 1265 3618 1349">
     <span class='ocr_line' id='line_1_29' title="bbox 2031 1265 3618 1349; baseline 0.011 -30"><span class='ocrx_word' id='word_1_197' title='bbox 2031 1265 2171 1320; x_wconf 91' lang='lat' dir='ltr'><strong>alios</strong></span> <span class='ocrx_word' id='word_1_198' title='bbox 2203 1266 2301 1335; x_wconf 91' lang='lat' dir='ltr'><strong>ipsi</strong></span> <span class='ocrx_word' id='word_1_199' title='bbox 2341 1266 2644 1324; x_wconf 83' lang='lat' dir='ltr'><strong>alliciamus</strong></span> <span class='ocrx_word' id='word_1_200' title='bbox 2702 1269 2972 1328; x_wconf 88' lang='lat' dir='ltr'><strong>molestia.</strong></span> <span class='ocrx_word' id='word_1_201' title='bbox 3005 1274 3089 1329; x_wconf 85' lang='lat' dir='ltr'><strong>Ad</strong></span> <span class='ocrx_word' id='word_1_202' title='bbox 3113 1275 3257 1332; x_wconf 88' lang='lat' dir='ltr'><strong>hunc</strong></span> <span class='ocrx_word' id='word_1_203' title='bbox 3287 1279 3455 1349; x_wconf 80' lang='lat' dir='ltr'><strong>igitur</strong></span> <span class='ocrx_word' id='word_1_204' title='bbox 3500 1297 3618 1337; x_wconf 86' lang='lat' dir='ltr'><strong>mo-</strong></span> 
     </span>
    </p>
   </div>
   <div class='ocr_carea' id='block_1_30' title="bbox 2030 1358 3620 1442">
    <p class='ocr_par' dir='ltr' id='par_1_30' title="bbox 2030 1358 3620 1442">
     <span class='ocr_line' id='line_1_30' title="bbox 2030 1358 3620 1442; baseline 0.011 -30"><span class='ocrx_word' id='word_1_205' title='bbox 2030 1359 2158 1412; x_wconf 90' lang='lat' dir='ltr'><strong>dum</strong></span> <span class='ocrx_word' id='word_1_206' title='bbox 2197 1366 2314 1412; x_wconf 93' lang='lat' dir='ltr'><strong>toto</strong></span> <span class='ocrx_word' id='word_1_207' title='bbox 2352 1358 2567 1428; x_wconf 89' lang='lat' dir='ltr'><strong>imperii</strong></span> <span class='ocrx_word' id='word_1_208' title='bbox 2609 1360 2692 1416; x_wconf 84' lang='lat' dir='ltr'><strong>sui</strong></span> <span class='ocrx_word' id='word_1_209' title='bbox 2725 1370 2992 1432; x_wconf 85' lang='lat' dir='ltr'><strong>tempore,</strong></span> <span class='ocrx_word' id='word_1_210' title='bbox 3031 1367 3175 1435; x_wconf 89' lang='lat' dir='ltr'><strong>quod</strong></span> <span class='ocrx_word' id='word_1_211' title='bbox 3202 1370 3469 1438; x_wconf 65' lang='lat' dir='ltr'><strong>aequabile</strong></span> <span class='ocrx_word' id='word_1_212' title='bbox 3493 1388 3620 1442; x_wconf 90' lang='lat' dir='ltr'><strong>per-</strong></span> 
     </span>
    </p>
   </div>
   <div class='ocr_carea' id='block_1_31' title="bbox 2027 1444 3618 1533">
    <p class='ocr_par' dir='ltr' id='par_1_31' title="bbox 2027 1444 3618 1533">
     <span class='ocr_line' id='line_1_31' title="bbox 2027 1444 3618 1533; baseline 0.014 -38"><span class='ocrx_word' id='word_1_213' title='bbox 2027 1451 2193 1512; x_wconf 91' lang='lat' dir='ltr'><strong>petuo</strong></span> <span class='ocrx_word' id='word_1_214' title='bbox 2214 1459 2278 1500; x_wconf 91' lang='lat' dir='ltr'><strong>ac</strong></span> <span class='ocrx_word' id='word_1_215' title='bbox 2305 1444 2577 1514; x_wconf 87' lang='lat' dir='ltr'><strong>placidum</strong></span> <span class='ocrx_word' id='word_1_216' title='bbox 2609 1448 2732 1517; x_wconf 82' lang='lat' dir='ltr'><strong>fuit,</strong></span> <span class='ocrx_word' id='word_1_217' title='bbox 2759 1451 3072 1509; x_wconf 84' lang='lat' dir='ltr'><strong>universam</strong></span> <span class='ocrx_word' id='word_1_218' title='bbox 3116 1455 3403 1528; x_wconf 79' lang='lat' dir='ltr'><strong>familiam,</strong></span> <span class='ocrx_word' id='word_1_219' title='bbox 3428 1463 3618 1533; x_wconf 81' lang='lat' dir='ltr'><strong>conju-</strong></span> 
     </span>
    </p>
   </div>
   <div class='ocr_carea' id='block_1_32' title="bbox 2025 1537 3614 1619">
    <p class='ocr_par' dir='ltr' id='par_1_32' title="bbox 2025 1537 3614 1619">
     <span class='ocr_line' id='line_1_32' title="bbox 2025 1537 3614 1619; baseline 0.013 -30"><span class='ocrx_word' id='word_1_220' title='bbox 2025 1551 2147 1606; x_wconf 85' lang='lat' dir='ltr'><strong>gem</strong></span> <span class='ocrx_word' id='word_1_221' title='bbox 2183 1537 2394 1592; x_wconf 89' lang='lat' dir='ltr'><strong>scilicet</strong></span> <span class='ocrx_word' id='word_1_222' title='bbox 2439 1553 2506 1594; x_wconf 91' lang='lat' dir='ltr'><strong>ac</strong></span> <span class='ocrx_word' id='word_1_223' title='bbox 2547 1539 2747 1598; x_wconf 90' lang='lat' dir='ltr'><strong>liberos</strong></span> <span class='ocrx_word' id='word_1_224' title='bbox 2769 1558 2890 1598; x_wconf 92' lang='lat' dir='ltr'><strong>cum</strong></span> <span class='ocrx_word' id='word_1_225' title='bbox 2926 1547 3180 1604; x_wconf 83' lang='lat' dir='ltr'><strong>omnibus</strong></span> <span class='ocrx_word' id='word_1_226' title='bbox 3210 1551 3497 1619; x_wconf 75' lang='lat' dir='ltr'><strong>ministris,</strong></span> <span class='ocrx_word' id='word_1_227' title='bbox 3524 1557 3614 1609; x_wconf 93' lang='lat' dir='ltr'><strong>uni</strong></span> 
     </span>
    </p>
   </div>
   <div class='ocr_carea' id='block_1_33' title="bbox 2025 1631 3616 1705">
    <p class='ocr_par' dir='ltr' id='par_1_33' title="bbox 2025 1631 3616 1705">
     <span class='ocr_line' id='line_1_33' title="bbox 2025 1631 3616 1705; baseline 0.009 -19"><span class='ocrx_word' id='word_1_228' title='bbox 2025 1632 2265 1686; x_wconf 88' lang='lat' dir='ltr'><strong>omnium</strong></span> <span class='ocrx_word' id='word_1_229' title='bbox 2306 1631 2440 1704; x_wconf 76' lang='lat' dir='ltr'><strong>Regi</strong></span> <span class='ocrx_word' id='word_1_230' title='bbox 2483 1633 2592 1688; x_wconf 90' lang='lat' dir='ltr'><strong>Deo</strong></span> <span class='ocrx_word' id='word_1_231' title='bbox 2644 1640 3002 1705; x_wconf 85' lang='lat' dir='ltr'><strong>consecravit,</strong></span> <span class='ocrx_word' id='word_1_232' title='bbox 3057 1641 3192 1696; x_wconf 86' lang='lat' dir='ltr'><strong>adeo</strong></span> <span class='ocrx_word' id='word_1_233' title='bbox 3220 1651 3280 1696; x_wconf 92' lang='lat' dir='ltr'><strong>ut</strong></span> <span class='ocrx_word' id='word_1_234' title='bbox 3329 1645 3616 1700; x_wconf 82' lang='lat' dir='ltr'><strong>multitudo</strong></span> 
     </span>
    </p>
   </div>
   <div class='ocr_carea' id='block_1_34' title="bbox 2025 1723 3612 1804">
    <p class='ocr_par' dir='ltr' id='par_1_34' title="bbox 2025 1723 3612 1804">
     <span class='ocr_line' id='line_1_34' title="bbox 2025 1723 3612 1804; baseline 0.009 -26"><span class='ocrx_word' id='word_1_235' title='bbox 2025 1736 2216 1778; x_wconf 88' lang='lat' dir='ltr'><strong>eorum</strong></span> <span class='ocrx_word' id='word_1_236' title='bbox 2251 1723 2342 1794; x_wconf 91' lang='lat' dir='ltr'><strong>qui</strong></span> <span class='ocrx_word' id='word_1_237' title='bbox 2409 1725 2464 1778; x_wconf 89' lang='lat' dir='ltr'><strong>in</strong></span> <span class='ocrx_word' id='word_1_238' title='bbox 2521 1725 2690 1795; x_wconf 86' lang='lat' dir='ltr'><strong>ipsius</strong></span> <span class='ocrx_word' id='word_1_239' title='bbox 2751 1729 2956 1798; x_wconf 90' lang='lat' dir='ltr'><strong>palatio</strong></span> <span class='ocrx_word' id='word_1_240' title='bbox 3006 1731 3170 1787; x_wconf 90' lang='lat' dir='ltr'><strong>simul</strong></span> <span class='ocrx_word' id='word_1_241' title='bbox 3229 1737 3612 1804; x_wconf 80' lang='lat' dir='ltr'><strong>versabantur,</strong></span> 
     </span>
    </p>
   </div>
   <div class='ocr_carea' id='block_1_35' title="bbox 1953 1809 3614 1896">
    <p class='ocr_par' dir='ltr' id='par_1_35' title="bbox 1953 1809 3614 1896">
     <span class='ocr_line' id='line_1_35' title="bbox 1953 1809 3614 1896; baseline 0.011 -33"><span class='ocrx_word' id='word_1_242' title='bbox 1953 1809 1996 1863; x_wconf 87' lang='grc' dir='ltr'><strong>Β</strong></span> <span class='ocrx_word' id='word_1_243' title='bbox 2026 1812 2171 1867; x_wconf 92' lang='lat' dir='ltr'><strong>nulla</strong></span> <span class='ocrx_word' id='word_1_244' title='bbox 2204 1827 2264 1868; x_wconf 91' lang='lat' dir='ltr'><strong>re</strong></span> <span class='ocrx_word' id='word_1_245' title='bbox 2295 1813 2362 1868; x_wconf 92' lang='lat' dir='ltr'><strong>ab</strong></span> <span class='ocrx_word' id='word_1_246' title='bbox 2389 1814 2634 1872; x_wconf 88' lang='lat' dir='ltr'><strong>Ecclesia</strong></span> <span class='ocrx_word' id='word_1_247' title='bbox 2666 1817 2766 1874; x_wconf 89' lang='lat' dir='ltr'><strong>Dei</strong></span> <span class='ocrx_word' id='word_1_248' title='bbox 2795 1820 3058 1877; x_wconf 71' lang='lat' dir='ltr'><strong>differret.</strong></span> <span class='ocrx_word' id='word_1_249' title='bbox 3100 1822 3248 1880; x_wconf 87' lang='lat' dir='ltr'><strong>Inter</strong></span> <span class='ocrx_word' id='word_1_250' title='bbox 3273 1842 3412 1896; x_wconf 89' lang='lat' dir='ltr'><strong>quos</strong></span> <span class='ocrx_word' id='word_1_251' title='bbox 3455 1841 3614 1884; x_wconf 89' lang='lat' dir='ltr'><strong>erant</strong></span> 
     </span>
    </p>
   </div>
   <div class='ocr_carea' id='block_1_36' title="bbox 329 1904 3610 1979">
    <p class='ocr_par' dir='ltr' id='par_1_36' title="bbox 329 1904 3610 1979">
     <span class='ocr_line' id='line_1_36' title="bbox 329 1904 3610 1979; baseline 0.004 -15"><span class='ocrx_word' id='word_1_252' title='bbox 329 1910 495 1964; x_wconf 91' lang='lat' dir='ltr'><strong>etiam</strong></span> <span class='ocrx_word' id='word_1_253' title='bbox 529 1910 764 1964; x_wconf 89' lang='lat' dir='ltr'><strong>ministri</strong></span> <span class='ocrx_word' id='word_1_254' title='bbox 807 1909 921 1976; x_wconf 88' lang='lat' dir='ltr'><strong>Dei,</strong></span> <span class='ocrx_word' id='word_1_255' title='bbox 953 1909 1046 1978; x_wconf 87' lang='lat' dir='ltr'><strong>qui</strong></span> <span class='ocrx_word' id='word_1_256' title='bbox 1082 1909 1360 1963; x_wconf 84' lang='lat' dir='ltr'><strong>continuis</strong></span> <span class='ocrx_word' id='word_1_257' title='bbox 1416 1906 1817 1976; x_wconf 84' lang='lat' dir='ltr'><strong>precationibus</strong></span> <span class='ocrx_word' id='word_1_258' title='bbox 1872 1920 1972 1973; x_wconf 90' lang='lat' dir='ltr'><strong>pro</strong></span> <span class='ocrx_word' id='word_1_259' title='bbox 2019 1904 2194 1959; x_wconf 90' lang='lat' dir='ltr'><strong>salute</strong></span> <span class='ocrx_word' id='word_1_260' title='bbox 2237 1905 2500 1974; x_wconf 88' lang='lat' dir='ltr'><strong>principis</strong></span> <span class='ocrx_word' id='word_1_261' title='bbox 2539 1904 2709 1962; x_wconf 92' lang='lat' dir='ltr'><strong>Deum</strong></span> <span class='ocrx_word' id='word_1_262' title='bbox 2765 1911 3160 1968; x_wconf 86' lang='lat' dir='ltr'><strong>venerabantur</strong></span> <span class='ocrx_word' id='word_1_263' title='bbox 3198 1935 3210 1970; x_wconf 94' lang='lat'>:</span> <span class='ocrx_word' id='word_1_264' title='bbox 3247 1933 3369 1972; x_wconf 88' lang='lat' dir='ltr'><strong>cum</strong></span> <span class='ocrx_word' id='word_1_265' title='bbox 3429 1929 3610 1979; x_wconf 89' lang='lat' dir='ltr'><strong>tamen</strong></span> 
     </span>
    </p>
   </div>
   <div class='ocr_carea' id='block_1_37' title="bbox 330 2001 2722 2076">
    <p class='ocr_par' dir='ltr' id='par_1_37' title="bbox 330 2001 2722 2076">
     <span class='ocr_line' id='line_1_37' title="bbox 330 2001 2722 2076; baseline -0 -15"><span class='ocrx_word' id='word_1_266' title='bbox 330 2005 493 2076; x_wconf 69' lang='lat' dir='ltr'><strong>vulgo</strong></span> <span class='ocrx_word' id='word_1_267' title='bbox 525 2005 668 2076; x_wconf 93' lang='lat' dir='ltr'><strong>apud</strong></span> <span class='ocrx_word' id='word_1_268' title='bbox 701 2005 836 2060; x_wconf 91' lang='lat' dir='ltr'><strong>alios</strong></span> <span class='ocrx_word' id='word_1_269' title='bbox 866 2021 934 2059; x_wconf 88' lang='lat' dir='ltr'><strong>ne</strong></span> <span class='ocrx_word' id='word_1_270' title='bbox 989 2005 1163 2074; x_wconf 84' lang='lat' dir='ltr'><strong>ipsum</strong></span> <span class='ocrx_word' id='word_1_271' title='bbox 1215 2002 1435 2074; x_wconf 91' lang='lat' dir='ltr'><strong>quidem</strong></span> <span class='ocrx_word' id='word_1_272' title='bbox 1481 2002 1577 2057; x_wconf 88' lang='lat' dir='ltr'><strong>Dei</strong></span> <span class='ocrx_word' id='word_1_273' title='bbox 1630 2003 1899 2057; x_wconf 86' lang='lat' dir='ltr'><strong>cultorum</strong></span> <span class='ocrx_word' id='word_1_274' title='bbox 1944 2015 2141 2056; x_wconf 87' lang='lat' dir='ltr'><strong>nomen</strong></span> <span class='ocrx_word' id='word_1_275' title='bbox 2174 2001 2420 2070; x_wconf 79' lang='lat' dir='ltr'><strong>proferre</strong></span> <span class='ocrx_word' id='word_1_276' title='bbox 2446 2001 2529 2056; x_wconf 80' lang='lat' dir='ltr'><strong>fas</strong></span> <span class='ocrx_word' id='word_1_277' title='bbox 2558 2015 2722 2060; x_wconf 90' lang='lat' dir='ltr'><strong>esset.</strong></span> 
     </span>
    </p>
   </div>
   <div class='ocr_carea' id='block_1_38' title="bbox 846 2095 1396 2151">
    <p class='ocr_par' dir='ltr' id='par_1_38' title="bbox 846 2095 1396 2151">
     <span class='ocr_line' id='line_1_38' title="bbox 846 2095 1396 2151; baseline -0.005 0"><span class='ocrx_word' id='word_1_278' title='bbox 846 2096 1142 2151; x_wconf 78' lang='grc' dir='ltr'><strong>ΚΕΦΑΛΑΙ</strong></span> <span class='ocrx_word' id='word_1_279' title='bbox 1156 2095 1247 2148; x_wconf 84' lang='lat' dir='ltr'><strong>ON</strong></span> <span class='ocrx_word' id='word_1_280' title='bbox 1288 2095 1396 2148; x_wconf 83' lang='lat' dir='ltr'><strong>IH&#39;.</strong></span> 
     </span>
    </p>
   </div>
   <div class='ocr_carea' id='block_1_39' title="bbox 328 2183 1912 2257">
    <p class='ocr_par' dir='ltr' id='par_1_39' title="bbox 328 2183 1912 2257">
     <span class='ocr_line' id='line_1_39' title="bbox 328 2183 1912 2257; baseline -0.005 -12"><span class='ocrx_word' id='word_1_281' title='bbox 328 2191 449 2245; x_wconf 82' lang='grc' dir='ltr'>Ὅτι</span> <span class='ocrx_word' id='word_1_282' title='bbox 493 2189 920 2257; x_wconf 79' lang='grc' dir='ltr'>Διοκλητιανοῦ</span> <span class='ocrx_word' id='word_1_283' title='bbox 960 2189 1058 2244; x_wconf 81' lang='grc' dir='ltr'>καὶ</span> <span class='ocrx_word' id='word_1_284' title='bbox 1102 2186 1480 2254; x_wconf 82' lang='grc' dir='ltr'>Μαξιμιανοῦ</span> <span class='ocrx_word' id='word_1_285' title='bbox 1526 2183 1912 2257; x_wconf 73' lang='grc' dir='ltr'>ἀποδυσαμέ-</span> 
     </span>
    </p>
   </div>
   <div class='ocr_carea' id='block_1_40' title="bbox 395 2255 1912 2328">
    <p class='ocr_par' dir='ltr' id='par_1_40' title="bbox 395 2255 1912 2328">
     <span class='ocr_line' id='line_1_40' title="bbox 395 2255 1912 2328; baseline -0.006 -12"><span class='ocrx_word' id='word_1_286' title='bbox 395 2279 538 2326; x_wconf 74' lang='grc' dir='ltr'>νων,</span> <span class='ocrx_word' id='word_1_287' title='bbox 563 2255 790 2328; x_wconf 72' lang='grc' dir='ltr'>πρῶτος</span> <span class='ocrx_word' id='word_1_288' title='bbox 815 2257 894 2328; x_wconf 82' lang='grc' dir='ltr'><strong>ἦν</strong></span> <span class='ocrx_word' id='word_1_289' title='bbox 913 2259 1505 2328; x_wconf 50' lang='grc' dir='ltr'>λοιπῶνζΑῦγουστος</span> <span class='ocrx_word' id='word_1_290' title='bbox 1533 2260 1563 2309; x_wconf 86' lang='grc' dir='ltr'><strong>ό</strong></span> <span class='ocrx_word' id='word_1_291' title='bbox 1587 2255 1912 2308; x_wconf 82' lang='grc' dir='ltr'>Κωνστάν-</span> 
     </span>
    </p>
   </div>
   <div class='ocr_carea' id='block_1_41' title="bbox 394 2327 1217 2397">
    <p class='ocr_par' dir='ltr' id='par_1_41' title="bbox 394 2327 1217 2397">
     <span class='ocr_line' id='line_1_41' title="bbox 394 2327 1217 2397; baseline -0.006 -12"><span class='ocrx_word' id='word_1_292' title='bbox 394 2349 522 2396; x_wconf 82' lang='grc' dir='ltr'>τιος</span> <span class='ocrx_word' id='word_1_293' title='bbox 559 2327 628 2384; x_wconf 61' lang='grc' dir='ltr'><strong>ἐν</strong></span> <span class='ocrx_word' id='word_1_294' title='bbox 671 2327 949 2395; x_wconf 70' lang='grc' dir='ltr'>εὐτεκνίᾳ</span> <span class='ocrx_word' id='word_1_295' title='bbox 998 2327 1217 2397; x_wconf 81' lang='grc' dir='ltr'>κομῶν.</span> 
     </span>
    </p>
   </div>
   <div class='ocr_carea' id='block_1_42' title="bbox 394 2416 1913 2491">
    <p class='ocr_par' dir='ltr' id='par_1_42' title="bbox 394 2416 1913 2491">
     <span class='ocr_line' id='line_1_42' title="bbox 394 2416 1913 2491; baseline -0.004 -16"><span class='ocrx_word' id='word_1_296' title='bbox 394 2422 620 2484; x_wconf 78' lang='grc' dir='ltr'>Τούτοις</span> <span class='ocrx_word' id='word_1_297' title='bbox 649 2422 692 2475; x_wconf 78' lang='grc' dir='ltr'>δ’</span> <span class='ocrx_word' id='word_1_298' title='bbox 724 2422 953 2490; x_wconf 77' lang='grc' dir='ltr'>ἐγγύθεν</span> <span class='ocrx_word' id='word_1_299' title='bbox 987 2419 1136 2490; x_wconf 82' lang='grc' dir='ltr'>αὐτῷ</span> <span class='ocrx_word' id='word_1_300' title='bbox 1168 2419 1236 2472; x_wconf 89' lang='grc' dir='ltr'><strong>τά</strong></span> <span class='ocrx_word' id='word_1_301' title='bbox 1264 2421 1363 2491; x_wconf 84' lang='grc' dir='ltr'>τῆς</span> <span class='ocrx_word' id='word_1_302' title='bbox 1401 2420 1465 2472; x_wconf 82' lang='grc' dir='ltr'>ὲκ</span> <span class='ocrx_word' id='word_1_303' title='bbox 1495 2416 1631 2471; x_wconf 85' lang='grc' dir='ltr'>Θεοῦ</span> <span class='ocrx_word' id='word_1_304' title='bbox 1671 2433 1913 2488; x_wconf 85' lang='grc' dir='ltr'>παρακο-</span> 
     </span>
    </p>
   </div>
   <div class='ocr_carea' id='block_1_43' title="bbox 321 2510 1913 2586">
    <p class='ocr_par' dir='ltr' id='par_1_43' title="bbox 321 2510 1913 2586">
     <span class='ocr_line' id='line_1_43' title="bbox 321 2510 1913 2586; baseline -0.004 -18"><span class='ocrx_word' id='word_1_305' title='bbox 321 2514 503 2568; x_wconf 85' lang='grc' dir='ltr'>λουθεῖ</span> <span class='ocrx_word' id='word_1_306' title='bbox 528 2515 782 2586; x_wconf 78' lang='grc' dir='ltr'>ἀμοιϐῆς,</span> <span class='ocrx_word' id='word_1_307' title='bbox 809 2514 936 2567; x_wconf 83' lang='grc' dir='ltr'>ὥστ’</span> <span class='ocrx_word' id='word_1_308' title='bbox 963 2513 1064 2582; x_wconf 73' lang='grc' dir='ltr'>ἤδη</span> <span class='ocrx_word' id='word_1_309' title='bbox 1094 2512 1189 2565; x_wconf 78' lang='grc' dir='ltr'><strong>καὶ</strong></span> <span class='ocrx_word' id='word_1_310' title='bbox 1213 2511 1497 2582; x_wconf 75' lang='grc' dir='ltr'>πρωτείων</span> <span class='ocrx_word' id='word_1_311' title='bbox 1522 2512 1621 2581; x_wconf 80' lang='grc' dir='ltr'>τῆς</span> <span class='ocrx_word' id='word_1_312' title='bbox 1642 2510 1913 2580; x_wconf 86' lang='grc' dir='ltr'>αὐτοκρα-</span> 
     </span>
    </p>
   </div>
   <div class='ocr_carea' id='block_1_44' title="bbox 320 2602 1910 2681">
    <p class='ocr_par' dir='ltr' id='par_1_44' title="bbox 320 2602 1910 2681">
     <span class='ocr_line' id='line_1_44' title="bbox 320 2602 1910 2681; baseline -0.006 -20"><span class='ocrx_word' id='word_1_313' title='bbox 320 2607 546 2681; x_wconf 82' lang='grc' dir='ltr'>τορικῆς</span> <span class='ocrx_word' id='word_1_314' title='bbox 593 2608 765 2678; x_wconf 81' lang='grc' dir='ltr'>ἀρχῆς</span> <span class='ocrx_word' id='word_1_315' title='bbox 829 2607 1134 2676; x_wconf 75' lang='grc' dir='ltr'>μετασχεῖν.</span> <span class='ocrx_word' id='word_1_316' title='bbox 1183 2605 1245 2656; x_wconf 82' lang='grc' dir='ltr'><strong>Οἱ</strong></span> <span class='ocrx_word' id='word_1_317' title='bbox 1302 2604 1400 2672; x_wconf 82' lang='grc' dir='ltr'><strong>μὲν</strong></span> <span class='ocrx_word' id='word_1_318' title='bbox 1451 2603 1561 2674; x_wconf 80' lang='grc' dir='ltr'><strong>γὰρ</strong></span> <span class='ocrx_word' id='word_1_319' title='bbox 1618 2602 1696 2672; x_wconf 81' lang='grc' dir='ltr'><strong>τῷ</strong></span> <span class='ocrx_word' id='word_1_320' title='bbox 1736 2602 1910 2674; x_wconf 78' lang='grc' dir='ltr'>χρόνῳ</span> 
     </span>
    </p>
   </div>
   <div class='ocr_carea' id='block_1_45' title="bbox 323 2689 1906 2767">
    <p class='ocr_par' dir='ltr' id='par_1_45' title="bbox 323 2689 1906 2767">
     <span class='ocr_line' id='line_1_45' title="bbox 323 2689 1906 2767; baseline -0.003 -19"><span class='ocrx_word' id='word_1_321' title='bbox 323 2695 677 2767; x_wconf 80' lang='grc' dir='ltr'>προάγοντες,</span> <span class='ocrx_word' id='word_1_322' title='bbox 722 2695 822 2747; x_wconf 88' lang='grc' dir='ltr'><strong>οὐκ</strong></span> <span class='ocrx_word' id='word_1_323' title='bbox 862 2689 958 2746; x_wconf 80' lang='grc' dir='ltr'>οἷδ’</span> <span class='ocrx_word' id='word_1_324' title='bbox 992 2695 1142 2757; x_wconf 83' lang='grc' dir='ltr'>ὅπως</span> <span class='ocrx_word' id='word_1_325' title='bbox 1182 2691 1542 2758; x_wconf 80' lang='grc' dir='ltr'>ὑπεξίσταντο</span> <span class='ocrx_word' id='word_1_326' title='bbox 1573 2692 1672 2762; x_wconf 79' lang='grc' dir='ltr'>τῆς</span> <span class='ocrx_word' id='word_1_327' title='bbox 1710 2691 1906 2762; x_wconf 75' lang='grc' dir='ltr'>ἀρχῆς,</span> 
     </span>
    </p>
   </div>
   <div class='ocr_carea' id='block_1_46' title="bbox 321 2781 1910 2858">
    <p class='ocr_par' dir='ltr' id='par_1_46' title="bbox 321 2781 1910 2858">
     <span class='ocr_line' id='line_1_46' title="bbox 321 2781 1910 2858; baseline -0.005 -16"><span class='ocrx_word' id='word_1_328' title='bbox 321 2790 501 2851; x_wconf 83' lang='grc' dir='ltr'>αὐτοῖς</span> <span class='ocrx_word' id='word_1_329' title='bbox 535 2787 736 2858; x_wconf 85' lang='grc' dir='ltr'>ἀθρόας</span> <span class='ocrx_word' id='word_1_330' title='bbox 779 2785 1079 2856; x_wconf 77' lang='grc' dir='ltr'>μεταϐολῆς</span> <span class='ocrx_word' id='word_1_331' title='bbox 1114 2784 1251 2855; x_wconf 83' lang='grc' dir='ltr'>μετὰ</span> <span class='ocrx_word' id='word_1_332' title='bbox 1294 2783 1355 2836; x_wconf 86' lang='grc' dir='ltr'>τὸ</span> <span class='ocrx_word' id='word_1_333' title='bbox 1397 2783 1612 2855; x_wconf 83' lang='grc' dir='ltr'>πρῶτον</span> <span class='ocrx_word' id='word_1_334' title='bbox 1652 2781 1771 2846; x_wconf 78' lang='grc' dir='ltr'>ἔτος</span> <span class='ocrx_word' id='word_1_335' title='bbox 1809 2782 1910 2850; x_wconf 79' lang='grc' dir='ltr'><strong>τῆς</strong></span> 
     </span>
    </p>
   </div>
   <div class='ocr_carea' id='block_1_47' title="bbox 320 2873 1908 2951">
    <p class='ocr_par' dir='ltr' id='par_1_47' title="bbox 320 2873 1908 2951">
     <span class='ocr_line' id='line_1_47' title="bbox 320 2873 1908 2951; baseline -0.004 -17"><span class='ocrx_word' id='word_1_336' title='bbox 320 2881 429 2934; x_wconf 80' lang='grc' dir='ltr'><strong>τῶν</strong></span> <span class='ocrx_word' id='word_1_337' title='bbox 465 2873 800 2951; x_wconf 83' lang='grc' dir='ltr'>Ἐκκλησιῶν</span> <span class='ocrx_word' id='word_1_338' title='bbox 823 2877 1138 2946; x_wconf 85' lang='grc' dir='ltr'>πολιορκίας</span> <span class='ocrx_word' id='word_1_339' title='bbox 1168 2877 1279 2946; x_wconf 83' lang='grc'>(56)</span> <span class='ocrx_word' id='word_1_340' title='bbox 1311 2875 1718 2946; x_wconf 77' lang='grc' dir='ltr'>ὲπισκηψάσης,</span> <span class='ocrx_word' id='word_1_341' title='bbox 1749 2875 1908 2946; x_wconf 87' lang='grc' dir='ltr'>μόνος</span> 
     </span>
    </p>
   </div>
   <div class='ocr_carea' id='block_1_48' title="bbox 319 2966 1909 3040">
    <p class='ocr_par' dir='ltr' id='par_1_48' title="bbox 319 2966 1909 3040">
     <span class='ocr_line' id='line_1_48' title="bbox 319 2966 1909 3040; baseline -0.005 -14"><span class='ocrx_word' id='word_1_342' title='bbox 319 2973 379 3026; x_wconf 81' lang='grc' dir='ltr'>δὲ</span> <span class='ocrx_word' id='word_1_343' title='bbox 418 2972 603 3026; x_wconf 75' lang='grc' dir='ltr'>λοιπὸν</span> <span class='ocrx_word' id='word_1_344' title='bbox 656 2971 1034 3033; x_wconf 83' lang='grc' dir='ltr'>Κωνστάντιος</span> <span class='ocrx_word' id='word_1_345' title='bbox 1080 2969 1298 3040; x_wconf 84' lang='grc' dir='ltr'>πρῶτος</span> <span class='ocrx_word' id='word_1_346' title='bbox 1329 2967 1636 3036; x_wconf 75' lang='grc' dir='ltr'>Αὔγουστος</span> <span class='ocrx_word' id='word_1_347' title='bbox 1681 2966 1773 3019; x_wconf 70' lang='grc' dir='ltr'>καὶ</span> <span class='ocrx_word' id='word_1_348' title='bbox 1819 2983 1909 3018; x_wconf 88' lang='grc' dir='ltr'>σε-</span> 
     </span>
    </p>
   </div>
   <div class='ocr_carea' id='block_1_49' title="bbox 321 3057 1905 3131">
    <p class='ocr_par' dir='ltr' id='par_1_49' title="bbox 321 3057 1905 3131">
     <span class='ocr_line' id='line_1_49' title="bbox 321 3057 1905 3131; baseline -0.003 -18"><span class='ocrx_word' id='word_1_349' title='bbox 321 3061 518 3125; x_wconf 78' lang='grc' dir='ltr'>ϐαστὺς</span> <span class='ocrx_word' id='word_1_350' title='bbox 552 3059 934 3130; x_wconf 81' lang='grc' dir='ltr'>ἀνηγορεύετο,</span> <span class='ocrx_word' id='word_1_351' title='bbox 972 3060 1033 3112; x_wconf 87' lang='grc' dir='ltr'>τὸ</span> <span class='ocrx_word' id='word_1_352' title='bbox 1074 3061 1170 3131; x_wconf 81' lang='grc' dir='ltr'><strong>μὲν</strong></span> <span class='ocrx_word' id='word_1_353' title='bbox 1204 3058 1486 3130; x_wconf 78' lang='grc' dir='ltr'>καταρχὰς</span> <span class='ocrx_word' id='word_1_354' title='bbox 1510 3057 1588 3128; x_wconf 82' lang='grc' dir='ltr'><strong>τῷ</strong></span> <span class='ocrx_word' id='word_1_355' title='bbox 1611 3057 1718 3111; x_wconf 86' lang='grc' dir='ltr'><strong>τῶν</strong></span> <span class='ocrx_word' id='word_1_356' title='bbox 1744 3058 1905 3110; x_wconf 88' lang='grc' dir='ltr'>αὐτο-</span> 
     </span>
    </p>
   </div>
   <div class='ocr_carea' id='block_1_50' title="bbox 319 3148 1905 3224">
    <p class='ocr_par' dir='ltr' id='par_1_50' title="bbox 319 3148 1905 3224">
     <span class='ocr_line' id='line_1_50' title="bbox 319 3148 1905 3224; baseline -0.002 -19"><span class='ocrx_word' id='word_1_357' title='bbox 319 3152 602 3224; x_wconf 89' lang='grc' dir='ltr'>κρατόρων</span> <span class='ocrx_word' id='word_1_358' title='bbox 635 3151 933 3222; x_wconf 83' lang='grc' dir='ltr'>Καισάρων</span> <span class='ocrx_word' id='word_1_359' title='bbox 971 3150 1262 3221; x_wconf 81' lang='grc' dir='ltr'>διαδήματι</span> <span class='ocrx_word' id='word_1_360' title='bbox 1309 3148 1760 3220; x_wconf 76' lang='grc' dir='ltr'>λαμπρυνάμενος</span> <span class='ocrx_word' id='word_1_361' title='bbox 1812 3150 1905 3202; x_wconf 81' lang='grc' dir='ltr'>καὶ</span> 
     </span>
    </p>
   </div>
   <div class='ocr_carea' id='block_1_51' title="bbox 318 3238 1902 3313">
    <p class='ocr_par' dir='ltr' id='par_1_51' title="bbox 318 3238 1902 3313">
     <span class='ocr_line' id='line_1_51' title="bbox 318 3238 1902 3313; baseline -0.003 -17"><span class='ocrx_word' id='word_1_362' title='bbox 318 3241 525 3297; x_wconf 80' lang='grc' dir='ltr'>τούτων</span> <span class='ocrx_word' id='word_1_363' title='bbox 564 3241 880 3313; x_wconf 81' lang='grc' dir='ltr'>ἀπειληφὼς</span> <span class='ocrx_word' id='word_1_364' title='bbox 911 3242 979 3294; x_wconf 88' lang='grc' dir='ltr'><strong>τὰ</strong></span> <span class='ocrx_word' id='word_1_365' title='bbox 1019 3241 1234 3313; x_wconf 85' lang='grc' dir='ltr'>πρῶτα,</span> <span class='ocrx_word' id='word_1_366' title='bbox 1284 3239 1424 3311; x_wconf 83' lang='grc' dir='ltr'>μετὰ</span> <span class='ocrx_word' id='word_1_367' title='bbox 1455 3238 1513 3291; x_wconf 84' lang='grc' dir='ltr'>δὲ</span> <span class='ocrx_word' id='word_1_368' title='bbox 1548 3239 1649 3308; x_wconf 82' lang='grc' dir='ltr'>τὴν</span> <span class='ocrx_word' id='word_1_369' title='bbox 1681 3241 1740 3291; x_wconf 82' lang='grc' dir='ltr'>ὲν</span> <span class='ocrx_word' id='word_1_370' title='bbox 1777 3238 1902 3291; x_wconf 80' lang='grc' dir='ltr'>τού-</span> 
     </span>
    </p>
   </div>
   <div class='ocr_carea' id='block_1_52' title="bbox 316 3330 1903 3405">
    <p class='ocr_par' dir='ltr' id='par_1_52' title="bbox 316 3330 1903 3405">
     <span class='ocr_line' id='line_1_52' title="bbox 316 3330 1903 3405; baseline -0.004 -17"><span class='ocrx_word' id='word_1_371' title='bbox 316 3351 432 3398; x_wconf 83' lang='grc' dir='ltr'>τοις</span> <span class='ocrx_word' id='word_1_372' title='bbox 485 3333 732 3405; x_wconf 71' lang='grc' dir='ltr'>δοκιμὴν,</span> <span class='ocrx_word' id='word_1_373' title='bbox 799 3336 866 3405; x_wconf 83' lang='grc' dir='ltr'>τῇ</span> <span class='ocrx_word' id='word_1_374' title='bbox 923 3333 1033 3386; x_wconf 83' lang='grc' dir='ltr'><strong>τῶν</strong></span> <span class='ocrx_word' id='word_1_375' title='bbox 1089 3335 1349 3387; x_wconf 86' lang='grc' dir='ltr'>ἀνωτάτω</span> <span class='ocrx_word' id='word_1_376' title='bbox 1399 3331 1552 3402; x_wconf 84' lang='grc' dir='ltr'><strong>παρά</strong></span> <span class='ocrx_word' id='word_1_377' title='bbox 1613 3330 1903 3398; x_wconf 82' lang='grc' dir='ltr'>Ῥωμαίοις</span> 
     </span>
    </p>
   </div>
   <div class='ocr_carea' id='block_1_53' title="bbox 2478 2096 3141 2168">
    <p class='ocr_par' dir='ltr' id='par_1_53' title="bbox 2478 2096 3141 2168">
     <span class='ocr_line' id='line_1_53' title="bbox 2478 2096 3141 2168; baseline 0.009 -16"><span class='ocrx_word' id='word_1_378' title='bbox 2478 2096 2642 2168; x_wconf 67' lang='grc'><strong>417</strong></span> <span class='ocrx_word' id='word_1_379' title='bbox 2693 2097 2922 2156; x_wconf 82' lang='lat' dir='ltr'><strong>CAPUT</strong></span> <span class='ocrx_word' id='word_1_380' title='bbox 2955 2100 3141 2158; x_wconf 78' lang='lat' dir='ltr'><strong>XVIII.</strong></span> 
     </span>
    </p>
   </div>
   <div class='ocr_carea' id='block_1_54' title="bbox 2022 2183 3583 2261">
    <p class='ocr_par' dir='ltr' id='par_1_54' title="bbox 2022 2183 3583 2261">
     <span class='ocr_line' id='line_1_54' title="bbox 2022 2183 3583 2261; baseline 0.015 -25"><span class='ocrx_word' id='word_1_381' title='bbox 2022 2183 2178 2261; x_wconf 63' lang='lat' dir='ltr'><strong>Quod</strong></span> <span class='ocrx_word' id='word_1_382' title='bbox 2221 2189 2766 2261; x_wconf 80' lang='lat' dir='ltr'><strong>post_abdicationem</strong></span> <span class='ocrx_word' id='word_1_383' title='bbox 2807 2193 3128 2252; x_wconf 78' lang='lat' dir='ltr'><strong>Diocletiani</strong></span> <span class='ocrx_word' id='word_1_384' title='bbox 3158 2211 3209 2253; x_wconf 80' lang='lat' dir='ltr'><strong>et</strong></span> <span class='ocrx_word' id='word_1_385' title='bbox 3259 2201 3583 2261; x_wconf 69' lang='lat' dir='ltr'><strong>Maximiani</strong></span> 
     </span>
    </p>
   </div>
   <div class='ocr_carea' id='block_1_55' title="bbox 2089 2252 3606 2346">
    <p class='ocr_par' dir='ltr' id='par_1_55' title="bbox 2089 2252 3606 2346">
     <span class='ocr_line' id='line_1_55' title="bbox 2089 2252 3606 2346; baseline 0.018 -40"><span class='ocrx_word' id='word_1_386' title='bbox 2089 2252 2431 2338; x_wconf 40' lang='lat' dir='ltr'><strong>.Consta-nlius</strong></span> <span class='ocrx_word' id='word_1_387' title='bbox 2460 2263 2664 2329; x_wconf 74' lang='lat' dir='ltr'><strong>primus</strong></span> <span class='ocrx_word' id='word_1_388' title='bbox 2692 2263 2963 2333; x_wconf 76' lang='lat' dir='ltr'><strong>Augustus</strong></span> <span class='ocrx_word' id='word_1_389' title='bbox 2993 2268 3122 2336; x_wconf 78' lang='lat' dir='ltr'><strong>fuit,</strong></span> 
     </span>
    </p>
   </div>
   <div class='ocr_carea' id='block_1_56' title="bbox 2087 2342 2535 2407">
    <p class='ocr_par' dir='ltr' id='par_1_56' title="bbox 2087 2342 2535 2407">
     <span class='ocr_line' id='line_1_56' title="bbox 2087 2342 2535 2407; baseline 0.009 -29"><span class='ocrx_word' id='word_1_390' title='bbox 2087 2342 2331 2396; x_wconf 76' lang='lat' dir='ltr'><strong>tnstgms.</strong></span> <span class='ocrx_word' id='word_1_391' title='bbox 2530 2395 2535 2407; x_wconf 41' lang='lat' dir='ltr'><strong>I</strong></span> 
     </span>
    </p>
   </div>
   <div class='ocr_carea' id='block_1_57' title="bbox 2089 2416 3602 2496">
    <p class='ocr_par' dir='ltr' id='par_1_57' title="bbox 2089 2416 3602 2496">
     <span class='ocr_line' id='line_1_57' title="bbox 2089 2416 3602 2496; baseline 0.015 -26"><span class='ocrx_word' id='word_1_392' title='bbox 2089 2416 2261 2473; x_wconf 89' lang='lat' dir='ltr'><strong>Porro</strong></span> <span class='ocrx_word' id='word_1_393' title='bbox 2285 2434 2379 2474; x_wconf 91' lang='lat' dir='ltr'><strong>eas</strong></span> <span class='ocrx_word' id='word_1_394' title='bbox 2413 2419 2482 2474; x_wconf 92' lang='lat' dir='ltr'><strong>ob</strong></span> <span class='ocrx_word' id='word_1_395' title='bbox 2531 2436 2618 2476; x_wconf 89' lang='lat' dir='ltr'><strong>res</strong></span> <span class='ocrx_word' id='word_1_396' title='bbox 2663 2437 2770 2477; x_wconf 90' lang='lat' dir='ltr'><strong>non</strong></span> <span class='ocrx_word' id='word_1_397' title='bbox 2821 2425 2910 2479; x_wconf 89' lang='lat' dir='ltr'><strong>diu</strong></span> <span class='ocrx_word' id='word_1_398' title='bbox 2959 2428 3188 2496; x_wconf 89' lang='lat' dir='ltr'><strong>posthac</strong></span> <span class='ocrx_word' id='word_1_399' title='bbox 3231 2436 3539 2490; x_wconf 73' lang='lat' dir='ltr'><strong>mercedem</strong></span> <span class='ocrx_word' id='word_1_400' title='bbox 3572 2454 3602 2490; x_wconf 90' lang='lat' dir='ltr'><strong>a</strong></span> 
     </span>
    </p>
   </div>
   <div class='ocr_carea' id='block_1_58' title="bbox 2015 2505 3601 2596">
    <p class='ocr_par' dir='ltr' id='par_1_58' title="bbox 2015 2505 3601 2596">
     <span class='ocr_line' id='line_1_58' title="bbox 2015 2505 3601 2596; baseline 0.013 -37"><span class='ocrx_word' id='word_1_401' title='bbox 2015 2505 2126 2561; x_wconf 91' lang='lat' dir='ltr'><strong>Deo</strong></span> <span class='ocrx_word' id='word_1_402' title='bbox 2164 2519 2247 2562; x_wconf 90' lang='lat' dir='ltr'><strong>cst</strong></span> <span class='ocrx_word' id='word_1_403' title='bbox 2277 2520 2604 2567; x_wconf 88' lang='lat' dir='ltr'><strong>consecutus</strong></span> <span class='ocrx_word' id='word_1_404' title='bbox 2627 2552 2642 2577; x_wconf 93' lang='lat'><strong>,</strong></span> <span class='ocrx_word' id='word_1_405' title='bbox 2677 2515 2729 2567; x_wconf 89' lang='lat' dir='ltr'><strong>in</strong></span> <span class='ocrx_word' id='word_1_406' title='bbox 2761 2525 2968 2570; x_wconf 89' lang='lat' dir='ltr'><strong>tantum</strong></span> <span class='ocrx_word' id='word_1_407' title='bbox 3003 2529 3061 2572; x_wconf 90' lang='lat' dir='ltr'><strong>ut</strong></span> <span class='ocrx_word' id='word_1_408' title='bbox 3095 2522 3330 2590; x_wconf 90' lang='lat' dir='ltr'><strong>primum</strong></span> <span class='ocrx_word' id='word_1_409' title='bbox 3390 2527 3601 2596; x_wconf 83' lang='lat' dir='ltr'><strong>imperii</strong></span> 
     </span>
    </p>
   </div>
   <div class='ocr_carea' id='block_1_59' title="bbox 2015 2597 3604 2684">
    <p class='ocr_par' dir='ltr' id='par_1_59' title="bbox 2015 2597 3604 2684">
     <span class='ocr_line' id='line_1_59' title="bbox 2015 2597 3604 2684; baseline 0.016 -34"><span class='ocrx_word' id='word_1_410' title='bbox 2015 2597 2188 2653; x_wconf 90' lang='lat' dir='ltr'><strong>locum</strong></span> <span class='ocrx_word' id='word_1_411' title='bbox 2214 2601 2504 2658; x_wconf 88' lang='lat' dir='ltr'><strong>obtineret.</strong></span> <span class='ocrx_word' id='word_1_412' title='bbox 2541 2602 2677 2658; x_wconf 84' lang='lat' dir='ltr'><strong>Nam</strong></span> <span class='ocrx_word' id='word_1_413' title='bbox 2711 2621 2835 2661; x_wconf 91' lang='lat' dir='ltr'><strong>cum</strong></span> <span class='ocrx_word' id='word_1_414' title='bbox 2874 2609 3121 2668; x_wconf 86' lang='lat' dir='ltr'><strong>seniores</strong></span> <span class='ocrx_word' id='word_1_415' title='bbox 3156 2615 3386 2684; x_wconf 86' lang='lat' dir='ltr'><strong>Augusti</strong></span> <span class='ocrx_word' id='word_1_416' title='bbox 3419 2620 3604 2675; x_wconf 89' lang='lat' dir='ltr'><strong>nescio</strong></span> 
     </span>
    </p>
   </div>
   <div class='ocr_carea' id='block_1_60' title="bbox 2011 2695 3601 2781">
    <p class='ocr_par' dir='ltr' id='par_1_60' title="bbox 2011 2695 3601 2781">
     <span class='ocr_line' id='line_1_60' title="bbox 2011 2695 3601 2781; baseline 0.016 -37"><span class='ocrx_word' id='word_1_417' title='bbox 2011 2706 2120 2760; x_wconf 92' lang='lat' dir='ltr'><strong>quo</strong></span> <span class='ocrx_word' id='word_1_418' title='bbox 2144 2703 2306 2762; x_wconf 92' lang='lat' dir='ltr'><strong>pacto</strong></span> <span class='ocrx_word' id='word_1_419' title='bbox 2338 2695 2574 2765; x_wconf 90' lang='lat' dir='ltr'><strong>imperio</strong></span> <span class='ocrx_word' id='word_1_420' title='bbox 2613 2713 2672 2753; x_wconf 84' lang='lat' dir='ltr'><strong>se</strong></span> <span class='ocrx_word' id='word_1_421' title='bbox 2712 2700 3092 2770; x_wconf 83' lang='lat' dir='ltr'><strong>abdicassent.</strong></span> <span class='ocrx_word' id='word_1_422' title='bbox 3153 2723 3274 2778; x_wconf 85' lang='lat' dir='ltr'><strong>quae</strong></span> <span class='ocrx_word' id='word_1_423' title='bbox 3320 2715 3601 2781; x_wconf 85' lang='lat' dir='ltr'><strong>repentina</strong></span> 
     </span>
    </p>
   </div>
   <div class='ocr_carea' id='block_1_61' title="bbox 2011 2786 3604 2861">
    <p class='ocr_par' dir='ltr' id='par_1_61' title="bbox 2011 2786 3604 2861">
     <span class='ocr_line' id='line_1_61' title="bbox 2011 2786 3604 2861; baseline 0.015 -24"><span class='ocrx_word' id='word_1_424' title='bbox 2011 2786 2258 2852; x_wconf 87' lang='lat' dir='ltr'><strong>mutatio,</strong></span> <span class='ocrx_word' id='word_1_425' title='bbox 2294 2789 2542 2858; x_wconf 75' lang='lat' dir='ltr'><strong>proximo</strong></span> <span class='ocrx_word' id='word_1_426' title='bbox 2563 2801 2684 2859; x_wconf 87' lang='lat' dir='ltr'><strong>post</strong></span> <span class='ocrx_word' id='word_1_427' title='bbox 2715 2793 3070 2852; x_wconf 84' lang='lat' dir='ltr'><strong>ecclesiarum</strong></span> <span class='ocrx_word' id='word_1_428' title='bbox 3097 2802 3438 2859; x_wconf 85' lang='lat' dir='ltr'><strong>eversionem</strong></span> <span class='ocrx_word' id='word_1_429' title='bbox 3457 2820 3604 2861; x_wconf 86' lang='lat' dir='ltr'><strong>anno</strong></span> 
     </span>
    </p>
   </div>
   <div class='ocr_carea' id='block_1_62' title="bbox 2010 2877 3597 2960">
    <p class='ocr_par' dir='ltr' id='par_1_62' title="bbox 2010 2877 3597 2960">
     <span class='ocr_line' id='line_1_62' title="bbox 2010 2877 3597 2960; baseline 0.012 -29"><span class='ocrx_word' id='word_1_430' title='bbox 2010 2877 2117 2932; x_wconf 90' lang='lat' dir='ltr'><strong>illis</strong></span> <span class='ocrx_word' id='word_1_431' title='bbox 2147 2881 2411 2950; x_wconf 90' lang='lat' dir='ltr'><strong>contigit,</strong></span> <span class='ocrx_word' id='word_1_432' title='bbox 2455 2882 2604 2937; x_wconf 88' lang='lat' dir='ltr'><strong>solus</strong></span> <span class='ocrx_word' id='word_1_433' title='bbox 2629 2883 2826 2939; x_wconf 83' lang='lat' dir='ltr'><strong>exinde</strong></span> <span class='ocrx_word' id='word_1_434' title='bbox 2858 2885 3216 2944; x_wconf 87' lang='lat' dir='ltr'><strong>Constantius</strong></span> <span class='ocrx_word' id='word_1_435' title='bbox 3238 2892 3449 2960; x_wconf 89' lang='lat' dir='ltr'><strong>primus</strong></span> <span class='ocrx_word' id='word_1_436' title='bbox 3479 2897 3597 2949; x_wconf 82' lang='lat' dir='ltr'><strong>Au-</strong></span> 
     </span>
    </p>
   </div>
   <div class='ocr_carea' id='block_1_63' title="bbox 2009 2971 3598 3048">
    <p class='ocr_par' dir='ltr' id='par_1_63' title="bbox 2009 2971 3598 3048">
     <span class='ocr_line' id='line_1_63' title="bbox 2009 2971 3598 3048; baseline 0.012 -27"><span class='ocrx_word' id='word_1_437' title='bbox 2009 2977 2200 3038; x_wconf 83' lang='lat' dir='ltr'><strong>gustus</strong></span> <span class='ocrx_word' id='word_1_438' title='bbox 2256 2971 2602 3026; x_wconf 88' lang='lat' dir='ltr'><strong>renuntiatus</strong></span> <span class='ocrx_word' id='word_1_439' title='bbox 2647 2983 2755 3028; x_wconf 91' lang='lat' dir='ltr'><strong>est.</strong></span> <span class='ocrx_word' id='word_1_440' title='bbox 2804 2974 2906 3042; x_wconf 84' lang='lat' dir='ltr'><strong>Qui</strong></span> <span class='ocrx_word' id='word_1_441' title='bbox 2970 2977 3124 3032; x_wconf 90' lang='lat' dir='ltr'><strong>initio</strong></span> <span class='ocrx_word' id='word_1_442' title='bbox 3160 2980 3380 3048; x_wconf 87' lang='lat' dir='ltr'><strong>quidem</strong></span> <span class='ocrx_word' id='word_1_443' title='bbox 3411 2983 3598 3039; x_wconf 66' lang='lat' dir='ltr'><strong>Caesa-</strong></span> 
     </span>
    </p>
   </div>
   <div class='ocr_carea' id='block_1_64' title="bbox 2010 3058 3598 3138">
    <p class='ocr_par' dir='ltr' id='par_1_64' title="bbox 2010 3058 3598 3138">
     <span class='ocr_line' id='line_1_64' title="bbox 2010 3058 3598 3138; baseline 0.006 -27"><span class='ocrx_word' id='word_1_444' title='bbox 2010 3073 2129 3112; x_wconf 88' lang='lat' dir='ltr'><strong>rum</strong></span> <span class='ocrx_word' id='word_1_445' title='bbox 2181 3058 2487 3114; x_wconf 85' lang='lat' dir='ltr'><strong>diademate</strong></span> <span class='ocrx_word' id='word_1_446' title='bbox 2550 3075 2671 3115; x_wconf 86' lang='lat' dir='ltr'><strong>cum</strong></span> <span class='ocrx_word' id='word_1_447' title='bbox 2722 3061 2940 3117; x_wconf 89' lang='lat' dir='ltr'><strong>Galerio</strong></span> <span class='ocrx_word' id='word_1_448' title='bbox 2989 3064 3301 3131; x_wconf 87' lang='lat' dir='ltr'><strong>decoratus,</strong></span> <span class='ocrx_word' id='word_1_449' title='bbox 3361 3068 3598 3138; x_wconf 85' lang='lat' dir='ltr'><strong>priorem</strong></span> 
     </span>
    </p>
   </div>
   <div class='ocr_carea' id='block_1_65' title="bbox 2006 3149 3599 3222">
    <p class='ocr_par' dir='ltr' id='par_1_65' title="bbox 2006 3149 3599 3222">
     <span class='ocr_line' id='line_1_65' title="bbox 2006 3149 3599 3222; baseline 0.006 -19"><span class='ocrx_word' id='word_1_450' title='bbox 2006 3149 2232 3218; x_wconf 85' lang='lat' dir='ltr'><strong>gradum</strong></span> <span class='ocrx_word' id='word_1_451' title='bbox 2263 3150 2594 3218; x_wconf 87' lang='lat' dir='ltr'><strong>obtinuerat,</strong></span> <span class='ocrx_word' id='word_1_452' title='bbox 2649 3162 2838 3222; x_wconf 88' lang='lat' dir='ltr'><strong>postea</strong></span> <span class='ocrx_word' id='word_1_453' title='bbox 2869 3167 3000 3208; x_wconf 88' lang='lat' dir='ltr'><strong>vero</strong></span> <span class='ocrx_word' id='word_1_454' title='bbox 3023 3169 3146 3210; x_wconf 88' lang='lat' dir='ltr'><strong>cum</strong></span> <span class='ocrx_word' id='word_1_455' title='bbox 3177 3156 3233 3211; x_wconf 93' lang='lat' dir='ltr'><strong>in</strong></span> <span class='ocrx_word' id='word_1_456' title='bbox 3259 3156 3346 3212; x_wconf 88' lang='lat' dir='ltr'><strong>illa</strong></span> <span class='ocrx_word' id='word_1_457' title='bbox 3365 3158 3599 3214; x_wconf 68' lang='lat' dir='ltr'><strong>CmSaris</strong></span> 
     </span>
    </p>
   </div>
   <div class='ocr_carea' id='block_1_66' title="bbox 2009 3241 3596 3315">
    <p class='ocr_par' dir='ltr' id='par_1_66' title="bbox 2009 3241 3596 3315">
     <span class='ocr_line' id='line_1_66' title="bbox 2009 3241 3596 3315; baseline 0.005 -19"><span class='ocrx_word' id='word_1_458' title='bbox 2009 3241 2277 3312; x_wconf 84' lang='lat' dir='ltr'><strong>dignitate</strong></span> <span class='ocrx_word' id='word_1_459' title='bbox 2323 3243 2602 3312; x_wconf 87' lang='lat' dir='ltr'><strong>egregium</strong></span> <span class='ocrx_word' id='word_1_460' title='bbox 2655 3244 2741 3298; x_wconf 89' lang='lat' dir='ltr'><strong>sui</strong></span> <span class='ocrx_word' id='word_1_461' title='bbox 2802 3247 3080 3314; x_wconf 81' lang='lat' dir='ltr'><strong>specimen</strong></span> <span class='ocrx_word' id='word_1_462' title='bbox 3121 3248 3402 3315; x_wconf 88' lang='lat' dir='ltr'><strong>edidisset,</strong></span> <span class='ocrx_word' id='word_1_463' title='bbox 3439 3265 3596 3304; x_wconf 86' lang='lat' dir='ltr'><strong>sutu-</strong></span> 
     </span>
    </p>
   </div>
   <div class='ocr_carea' id='block_1_67' title="bbox 2006 3330 3594 3410">
    <p class='ocr_par' dir='ltr' id='par_1_67' title="bbox 2006 3330 3594 3410">
     <span class='ocr_line' id='line_1_67' title="bbox 2006 3330 3594 3410; baseline 0.007 -24"><span class='ocrx_word' id='word_1_464' title='bbox 2006 3348 2153 3388; x_wconf 91' lang='lat' dir='ltr'><strong>mutn</strong></span> <span class='ocrx_word' id='word_1_465' title='bbox 2175 3337 2315 3403; x_wconf 87' lang='lat' dir='ltr'><strong>apud</strong></span> <span class='ocrx_word' id='word_1_466' title='bbox 2345 3335 2624 3392; x_wconf 79' lang='lat' dir='ltr'><strong>Romanos</strong></span> <span class='ocrx_word' id='word_1_467' title='bbox 2649 3335 2874 3391; x_wconf 87' lang='lat' dir='ltr'><strong>honoris</strong></span> <span class='ocrx_word' id='word_1_468' title='bbox 2896 3330 3176 3408; x_wconf 78' lang='lat' dir='ltr'><strong>fastigium</strong></span> <span class='ocrx_word' id='word_1_469' title='bbox 3211 3340 3443 3410; x_wconf 89' lang='lat' dir='ltr'><strong>adeptus</strong></span> <span class='ocrx_word' id='word_1_470' title='bbox 3471 3352 3554 3396; x_wconf 89' lang='lat' dir='ltr'><strong>est</strong></span> <span class='ocrx_word' id='word_1_471' title='bbox 3577 3382 3594 3404; x_wconf 89' lang='lat'><strong>,</strong></span> 
     </span>
    </p>
   </div>
   <div class='ocr_carea' id='block_1_68' title="bbox 319 3422 1911 3501">
    <p class='ocr_par' dir='ltr' id='par_1_68' title="bbox 319 3422 1900 3497">
     <span class='ocr_line' id='line_1_68' title="bbox 319 3422 1900 3497; baseline -0.004 -17"><span class='ocrx_word' id='word_1_472' title='bbox 319 3429 605 3497; x_wconf 66' lang='grc' dir='ltr'>ἐκοσμεῖτο</span> <span class='ocrx_word' id='word_1_473' title='bbox 655 3429 813 3497; x_wconf 81' lang='grc' dir='ltr'>τιμῇ,</span> <span class='ocrx_word' id='word_1_474' title='bbox 873 3425 1090 3497; x_wconf 84' lang='grc' dir='ltr'>πρῶτος</span> <span class='ocrx_word' id='word_1_475' title='bbox 1148 3424 1406 3488; x_wconf 78' lang='grc' dir='ltr'>σεϐαστὸς</span> <span class='ocrx_word' id='word_1_476' title='bbox 1462 3422 1741 3493; x_wconf 78' lang='grc' dir='ltr'>τεττάρων</span> <span class='ocrx_word' id='word_1_477' title='bbox 1791 3422 1900 3475; x_wconf 83' lang='grc' dir='ltr'><strong>τῶν</strong></span> 
     </span>
    </p>
   </div>
   <div class='ocr_carea' id='block_1_69' title="bbox 2009 3422 3592 3501">
    <p class='ocr_par' dir='ltr' id='par_1_69' title="bbox 2009 3423 3592 3501">
     <span class='ocr_line' id='line_1_69' title="bbox 2009 3423 3592 3501; baseline 0.006 -24"><span class='ocrx_word' id='word_1_478' title='bbox 2009 3423 2150 3478; x_wconf 90' lang='lat' dir='ltr'><strong>inter</strong></span> <span class='ocrx_word' id='word_1_479' title='bbox 2179 3434 2413 3493; x_wconf 87' lang='lat' dir='ltr'><strong>quatuor</strong></span> <span class='ocrx_word' id='word_1_480' title='bbox 2450 3425 2542 3495; x_wconf 90' lang='lat' dir='ltr'><strong>qui</strong></span> <span class='ocrx_word' id='word_1_481' title='bbox 2582 3427 2924 3496; x_wconf 77' lang='lat' dir='ltr'><strong>postmodum</strong></span> <span class='ocrx_word' id='word_1_482' title='bbox 2973 3428 3246 3500; x_wconf 82' lang='lat' dir='ltr'><strong>designati</strong></span> <span class='ocrx_word' id='word_1_483' title='bbox 3284 3439 3434 3499; x_wconf 87' lang='lat' dir='ltr'><strong>sunt,</strong></span> <span class='ocrx_word' id='word_1_484' title='bbox 3475 3434 3592 3501; x_wconf 86' lang='lat' dir='ltr'><strong>pri-</strong></span> 
     </span>
    </p>
   </div>
   <div class='ocr_carea' id='block_1_70' title="bbox 320 3513 1899 3589">
    <p class='ocr_par' dir='ltr' id='par_1_70' title="bbox 320 3513 1899 3589">
     <span class='ocr_line' id='line_1_70' title="bbox 320 3513 1899 3589; baseline -0.003 -19"><span class='ocrx_word' id='word_1_485' title='bbox 320 3517 546 3589; x_wconf 83' lang='grc' dir='ltr'>ῦστερον</span> <span class='ocrx_word' id='word_1_486' title='bbox 583 3515 1008 3586; x_wconf 83' lang='grc' dir='ltr'>ἀναδειχθέντων</span> <span class='ocrx_word' id='word_1_487' title='bbox 1040 3516 1149 3587; x_wconf 89' lang='grc'>(57)</span> <span class='ocrx_word' id='word_1_488' title='bbox 1191 3515 1560 3586; x_wconf 87' lang='grc' dir='ltr'>χρηματίσας.</span> <span class='ocrx_word' id='word_1_489' title='bbox 1599 3513 1758 3566; x_wconf 80' lang='grc' dir='ltr'>Ἀλλά</span> <span class='ocrx_word' id='word_1_490' title='bbox 1806 3514 1899 3565; x_wconf 70' lang='grc' dir='ltr'><strong>καὶ</strong></span> 
     </span>
    </p>
   </div>
   <div class='ocr_carea' id='block_1_71' title="bbox 317 3607 1899 3683">
    <p class='ocr_par' dir='ltr' id='par_1_71' title="bbox 317 3607 1899 3683">
     <span class='ocr_line' id='line_1_71' title="bbox 317 3607 1899 3683; baseline -0.003 -20"><span class='ocrx_word' id='word_1_491' title='bbox 317 3610 570 3682; x_wconf 81' lang='grc' dir='ltr'>εὐτεκνίᾳ</span> <span class='ocrx_word' id='word_1_492' title='bbox 619 3611 778 3682; x_wconf 87' lang='grc' dir='ltr'>μόνος</span> <span class='ocrx_word' id='word_1_493' title='bbox 832 3611 983 3683; x_wconf 87' lang='grc' dir='ltr'>παρὰ</span> <span class='ocrx_word' id='word_1_494' title='bbox 1033 3614 1158 3674; x_wconf 82' lang='grc' dir='ltr'>τοὺς</span> <span class='ocrx_word' id='word_1_495' title='bbox 1211 3609 1439 3672; x_wconf 81' lang='grc' dir='ltr'>πολλοὺς</span> <span class='ocrx_word' id='word_1_496' title='bbox 1493 3607 1899 3678; x_wconf 85' lang='grc' dir='ltr'>αὐτοκράτορας</span> 
     </span>
    </p>
   </div>
   <div class='ocr_carea' id='block_1_72' title="bbox 313 3699 1897 3776">
    <p class='ocr_par' dir='ltr' id='par_1_72' title="bbox 313 3699 1897 3776">
     <span class='ocr_line' id='line_1_72' title="bbox 313 3699 1897 3776; baseline -0.004 -19"><span class='ocrx_word' id='word_1_497' title='bbox 313 3703 594 3776; x_wconf 85' lang='grc' dir='ltr'>διήνεγκε,</span> <span class='ocrx_word' id='word_1_498' title='bbox 619 3704 826 3758; x_wconf 89' lang='grc' dir='ltr'>παίδων</span> <span class='ocrx_word' id='word_1_499' title='bbox 853 3705 1100 3776; x_wconf 76' lang='grc' dir='ltr'>ἀρρένων</span> <span class='ocrx_word' id='word_1_500' title='bbox 1125 3703 1218 3755; x_wconf 79' lang='grc' dir='ltr'><strong>καὶ</strong></span> <span class='ocrx_word' id='word_1_501' title='bbox 1258 3700 1486 3772; x_wconf 84' lang='grc' dir='ltr'>θηλειῶν</span> <span class='ocrx_word' id='word_1_502' title='bbox 1517 3699 1772 3770; x_wconf 79' lang='grc' dir='ltr'>μέγιστον</span> <span class='ocrx_word' id='word_1_503' title='bbox 1803 3716 1897 3770; x_wconf 89' lang='grc' dir='ltr'>χο-</span> 
     </span>
    </p>
   </div>
   <div class='ocr_carea' id='block_1_73' title="bbox 315 3790 1898 3868">
    <p class='ocr_par' dir='ltr' id='par_1_73' title="bbox 315 3790 1898 3868">
     <span class='ocr_line' id='line_1_73' title="bbox 315 3790 1898 3868; baseline -0.005 -18"><span class='ocrx_word' id='word_1_504' title='bbox 315 3796 410 3868; x_wconf 77' lang='grc' dir='ltr'><strong>ρὸν</strong></span> <span class='ocrx_word' id='word_1_505' title='bbox 448 3796 875 3868; x_wconf 87' lang='grc' dir='ltr'>συστησάμενος.</span> <span class='ocrx_word' id='word_1_506' title='bbox 931 3794 1147 3865; x_wconf 85' lang='grc' dir='ltr'>Ἐπειδὴ</span> <span class='ocrx_word' id='word_1_507' title='bbox 1191 3793 1248 3846; x_wconf 84' lang='grc' dir='ltr'>δὲ</span> <span class='ocrx_word' id='word_1_508' title='bbox 1296 3793 1433 3864; x_wconf 79' lang='grc' dir='ltr'>πρὸς</span> <span class='ocrx_word' id='word_1_509' title='bbox 1482 3790 1631 3862; x_wconf 83' lang='grc' dir='ltr'>αὐτῷ</span> <span class='ocrx_word' id='word_1_510' title='bbox 1679 3790 1898 3862; x_wconf 85' lang='grc' dir='ltr'>λιπαρῷ</span> 
     </span>
    </p>
   </div>
   <div class='ocr_carea' id='block_1_74' title="bbox 311 3883 1895 3959">
    <p class='ocr_par' dir='ltr' id='par_1_74' title="bbox 311 3883 1895 3959">
     <span class='ocr_line' id='line_1_74' title="bbox 311 3883 1895 3959; baseline -0.001 -19"><span class='ocrx_word' id='word_1_511' title='bbox 311 3887 482 3959; x_wconf 75' lang='grc' dir='ltr'>γήρᾳ,</span> <span class='ocrx_word' id='word_1_512' title='bbox 515 3890 582 3959; x_wconf 81' lang='grc' dir='ltr'>τῇ</span> <span class='ocrx_word' id='word_1_513' title='bbox 636 3890 787 3959; x_wconf 83' lang='grc' dir='ltr'>κοινῇ</span> <span class='ocrx_word' id='word_1_514' title='bbox 827 3887 986 3957; x_wconf 81' lang='grc' dir='ltr'>φύσει</span> <span class='ocrx_word' id='word_1_515' title='bbox 1025 3887 1087 3939; x_wconf 82' lang='grc' dir='ltr'><strong>τὸ</strong></span> <span class='ocrx_word' id='word_1_516' title='bbox 1135 3884 1309 3956; x_wconf 86' lang='grc' dir='ltr'>χρεὼν</span> <span class='ocrx_word' id='word_1_517' title='bbox 1347 3884 1662 3949; x_wconf 85' lang='grc' dir='ltr'>ἀποδιδοὺς,</span> <span class='ocrx_word' id='word_1_518' title='bbox 1708 3883 1895 3938; x_wconf 77' lang='grc' dir='ltr'>λοιπὸν</span> 
     </span>
    </p>
   </div>
   <div class='ocr_carea' id='block_1_75' title="bbox 312 3971 1893 4050">
    <p class='ocr_par' dir='ltr' id='par_1_75' title="bbox 312 3971 1893 4050">
     <span class='ocr_line' id='line_1_75' title="bbox 312 3971 1893 4050; baseline -0.004 -19"><span class='ocrx_word' id='word_1_519' title='bbox 312 3977 407 4031; x_wconf 77' lang='grc' dir='ltr'><strong>τοῦ</strong></span> <span class='ocrx_word' id='word_1_520' title='bbox 435 3978 550 4050; x_wconf 87' lang='grc' dir='ltr'>βίου</span> <span class='ocrx_word' id='word_1_521' title='bbox 579 3977 962 4050; x_wconf 89' lang='grc' dir='ltr'>μεταλλάττειν</span> <span class='ocrx_word' id='word_1_522' title='bbox 986 3976 1232 4048; x_wconf 77' lang='grc' dir='ltr'>ἔμελλεν,</span> <span class='ocrx_word' id='word_1_523' title='bbox 1257 3971 1493 4028; x_wconf 75' lang='grc' dir='ltr'>ἐνταῦθα</span> <span class='ocrx_word' id='word_1_524' title='bbox 1519 3971 1681 4027; x_wconf 83' lang='grc' dir='ltr'>πάλιν</span> <span class='ocrx_word' id='word_1_525' title='bbox 1707 3973 1735 4025; x_wconf 87' lang='grc' dir='ltr'>ὁ</span> <span class='ocrx_word' id='word_1_526' title='bbox 1761 3971 1893 4036; x_wconf 83' lang='grc' dir='ltr'>Θεὸς</span> 
     </span>
    </p>
   </div>
   <div class='ocr_carea' id='block_1_76' title="bbox 297 4111 1888 4224">
    <p class='ocr_par' dir='ltr' id='par_1_76' title="bbox 297 4111 1888 4224">
     <span class='ocr_line' id='line_1_76' title="bbox 297 4111 1888 4224; baseline 0 0"><span class='ocrx_word' id='word_1_527' title='bbox 297 4111 305 4158; x_wconf 57' lang='grc' dir='ltr'><strong><em>ῖ</em></strong></span> <span class='ocrx_word' id='word_1_528' title='bbox 383 4138 512 4224; x_wconf 63' lang='grc' dir='ltr'>ςεεε).</span> <span class='ocrx_word' id='word_1_529' title='bbox 536 4138 846 4224; x_wconf 46' lang='grc' dir='ltr'><strong>θεωρὸν.</strong></span> <span class='ocrx_word' id='word_1_530' title='bbox 866 4137 976 4224; x_wconf 54' lang='lat' dir='ltr'><strong>se?</strong></span> <span class='ocrx_word' id='word_1_531' title='bbox 995 4135 1256 4224; x_wconf 64' lang='grc' dir='ltr'><strong>πξᾴνῖφνς</strong></span> <span class='ocrx_word' id='word_1_532' title='bbox 1273 4135 1454 4224; x_wconf 54' lang='lat' dir='ltr'><strong>PP???</strong></span> <span class='ocrx_word' id='word_1_533' title='bbox 1470 4133 1762 4224; x_wconf 52' lang='lat'><strong>9895216?</strong></span> <span class='ocrx_word' id='word_1_534' title='bbox 1774 4123 1888 4224; x_wconf 54' lang='grc' dir='ltr'><strong>,θξῖι</strong></span> 
     </span>
    </p>
   </div>
   <div class='ocr_carea' id='block_1_77' title="bbox 312 4204 1886 4280">
    <p class='ocr_par' dir='ltr' id='par_1_77' title="bbox 312 4204 1886 4280">
     <span class='ocr_line' id='line_1_77' title="bbox 312 4204 1886 4280; baseline -0.003 -18"><span class='ocrx_word' id='word_1_535' title='bbox 312 4204 442 4280; x_wconf 86' lang='lat' dir='ltr'><strong>quid</strong></span> <span class='ocrx_word' id='word_1_536' title='bbox 465 4204 667 4280; x_wconf 75' lang='lat' dir='ltr'><strong>simile.</strong></span> <span class='ocrx_word' id='word_1_537' title='bbox 690 4209 748 4264; x_wconf 93' lang='lat' dir='ltr'><strong>In</strong></span> <span class='ocrx_word' id='word_1_538' title='bbox 773 4210 990 4280; x_wconf 84' lang='lat' dir='ltr'><strong>schedis</strong></span> <span class='ocrx_word' id='word_1_539' title='bbox 1015 4208 1204 4277; x_wconf 76' lang='lat' dir='ltr'><strong>Regiis</strong></span> <span class='ocrx_word' id='word_1_540' title='bbox 1230 4214 1352 4280; x_wconf 81' lang='lat' dir='ltr'><strong>post</strong></span> <span class='ocrx_word' id='word_1_541' title='bbox 1380 4204 1692 4280; x_wconf 56' lang='lat' dir='ltr'><strong>ltaec_vet1)a</strong></span> <span class='ocrx_word' id='word_1_542' title='bbox 1726 4204 1886 4280; x_wconf 79' lang='grc' dir='ltr'>μόνον</span> 
     </span>
    </p>
   </div>
   <div class='ocr_carea' id='block_1_78' title="bbox 315 4273 1889 4351">
    <p class='ocr_par' dir='ltr' id='par_1_78' title="bbox 315 4273 1889 4351">
     <span class='ocr_line' id='line_1_78' title="bbox 315 4273 1889 4351; baseline -0.003 -18"><span class='ocrx_word' id='word_1_543' title='bbox 315 4273 417 4351; x_wconf 77' lang='grc' dir='ltr'>μὲν</span> <span class='ocrx_word' id='word_1_544' title='bbox 447 4279 842 4351; x_wconf 72' lang='lat' dir='ltr'><strong>626v,_add_itur</strong></span> <span class='ocrx_word' id='word_1_545' title='bbox 868 4278 938 4332; x_wconf 89' lang='lat' dir='ltr'><strong>ad</strong></span> <span class='ocrx_word' id='word_1_546' title='bbox 967 4273 1265 4348; x_wconf 76' lang='lat' dir='ltr'><strong>marginem</strong></span> <span class='ocrx_word' id='word_1_547' title='bbox 1287 4273 1566 4351; x_wconf 57' lang='grc' dir='ltr'>ἐπιγνούς.</span> <span class='ocrx_word' id='word_1_548' title='bbox 1603 4273 1889 4351; x_wconf 72' lang='lat' dir='ltr'><strong>Turnebus</strong></span> 
     </span>
    </p>
   </div>
   <div class='ocr_carea' id='block_1_79' title="bbox 310 4344 1891 4416">
    <p class='ocr_par' dir='ltr' id='par_1_79' title="bbox 310 4344 1891 4416">
     <span class='ocr_line' id='line_1_79' title="bbox 310 4344 1891 4416; baseline -0.002 -15"><span class='ocrx_word' id='word_1_549' title='bbox 310 4344 446 4404; x_wconf 70' lang='lat' dir='ltr'><strong>vero</strong></span> <span class='ocrx_word' id='word_1_550' title='bbox 494 4360 548 4404; x_wconf 91' lang='lat' dir='ltr'><strong>et</strong></span> <span class='ocrx_word' id='word_1_551' title='bbox 591 4349 825 4404; x_wconf 88' lang='lat' dir='ltr'><strong>Savilius</strong></span> <span class='ocrx_word' id='word_1_552' title='bbox 871 4359 994 4416; x_wconf 88' lang='lat' dir='ltr'><strong>post</strong></span> <span class='ocrx_word' id='word_1_553' title='bbox 1033 4344 1221 4401; x_wconf 50' lang='lat' dir='ltr'><strong>vo&#39;cem</strong></span> <span class='ocrx_word' id='word_1_554' title='bbox 1283 4346 1376 4400; x_wconf 73' lang='grc' dir='ltr'><strong>ἐπὶ</strong></span> <span class='ocrx_word' id='word_1_555' title='bbox 1417 4344 1638 4416; x_wconf 82' lang='grc' dir='ltr'>πάντων</span> <span class='ocrx_word' id='word_1_556' title='bbox 1672 4345 1891 4416; x_wconf 65' lang='lat' dir='ltr'><strong>addunt</strong></span> 
     </span>
    </p>
   </div>
   <div class='ocr_carea' id='block_1_80' title="bbox 2004 3515 3594 3589">
    <p class='ocr_par' dir='ltr' id='par_1_80' title="bbox 2004 3515 3594 3589">
     <span class='ocr_line' id='line_1_80' title="bbox 2004 3515 3594 3589; baseline 0.005 -21"><span class='ocrx_word' id='word_1_557' title='bbox 2004 3529 2127 3570; x_wconf 89' lang='lat' dir='ltr'><strong>mus</strong></span> <span class='ocrx_word' id='word_1_558' title='bbox 2161 3515 2444 3584; x_wconf 79' lang='lat' dir='ltr'><strong>Augustus</strong></span> <span class='ocrx_word' id='word_1_559' title='bbox 2477 3517 2802 3586; x_wconf 87' lang='lat' dir='ltr'><strong>appellatus.</strong></span> <span class='ocrx_word' id='word_1_560' title='bbox 2839 3517 2946 3572; x_wconf 90' lang='lat' dir='ltr'><strong>Sed</strong></span> <span class='ocrx_word' id='word_1_561' title='bbox 2973 3527 3029 3589; x_wconf 82' lang='lat' dir='ltr'><strong>et</strong></span> <span class='ocrx_word' id='word_1_562' title='bbox 3052 3534 3360 3576; x_wconf 67' lang='lat' dir='ltr'><strong>numerosa:</strong></span> <span class='ocrx_word' id='word_1_563' title='bbox 3385 3522 3594 3576; x_wconf 86' lang='lat' dir='ltr'><strong>sobolis</strong></span> 
     </span>
    </p>
   </div>
   <div class='ocr_carea' id='block_1_81' title="bbox 2001 3606 3593 3678">
    <p class='ocr_par' dir='ltr' id='par_1_81' title="bbox 2001 3606 3593 3678">
     <span class='ocr_line' id='line_1_81' title="bbox 2001 3606 3593 3678; baseline 0.005 -20"><span class='ocrx_word' id='word_1_564' title='bbox 2001 3607 2318 3674; x_wconf 65' lang='lat' dir='ltr'><strong>praestantia</strong></span> <span class='ocrx_word' id='word_1_565' title='bbox 2353 3606 2592 3676; x_wconf 89' lang='lat' dir='ltr'><strong>reliquos</strong></span> <span class='ocrx_word' id='word_1_566' title='bbox 2615 3607 2976 3677; x_wconf 88' lang='lat' dir='ltr'><strong>imperatores</strong></span> <span class='ocrx_word' id='word_1_567' title='bbox 3004 3609 3282 3678; x_wconf 81' lang='lat' dir='ltr'><strong>superavit</strong></span> <span class='ocrx_word' id='word_1_568' title='bbox 3305 3648 3322 3674; x_wconf 87' lang='lat'><strong>,</strong></span> <span class='ocrx_word' id='word_1_569' title='bbox 3355 3612 3593 3667; x_wconf 87' lang='lat' dir='ltr'><strong>maximo</strong></span> 
     </span>
    </p>
   </div>
   <div class='ocr_carea' id='block_1_82' title="bbox 2002 3695 3590 3769">
    <p class='ocr_par' dir='ltr' id='par_1_82' title="bbox 2002 3695 3590 3769">
     <span class='ocr_line' id='line_1_82' title="bbox 2002 3695 3590 3769; baseline 0.006 -19"><span class='ocrx_word' id='word_1_570' title='bbox 2002 3695 2298 3752; x_wconf 90' lang='lat' dir='ltr'><strong>liberorum</strong></span> <span class='ocrx_word' id='word_1_571' title='bbox 2321 3701 2607 3769; x_wconf 89' lang='lat' dir='ltr'><strong>utriusque</strong></span> <span class='ocrx_word' id='word_1_572' title='bbox 2642 3714 2806 3756; x_wconf 85' lang='lat' dir='ltr'><strong>sexus</strong></span> <span class='ocrx_word' id='word_1_573' title='bbox 2836 3701 3006 3756; x_wconf 90' lang='lat' dir='ltr'><strong>choro</strong></span> <span class='ocrx_word' id='word_1_574' title='bbox 3041 3702 3435 3758; x_wconf 90' lang='lat' dir='ltr'><strong>circumdatus.</strong></span> <span class='ocrx_word' id='word_1_575' title='bbox 3489 3704 3590 3759; x_wconf 88' lang='lat' dir='ltr'><strong>De-</strong></span> 
     </span>
    </p>
   </div>
   <div class='ocr_carea' id='block_1_83' title="bbox 2002 3786 3589 3860">
    <p class='ocr_par' dir='ltr' id='par_1_83' title="bbox 2002 3786 3589 3860">
     <span class='ocr_line' id='line_1_83' title="bbox 2002 3786 3589 3860; baseline 0.006 -21"><span class='ocrx_word' id='word_1_576' title='bbox 2002 3786 2166 3855; x_wconf 89' lang='lat' dir='ltr'><strong>nique</strong></span> <span class='ocrx_word' id='word_1_577' title='bbox 2193 3802 2317 3842; x_wconf 92' lang='lat' dir='ltr'><strong>cum</strong></span> <span class='ocrx_word' id='word_1_578' title='bbox 2353 3788 2408 3842; x_wconf 91' lang='lat' dir='ltr'><strong>in</strong></span> <span class='ocrx_word' id='word_1_579' title='bbox 2438 3799 2682 3844; x_wconf 82' lang='lat' dir='ltr'><strong>extrema</strong></span> <span class='ocrx_word' id='word_1_580' title='bbox 2731 3800 3014 3845; x_wconf 88' lang='lat' dir='ltr'><strong>senectute</strong></span> <span class='ocrx_word' id='word_1_581' title='bbox 3071 3792 3305 3860; x_wconf 79' lang='lat' dir='ltr'><strong>positus,</strong></span> <span class='ocrx_word' id='word_1_582' title='bbox 3347 3794 3589 3849; x_wconf 88' lang='lat' dir='ltr'><strong>debitum</strong></span> 
     </span>
    </p>
   </div>
   <div class='ocr_carea' id='block_1_84' title="bbox 2001 3881 3591 3953">
    <p class='ocr_par' dir='ltr' id='par_1_84' title="bbox 2001 3881 3591 3953">
     <span class='ocr_line' id='line_1_84' title="bbox 2001 3881 3591 3953; baseline 0.005 -19"><span class='ocrx_word' id='word_1_583' title='bbox 2001 3881 2279 3936; x_wconf 91' lang='lat' dir='ltr'><strong>communi</strong></span> <span class='ocrx_word' id='word_1_584' title='bbox 2318 3890 2526 3937; x_wconf 83' lang='lat' dir='ltr'><strong>naturae</strong></span> <span class='ocrx_word' id='word_1_585' title='bbox 2565 3882 2947 3953; x_wconf 86' lang='lat' dir='ltr'><strong>perscluturus</strong></span> <span class='ocrx_word' id='word_1_586' title='bbox 3004 3894 3166 3952; x_wconf 88' lang='lat' dir='ltr'><strong>atque</strong></span> <span class='ocrx_word' id='word_1_587' title='bbox 3214 3898 3280 3938; x_wconf 84' lang='lat' dir='ltr'><strong>ex</strong></span> <span class='ocrx_word' id='word_1_588' title='bbox 3320 3887 3421 3942; x_wconf 88' lang='lat' dir='ltr'><strong>hac</strong></span> <span class='ocrx_word' id='word_1_589' title='bbox 3467 3885 3591 3942; x_wconf 85' lang='lat' dir='ltr'><strong>luce</strong></span> 
     </span>
    </p>
   </div>
   <div class='ocr_carea' id='block_1_85' title="bbox 2002 3972 3586 4047">
    <p class='ocr_par' dir='ltr' id='par_1_85' title="bbox 2002 3972 3586 4047">
     <span class='ocr_line' id='line_1_85' title="bbox 2002 3972 3586 4047; baseline 0.003 -19"><span class='ocrx_word' id='word_1_590' title='bbox 2002 3973 2341 4046; x_wconf 86' lang='lat' dir='ltr'><strong>migraturus</strong></span> <span class='ocrx_word' id='word_1_591' title='bbox 2388 3982 2558 4041; x_wconf 83' lang='lat' dir='ltr'><strong>esset,</strong></span> <span class='ocrx_word' id='word_1_592' title='bbox 2597 3974 2675 4030; x_wconf 92' lang='lat' dir='ltr'><strong>ibi</strong></span> <span class='ocrx_word' id='word_1_593' title='bbox 2707 3972 2851 4029; x_wconf 82' lang='lat' dir='ltr'><strong>Deus</strong></span> <span class='ocrx_word' id='word_1_594' title='bbox 2884 3974 3262 4032; x_wconf 87' lang='lat' dir='ltr'><strong>admirabilem</strong></span> <span class='ocrx_word' id='word_1_595' title='bbox 3291 3978 3586 4047; x_wconf 85' lang='lat' dir='ltr'><strong>potentiam</strong></span> 
     </span>
    </p>
   </div>
   <div class='ocr_carea' id='block_1_86' title="bbox 1993 4135 3583 4209">
    <p class='ocr_par' dir='ltr' id='par_1_86' title="bbox 1993 4135 3583 4209">
     <span class='ocr_line' id='line_1_86' title="bbox 1993 4135 3583 4209; baseline 0.004 -21"><span class='ocrx_word' id='word_1_596' title='bbox 1993 4135 2164 4209; x_wconf 83' lang='grc' dir='ltr'>ταῦτα</span> <span class='ocrx_word' id='word_1_597' title='bbox 2193 4135 2347 4209; x_wconf 88' lang='grc' dir='ltr'><strong>παρά</strong></span> <span class='ocrx_word' id='word_1_598' title='bbox 2391 4137 2538 4209; x_wconf 82' lang='grc' dir='ltr'>μόνῳ</span> <span class='ocrx_word' id='word_1_599' title='bbox 2584 4136 2720 4208; x_wconf 81' lang='grc' dir='ltr'>τῷδε</span> <span class='ocrx_word' id='word_1_600' title='bbox 2761 4136 3118 4192; x_wconf 84' lang='grc' dir='ltr'>συνετελεῖτο.</span> <span class='ocrx_word' id='word_1_601' title='bbox 3163 4138 3340 4206; x_wconf 87' lang='lat' dir='ltr'><strong>Quam</strong></span> <span class='ocrx_word' id='word_1_602' title='bbox 3382 4140 3583 4194; x_wconf 86' lang='lat' dir='ltr'><strong>eruditi</strong></span> 
     </span>
    </p>
   </div>
   <div class='ocr_carea' id='block_1_87' title="bbox 1997 4208 3584 4277">
    <p class='ocr_par' dir='ltr' id='par_1_87' title="bbox 1997 4208 3584 4277">
     <span class='ocr_line' id='line_1_87' title="bbox 1997 4208 3584 4277; baseline 0.004 -18"><span class='ocrx_word' id='word_1_603' title='bbox 1997 4208 2293 4277; x_wconf 88' lang='lat' dir='ltr'><strong>antiquarii</strong></span> <span class='ocrx_word' id='word_1_604' title='bbox 2340 4208 2707 4275; x_wconf 77' lang='lat' dir='ltr'><strong>conjeCturam</strong></span> <span class='ocrx_word' id='word_1_605' title='bbox 2754 4219 3039 4276; x_wconf 84' lang='lat' dir='ltr'><strong>sequetur,</strong></span> <span class='ocrx_word' id='word_1_606' title='bbox 3090 4210 3182 4277; x_wconf 88' lang='lat' dir='ltr'><strong>qui</strong></span> <span class='ocrx_word' id='word_1_607' title='bbox 3232 4211 3395 4263; x_wconf 81' lang='lat' dir='ltr'><strong>volet.</strong></span> <span class='ocrx_word' id='word_1_608' title='bbox 3445 4210 3584 4265; x_wconf 87' lang='lat' dir='ltr'><strong>Mihi</strong></span> 
     </span>
    </p>
   </div>
   <div class='ocr_carea' id='block_1_88' title="bbox 1996 4276 3361 4345">
    <p class='ocr_par' dir='ltr' id='par_1_88' title="bbox 1996 4276 3361 4345">
     <span class='ocr_line' id='line_1_88' title="bbox 1996 4276 3361 4345; baseline 0.003 -17"><span class='ocrx_word' id='word_1_609' title='bbox 1996 4276 2214 4345; x_wconf 88' lang='lat' dir='ltr'><strong>quidem</strong></span> <span class='ocrx_word' id='word_1_610' title='bbox 2246 4279 2365 4332; x_wconf 68' lang='lat' dir='ltr'><strong>haec</strong></span> <span class='ocrx_word' id='word_1_611' title='bbox 2394 4279 2558 4332; x_wconf 90' lang='lat' dir='ltr'><strong>verba</strong></span> <span class='ocrx_word' id='word_1_612' title='bbox 2599 4293 2704 4333; x_wconf 91' lang='lat' dir='ltr'><strong>non</strong></span> <span class='ocrx_word' id='word_1_613' title='bbox 2738 4278 2996 4331; x_wconf 74' lang='lat' dir='ltr'><strong>videntur</strong></span> <span class='ocrx_word' id='word_1_614' title='bbox 3027 4276 3361 4332; x_wconf 78' lang='lat' dir='ltr'><strong>necessaria.</strong></span> 
     </span>
    </p>
   </div>
   <div class='ocr_carea' id='block_1_89' title="bbox 2071 4345 3584 4418">
    <p class='ocr_par' dir='ltr' id='par_1_89' title="bbox 2071 4345 3584 4418">
     <span class='ocr_line' id='line_1_89' title="bbox 2071 4345 3584 4418; baseline 0.001 -17"><span class='ocrx_word' id='word_1_615' title='bbox 2071 4345 2182 4416; x_wconf 79' lang='lat'><strong>(56)</strong></span> <span class='ocrx_word' id='word_1_616' title='bbox 2221 4347 2383 4403; x_wconf 85' lang='grc' dir='ltr'>Μετὰ</span> <span class='ocrx_word' id='word_1_617' title='bbox 2409 4348 2475 4418; x_wconf 66' lang='grc' dir='ltr'><strong>τό</strong></span> <span class='ocrx_word' id='word_1_618' title='bbox 2509 4347 2746 4418; x_wconf 81' lang='grc' dir='ltr'>πρῶτον</span> <span class='ocrx_word' id='word_1_619' title='bbox 2773 4348 2908 4414; x_wconf 74' lang='grc' dir='ltr'>ἔτος</span> <span class='ocrx_word' id='word_1_620' title='bbox 2926 4346 3036 4416; x_wconf 82' lang='grc' dir='ltr'>τῆς</span> <span class='ocrx_word' id='word_1_621' title='bbox 3064 4346 3183 4400; x_wconf 77' lang='grc' dir='ltr'><strong>τῶν</strong></span> <span class='ocrx_word' id='word_1_622' title='bbox 3208 4346 3584 4416; x_wconf 74' lang='grc' dir='ltr'>Ἑκκλησιῶν</span> 
     </span>
    </p>
   </div>
   <div class='ocr_carea' id='block_1_90' title="bbox 311 4413 1911 4509">
    <p class='ocr_par' dir='ltr' id='par_1_90' title="bbox 311 4413 1890 4509">
     <span class='ocr_line' id='line_1_90' title="bbox 311 4413 1890 4509; baseline -0.001 1"><span class='ocrx_word' id='word_1_623' title='bbox 311 4413 928 4509; x_wconf 59' lang='grc' dir='ltr'><strong>ξιξείιςιτεθάέιξεὲίοξεξι</strong></span> <span class='ocrx_word' id='word_1_624' title='bbox 953 4416 1225 4509; x_wconf 50' lang='lat' dir='ltr'><strong>laeui&quot;:</strong></span> <span class='ocrx_word' id='word_1_625' title='bbox 1238 4413 1890 4509; x_wconf 59' lang='grc' dir='ltr'><strong>ξιξεεὶῐι-εξιξ.ε¹ι.ε,ιῑίέ.9τὲ-</strong></span> 
     </span>
    </p>
   </div>
   <div class='ocr_carea' id='block_1_91' title="bbox 2009 4413 3579 4509">
    <p class='ocr_par' dir='ltr' id='par_1_91' title="bbox 2009 4413 3579 4509">
     <span class='ocr_line' id='line_1_91' title="bbox 2009 4413 3579 4509; baseline 0.003 -40"><span class='ocrx_word' id='word_1_626' title='bbox 2009 4413 2371 4500; x_wconf 60' lang='grc' dir='ltr'>πολιορκίας.</span> <span class='ocrx_word' id='word_1_627' title='bbox 2408 4413 2698 4509; x_wconf 80' lang='lat' dir='ltr'><strong>locus</strong></span> <span class='ocrx_word' id='word_1_628' title='bbox 2737 4419 2790 4471; x_wconf 90' lang='lat' dir='ltr'><strong>in</strong></span> <span class='ocrx_word' id='word_1_629' title='bbox 2832 4413 3025 4509; x_wconf 68' lang='lat' dir='ltr'><strong>primis</strong></span> <span class='ocrx_word' id='word_1_630' title='bbox 3058 4419 3327 4509; x_wconf 76' lang='lat' dir='ltr'><strong>notandus</strong></span> <span class='ocrx_word' id='word_1_631' title='bbox 3356 4413 3461 4472; x_wconf 84' lang='lat' dir='ltr'><strong>est.</strong></span> <span class='ocrx_word' id='word_1_632' title='bbox 3500 4420 3579 4474; x_wconf 88' lang='lat' dir='ltr'><strong>Ex</strong></span> 
     </span>
    </p>
   </div>
   <div class='ocr_carea' id='block_1_92' title="bbox 315 4484 1888 4555">
    <p class='ocr_par' dir='ltr' id='par_1_92' title="bbox 315 4484 1888 4555">
     <span class='ocr_line' id='line_1_92' title="bbox 315 4484 1888 4555; baseline -0.004 -12"><span class='ocrx_word' id='word_1_633' title='bbox 315 4491 434 4544; x_wconf 92' lang='lat' dir='ltr'><strong>tuli.</strong></span> <span class='ocrx_word' id='word_1_634' title='bbox 461 4489 600 4550; x_wconf 74' lang='lat' dir='ltr'><strong>Nam</strong></span> <span class='ocrx_word' id='word_1_635' title='bbox 625 4488 848 4542; x_wconf 88' lang='lat' dir='ltr'><strong>verbum</strong></span> <span class='ocrx_word' id='word_1_636' title='bbox 882 4486 1136 4555; x_wconf 78' lang='grc' dir='ltr'>ἐπιγνούς</span> <span class='ocrx_word' id='word_1_637' title='bbox 1179 4484 1462 4555; x_wconf 81' lang='lat' dir='ltr'><strong>eleganter</strong></span> <span class='ocrx_word' id='word_1_638' title='bbox 1492 4484 1789 4555; x_wconf 67' lang='lat' dir='ltr'><strong>opponitur</strong></span> <span class='ocrx_word' id='word_1_639' title='bbox 1816 4485 1888 4555; x_wconf 75' lang='lat' dir='ltr'><strong>ei,</strong></span> 
     </span>
    </p>
   </div>
   <div class='ocr_carea' id='block_1_93' title="bbox 312 4553 1884 4630">
    <p class='ocr_par' dir='ltr' id='par_1_93' title="bbox 312 4553 1884 4630">
     <span class='ocr_line' id='line_1_93' title="bbox 312 4553 1884 4630; baseline -0.003 -19"><span class='ocrx_word' id='word_1_640' title='bbox 312 4562 458 4628; x_wconf 88' lang='lat' dir='ltr'><strong>quod</strong></span> <span class='ocrx_word' id='word_1_641' title='bbox 481 4559 728 4630; x_wconf 81' lang='lat' dir='ltr'><strong>proxime</strong></span> <span class='ocrx_word' id='word_1_642' title='bbox 751 4553 998 4628; x_wconf 84' lang='lat' dir='ltr'><strong>sequitur</strong></span> <span class='ocrx_word' id='word_1_643' title='bbox 1023 4553 1410 4626; x_wconf 76' lang='grc' dir='ltr'>κατεγνωκὼς.</span> <span class='ocrx_word' id='word_1_644' title='bbox 1441 4555 1500 4610; x_wconf 91' lang='lat' dir='ltr'><strong>In</strong></span> <span class='ocrx_word' id='word_1_645' title='bbox 1531 4555 1722 4609; x_wconf 87' lang='lat' dir='ltr'><strong>codice</strong></span> <span class='ocrx_word' id='word_1_646' title='bbox 1749 4553 1884 4610; x_wconf 80' lang='lat' dir='ltr'><strong>Fuk.</strong></span> 
     </span>
    </p>
   </div>
   <div class='ocr_carea' id='block_1_94' title="bbox 313 4626 792 4690">
    <p class='ocr_par' dir='ltr' id='par_1_94' title="bbox 313 4626 792 4690">
     <span class='ocr_line' id='line_1_94' title="bbox 313 4626 792 4690; baseline -0.01 -5"><span class='ocrx_word' id='word_1_647' title='bbox 313 4626 577 4684; x_wconf 64' lang='lat' dir='ltr'><strong>scril_iitttr</strong></span> <span class='ocrx_word' id='word_1_648' title='bbox 614 4626 792 4690; x_wconf 72' lang='grc' dir='ltr'>εἰδώς.</span> 
     </span>
    </p>
   </div>
   <div class='ocr_carea' id='block_1_95' title="bbox 385 4694 1892 4770">
    <p class='ocr_par' dir='ltr' id='par_1_95' title="bbox 385 4694 1892 4770">
     <span class='ocr_line' id='line_1_95' title="bbox 385 4694 1892 4770; baseline -0.004 -17"><span class='ocrx_word' id='word_1_649' title='bbox 385 4699 498 4770; x_wconf 76' lang='lat'><strong>(53)</strong></span> <span class='ocrx_word' id='word_1_650' title='bbox 539 4699 716 4767; x_wconf 81' lang='lat' dir='ltr'><strong>Vulg.,</strong></span> <span class='ocrx_word' id='word_1_651' title='bbox 753 4696 865 4766; x_wconf 82' lang='grc' dir='ltr'><strong>Τῆς</strong></span> <span class='ocrx_word' id='word_1_652' title='bbox 897 4695 1044 4770; x_wconf 74' lang='grc' dir='ltr'>ζωῆς</span> <span class='ocrx_word' id='word_1_653' title='bbox 1064 4695 1706 4770; x_wconf 42' lang='grc' dir='ltr'>διαπρέψαιηηεητίοιιε</span> <span class='ocrx_word' id='word_1_654' title='bbox 1737 4694 1892 4770; x_wconf 82' lang='lat' dir='ltr'><strong>savi-</strong></span> 
     </span>
    </p>
   </div>
   <div class='ocr_carea' id='block_1_96' title="bbox 313 4766 1889 4829">
    <p class='ocr_par' dir='ltr' id='par_1_96' title="bbox 313 4766 1889 4829">
     <span class='ocr_line' id='line_1_96' title="bbox 313 4766 1889 4829; baseline -0.001 -7"><span class='ocrx_word' id='word_1_655' title='bbox 313 4766 420 4822; x_wconf 82' lang='lat' dir='ltr'><strong>lius</strong></span> <span class='ocrx_word' id='word_1_656' title='bbox 454 4766 520 4822; x_wconf 84' lang='lat' dir='ltr'><strong>ad</strong></span> <span class='ocrx_word' id='word_1_657' title='bbox 540 4766 691 4822; x_wconf 86' lang='lat' dir='ltr'><strong>oram</strong></span> <span class='ocrx_word' id='word_1_658' title='bbox 721 4770 806 4823; x_wconf 90' lang='lat' dir='ltr'><strong>sui</strong></span> <span class='ocrx_word' id='word_1_659' title='bbox 846 4768 1052 4822; x_wconf 86' lang='lat' dir='ltr'><strong>codicis</strong></span> <span class='ocrx_word' id='word_1_660' title='bbox 1073 4769 1374 4829; x_wconf 82' lang='lat' dir='ltr'><strong>adnotavit,</strong></span> <span class='ocrx_word' id='word_1_661' title='bbox 1401 4766 1542 4820; x_wconf 80' lang='lat' dir='ltr'><strong>forte</strong></span> <span class='ocrx_word' id='word_1_662' title='bbox 1581 4767 1889 4821; x_wconf 88' lang='lat' dir='ltr'><strong>addendum</strong></span> 
     </span>
    </p>
   </div>
   <div class='ocr_carea' id='block_1_97' title="bbox 311 4836 1888 4906">
    <p class='ocr_par' dir='ltr' id='par_1_97' title="bbox 311 4836 1888 4906">
     <span class='ocr_line' id='line_1_97' title="bbox 311 4836 1888 4906; baseline -0.003 -14"><span class='ocrx_word' id='word_1_663' title='bbox 311 4854 432 4894; x_wconf 89' lang='lat' dir='ltr'><strong>esse</strong></span> <span class='ocrx_word' id='word_1_664' title='bbox 452 4838 690 4906; x_wconf 82' lang='grc' dir='ltr'>λέγεται.</span> <span class='ocrx_word' id='word_1_665' title='bbox 715 4837 823 4892; x_wconf 91' lang='lat' dir='ltr'><strong>Sed</strong></span> <span class='ocrx_word' id='word_1_666' title='bbox 861 4839 1016 4906; x_wconf 87' lang='lat' dir='ltr'><strong>longe</strong></span> <span class='ocrx_word' id='word_1_667' title='bbox 1044 4838 1239 4892; x_wconf 91' lang='lat' dir='ltr'><strong>melior</strong></span> <span class='ocrx_word' id='word_1_668' title='bbox 1257 4847 1340 4890; x_wconf 89' lang='lat' dir='ltr'><strong>est</strong></span> <span class='ocrx_word' id='word_1_669' title='bbox 1359 4836 1694 4903; x_wconf 88' lang='lat' dir='ltr'><strong>emendatio,</strong></span> <span class='ocrx_word' id='word_1_670' title='bbox 1723 4850 1888 4903; x_wconf 90' lang='lat' dir='ltr'><strong>quam</strong></span> 
     </span>
    </p>
   </div>
   <div class='ocr_carea' id='block_1_98' title="bbox 313 4906 1887 4977">
    <p class='ocr_par' dir='ltr' id='par_1_98' title="bbox 313 4906 1887 4977">
     <span class='ocr_line' id='line_1_98' title="bbox 313 4906 1887 4977; baseline -0.003 -15"><span class='ocrx_word' id='word_1_671' title='bbox 313 4911 369 4962; x_wconf 90' lang='lat' dir='ltr'><strong>in</strong></span> <span class='ocrx_word' id='word_1_672' title='bbox 395 4910 616 4964; x_wconf 83' lang='lat' dir='ltr'><strong>schedis</strong></span> <span class='ocrx_word' id='word_1_673' title='bbox 642 4909 824 4977; x_wconf 79' lang='lat' dir='ltr'><strong>Regiis</strong></span> <span class='ocrx_word' id='word_1_674' title='bbox 851 4907 916 4960; x_wconf 89' lang='lat' dir='ltr'><strong>ad</strong></span> <span class='ocrx_word' id='word_1_675' title='bbox 947 4909 1088 4959; x_wconf 86' lang='lat' dir='ltr'><strong>latus</strong></span> <span class='ocrx_word' id='word_1_676' title='bbox 1117 4906 1666 4977; x_wconf 21' lang='lat' dir='ltr'><strong>ascriptambinveni,</strong></span> <span class='ocrx_word' id='word_1_677' title='bbox 1686 4906 1887 4958; x_wconf 87' lang='grc' dir='ltr'>εὐστα-</span> 
     </span>
    </p>
   </div>
   <div class='ocr_carea' id='block_1_99' title="bbox 311 4973 1890 5049">
    <p class='ocr_par' dir='ltr' id='par_1_99' title="bbox 311 4973 1890 5049">
     <span class='ocr_line' id='line_1_99' title="bbox 311 4973 1890 5049; baseline -0.001 -16"><span class='ocrx_word' id='word_1_678' title='bbox 311 4978 380 5049; x_wconf 82' lang='grc' dir='ltr'>λῆ</span> <span class='ocrx_word' id='word_1_679' title='bbox 404 4978 588 5032; x_wconf 69' lang='grc' dir='ltr'>λοιπὸν</span> <span class='ocrx_word' id='word_1_680' title='bbox 614 4979 708 5033; x_wconf 82' lang='grc' dir='ltr'>καὶ</span> <span class='ocrx_word' id='word_1_681' title='bbox 726 4973 1008 5049; x_wconf 73' lang='grc' dir='ltr'>ἀτάραχον</span> <span class='ocrx_word' id='word_1_682' title='bbox 1029 4977 1131 5049; x_wconf 76' lang='grc' dir='ltr'>τῆς</span> <span class='ocrx_word' id='word_1_683' title='bbox 1149 4973 1312 5049; x_wconf 68' lang='grc' dir='ltr'><strong>Δζωῆς</strong></span> <span class='ocrx_word' id='word_1_684' title='bbox 1337 4973 1582 5049; x_wconf 80' lang='grc' dir='ltr'>διεξήνυε</span> <span class='ocrx_word' id='word_1_685' title='bbox 1617 4975 1771 5049; x_wconf 33' lang='grc' dir='ltr'>βίονζ</span> <span class='ocrx_word' id='word_1_686' title='bbox 1788 4977 1890 5049; x_wconf 89' lang='lat' dir='ltr'><strong>C_o-</strong></span> 
     </span>
    </p>
   </div>
   <div class='ocr_carea' id='block_1_100' title="bbox 307 5044 1888 5173">
    <p class='ocr_par' dir='ltr' id='par_1_100' title="bbox 307 5044 1888 5173">
     <span class='ocr_line' id='line_1_100' title="bbox 311 5044 1888 5120; baseline -0.001 -18"><span class='ocrx_word' id='word_1_687' title='bbox 311 5044 414 5103; x_wconf 78' lang='lat' dir='ltr'><strong>dex</strong></span> <span class='ocrx_word' id='word_1_688' title='bbox 453 5049 586 5104; x_wconf 81' lang='lat' dir='ltr'><strong>Fuk.</strong></span> <span class='ocrx_word' id='word_1_689' title='bbox 624 5050 789 5105; x_wconf 85' lang='lat' dir='ltr'><strong>habet</strong></span> <span class='ocrx_word' id='word_1_690' title='bbox 817 5044 1118 5118; x_wconf 74' lang='grc' dir='ltr'>εἘύσταλῆ</span> <span class='ocrx_word' id='word_1_691' title='bbox 1148 5044 1333 5100; x_wconf 78' lang='grc' dir='ltr'>λοιπὸν</span> <span class='ocrx_word' id='word_1_692' title='bbox 1360 5047 1456 5100; x_wconf 78' lang='grc' dir='ltr'><strong>καὶ</strong></span> <span class='ocrx_word' id='word_1_693' title='bbox 1475 5044 1577 5102; x_wconf 76' lang='grc' dir='ltr'>ἀτ.</span> <span class='ocrx_word' id='word_1_694' title='bbox 1610 5044 1710 5118; x_wconf 81' lang='grc' dir='ltr'>τὴν</span> <span class='ocrx_word' id='word_1_695' title='bbox 1740 5044 1888 5120; x_wconf 78' lang='grc' dir='ltr'>ζωὴν</span> 
     </span>
     <span class='ocr_line' id='line_1_101' title="bbox 307 5118 837 5173; baseline 0.004 0"><span class='ocrx_word' id='word_1_696' title='bbox 307 5118 622 5173; x_wconf 72' lang='grc' dir='ltr'>διαπρέψαι.</span> <span class='ocrx_word' id='word_1_697' title='bbox 833 5153 837 5159; x_wconf 90' lang='lat'><strong><em>-</em></strong></span> 
     </span>
    </p>
   </div>
   <div class='ocr_carea' id='block_1_101' title="bbox 343 5135 837 5174">
    <p class='ocr_par' dir='ltr' id='par_1_101' title="bbox 343 5135 837 5174">
     <span class='ocr_line' id='line_1_102' title="bbox 343 5135 837 5174; baseline 0.012 -3"><span class='ocrx_word' id='word_1_698' title='bbox 343 5135 622 5174; x_wconf 79' lang='grc' dir='ltr'>ιαποεψαι.</span> <span class='ocrx_word' id='word_1_699' title='bbox 833 5153 837 5159; x_wconf 88' lang='grc'><strong>·</strong></span> 
     </span>
    </p>
   </div>
   <div class='ocr_carea' id='block_1_102' title="bbox 379 5120 1886 5262">
    <p class='ocr_par' dir='ltr' id='par_1_102' title="bbox 379 5120 1886 5262">
     <span class='ocr_line' id='line_1_103' title="bbox 379 5120 1886 5262; baseline -0.013 -1"><span class='ocrx_word' id='word_1_700' title='bbox 379 5120 708 5262; x_wconf 57' lang='grc' dir='ltr'>ίῗῖίψῗῖδὴ</span> <span class='ocrx_word' id='word_1_701' title='bbox 731 5153 1204 5262; x_wconf 51' lang='grc' dir='ltr'>μακάριονξῒναι</span> <span class='ocrx_word' id='word_1_702' title='bbox 1231 5201 1406 5262; x_wconf 61' lang='grc' dir='ltr'><strong>φασι.</strong></span> <span class='ocrx_word' id='word_1_703' title='bbox 1432 5185 1641 5262; x_wconf 79' lang='lat' dir='ltr'><strong>A_lludit</strong></span> <span class='ocrx_word' id='word_1_704' title='bbox 1668 5189 1735 5262; x_wconf 82' lang='lat' dir='ltr'><strong>ad</strong></span> <span class='ocrx_word' id='word_1_705' title='bbox 1770 5188 1886 5243; x_wconf 90' lang='lat' dir='ltr'><strong>dic-</strong></span> 
     </span>
    </p>
   </div>
   <div class='ocr_carea' id='block_1_103' title="bbox 311 5256 1886 5368">
    <p class='ocr_par' dir='ltr' id='par_1_103' title="bbox 311 5256 1886 5368">
     <span class='ocr_line' id='line_1_104' title="bbox 311 5256 1886 5368; baseline -0.001 -56"><span class='ocrx_word' id='word_1_706' title='bbox 311 5256 426 5314; x_wconf 82' lang='lat' dir='ltr'><strong>tum</strong></span> <span class='ocrx_word' id='word_1_707' title='bbox 457 5262 675 5330; x_wconf 87' lang='lat' dir='ltr'><strong>Epicuri</strong></span> <span class='ocrx_word' id='word_1_708' title='bbox 697 5256 790 5316; x_wconf 46' lang='lat' dir='ltr'><strong>&#39;de</strong></span> <span class='ocrx_word' id='word_1_709' title='bbox 830 5256 939 5316; x_wconf 81' lang='lat' dir='ltr'><strong>Deo</strong></span> <span class='ocrx_word' id='word_1_710' title='bbox 974 5273 987 5310; x_wconf 89' lang='lat'><strong>:</strong></span> <span class='ocrx_word' id='word_1_711' title='bbox 1017 5259 1095 5313; x_wconf 82' lang='grc' dir='ltr'>Τὸ</span> <span class='ocrx_word' id='word_1_712' title='bbox 1109 5259 1399 5368; x_wconf 47' lang='grc' dir='ltr'>μακάριον</span> <span class='ocrx_word' id='word_1_713' title='bbox 1425 5256 1548 5311; x_wconf 80' lang='grc' dir='ltr'>οὐτε</span> <span class='ocrx_word' id='word_1_714' title='bbox 1583 5259 1886 5368; x_wconf 54' lang='grc' dir='ltr'><strong>⁸τιιξριίιγματα</strong></span> 
     </span>
     <span class='ocr_line' id='line_1_105' title="bbox 311 5327 1884 5368; baseline 0 0"><span class='ocrx_word' id='word_1_715' title='bbox 311 5329 424 5368; x_wconf 69' lang='lat' dir='ltr'><strong>Evn</strong></span> <span class='ocrx_word' id='word_1_716' title='bbox 463 5331 596 5368; x_wconf 63' lang='lat' dir='ltr'><strong>nu’w}.</strong></span> <span class='ocrx_word' id='word_1_717' title='bbox 651 5330 774 5368; x_wconf 68' lang='lat' dir='ltr'><strong>ni&#39;vre</strong></span> <span class='ocrx_word' id='word_1_718' title='bbox 821 5331 964 5368; x_wconf 56' lang='lat' dir='ltr'><strong>£11m</strong></span> <span class='ocrx_word' id='word_1_719' title='bbox 993 5347 1106 5368; x_wconf 68' lang='lat' dir='ltr'><strong>mn</strong></span> <span class='ocrx_word' id='word_1_720' title='bbox 1139 5347 1217 5368; x_wconf 74' lang='lat' dir='ltr'><strong>vn</strong></span> <span class='ocrx_word' id='word_1_721' title='bbox 1287 5337 1347 5368; x_wconf 75' lang='lat' dir='ltr'><strong>ut</strong></span> <span class='ocrx_word' id='word_1_722' title='bbox 1395 5327 1558 5368; x_wconf 64' lang='lat' dir='ltr'><strong>napr</strong></span> <span class='ocrx_word' id='word_1_723' title='bbox 1647 5330 1884 5368; x_wconf 68' lang='lat' dir='ltr'><strong>pmncinc</strong></span> 
     </span>
    </p>
   </div>
   <div class='ocr_carea' id='block_1_104' title="bbox 307 5327 1884 5401">
    <p class='ocr_par' dir='ltr' id='par_1_104' title="bbox 307 5327 1884 5401">
     <span class='ocr_line' id='line_1_106' title="bbox 307 5327 1884 5401; baseline -0.001 -18"><span class='ocrx_word' id='word_1_724' title='bbox 307 5329 425 5401; x_wconf 72' lang='grc' dir='ltr'>ἔχει</span> <span class='ocrx_word' id='word_1_725' title='bbox 463 5327 617 5395; x_wconf 74' lang='grc' dir='ltr'>αὐτὸ,</span> <span class='ocrx_word' id='word_1_726' title='bbox 651 5330 776 5385; x_wconf 77' lang='grc' dir='ltr'>οὔτε</span> <span class='ocrx_word' id='word_1_727' title='bbox 821 5331 964 5401; x_wconf 75' lang='grc' dir='ltr'>ἄλλῳ</span> <span class='ocrx_word' id='word_1_728' title='bbox 993 5327 1242 5401; x_wconf 79' lang='grc' dir='ltr'>παρέχει,</span> <span class='ocrx_word' id='word_1_729' title='bbox 1281 5327 1349 5383; x_wconf 77' lang='lat' dir='ltr'><strong>ut</strong></span> <span class='ocrx_word' id='word_1_730' title='bbox 1395 5327 1560 5382; x_wconf 79' lang='lat' dir='ltr'><strong>refert</strong></span> <span class='ocrx_word' id='word_1_731' title='bbox 1598 5327 1884 5401; x_wconf 65' lang='lat' dir='ltr'><strong>Nemesius</strong></span> 
     </span>
    </p>
   </div>
   <div class='ocr_carea' id='block_1_105' title="bbox 307 5398 1883 5468">
    <p class='ocr_par' dir='ltr' id='par_1_105' title="bbox 307 5398 1883 5468">
     <span class='ocr_line' id='line_1_107' title="bbox 307 5398 1883 5468; baseline 0.001 -15"><span class='ocrx_word' id='word_1_732' title='bbox 307 5398 431 5468; x_wconf 73' lang='lat' dir='ltr'><strong>cap.</strong></span> <span class='ocrx_word' id='word_1_733' title='bbox 472 5403 562 5468; x_wconf 76' lang='grc'><strong>44,</strong></span> <span class='ocrx_word' id='word_1_734' title='bbox 607 5401 803 5458; x_wconf 88' lang='lat' dir='ltr'><strong>Cicero</strong></span> <span class='ocrx_word' id='word_1_735' title='bbox 847 5398 948 5458; x_wconf 53' lang='lat' dir='ltr'><strong>libi</strong></span> <span class='ocrx_word' id='word_1_736' title='bbox 975 5416 995 5454; x_wconf 81' lang='grc' dir='ltr'><strong>ι</strong></span> <span class='ocrx_word' id='word_1_737' title='bbox 1022 5398 1101 5456; x_wconf 71' lang='lat' dir='ltr'><strong>De</strong></span> <span class='ocrx_word' id='word_1_738' title='bbox 1128 5398 1322 5454; x_wconf 71' lang='lat' dir='ltr'><strong>natura</strong></span> <span class='ocrx_word' id='word_1_739' title='bbox 1357 5402 1598 5466; x_wconf 84' lang='lat' dir='ltr'><strong>deorum,</strong></span> <span class='ocrx_word' id='word_1_740' title='bbox 1631 5398 1883 5454; x_wconf 86' lang='lat' dir='ltr'><strong>Laertius</strong></span> 
     </span>
    </p>
   </div>
   <div class='ocr_carea' id='block_1_106' title="bbox 345 5473 586 5530">
    <p class='ocr_par' dir='ltr' id='par_1_106' title="bbox 345 5473 586 5530">
     <span class='ocr_line' id='line_1_108' title="bbox 345 5473 586 5530; baseline 0.025 -6"><span class='ocrx_word' id='word_1_741' title='bbox 345 5485 430 5530; x_wconf 79' lang='lat' dir='ltr'><strong>att.</strong></span> <span class='ocrx_word' id='word_1_742' title='bbox 459 5473 586 5530; x_wconf 81' lang='lat'><strong>795.</strong></span> 
     </span>
    </p>
   </div>
   <div class='ocr_carea' id='block_1_107' title="bbox 288 5485 1883 5614">
    <p class='ocr_par' dir='ltr' id='par_1_107' title="bbox 288 5485 1883 5614">
     <span class='ocr_line' id='line_1_109' title="bbox 288 5485 1883 5614; baseline -0.002 -18"><span class='ocrx_word' id='word_1_743' title='bbox 288 5485 673 5614; x_wconf 42' lang='grc' dir='ltr'>,Ρῗῗέὅῖθὲὸτε</span> <span class='ocrx_word' id='word_1_744' title='bbox 704 5543 866 5614; x_wconf 79' lang='grc' dir='ltr'>παρὰ</span> <span class='ocrx_word' id='word_1_745' title='bbox 891 5540 1017 5608; x_wconf 82' lang='grc' dir='ltr'>τοῖς</span> <span class='ocrx_word' id='word_1_746' title='bbox 1048 5537 1320 5605; x_wconf 68' lang='grc' dir='ltr'>πολλοῖς.</span> <span class='ocrx_word' id='word_1_747' title='bbox 1355 5537 1414 5592; x_wconf 91' lang='lat' dir='ltr'><strong>In</strong></span> <span class='ocrx_word' id='word_1_748' title='bbox 1448 5537 1666 5592; x_wconf 86' lang='lat' dir='ltr'><strong>schedis</strong></span> <span class='ocrx_word' id='word_1_749' title='bbox 1696 5538 1883 5614; x_wconf 62' lang='lat' dir='ltr'><strong>Iiegiis</strong></span> 
     </span>
    </p>
   </div>
   <div class='ocr_carea' id='block_1_108' title="bbox 305 5609 1882 5680">
    <p class='ocr_par' dir='ltr' id='par_1_108' title="bbox 305 5609 1882 5680">
     <span class='ocr_line' id='line_1_110' title="bbox 305 5609 1882 5680; baseline -0.001 -17"><span class='ocrx_word' id='word_1_750' title='bbox 305 5609 498 5680; x_wconf 74' lang='lat' dir='ltr'><strong>ultima</strong></span> <span class='ocrx_word' id='word_1_751' title='bbox 524 5628 628 5667; x_wconf 86' lang='lat' dir='ltr'><strong>vox</strong></span> <span class='ocrx_word' id='word_1_752' title='bbox 659 5609 877 5680; x_wconf 81' lang='lat' dir='ltr'><strong>punctis</strong></span> <span class='ocrx_word' id='word_1_753' title='bbox 901 5615 1203 5680; x_wconf 17' lang='lat' dir='ltr'><strong>subnotataﬁ</strong></span> <span class='ocrx_word' id='word_1_754' title='bbox 1225 5619 1330 5670; x_wconf 91' lang='lat' dir='ltr'><strong>est,</strong></span> <span class='ocrx_word' id='word_1_755' title='bbox 1359 5617 1415 5663; x_wconf 89' lang='lat' dir='ltr'><strong>et</strong></span> <span class='ocrx_word' id='word_1_756' title='bbox 1455 5609 1882 5680; x_wconf 85' lang='lat' dir='ltr'><strong>superscribitur</strong></span> 
     </span>
    </p>
   </div>
   <div class='ocr_carea' id='block_1_109' title="bbox 305 5678 1880 5752">
    <p class='ocr_par' dir='ltr' id='par_1_109' title="bbox 305 5678 1880 5752">
     <span class='ocr_line' id='line_1_111' title="bbox 305 5678 1880 5752; baseline -0.002 -19"><span class='ocrx_word' id='word_1_757' title='bbox 305 5678 532 5752; x_wconf 74' lang='grc' dir='ltr'>λοιποῖς,</span> <span class='ocrx_word' id='word_1_758' title='bbox 565 5678 706 5752; x_wconf 82' lang='lat' dir='ltr'><strong>quod</strong></span> <span class='ocrx_word' id='word_1_759' title='bbox 743 5683 913 5751; x_wconf 87' lang='lat' dir='ltr'><strong>magis</strong></span> <span class='ocrx_word' id='word_1_760' title='bbox 957 5681 1145 5751; x_wconf 90' lang='lat' dir='ltr'><strong>probo.</strong></span> <span class='ocrx_word' id='word_1_761' title='bbox 1181 5679 1511 5752; x_wconf 90' lang='lat' dir='ltr'><strong>Porro_ante</strong></span> <span class='ocrx_word' id='word_1_762' title='bbox 1551 5679 1665 5752; x_wconf 73' lang='lat' dir='ltr'><strong>haec</strong></span> <span class='ocrx_word' id='word_1_763' title='bbox 1715 5678 1880 5752; x_wconf 62' lang='lat' dir='ltr'><strong>verba</strong></span> 
     </span>
    </p>
   </div>
   <div class='ocr_carea' id='block_1_110' title="bbox 304 5747 1878 5818">
    <p class='ocr_par' dir='ltr' id='par_1_110' title="bbox 304 5747 1878 5818">
     <span class='ocr_line' id='line_1_112' title="bbox 304 5747 1878 5818; baseline -0.003 -14"><span class='ocrx_word' id='word_1_764' title='bbox 304 5748 363 5804; x_wconf 88' lang='lat' dir='ltr'><strong>in</strong></span> <span class='ocrx_word' id='word_1_765' title='bbox 395 5747 979 5810; x_wconf 50' lang='lat' dir='ltr'><strong>iisdem‘scbedis&#39;lmc</strong></span> <span class='ocrx_word' id='word_1_766' title='bbox 1009 5752 1282 5808; x_wconf 88' lang='lat' dir='ltr'><strong>adduntur</strong></span> <span class='ocrx_word' id='word_1_767' title='bbox 1308 5749 1374 5804; x_wconf 88' lang='lat' dir='ltr'><strong>ad</strong></span> <span class='ocrx_word' id='word_1_768' title='bbox 1409 5747 1740 5818; x_wconf 82' lang='lat' dir='ltr'><strong>marginem:</strong></span> <span class='ocrx_word' id='word_1_769' title='bbox 1769 5747 1878 5802; x_wconf 76' lang='lat' dir='ltr'><strong>Kal.</strong></span> 
     </span>
    </p>
   </div>
   <div class='ocr_carea' id='block_1_111' title="bbox 1996 4489 3581 4570">
    <p class='ocr_par' dir='ltr' id='par_1_111' title="bbox 1996 4489 3581 4570">
     <span class='ocr_line' id='line_1_113' title="bbox 1996 4489 3581 4570; baseline 0.003 -30"><span class='ocrx_word' id='word_1_770' title='bbox 1996 4501 2062 4540; x_wconf 90' lang='lat' dir='ltr'><strong>eo</strong></span> <span class='ocrx_word' id='word_1_771' title='bbox 2104 4489 2640 4570; x_wconf 41' lang='lat' dir='ltr'><strong>qtt.ip_pe_coll_igitur_,</strong></span> <span class='ocrx_word' id='word_1_772' title='bbox 2691 4489 3125 4570; x_wconf 67' lang='lat' dir='ltr'><strong>persecutiopem</strong></span> <span class='ocrx_word' id='word_1_773' title='bbox 3175 4497 3581 4570; x_wconf 46' lang='lat' dir='ltr'><strong>coeptam-esse</strong></span> 
     </span>
    </p>
   </div>
   <div class='ocr_carea' id='block_1_112' title="bbox 1995 4557 3577 4625">
    <p class='ocr_par' dir='ltr' id='par_1_112' title="bbox 1995 4557 3577 4625">
     <span class='ocr_line' id='line_1_114' title="bbox 1995 4557 3577 4625; baseline 0.002 -16"><span class='ocrx_word' id='word_1_774' title='bbox 1995 4557 2282 4612; x_wconf 84' lang='lat' dir='ltr'><strong>consulatu</strong></span> <span class='ocrx_word' id='word_1_775' title='bbox 2306 4559 2625 4613; x_wconf 89' lang='lat' dir='ltr'><strong>Diocletiani</strong></span> <span class='ocrx_word' id='word_1_776' title='bbox 2646 4567 2864 4622; x_wconf 91' lang='lat' dir='ltr'><strong>octavo,</strong></span> <span class='ocrx_word' id='word_1_777' title='bbox 2891 4568 2944 4611; x_wconf 89' lang='lat' dir='ltr'><strong>et</strong></span> <span class='ocrx_word' id='word_1_778' title='bbox 2967 4557 3281 4611; x_wconf 83' lang='lat' dir='ltr'><strong>Maximiani</strong></span> <span class='ocrx_word' id='word_1_779' title='bbox 3312 4560 3577 4625; x_wconf 85' lang='lat' dir='ltr'><strong>septimo;</strong></span> 
     </span>
    </p>
   </div>
   <div class='ocr_carea' id='block_1_113' title="bbox 1995 4626 3578 4697">
    <p class='ocr_par' dir='ltr' id='par_1_113' title="bbox 1995 4626 3578 4697">
     <span class='ocr_line' id='line_1_115' title="bbox 1995 4626 3578 4697; baseline 0.003 -17"><span class='ocrx_word' id='word_1_780' title='bbox 1995 4642 2101 4681; x_wconf 89' lang='lat' dir='ltr'><strong>non</strong></span> <span class='ocrx_word' id='word_1_781' title='bbox 2139 4639 2316 4682; x_wconf 91' lang='lat' dir='ltr'><strong>autem</strong></span> <span class='ocrx_word' id='word_1_782' title='bbox 2361 4630 2643 4697; x_wconf 90' lang='lat' dir='ltr'><strong>superiore</strong></span> <span class='ocrx_word' id='word_1_783' title='bbox 2685 4643 2853 4692; x_wconf 87' lang='lat' dir='ltr'><strong>anno,</strong></span> <span class='ocrx_word' id='word_1_784' title='bbox 2902 4637 2959 4680; x_wconf 90' lang='lat' dir='ltr'><strong>ttt</strong></span> <span class='ocrx_word' id='word_1_785' title='bbox 2999 4627 3117 4680; x_wconf 91' lang='lat' dir='ltr'><strong>vult</strong></span> <span class='ocrx_word' id='word_1_786' title='bbox 3163 4626 3451 4697; x_wconf 82' lang='lat' dir='ltr'><strong>Baronius.</strong></span> <span class='ocrx_word' id='word_1_787' title='bbox 3501 4629 3578 4684; x_wconf 85' lang='lat' dir='ltr'><strong>De</strong></span> 
     </span>
    </p>
   </div>
   <div class='ocr_carea' id='block_1_114' title="bbox 1993 4696 3573 4767">
    <p class='ocr_par' dir='ltr' id='par_1_114' title="bbox 1993 4696 3573 4767">
     <span class='ocr_line' id='line_1_116' title="bbox 1993 4696 3573 4767; baseline 0.003 -18"><span class='ocrx_word' id='word_1_788' title='bbox 1993 4713 2098 4764; x_wconf 81' lang='lat' dir='ltr'><strong>qua</strong></span> <span class='ocrx_word' id='word_1_789' title='bbox 2133 4712 2192 4752; x_wconf 92' lang='lat' dir='ltr'><strong>re</strong></span> <span class='ocrx_word' id='word_1_790' title='bbox 2226 4696 2475 4767; x_wconf 77' lang='lat' dir='ltr'><strong>pluribus</strong></span> <span class='ocrx_word' id='word_1_791' title='bbox 2497 4697 2775 4767; x_wconf 88' lang='lat' dir='ltr'><strong>disputavi</strong></span> <span class='ocrx_word' id='word_1_792' title='bbox 2807 4699 2873 4752; x_wconf 89' lang='lat' dir='ltr'><strong>ad</strong></span> <span class='ocrx_word' id='word_1_793' title='bbox 2909 4699 3002 4752; x_wconf 92' lang='lat' dir='ltr'><strong>lib.</strong></span> <span class='ocrx_word' id='word_1_794' title='bbox 3045 4710 3144 4751; x_wconf 84' lang='lat' dir='ltr'><strong>vm</strong></span> <span class='ocrx_word' id='word_1_795' title='bbox 3195 4696 3573 4753; x_wconf 68' lang='lat' dir='ltr'><strong>Historiarum.</strong></span> 
     </span>
    </p>
   </div>
   <div class='ocr_carea' id='block_1_115' title="bbox 1994 4766 3574 4835">
    <p class='ocr_par' dir='ltr' id='par_1_115' title="bbox 1994 4766 3574 4835">
     <span class='ocr_line' id='line_1_117' title="bbox 1994 4766 3574 4835; baseline 0 -13"><span class='ocrx_word' id='word_1_796' title='bbox 1994 4767 2128 4822; x_wconf 89' lang='lat' dir='ltr'><strong>Cum</strong></span> <span class='ocrx_word' id='word_1_797' title='bbox 2164 4766 2310 4823; x_wconf 82' lang='lat' dir='ltr'><strong>enim</strong></span> <span class='ocrx_word' id='word_1_798' title='bbox 2350 4767 2584 4822; x_wconf 79' lang='lat' dir='ltr'><strong>aﬂirmet</strong></span> <span class='ocrx_word' id='word_1_799' title='bbox 2618 4766 2906 4832; x_wconf 89' lang='lat' dir='ltr'><strong>Eusebius,</strong></span> <span class='ocrx_word' id='word_1_800' title='bbox 2937 4782 3079 4821; x_wconf 89' lang='lat' dir='ltr'><strong>anno</strong></span> <span class='ocrx_word' id='word_1_801' title='bbox 3115 4775 3236 4835; x_wconf 87' lang='lat' dir='ltr'><strong>post</strong></span> <span class='ocrx_word' id='word_1_802' title='bbox 3263 4767 3574 4822; x_wconf 84' lang='lat' dir='ltr'><strong>inchoatam</strong></span> 
     </span>
    </p>
   </div>
   <div class='ocr_carea' id='block_1_116' title="bbox 1991 4836 3572 4906">
    <p class='ocr_par' dir='ltr' id='par_1_116' title="bbox 1991 4836 3572 4906">
     <span class='ocr_line' id='line_1_118' title="bbox 1991 4836 3572 4906; baseline 0.001 -15"><span class='ocrx_word' id='word_1_803' title='bbox 1991 4838 2428 4905; x_wconf 82' lang='lat' dir='ltr'><strong>persecutionem</strong></span> <span class='ocrx_word' id='word_1_804' title='bbox 2464 4838 2633 4906; x_wconf 90' lang='lat' dir='ltr'><strong>impp.</strong></span> <span class='ocrx_word' id='word_1_805' title='bbox 2663 4837 3056 4892; x_wconf 87' lang='lat' dir='ltr'><strong>Diocletianum</strong></span> <span class='ocrx_word' id='word_1_806' title='bbox 3089 4848 3145 4890; x_wconf 88' lang='lat' dir='ltr'><strong>et</strong></span> <span class='ocrx_word' id='word_1_807' title='bbox 3179 4836 3572 4892; x_wconf 77' lang='lat' dir='ltr'><strong>Maximianum</strong></span> 
     </span>
    </p>
   </div>
   <div class='ocr_carea' id='block_1_117' title="bbox 1990 4905 3573 4978">
    <p class='ocr_par' dir='ltr' id='par_1_117' title="bbox 1990 4905 3573 4978">
     <span class='ocr_line' id='line_1_119' title="bbox 1990 4905 3573 4978; baseline 0.003 -20"><span class='ocrx_word' id='word_1_808' title='bbox 1990 4923 2289 4975; x_wconf 82' lang='lat' dir='ltr'><strong>purpuram</strong></span> <span class='ocrx_word' id='word_1_809' title='bbox 2335 4905 2646 4978; x_wconf 84' lang='lat' dir='ltr'><strong>deposuisse</strong></span> <span class='ocrx_word' id='word_1_810' title='bbox 2683 4926 2697 4962; x_wconf 89' lang='lat'><strong>:</strong></span> <span class='ocrx_word' id='word_1_811' title='bbox 2744 4907 2913 4978; x_wconf 83' lang='lat' dir='ltr'><strong>idque</strong></span> <span class='ocrx_word' id='word_1_812' title='bbox 2942 4907 3010 4961; x_wconf 90' lang='lat' dir='ltr'><strong>ab</strong></span> <span class='ocrx_word' id='word_1_813' title='bbox 3049 4907 3158 4962; x_wconf 88' lang='lat' dir='ltr'><strong>illis</strong></span> <span class='ocrx_word' id='word_1_814' title='bbox 3200 4905 3406 4961; x_wconf 83' lang='lat' dir='ltr'><strong>factum</strong></span> <span class='ocrx_word' id='word_1_815' title='bbox 3450 4921 3573 4978; x_wconf 81' lang='lat' dir='ltr'><strong>esse</strong></span> 
     </span>
    </p>
   </div>
   <div class='ocr_carea' id='block_1_118' title="bbox 1991 4977 3574 5046">
    <p class='ocr_par' dir='ltr' id='par_1_118' title="bbox 1991 4977 3574 5046">
     <span class='ocr_line' id='line_1_120' title="bbox 1991 4977 3574 5046; baseline -0.001 -16"><span class='ocrx_word' id='word_1_816' title='bbox 1991 4987 2204 5032; x_wconf 90' lang='lat' dir='ltr'><strong>constet</strong></span> <span class='ocrx_word' id='word_1_817' title='bbox 2252 4977 2418 5033; x_wconf 34' lang='lat' dir='ltr'><strong>anno’</strong></span> <span class='ocrx_word' id='word_1_818' title='bbox 2450 4978 2650 5032; x_wconf 87' lang='lat' dir='ltr'><strong>Christi</strong></span> <span class='ocrx_word' id='word_1_819' title='bbox 2697 4977 2822 5042; x_wconf 66' lang='lat'><strong>504,</strong></span> <span class='ocrx_word' id='word_1_820' title='bbox 2871 4979 2923 5032; x_wconf 93' lang='lat' dir='ltr'><strong>id</strong></span> <span class='ocrx_word' id='word_1_821' title='bbox 2969 4980 3285 5033; x_wconf 87' lang='lat' dir='ltr'><strong>necessario</strong></span> <span class='ocrx_word' id='word_1_822' title='bbox 3326 4977 3574 5046; x_wconf 86' lang='lat' dir='ltr'><strong>sequitur</strong></span> 
     </span>
    </p>
   </div>
   <div class='ocr_carea' id='block_1_119' title="bbox 1991 5047 3568 5118">
    <p class='ocr_par' dir='ltr' id='par_1_119' title="bbox 1991 5047 3568 5118">
     <span class='ocr_line' id='line_1_121' title="bbox 1991 5047 3568 5118; baseline 0.001 -18"><span class='ocrx_word' id='word_1_823' title='bbox 1991 5049 2135 5114; x_wconf 91' lang='lat' dir='ltr'><strong>quod</strong></span> <span class='ocrx_word' id='word_1_824' title='bbox 2172 5048 2304 5111; x_wconf 83' lang='lat' dir='ltr'><strong>dixi,</strong></span> <span class='ocrx_word' id='word_1_825' title='bbox 2349 5050 2783 5118; x_wconf 72' lang='lat' dir='ltr'><strong>persecutionem</strong></span> <span class='ocrx_word' id='word_1_826' title='bbox 2831 5047 3045 5102; x_wconf 90' lang='lat' dir='ltr'><strong>scilicet</strong></span> <span class='ocrx_word' id='word_1_827' title='bbox 3089 5048 3408 5106; x_wconf 85' lang='lat' dir='ltr'><strong>Diocletiani</strong></span> <span class='ocrx_word' id='word_1_828' title='bbox 3454 5060 3568 5101; x_wconf 77' lang='lat' dir='ltr'><strong>cte-</strong></span> 
     </span>
    </p>
   </div>
   <div class='ocr_carea' id='block_1_120' title="bbox 1989 5117 3425 5186">
    <p class='ocr_par' dir='ltr' id='par_1_120' title="bbox 1989 5117 3425 5186">
     <span class='ocr_line' id='line_1_122' title="bbox 1989 5117 3425 5186; baseline 0 -16"><span class='ocrx_word' id='word_1_829' title='bbox 1989 5127 2136 5186; x_wconf 86' lang='lat' dir='ltr'><strong>ptam</strong></span> <span class='ocrx_word' id='word_1_830' title='bbox 2166 5133 2289 5173; x_wconf 89' lang='lat' dir='ltr'><strong>esse</strong></span> <span class='ocrx_word' id='word_1_831' title='bbox 2318 5117 2461 5172; x_wconf 77' lang='lat' dir='ltr'><strong>anno</strong></span> <span class='ocrx_word' id='word_1_832' title='bbox 2491 5117 2694 5173; x_wconf 81' lang='lat' dir='ltr'><strong>Christi</strong></span> <span class='ocrx_word' id='word_1_833' title='bbox 2731 5119 2896 5172; x_wconf 89' lang='lat' dir='ltr'><strong>tertio</strong></span> <span class='ocrx_word' id='word_1_834' title='bbox 2928 5132 2990 5172; x_wconf 92' lang='lat' dir='ltr'><strong>ac</strong></span> <span class='ocrx_word' id='word_1_835' title='bbox 3021 5119 3425 5174; x_wconf 90' lang='lat' dir='ltr'><strong>trecentesimo.</strong></span> 
     </span>
    </p>
   </div>
   <div class='ocr_carea' id='block_1_121' title="bbox 2061 5187 3570 5259">
    <p class='ocr_par' dir='ltr' id='par_1_121' title="bbox 2061 5187 3570 5259">
     <span class='ocr_line' id='line_1_123' title="bbox 2061 5187 3570 5259; baseline -0.001 -17"><span class='ocrx_word' id='word_1_836' title='bbox 2061 5187 2175 5259; x_wconf 81' lang='grc'>(57)</span> <span class='ocrx_word' id='word_1_837' title='bbox 2219 5187 2517 5257; x_wconf 78' lang='grc' dir='ltr'>Τεττάρων</span> <span class='ocrx_word' id='word_1_838' title='bbox 2553 5189 2674 5242; x_wconf 76' lang='grc' dir='ltr'><strong>τῶν</strong></span> <span class='ocrx_word' id='word_1_839' title='bbox 2715 5189 2976 5257; x_wconf 78' lang='grc' dir='ltr'>ὕστερον</span> <span class='ocrx_word' id='word_1_840' title='bbox 3008 5189 3185 5243; x_wconf 76' lang='grc' dir='ltr'>ἀναδ.</span> <span class='ocrx_word' id='word_1_841' title='bbox 3234 5187 3471 5259; x_wconf 70' lang='lat' dir='ltr'><strong>Saviliqs</strong></span> <span class='ocrx_word' id='word_1_842' title='bbox 3495 5188 3570 5259; x_wconf 69' lang='lat' dir='ltr'><strong>ad</strong></span> 
     </span>
    </p>
   </div>
   <div class='ocr_carea' id='block_1_122' title="bbox 1987 5255 3570 5326">
    <p class='ocr_par' dir='ltr' id='par_1_122' title="bbox 1987 5255 3570 5326">
     <span class='ocr_line' id='line_1_124' title="bbox 1987 5255 3570 5326; baseline -0.002 -13"><span class='ocrx_word' id='word_1_843' title='bbox 1987 5255 2264 5313; x_wconf 50' lang='lat' dir='ltr'><strong>oratn&#39;sui</strong></span> <span class='ocrx_word' id='word_1_844' title='bbox 2293 5255 2497 5314; x_wconf 88' lang='lat' dir='ltr'><strong>codicis</strong></span> <span class='ocrx_word' id='word_1_845' title='bbox 2536 5261 2766 5323; x_wconf 86' lang='lat' dir='ltr'><strong>notavit,</strong></span> <span class='ocrx_word' id='word_1_846' title='bbox 2811 5255 2911 5314; x_wconf 84' lang='lat' dir='ltr'><strong>hos</strong></span> <span class='ocrx_word' id='word_1_847' title='bbox 2946 5273 3188 5326; x_wconf 86' lang='lat' dir='ltr'><strong>quatuor</strong></span> <span class='ocrx_word' id='word_1_848' title='bbox 3221 5272 3364 5322; x_wconf 88' lang='lat' dir='ltr'><strong>esse,</strong></span> <span class='ocrx_word' id='word_1_849' title='bbox 3407 5255 3570 5310; x_wconf 84' lang='lat' dir='ltr'><strong>Gale-</strong></span> 
     </span>
    </p>
   </div>
   <div class='ocr_carea' id='block_1_123' title="bbox 1988 5327 3569 5396">
    <p class='ocr_par' dir='ltr' id='par_1_123' title="bbox 1988 5327 3569 5396">
     <span class='ocr_line' id='line_1_125' title="bbox 1988 5327 3569 5396; baseline -0.004 -13"><span class='ocrx_word' id='word_1_850' title='bbox 1988 5331 2128 5383; x_wconf 88' lang='lat' dir='ltr'><strong>rium</strong></span> <span class='ocrx_word' id='word_1_851' title='bbox 2159 5329 2569 5392; x_wconf 86' lang='lat' dir='ltr'><strong>Maximianum,</strong></span> <span class='ocrx_word' id='word_1_852' title='bbox 2607 5329 2876 5384; x_wconf 87' lang='lat' dir='ltr'><strong>Severum</strong></span> <span class='ocrx_word' id='word_1_853' title='bbox 2903 5337 2961 5383; x_wconf 88' lang='lat' dir='ltr'><strong>et</strong></span> <span class='ocrx_word' id='word_1_854' title='bbox 2993 5327 3373 5390; x_wconf 79' lang='lat' dir='ltr'><strong>Maximinum,</strong></span> <span class='ocrx_word' id='word_1_855' title='bbox 3401 5341 3569 5396; x_wconf 82' lang='lat' dir='ltr'><strong>quar-</strong></span> 
     </span>
    </p>
   </div>
   <div class='ocr_carea' id='block_1_124' title="bbox 1987 5397 3566 5469">
    <p class='ocr_par' dir='ltr' id='par_1_124' title="bbox 1987 5397 3566 5469">
     <span class='ocr_line' id='line_1_126' title="bbox 1987 5397 3566 5469; baseline -0.004 -16"><span class='ocrx_word' id='word_1_856' title='bbox 1987 5410 2100 5453; x_wconf 92' lang='lat' dir='ltr'><strong>tum</strong></span> <span class='ocrx_word' id='word_1_857' title='bbox 2153 5415 2286 5456; x_wconf 85' lang='lat' dir='ltr'><strong>vero</strong></span> <span class='ocrx_word' id='word_1_858' title='bbox 2327 5398 2681 5455; x_wconf 80' lang='lat' dir='ltr'><strong>Maxentium.</strong></span> <span class='ocrx_word' id='word_1_859' title='bbox 2724 5398 2830 5454; x_wconf 90' lang='lat' dir='ltr'><strong>Sed</strong></span> <span class='ocrx_word' id='word_1_860' title='bbox 2879 5398 3022 5468; x_wconf 90' lang='lat' dir='ltr'><strong>quod</strong></span> <span class='ocrx_word' id='word_1_861' title='bbox 3063 5399 3291 5469; x_wconf 73' lang='lat' dir='ltr'><strong>quidem</strong></span> <span class='ocrx_word' id='word_1_862' title='bbox 3339 5397 3408 5449; x_wconf 86' lang='lat' dir='ltr'><strong>ad</strong></span> <span class='ocrx_word' id='word_1_863' title='bbox 3457 5405 3566 5448; x_wconf 81' lang='lat' dir='ltr'><strong>tres</strong></span> 
     </span>
    </p>
   </div>
   <div class='ocr_carea' id='block_1_125' title="bbox 2027 5469 3564 5537">
    <p class='ocr_par' dir='ltr' id='par_1_125' title="bbox 2027 5469 3564 5537">
     <span class='ocr_line' id='line_1_127' title="bbox 2027 5469 3564 5537; baseline -0.003 -15"><span class='ocrx_word' id='word_1_864' title='bbox 2027 5471 2195 5524; x_wconf 90' lang='lat' dir='ltr'><strong>riores</strong></span> <span class='ocrx_word' id='word_1_865' title='bbox 2219 5470 2434 5536; x_wconf 88' lang='lat' dir='ltr'><strong>attinet,</strong></span> <span class='ocrx_word' id='word_1_866' title='bbox 2467 5471 2738 5526; x_wconf 90' lang='lat' dir='ltr'><strong>assentior</strong></span> <span class='ocrx_word' id='word_1_867' title='bbox 2763 5469 2999 5534; x_wconf 85' lang='lat' dir='ltr'><strong>Savilio;</strong></span> <span class='ocrx_word' id='word_1_868' title='bbox 3020 5477 3275 5537; x_wconf 91' lang='lat' dir='ltr'><strong>quartum</strong></span> <span class='ocrx_word' id='word_1_869' title='bbox 3301 5479 3431 5518; x_wconf 91' lang='lat' dir='ltr'><strong>vero</strong></span> <span class='ocrx_word' id='word_1_870' title='bbox 3456 5479 3564 5537; x_wconf 80' lang='lat' dir='ltr'><strong>non</strong></span> 
     </span>
    </p>
   </div>
   <div class='ocr_carea' id='block_1_126' title="bbox 1984 5485 3559 5612">
    <p class='ocr_par' dir='ltr' id='par_1_126' title="bbox 1984 5485 3559 5612">
     <span class='ocr_line' id='line_1_128' title="bbox 2027 5485 3559 5537; baseline -0.003 -15"><span class='ocrx_word' id='word_1_871' title='bbox 2027 5485 2195 5524; x_wconf 85' lang='lat' dir='ltr'><strong>nores</strong></span> <span class='ocrx_word' id='word_1_872' title='bbox 2219 5485 2434 5536; x_wconf 80' lang='lat' dir='ltr'><strong>attinet,</strong></span> <span class='ocrx_word' id='word_1_873' title='bbox 2467 5485 2738 5526; x_wconf 81' lang='lat' dir='ltr'><strong>assentior</strong></span> <span class='ocrx_word' id='word_1_874' title='bbox 2763 5485 2999 5534; x_wconf 72' lang='lat' dir='ltr'><strong>aavtuo;</strong></span> <span class='ocrx_word' id='word_1_875' title='bbox 3020 5485 3275 5537; x_wconf 89' lang='lat' dir='ltr'><strong>quartum</strong></span> <span class='ocrx_word' id='word_1_876' title='bbox 3302 5485 3431 5518; x_wconf 85' lang='lat' dir='ltr'><strong>vero</strong></span> <span class='ocrx_word' id='word_1_877' title='bbox 3456 5485 3559 5517; x_wconf 82' lang='lat' dir='ltr'><strong>non</strong></span> 
     </span>
     <span class='ocr_line' id='line_1_129' title="bbox 1984 5485 3559 5612; baseline -0.006 -19"><span class='ocrx_word' id='word_1_878' title='bbox 1984 5485 2340 5612; x_wconf 57' lang='lat' dir='ltr'><strong>Klaxentium,</strong></span> <span class='ocrx_word' id='word_1_879' title='bbox 2381 5540 2476 5612; x_wconf 84' lang='lat' dir='ltr'><strong>sed</strong></span> <span class='ocrx_word' id='word_1_880' title='bbox 2505 5541 2680 5611; x_wconf 90' lang='lat' dir='ltr'><strong>ipsum</strong></span> <span class='ocrx_word' id='word_1_881' title='bbox 2704 5540 3088 5612; x_wconf 72' lang='lat' dir='ltr'><strong>Constantium</strong></span> <span class='ocrx_word' id='word_1_882' title='bbox 3112 5534 3559 5612; x_wconf 42' lang='lat' dir='ltr'><strong>esseﬂcontendo.</strong></span> 
     </span>
    </p>
   </div>
   <div class='ocr_carea' id='block_1_127' title="bbox 1985 5606 3562 5682">
    <p class='ocr_par' dir='ltr' id='par_1_127' title="bbox 1985 5606 3562 5682">
     <span class='ocr_line' id='line_1_130' title="bbox 1985 5606 3562 5682; baseline -0.006 -20"><span class='ocrx_word' id='word_1_883' title='bbox 1985 5609 2192 5682; x_wconf 78' lang='lat' dir='ltr'><strong>Quippe</strong></span> <span class='ocrx_word' id='word_1_884' title='bbox 2219 5606 2540 5682; x_wconf 76' lang='lat' dir='ltr'><strong>Maxentius</strong></span> <span class='ocrx_word' id='word_1_885' title='bbox 2555 5625 2665 5666; x_wconf 91' lang='lat' dir='ltr'><strong>non</strong></span> <span class='ocrx_word' id='word_1_886' title='bbox 2690 5609 2794 5666; x_wconf 90' lang='lat' dir='ltr'><strong>nisi</strong></span> <span class='ocrx_word' id='word_1_887' title='bbox 2815 5618 2936 5682; x_wconf 85' lang='lat' dir='ltr'><strong>post</strong></span> <span class='ocrx_word' id='word_1_888' title='bbox 2971 5617 3203 5665; x_wconf 88' lang='lat' dir='ltr'><strong>mortem</strong></span> <span class='ocrx_word' id='word_1_889' title='bbox 3231 5606 3562 5668; x_wconf 83' lang='lat' dir='ltr'><strong>Constantii,</strong></span> 
     </span>
    </p>
   </div>
   <div class='ocr_carea' id='block_1_128' title="bbox 1983 5679 2570 5752">
    <p class='ocr_par' dir='ltr' id='par_1_128' title="bbox 1983 5679 2570 5752">
     <span class='ocr_line' id='line_1_131' title="bbox 1983 5679 2570 5752; baseline -0.012 -11"><span class='ocrx_word' id='word_1_890' title='bbox 1983 5679 2272 5749; x_wconf 85' lang='lat' dir='ltr'><strong>imperium</strong></span> <span class='ocrx_word' id='word_1_891' title='bbox 2306 5679 2570 5752; x_wconf 27' lang='lat' dir='ltr'><strong>arripuit”</strong></span> 
     </span>
    </p>
   </div>
  </div>
