4210 6388
549 366 659 426 935

1255 353 1526 411 EUSEBII
1571 342 2058 408 CESABIENSIS
2095 339 2254 396 OPP.
2290 335 2474 393 PARS
2512 334 2558 391 l.
2600 364 2669 376 —-
2701 327 3108 387 HISTORICA.

3722 325 3830 381 956

555 500 708 541 suam
736 479 784 538 ei
817 479 990 533 denuo
1021 475 1307 536 exhibens,
1337 471 1576 542 providit
1605 477 1663 522 ut
1695 468 1926 522 ﬁliorum
1971 463 2142 531 ipsius

2253 453 2564 527 παραδόξων
2610 449 2760 521 αὐτῷ
2813 446 3044 517 ποιητὴς
3089 441 3410 513 ἀνεφαίνετο
3451 441 3663 514 ἔργων,
3701 441 3831 512 μέλ-

556 585 688 628 natu
741 569 1009 624 maximus
1049 564 1441 619 Constantinus
1490 559 1716 629 jamjam
1763 557 2028 610 morituro
2061 553 2132 608 ad

557 663 940 734 capessendum
977 657 1264 726 imperium
1313 662 1511 723 praesto
1541 658 1707 705 esset.

1135 824 1363 882 CAPUT
1422 822 1568 877 XIX.

563 929 636 984 De
667 928 778 997 ﬁlio
801 926 914 994 ejus
943 921 1310 997 Constantino,
1341 917 1429 997 qui
1471 916 1646 997 adhuc
1680 911 1981 990 adolescens
2030 923 2137 959 una

778 981 895 1050 cum
939 992 1266 1046 Diocletiano
1293 991 1346 1040 in
1381 986 1723 1039 Puta-stiriam
1763 981 1926 1034 renit.

630 1153 837 1221 Quippe
883 1150 972 1204 hic
1010 1162 1114 1201 una
1154 1158 1277 1200 cum
1341 1138 1764 1210 imperatoribus
1825 1133 1998 1204 patris
2055 1131 2138 1184 sui

561 1245 784 1312 collegis
815 1241 1160 1300 versabatur,
1187 1245 1242 1290 et
1265 1230 1720 1302 quemadmodum
1746 1238 1901 1282 vetus
1927 1223 2017 1278 ille
2045 1221 2140 1274 Dei

563 1310 822 1405 propheta
851 1329 1026 1383 Moses
1065 1327 1119 1379 in
1161 1323 1340 1378 medio
1367 1322 1605 1383 illorum,
1666 1318 1805 1372 sicut
1859 1313 1974 1382 jam
2002 1310 2139 1366 dixi-

565 1401 706 1491 mus,
733 1421 984 1491 degebat.
1015 1418 1256 1486 Cumque
1287 1422 1560 1469 transacta
1591 1407 1820 1479 pueritia
1862 1405 1976 1474 jam
2005 1401 2138 1456 ado-

565 1513 836 1571 lescentiae
878 1524 1050 1568 annos
1091 1508 1367 1577 ingressus
1395 1512 1559 1566 esset,
1591 1513 1802 1554 summo
1837 1496 1892 1549 in
1931 1495 2141 1548 honore

565 1607 706 1676 apud
733 1600 1075 1669 supradictus
1115 1598 1465 1666 imperatores
1496 1599 1630 1643 erat.
1697 1583 2007 1653 Cuiusmodi
2043 1594 2140 1633 nos

565 1670 781 1764 quoque
818 1704 940 1745 eum
972 1688 1220 1750 vidimus,
1253 1698 1375 1738 cum
1407 1696 1504 1752 per
1540 1677 1882 1733 Palaestinam
1921 1670 2141 1742 provin-

567 1787 705 1841 ciam
739 1782 997 1837 transiret
1024 1792 1128 1832 una
1165 1791 1287 1832 cum
1319 1773 1534 1828 seniore
1561 1771 1825 1838 Augusto.
1872 1765 1953 1820 Ad
1987 1764 2141 1834 cujus

567 1881 811 1932 dextram
855 1873 1140 1936 assistens,
1198 1866 1410 1922 cunctis
1459 1865 1551 1935 qui
1602 1859 1815 1916 videndi
1877 1855 2145 1912 desiderio
2177 1850 2218 1905 Β

567 1968 914 2030 tenebantur,
951 1962 1434 2034 praestantissimus
1480 1955 1796 2027 apparebat,
1840 1959 1894 2006 et
1931 1949 2023 2020 qui
2059 1963 2146 2003 re-

566 2061 667 2130 giae
709 2057 987 2128 cujusdam
1041 2052 1377 2110 celsitudinis
1422 2050 1588 2104 animi
1643 2047 1755 2117 jam
1797 2055 1909 2100 tum
1949 2043 2148 2098 indicia

566 2153 852 2222 prteberet.
893 2148 1030 2203 Nam
1060 2147 1207 2218 quod
1238 2145 1304 2198 ad
1353 2139 1812 2213 pulchritudinem
1850 2144 1907 2190 et
1954 2148 2148 2222 proce-

566 2221 786 2298 ritatem
841 2237 1088 2306 corporis
1138 2235 1357 2297 attinet,
1419 2243 1578 2284 nemo
1609 2236 1730 2282 erat
1763 2225 1854 2294 qui
1887 2239 2010 2278 cum
2059 2221 2149 2277 illo

567 2331 805 2390 conferri
851 2339 1052 2400 posset.
1080 2327 1187 2382 Sed
1241 2335 1296 2380 et
1323 2321 1520 2375 virium
1572 2319 1767 2374 robore
1819 2316 1956 2371 adeo
2006 2313 2149 2368 inter

567 2423 802 2494 aequales
831 2419 1123 2482 eminebat,
1167 2422 1224 2466 ut
1274 2412 1342 2465 ab
1389 2411 1495 2463 illis
1538 2408 1702 2462 etiam
1738 2404 2145 2459 formidaretur.

569 2511 748 2568 Animi
781 2524 914 2564 vero
943 2503 1244 2560 virtutibus
1274 2500 1443 2572 418
1490 2499 1649 2567 longe
1697 2495 1961 2550 illustrior
1987 2508 2148 2560 quam

571 2602 790 2657 dotibus
821 2597 1069 2666 corporis
1105 2594 1226 2648 fuit.
1258 2592 1335 2645 Ac
1367 2590 1597 2658 primum
1622 2585 1841 2654 quidem
1885 2582 2149 2637 modestia

573 2693 815 2747 animum
873 2685 1214 2745 exornavit:
1261 2681 1456 2736 deinde
1509 2676 1926 2732 humanioribus
1984 2673 2150 2728 disci-

573 2785 770 2854 plinis,
799 2791 855 2838 et
903 2792 1017 2836 tum
1061 2779 1247 2833 innata
1283 2773 1591 2845 prudentia,
1624 2779 1738 2823 tum
1771 2767 2038 2837 sapientia
2063 2764 2150 2818 di-

573 2877 775 2931 vinitus
803 2873 978 2929 infusa
1009 2886 1115 2927 non
1141 2865 1487 2922 mediocriter
1516 2879 1641 2918 eum
1681 2859 1936 2918 excoluit.

1157 2978 1386 3036 CAPUT
1441 2977 1560 3035 XX.

575 3077 950 3134 Constantinus
978 3083 1191 3144 propter
1239 3070 1639 3144 Diocletiani_et
1678 3064 1880 3121 Galerii
1926 3065 2152 3119 insidias

1029 3140 1112 3212 ad
1152 3154 1355 3211 patrem
1391 3140 1690 3195 revertitur.

643 3243 718 3297 At
760 3241 1117 3308 imperatores
1161 3235 1309 3290 illius
1358 3231 1642 3300 temporis,
1673 3242 1798 3283 cum
1835 3225 2152 3280 adolescen-

573 3344 683 3397 tem
705 3333 952 3388 viderent
994 3341 1316 3400 generosum
1357 3340 1422 3380 ac
1453 3324 1668 3387 fortem,
1703 3333 2070 3391 magnumque
2100 3328 2156 3374 et

573 3423 790 3479 excelso
823 3423 1005 3476 animo
1040 3419 1346 3488 praeditum,
1377 3415 1580 3470 invidia
1611 3411 1772 3468 simul
1803 3427 1868 3466 ac
1909 3420 2056 3466 metu
2085 3410 2154 3465 ob

575 3517 630 3572 id
678 3514 923 3586 torqueri
989 3526 1225 3581 coepere.
1285 3509 1472 3578 Itaque
1527 3515 1741 3575 tempus
1789 3514 2153 3574 opportunum

574 3609 885 3678 captabant,
923 3614 983 3660 ut
1023 3604 1165 3658 malo
1197 3610 1356 3671 atque
1402 3599 1693 3668 ignominia
1745 3597 2002 3667 juvenem
2043 3593 2155 3648 alii-

578 3709 790 3752 cerent.
815 3697 871 3752 ld
905 3695 1122 3765 juVenis
1152 3709 1273 3748 cum
1305 3691 1659 3747 intellexisset
1689 3689 1912 3761 (quippe
1949 3687 2158 3742 insidiae

577 3791 746 3846 semel
775 3800 937 3859 atque
967 3789 1162 3843 iterum
1191 3789 1240 3842 ei
1267 3792 1612 3853 comparatae,
1645 3781 1736 3834 Dei
1770 3792 1902 3834 nutu
1930 3779 2156 3833 detecta:

577 3880 817 3948 fuerant)
858 3877 978 3948 fuga
1009 3877 1239 3932 salutem
1269 3875 1372 3930 sibi
1399 3875 1688 3943 quaesivit;
1724 3885 1978 3940 magnum
2007 3868 2154 3920 illum

580 3973 896 4042 prophetam
925 3969 1126 4023 Mnsem
1156 3967 1210 4021 in
1227 3969 1327 4022 hoc
1343 3966 1506 4020 etiam
1530 3965 1791 4019 imitatus.
1819 3961 1990 4018 Porro
2019 3961 2157 4016 Deus

579 4067 638 4122 in'
662 4064 914 4120 omnibus
948 4062 1096 4116 illum
1129 4059 1366 4128 adjuvit;
1415 4055 1752 4127 providentia
1784 4069 1880 4110 sua
1916 4054 1994 4108 sic
2019 4069 2155 4107 cun-

577 4167 667 4214 cta
715 4156 1026 4225 disponens,
1083 4163 1139 4206 ut
1194 4151 1334 4222 patri
1381 4149 1448 4203 ad
1488 4149 1887 4204 successionem
1942 4145 2157 4216 imperii

578 4259 780 4324 praesto
807 4257 972 4305 esset.

2238 547 2384 600 λοντι
2406 543 2662 612 τελευτᾷν
2689 542 2782 594 τὸν
2807 538 3024 609 πρῶτον
3049 534 3158 588 τῶν
3186 534 3393 589 παίδων
3420 535 3832 588 Κωνσταντῖνον

2239 639 2318 700 εἰς
2366 634 2630 704 ὑποδοχὴν
2679 631 2780 700 τῆς
2835 626 3112 699 βασιλείας
3168 625 3421 694 παρεῖναι
3466 623 3832 696 οἰκονομησά-

2243 744 2422 798 μενος.

2765 811 3164 867 ΚΕΦΑΔΑΙΟΝ
3196 809 3298 865 ιΘν.

2239 911 2379 979 Περὶ
2413 880 2517 963 τοῦ
2562 907 2696 979 υἱοῦ
2734 903 3198 979 Κωνστᾳντροι)
3219 942 3233 966 ,
3268 901 3515 979 νεανίου
3547 901 3670 973 ἅμα
3708 905 3836 958 Διο-

2310 973 2612 1066 ἇιξητιανῷ
2654 979 2721 1030 τὸ
2753 976 2896 1044 πρὶν
2937 977 3023 1039 εἰς
3053 973 3476 1040 Παλαιστίνην
3501 986 3833 1043 παραγενο-

2304 1067 2521 1120 μενον.

2311 1143 2485 1212 Συνῆν
2521 1141 2618 1210 μὲν
2640 1138 2747 1210 γὰρ
2779 1132 2933 1200 οὗτος
2954 1137 3067 1198 τοῖς
3094 1134 3196 1204 τῆς
3222 1133 3502 1204 βασιλείας
3532 1139 3832 1203 κοινωνοῖς,

2240 1233 2334 1288 καὶ
2369 1233 2559 1304 μέσοις
2599 1231 2803 1292 αὐτοῖς,
2853 1228 2928 1290 ὼς
2978 1225 3212 1296 εἴρηται,
3260 1227 3380 1278 κατ’
3415 1225 3577 1278 αὐτὸν
3627 1229 3833 1282 ἐκεῖνον

2239 1327 2331 1379 τὸν
2392 1323 2618 1377 παλαιὸν
2685 1320 2778 1374 τοῦ
2847 1317 2980 1372 Θεοῦ
3043 1318 3330 1389 προφήτην
3387 1321 3486 1384 τὰς
3551 1321 3834 1393 διατριϐὰς

2241 1421 2494 1471 ἐποιεῖτο.
2530 1414 2669 1485 Ἤδη
2699 1413 2743 1465 δ’
2765 1413 2891 1483 ἄρτι
2917 1414 2982 1465 ὲκ
3012 1409 3206 1472 παιδὸς
3375 1411 3468 1463 ἐπὶ
3495 1410 3586 1464 τὸν
3614 1413 3834 1468 νεανίαν

2240 1510 2450 1574 διαϐάς,
2477 1508 2645 1579 τιμῆς
2673 1506 2772 1577 τῆς
2798 1502 3024 1578 πρώτης
3053 1504 3184 1573 παρ’
3223 1503 3406 1568 αὐτοῖς
3439 1503 3691 1574 ἠξιοῦτο·
3723 1502 3836 1561 οἷον

2241 1603 2403 1656 αὑτὸν
2444 1601 2538 1654 καὶ
2578 1601 2737 1671 ἡμεῖς
2785 1598 3054 1676 ἔγνωμεν,
3092 1595 3154 1648 τὸ
3215 1587 3592 1652 Παλαιστινῶν
3625 1599 3836 1670 διερχό-

2246 1710 2404 1764 μενον
2439 1692 2608 1755 ἕθνος,
2658 1691 2755 1744 σὺν
2787 1688 2866 1760 τῷ
2914 1685 3271 1760 πρεσϐυτέρῳ
3296 1686 3404 1740 τῶν
3439 1687 3705 1758 βασιλέων
3729 1729 3744 1753 ,
3773 1684 3834 1744 οὗ

2245 1784 2341 1837 καὶ
2389 1784 2482 1836 ἐπὶ
2533 1780 2684 1848 δεξιὰ
2740 1779 3049 1851 παρεστὼς,
3097 1781 3557 1852 περιφανέστατος
3612 1776 3680 1850 ἦν
3724 1784 3837 1843 τοῖς

2249 1878 2381 1946 ὁρᾷν
2433 1874 2698 1942 θέλουσιν,
2757 1868 2867 1936 οἷός
2923 1889 2982 1925 τε
3035 1871 3318 1942 βασιλικοῦ
3371 1874 3720 1943 φρονήματος
3775 1872 3836 1938 ἐξ

2250 1965 2454 2018 ἐκείνου
2494 1965 2765 2035 τεκμήρια
2817 1962 3093 2033 παρέχων.
3138 1960 3396 2032 Σώματος
3453 1961 3552 2031 μὲν
3597 1961 3705 2032 γὰρ
3757 1964 3838 2024 εἰς

2250 2055 2478 2118 κάλλους
2504 2054 2673 2128 ὤραν,
2703 2051 2965 2125 μεγέθους
2987 2070 3044 2105 τε
3065 2052 3282 2123 ἡλικίας
3315 2052 3424 2105 οὐδ’
3448 2047 3518 2124 ἦν
3551 2051 3700 2122 αύτῷ
3733 2069 3839 2104 πα-

2253 2146 2506 2219 ραϐαλεῖν
2539 2148 2748 2218 ἕτερον,
2792 2143 2952 2218 ῥώμῃ
2985 2143 3030 2198 δ’
3069 2145 3252 2215 ίσχύος
3283 2142 3538 2197 τοσοῦτον
3585 2144 3838 2198 ἐπλεονέ-

2251 2257 2368 2293 κτει
2406 2240 2531 2303 τοὺς
2570 2240 2858 2310 ὁμήλικας,
2914 2239 2990 2301 ὠς
3034 2238 3128 2290 καὶ
3174 2235 3403 2307 φοϐερὸν
3448 2235 3633 2300 αὐτοῖς
3675 2233 3836 2302 εἶναι,

2251 2333 2368 2394 ταῖς
2403 2330 2458 2382 δὲ
2488 2330 2628 2383 κατά
2661 2329 2836 2400 ψυχήν
2865 2329 3086 2400 ἀρεταῖς
3121 2326 3322 2397 μᾶλλον
3373 2326 3406 2396 ἢ
3447 2329 3560 2390 τοῖς
3595 2326 3738 2381 κατὰ
3776 2329 3840 2380 τὸ

2252 2421 2412 2490 σῶμα
2451 2421 2916 2492 πλεονεκτήμασιν
2947 2417 3292 2490 ὲνηϐρύνετο,
3328 2417 3649 2489 σωφροσύνῃ
3683 2418 3838 2490 πρώ-

2250 2529 2409 2565 τιστα
2446 2513 2544 2584 τὴν
2581 2513 2760 2583 ψυχὴν
2809 2509 3221 2581 κοσμούμενος,
3270 2509 3508 2564 κᾶπειτα
3557 2511 3839 2565 παιδεύσει

2251 2603 2460 2670 λόγων,
2494 2605 2752 2676 φρονήσει
2790 2604 2834 2656 τ’
2879 2603 3106 2672 ὲμφύτῳ
3155 2603 3248 2656 καὶ
3293 2606 3358 2674 τῇ
3410 2602 3636 2674 θεοδότῳ
3678 2605 3844 2678 σοφίᾳ

2253 2694 2615 2764 διαφερόντως
2657 2694 2952 2765 ἑκπρέπων
2993 2694 3127 2764 (59).

2783 2984 3179 3039 ΚΕΦΛΛΑΙΟΝ
3226 2988 3310 3040 K'.

2257 3071 2717 3146 Κωνστανεζνου
2751 3072 2902 3140 πρὸς
2933 3075 3038 3127 τὸν
3075 3075 3302 3145 πατέρα
3331 3077 3431 3132 διὰ
3471 3078 3580 3146 τὰς
3605 3079 3844 3137 ἐπιϐου-

2538 3144 2653 3207 λὰς
2692 3144 3120 3211 Διοκλητιανοῦ
3151 3144 3555 3220 ἀναχώρησις.

2327 3231 2539 3304 Γαῦρον
2571 3232 2634 3304 δὴ
2679 3228 2770 3286 οὖν
2800 3234 2892 3286 ἐπὶ
2920 3234 3150 3300 τούτοις,
3184 3237 3465 3308 ῥωμαλέον
3502 3257 3563 3292 τε
3599 3242 3693 3296 καὶ
3740 3242 3843 3311 μέ-

2258 3340 2380 3392 γαν,
2409 3323 2754 3394 φρονήματός
2783 3341 2844 3376 τε
2882 3326 3078 3395 μεστὸν
3102 3327 3192 3379 τὸν
3215 3329 3432 3383 νεανίαν
3460 3331 3510 3382 oi
3541 3333 3844 3402 τηνικαῦτα

2261 3415 2585 3485 κρατοῦντες
2607 3413 2888 3485 θεώμενοι,
2914 3417 3092 3486 φθόνῳ
3115 3419 3211 3472 καὶ
3235 3420 3384 3491 φόϐῳ
3403 3421 3513 3492 (60)
3534 3422 3838 3480 ἐϐάλλοντο.

2275 3503 2556 3558 Ἐντεῦθεν
2588 3506 2681 3558 καὶ
2712 3505 3146 3578 προστρίψασθαί
3185 3525 3237 3560 τι
3286 3507 3476 3579 μώμου
3525 3510 3674 3581 αὺτῷ
3723 3511 3844 3581 βου-

2264 3595 2476 3666 λόμενοι
2499 3595 2875 3665 ἐφυλάττοντο,
2907 3597 3094 3668 καιρὸν
3122 3597 3339 3653 εὔθετον
3362 3601 3742 3670 ἀναμένοντες.
3778 3605 3844 3656 ’Ὀ

2263 3688 2326 3758 δὴ
2356 3687 2774 3760 συναισθόμενος
2811 3691 2840 3742 ό
2870 3691 3103 3754 νεανίας,
3141 3691 3260 3743 ἐπεὶ
3303 3691 3399 3744 καὶ
3433 3692 3650 3762 πρῶτον
3693 3694 3845 3765 αύτῷ

2264 3779 2358 3832 καὶ
2385 3779 2633 3851 δεύτερον
2672 3779 2976 3851 κατάφωρα
3009 3781 3145 3834 Θεοῦ
3181 3783 3459 3836 συννεύσει
3491 3785 3559 3838 τὰ
3590 3785 3689 3857 τῆς
3725 3788 3846 3839 ἐπι-

2265 3870 2456 3942 ϐουλῆς
2486 3873 2750 3940 ἐγίγνετο,
2785 3877 2931 3944 φυγῇ
2957 3873 3055 3945 τὴν
3089 3876 3362 3944 σωτηρίαν
3395 3878 3702 3949 ἐπορίζετο,
3739 3882 3846 3934 κάν

2263 3962 2436 4034 τούτῳ
2472 3963 2564 4017 τοῦ
2608 3966 2846 4035 μεγάλου
2889 3968 3170 4038 προφήτου
3208 3969 3485 4034 Μωῦσέως
3523 3969 3584 4024 τὸ
3618 3972 3845 4043 μίμημα

2261 4053 2560 4119 διασώζων.
2597 4056 2670 4108 Τὸ
2709 4056 2766 4108 δὲ
2795 4058 2902 4110 πᾶν
2932 4057 3080 4128 αύτῷ
3124 4060 3493 4130 συνέπραττεν
3523 4063 3551 4114 ό
3586 4061 3740 4126 Θεὸς,
3774 4067 3842 4135 τῇ

2262 4146 2357 4200 τοῦ
2407 4147 2610 4218 πατρὸς
2647 4147 2862 4220 διαδοχῇ
2899 4150 3005 4220 (61)
3048 4151 3497 4223 προμηθούμενος
3532 4152 3694 4206 αὑτὸν
3721 4170 3849 4207 συν·-

2265 4256 2424 4292 ειναι.

652 4496 764 4567 (58)
808 4490 1178 4567 Ῡιιιεηβιζδη
1211 4489 1348 4567 ᾅχρι
1381 4487 1482 4567 καί
1515 4487 1764 4567 παιδόςλ
1801 4485 2158 4567 scribendum

2271 4487 2386 4567 _sed_
2420 4501 2548 4567 esse
2585 4487 2818 4567 conﬁcta
2869 4487 3211 4567 armillata
3269 4504 3335 4543 ex
3389 4489 3845 4567 interpretatione

580 4556 796 4620 videtur
831 4556 942 4636 ’ήδῆ
975 4556 1034 4636 δὲ
1070 4556 1195 4636 ἄρτι
1223 4556 1297 4636 ei
1320 4559 1530 4636 παιδός,
1578 4569 1684 4614 etc.
1725 4557 1886 4636 Certe
1927 4558 1979 4636 in
2015 4556 2162 4636 libro

585 4636 767 4691 Μοτιεὶ
807 4625 1072 4704 particula
1094 4625 1152 4685 δὲ
1178 4631 1248 4704 ad
1276 4631 1572 4704 marginem
1611 4629 1847 4704 ascripta
1877 4634 1996 4704 est._
2015 4625 2161 4704 Tur:

586 4707 760 4761 nebus
804 4696 870 4758 ad
906 4719 1060 4759 oram
1110 4703 1188 4755 sui
1241 4696 1442 4753 codicis
1483 4699 1872 4752 emendaverat
1915 4697 2008 4748 καὶ
2052 4696 2161 4748 ἀπὸ

587 4775 796 4838 παιδός.
824 4775 877 4827 In
905 4774 1088 4828 rodice
1111 4769 1243 4824 Fuk.
1276 4770 1471 4840 legitur
1494 4767 1598 4840 ήδη
1615 4767 1659 4820 δ’
1673 4768 1810 4840 -ἇχρι
1834 4765 1926 4840 καὶ
1950 4763 2158 4840 παιδός.

657 4836 770 4929 (β9)
825 4843 999 4929 Vulg...
1059 4836 1840 4929 Δμᾳφερόιίεςωςβικτρέφωη..
1885 4836 2032 4917 Lego
2069 4837 2163 4929 fx-

588 4907 836 4986 πρέπὼν,
862 4907 1212 4966 ιιιίὲιιεοὺίιιε
1237 4907 1381 4976 loqui
1411 4909 1572 4964 solet.
1599 4911 1777 4977 Atque
1807 4909 1880 4961 ita
1921 4907 1973 4960 in
2003 4907 2162 4958 sche-

588 4987 672 5040 dis
707 4984 902 5054 Regiis
919 4983 1238 5054 emendatur
1265 4983 1330 5054 ad
1361 4979 1680 5054 marginem.
1714 4977 1782 5054 ln_
1806 4977 1996 5054 codice
2017 4973 2159 5028 Fuk.

587 5045 846 5111 scribitur
884 5051 1146 5122 θεοσδότῳ
1179 5049 1341 5122 σοφίᾳ
1371 5045 1738 5122 διαφερόντως
1769 5045 2088 5122 εμπρὲπων.

661 5124 774 5195 (60)
806 5122 1009 5189 Φθόνῳ
1034 5115 1132 5195 θεαὶ
1161 5115 1505 5195 φόϐῴηΡΟει
1540 5115 1844 5195 Ιιιεςνενϋε
1885 5115 2164 5195 ponendus

589 5185 678 5252 est
705 5185 1019 5249 asteriscus.
1054 5185 1255 5246 Desunt
1278 5185 1424 5245 enim
1456 5187 1737 5252 nonnulla,
1764 5200 1883 5255 qua:
1910 5185 2158 5255 Christo-

589 5267 893 5336 pborsonus
939 5278 1044 5317 non
1098 5271 1246 5336 recte
1279 5258 1567 5336 supplevit.
1594 5253 1798 5336 Neque:
1821 5255 1967 5311 enim
2014 5253 2164 5336 Con-

589 5325 888 5392 stantinum
919 5331 1244 5388 contumelia
1273 5325 1508 5396 afﬁcere,
1547 5328 1642 5382 sed
1678 5325 1889 5394 penitus
1923 5339 1953 5379 e
1984 5325 2163 5396 medio

588 5405 781 5461 tollere
815 5404 1106 5459 studebant
1141 5394 1503 5470 imperatores
1540 5397 1915 5470 Diocletianus
1954 5405 2006 5447 et
2054 5394 2164 5470 Ca:

589 5476 776 5531 lerius.
805 5474 940 5530 Vide
972 5464 1237 5542 excerpta"
1252 5473 1322 5542 de
1351 5467 1525 5542 Gesti:
1560 5466 1914 5528 Constantini,
1940 5464 2163 5542 απαξ-ρει

591 5547 795 5613 calcem
841 5545 1019 5600 Amm.
1072 5532 1367 5613 Marcellini
1415 5539 1565 5613 edita
1602 5547 1752 5613 sunt,
1799 5543 1854 5589 et
1897 5532 2016 5613 (illa
2051 5532 2163 5587 illic

592 5607 986 5670 adnotavimus.
1010 5613 1148 5668 Olim
1181 5611 1398 5678 quidem
1423 5609 1677 5676 putabam
1704 5607 1891 5678 Graeca
1924 5604 2011 5657 illa
2041 5617 2162 5673 quae

593 5688 661 5738 ad
702 5685 1003 5753 marginem
1047 5677 1306 5737 editionis
1342 5678 1676 5753 Cenevensis
1724 5677 1959 5753 ascripta
2001 5683 2158 5740 sunt,
2201 5734 2212 5741 ,

595 5769 702 5811 non
729 5767 799 5838 ex
822 5746 1075 5823 quopiam
1100 5750 1471 5820 manuscripto
1494 5747 1683 5805 codice
1706 5746 1992 5816 desumpta
2016 5758 2136 5802 esse

2271 4557 2458 4638 Latina
2489 4557 3132 4638 Cltristophorsoni._Sed
3165 4569 3452 4638 postquam
3483 4557 3844 4638 Fuketianum

2265 4628 2510 4681 codicem
2527 4637 2736 4708 .naetus
2767 4644 2907 4708 sum,
2940 4629 3115 4708 reipsa
3137 4631 3339 4708 ‘didici,
3369 4645 3464 4684 eas
3488 4631 3748 4685 lectiones
3775 4650 3845 4687 ex

2266 4700 2654 4767 tnanuscriptis
2679 4700 3087 4767 exemplaribus
3119 4701 3464 4767 depromptas
3515 4715 3656 4756 esse.
3685 4702 3846 4757 Certe

2265 4768 2431 4822 codex
2474 4766 2686 4820 Fultetii
2731 4769 2871 4820 hunc
2914 4769 3087 4822 locum
3133 4769 3208 4821 it'a
3258 4766 3521 4836 scriptum
3565 4771 3789 4826 exhibet
3826 4788 3842 4826 :

2263 4837 2466 4913 (Novio
2492 4837 2584 4890 καὶ
2613 4836 2762 4913 φόϐῳ
2809 4837 3131 4913 teamng
3165 4838 3544 4913 ἐντεῦθεν-καὶ
3578 4844 3844 4913 προστρί-

2263 4905 2548 4978 augeat“
2579 4905 2769 4978 μώμου
2797 4908 2944 4978 αὐτῷ
2977 4908 3288 4978 βουλόμενοι
3320 4905 3699 4978 ἐφυλάττοντο,
3729 4905 3849 4966 και-

2291 4976 3050 5058 ξδψεῦθετόηᾲναμένοὲιῇςτ
3101 4976 3258 5058 όξδή,
3301 4976 3408 5058 etc.
3453 4978 3531 5058 Ita
3574 4984 3740 5058 e_tia_m_
3786 4984 3843 5037 in

2289 5048 2418 5128 ibris
2455 5047 2787 5128 Turnebiae
2815 5049 3005 5102 Savilii
3045 5047 3308 5128 scriptum
3352 5051 3554 5128 inveni.
3586 5053 3694 5128 sed
3727 5053 3847 5108 haec

2267 5116 2430 5200 lectio
2445 5116 2588 5200 licet
2617 5119 2944 5200 scriptorum
2977 5116 3225 5172 codicum
3253 5120 3581 5200 auctoritate
3606 5122 3844 5188 nitatur,

2267 5188 2400 5242 mihi
2441 5196 2621 5242 tamen
2655 5203 2762 5242 non
2786 5189 3001 5243 videtur
3035 5205 3155 5244 esse
3191 5191 3449 5260 genuina,
3487 5199 3598 5242 tum
3627 5192 3696 5245 ob
3722 5205 3843 5246 eam

2267 5271 2684 5379 ﬁgim‘quam
2724 5273 2889 5328 supra
2932 5261 3111 5325 attuli,
3159 5267 3271 5313 tum
3305 5262 3375 5316 ob
3418 5260 3711 5316 verborqu
3757 5263 3847 5317 in-

2435 5345 2464 5379 ll
2499 5344 2629 5379 tam.

2271 5338 2629 5382 eteaanttam.

2334 5396 2448 5484 (ﬁt)
2491 5396 2715 5484 Tii‘tm?
2757 5398 3288 5484 narpdcdiadoxﬁ.
3333 5399 3556 5484 mallem
3601 5400 3848 5484 scribere

2264 5465 2518 5542 διαθήκῃ.
2550 5465 2897 5542 Constantius
2925 5469 3068 5542 enim
3117 5465 3500 5542 testamentum
3547 5485 3704 5525 suum
3727 5472 3844 5542 jam

2265 5537 2554 5618 condebat,
2598 5537 3340 5618 cumIConstantiuushﬁlius
3389 5541 3456 5595 ad
3505 5544 3681 5610 ipsum
3726 5537 3845 5618 per.

2265 5610 2432 5670 venit,
2486 5620 2540 5661 ut
2586 5609 2778 5664 scribit
2803 5608 3140 5678 Nicephorius
3170 5609 3224 5663 in
3265 5611 3404 5664 libro
3441 5608 3540 5674 vn,
3575 5626 3695 5678 cap.
3727 5608 3839 5668 ’18.

2262 5678 2388 5735 Mox
2419 5679 2700 5749 legendum
2737 5680 2951 5736 videtur
2976 5682 3252 5752 παρεῖναι,
3283 5696 3390 5739 non
3430 5683 3695 5738 συνεῖναι.
