4210 6392
533 348 642 411 959

1097 462 1323 520 CAPUT
1369 464 1554 520 XXIII.

638 582 900 639 lnteritua
959 591 1303 653 tyrannorum
1352 581 1519 635 brevis
1561 584 2004 636 commemoratio.

600 717 792 787 Qualis
823 730 956 772 vero
985 715 1167 771 exitus
1216 714 1382 768 fuerit
1436 712 1663 768 aliorum
1699 712 1790 782 qui
1839 712 2111 768 Ecclesias

533 809 627 865 Dei
648 821 904 880 tanquam
932 807 1139 861 indicto
1168 805 1310 860 bello
1337 813 1738 875 oppugnarunt,
1769 820 2108 875 nequaquam

533 901 621 957 hic
662 898 1194 955 commemorandum
1242 911 1365 952 esse
1392 897 1542 960 duxi,
1572 911 1672 950 nec
1706 895 1970 951 bonorum
1998 910 2113 950 me-

532 994 783 1057 moriam,
830 991 1095 1046 malorum
1153 997 1364 1043 attexta
1415 989 1936 1043 commemoratione
1989 1000 2110 1042 esse

528 1085 859 1141 violandam.
894 1081 1181 1137 Sumciunt
1208 1091 1359 1135 certe
1405 1094 1493 1134 res
1528 1078 1678 1147 ipsae,
1707 1078 1773 1133 ad
1810 1077 2109 1147 reprimen-

531 1176 629 1232 dos
666 1187 720 1229 et
747 1175 799 1228 in
822 1171 998 1229 ofﬁcio
1028 1169 1385 1226 continendos
1416 1183 1511 1223 eos
1526 1169 1616 1237 qui
1635 1181 1854 1222 scenam
1892 1183 2107 1222 omnem

530 1263 905 1320 calamitatum
930 1276 1051 1330 quae
1080 1258 1308 1329 singulis
1338 1258 1555 1313 illorum
1601 1258 1938 1326 acciderunt,
1980 1259 2108 1329 ipsis

530 1358 705 1413 oculis
729 1368 892 1426 atque
917 1353 1141 1407 auribus
1171 1366 1450 1419 accepere.

1080 1441 1307 1497 CAPUT
1349 1440 1535 1495 XXIV.

600 1539 758 1606 Quod
811 1536 1191 1592 Constantinus
1241 1535 1516 1602 imperium
1567 1533 1665 1589 Dei
1708 1535 1927 1588 arbitrio
1968 1535 2035 1589 ait

1152 1614 1484 1661 consecutus.

601 1701 658 1756 In
693 1700 840 1756 hunc
890 1697 1109 1752 modum
1154 1696 1528 1750 universorum
1583 1705 1777 1752 auctor
1817 1704 1874 1752 et
1940 1696 2105 1752 totius

1244 342 1514 403 EUSEBII
1551 341 2030 405 CAESARIENSIS
2068 344 2217 404 OPP.
2261 346 2440 402 PARS
2477 344 2516 400 1.
2558 377 2626 387 -
2665 343 3059 402 HISTORICA.

2135 473 2187 530 Α

3687 343 3792 398 940

2704 463 3091 518 ΚΕΦΑΛΑΙΟΝ
3132 460 3261 515 Kl".

2262 557 2659 628 Καταστροςεὴ
2712 556 2831 611 τῶν
2864 554 3187 679 ίἷῖράννων
3226 552 3302 606 δι’
3345 550 3744 620 ὑπομνήσεως

2942 644 3096 696 ιγηςο

2282 719 2402 773 Τῶν
2431 719 2488 772 δὲ
2516 719 2688 774 ἄλλων
2719 717 2835 771 ὅσοι
2862 716 2961 781 τὰς
2990 716 3285 786 ἐκκλησίας
3325 714 3420 768 τοῦ
3454 711 3588 766 Θεοῦ
3632 710 3794 765 πολέ-

2214 829 2315 883 μου
2348 811 2497 882 νόμῳ
2526 810 2808 881 μετῆλθον,
2834 812 2934 874 τὰς
2958 808 3054 863 τοῦ
3096 808 3213 879 βίου
3251 803 3659 878 καταστροφάς,
3690 805 3792 858 οὐκ

2210 900 2345 957 εἶναι
2379 903 2588 974 πρέπον
2623 903 2811 974 ἔκρινα
2844 902 2921 974 τῷ
2968 902 3195 973 παρόντι
3229 899 3563 972 παραδοῦναι
3597 898 3791 970 διηγή-

2213 1011 2364 1065 ματι,
2395 993 2513 1046 οὐδὲ
2539 993 2638 1057 τὰς
2660 992 2769 1045 τῶν
2798 992 3017 1061 ἀγαθῶν
3050 993 3271 1064 μνήμας
3296 994 3361 1062 τῇ
3394 990 3502 1044 τῶν
3532 989 3791 1043 ἐναντίων

2211 1085 2509 1156 παραθέσει
2545 1085 2797 1155 μιαίνειν.
2839 1087 3105 1157 Ἀπαρκεῖ
3134 1085 3192 1139 δὲ
3224 1086 3257 1156 ἡ
3283 1084 3393 1138 τῶν
3425 1083 3601 1155 ἔργων
3628 1085 3791 1154 πεῖρα

2209 1177 2344 1248 πρὸς
2371 1177 2746 1249 σωφρονισμὸν
2800 1176 2909 1231 τῶν
2940 1178 3131 1241 αὑταῖς
3162 1176 3317 1247 ὄψεσι
3347 1177 3442 1230 καὶ
3469 1177 3658 1237 ἀκοαῖς
3689 1173 3789 1243 τὴν

2207 1271 2317 1325 τῶν
2348 1272 2564 1343 ἑκάστῳ
2594 1270 3019 1343 συμϐεϐηκότων
3048 1268 3462 1341 παρειληφότων
3493 1265 3751 1338 ἱστορίαν.

2715 1449 3111 1502 ΚΕΦΑΛᾹΙΟΝ
3144 1449 3270 1502 ΚΔ’.

2267 1539 2387 1593 Ὀτι
2426 1539 2731 1605 βουλήσει
2780 1541 2931 1594 Θεοῦ
2962 1538 3418 1605 Κωνσταντῖνος
3463 1540 3612 1609 ἔσχε
3656 1537 3727 1591 τὸ

2799 1612 3179 1675 βασιλεύειν.

2279 1697 2437 1753 Οὕτω
2481 1700 2548 1771 δὴ
2586 1701 2991 1753 Κωνσταντῖνον
3039 1698 3282 1753 τοιούτου
3338 1698 3513 1768 φύντα
3559 1696 3788 1770 πατρὸς,

530 1792 723 1849 mundi
757 1790 1067 1845 moderator
1111 1789 1250 1841 Deus
1298 1786 1711 1841 Constantinum
1764 1787 1854 1843 tali
1881 1799 2104 1857 parente

2209 1792 2442 1863 ἄρχοντα
2489 1793 2583 1845 καὶ
2634 1792 2983 1864 καθηγεμόνα
3032 1794 3061 1845 ό
3095 1792 3204 1846 τῶν
3251 1792 3388 1845 ὅλων
3418 1790 3571 1856 Θεὸς,
3620 1791 3650 1842 ό
3691 1789 3788 1843 τοῦ

534 1885 799 1957 genitum,
861 1881 1027 1955 520
1072 1879 1371 1950 principem
1406 1889 1572 1948 atque
1601 1879 1980 1948 imperatorem
2011 1894 2107 1947 per

532 1993 593 2033 se
624 1978 740 2046 ipse
777 1974 1062 2045 provexit:
1089 1971 1224 2027 adeo
1263 1982 1341 2036 ut,
1365 1986 1488 2025 eum
1532 1971 1715 2025 caeteri
1761 1986 1951 2025 omnes
1972 1970 2106 2026 alio-

530 2087 649 2127 rum
676 2068 939 2139 suﬂragio
972 2067 1116 2121 hunc
1161 2066 1423 2122 honorem
1461 2066 1739 2121 consecuti
1780 2066 1909 2130 sint,
1959 2066 2108 2122 solus

530 2163 618 2218 hic
676 2159 840 2215 fuerit
886 2158 955 2215 de
1000 2157 1157 2226 cujus
1213 2156 1559 2228 promotione
1609 2170 1772 2212 nemo
1800 2157 2106 2212 mortalium

527 2254 877 2326 gloriaretur.

1092 2337 1324 2395 CAPUT
1369 2338 1540 2397 XXV.

632 2451 972 2509 Constantini
1000 2452 1064 2505 de
1095 2450 1369 2505 Britannia
1396 2461 1444 2504 et
1478 2450 1720 2505 barbaris
1749 2453 1999 2507 uictoriae.

597 2591 890 2660 Postquam
945 2588 1113 2660 igitur
1170 2589 1221 2643 in
1266 2587 1497 2656 imperio
1549 2586 1795 2642 firmatus
1833 2599 1949 2657 est,
1993 2589 2107 2657 pri-

527 2698 677 2738 mum
729 2681 947 2749 quidem
996 2679 1212 2750 imperii
1250 2679 1501 2749 partibus
1549 2679 1651 2733 sibi
1691 2693 1721 2732 a
1759 2688 1913 2749 patre
1959 2692 2109 2734 tran-

527 2774 749 2843 scriptis
782 2773 1093 2842 prospicere
1118 2774 1315 2840 erepit;
1344 2773 1623 2826 universas
1654 2772 1959 2840 provincias
1987 2789 2107 2843 qua

528 2877 692 2924 antea
750 2866 853 2919 sub
904 2864 1075 2933 patris
1128 2862 1599 2918 administratione
1667 2861 1913 2926 fuerant,
1983 2880 2104 2918 cum

530 2971 741 3011 summa
769 2954 1104 3008 humanitate
1134 2953 1488 3023 perlustrans.
1507 2950 1609 3004 Sed
1642 2962 1697 3006 et
1728 2953 1987 3009 barbaros
2013 2954 2105 3023 qui

529 3049 597 3104 ad
631 3048 882 3102 Rhenum
915 3056 970 3101 et
1005 3046 1393 3101 occidentalem
1425 3062 1689 3101 oceanum
1727 3046 1886 3114 positi
1936 3062 2106 3102 novos

528 3151 707 3196 motus
735 3139 1016 3194 concitare
1045 3137 1159 3191 ausi
1196 3146 1398 3200 essent,
1455 3149 1679 3191 cunctos
1718 3152 1830 3191 suae
1858 3138 2106 3192 domina--

532 3234 665 3290 tioui
701 3231 1015 3299 subjiciens,
1049 3245 1116 3283 ex
1158 3227 1290 3283 feris
1324 3240 1640 3284 mansuetos
1673 3230 1927 3283 reddidit.
1952 3230 2105 3286 Alios

527 3341 661 3381 vero
692 3324 990 3393 reprimere
1010 3331 1324 3387 contentus,
1357 3330 1611 3390 tauquam
1640 3320 1783 3374 feras
1818 3321 2018 3376 bestias
2039 3323 2107 3378 ab

529 3417 741 3485 imperii
787 3416 872 3470 sui
922 3415 1122 3469 ﬁnibus
1177 3413 1473 3469 absterruit
1509 3429 1521 3465 :
1558 3428 1652 3467 eos
1680 3413 1933 3468 videlicet
1971 3431 2108 3485 quo-

530 3525 649 3563 rum
697 3506 1025 3562 insanabiles
1060 3504 1271 3558 animos
1298 3504 1367 3558 ad
1404 3503 1752 3572 tranquillam
1785 3513 1839 3556 et
1868 3507 2106 3573 quietem

528 3600 746 3656 vivendi
794 3600 1063 3653 rationem
1108 3596 1319 3650 traduci
1358 3595 1504 3650 nullo
1537 3596 1696 3651 modo
1742 3611 1900 3666 posse
1935 3597 2108 3650 anim-

530 3694 858 3748 adverterat.
901 3690 1108 3756 Quibus
1168 3703 1234 3742 ex
1295 3687 1460 3741 animi
1506 3691 1773 3742 sententia
1820 3688 2103 3753 coniectis,

532 3784 770 3853 reliquas
806 3783 958 3836 orbis
988 3792 1170 3851 partes
1202 3781 1303 3835 sibi
1347 3781 1418 3835 ob
1449 3782 1635 3837 oculos
1664 3795 1988 3850 proponens,
2021 3782 2107 3834 in-

532 3881 686 3933 terim
716 3878 936 3948 quidem
965 3879 1226 3931 adversus
1246 3875 1589 3930 Britannicas
1621 3884 1809 3944 gentes
1832 3875 1884 3928 in
1916 3874 2107 3928 intimo

527 3968 718 4025 oceani
773 3982 989 4023 recessu
1038 3968 1169 4022 sitas
1222 3967 1458 4036 trajecit.
1497 3965 1598 4019 Eas
1633 3978 1766 4019 vero
1803 3979 1927 4019 cum
1974 3962 2105 4015 sub-

526 4062 754 4132 egisset,
804 4062 870 4115 ad
906 4060 1047 4115 alias
1082 4061 1266 4115 mundi
1302 4071 1483 4129 partes
1513 4058 1700 4113 oculos
1728 4054 2016 4121 convertit,
2048 4062 2104 4106 ut

527 4174 593 4213 ea
622 4172 741 4225 quae
779 4155 983 4210 auxilio
1017 4154 1182 4223 ipsius
1212 4154 1547 4223 indigebant,
1579 4155 1917 4222 persauaret.

1090 4242 1317 4299 CAPUT
1355 4239 1543 4297 XXVI.

599 4337 876 4405 Quomodo
925 4336 1146 4391 Romam
1165 4334 1433 4460 dMazentii
1485 4330 1765 4403 tyrannide
1808 4329 2034 4383 liberare

1204 4415 1468 4460 ecreverit.

1204 4415 1468 4460 ecrevertt.

2212 1887 2526 1957 σύμπαντος
2558 1885 2764 1955 κόσμου
2804 1884 3065 1955 πρύτανις
3091 1925 3106 1946 ,
3139 1883 3205 1963 διξ
3233 1882 3425 1935 ἑαυτοῦ
3476 1881 3787 1954 προεχειρί-

2209 1977 2361 2046 ζετο,
2401 1979 2476 2044 ὡς
2512 1979 2713 2050 μηδένα
2760 1976 3063 2050 ἀνθρώπων
3109 1978 3271 2047 μόνου
3320 1975 3475 2029 τοῦδε
3520 1976 3617 2047 τὴν
3649 1992 3787 2047 προ-

2208 2071 2429 2142 αγωγὴν
2463 2071 2571 2142 (65)
2599 2070 2855 2141 αὐχῆσαι,
2884 2068 2991 2124 τῶν
3021 2068 3205 2123 ἄλλων
3224 2068 3284 2132 ἐξ
3307 2067 3634 2138 ἐπικρίσεως
3669 2065 3788 2121 ἐτό-

2211 2180 2320 2234 ρων
2345 2164 2443 2234 τῆς
2469 2162 2636 2233 τιμῆς
2668 2160 3007 2233 ἠξιωμένων.

2705 2336 3105 2389 ΚΕΦΑΛΑΙΟΝ
3142 2336 3270 2389 ΚΕ’.

2208 2429 2666 2485 Κωνσταντίνου
2714 2429 2865 2483 κατὰ
2914 2408 3239 2551 eam:de
3292 2425 3391 2480 καὶ
3438 2425 3788 2495 Βρεττανῶν

2901 2516 2939 2551 ν
2965 2515 3082 2551 και.

2901 2515 3082 2552 νικαι.

2291 2594 2379 2658 Ὠς
2416 2588 2509 2647 οὖν
2542 2594 2636 2647 ἐπὶ
2673 2592 2774 2662 τῆς
2826 2590 3102 2662 βασιλείας
3138 2588 3353 2661 ἵδρυτο,
3391 2590 3526 2653 τέως
3560 2590 3659 2661 μὲν
3687 2591 3786 2662 τῆς

2208 2684 2481 2756 πατρικῆς
2510 2683 2759 2756 προενόει
2790 2681 3016 2752 λήξεως,
3050 2679 3364 2733 ἐπισκοπῶν
3395 2680 3490 2731 σὺν
3517 2680 3685 2752 πολλῇ
3718 2682 3788 2752 τῇ

2208 2773 2586 2844 φιλανθρωπίᾳ
2620 2771 2779 2825 πάνθ’
2812 2771 2912 2824 ὅσα
2940 2770 3204 2841 πρότερον
3246 2768 3374 2839 ἔθνη
3418 2768 3528 2839 (66)
3574 2768 3680 2821 ὑπὸ
3718 2771 3787 2842 τῇ

2205 2867 2299 2919 τοῦ
2343 2866 2547 2938 πατρὸς
2594 2864 2758 2936 μοίρᾳ
2806 2863 3224 2933 διεκυϐέρνᾶτο,
3263 2862 3364 2915 ὅσα
3393 2878 3452 2914 τε
3483 2862 3614 2933 γένη
3651 2861 3787 2933 βαρ-

2209 2958 2410 3030 βάρων,
2445 2958 2552 3011 τῶν
2586 2957 2730 3027 ἀμφὶ
2744 2956 2930 3026 Ῥῆνον
2961 2954 3222 3025 ποταμὸν,
3250 2954 3501 3025 έσπέριόν
3528 2971 3587 3006 τε
3619 2953 3792 3009 ὠκεα-

2206 3051 2297 3104 νὸν
2339 3048 2610 3112 οἰκοῦντα,
2669 3047 2974 3111 στασιάζειν
3004 3046 3227 3117 ἐτόλμα,
3263 3046 3420 3099 πάνθ’
3449 3047 3786 3113 ὑποτάττων,

2206 3143 2391 3215 ἥμερα
2416 3141 2474 3208 ἐξ
2507 3140 2813 3194 ἀτιθάσσων
2845 3138 3237 3210 κατειργάζετο
3255 3179 3269 3203 ,
3300 3137 3434 3192 ἄλλα
3462 3138 3506 3190 δ’
3530 3138 3790 3192 ἀναστέλ·

2207 3234 2337 3298 λων,
2368 3233 2555 3305 ὥσπερ
2586 3235 2741 3296 τινὰς
2776 3233 2947 3304 θῆρας
2989 3232 3235 3304 ἀγρίους,
3278 3230 3533 3285 ἀπεσόϐει
3571 3231 3672 3301 τῆς
3706 3235 3788 3286 οἰ·-

2207 3328 2379 3391 κείας,
2404 3328 2503 3381 ὅσα
2534 3345 2639 3399 περ
2671 3327 2905 3389 ἀνιάτως
2933 3325 3123 3395 ἔχοντα
3150 3325 3284 3396 πρὸς
3310 3324 3517 3396 ἡμέρου
3547 3324 3661 3394 βίου
3699 3343 3789 3381 κα-

2206 3421 2465 3474 τάστασιν
2513 3419 2679 3493 ἑώρα.
2740 3419 2898 3472 Ἐπεὶ
2948 3419 3004 3471 δὲ
3053 3417 3225 3472 ταῦτα
3267 3417 3410 3471 κατά
3459 3418 3619 3487 λόγον
3675 3418 3786 3490 (67)

2207 3512 2383 3565 ἔκειτο
2414 3512 2584 3582 αὐτῷ,
2618 3510 2717 3575 τὰς
2749 3510 2941 3574 λοιπὰς
2973 3510 3073 3580 τῆς
3117 3509 3441 3580 οἰκουμένης
3469 3509 3649 3581 λήξεις
3681 3511 3789 3582 πρὸ

2205 3604 2496 3675 ὀφθαλμῶν
2526 3604 2769 3674 θέμενος,
2796 3603 2935 3666 τέως
2967 3601 3067 3673 μὲν
3100 3602 3192 3653 ἐπὶ
3222 3601 3288 3654 τὰ
3312 3601 3627 3673 Βρεττανῶν
3656 3601 3786 3676 ἔθνη

2207 3694 2318 3765 (68)
2350 3694 2634 3758 διέϐαινεν,
2668 3692 2814 3746 ἔνδον
2846 3691 2933 3744 ἐπ’
2961 3689 3108 3760 αὐτῷ
3140 3690 3365 3761 κείμενα
3396 3690 3642 3762 ὠκεανῷ,
3679 3709 3785 3745 πα-

2209 3787 2615 3859 ραστησάμενος
2657 3786 2715 3838 δὲ
2764 3784 2957 3849 ταῦτα,
3005 3782 3281 3837 διεσκόπει
3327 3782 3425 3846 τὰς
3455 3783 3647 3855 ἐτέρας
3687 3783 3787 3838 τοῦ

2207 3879 2406 3943 παντὸς
2458 3880 2673 3950 μοίρας,
2716 3878 2792 3941 ὡς
2835 3878 2901 3930 ἂν
2935 3875 3228 3946 θεραπεύοι
3269 3875 3338 3930 τά
3373 3874 3624 3947 βοηθείας
3669 3875 3788 3932 δεό-

2209 3987 2364 4041 μενα.

2699 4234 3097 4291 ΚΕΦΑΛΑΙΟΝ
3135 4233 3280 4303 Kq'.

2208 4356 2398 4421 Ὅπως
2425 4351 2654 4421 Ῥώμην
2674 4349 3074 4419 ἐλευθερῶσαι
3096 4349 3431 4414 Μαξεντίου
3458 4348 3780 4417 προῄρητο.

596 4502 843 4559 Posthac
870 4501 1187 4557 universqu
1231 4509 1502 4553 terrarum
1536 4494 1722 4549 orbem
1762 4492 1935 4546 instar
1964 4490 2099 4544 vasti

2275 4486 2390 4545 Εἶθ’
2429 4489 2617 4561 ὥσπερ
2664 4489 2805 4560 μέγα
2844 4488 3021 4560 σῶμα,
3062 4487 3124 4542 τὺ
3165 4488 3273 4541 πᾶν
3316 4486 3418 4558 τῆς
3459 4486 3784 4558 οἰκουμένης

527 4597 809 4668 cujusdam
839 4593 1088 4663 corporis
1113 4592 1300 4646 animo
1339 4588 1673 4656 complexus,
1717 4585 2000 4653 ipsamque
2024 4593 2103 4638 to—

2210 4584 2468 4654 ὲννοήσας
2505 4584 2764 4651 στοιχεῖον
2790 4620 2805 4646 ,
2852 4581 3087 4633 κᾶπειτα
3116 4580 3215 4651 τὴν
3254 4578 3348 4631 τοῦ
3386 4578 3586 4641 παντὸς
3620 4593 3784 4646 κεφα-

527 4691 635 4744 tius
668 4691 850 4743 mundi
881 4698 1043 4757 caput
1071 4696 1127 4740 et
1159 4682 1372 4753 imperii
1413 4679 1641 4734 Romani
1683 4677 2098 4733 dominatricem

527 4782 738 4844 urbem,
788 4782 1068 4852 tyratmica
1107 4774 1480 4829 dominatione
1526 4783 1842 4839 oppressam
1883 4766 2100 4835 conspi-

596 4897 709 4966 (65)
750 4893 933 4963 ang.,
950 4892 1093 4966 Thr
1112 4884 1543 4966 apoaawrrir._
1561 4884 1920 4941 Scribeudnm
1950 4882 2093 4966 vide-

528 4953 616 5021 tur
667 4953 1040 5036 πῳαγῷγήνξ
1083 4953 1270 5036 ἱιΓοει
1315 4953 1732 5036 pronuntiantem,
1787 4953 2091 5036 προκοπήν.

524 5027 811 5105 Atque'ita
827 5027 1125 5105 "Turnebus
1148 5032 1215 5085 ad
1242 5027 1394 5084 oram
1426 5029 1506 5081 sui
1536 5027 1740 5081 codicis
1761 5027 2093 5085 emendant,

527 5119 586 5160 ut
616 5104 801 5173 postea
842 5104 1103 5173 comperi.

599 5159 709 5244 (66)
782 5159 1383 5244 Ἐπισθὶοπῶνηξθνψ
1442 5159 1535 5244 _Sic
1587 5163 1852 5244 Eusebius
1900 5175 2095 5244 vocare

526 5233 665 5302 solet
692 5233 1001 5314 provincias
1026 5233 1487 5314 populihomaui,
1512 5248 1569 5314 ut
1591 5235 1934 5314 explnri‘hus
1958 5233 2094 5286 locis

526 5305 747 5385 probari
785 5313 944 5367 facile
975 5305 1171 5385 potest.
1202 5312 1294 5363 Διι
1322 5310 1486 5385 igitur
1514 5305 2093 5385 .liusebinsﬁonsmn-

529 5373 728 5449 linum,
764 5385 924 5437 simul
956 5373 1118 5449 atque
1150 5373 1433 5448 imperium
1480 5377 1597 5445 ejus
1638 5373 1935 5449 stabilitnm
1986 5381 2095 5435 est,

528 5445 838 5527 provincias
868 5445 1060 5527 omnes
1104 5445 1357 5527 grue—sub
1393 5449 1622 5527 imperio
1646 5445 2092 5527 .pa‘trisd’nerant,

527 5512 813 5595 diligenter
833 5525 1054 5579 obiisse.
1098 5512 1251 5587 Quod
1287 5535 1393 5572 non
1423 5512 1685 5571 intellexit
1708 5512 2096 5581 ChristOphor-

525 5610 712 5734 “2'33
751 5664 914 5719 Κατὰ
943 5661 1150 5734 λόγον.
1193 5658 1304 5734 Hoc
1330 5658 1449 5734 loco
1485 5654 1635 5734 nata
1656 5651 1981 5734 magna...
2010 5650 2093 5732 γε-

2205 4674 2322 4747 λὴν,
2367 4673 2468 4743 τῆς
2509 4670 2794 4742 Ῥωμαίων
2830 4670 3004 4742 ἀρχῆς
3048 4671 3146 4741 τὴν
3185 4668 3569 4740 βασιλεύουσαν
3602 4668 3779 4734 πόλιν,

2205 4767 2499 4837 τυραννικῇ
2539 4762 2755 4832 δουλείᾳ
2784 4760 3007 4815 συνιδὼν
3041 4759 3491 4831 καθυπηγμένην,
3530 4758 3783 4829 παρεχώ-

2203 4891 2377 4935 totum
2400 4887 2563 4944 caput
2585 4892 2778 4946 parum
2814 4875 3045 4929 feliciter
3077 4876 3465 4946 interpretatus
3489 4882 3592 4946 est:

2274 4949 2385 5021 (68)
2432 4942 2723 5015 Τέωξμὲν
2745 4946 2851 5021 ἐπὶ.
2871 4948 2943 5021 τὰ
2971 4942 3322 5021 βρεξτακῶις
3357 4946 3521 5011 ἔθνη.
3569 4942 3643 4998 De
3673 4942 3777 4998 hac

2206 5014 2521 5088 traiectione
2577 5014 2914 5088 Gottstantini
2969 5016 3024 5088 in
3076 5014 3439 5088 Britanniam,
3489 5028 3647 5088 nemo
3704 5028 3774 5067 ex

2204 5083 2479 5145 veteribus
2503 5087 2797 5155 quidquam
2834 5087 3072 5156 scripsit.
3092 5084 3281 5153 Itaque
3306 5083 3422 5151 ejus
3455 5085 3532 5137 rei
3563 5096 3775 5136 memo-

2207 5162 2343 5214 riam
2388 5161 2488 5212 soli
2523 5159 2760 5212 Eusebio
2794 5158 3078 5216 debemus,
3125 5157 3216 5221 qui
3259 5165 3314 5209 et
3357 5156 3529 5224 ipsum
3564 5163 3777 5224 tempus

2204 5245 2314 5284 non
2360 5232 2592 5283 obscure
2645 5232 2745 5282 hoc
2789 5227 2906 5280 loco
2952 5223 3509 5293 sublndieatzp’aulo
3556 5223 3775 5277 scilicet

2204 5309 2331 5353 aute
2378 5315 2540 5368 quam
2581 5298 2970 5368 Constantinus
3035 5296 3437 5368 expeditionem
3506 5294 3776 5368 adversus

2206 5362 2537 5423 Maxentium
2567 5370 2889 5437 susciperet.
2913 5362 3157 5437 Contigit
3186 5364 3352 5437 igitur
3375 5364 3487 5417 haec
3506 5362 3774 5416 Constan-

2206 5441 2303 5493 tini
2337 5440 2390 5493 in
2418 5433 2755 5492 Britanniam
2802 5433 3435 5503 trajectio,vblaximiano
3474 5447 3576 5486 Vm
3647 5444 3767 5486 eos.

2206 5523 2354 5562 anno
2399 5509 2602 5563 Christi
2640 5506 2927 5562 undecimo
2968 5520 3033 5560 ac
3074 5505 3478 5567 trecentesimo,
3523 5513 3582 5555 ut
3618 5511 3771 5555 recte

2206 5580 2411 5633 notavit
2451 5578 2705 5646 Sigonius
2747 5577 2802 5629 in
2845 5575 2939 5629 Iib.
2975 5591 3012 5646 I_I
3038 5574 3131 5646 De
3159 5572 3767 5646 Occidentali‘imperio.

2199 5649 2269 5701 At
2292 5642 2539 5703 Savilius'
2555 5647 2843 5701 Eusebium
2867 5646 2961 5699 hic
2976 5644 3092 5698 falli
3122 5644 3472 5698 existimavit.
3498 5642 3588 5695 Sic
3616 5642 3767 5694 enim

529 5711 1148 5787 aelii-'eQL'ZcQaéa'
1170 5711 1314 5783 νοῦν.
1355 5711 1508 5794 Quod
1547 5711 1768 5795 quidem
1810 5721 2092 5795 Ifortesins
2197 5729 2349 5773 notat
2376 5720 2611 5795 ad_hune
2638 5719 2865 5795 locu_tu_:_
2893 5733 2913 5766 ι
2948 5714 3530 5795 Eusebiusjgnorasse
3551 5711 3767 5791 videtur

535 5781 700 5857 edam
726 5781 1547 5872 vidi—litChristopbors'onus,
1567 5781 1631 5853 ὀι
1656 5794 1801 5851 hunc
1826 5793 2001 5850 locum
2030 5802 2085 5848 et
2192 5799 2400 5859 patrem
2426 5787 2771 5844 Constantini
2807 5784 3040 5843 Eboraci
3065 5786 3121 5841 in
3154 5781 3439 5842 Britannia
3480 5781 3702 5838 obiisse.
3735 5797 3761 5832 ι
