4210 6390
359 380 454 432 9M

1453 371 1539 425 DE
1580 368 1743 424 VlTA
1776 353 2235 422 CONSTANTIM
2270 355 2398 419 LIB.
2440 361 2483 418 ῐ.

3499 355 3605 413 942

360 513 440 567 ρει
490 505 586 565 μεν
625 494 886 566 ταπρῶτα
926 492 1024 563 τὴν
1058 493 1196 564 ὑπὲρ
1237 492 1407 561 αὐτῆς
1435 492 1645 563 ἄμυναν
1681 493 1794 552 τοῖς
1821 489 1928 541 τῶν

2034 486 2212 549 ciens;
2242 484 2473 552 primum
2507 479 2723 549 quidem
2753 488 2874 532 eam
2905 472 3211 530 vindieandi
3250 483 3315 528 ac
3337 471 3602 527 liberandi

357 586 556 640 λοιπῶν
590 587 851 657 κρατοῦσι
900 586 1079 657 μερῶν
1121 585 1263 656 (69),
1319 586 1415 639 ἆτε
1462 584 1525 654 δὴ
1571 584 1744 655 χρόνῳ
1795 600 1929 654 προ-

359 677 579 745 άγουσιν
602 693 617 704 ”
661 676 781 728 ἐπεὶ
812 676 867 728 δὲ
898 676 1100 728 τούτων
1137 675 1310 737 οὐδεὶς
1358 670 1466 736 οἷός
1510 691 1567 725 τε
1600 670 1668 743 ῆν
1711 676 1931 727 ὲπικουο

364 765 509 838 ρεῖν,
548 767 683 821 ἀλλὰ
735 768 830 819 καὶ
876 768 923 819 οἱ
979 768 1173 838 πεῖραν
1212 764 1395 818 λαϐεῖν
1440 764 1790 836 ἐθελήσαντες
1842 767 1928 817 al-

362 860 525 931 σχρὸν
556 860 856 929 ὑπέμειναν
896 857 1048 920 τέλος
1094 858 1227 928 (70),
1252 857 1395 909 ὀὐδὲ
1443 856 1631 926 βιωτὸν
1661 857 1809 927 αὑτῷ
1833 857 1930 928 τὴν

361 953 502 1023 ζωὴν
536 948 673 1005 εἶναι
706 949 906 1015 εἰπὼν,
954 952 1004 1003 εί
1050 949 1150 1020 τὴν
1198 950 1445 1019 βασιλίδα
1477 948 1630 1001 πόλιν
1658 948 1799 1002 οὕτω
1829 951 1931 1004 κά-

365 1062 597 1116 μνουσαν
626 1045 872 1116 παρίδοι,
916 1044 1355 1116 παρεσκευάζετο
1395 1046 1463 1097 τὰ
1498 1046 1631 1108 ποὸς
1677 1046 1774 1115 τὴν
1800 1046 1929 1100 καθ-

362 1136 571 1207 αίρεσιν
601 1136 702 1206 τῆς
733 1136 1061 1206 τυραννίδος.

875 1311 1172 1365 ΚΕΦΑΛΑΙ
1180 1313 1269 1365 ΟΝ
1296 1315 1420 1366 KZ'.

366 1394 486 1476 Ὅτι
523 1404 627 1470 τὰς
667 1403 787 1476 τῶν
827 1398 1468 1476 εὶδῳλολατρησάντων
1511 1411 1931 1476 καταστροφάς

376 1530 379 1535 _
432 1474 821 1607 ἐῖεἰίέιέμηθείς,
866 1472 1105 1544 μᾶλλον
1149 1475 1257 1528 τὸν
1324 1472 1787 1545 Χριστιανισμὸν
1815 1472 1931 1541 ’ἐξ-

435 1560 465 1596 ε
580 1561 705 1597 ατο.
1174 1574 1179 1579 ·

435 1560 537 1597 ενιε
542 1560 573 1597 ζ
580 1561 705 1597 ατο.
1174 1574 1179 1579 ·

436 1630 511 1687 Εὖ
538 1635 581 1687 δ’
606 1636 862 1705 ἐννοήσας
890 1635 966 1699 ὡς
1015 1635 1322 1707 κρείττονος
1363 1636 1397 1706 ἢ
1432 1636 1573 1689 κατά
1619 1653 1936 1707 στρατιωτι-

367 1724 470 1795 κὴν
501 1724 608 1777 δέοι
648 1725 796 1793 αὐτῷ
845 1724 1096 1795 βοηθείας
1120 1765 1134 1789 ,
1179 1725 1268 1780 διὰ
1307 1725 1406 1789 τὰς
1452 1726 1812 1797 κακοτέχνους
1845 1726 1936 1782 καὶ

2029 586 2215 643 partes
2241 573 2309 627 iis
2342 572 2507 627 cessit
2541 570 2634 642 qui
2676 569 2916 639 reliquas
2956 566 3167 636 imperii
3214 563 3442 618 Romani
3477 576 3602 629 por-

2030 664 2205 717 tiones
2228 664 2568 726 obtinebant,
2596 671 2781 729 ulpote
2818 666 2976 713 aetate
2999 658 3319 727 potioribus.
3344 652 3451 709 Sed
3475 667 3599 707 cum

2029 755 2208 810 nullus
2231 769 2416 809 eorum
2455 751 2708 822 opitulari
2750 758 2959 820 posset,
2995 750 3239 816 adeoque
3283 744 3383 814 ipsi
3413 744 3506 814 qui
3545 744 3599 796 id

2031 855 2245 902 tentare
2313 845 2599 900 voluerant
2684 841 3100 913 ignominiosum
3169 837 3375 893 exitum
3458 832 3600 890 nacti

2030 950 2253 1003 essent;
2294 940 2461 993 vitam
2506 938 2608 991 sibi
2656 936 2878 991 minime
2913 933 3127 987 vitalem
3154 945 3274 985 esse
3303 928 3602 999 professus,

2031 1033 2076 1087 si
2104 1030 2290 1085 urbem
2336 1028 2575 1084 omnium
2615 1030 2889 1083 dominam
2940 1034 3094 1079 tanta
3122 1022 3445 1092 aegritudine
3473 1018 3602 1074 aﬂ‘e—

2031 1133 2171 1177 ctam
2201 1121 2524 1192 despiceret,
2545 1120 2614 1175 ad
2641 1119 3085 1189 exstinguendam
3110 1114 3446 1185 tyrannidem
3480 1124 3603 1168 sese

2033 1210 2290 1265 accinxit.

2485 1302 2643 1374 421
2680 1297 2909 1356 CAPUT
2938 1296 3151 1352 xxvu.

2037 1395 2193 1460 Quod
2237 1395 2617 1449 Constantinus
2666 1409 2844 1447 eorum
2870 1392 2960 1462 qui
2993 1390 3279 1445 simulacra
3321 1383 3602 1462 coluissent

2104 1466 2381 1586 itltteritum
2443 1463 2805 1529 considerans,
2881 1461 3342 1517 Christianismum
3416 1461 3593 1530 potius

2103 1547 2282 1588 ceatt.

2106 1627 2225 1683 Jam
2266 1641 2392 1682 vero
2419 1641 2545 1681 cum
2580 1624 2912 1695 intelligeret
2959 1632 3157 1694 praeter
3200 1621 3468 1677 militares
3512 1636 3607 1676 co-

2040 1721 2157 1792 pias
2194 1716 2571 1789 praestantiore
2618 1715 2800 1784 aliquo
2853 1714 3096 1768 subsidio
3129 1711 3236 1768 sibi
3272 1728 3412 1781 opus
3459 1725 3606 1776 esse,

367 1815 626 1885 γοητικὰς
659 1816 996 1885 μαγγανείας
1040 1817 1140 1880 τὰς
1183 1816 1336 1889 παρὰ
1372 1817 1450 1887 τῷ
1485 1819 1731 1890 τυράννῳ
1774 1836 1937 1873 σπου-

2040 1815 2108 1866 ob
2137 1807 2413 1863 maleﬁcas
2445 1815 2592 1859 artes
2624 1804 2970 1874 magicasque
3005 1801 3309 1873 prtestigias
3339 1816 3476 1870 quas
3522 1810 3611 1871 ty-

366 1907 685 1977 δαζομένας,
706 1908 835 1961 Θεὸν
856 1908 1101 1978 ἀνεζήτει
1125 1907 1335 1979 βοηθὸν,
1359 1908 1427 1961 τὰ
1457 1908 1556 1978 μὲν
1583 1910 1641 1975 ἐξ
1671 1909 1938 1965 ὁπλίσεων

367 2002 464 2053 καὶ
510 2000 894 2071 στρατιωτικοῦ
946 2000 1183 2071 πλήθους
1219 2000 1447 2072 δεύτερα
1490 2000 1770 2071 τιθέμενος
1793 2043 1806 2067 ,
1840 2002 1940 2074 τὴν

365 2091 413 2144 δ’
441 2093 505 2144 ἐκ
529 2090 662 2143 Θεοῦ
699 2091 986 2160 συνεργίαν
1023 2090 1236 2161 ἄμαχον
1277 2087 1414 2145 εἶναι
1448 2093 1542 2145 καὶ
1584 2093 1941 2165 ἀπαράθραυ-

278 2188 287 2193 ’
368 2198 514 2235 στον.
573 2183 775 2236 Ἐννοεῖ
814 2182 948 2252 δῆτα
991 2184 1171 2236 ὁποῖον
1209 2183 1316 2237 δέοι
1357 2184 1489 2237 Θεὸν
1531 2185 1939 2255 ἐπιγράψασθαι

369 2273 585 2345 βοηθόν·
629 2272 878 2345 ζητοῦντι
907 2275 951 2327 δ’
986 2275 1133 2345 αὐτῷ
1159 2275 1335 2329 ἔννοιᾶ
1365 2294 1448 2340 τις
1473 2278 1797 2348 ὑπεισῆλθεν
1816 2294 1828 2305 ⁸
1863 2278 1940 2342 ὡς

368 2364 630 2419 πλειόνων
667 2364 929 2437 πρότερον
962 2367 1061 2437 τῆς
1105 2368 1280 2438 ἀρχῆς
1311 2368 1707 2440 ὲφαψαμένων,
1749 2371 1797 2422 οί
1842 2370 1940 2441 μὲν

369 2454 579 2508 πλείοσι
605 2455 745 2520 θεοῖς
766 2458 863 2519 τὰς
888 2455 1034 2524 σφῶν
1056 2457 1235 2511 αὐτῶν
1260 2459 1662 2529 ἀναρτήσαντες
1698 2459 1936 2526 ἐλπίδας,

368 2546 582 2610 θυσίαις
605 2564 665 2599 τε
710 2549 804 2601 καὶ
841 2549 1151 2620 ἀναθήμασι
1181 2549 1290 2619 (71)
1334 2549 1556 2615 τούτους
1586 2550 1943 2622 θεραπεύσανε

366 2656 481 2703 ⁹διες,
512 2640 880 2711 ἀπατηθέντες
910 2643 1170 2713 ταπρῶτα
1201 2642 1288 2695 διὰ
1324 2642 1589 2713 μαντειῶν
1614 2646 1943 2717 κεχαρισμέ-

366 2750 476 2786 νων
496 2773 511 2797 ,
543 2733 804 2804 χρησμῶν
846 2752 905 2787 τε
946 2735 1014 2789 τὰ
1046 2732 1197 2789 αἴσια
1227 2734 1706 2806 ἐπαγγελλομένων
1737 2738 1937 2803 αὐτοῖς,

367 2823 521 2887 τέλος
543 2825 641 2878 οὐκ
666 2826 838 2879 αἴσιον
869 2826 1095 2896 εὕραντο
1118 2869 1132 2892 ,
1170 2827 1290 2880 οὐδέ
1321 2845 1405 2890 τις
1434 2828 1569 2881 θεῶν
1600 2830 1733 2899 πρὸς
1768 2822 1827 2883 τὸ
1867 2829 1940 2901 μὴ

370 2914 656 2983 θεηλάτοις
687 2916 1053 2988 ὑποϐληθῆναι
1094 2922 1526 2990 καταστροφαῖς,
1560 2920 1729 2984 δεξιὸς
1760 2923 1941 2985 αὐτοῖς

370 3004 647 3077 παρέστη·
680 3008 837 3077 μόνον
867 3008 925 3061 δὲ
956 3007 1047 3061 τὸν
1079 3006 1271 3062 ἑαυτοῦ
1302 3010 1516 3081 πατέρα
1559 3012 1655 3081 τὴν
1695 3012 1940 3066 ἐναντίαν

368 3097 598 3160 ἐκείνοις
623 3100 917 3168 τραπέντα,
956 3099 1064 3153 τῶν
1093 3101 1189 3170 μὲν
1215 3100 1420 3172 πλάνην
1452 3103 1813 3170 καταγνῶναι,
1841 3105 1940 3156 αὐ-

2043 1915 2246 1956 rannus
2277 1898 2517 1954 studiose
2543 1896 3006 1955 consectabatur:
3040 1893 3205 1946 Deum
3240 1892 3343 1947 sibi
3393 1891 3610 1961 adjuto-

2043 2006 2156 2045 rem
2193 1989 2484 2059 quaesivit;
2518 2001 2796 2041 armorum
2830 1984 3044 2053 quidem
3075 1991 3398 2051 apparatum
3423 1988 3481 2035 et
3511 1979 3611 2033 mis

2040 2081 2193 2136 litum
2220 2081 2406 2149 copias
2435 2078 2674 2134 secundo
2706 2075 2829 2130 loco
2858 2074 3058 2129 ducens
3086 2070 3386 2138 tauxilium
3422 2079 3605 2122 autem

2040 2172 2206 2227 divini
2234 2170 2472 2225 numinis
2505 2168 2769 2223 invictum
2793 2174 2851 2220 et
2879 2161 3296 2233 inexpugnabile
3342 2174 3466 2217 esse
3503 2159 3607 2213 sibi

2040 2262 2394 2333 persuadens.
2429 2260 2597 2330 igitur
2622 2257 2863 2324 cogitare
2892 2256 3031 2324 apud
3078 2269 3137 2309 se
3182 2251 3369 2321 coepit,
3408 2264 3605 2321 quem-'-

2042 2372 2165 2413 nam
2195 2355 2296 2411 sibi
2323 2353 2493 2409 Deum
2530 2351 2884 2406 adscisceret.
2924 2347 3077 2415 Quod
3103 2347 3229 2401 dum
3268 2345 3496 2401 sollicite
3523 2344 3607 2399 in-

2041 2448 2231 2518 quirit,
2270 2447 2388 2502 haec
2420 2444 2495 2500 illi
2537 2443 2705 2499 subiit
2737 2442 3041 2513 cogitatio:
3091 2454 3158 2494 ex
3212 2437 3461 2507 plurimis
3511 2436 3605 2507 qui

2041 2553 2168 2595 ante
2218 2555 2280 2595 se
2323 2536 2614 2607 imperium
2652 2539 2957 2597 tenuerant,
2999 2545 3093 2586 eos
3138 2530 3359 2600 quidem
3406 2528 3500 2596 qui
3552 2528 3606 2579 in

2043 2633 2269 2687 deorum
2324 2627 2675 2684 multitudine
2723 2639 2873 2694 spem
2924 2636 3077 2677 suam
3122 2620 3505 2684 collocassent,
3551 2627 3610 2672 et

2040 2724 2135 2794 qui
2167 2720 2406 2776 victimis
2448 2717 2568 2773 illos
2604 2731 2670 2771 ac
2721 2713 2967 2770 donariis
3007 2712 3319 2778 coluissent,
3371 2713 3606 2782 primum

2042 2813 2314 2869 vaticiniis
2345 2811 2411 2866 ad
2436 2806 2866 2865 assentationem
2904 2803 3245 2873 compositis,
3281 2812 3337 2858 et
3365 2798 3611 2857 oraculis

2042 2910 2217 2964 fausta
2246 2912 2427 2962 omnia
2463 2902 2847 2972 pollicentibus
2865 2899 3103 2957 delusos.
3125 2897 3341 2950 tandem
3366 2893 3608 2949 infausto

2042 2997 2236 3052 mortis
2259 3007 2458 3065 genere
2492 2991 2808 3052 interiisse;
2864 3002 2964 3042 nec
2998 2986 3226 3040 deorum
3276 2999 3606 3055 quemquam

2043 3098 2242 3160 praesto
2301 3085 2407 3140 illis
2470 3082 2728 3145 adfuisse,
2779 3079 2870 3150 qui
2918 3092 3012 3134 eos
3072 3078 3291 3131 invecto
3348 3076 3613 3132 divinitus

367 3188 461 3241 τὸν
500 3188 555 3240 δὲ
587 3166 675 3241 τὸν
706 3190 960 3243 ἐπέκεινα
991 3166 1105 3243 τῶν⁷
1130 3193 1264 3245 ὅλων
1297 3166 1427 3247 Θεὸν
1453 3194 1542 3247 διὰ
1571 3166 1748 3267 πάσης
1778 3199 1939 3269 τιμὴ-

2042 3181 2211 3235 exitio
2243 3177 2522 3231 liberaret.
2558 3171 2743 3227 Solum
2777 3171 2947 3239 ipsius
2979 3177 3210 3237 patrem,
3254 3166 3345 3237 qui
3390 3178 3612 3221 contra-

372 3296 538 3333 σαντα
564 3279 727 3350 ζωῆς,
758 3281 978 3353 σωτῆρα
1002 3283 1094 3335 καὶ
1120 3283 1334 3350 φύλακα
1363 3284 1462 3353 τῆς
1492 3285 1782 3355 βασιλείας,
1813 3291 1941 3358 ἀγα-

371 3370 467 3451 θοῦ
500 3386 559 3423 τε
593 3371 791 3435 παντὸς
815 3362 1051 3443 χορηγὸν
1083 3374 1355 3445 εὑρέσθαι.
1395 3376 1577 3430 Ταῦτα
1606 3382 1735 3450 παρ’
1764 3381 1940 3451 ἑαυτῷ

368 3460 673 3530 διακρίνας,
700 3457 757 3514 εὖ
781 3479 841 3514 τε
866 3462 1236 3533 λογισάμενος,
1262 3465 1337 3529 ὡς
1370 3467 1417 3518 οἱ
1450 3467 1547 3538 μὲν
1573 3467 1765 3539 πλήθει
1804 3469 1940 3525 θεῶν

370 3550 871 3622 ὲπιθαρῤήσαντες,
912 3554 1006 3606 καὶ
1052 3554 1292 3609 πλείοσιν
1338 3557 1779 3613 ὲπιπεπτώκασιν
1825 3560 1941 3614 ὀλέ-

372 3641 541 3712 θροις,
580 3642 655 3706 ῶς
702 3634 838 3714 μηδὲ
865 3645 1040 3712 γένος,
1088 3648 1219 3718 μηδὲ
1249 3648 1407 3720 φυὴν,
1443 3649 1516 3720 μὴ
1552 3650 1704 3721 ῥίζαν
1737 3653 1936 3719 αὐτοῖς,

375 3733 499 3802 μηδ’
530 3732 740 3803 ὄνομα,
794 3735 928 3805 μηδὲ
981 3738 1199 3809 μνήμην
1262 3741 1320 3792 έν
1376 3738 1680 3810 ἀνθρώποις
1722 3743 1940 3796 ἀπολει-

371 3822 592 3892 φθῆναι,
618 3825 646 3876 ὀ
674 3824 731 3879 δὲ
752 3825 1001 3897 πατρῷος
1023 3827 1171 3898 αὐτῷ
1187 3828 1316 3891 Θεὸς
1342 3829 1439 3899 τῆς
1468 3830 1631 3883 αὺτοῦ
1661 3832 1941 3903 δυνάμεως

369 3912 574 3984 ἐναργῆ
602 3914 695 3966 καὶ
718 3913 1010 3986 πάμπολλα
1042 3917 1306 3986 δείγματα
1336 3919 1419 3988 εἴη
1449 3919 1693 3983 δεδωκὼς
1723 3921 1801 3991 τῷ
1838 3922 1938 3975 αὐ-

368 4004 467 4083 τοῦ
510 4005 674 4077 πατρί
699 4023 713 4036 ·
756 4005 889 4059 ἀλλά
928 4007 1176 4071 καὶτοὺς
1221 4008 1321 4079 ἤδη
1364 4011 1939 4081 καταστρατεύσαντας

368 4094 635 4165 πρότερον
674 4094 769 4148 τοῦ
812 4097 1074 4165 τυράννου
1106 4096 1567 4168 διασκεψάμενος,
1607 4102 1703 4155 σὺν
1747 4101 1938 4173 πλήθει

364 4184 475 4254 ,μὲν
521 4183 658 4238 θεῶν
696 4186 793 4257 τὴν
836 4185 1134 4256 παράταξιν
1165 4189 1558 4259 πεποιημένους
1582 4228 1596 4253 ,
1635 4188 1853 4262 αἰσχρὸν
1882 4188 1939 4245 δὲ

367 4272 521 4337 τέλος
563 4275 985 4346 ὑπομείναντας-ο
1033 4279 1062 4329 ὁ
1099 4277 1195 4345 μὲν
1227 4276 1334 4348 γὰρ
1362 4278 1539 4357 αὐτῶν
1583 4281 1678 4333 σὺν
1711 4282 1937 4355 αἰσχύνῃ

367 4369 468 4438 τῆς
502 4368 772 4440 συμϐολῆς
810 4370 1089 4440 ἄπρακτος
1131 4369 1413 4443 ἀνεχώρει,
1450 4374 1477 4424 ὁ
1517 4373 1574 4426 δὲ
1615 4374 1707 4427 καὶ
1753 4375 1939 4445 μέσοις

2044 3273 2180 3326 riam
2216 3268 2492 3337 prioribus
2539 3265 2645 3320 illis
2694 3262 2836 3317 viam
2894 3260 3148 3324 iuiisset,
3198 3268 3256 3314 et
3290 3258 3383 3327 qui
3415 3273 3607 3313 eorum

2041 3362 2260 3433 quidem
2291 3373 2533 3413 errorem
2566 3357 3002 3417 condemnasset,
3043 3366 3209 3405 unum
3253 3365 3387 3404 vero
3418 3364 3614 3419 supre-

2043 3468 2192 3508 mum
2239 3452 2478 3506 omnium
2528 3451 2697 3503 Deum
2751 3455 2863 3499 toto
2912 3446 3041 3499 vitae
3087 3443 3262 3513 spatio
3308 3442 3607 3508 coluisset;

2041 3546 2288 3601 eumdem
2311 3550 2640 3598 servatorem
2667 3553 2731 3591 ac
2753 3536 2964 3605 imperii
2984 3536 3282 3597 custodem,
3305 3544 3352 3587 et
3367 3534 3611 3588 omnium

2039 3636 2306 3691 bonorum
2332 3643 2606 3687 auctorem
2638 3629 2911 3684 habuisse.
2938 3625 3063 3679 Haec
3093 3624 3183 3679 ille
3209 3639 3332 3678 cum
3375 3624 3516 3693 apud
3547 3639 3607 3678 se

2040 3726 2421 3796 expendisset;
2478 3733 2735 3791 recteque
2790 3718 3286 3782 animadvertisset,
3338 3716 3455 3771 illos
3489 3719 3612 3786 qui-

2044 3819 2165 3873 dem
2200 3815 2295 3887 qui
2329 3817 2382 3869 in
2428 3814 2654 3868 deorum
2707 3809 3059 3866 multitudine
3092 3808 3344 3863 ﬁduciam
3393 3809 3610 3878 posuis-‘-

2042 3916 2183 3971 sent,
2226 3908 2278 3961 in
2312 3904 2708 3959 multitudinem
2742 3917 2958 3972 quoque
2979 3902 3272 3957 exitiorum
3302 3915 3424 3956 esse
3457 3901 3608 3955 dela-

2041 4014 2170 4070 psos
2196 4042 2211 4065 ,
2249 3996 2385 4053 adeo
2418 4006 2477 4052 ut
2522 4012 2622 4052 nec
2651 3998 2865 4066 generis
2889 3993 3107 4049 illorum
3149 4005 3213 4049 ac
3252 3992 3477 4057 sobolis,
3508 4001 3609 4047 nec

2041 4091 2228 4162 stirpis
2255 4106 2319 4145 ac
2343 4089 2606 4152 nominis,
2636 4103 2740 4142 nec
2771 4087 3044 4141 memoriae
3075 4084 3239 4139 ullum
3269 4085 3410 4138 inter
3434 4084 3608 4138 homi-

2042 4197 2137 4238 nes
2165 4183 2448 4252 vestigium
2474 4181 2828 4235 remanserit:
2859 4186 3047 4232 contra
3080 4182 3209 4231 vero
3240 4175 3407 4229 Deum
3433 4175 3609 4245 patris

2041 4277 2150 4340 sui,
2178 4264 2348 4329 multa
2379 4276 2550 4343 eaq’ue
2578 4272 2808 4326 illustria
2849 4269 3104 4339 potentia;
3133 4282 3244 4322 suae
3281 4267 3605 4321 documenta

2042 4369 2144 4438 ipsi
2191 4366 2517 4436 praebuisse;
2558 4377 2794 4432 cumque
2839 4368 3103 4431 praeterea
3165 4358 3605 4423 considerasset,

366 4461 552 4522 αὐτοῖς
582 4463 691 4524 τοῖς
713 4460 1077 4530 στρατεύμασι
1099 4462 1491 4529 κατασφαγεὶς,
1518 4463 1792 4534 πάρεργον
1816 4465 1937 4532 ἐγέ-

2042 4474 2136 4514 eus
2173 4458 2278 4527 qni-
2296 4456 2405 4524 jam
2429 4463 2588 4509 antea
2615 4454 2800 4521 copias
2830 4453 3088 4505 adversus
3113 4458 3404 4519 tyrannum
3434 4449 3607 4503 duxe-

365 4567 492 4603 νετο
521 4550 746 4604 θανάτου
775 4550 885 4622 (72)
906 4566 919 4580 '
958 4550 1129 4604 ταῦτα
1160 4548 1252 4606 οὖν
1292 4554 1467 4607 πάντα
1512 4545 1832 4625 συναγαγὼν
1864 4559 1930 4628 τῇ

438 4702 722 4780 (69)“Τοῖς
763 4705 885 4780 τῶν
926 4704 1153 4780 λοιπῶν
1196 4710 1483 4777 κρατοῦσι
1513 4708 1730 4780 μερῶν.
1766 4711 1927 4767 Gala;

366 4775 509 4852 rium
554 4775 1041 4852 Maxitnianutn_et
1085 4775 1437 4852 Maximinum
1479 4775 1768 4852 νὶἰιιὲιιιείι.
1821 4783 1928 4836 llus

365 4848 514 4918 etum
537 4856 692 4899 vocat
713 4846 838 4918 toi);
875 4846 1441 4918 xpévqistpodtyowag,
1475 4851 1523 4902 id
1565 4862 1649 4903 εει
1683 4846 1928 4906 seniores

364 4915 1031 4990 imperatores._Nametsi
1052 4915 1619 4990 Masttttinusvixdum
1652 4922 1925 4990 Augustus

366 4997 488 5056 erat
550 4985 904 5056 renuntiatus,
953 4995 1127 5040 tamen
1171 4989 1298 5055 quin
1351 4988 1553 5056 aliquot
1594 4985 1766 5042 annis.
1798 5002 1925 5044 ante

366 5053 782 5108 Constantinum
815 5054 997 5108 Caesar
1040 5053 1216 5110 factus
1259 5053 1454 5117 fuerat,
1503 5060 1621 5111 ideo
1670 5059 1811 5114 inter
1835 5074 1924 5113 se-

368 5125 553 5194 niores
580 5124 935 5194 Constantino
962 5125 1313 5193 imperatores
1337 5128 1518 5180 haberi
1548 5138 1742 5194 potest.

443 5192 556 5262 (70)
593 5193 858 5262 Αίσχρόν
888 5194 1215 5263 ὑπέμειναν
1256 5194 1450 5261 τέλος.
1499 5192 1695 5248 Horum
1728 5198 1921 5251 verbo-w-

368 5278 489 5333 rqu
538 5264 731 5332 duplex
783 5279 976 5317 sensus
1019 5265 1196 5317 allerri
1247 5277 1443 5333 potem.
1483 5264 1617 5318 Nam
1663 5277 1757 5320 aut
1795 5283 1918 5321 cum

365 5330 626 5413 Portesiof
663 5342 716 5387 et
743 5330 1448 5413 Christophorsonoipossis
1484 5345 1695 5413 vertere
1731 5337 1924 5405 fwdum

366 5405 445 5456 rei
481 5412 715 5456 eventum
749 5405 888 5455 nacti
917 5414 1066 5465 sunt,
1105 5411 1200 5456 aut
1234 5405 1376 5457 sicut
1410 5419 1511 5473 ego
1538 5405 1923 5473 interpretatus

367 5485 510 5550 sum,
536 5474 687 5550 _t_urp_i
727 5473 876 5550 exitu
910 5474 1197 5550 perierunt.
1234 5472 1392 5550 frior
1426 5472 1620 5550 sensus
1660 5472 1724 5526 ad
1774 5475 1926 5550 Gale-

368 5541 508 5612 rium
536 5541 917 5596 Maximianum
948 5546 1197 5596 refertur.
1232 5542 1509 5597 Posterior
1550 5545 1923 5612 interpretatio

369 5610 436 5661 de
472 5612 673 5665 Severo
715 5612 931 5667 Caesare
970 5612 1311 5680 intelligenda
1346 5620 1468 5665 est:
1516 5614 1605 5680 qui
1648 5610 1922 5667 a'Galerio

368 5692 557 5735 contra
603 5680 931 5737 Maxentium
962 5698 1081 5736 cum
1126 5682 1366 5735 exercitu
1413 5682 1629 5745 missus,
1666 5697 1787 5736 cum
1822 5683 1921 5736 Ro-

372 5762 514 5820 mam
580 5753 829 5807 obsidere
895 5761 1148 5820 pararet,
1198 5753 1445 5805 desertus
1499 5766 1532 5804 a
1595 5753 1729 5814 suis.
1785 5767 1921 5820 quos

372 5815 680 5878 Maxentius
716 5836 810 5893 spe
841 5815 1185 5893 praemiorum
1224 5821 1293 5879 ad
1321 5835 1381 5878 se
1416 5821 1753 5892 traduxerat,
1788 5815 1924 5894 fugit

2043 4557 2185 4619 rant,
2223 4565 2347 4606 cum
2389 4549 2612 4603 deorum
2662 4544 3011 4600 multitudine
3045 4543 3111 4596 ad
3155 4556 3388 4613 pugnam
3418 4542 3596 4611 profe-

2034 4711 2378 4777 Ravennam;
2404 4711 2456 4762 in
2478 4721 2582 4777 qua
2613 4703 2867 4777 obsessus
2890 4702 3236 4777 aliiaxentio,
3263 4716 3385 4757 mox
3411 4702 3600 4777 fraude
3696 4754 3709 4765 ,

2034 4796 2097 4834 ac
2128 4772 2381 4849 perjuriis
2403 4772 2718 4849 Maiituiani
2749 4772 2989 4849 Herculii
3010 4773 3291 4849 deceptus,
3315 4782 3369 4826 et
3393 4774 3597 4838 captivi

2032 4840 2468 4905 habilu'ﬂomam
2502 4840 2990 4914 pertltttz'tus,_brevi
3020 4843 3598 4914 posteainteremptus

2032 4932 2135 4983 est,
2166 4906 2577 4972 utscribitnr'in
2610 4912 2783 4966 Gestis
2811 4906 3166 4983 Constantini;
3199 4911 3331 4983 Yide
3353 4906 3595 4980 cam-27,

2029 4979 2171 5055 quod
2205 4987 2452 5057 proxime
2489 4985 2758 5050 sequitur,
2791 4981 2880 5035 ubi
2912 4995 3033 5035 eam
3062 4993 3175 5033 rem
3196 4979 3372 5035 fusius
3405 4979 3600 5037 narrat.

2028 5058 2318 5111 Eusebius.

2099 5126 2212 5198 (7i)
2254 5124 2501 5198 qulatc
2521 5139 2584 5176 τε
2603 5119 3073 5198 καὶιξναᾷήμασι.
3095 5119 3149 5198 l_u
3175 5120 3392 5198 scbedis
3415 5119 3597 5189 Regiis

2027 5190 2481 5274 additurltowai;
2508 5194 2696 5274 senati.
2728 5190 2943 5274 θυσίαις
2970 5190 3070 5274 καὶ
3103 5190 3437 5274 agitantium,
3457 5198 3594 5274 _etd.

2098 5265 2209 5335 (72)
2247 5264 2551 5333 Πάρεργον
2574 5263 2810 5335 ἐγένετο
2834 5257 3114 5335 θαγάτρυ.
3149 5257 3593 5335 _D_itlicile__admo-

2025 5329 2150 5391 dum
2185 5346 2269 5389 est
2302 5329 2507 5394 dicere,
2543 5329 2669 5399 quid
2705 5333 2808 5384 sibi
2839 5331 2970 5383 velit
3009 5329 3294 5385 Eusebius.
3340 5330 3592 5384 Christo-

2022 5411 2325 5475 pliorsouus
2363 5402 2577 5475 quidem
2634 5401 2817 5464 vertit,
2886 5410 3136 5475 tgnquant
3205 5402 3592 5475 supervacanea

2025 5458 2211 5528 inanis
2256 5458 2485 5526 accessio
2533 5470 2706 5537 factus
2746 5458 2842 5522 est.
2895 5458 3173 5537 Portesius
3207 5458 3422 5537 quoque
3464 5472 3594 5522 ante

2026 5546 2172 5599 illum
2214 5543 2309 5611 fati
2340 5536 2689 5611 accessionem
2725 5548 2984 5611 verterat.
3031 5536 3135 5592 Sed
3180 5536 3285 5590 non
3327 5537 3587 5611 intelligo,

2025 5630 2122 5668 cur
2147 5606 2382 5667 Severus
2423 5609 2613 5663 mortis
2646 5609 2891 5662 accessio
2920 5608 3153 5670 dicatur,
3190 5620 3309 5660 cum
3339 5606 3484 5659 solus
3522 5620 3588 5658 ex

2025 5683 2171 5738 omni
2202 5682 2444 5736 exercitu
2475 5694 2572 5733 suo
2608 5678 2852 5746 perierit.
2888 5675 3067 5731 Malim
3098 5676 3280 5743 itaque
3308 5675 3592 5745 πάρεργον

2025 5751 2369 5820 interpretari
2397 5750 2550 5803 uilem
2581 5747 2865 5820 victimam.
2898 5746 3034 5820 Eilia
3068 5748 3211 5799 enim
3239 5746 3591 5820 capitarecte

2026 5812 2255 5877 Θανάτου
2285 5819 2563 5892 πάρεργον
2594 5819 2869 5875 dicuntur.
2896 5814 3180 5888 Πάρεργον
3202 5812 3366 5870 etiam
3390 5812 3591 5870 dicitur
