4210 6386
523 315 631 372 οη

1236 311 1507 370 EUSEBII
1544 304 2022 372 CESARILNSIS
2058 316 2210 374 OH’.
2251 319 2433 375 I’AIIS
2470 320 2511 373 Ι.
2548 349 2619 361 -ο
2659 319 3052 379 HISTORICA.

3693 308 3801 378 eis

522 447 746 489 auream
781 432 894 487 Deo
938 431 1091 487 chari
1146 432 1500 502 imperatoris
1543 445 1600 490 et
1648 435 1945 493 liberorum
1980 437 2074 507 eju.

2200 440 2371 513 έωρον
2417 442 2522 496 ὑπὸ
2560 442 2640 514 τῷ
2687 443 2783 497 τοῦ
2838 440 3071 515 σταυροῦ
3124 441 3372 513 τροπαίῳ
3424 440 3564 513 πρὸς
3614 442 3799 506 αὐτοῖς

521 526 813 596 Imaginem
841 525 1106 595 depictam
1137 535 1356 595 pectore
1392 536 1556 583 tenus
1599 530 1885 584 sublimem
1915 540 2100 602 gesta-

520 618 638 674 bat.
669 615 783 671 Hoc
811 616 981 686 igitur
1004 615 1231 671 salutari
1265 617 1443 688 signo,
1473 632 1733 689 tanquam
1755 622 2098 677 munimento

520 708 782 770 adversus
815 705 1092 776 oppositas
1120 709 1443 776 quorumvis
1475 710 1714 765 hostium
1757 713 1946 781 copias
1990 713 2097 768 im-

519 807 737 868 perator
759 814 973 868 semper
1000 807 1084 854 est
1106 814 1281 865 usus;
1318 800 1536 872 aliaque
1576 803 1647 858 ad
1680 803 1801 874 ejus
1839 805 2100 859 similitu-

518 890 699 944 dinem
733 904 995 961 expressa'
1026 892 1180 964 signa
1208 894 1420 955 cunctis
1471 897 1805 954 exercitibus
1850 900 2095 968 praeferri

511 978 694 1061 jussit.

1058 1165 1287 1224 CAPUT
1329 1165 1549 1225 XXXII.

516 1256 792 1333 Quomodo
823 1256 1210 1336 Constantinus
1246 1263 1653 1336 catechumenos
1689 1262 1865 1336 factus
1910 1282 2094 1320 sacras

985 1329 1196 1396 Scripta
1205 1347 1290 1383 ras
1337 1334 1636 1401 perlegerit.

581 1417 690 1476 Sed
725 1420 841 1476 haec
877 1428 1085 1490 postea.
1139 1421 1296 1477 Tunc
1337 1437 1468 1478 vero
1519 1425 1831 1481 admirabili
1886 1428 2094 1482 visione

510 1511 950 1581 obstupefactus,
1012 1529 1140 1569 cum
1195 1513 1407 1568 nullum
1465 1517 1633 1571 alium
1690 1529 1890 1588 praeter
1940 1519 2090 1574 illum

510 1618 677 1673 quem
705 1604 917 1659 viderat
942 1606 1110 1660 Deum
1146 1605 1247 1660 sibi
1271 1605 1560 1662 colendum
1612 1623 1733 1663 esse
1784 1611 2088 1677 statuisset,

510 1697 822 1753 sacerdotes
858 1714 1074 1753 arcana:
1100 1699 1245 1755 illius
1272 1701 1538 1756 doctrinae
1569 1702 1846 1772 mysteriis
1888 1704 2092 1757 instru-

2205 531 2398 602 ἄκροις
2441 532 2535 587 τοῦ
2583 534 2973 605 διαγραφέντος
3017 532 3333 603 ὑφάσματος
3371 530 3515 602 (80),
3559 531 3658 603 τὴν
3699 530 3796 587 τοῦ

2206 623 2487 692 θεοφιλοῦς
2540 623 2804 694 βασιλέως
2852 623 3036 678 εἰκόνα
3071 624 3282 695 χρυσῆν
3332 623 3494 695 μέχρι
3535 624 3795 693 στέρνων,

2203 716 2313 770 τῶν
2356 717 2402 770 τ’
2429 716 2592 770 αὐτοῦ
2634 716 2839 770 παίδων
2880 716 3077 786 ὁμοίως
3125 715 3309 787 ἔφερε.
3352 714 3541 786 Τούτῳ
3586 714 3684 785 μὲν
3714 714 3798 787 τῷ

2207 813 2460 883 σωτηρίῳ
2501 813 2712 883 σημείῳ
2734 852 2749 877 ,
2781 812 2959 885 πάσης
2986 809 3367 881 ἀντικειμένης
3401 810 3495 864 καὶ
3529 810 3794 879 πολεμίας

2202 906 2484 977 δυνάμεως
2531 904 2851 977 ἀμυντηρίῳ
2910 904 3200 967 διαπαντὸς
3258 903 3457 974 ὲχρῆτο
3517 902 3793 974 βασιλεὺς,

2201 998 2310 1050 τῶν
2341 1015 2399 1050 τε
2428 996 2807 1067 στρατοπέδων
2844 996 3096 1055 ἁπάντων
3136 996 3386 1067 ἡγεῖσθαι
3420 996 3612 1050 τούτου
3640 997 3794 1067 ὁμοι-

2202 1087 2418 1160 ώματα,
2455 1089 2841 1162 προσέταττεν.

2720 1181 2900 1235 ΚΕΦΔ
2908 1179 3118 1234 ΛΑΙΟΝ
3149 1180 3272 1237 AB'.

2204 1275 2395 1341 Ὅπως
2426 1274 2784 1343 κατηχηθεὶς
2808 1272 3280 1338 Κωνσταντῖνος,
3316 1271 3425 1340 τὰς
3457 1270 3620 1339 θείας
3631 1273 3791 1342 Γρα-

2695 1343 2814 1413 φὰς
2857 1344 3285 1411 ἀνεγίνωσκεν.

2284 1434 2442 1489 Ἀλλά
2471 1435 2641 1488 ταῦτα
2687 1435 2882 1507 μικρὸν
2924 1434 3170 1506 ὕστερον.
3211 1434 3368 1488 Κατὰ
3407 1434 3465 1488 δὲ
3496 1433 3589 1488 τὸν
3616 1433 3790 1507 δηλω-

2199 1524 2361 1579 θέντα
2388 1526 2581 1596 χρόνον
2608 1525 2708 1597 τὴν
2742 1524 3043 1596 παράδοξον
3076 1525 3451 1593 καταπλαγεὶς
3485 1526 3607 1595 ὄψιν
3626 1565 3641 1586 ,
3674 1524 3787 1578 οὐδ’

2198 1613 2385 1685 ἕτερον
2427 1614 2537 1685 (81)
2574 1614 2708 1667 Θεὸν
2754 1614 2787 1685 ἢ
2836 1615 2928 1668 τὸν
2962 1614 3196 1684 ὀφθέντα
3235 1614 3537 1685 δοκιμάσας
3585 1613 3786 1681 σέϐειν,

2196 1707 2325 1768 τοὺς
2359 1704 2466 1758 τῶν
2496 1704 2661 1758 αὐτοῦ
2702 1704 2874 1774 λόγων
2913 1705 3122 1776 μύστας
3150 1705 3261 1775 (82)
3302 1705 3616 1759 ἀνεκαλεῖτο
3639 1747 3653 1770 ,
3691 1707 3788 1761 καὶ

508 1799 627 1845 ctos
654 1792 721 1845 ad
756 1805 818 1845 se
844 1792 1179 1859 accersivit;
1209 1802 1265 1847 et
1308 1794 1565 1862 quisnam
1611 1795 1701 1849 ille
1753 1796 1895 1851 Deus
1943 1810 2074 1851 esset

2198 1797 2282 1859 τίς
2312 1797 2395 1868 είη
2429 1796 2561 1860 Θεὸς
2618 1797 2778 1861 αὐτὸς
2817 1796 3039 1867 ἠρώτα,
3080 1797 3165 1860 τίς
3207 1814 3266 1851 τε
3311 1799 3339 1850 ὀ
3383 1798 3484 1868 τῆς
3525 1797 3785 1869 ὀφθείσης

507 1883 892 1952 interrogavit.
944 1885 1144 1953 quidve
1197 1885 1335 1955 signi
1370 1886 1519 1941 illius
1572 1887 1713 1941 visio
1755 1888 1859 1943 sibi
1902 1887 2085 1944 vellet.

505 1973 585 2037 illi
609 1974 754 2030 hunc
779 1974 944 2049 424
971 1976 1187 2044 quidem
1226 1976 1390 2031 Deum
1432 1992 1554 2033 esse
1597 1978 1878 2045 dixerunt,
1927 1982 2090 2034 unius

506 2081 571 2124 ac
617 2066 787 2121 solius
835 2052 930 2120 Dei
982 2068 1201 2121 unicum
1237 2068 1442 2122 Filium
1480 2091 1490 2122 :
1547 2068 1760 2138 signum
1794 2085 1924 2123 vero
1957 2069 2086 2123 illud

506 2156 651 2227 quod
691 2163 967 2222 ostensum
1027 2155 1242 2221 fuisset,
1290 2156 1728 2213 immortalitatis
1776 2158 2085 2228 symbolum

505 2260 652 2314 esse,
683 2255 740 2302 et
772 2257 1028 2316 tropaeum
1055 2249 1298 2305 victoria
1323 2264 1488 2317 quam
1536 2248 1627 2302 ille
1669 2248 1721 2302 in
1768 2250 1931 2304 terris
1957 2251 2085 2305 olim

502 2349 780 2406 versatus,
825 2340 893 2393 de
943 2348 1123 2394 morte
1156 2339 1458 2394 retulisset.
1511 2338 1684 2394 Simul
1718 2354 1917 2394 causas
1944 2341 2086 2397 illius

501 2431 772 2499 adventus
799 2446 923 2486 eum
951 2433 1283 2495 docuerunt,
1324 2439 1642 2485 accuratam
1683 2430 2086 2489 lncarnationis

503 2523 771 2587 rationem
818 2523 868 2578 ei
908 2535 1278 2591 exponentes.
1323 2523 1395 2579 At
1452 2522 1543 2577 illc
1583 2523 1683 2578 hos
1716 2524 1935 2593 quidem
1963 2538 2083 2579 ser-

501 2627 695 2668 mones
721 2613 937 2668 dicendi
975 2613 1209 2682 cupidus
1261 2615 1633 2669 auscultabat.
1682 2613 1951 2669 Creterum
1988 2616 2081 2670 Dei

498 2705 804 2776 praesentia:
840 2705 955 2761 suis
982 2706 1372 2773 conspectibus
1404 2707 1665 2761 exbibitae
1717 2707 2082 2763 admiratione

500 2796 811 2867 tenebatur.
840 2796 1089 2865 Cumque
1115 2796 1399 2851 caelestem
1436 2797 1582 2857 illam
1614 2799 1878 2853 visionem
1908 2809 1963 2855 et
1993 2816 2081 2859 sa-

496 2885 859 2949 cerdotalium
887 2901 1199 2945 sermonum
1258 2887 1773 2956 interpretationem
1832 2890 1977 2945 inter
2020 2906 2080 2946 se

494 2978 840 3042 contulisset,
881 2980 1240 3035 conﬁrmatus
1266 2982 1559 3036 estanimo
1593 2999 1608 3048 ;
1649 2982 1847 3035 harum
1889 2998 2075 3037 rerum

2196 1887 2372 1956 ὅψεως
2410 1888 2506 1941 τοῦ
2538 1888 2766 1958 σημείου
2804 1887 2983 1955 λόγος.
3027 1890 3089 1942 Oi
3119 1889 3177 1942 δὲ
3215 1889 3307 1943 τὸν
3350 1889 3451 1959 μὲν
3480 1885 3619 1943 εἶναι
3650 1889 3785 1945 Θεὸν

2191 1977 2421 2048 ἔφασαν,
2451 1977 2585 2031 Θεοῦ
2610 1977 2704 2031 τοῦ
2739 1978 2856 2043 ἑνὸς
2882 1980 2975 2031 καί¹
3009 1979 3169 2049 μόνου
3200 1980 3467 2050 μονογενῆ
3492 1980 3685 2043 nam,
3719 1978 3784 2034 τὸ

2187 2070 2245 2124 δὲ
2281 2074 2507 2141 σημεῖον
2532 2071 2592 2123 τὸ
2621 2072 2786 2139 φανὲν
2806 2110 2821 2133 ,
2854 2070 3122 2141 σύμϐολον
3155 2073 3254 2142 μὲν
3288 2071 3584 2137 ἀθανασίας
3617 2068 3780 2140 εἶναι,

2186 2163 2446 2233 τρόπαιον
2484 2163 2530 2216 δ’
2561 2162 2827 2233 ὑπάρχειν
2873 2162 2975 2233 τῆς
3024 2163 3166 2216 κατὰ
3213 2163 3307 2217 τοῦ
3338 2164 3569 2219 θανάτου
3601 2165 3781 2235 νίκης,

2186 2255 2254 2328 ην
2294 2256 2389 2307 καὶ
2420 2255 2715 2326 ἐποιήσατό
2747 2272 2877 2309 ποτε
2903 2256 3190 2327 παρελθὼν
3212 2258 3305 2309 ἐπὶ
3329 2259 3433 2329 γῆς
3452 2275 3466 2289 ⁸
3501 2258 3782 2314 ἐδίδασκόν

2186 2364 2246 2399 τε
2276 2346 2374 2409 τὰς
2406 2346 2504 2416 τῆς
2532 2347 2767 2417 παρόδου
2798 2349 2978 2411 αἰτίας
3002 2389 3016 2411 ,
3045 2349 3136 2401 τὸν
3172 2348 3375 2420 ἀκριόἧ
3422 2350 3580 2419 λόγον
3629 2351 3783 2423 αύτῷ

2183 2439 2281 2508 τῆς
2321 2442 2441 2492 κατ’
2476 2439 2799 2510 ἀνθρώπους
2850 2442 3163 2513 οἰκονομίας
3213 2442 3325 2515 (83)
3375 2443 3777 2515 ὑποτιθέμενοι.

2197 2530 2254 2583 Ὁ
2276 2530 2332 2582 δὲ
2361 2531 2456 2584 καὶ
2480 2530 2693 2595 τούτοις
2719 2533 2816 2602 μὲν
2841 2532 3208 2605 ἐμαθητεύετο
3230 2537 3344 2599 τοῖς
3367 2536 3566 2604 λόγοις,
3591 2536 3777 2608 θαῦμά

2183 2620 2228 2674 δ’
2249 2618 2362 2691 εἶχε
2388 2623 2489 2693 τῆς
2518 2623 2815 2694 ὀφθαλμοῖς
2838 2624 2986 2695 αύτῷ
3009 2625 3407 2698 παραδοθείσης
3431 2628 3771 2698 θεοφανείας

2183 2711 2504 2781 συμϐάλλων
2544 2731 2605 2766 τε
2634 2714 2731 2784 τὴν
2762 2715 3011 2786 οὐράνιον
3048 2715 3171 2784 ὄψιν
3214 2719 3280 2787 τῇ
3315 2718 3422 2771 τῶν
3465 2717 3776 2787 λεγομένων

2120 2806 2145 2832 ‘
2181 2803 2468 2873 ἑρμηνείᾳ,
2504 2803 2602 2871 τὴν
2631 2804 2870 2857 διάνοιαν
2896 2806 3233 2876 ἐστηρίζετο,
3260 2805 3599 2861 θεοδίδακτον
3622 2810 3775 2883 αὐτῷ

2177 2894 2275 2967 τὴν
2307 2896 2512 2950 τούτων
2551 2896 2751 2966 γνῶσιν
2794 2899 3048 2968 παρεῖναι
3089 2898 3445 2969 πειθόμενος·
3485 2901 3579 2954 καὶ
3610 2902 3775 2968 αὐτὸς

2176 2987 2221 3041 δ’
2256 2987 2357 3059 ῆδη
2408 2991 2524 3053 τοῖς
2574 2989 2779 3054 ἐνθέοις
2822 2989 3215 3061 ἀναγνώσμασι
3262 2993 3552 3063 προσέχειν
3594 2994 3767 3064 ἠξίου.

493 3068 863 3138 cognitionem
901 3071 993 3125 Dei
1056 3072 1227 3141 ipsius
1263 3072 1582 3145 magisterio
1629 3073 1731 3128 sibi
1790 3074 1929 3128 tradi
1976 3090 2074 3146 pro

2175 3080 2286 3133 Καὶ
2316 3079 2379 3150 δὴ
2405 3082 2532 3145 τοὺς
2561 3081 2654 3136 τοῦ
2688 3082 2822 3135 Θεοῦ
2858 3083 3039 3155 ἰερέας
3075 3084 3380 3156 παρέδρους
3412 3086 3561 3158 αύτῴ
3606 3105 3768 3162 ποιη-

492 3178 645 3229 certo
683 3168 914 3224 habens.
949 3169 1159 3226 Exinde
1192 3171 1427 3240 ipsemet
1452 3171 1763 3226 divinorum
1808 3170 2074 3226 librorum

2183 3172 2439 3242 σάμενος,
2474 3173 2565 3227 τὸν
2607 3173 2840 3243 ὀφθέντα
2872 3174 3007 3229 Θεὸν
3042 3176 3247 3241 πάσαις
3278 3177 3388 3229 δεῖν
3430 3175 3564 3248 ᾠετο
3608 3178 3772 3252 θερα-

489 3259 710 3314 lectioni
765 3275 964 3316 vacare
1025 3263 1304 3330 instituit;
1347 3271 1403 3318 et
1447 3278 1571 3320 cum
1618 3265 1933 3327 sacerdotes
1978 3264 2071 3319 Dei

2180 3264 2361 3328 πείαις
2398 3267 2585 3336 τιμᾷν.
2634 3265 2887 3320 Κάπειτα
2929 3266 3276 3337 φραξάμενος
3319 3271 3441 3331 ταῖς
3481 3271 3563 3333 εἰς
3605 3270 3771 3325 αὐτὸν

488 3351 593 3405 sibi
623 3366 929 3408 assessores
962 3353 1305 3415 adscivisset.
1337 3355 1505 3408 Deum
1544 3354 1694 3408 illum
1726 3369 1885 3423 quem
1917 3355 2068 3408 vide-

2177 3353 2407 3423 ἀγαθαῖς
2441 3356 2672 3419 ἐλπίσιν,
2720 3355 2946 3428 ὥρμητο
2969 3356 3152 3411 λοιπὸν
3180 3358 3275 3412 τοῦ
3305 3360 3629 3433 τυραννικοῦ
3662 3380 3768 3416 πυη

489 3450 597 3506 rat,
626 3443 773 3497 omni
804 3443 1152 3499 observantia
1193 3445 1481 3500 colendum
1528 3459 1649 3499 esse
1698 3444 1874 3499 duxit.
1912 3444 2071 3499 Post-

2182 3447 2273 3516 ρὸς
2296 3447 2395 3519 τὴν
2424 3448 2653 3521 ἀπειλὴν
2687 3451 3064 3505 κατασϐέσων.

486 3536 603 3592 haec
637 3538 877 3593 munitus
914 3553 1012 3609 spe
1075 3540 1214 3595 bona
1275 3554 1436 3610 quam
1483 3540 1538 3595 in
1585 3537 1679 3593 illo
1716 3536 2106 3605 collocaverat,
2157 3542 2427 3615 tyrannici
2480 3542 2682 3600 luroris
2730 3544 3039 3599 incendium
3094 3544 3436 3616 restinguere
3478 3559 3767 3618 aggressa!

485 3636 589 3693 es"
1016 3720 1246 3779 CAPUT
1287 3722 1532 3782 XXXIII.

596 3809 672 3873 De
701 3812 980 3881 adulteriis
1011 3831 1045 3866 α
1072 3814 1345 3869 Maxentio
1386 3814 1568 3870 Romae
1620 3818 1957 3885 perpetratis.

557 3902 766 3973 Quippe
813 3904 905 3958 ille
952 3907 1045 3974 qui
1098 3908 1286 3960 urbem
1326 3907 1531 3979 regiam
1574 3923 1671 3977 per
1720 3908 2062 3978 tyrannidem

482 4006 875 4065 occupaverat,
910 4012 976 4053 eo
1019 3998 1321 4068 impietatis
1368 4015 1433 4054 ac
1469 3998 1660 4070 ﬂagitii
1694 4009 2062 4069 processerat,

481 4098 540 4141 ut
563 4089 795 4157 quodvis
820 4088 1087 4144 nefarium
1120 4100 1281 4158 atque
1311 4091 1584 4160 impurum
1628 4091 1842 4145 l'acinus
1892 4090 2062 4144 auda-

480 4191 599 4248 cter
625 4183 950 4250 susciperet.
982 4181 1192 4236 Etenim
1221 4199 1420 4240 uxores
1443 4197 1541 4259 per
1570 4183 1867 4237 divortium
1891 4199 1919 4235 a
1947 4197 2062 4237 ma-

480 4274 602 4347 ritis
666 4274 944 4345 sejunctas
991 4274 1257 4343 violavit,
1312 4278 1643 4347 easdemque
1704 4275 1935 4331 violatas
1994 4276 2061 4330 ad

2686 3725 3083 3783 ΚΕΦΑΛᾹΙΟΝ
3133 3726 3255 3781 ΔΡ.

2217 3816 2368 3885 ,Περί
2404 3815 2523 3869 τῶν
2552 3815 2891 3880 Μαξεντίου
2919 3815 3203 3886 μοιχειῶν
3228 3815 3347 3870 τῶν
3375 3817 3447 3870 ἐν
3481 3816 3692 3887 Ῥώμῃ.

2243 3908 2353 3961 Καὶ
2402 3907 2510 3980 γὰρ
2548 3907 2612 3979 δὴ
2668 3908 2832 3971 πολὺς
2865 3904 2932 3979 ἦν
2977 3910 3005 3961 ὀ
3046 3908 3221 3980 ταύτῃ
3270 3911 3634 3981 προαρπάσας
3659 3911 3762 3982 τὴν

2174 4000 2561 4071 βασιλεύουσαν
2604 3999 2791 4065 πόλιν,
2838 3999 3177 4063 δυσσεϐείαις
3220 4001 3313 4053 καί
3355 4002 3760 4072 ἀνοσιουργίαις

2168 4092 2456 4164 ἐγχειρῶν,
2487 4093 2564 4155 ὡς
2597 4092 2765 4163 μηδὲν
2804 4091 3060 4162 τόλμημα
3090 4093 3380 4164 παρελθεῖν
3417 4096 3618 4164 μιαρᾶς
3663 4094 3757 4148 κειί⁸

2170 4181 2480 4253 ἀκαθάρτου
2517 4180 2788 4252 πράξεως.
2838 4181 3164 4248 Διαζευγνύς
3194 4182 3258 4250 γέ
3289 4198 3372 4235 τοι
3404 4182 3511 4235 τῶν
3544 4181 3756 4253 ἀνδρῶν

2174 4273 2284 4346 (84)
2330 4273 2428 4337 τὰς
2474 4272 2638 4345 [κατὰ
2667 4272 2830 4344 νόμον
2874 4272 3162 4343 γαμετὰς,
3206 4272 3408 4336 ταύτας
3454 4272 3757 4345 ἐνυϐρίζων

544 4427 828 4502 (80)Vulg.
848 4431 954 4502 τοῦ
972 4430 1403 4501 διαγράφοντος·
1418 4430 1790 4502 ὑφάσματος.
1811 4429 2066 4502 Scri‘hen-

2174 4431 2296 4491 τοὺς
2340 4428 2434 4482 τοῦ
2483 4427 2618 4482 Θεοῦ
2676 4428 2855 4500 ἰερέας
2908 4428 3213 4501 παρέδρους
3252 4427 3401 4499 αὐτῷ
3448 4430 3754 4501 ποιησάμε-

477 4499 603 4575 dum
631 4499 715 4555 est
740 4499 835 4575 τοῦ
860 4499 1279 4575 νδιαγραφέντος,
1309 4504 1358 4555 id
1377 4499 1476 4563 est,
1509 4499 1652 4556 varie
1682 4502 1903 4575 depicti.
1923 4499 2056 4575 Nam

476 4572 721 4627 velamen
742 4573 870 4626 illud
896 4571 1224 4642 purpureum
1256 4576 1398 4642 quod
1424 4589 1490 4627 ex
1512 4584 1745 4626 antenua
1768 4571 2054 4638 pendebat,

475 4655 609 4713 auro
642 4643 935 4713 variisque
964 4642 1159 4713 lapillis
1207 4653 1328 4697 erat
1369 4653 1645 4697 ornatum.
1696 4642 1833 4710 Quid
1871 4648 2053 4713 autem

475 4711 580 4782 sibi
620 4713 853 4765 voluerit
905 4711 1434 4782 Cbristopltorsouus
1489 4714 1714 4777 nescio,
1766 4727 1886 4765 cum
1941 4711 2053 4763 haec

475 4781 693 4835 Eusebii
725 4782 884 4835 verba
926 4784 998 4836 ita
1049 4781 1262 4840 vertit;
1309 4784 1379 4835 ad
1435 4792 1658 4837 texturae
1714 4782 2055 4839 discurrentis

432 4852 441 4859 '
474 4850 900 4924 ﬁmbrias._Nisi_
924 4854 1061 4905 forte
1094 4851 1468 4924 διατρέχοντος
1516 4854 1642 4922 legit
1687 4867 1784 4924 pro
1825 4849 2055 4924 διαγρά-

473 4936 687 4991 φοντος.
733 4920 838 4973 Sed
889 4921 1046 4992 longe
1092 4920 1315 4990 gravius
1359 4925 1540 4990 lapsus
1573 4920 1659 4974 est
1703 4921 1843 4992 idem
1891 4920 2052 4992 Chri-

472 4989 888 5057 stophorsouus,
928 4989 1050 5045 cuiu
1094 4989 1253 5045 verba
1300 4992 1387 5045 illa
1417 4989 1648 5045 Eusebii
1693 4990 1807 5049 ἄνω
1849 4989 2052 5059 μετέω-

538 5076 567 5112 ν
622 5075 743 5128 qum
795 5060 861 5112 ad
923 5076 1108 5116 vocem
1137 5062 1322 5117 εἰκόνα
1369 5061 1705 5123 referuntur,
1768 5064 1834 5113 ad
1887 5075 2053 5111 voca-

511 5130 655 5183 ulum
689 5130 815 5201 δόρυ
852 5131 1059 5185 retulit.
1093 5130 1249 5197 Quod
1292 5131 1667 5191 refutationem
1714 5144 1822 5186 non
1882 5143 2053 5183 mere-

474 5209 583 5253 tur.

536 5267 651 5342 (81)
673 5267 1224 5342 νυίε.,,ρὺδέτε,ρον.
1257 5269 1617 5342 scribendum
1647 5279 1734 5327 est
1760 5269 2050 5342 disiunctis

468 5339 695 5394 vocibus
720 5339 844 5393 οὐδὲ
868 5339 1051 5411 ἕτερον
1077 5378 1090 5403 ,
1120 5342 1201 5395 vel
1229 5339 1419 5393 ούδένα
1452 5341 1659 5411 ἕτερον.
1707 5339 1942 5411 Savilius
1981 5343 2048 5393 ad

473 5425 624 5470 oratu
659 5410 974 5483 su_i_codicis
1003 5412 1313 5483 emendavit
1339 5411 1446 5483 οὐδ’
1484 5410 1670 5483 ἕτερον
1701 5410 1857 5476 Θεόν,
1876 5411 2047 5465 codex

467 5492 647 5537 autem
676 5479 808 5551 Fuk.
842 5482 1000 5551 habet
1030 5478 1308 5551 οὐδέτερον
1329 5480 1482 5534 Θεόν.

532 5551 645 5621 (82)
694 5550 839 5618 Τοὺς
868 5549 988 5604 τῶν
1034 5548 1228 5621 αὐτοῦ’
1257 5551 1457 5620 λόγων
1486 5551 1746 5620 μύστας.
1781 5548 1892 5605 Hoc
1926 5549 2045 5605 loco

467 5619 743 5691 Eusebius
781 5632 965 5691 uoster
1014 5620 1225 5691 μύστας
1263 5619 1510 5689 posuisse
1544 5623 1757 5675 videtur
1803 5635 1901 5687 pro
1942 5637 2044 5691 μυ-

471 5689 801 5758 σταγωγούς.
859 5689 1042 5759 Neque
1101 5692 1246 5744 enim
1309 5692 1530 5745 dubium
1588 5699 1672 5744 est
1732 5692 1863 5759 quin
1923 5690 2041 5758 epi-

465 5775 663 5841 scopos
713 5760 997 5839 intelligat.
1042 5760 1241 5823 Subdit
1290 5762 1435 5827 enim
1472 5760 1634 5836 paulo
1682 5770 1806 5832 post
1844 5761 1939 5821 καὶ
1973 5760 2038 5833 δὴ

2166 4519 2276 4564 νος,
2314 4511 2420 4552 etc.

2231 4571 2342 4639 (85)
2392 4568 2506 4637 Τῆς
2538 4570 2667 4624 κατ’
2700 4568 3045 4636 ἀνθρώπους
3090 4569 3454 4638 οἰκονομίας.
3499 4568 3638 4635 Quid
3670 4571 3750 4625 οἰ-

2158 4641 2392 4712 κονομία
2429 4641 2569 4709 apud
2605 4652 2825 4712 sanctos
2864 4640 3053 4712 Patres
3082 4641 3369 4712 signiticet.
3393 4640 3624 4712 abunde
3650 4656 3749 4694 no-

2160 4714 2266 4765 tavi
2296 4709 2367 4764 ad
2397 4712 2592 4763 librum
2622 4711 2856 4779 primum
2891 4709 3273 4763 Historiarum.
3303 4709 3573 4777 Quidquid
3601 4712 3746 4771 enim

2157 4783 2411 4835 Christus
2458 4781 2509 4833 iu
2554 4795 2720 4833 carne
2758 4780 2821 4831 ad
2867 4781 3147 4833 hominum
3193 4781 3423 4833 salutem
3477 4780 3643 4847 gessit
3686 4791 3747 4832 ιιι

2157 4853 2341 4909 homo.
2376 4851 2427 4904 id
2464 4850 2777 4920 οἰκονομίας
2802 4850 3061 4902 vocabulo
3087 4850 3586 4916 compreltemlitur.
3624 4847 3742 4905 Non

2156 4933 2306 4975 recte
2340 4921 2502 4989 igitur
2526 4922 3052 4988 Clu-istopborsonus
3077 4920 3178 4973 hoc
3206 4920 3324 4974 loco
3350 4920 3745 4989 interpretatus

2153 5001 2259 5049 est.
2282 4988 2485 5045 CltriSti
2514 4990 2653 5043 inter
2683 4991 2930 5044 homines
2956 4991 3341 5043 (BCODOIIIIMD.
3378 4988 3564 5058 Neque
3596 4990 3742 5044 ettitr.

2153 5061 2273 5114 κατ’
2319 5058 2659 5132 ἀνθρώπουςΔ
2686 5061 2966 5132 signiﬁcat
2992 5063 3135 5132 inter
3181 5060 3461 5132 homines;
3508 5061 3601 5113 sed
3640 5074 3739 5126 po-

2155 5132 2264 5185 tius
2310 5128 2595 5191 secu'ndum
2639 5128 2906 5191 homines,
2954 5129 3005 5182 id
3049 5139 3167 5195 est,
3201 5130 3440 5183 humano
3487 5145 3637 5183 more
3675 5144 3743 5183 ac

2153 5204 2336 5253 modo.
2381 5200 2455 5251 Ita
2498 5198 2796 5267 Gregorius
2849 5200 3125 5269 Nyssenus
3169 5200 3221 5269 in
3263 5201 3488 5260 epistola
3543 5200 3605 5252 ad
3639 5199 3744 5253 Eu-

2150 5271 2410 5339 stathinm
2445 5278 2499 5323 et
2530 5268 3028 5339 Anthrusiatnﬁn’
3064 5271 3113 5320 εἰ
3155 5268 3417 5332 ὡσαύτως
3450 5269 3610 5339 ἔχων,
3642 5270 3741 5325 καὶ

2150 5338 2256 5408 πρὸ
2281 5340 2379 5409 τῆς
2419 5338 2539 5416 κατ’
2573 5336 2859 5409 ἄνθρωπον
2897 5339 3208 5408 οἰκονομίας
3231 5380 3245 5405 ,
3289 5340 3385 5393 καὶ
3423 5336 3735 5413 ἐν’έκείνῳ,

2150 5410 2245 5461 καὶ
2274 5407 2409 5461 μετά
2435 5424 2612 5461 τουτο.

2149 5424 2245 5463 και
2274 5424 2409 5463 μετα
2435 5424 2612 5461 τουτο.

2745 5475 2815 5545 τέ
2858 5495 2946 5531 τοι
2978 5475 3096 5531 τῶν
3127 5477 3383 5540 ἀνδρῶν.
3432 5478 3610 5533 Locus
3653 5488 3739 5533 est

2148 5552 2370 5602 mutilus
2419 5559 2477 5602 ut
2523 5558 3003 5618 apparet.__quem
3064 5564 3188 5603 cum
3232 5551 3740 5618 Christophursono

2145 5618 2388 5687 supplevi
2419 5634 2483 5672 ex
2512 5617 2615 5688 lib.
2647 5631 2739 5671 vm
2774 5616 3033 5672 Historia:
3069 5616 3471 5683 ecclesiastica’,
3491 5635 3613 5688 cap.
3641 5618 3731 5673 14.

2148 5689 2204 5742 In
2239 5690 2456 5742 scbedis
2510 5687 2642 5757 Reg.
2680 5688 2831 5742 locus
2883 5688 2971 5742 hic
3024 5690 3090 5741 ad
3152 5692 3449 5757 marginem
3508 5687 3571 5743 su
3614 5688 3732 5756 ple-

2148 5768 2235 5822 ιω·
2272 5760 2375 5822 hoc
2408 5758 2569 5821 modo
2601 5776 2615 5812 :
2676 5755 2775 5820 τὰς
2830 5758 2971 5822 κατὰ
3028 5759 3190 5822 νόμον
3234 5760 3502 5822 γαμετάς,
3538 5707 3732 5822 ngratis

2147 5768 2235 5826 tur
2272 5760 2375 5823 hoc
2408 5758 2569 5821 modo
2596 5755 2615 5812 ξ
2676 5755 2775 5820 τὰς
2830 5758 2971 5823 κατὰ
3028 5759 3190 5831 νόμον
3234 5755 3502 5837 γαμετάς,
3538 5755 3734 5830 aetati;
