4210 6402
490 305 597 372 '95!

1261 307 1485 367 USEBII
1521 311 2000 376 CESARIENBIS
2036 320 2184 376 OPP.
2226 321 2407 380 PARS
2447 326 2487 381 I.
2527 357 2595 367 —
2635 326 3020 386 HISTORICA.

3651 334 3756 391 952

500 440 716 495 quoque
745 424 1017 481 interdum
1044 429 1312 494 mactans,
1340 440 1397 485 et
1420 434 1664 501 quaedam
1685 436 1915 492 nefanda
1949 454 2071 508 per.

2174 445 2271 498 καί
2304 463 2457 511 τινας
2501 448 2896 519 άρῤητοποιίας
2939 449 3030 503 ἐπὶ
3077 449 3347 521 δαιμονων
3394 453 3755 524 προσκιησεις

498 531 667 586 agens
699 532 854 577 sacra
910 518 978 571 ad
1008 519 1285 575 dazmones
1317 526 1648 589 evocandos,
1676 536 1730 582 et
1767 527 1833 582 ad
1876 529 2073 583 bellum

498 609 643 677 quod
673 607 786 678 jam
825 609 1090 674 instabat,
1130 612 1530 681 depellendum.
1559 617 1655 672 His
1683 619 1831 673 enim
1866 619 2075 674 artibus

498 699 786 754 victoriam
829 716 887 755 se
915 702 1238 770 adepturum
1283 707 1558 775 sperabat.
1609 709 1707 766 Hic
1739 710 1904 781 igitur
1945 712 2072 766 dum

495 788 683 854 Roma:
737 791 1074 863 tyrannidem
1129 807 1371 862 exercet,
1421 799 1512 853 vix
1568 800 1678 855 dici
1731 813 1909 871 potest
1940 813 2074 873 quot

497 882 827 952 quantisque
860 883 1019 938 malis
1040 886 1287 941 subditos
1315 894 1651 957 oppresserit
1679 902 1843 963 atque
1875 894 1928 947 in
1955 908 2074 948 ser-

499 971 724 1027 vitutem
754 975 1027 1044 redegerit
1052 992 1069 1031 :
1096 976 1233 1031 adeo
1253 986 1312 1031 ut
1338 981 1404 1033 ad
1428 990 1731 1046 extremam
1747 983 1913 1057 526
1939 984 2072 1040 trusi

495 1062 606 1127 sint
639 1064 1029 1121 alimentorum
1080 1069 1385 1136 penuriam,
1418 1072 1638 1141 qualem
1675 1085 1837 1130 antea
1885 1075 2075 1137 Romae

496 1168 732 1225 npquam
766 1155 957 1225 fuisse,
1009 1158 1160 1214 nulla
1197 1160 1479 1217 hominum
1519 1166 1698 1222 aetatis
1723 1177 1926 1225 nostra;
1958 1185 2069 1228 tne-.-

494 1247 669 1311 moria
699 1252 1039 1308 recordatur.

1017 1342 1250 1400 CAPUT
1284 1344 1550 1408 XXXVII.

738 1429 995 1496 Maxentii
1020 1437 1278 1497 exercitus
1304 1440 1359 1490 in
1384 1436 1553 1492 Italia
1582 1442 1834 1508 superati.

566 1520 648 1583 Ob
682 1522 799 1578 haec
828 1535 1023 1580 cuncta
1056 1527 1243 1584 dolore
1281 1544 1347 1584 ac
1378 1531 1739 1593 miseratione
1766 1543 2072 1592 commotus

492 1613 907 1681 Constantinus,
951 1619 1097 1673 omni
1142 1619 1338 1676 bellico
1390 1634 1656 1693 apparatu
1700 1626 1956 1682 adversus
1989 1637 2072 1699 ty-

491 1705 778 1767 rannidem
808 1708 1223 1769 seseinstruxit.
1249 1711 1496 1782 Cumque
1519 1731 1791 1770 summum
1823 1719 2067 1773 omnium

2174 535 2269 588 καὶ
2312 537 2758 612 ἀποτροπιασμὸν
2803 538 2899 594 τοῦ
2930 539 3166 611 πολέμου
3197 542 3583 613 συνισταμένου
3609 559 3623 573 ο
3666 543 3755 597 διὰ

2173 626 2377 682 τούτων
2408 630 2516 702 γὰρ
2538 632 2640 701 τῆς
2670 632 2827 704 νίκης
2858 635 3155 705 κρατήσειν
3182 631 3425 705 ἧλπιζεν.
3460 633 3618 688 Οὕτω
3655 636 3751 706 μὲν

2173 715 2266 774 οὖν
2308 722 2400 774 ἐπὶ
2444 723 2660 794 Ῥώμης
2692 727 2721 778 ὁ
2756 724 3064 796 τυραννῶν,
3105 726 3205 778 οὐκ
3236 725 3381 783 ἐστιν
3421 728 3624 791 εἰπεῖν,
3664 722 3752 781 οἷα

2172 812 2315 884 δρῶν
2356 816 2483 878 τοὺς
2530 815 2801 886 ὑπηκόους
2845 815 3265 874 κατεδουλοῦτοε
3318 815 3445 883 ὥστ’
3488 818 3589 889 ἤδη
3644 818 3753 876 τῶν

2172 901 2487 973 ἀναγκαίων
2532 908 2748 979 τροφῶν
2797 909 2855 960 ἐν
2902 908 3111 981 ἐσχάτῃ
3160 907 3352 962 σπάνει
3412 908 3506 963 καὶ
3548 911 3751 982 ἀπορίᾳ

2174 998 2529 1067 καταστῆναι,
2582 999 2713 1071 ὅσην
2758 1000 2851 1051 ἐπὶ
2891 997 3111 1070 Ῥώμης
3153 1000 3261 1054 οὐδ’
3299 1000 3488 1055 ἄλλοτέ
3534 1018 3664 1069 ποτε
3701 1005 3749 1072 ρζ

2173 1087 2297 1144 καθ’
2327 1089 2475 1160 ἡμᾶς
2505 1089 2761 1158 γενέσθαι
2792 1089 3243 1162 μνημονεύουσιν.

2647 1359 3046 1419 ΚΕΦΑΛΑΙΟΝ
3081 1358 3203 1413 ΛΖ’.

2238 1437 2421 1507 Ἠττα
2454 1448 2525 1503 ἐν
2565 1449 2782 1516 Ἰταλίᾳ
2820 1449 3154 1514 Μαεεντίου
3198 1452 3672 1522 στρατευμάτω.

2254 1538 2414 1594 Ἀλλὰ
2436 1539 2546 1612 γὰρ
2571 1538 2775 1593 τούτων
2797 1539 3050 1593 ἁπάντων
3077 1537 3257 1595 οἶκτον
3288 1539 3571 1598 ἀναλαϐὼν
3596 1541 3752 1595 Κωντ

2172 1633 2468 1694 σταντῖνος,
2512 1631 2713 1695 πάσαις
2753 1633 3130 1703 παρασκευαῖς
3173 1630 3439 1698 ὡπλίζετο
3485 1632 3626 1686 κατά
3650 1632 3751 1703 τῆς

2170 1719 2499 1791 τυραννίδος.
2527 1720 2573 1773 II
2582 1722 2980 1792 ροστησάμενος
3003 1720 3135 1792 δῆτα
3158 1721 3349 1775 ἐαυτοῦ
3368 1721 3500 1775 Θεὸν
3538 1722 3629 1776 τὸν
3656 1721 3750 1776 ἐπὶ

494 1794 661 1858 Deum
694 1808 978 1875 patronum
1023 1802 1124 1855 sibi
1160 1802 1500 1870 adscivisset,
1531 1805 1917 1879 Christumque
1949 1809 2067 1880 ejus

2169 1810 2406 1873 πάντων,
2441 1810 2661 1882 σωτῆρά
2704 1827 2762 1865 τε
2805 1811 2899 1864 καὶ
2928 1810 3119 1883 βοηθὸν
3149 1813 3619 1885 ἀνακαλεσάμενος
3654 1813 3749 1868 τὸν

494 1886 689 1957 Filium
724 1899 1055 1947 servatorem
1093 1904 1255 1966 atque
1287 1896 1664 1953 auxiliatorem
1702 1899 2059 1967 invocasset;

492 1990 544 2040 et
581 1982 823 2037 victoria:
852 1991 1136 2052 tropaeum,
1171 1987 1410 2042 salutare
1441 1989 1653 2053 scilicet
1681 1990 1895 2061 signum
1933 2005 2061 2051 ante

490 2077 693 2135 milites
719 2093 781 2134 ac
805 2080 1097 2152 stipatores
1128 2099 1257 2139 suos
1287 2088 1590 2153 statuisset,
1630 2105 1754 2143 cum
1785 2091 1932 2145 omni
1977 2106 2072 2147 ex-

489 2170 665 2226 ercitu
705 2186 1026 2243 progressus
1057 2183 1172 2245 est,
1194 2192 1260 2232 eo
1282 2178 1512 2234 consilio
1537 2190 1594 2234 ut
1627 2179 1885 2242 Romanis
1910 2184 2072 2238 libere

491 2270 655 2321 tatem
679 2280 841 2333 quam
870 2280 903 2323 a
932 2266 1229 2336 majoribus
1261 2270 1374 2325 suis
1392 2283 1741 2342 acceperant,
1766 2274 2068 2331 interventu

490 2365 592 2417 suo
644 2353 979 2409 restitueret.
1011 2353 1182 2409 Porro
1223 2371 1345 2411 cum
1380 2357 1689 2415 Maxentius
1736 2363 2068 2433 magicarum

490 2444 690 2509 artium
722 2440 1013 2516 praestigiis
1043 2448 1220 2520 magis
1257 2466 1420 2521 quam
1451 2453 1794 2510 subditorum
1826 2457 2071 2512 benevo-

489 2534 656 2597 lentia
684 2538 955 2607 conﬂsus,
996 2555 1063 2594 ne
1105 2541 1322 2609 quidem
1348 2554 1501 2597 extra
1534 2544 1686 2600 urbis
1728 2555 1912 2616 portas
1943 2562 2069 2616 pro-

488 2627 640 2707 gredi
673 2629 934 2696 auderet;
960 2640 1153 2685 cuncta
1191 2647 1320 2686 vero
1352 2633 1407 2688 in
1438 2634 1669 2695 circuitu
1694 2637 1843 2691 urbis
1874 2633 2066 2696 Romae

488 2735 554 2780 ac
585 2722 749 2779 totius
776 2720 942 2778 Italiae
975 2722 1113 2791 ioca,
1157 2725 1374 2795 Oppida,
1418 2727 1673 2797 regiones
1715 2744 1850 2800 quas
1886 2730 2065 2785 servi-

488 2811 620 2871 tutis
645 2811 780 2881 jugo
809 2827 1098 2883 oppressas
1128 2816 1370 2881 tenebat,
1402 2816 1784 2874 innumerabili
1819 2829 2066 2875 armato-

488 2921 606 2960 rum
640 2906 982 2963 multitudine
1008 2917 1062 2963 et
1095 2908 1375 2978 dispositis
1407 2911 1474 2965 ad
1503 2912 1868 2968 insidiandum
1896 2929 2066 2969 exer-

487 2996 684 3057 citibus
735 2998 974 3068 nudique
1022 3002 1354 3059 muniisset:
1408 3003 1590 3058 divino
1641 3004 1812 3061 fretus
1861 3005 2064 3060 auxilio

485 3088 803 3158 imperator,
839 3091 1093 3159 primam,
1126 3093 1419 3148 secundam
1471 3109 1534 3149 ac
1579 3094 1799 3148 tertiam
1848 3096 2060 3167 tyranni

486 3155 776 3250 aggressus
802 3155 998 3249 aciem,
1026 3187 1241 3240 cunctis
1268 3187 1442 3255 primo
1466 3186 1653 3247 statim
1686 3155 1894 3259 impetu
1924 3187 2060 3251 fusis
2087 3155 2130 3221 ε

484 3287 549 3342 ac
577 3272 801 3345 iugatis,
830 3276 884 3336 in
918 3265 1177 3333 in‘teriora
1210 3276 1378 3337 italiae
1409 3280 1732 3348 penetravit.

997 3368 1228 3425 CAPUT
1269 3368 1555 3427 XXXVIII.

743 3459 1002 3516 Maxentii
1036 3462 1281 3521 interitus
1307 3463 1359 3516 in
1389 3474 1547 3533 ponte
1576 3463 1800 3523 Tiberis.

556 3553 909 3624 Tandemque
937 3556 1005 3610 ad
1038 3555 1213 3626 ipsam
1241 3557 1427 3611 urbem
1460 3556 1688 3612 Romam
1724 3558 1944 3629 propius
1967 3576 2061 3618 ac-

484 3647 672 3703 cessit.
730 3645 928 3701 Verum
978 3662 1044 3701 ne
1090 3646 1250 3700 unius
1289 3648 1505 3717 tyranni
1559 3663 1726 3703 causa
1783 3650 2062 3711 Romanos

484 3751 676 3802 omnes
697 3752 1011 3807 oppugnare
1039 3753 1260 3792 necesse
1285 3738 1536 3801 haberet,
1564 3739 1708 3794 Deus
1729 3740 1877 3796 illum
1905 3743 2060 3810 quasi

485 3827 718 3889 vinculis
766 3829 1088 3898 quibusdam
1133 3829 1491 3883 constrictum
1537 3846 1701 3900 quam
1746 3834 2063 3903 longissime

485 3933 645 3983 extra
698 3922 849 3982 urbis
886 3930 1073 3990 portas
1105 3923 1410 3990 protraxit:
1439 3924 1714 3993 simulque
1744 3924 1923 3993 prisca
1971 3925 2059 3980 illa

482 4020 749 4083 adversus
779 4015 974 4085 impios
1007 4015 1151 4070 edita
1208 4016 1490 4082 miracula,
1538 4033 1661 4086 quze
1702 4019 1876 4073 sacris
1907 4018 2061 4073 volu-

484 4110 723 4179 minibus
777 4109 1150 4171 continentur,
1180 4117 1236 4165 et
1271 4107 1467 4175 quibus
1509 4109 1658 4163 tnulti
1715 4110 1933 4179 quidem
1967 4126 2061 4179 pe-

482 4203 638 4258 rinde
669 4217 733 4255 ac
764 4200 963 4255 fabulis
1004 4200 1161 4255 iidem
1193 4202 1476 4269 demgant,
1508 4216 1631 4255 cum
1679 4210 1856 4256 tamen
1890 4201 2061 4257 ﬁdeli-

481 4290 582 4359 bus
610 4291 713 4346 title
740 4292 900 4360 digna
924 4290 1235 4355 vidcantur,
1261 4289 1470 4345 cunctis
1490 4300 1596 4344 tam
1627 4291 1876 4345 fidelibus
1893 4307 2055 4360 quam

481 4382 790 4452 infidelibus
817 4382 908 4452 qui
939 4383 1045 4437 hoc
1086 4382 1408 4440 miraculum
1445 4384 1589 4465 quod
1633 4383 1833 4437 dicturi
1869 4398 2057 4443 sumus

479 4477 653 4537 oculis
678 4479 794 4534 suis
826 4486 1234 4547 spectaverunt,
1266 4477 1549 4532 verissima
1585 4492 1706 4534 esse
1736 4493 1901 4548 opere
1936 4476 2054 4546 ipso
2087 4505 2132 4560 Β

479 4567 872 4634 comprobavit.
890 4565 1025 4621 Nam
1047 4565 1502 4636 quemadmodum
1528 4566 1694 4622 Mosis
1712 4583 1773 4621 ac
1795 4569 2057 4639 religiosae

478 4661 755 4733 quondam
784 4660 960 4729 gentis
995 4659 1346 4721 Hebraeorum
1379 4659 1733 4729 temporibus,
1766 4658 1908 4714 Deus
1932 4675 2057 4720 cur-

478 4762 573 4818 rus
600 4758 653 4800 et
690 4746 991 4801 exercitum
1026 4745 1327 4807 Pharaonis
1356 4747 1585 4815 proiecit
1620 4749 1673 4802 in
1721 4763 1907 4813 mare;
1946 4750 2056 4805 lec-

479 4837 721 4902 tissimos
750 4837 951 4891 milites
997 4852 1065 4892 ex
1111 4854 1275 4895 curru
1314 4851 1617 4909 pugnantes
1648 4840 1893 4897 tristatas
1920 4842 2053 4897 sub-

478 4930 673 4997 mersit
706 4928 759 4980 in
816 4928 951 4982 mari
986 4926 1205 4997 Rubro,
1257 4939 1315 4985 et
1368 4931 1619 4985 ﬂuctibus
1677 4933 1929 5000 operuit;
1972 4932 2055 4989 sic

479 5019 639 5093 plane
682 5018 845 5092 ⁸27
879 5019 1218 5089 Maxentius,
1256 5030 1311 5082 et
1353 5024 1662 5093 quicunque
1711 5026 1854 5082 circa
1906 5023 2054 5079 illum

477 5122 636 5175 erant
665 5114 865 5167 milites
894 5128 960 5168 ac
996 5114 1306 5182 stipatores,
1339 5115 1517 5171 instar
1544 5114 1742 5182 lapidis
1772 5115 1824 5169 in
1852 5115 2058 5171 altissi-

478 5220 625 5258 nunn
664 5206 931 5275 gurgitem
963 5206 1286 5262 ceciderunt
1321 5228 1335 5264 :
1367 5217 1500 5275 tunc
1527 5209 1780 5269 videlicet
1811 5223 1932 5264 cum
1969 5209 2052 5264 di-

479 5294 605 5358 vina
645 5296 845 5359 virtute
870 5294 1217 5354 Constantini
1264 5300 1513 5375 partibus
1544 5300 1840 5355 auxiliante
1870 5300 1924 5354 in
1960 5299 2045 5354 l‘u—.

544 5449 658 5522 (87)
686 5447 878 5507 Πιστά
899 5466 963 5520 γε
988 5449 1117 5520 μὴν
1144 5450 1403 5519 πιστοῖς.
1431 5450 1561 5507 Post
1591 5453 1706 5508 haec
1734 5453 1897 5507 verba
1920 5452 2050 5507 dee-

474 5533 558 5583 rat
612 5523 664 5576 iu
700 5523 937 5593 editione
970 5522 1480 5593 §tephanijntegra
1527 5523 1692 5586 linea,
1735 5538 1896 5592 quam
1947 5538 2046 5593 nos

472 5604 545 5645 ex
576 5594 768 5648 codice
793 5590 932 5647 Fuk.
982 5590 1113 5645 Sav.
1147 5607 1211 5647 ac
1242 5590 1481 5647 Turn'ebi
1519 5590 1904 5662 supplevimus.
1939 5592 2047 5647 Sed

473 5670 528 5737 et
579 5663 698 5718 sine
750 5663 1135 5737 manuscriptis
1192 5663 1499 5737 codicibus,
1548 5662 1705 5737 facile
1761 5663 1859 5737 fuit
1903 5663 2081 5737 banc.

476 5726 724 5787 lacunam
785 5726 1043 5801 supplere
1070 5747 1135 5800 ex
1191 5731 1283 5789 lib.
1327 5749 1380 5800 ιι
1425 5731 1682 5799 Historia:
1730 5732 2046 5789 ecclesiasti-s

476 5813 573 5862 ω,
598 5816 721 5872 cap.
752 5801 808 5858 9.

2171 1902 2404 1976 Χριστὸν
2434 1901 2619 1966 αὑτοῦ,
2643 1902 2703 1955 τό
2748 1920 2808 1956 τε
2838 1903 3115 1976 νικητικὸν
3152 1903 3434 1977 τρόπαιον,
3461 1904 3520 1958 τὸ
3548 1905 3611 1976 δὴ
3645 1922 3751 1963 σωτ-

2170 1996 2357 2068 τήριον
2380 1996 2624 2065 σημεῖον,
2650 1994 2757 2048 τῶν
2786 1995 2923 2065 ἀμφ’
2953 1995 3114 2048 αὑτὸν
3142 1995 3374 2050 ὁπλιτῶν
3401 2014 3460 2050 τε
3486 1996 3580 2050 καὶ
3603 1995 3749 2067 δορυ,

2171 2088 2352 2159 φόρων
2386 2085 2679 2159 προτάξας,
2710 2087 2895 2157 ἡγεῖτο
2930 2087 3292 2158 πανστρατιᾷ,
3353 2086 3646 2156 Ῥωμαίοις
3680 2084 3748 2139 τὰ

2169 2180 2265 2249 τῆς
2293 2180 2357 2233 ἐκ
2376 2178 2655 2251 προγόνων
2678 2176 2989 2250 ἐλευθερίας
3013 2177 3422 2249 προμνώμενος.
3448 2175 3747 2241 Μαξεντίου

2168 2268 2305 2339 δῆτα
2332 2268 2529 2338 μᾶλλον
2560 2271 2680 2331 ταῖς
2703 2268 2843 2321 κατὰ
2870 2267 3124 2338 γοητείαν
3147 2269 3435 2339 μηχαναῖς,
3471 2267 3504 2338 ἦ
3538 2268 3604 2338 τῇ
3638 2265 3747 2318 τῶν

2169 2362 2422 2432 ὑπηκόων
2453 2360 2874 2433 ἐπιθαρῤοὗντος
2898 2360 3101 2429 εὐνοία,
3122 2358 3403 2431 προελθεῖν
3426 2358 3469 2411 δ’
3493 2358 3603 2412 οὐδ’
3624 2358 3748 2412 ὅσον

2170 2453 2352 2506 πυλῶν
2373 2452 2467 2506 τοῦ
2501 2454 2691 2516 ἄστεος
2720 2451 3137 2522 ἐπιτολμῶντος,
3172 2450 3404 2506 ὁπλιτῶν
3438 2450 3517 2520 τῷ
3554 2449 3748 2522 πλήθει

2168 2547 2260 2601 καὶ
2300 2545 2681 2617 στρατοπέδων
2726 2544 2903 2618 λόχοις
2948 2544 3160 2616 μυρίοις
3217 2542 3395 2596 πάντα
3452 2542 3615 2596 τόπον
3651 2540 3748 2595 καὶ

2168 2643 2352 2713 χώραν
2384 2641 2477 2694 καὶ
2503 2639 2681 2702 πόλιν,
2710 2639 2807 2709 ὅση
2845 2655 2929 2701 τις
2957 2636 3049 2690 ὑπ’
3081 2635 3230 2707 αύτῷ
3255 2634 3566 2699 δεδούλωτο.
3608 2651 3749 2705 φρα-

2171 2733 2424 2808 ξαμένου,
2449 2733 2478 2785 ὁ
2512 2733 2612 2803 τῆς
2644 2734 2709 2786 ἐκ
2738 2728 2874 2785 Θεοῦ
2898 2729 3216 2799 συμμαχίας
3249 2727 3562 2798 ἀνημμένος
3595 2725 3749 2798 βασι-

2169 2827 2314 2891 λεὺς,
2345 2824 2514 2879 ἐπιὼν
2544 2824 2735 2898 πρώτῃ
2762 2825 2855 2877 καὶ
2876 2822 3103 2893 δευτέρᾳ
3125 2821 3215 2874 καὶ
3234 2821 3393 2905 τρίτη
3421 2818 3516 2873 τοῦ
3548 2818 3747 2891 τυράντ

2168 2934 2257 2971 νου
2285 2918 2608 2991 παρατάξει,
2645 2912 2703 2971 εὖ
2743 2916 2887 2989 μάλα
2920 2933 2980 2981 τε
3020 2915 3201 2976 πάσας
3234 2911 3292 2977 ἐξ
3318 2912 3491 2982 αὐτῆς
3520 2910 3743 2983 πρώτης

2164 3009 2343 3079 ὁρμῆς
2372 3007 2797 3081 χειρωσάμενος,
2826 3006 3070 3079 πρόεισιν
3097 3006 3191 3059 ἐπὶ⁸
3223 3003 3471 3057 πλεῖστον
3494 3002 3617 3055 ὅσον
3644 3003 3745 3071 τῆς

2180 3096 2400 3151 Ἰταλῶν
2423 3097 2627 3170 χώρας.
2878 3082 2879 3085 η

2670 3365 3066 3420 ΚΕΦᾹΛᾹΙΟΝ
3106 3364 3233 3417 AH'.

2162 3457 2498 3524 MaEmlov
2526 3457 2776 3525 θάνατος
2795 3459 2866 3512 ἐν
2883 3459 3107 3529 γεφύρᾳ
3129 3454 3396 3524 ποταμοῦ
3427 3452 3738 3522 Τισερίδος,

2238 3553 2376 3625 Ἤδη
2399 3552 2445 3606 δ’
2473 3552 2640 3623 αὐτῆς
2684 3550 2902 3623 Ῥώμης
2936 3550 3169 3622 ἄγχιστα
3193 3544 3280 3620 ἢν.
3302 3545 3417 3601 Εἶθ’
3451 3548 3525 3611 ὡς
3550 3546 3623 3618 μὴ
3644 3544 3740 3600 τοῦ

2160 3632 2427 3716 τυράννου
2469 3643 2627 3717 χάριν
2666 3644 2957 3715 Ῥωμαίοις
2997 3644 3252 3715 πολεμεῖν
3285 3637 3738 3709 ἐξαναγκάζοιτο,

2161 3735 2294 3800 Θεὸς
2326 3737 2488 3802 αὐτὸς
2507 3731 2595 3791 οἷα
2614 3737 2833 3809 δεσμοῖς
2860 3753 2972 3789 τισι
3000 3734 3091 3788 τὸν
3117 3734 3379 3807 τύραννον
3407 3730 3742 3804 πορρωτάτω

2162 3826 2346 3882 πυλῶν
2378 3826 2617 3892 ἐξέλκει,
2654 3830 2749 3883 καὶ
2780 3827 2848 3881 τὰ
2885 3826 3053 3882 πάλαι
3082 3826 3146 3898 δὴ
3178 3828 3298 3879 κατ’
3334 3823 3546 3878 ἀσεόῶν
3575 3821 3650 3884 ὡς
3681 3822 3739 3878 ἐν

2165 3918 2333 3989 μύθου
2365 3919 2508 3991 λόγῳ
2536 3918 2688 3989 παρὰ
2712 3921 2823 3982 τοῖς
2846 3918 3118 3982 πλείστοις
3142 3914 3536 3985 ἀπιστούμενα,
3573 3911 3741 3979 πιστᾲ

2160 4028 2223 4082 γε
2261 4012 2368 4083 μὴν
2403 4013 2614 4074 πιστοῖς
2658 4009 2769 4083 (87)
2813 4012 2985 4082 ἱεραῖς
3041 4008 3244 4079 βίϐλοις
3294 4005 3736 4076 ἐστηλιτευμένα,

2160 4106 2350 4169 αὐταῖς
2384 4103 2657 4177 ἐνεργίαις
2679 4104 2903 4167 ἆπασιν,
2935 4102 3121 4166 ἅπλῶς
3146 4104 3339 4166 εἰπεῖν,
3373 4103 3584 4164 πιστοῖς
3620 4100 3740 4170 ἅμα

2160 4197 2255 4250 καὶ
2310 4196 2589 4261 ἀπίστοις,
2645 4194 2942 4266 ὀφθαλμοῖς
2987 4196 3056 4250 τά
3114 4195 3394 4267 παράδοξα
3444 4192 3739 4263 θεωμένοις

2159 4286 2518 4341 ἐπιστώσατο.
2573 4287 2784 4359 ’Ὥσπερ
2814 4283 2908 4340 οὖν
2949 4288 3038 4340 ἐπ’
3070 4286 3233 4341 αὐτοῦ
3290 4303 3422 4341 ποτε
3456 4283 3736 4346 Μωῦσέως

2161 4380 2255 4439 καὶ
2284 4378 2379 4432 τοῦ
2414 4377 2699 4443 θεοσεϐοῦς
2743 4378 3009 4450 Ἑϐραίων
3031 4380 3240 4446 γένους,
3272 4378 3491 4449 ἅρματα
3537 4373 3737 4446 Φαραὼ

2161 4471 2257 4525 καὶ
2300 4470 2398 4542 τὴν
2446 4469 2675 4540 δύναμιν
2714 4469 2880 4523 αὑτοῦ
2930 4469 3150 4543 ἔρριψεν
3190 4469 3270 4531 είς
3303 4468 3599 4529 θάλασσαν,
3643 4465 3736 4519 καὶ

2158 4562 2475 4625 ἐπιλέκτους
2496 4561 2768 4625 ἀναϐάτας
2786 4560 3078 4633 τριστάτας
3101 4559 3487 4614 κατεπόντισεν
3520 4560 3579 4611 ἐν
3607 4559 3734 4627 ἐρυ-

2158 4653 2284 4726 θρᾷ,
2312 4652 2454 4707 κατὰ
2483 4650 2657 4705 ταῦτα
2686 4652 2750 4723 δὴ
2784 4652 2878 4707 καὶ
2906 4650 3227 4716 Μαξέντιος,
3258 4650 3375 4703 οἵτ’
3406 4650 3544 4720 ἀμφ’
3572 4648 3735 4701 αὐτὸν

2156 4749 2371 4803 ὁπλῖται
2397 4749 2492 4804 καὶ
2520 4748 2831 4820 δορυφόροι,
2871 4748 3062 4801 ἔδυσαν
3092 4749 3173 4811 είς
3203 4745 3364 4817 βυθὸν
3401 4745 3533 4799 ὡσει
3563 4743 3730 4809 λίθος,

2156 4842 2393 4912 ὁπηνίκα
2426 4841 2575 4896 νῶτα
2602 4841 2725 4904 δοὺς
2767 4842 2835 4912 τῇ
2868 4841 2932 4894 ἐκ
2962 4838 3096 4893 Θεοῦ
3131 4838 3267 4911 μετά
3320 4836 3732 4891 Κωνσταντίνου

2156 4933 2406 5004 δυνάμει,
2428 4933 2519 4987 τὸν
2544 4932 2650 5005 πρὸ
2671 4932 2769 5003 τῆς
2794 4931 3021 5004 πορείας
3047 4930 3184 5002 διῄει
3211 4931 3474 5001 ποταμὸν,
3496 4929 3554 4982 ὃν
3569 4927 3733 4992 αὐτὸς

2159 5024 2392 5093 σκάφεσι
2425 5023 2641 5091 ζεύξας,
2684 5025 2776 5077 καὶ
2814 5021 2873 5077 εὖ
2916 5023 3060 5094 μάλα
3104 5021 3452 5095 γεφυρώσας,
3488 5019 3734 5092 μηχανὴν

2156 5113 2378 5186 ὀλέθρου
2400 5113 2519 5167 καθ’
2542 5113 2735 5171 ἐαυτοῦ
2760 5112 3118 5185 συνεπήξατο,
3148 5105 3249 5168 ὧδέ
3274 5129 3350 5182 πη
3379 5113 3519 5166 ἐλεῖν
3534 5110 3623 5165 τὸν
3650 5110 3731 5182 τῷ

2156 5205 2276 5277 Θεῷ
2313 5206 2466 5276 φίλον
2503 5206 2750 5269 ἐλπίσας.
2793 5204 2952 5267 Ἀλλὰ
2981 5204 3118 5276 τῷδε
3159 5205 3259 5276 μὲν
3287 5203 3458 5269 δεξιὸς
3490 5205 3673 5277 παρῆν
3703 5206 3734 5260 ὁ

2154 5296 2319 5365 αὐτοῦ
2368 5298 2520 5363 Θεὸς,
2559 5299 2589 5351 ὁ
2625 5296 2669 5350 δ’
2705 5295 2819 5367 (88)
2852 5295 3004 5350 ἀθεεὶ
3039 5295 3138 5360 τὰς
3171 5295 3433 5368 κρυφίους
3482 5295 3733 5374 μηχανάς

2222 5448 2337 5523 (88)
2370 5447 2554 5521 γυιςη
2590 5447 2657 5523 _‘0
2682 5448 2733 5502 δ’
2757 5446 2925 5503 ἄνευ.
2978 5445 3260 5523 ξοειτοιηιι
3294 5460 3397 5499 vox
3449 5443 3500 5497 in
3539 5441 3728 5523 codice

2152 5510 2333 5573 Μάτηεί
2369 5510 2697 5596 expungitur
2730 5516 3275 5596 u_t_superllua.__Sed
3300 5528 3596 5596 vereor-pe
3626 5510 3730 5596 ali:

2152 5599 2284 5659 quot
2332 5582 2491 5668 voces
2524 5582 2614 5668 ltic
2658 5582 3058 5668 desiderentur.
3096 5585 3348 5668 ‘Savilius
3395 5584 3625 5668 quidem
3660 5582 3728 5668 ad

2152 5654 2302 5735 oram
2327 5660 2415 5735 sui
2439 5658 2643 5735 codicis
2656 5668 2826 5735 notat
2851 5656 3203 5735 supplendum
3230 5669 3353 5710 esse
3381 5654 3481 5725 τῆς
3511 5654 3730 5735 Δτούτου

2257 5728 2429 5795 θείας,
2456 5729 2543 5784 vel
2578 5729 2706 5797 quid
2755 5724 2967 5783 simile.
2991 5727 3057 5797 In
3096 5725 3236 5779 libro
3271 5724 3453 5797 autem
3498 5724 3725 5797 Adriani

2205 5793 2420 5864 tt'rnebi'
2448 5793 2768 5861 emendatur
2825 5798 2855 5861 ὁ
2919 5796 2975 5851 δέ
3025 5793 3224 5861 avom,
3273 5794 3370 5855 sed
3425 5793 3728 5852 recentiore
