4210 6386
423 392 528 450 953

1512 385 1600 440 DE
1643 383 1802 438 V'ITA
1840 381 2310 439 CONSTA'NTIN
2353 383 2480 436 LIB.
2522 378 2565 434 l.

3588 374 3693 426 951

423 509 547 563 καθ’
579 506 770 561 ἑαυτοῦ
799 505 1028 570 δείλαιος
1060 505 1304 576 συνίστη.
1343 505 1462 574 Ἐφ’
1486 501 1530 575 ᾧ
1561 507 1654 560 καὶ
1688 502 1757 577 ἦν
1797 507 1970 558 εἰπεῖν
1994 544 2008 566 ,

2116 519 2237 573 gam
2277 510 2453 565 actus,
2496 498 2716 553 ﬂuvium
2753 495 2855 550 sibi
2887 493 3166 562 obiectum
3201 491 3558 562 pertransiret
3592 509 3608 546 :
3638 493 3690 545 iu

424 597 500 660 ὡς
536 597 643 667 ἀρα
676 617 693 648 ι
733 597 934 651 λάκκον
966 594 1142 668 ὤρυξε
1185 596 1279 649 καὶ
1312 596 1616 666 ἀνέσκαψεν
1638 637 1653 660 ,
1702 597 1797 650 καὶ
1839 599 2012 666 ἐμπε-

428 693 600 741 σεῖται
645 690 726 752 είς
764 687 954 760 βόθρον
989 688 1049 741 ὃν
1093 689 1419 760 εἰργάσατο’
1447 687 1766 760 ἐπιστρέψει
1789 689 1816 741 ὁ
1849 688 2010 750 πόνος

427 781 592 836 αὐτοῦ
629 784 708 844 είς
738 781 978 852 κεφαλὴν
1019 781 1205 843 αὐτοῦ,
1242 781 1337 834 καὶ
1364 782 1456 834 ἐπὶ
1497 780 1739 852 κορυφὴν
1776 780 1941 833 αὐτοῦ
1974 782 2007 851 ή

427 873 608 928 ἀδικία
647 873 811 927 αὐτοῦ
851 873 1240 942 καταϐήσεται.
1276 892 1293 922 i
1337 873 1491 926 Οῦτω
1533 873 1668 943 δῆτα
1698 872 1833 925 Θεοῦ
1891 872 2011 926 νεύ-

431 983 559 1036 ματι
584 965 691 1018 τῶν
719 965 810 1018 ἐπὶ
835 963 926 1017 τοῦ
949 962 1253 1034 ζεύγματος
1280 964 1538 1035 μηχανῶν
1562 964 1654 1018 τοῦ
1685 967 1732 1017 τ’
1754 965 1811 1016 ὲν
1829 964 2010 1028 αὐτοῖς

425 1055 815 1128 ὲγχρύμματος
845 1053 1249 1126 [διαλυθέντος],
1281 1056 1340 1108 οὐ
1365 1056 1506 1108 κατὰ
1530 1054 1720 1125 καιρὸν
1747 1055 1838 1107 τὸν
1858 1053 2010 1107 ἐλπι-

427 1147 642 1211 σθέντα,
695 1147 942 1217 ὐφιζάνει
977 1147 1076 1217 μὲν
1129 1148 1162 1218 ἡ
1205 1147 1474 1210 διᾴὗασις,
1516 1149 1686 1220 χωρεῖ
1723 1146 1768 1198 δ’
1796 1145 2010 1218 ἀθρόως

425 1236 696 1308 αὔτανδρα
752 1236 892 1290 κατά
922 1235 1012 1290 τοῦ
1062 1235 1226 1306 βυθοῦ
1262 1236 1330 1288 τά
1361 1236 1563 1306 σκάφη.
1603 1235 1713 1288 Καὶ
1750 1235 1916 1299 αὐτός
1945 1251 2009 1302 γε

424 1329 640 1401 πρῶτος
673 1329 700 1381 ὁ
734 1327 995 1390 δείλαιος,
1029 1324 1149 1381 εἶτα
1203 1327 1261 1380 δὲ
1289 1327 1383 1381 καὶ
1416 1329 1466 1380 οί
1531 1327 1667 1397 ἀμφ’
1709 1327 1872 1380 αὐτὸν
1902 1327 2008 1379 ὐπ-

423 1421 684 1486 ασπισταί
713 1438 771 1473 τε
822 1421 915 1472 καὶ
935 1419 1246 1491 δορυφόροι,
1374 1418 1444 1472 τὰ
1492 1418 1610 1472 θεῖα
1629 1415 2008 1490 προανεφὼνει

423 1511 600 1580 λόγια.
642 1511 834 1566 ἔδυσαν
867 1509 1000 1563 ὡσεὶ
1035 1509 1292 1582 μόλυϐδος
1313 1512 1372 1563 ἐν
1403 1509 1555 1563 ὐδατι
1585 1509 1819 1581 σφοδρῷ.
1857 1510 2007 1562 ”Ωστ’

423 1604 649 1666 εἰκότως
681 1601 767 1665 ἂν,
805 1603 852 1654 εἰ
879 1603 973 1655 καὶ
1009 1603 1082 1673 μὴ
1116 1601 1316 1669 λόγοις,
1358 1601 1540 1670 ἔργοις
1577 1601 1619 1654 δ’
1650 1597 1744 1653 οὗν
1781 1599 2006 1670 ὁμοίως,

2115 607 2246 660 quo,
2279 600 2441 658 ponte
2481 603 2546 641 ex
2571 585 2788 654 scaphis
2835 583 3148 637 firmissime
3173 582 3551 642 contabulato,
3581 581 3694 646 ipse

2115 681 2418 733 machinam
2453 677 2742 746 quamdam
2776 675 3008 726 insuam
3039 671 3212 739 ipsius
3236 671 3533 738 perniciem
3565 686 3694 724 cun-

2111 777 2407 827 struxerat,
2448 766 2555 819 Deo
2585 765 2838 819 dilectum
2869 763 3168 832 principem
3213 761 3522 828 huiusmodi
3570 760 3694 813 dolo

2115 861 2478 928 interceptum
2510 858 2574 910 iri
2612 870 2862 924 sperans.
2903 854 3100 908 Verum
3139 852 3265 906 huic
3296 852 3512 918 quidem
3550 850 3692 904 Deus

2112 971 2270 1024 quem
2307 954 2541 1018 colebat,
2574 951 2778 1006 auxilio
2810 949 3002 1003 adfuit.
3037 951 3104 1004 At
3129 949 3328 1013 impius
3359 947 3472 1012 ille,
3508 945 3692 1000 occul-

2112 1056 2198 1101 tas
2240 1045 2522 1100 machinas
2559 1044 2610 1096 in
2636 1058 2794 1095 suum
2829 1041 2997 1107 ipsius
3029 1052 3189 1108 caput
3220 1041 3383 1094 miser
3404 1055 3692 1107 compara-

2114 1140 2207 1192 vit.
2243 1136 2476 1190 Proimle
2509 1144 2563 1188 et
2597 1135 2698 1187 hoc
2735 1133 2930 1186 merito
2970 1131 3076 1184 dici
3112 1131 3285 1200 potuit
3317 1148 3330 1184 :
3371 1148 3392 1182 i
3432 1129 3692 1182 Scrobem

2112 1227 2327 1296 aperuit
2359 1235 2526 1294 atque
2556 1223 2766 1288 effodit,
2799 1232 2848 1275 et
2886 1221 2937 1274 in
2971 1219 3184 1275 foveam
3218 1234 3381 1287 quam
3416 1217 3544 1271 fecit
3578 1217 3693 1286 ipse

2113 1319 2331 1375 incidet.
2357 1317 2721 1372 COnvertetur
2749 1314 2903 1368 labor
2926 1311 3042 1378 ejus
3083 1311 3135 1365 in
3198 1310 3478 1379 proprium
3513 1309 3685 1379 ipsius

2111 1423 2292 1479 eaput,
2340 1417 2394 1462 et
2445 1407 2497 1462 in
2546 1406 2804 1460 verticem
2861 1404 3033 1472 ipsius
3096 1401 3362 1469 injustitia
3403 1401 3518 1471 ejus
3562 1402 3696 1455 reci-

2111 1505 2202 1557 det
2222 1503 2265 1556 ².
2289 1520 2308 1554 i
2341 1501 2434 1555 Sic
2463 1501 2627 1568 igitur
2658 1497 2928 1552 machinis
2959 1511 3078 1566 quin
3105 1497 3157 1550 in
3185 1506 3348 1565 ponte
3368 1504 3694 1548 construch

2115 1595 2327 1647 fuerant
2360 1607 2485 1648 cum
2513 1590 2727 1644 occulta
2761 1588 3009 1657 decipula
3043 1598 3290 1657 tempore
3320 1587 3543 1640 tuinime
3573 1602 3697 1654 spe-

421 1692 534 1752 τοῖς
567 1691 708 1761 ἀμφὶ
736 1691 827 1742 τὸν
864 1692 1036 1762 μέγαν
1065 1691 1370 1764 θεράποντα
1402 1691 1660 1755 Μωῦσέα,
1689 1692 1818 1754 τοὺς
1857 1689 2008 1761 παρά

2114 1697 2231 1742 rato
2261 1686 2560 1748 dissolutis,
2588 1683 2858 1738 transitus
2904 1681 3128 1751 quidem
3167 1681 3451 1735 subsidere
3481 1682 3643 1749 cmpit
3675 1698 3692 1739 :

422 1781 557 1838 Θεοῦ
588 1781 686 1852 τὴν
734 1783 890 1850 νίκην
938 1783 1277 1854 ἀραμένους,
1311 1783 1451 1836 αὐτά
1497 1783 1561 1855 δὴ
1612 1783 1681 1836 τά
1726 1782 1868 1836 κατά
1907 1780 2006 1834 τοῦ

2114 1778 2327 1848 navigia
2372 1791 2502 1830 vero
2553 1773 2712 1829 simul
2763 1789 2888 1828 cum
2944 1774 3076 1843 ipsis
3110 1773 3427 1827 hominibus
3474 1785 3697 1841 repente

422 1872 589 1927 πάλαι
635 1873 930 1938 δυσσεϐοῦς
969 1875 1232 1946 τυράννου
1278 1868 1379 1929 ὦδὲ
1425 1893 1543 1938 πως
1600 1877 1856 1946 ἀνυμνεῖν
1912 1874 2006 1926 καὶ

2114 1869 2462 1940 pessumiere.
2492 1866 2559 1920 Et
2588 1866 2777 1920 infelix
2813 1865 2907 1919 ille
2943 1864 3186 1919 omnium
3225 1866 3452 1934 primus.
3493 1865 3690 1920 deinde

420 1962 628 2032 λέγειν’
667 1983 686 2015 i
733 1965 987 2036 ’ᾼσωμεν
1021 1963 1100 2035 τῷ
1145 1964 1355 2038 Κυρίῳ·
1399 1964 1622 2029 ἐνδόξως
1656 1964 1764 2036 γὰρ
1790 1963 2006 2029 δεδόξα-

421 2072 575 2109 σταιο
631 2055 796 2119 ἵππον
844 2055 938 2120 καὶ
987 2055 1264 2128 ἀναϐάτην
1295 2056 1516 2129 ἔρριψεν
1571 2058 1650 2119 εἰς
1692 2055 2006 2122 θάλασσαν,

421 2146 615 2219 βοηθὸς
653 2149 746 2201 καὶ
781 2147 1093 2229 σκεπαστής
1132 2149 1346 2216 ἐγένετό
1378 2166 1466 2218 μοι
1500 2150 1578 2213 είς
1625 2146 1902 2218 σωτηρίαν
1925 2163 1937 2176 ·
1973 2165 1992 2198 ι

419 2238 544 2302 καί·
571 2260 589 2291 i
615 2239 710 2305 Τίς
734 2242 919 2312 ὅμοιός
941 2259 1021 2294 σοι
1052 2243 1107 2293 ἐν
1141 2239 1284 2304 θεοῖς
1304 2280 1319 2305 ,
1347 2241 1539 2312 Κύριε,
1570 2241 1652 2304 τίς
1685 2240 1867 2312 ὅμοιός
1894 2256 2010 2307 σοι;

419 2332 806 2404 δεδοξασμένος
838 2335 894 2386 ἐν
937 2333 1135 2402 ἁγίοις,
1169 2333 1480 2405 θαυμαστὸς
1508 2337 1564 2386 ὲν
1603 2333 1800 2398 δόξαις,
1843 2331 2010 2386 ποιῶν

419 2425 643 2498 τέρατα.
678 2445 697 2476 ›

2113 1960 2292 2016 cuncti
2310 1974 2454 2029 quos
2477 1958 2621 2013 circa
2652 1972 2713 2012 se
2745 1957 2980 2011 habebat
3014 1967 3356 2026 protectores
3381 1971 3442 2010 ac
3468 1957 3698 2024 stipato-

2115 2069 2222 2116 res.
2251 2053 2394 2107 sicut
2423 2051 2606 2105 divina
2641 2051 3012 2120 praedixerunt
3038 2049 3289 2112 oracula,
3323 2051 3496 2104 instar
3521 2050 3699 2119 plum-

2115 2145 2228 2199 beie
2270 2157 2458 2200 massae
2481 2141 2536 2196 in
2571 2141 2897 2195 altissimum
2935 2141 3205 2211 gurgitem
3237 2141 3509 2197 cecidere.
3540 2141 3693 2197 Adeo

2111 2247 2173 2291 ut
2225 2234 2427 2290 milites
2465 2234 2556 2304 qui
2601 2245 2730 2289 tunc
2770 2249 2872 2304 ope
2902 2234 3070 2288 divini
3127 2235 3364 2290 numinis
3410 2237 3696 2291 victoriam

2113 2327 2294 2396 adepti
2327 2334 2472 2390 sunt,
2505 2327 2731 2397 perinde
2761 2343 2824 2383 ac
2853 2326 2984 2382 olim
3023 2327 3284 2382 Israelita:
3311 2344 3445 2398 quos
3471 2345 3698 2397 magnus

2115 2421 2203 2474 ille
2241 2419 2331 2473 Dei
2362 2417 2600 2482 famulus
2632 2418 2810 2474 Moses
2839 2421 3092 2484 ducebat,
3122 2421 3320 2474 merito
3353 2425 3397 2476 si
3431 2436 3536 2474 nOn
3568 2405 3708 2476 νεῖ-³

418 2517 526 2583 bis,
581 2517 772 2572 saltem
823 2517 984 2572 rebus
1036 2517 1170 2587 ipsis
1217 2517 1405 2572 eadem
1456 2534 1576 2586 quin
1610 2518 1685 2572 illi
1735 2516 2007 2586 quondam
2035 2514 2294 2567 adversus
2343 2511 2567 2579 impium
2613 2511 2763 2565 illum
2804 2510 3140 2566 Pharaonem
3185 2513 3455 2565 cantaturi
3499 2512 3700 2567 fuerint

421 2609 474 2664 in
511 2610 655 2665 hunc
709 2612 924 2664 modum
959 2627 974 2664 :
1008 2629 1026 2669 i
1062 2610 1362 2666 Cantemus
1417 2611 1646 2666 Domino
1677 2629 1691 2668 :
1722 2609 2007 2680 magnitice
2037 2604 2179 2660 enim
2206 2603 2544 2673 glorificatus
2589 2613 2693 2658 est.
2722 2603 2933 2674 Equum
2983 2614 3039 2658 et
3085 2617 3428 2658 ascensorem
3475 2603 3703 2673 proiecit

421 2703 474 2766 in
509 2718 679 2757 mare.
721 2703 949 2770 Adjulor
1010 2713 1065 2758 et
1122 2715 1399 2773 protector
1465 2705 1640 2759 factus
1685 2714 1765 2759 est
1828 2701 1957 2757 mihi
1999 2700 2065 2754 ad
2098 2696 2328 2751 salutem
2360 2695 2412 2747 ³.
2441 2715 2460 2748 i
2496 2695 2562 2750 Et
2629 2695 2825 2752 iterum
2866 2713 2880 2750 :
2923 2713 2943 2749 i
2988 2694 3122 2764 Quis
3179 2695 3372 2749 similis
3418 2694 3511 2748 tibi
3561 2696 3704 2751 inter

419 2796 572 2860 deos,
627 2795 878 2862 Domine,
932 2796 1054 2863 quis
1101 2797 1299 2850 similis
1341 2797 1478 2852 tibi?
1533 2797 1884 2857 Glorilicatus
1913 2797 1967 2852 in
1997 2792 2223 2859 sanctis,
2251 2789 2594 2844 admirabilis
2621 2790 2675 2844 in
2717 2789 2914 2857 gloria,
2943 2789 3150 2843 taciens
3179 2787 3425 2860 prodigia
3451 2788 3498 2842 ⁸.
3523 2805 3545 2842 s

930 2887 1328 2946 ΚΕΦᾹΛΑΙΟΝ
1366 2889 1490 2944 AG’.

658 2974 918 3040 Εῑσοδος
950 2975 1021 3028 ἐν
1053 2975 1248 3046 Ῥώμῃ
1287 2978 1770 3032 Κωνσταντίνου.

2647 2879 2881 2938 CAPUT
2917 2879 3160 2935 XXXIX.

2291 2971 2571 3044 Ingressus
2604 2972 2939 3026 Constantini
2967 2973 3024 3026 in
3059 2973 3239 3025 urbem
3274 2970 3516 3027 Romam.

489 3066 674 3120 Ταῦτά
700 3085 758 3120 τε
789 3068 883 3120 καὶ
905 3068 1007 3120 ὅσα
1036 3069 1247 3131 τούτοις
1267 3069 1472 3139 ἀδελφά
1502 3071 1912 3132 Κωνσταντῖνος
1934 3065 2012 3137 τῷ

2189 3066 2316 3124 llaec
2342 3078 2396 3120 et
2427 3067 2532 3120 alia
2567 3067 2759 3119 horum
2785 3079 3042 3135 germana
3072 3078 3192 3116 cum
3218 3064 3609 3118 Constantinus
3631 3077 3700 3120 eo

421 3159 759 3230 πανηγεμόνι
793 3159 887 3212 καὶ
912 3159 1012 3228 τῆς
1036 3161 1193 3231 νίκης
1225 3161 1403 3232 αἰτίῳ,
1435 3160 1578 3222 κατά
1603 3159 1790 3231 καιρὸν
1813 3159 2016 3231 ὁμοίως

418 3250 498 3323 τῷ
537 3252 758 3322 μεγάλῳ
789 3250 1080 3322 θεράποντι
1102 3251 1286 3322 ἔργοις
1315 3253 1498 3316 αὐτοῖς
1529 3254 1869 3324 ἀνυμνήσας,
1897 3251 2014 3320 μετ’

419 3344 701 3406 ιπινικίων
783 3341 1096 3411 εἰσήλαυνεν
1131 3346 1224 3398 ἐπὶ
1254 3345 1353 3417 τὴν
1401 3343 1789 3415 βασιλεύουσαν
1838 3343 2015 3396 πόλιν.

420 3431 628 3495 Πάντες
665 3432 710 3484 δ’
743 3429 951 3500 ἀθρόως
1026 3433 1213 3496 αὐτὸν,
1257 3434 1310 3486 οἵ
1342 3435 1390 3485 τ’
1415 3433 1522 3486 ἀπὸ
1566 3434 1664 3503 τῆς
1710 3433 2016 3504 συγκλήτου

423 3521 639 3594 βουλῆς,
661 3523 714 3577 οῖ
739 3524 786 3575 τ’
809 3523 982 3587 ἄλλως
1033 3527 1310 3591 ἐπιφανεῖς
1336 3524 1430 3578 καὶ
1455 3524 1710 3594 διάσημοι
1740 3524 1848 3576 τῶν
1870 3523 2014 3594 τῇδε,

423 3595 613 3682 ῶσπερ
651 3613 708 3678 ἐξ
748 3615 994 3685 εἱργμῶν
1037 3613 1491 3684 ἠλευθερωμένοι,
1532 3614 1628 3666 σὺν
1665 3614 1826 3665 παντὶ
1858 3613 2017 3684 δήμῳ

437 3703 742 3776 Ῥωμαίων,
783 3707 1028 3778 φαιδροῖς
1077 3709 1340 3780 ὄμμασιν,
1379 3709 1566 3771 αὐταῖς
1617 3706 1838 3777 ψυχαῖς,
1900 3709 2015 3778 μετ’

424 3797 709 3867 εὐφημιῶν
736 3799 832 3851 καὶ
870 3799 1150 3870 ἀπλήστου
1189 3801 1364 3872 χαρᾶς
1398 3800 1722 3869 ὑπεδέχοντο
1743 3817 1755 3829 ·
1796 3799 1933 3870 ὁμοῦ
1967 3799 2015 3851 τ’

427 3887 620 3960 ἄνδρες
661 3891 776 3961 ἅμα
823 3891 1039 3960 γυναιξὶ
1073 3895 1167 3946 καὶ
1211 3892 1368 3946 παισὶ
1417 3891 1510 3944 καὶ
1542 3889 1767 3944 οἰκετῶν
1803 3890 2017 3960 μυρίοις

427 3979 684 4052 πλήθεσι,
720 3979 1002 4054 λυτρωτὴν
1027 3983 1209 4047 αὐτὸν,
1244 3981 1472 4053 σωτῆρά
1500 3999 1558 4035 τε
1588 3983 1682 4034 καὶ
1720 3981 2016 4052 εὐεργέτην

430 4071 580 4152 βοαῖς
607 4073 854 4144 ἀσχέτοις
882 4073 1212 4143 ἐπεφώνουν.
1249 4075 1307 4127 Ὀ
1337 4074 1380 4127 δ’
1402 4075 1650 4153 ἔμφυτον
1689 4073 1786 4144 τὴν
1819 4075 1898 4136 εἰς
1927 4073 2017 4125 τὸν

428 4163 562 4220 Θεὸν
613 4165 899 4219 εὐσέϐειαν
953 4167 1312 4238 κεκτημένος,
1383 4168 1506 4238 μήτ’
1547 4167 1640 4219 ἐπὶ
1694 4169 1814 4230 ταῖς
1867 4166 2016 4237 βοαῖς

432 4254 814 4329 χαυνούμενος,
849 4258 974 4328 μήτ’
1005 4257 1370 4328 ἐπαιρόμενος
1399 4259 1510 4320 τοῖς
1547 4255 1808 4320 ἐπαίνοις,
1847 4257 1944 4327 τῆς
1971 4255 2016 4308 δ’

429 4347 493 4398 ὲκ
530 4344 666 4398 Θεοῦ
699 4347 1104 4432 συνῃσθημένος
1135 4347 1405 4418 βοηθείας,
1457 4347 1872 4428 εὐχαριστήριον
1905 4349 2016 4404 ὰπ-

429 4438 600 4492 εδίδου
624 4425 968 4516 παραχρῆμα
997 4441 1162 4513 εὐχήν
1189 4439 1266 4512 τῷ
1296 4442 1396 4512 τῆς
1429 4425 1587 4512 νίκης
1618 4440 1797 4512 αιτίῳ.

2120 3170 2363 3227 tempore
2415 3173 2670 3227 magnum
2730 3155 2823 3210 Dei
2869 3155 3131 3208 famulum
3173 3154 3373 3209 Mosem
3430 3155 3698 3222 imitatus,

2119 3251 2171 3304 in
2207 3250 2421 3306 laudem
2471 3248 2567 3303 Dei
2613 3249 3000 3302 universorum
3050 3246 3316 3316 principis
3353 3253 3408 3299 et
3459 3245 3702 3302 victoria)

2117 3345 2356 3398 auctoris
2392 3343 2548 3398 factis
2581 3341 2712 3410 ipsis
2745 3340 3058 3402 cecinisset,
3093 3337 3323 3391 Romam
3358 3340 3702 3408 triumphans

2120 3437 2398 3506 ingressus
2444 3446 2548 3490 est.
2604 3433 2915 3502 Omnesque
2965 3434 3174 3503 pariter
3231 3443 3340 3485 tam
3389 3447 3455 3486 ex
3509 3442 3701 3486 senatu

2117 3541 2277 3595 quam
2302 3541 2368 3584 ex
2407 3526 2652 3596 equestri
2687 3526 2904 3587 ordine,
2943 3535 3202 3594 tanquam
3251 3527 3496 3577 carceris
3522 3531 3706 3577 custo-

2117 3617 2203 3670 dia
2240 3615 2490 3681 liberati,
2544 3631 2666 3670 cum
2725 3617 2982 3668 universo
3030 3613 3228 3685 populo
3284 3615 3546 3675 Romano,
3581 3612 3702 3667 Iacto

2119 3707 2265 3762 vultu
2319 3709 2621 3777 faustisque
2664 3707 3156 3762 acclamatimtihns
3203 3723 3327 3762 cum
3389 3707 3700 3776 inexplebili

2118 3801 2314 3870 gaudio
2336 3815 2401 3855 ex
2434 3802 2627 3854 intitno
2653 3800 2957 3854 animorum
2986 3799 3155 3872 428
3177 3799 3369 3854 affectu
3402 3815 3522 3853 eum
3544 3816 3708 3856 esce—

2119 3906 2267 3962 pere.
2311 3892 2373 3946 Et
2409 3893 2592 3946 cuncti
2620 3902 2727 3944 tam
2753 3891 2856 3946 viri
2889 3908 3052 3961 quam
3082 3893 3338 3946 mulieres
3368 3909 3490 3946 cum
3515 3891 3705 3946 liberis

2117 3995 2172 4037 et
2213 3983 2425 4039 inlluita
2476 3984 2807 4038 famulorum
2853 3985 3224 4050 multitudine,
3256 3983 3408 4036 illum
3446 3984 3704 4037 liberato-

2119 4090 2256 4138 rem,
2294 4086 2629 4130 servatorem
2675 4091 2738 4130 ac
2768 4075 3034 4130 bonorum
3063 4082 3369 4136 auctorem.
3399 4076 3702 4133 incredibili

2119 4167 2362 4222 clamore
2392 4184 2554 4236 quem
2601 4185 2762 4222 nemo
2801 4169 3066 4223 cohibere
3099 4179 3310 4238 poterat
3337 4171 3698 4240 appellabant.

2119 4259 2316 4313 Verum
2343 4261 2434 4314 ille
2448 4261 2703 4329 pietatem
2721 4263 2773 4316 ili
2802 4263 2966 4316 Deum
2988 4263 3144 4330 quasi
3171 4263 3386 4316 insitam
3415 4263 3514 4316 sibi
3541 4275 3703 4333 atque

2121 4351 2364 4405 innatam
2416 4369 2635 4425 gerens.
2688 4370 2787 4409 nec
2842 4355 3148 4425 hujusmodi
3191 4356 3700 4419 acclatnatiouilms,

2049 4435 2092 4490 1)
2126 4459 2226 4497 nec
2255 4443 2506 4498 laudibus
2527 4445 2703 4499 elatus
2732 4455 2839 4500 est.
2879 4449 2985 4502 Sed
3014 4463 3137 4501 cum
3168 4447 3260 4500 Dei
3304 4447 3567 4499 auxilium
3599 4446 3702 4500 sibi

431 4536 672 4592 adfuisse
716 4539 885 4607 probe
942 4539 1291 4607 intelligeret,
1327 4538 1471 4592 illico
1505 4539 1744 4593 victoriae
1789 4539 1998 4594 auctori
2032 4541 2330 4611 gratiarum
2373 4543 2641 4597 actionem
2677 4543 2903 4613 supplex
2943 4546 3205 4615 rependit.

963 4653 1358 4707 ΚΕΦΑΛΑΙΟΝ
1398 4653 1485 4708 Μ’.

429 4747 571 4815 Περὶ
599 4746 955 4815 ἀνδριάντος
971 4745 1180 4824 αὐτοῦ,
1213 4746 1481 4824 σταυρὸν
1507 4745 1890 4821 κατέχοντος,
1919 4745 2020 4800 καὶ

965 4815 1076 4884 τῆς
1104 4815 1462 4885 ἐπιγραφῆς.

501 4909 692 4981 Γραφῇ
713 4925 773 4971 τε
803 4908 1014 4994 μεγάλῃ
1050 4908 1158 4979 (89)
1188 4908 1282 4960 καὶ
1306 4907 1548 4979 στήλαις,
1589 4907 1792 4961 ἅπασιν
1813 4906 2020 4980 ἀνθρώ-

432 5016 556 5064 ποις
599 4999 662 5053 τὸ
700 5001 966 5071 σωτήριον
1012 4999 1411 5070 ἀνεκηρύττετο
1453 5001 1699 5068 σημεῖον,
1747 4999 1890 5080 μέσῃ
1944 5002 2012 5072 τῇ

433 5091 791 5164 βασιλευούσῃ
824 5091 976 5145 πόλει
1028 5092 1174 5163 μέγα
1210 5091 1471 5164 τρόπαιον
1507 5092 1660 5146 τουτί
1709 5091 1853 5145 κατά
1905 5093 2014 5148 τῶν

431 5184 704 5256 πολεμίων
730 5183 971 5265 ἐγείρας,
998 5182 1293 5256 διαρρήδην
1337 5184 1450 5255 (90)
1496 5201 1556 5236 τε
1607 5182 2012 5256 ἀνεξαλείπτοις

501 5305 524 5338 ³
552 5304 697 5362 Psal.
721 5321 818 5370 vn,
839 5305 928 5374 16,
957 5307 1047 5362 l7.
1119 5307 1142 5339 ³
1169 5306 1338 5362 Exod.
1370 5321 1459 5372 xv,
1487 5307 1541 5372 1,
1571 5307 1628 5360 2.
1704 5306 1726 5338 ⁸
1753 5307 1882 5364 ihid.
1912 5308 2004 5365 ll.

432 5441 620 5488 manu.
648 5425 854 5482 Orionis
885 5427 1098 5481 scilicet
1131 5427 1394 5483 Turnebi.
1432 5428 1566 5482 Nam
1606 5427 1882 5483 Adrianus
1912 5443 2007 5485 vo-

432 5510 551 5554 cem
583 5497 711 5550 ἄνευ
750 5508 807 5549 ut
841 5498 1170 5566 superﬂuam
1201 5508 1561 5566 expunxerat.

505 5568 620 5636 (89)
667 5565 879 5636 Γραφῇ
913 5565 994 5621 τε
1042 5565 1299 5639 perdta.
1357 5570 1410 5623 In
1460 5567 1795 5638 Panegyrico
1843 5566 2012 5623 Euse-

437 5637 507 5706 bij
561 5639 629 5710 ile
685 5639 1080 5710 tricennalibus
1124 5637 1466 5710 Constantini
1523 5637 1718 5708 legitur
1754 5639 1908 5710 φωνῇ
1951 5656 2012 5692 τε

438 5707 672 5782 μεγάλῃ,
723 5707 866 5782 quod
911 5707 1792 5782 equidempraeferenduiuputo.
1844 5707 2015 5782 Porro

434 5779 503 5832 ab
535 5779 619 5832 his
639 5778 832 5833 verbis
866 5792 992 5833 novi
1023 5779 1220 5850 Capitis
1262 5780 1586 5850 sectionem,
1622 5778 1894 5846 inchoavi,
1923 5794 2012 5842 se-

2715 4655 2945 4710 CAPUT
2989 4655 3101 4720 XL.

2195 4743 2274 4800 De
2302 4744 2642 4804 Constantini
2665 4757 2846 4829 statua
2874 4766 3079 4830 crucem
3106 4759 3333 4814 tenente,
3351 4759 3396 4803 et
3425 4749 3490 4804 de
3519 4749 3634 4820 ejus

2725 4833 3090 4887 inscriptione.

2194 4908 2262 4963 Et
2291 4909 2437 4964 clara
2465 4924 2601 4965 voce
2639 4925 2704 4965 ac
2739 4911 3015 4965 titulorum
3051 4912 3519 4982 inscriptionibus,
3551 4913 3706 4968 salu-

2127 5007 2244 5056 tare
2293 5002 2504 5073 signum
2554 5003 2771 5058 cunctis
2824 5003 3138 5057 hominibus
3174 5006 3522 5058 annuntiavit
3554 5023 3568 5059 :
3603 5005 3706 5061 hoc

2124 5103 2329 5163 tropaeo
2355 5099 2408 5150 in
2433 5098 2613 5152 medio
2634 5099 2786 5153 urbis
2817 5100 2980 5167 regiae
3005 5099 3267 5154 adversus
3293 5101 3478 5155 hostes
3499 5114 3704 5168 erecto,

2119 5197 2286 5258 atque
2318 5188 2422 5244 hoc
2450 5191 2675 5245 salutari
2726 5193 2884 5263 signo
2928 5190 3074 5260 quod
3109 5193 3320 5261 imperii
3372 5191 3602 5246 Romani
3639 5207 3704 5248 ac

2123 5437 2287 5485 cutus
2330 5426 2714 5480 auctoritatem
2747 5423 2951 5480 codicis
2991 5421 3144 5494 Regii
3174 5461 3190 5488 ,
3225 5434 3278 5478 et
3312 5421 3446 5477 Fuk.
3499 5419 3695 5490 quibus

2126 5498 2478 5553 consentiunt
2507 5498 2720 5550 schedia
2761 5509 2986 5548 \BICI't'S.

2183 5567 2298 5636 (90)
2331 5565 2514 5633 Vulg.,
2543 5564 2874 5636 διαρῤήδην
2902 5563 2998 5636 δέ.
3039 5563 3258 5636 Rectius
3287 5560 3700 5636 in_Panegyri_co

2123 5629 2320 5708 legitur
2351 5629 2654 5709 διαρρήδην
2674 5629 2914 5709 ⁷τε’,4ιέι(ι.
2955 5635 3073 5709 Msx
3113 5635 3248 5709 codd
3332 5629 3466 5709 Fnk.
3507 5629 3697 5709 «διεδη-

2273 5699 2500 5762 νεὼυὶιὶ
2536 5699 2883 5763 addunthoc
2921 5706 3119 5762 modo:
3159 5703 3527 5772 φυλακτήριον
3562 5699 3701 5753 ἀπο-

2181 5791 2376 5832 οειγεν.

2181 5777 2376 5848 δειχεν.
