4210 6390
546 319 654 377 956

1234 321 1514 380 EUSEBII
1554 320 2036 379 CAESARIENSIS
2070 319 2222 379 OPP.
2262 319 2443 377 PARS
2481 322 2520 376 Ι.
2560 352 2631 363 —
2667 318 3062 379 HISTORICA.

3696 326 3801 383 956

543 440 715 494 mlius
770 439 916 493 orbis
951 441 1261 509 pricsidinm
1301 452 1408 505 est,
1445 441 1751 496 litterarum
1784 443 1927 496 uotis
1982 456 2087 496 nun

2180 450 2198 498 ι,
2226 437 2537 510 ἐγχαράξας
2558 438 2770 502 τύποις,
2798 437 3064 508 σωτήριον
3096 436 3246 490 τουτ).
3279 440 3501 512 σημεῖον
3530 437 3629 510 τῆς
3670 440 3802 494 Ῥω-

541 544 705 598 quam
740 531 1040 584 iuterituris
1074 531 1264 589 inciso.
1315 531 1507 587 Statim
1537 548 1666 604 ergo
1696 535 1980 590 sublimem
2014 534 2114 588 ba-

537 631 676 676 stam
709 623 761 676 in
796 624 1009 677 modum
1041 624 1244 686 crucis,
1275 626 1376 680 sub
1421 643 1637 680 manum
1679 636 1872 681 statua:
1899 642 2009 682 suae
2058 628 2109 682 in

536 712 891 769 celeberrimo
928 714 1080 768 urbis
1135 715 1253 768 loco
1298 717 1424 786 poni
1467 716 1650 785 jussit,
1701 727 1757 772 et
1806 716 2109 785 hujusmodi

538 803 947 874 inscriptionem
976 805 1169 861 Latino
1194 821 1447 861 sermone
1475 807 1701 873 subjici:
1738 807 1850 862 Hoc
1880 808 2109 862 salutari

534 894 683 963 signo
724 896 863 965 quod
898 914 1031 951 verte
1084 897 1291 952 virtutis
1337 909 1707 967 argumentum
1753 911 1854 962 est,
1882 909 2107 953 vestram

532 986 713 1038 urbem
732 989 1021 1056 tyrannica:
1050 988 1429 1040 dominationis
1442 987 1572 1057 jngo
1594 987 1867 1041 liberatam
1887 990 2113 1042 servavi:

534 1073 755 1129 Senatui
781 1077 1075 1145 populoque
1100 1076 1340 1130 Romano
1360 1077 1413 1129 in
1430 1076 1720 1129 libertatem
1745 1086 1944 1130 asserto
1964 1078 2106 1150 pris-

2223 530 2401 600 μαίων
2435 531 2610 602 ἀρχῆς
2641 530 2734 583 καὶ
2780 528 2882 601 τῆς
2925 528 3151 583 καθόλου
3204 529 3479 600 βασιλείας
3522 531 3802 604 φυλακτή-

2226 637 2357 692 ριον.
2393 620 2600 673 Αὐτίκα
2653 619 2697 672 δ’
2731 614 2823 672 οὖν
2857 618 3059 689 ὑψηλὸν
3098 619 3224 691 δόρυ
3275 620 3509 692 σταυροῦ
3559 623 3799 693 σχήματι

2219 713 2323 766 ὑπὸ
2353 715 2509 784 χεῖρα
2532 713 2667 776 ἰδίας
2688 715 2898 775 εἰκόνος
2913 714 2970 765 ὲν
2998 711 3271 783 ἀνδριάντι
3303 714 3794 786 κατειργασμένης,

2214 802 2324 855 τῶν
2355 805 2447 856 ἐπὶ
2488 803 2706 874 Ῥώμης
2747 804 3252 875 δεδημοσιευμένων
3286 806 3344 858 έν
3374 804 3523 875 τόπῳ
3564 807 3798 876 στήσαν-

2215 912 2334 958 τας.
2382 896 2550 967 αὐτὴν
2595 896 2657 966 δὴ
2688 898 2890 968 ταύτην
2929 895 3026 967 τὴν
3062 895 3301 968 γραφὴν,
3350 899 3588 968 ῥήμασιν
3632 899 3796 968 ὲγχα-

2219 987 2376 1059 ράξαι
2418 990 2488 1058 τῇ
2536 989 2820 1059 Ῥωμαίων
2866 986 3214 1057 ὲγκελεύεται
3263 990 3447 1058 φωνῇ’
3496 989 3687 1051 Τούτῳ
3713 987 3793 1054 τῷ

2215 1078 2572 1147 σωτηριώδει
2612 1081 2856 1148 σημείῳ,
2906 1077 2987 1144 τῷ
3031 1077 3247 1145 ἀληθεῖ
3271 1079 3502 1149 ἐλέγχῳ
3547 1078 3660 1148 τῆς
3686 1079 3792 1136 ἀνι

533 1167 704 1218 tinum
737 1167 896 1220 decus
917 1167 1209 1220 nobilitatis
1234 1166 1666 1235 splendoremque
1696 1167 1922 1221 restitui.

2214 1169 2405 1238 δρίας,
2444 1169 2558 1237 τὴν
2582 1173 2765 1223 πόλιν
2801 1169 2969 1239 ὑμῶν
2994 1168 3170 1240 ζυγοῦ
3202 1170 3561 1237 τυραννικοῦ
3582 1170 3789 1225 διασω-

531 1258 743 1313 θεῖσαν
765 1260 1181 1327 ἠλευθέρωσα·
1209 1261 1297 1316 ἔτι
1319 1259 1449 1328 μὴν
1484 1261 1581 1314 καὶ
1647 1260 1762 1328 τὴν
1806 1264 2155 1333 σύγκλητον
2204 1266 2303 1320 καὶ
2344 1266 2452 1319 τὸν
2491 1264 2686 1335 δῆμον
2716 1266 3037 1335 Ῥωμαίων,
3084 1263 3162 1334 τῇ
3204 1266 3425 1335 ἀρχαίᾳ
3472 1266 3788 1337 ἐπιφανείᾳ

527 1354 630 1409 καὶ
655 1358 1027 1426 λαμπρότητι
1053 1355 1460 1424 ἐλευθερώσας
1483 1358 1965 1427 ἀποκατέστησα.

1109 1492 1337 1548 CAPUT
1375 1493 1514 1549 XLI.

549 1605 858 1663 Exsultatio
898 1607 1284 1676 provinciarum
1315 1616 1361 1661 et
1387 1609 1690 1679 largitiones
1712 1608 2064 1665 Constantini.

2719 1494 3115 1550 ΚΕΦΑΛΔΙΟΝ
3149 1495 3286 1549 MA'.

2238 1589 2625 1659 Εὐφροσύναι
2677 1588 2829 1642 κατὰ
2876 1587 2985 1654 τὰς
3034 1586 3346 1659 ἐπαρχίας,
3399 1583 3501 1637 καὶ
3538 1582 3751 1653 δωρεαὶ

2751 1657 3229 1711 Κωνσταντίνου.

595 1743 652 1797 In
682 1744 826 1798 hunc
854 1744 1077 1796 modum
1105 1743 1198 1796 Dei
1232 1743 1637 1797 amantissimus
1668 1743 1969 1811 imperator
1987 1745 2087 1800 vic-

2288 1749 2346 1803 Ὀ
2396 1749 2496 1819 μὲν
2546 1743 2638 1802 οὗν
2670 1748 2920 1819 θεοςριλὴς
2955 1747 3206 1818 βασιλεὺς
3243 1743 3346 1801 ὧδέ
3386 1765 3462 1817 πη
3505 1746 3600 1801 τοῦ
3631 1764 3779 1803 νικο-

525 1834 680 1888 tricis
726 1832 905 1888 crucis
948 1832 1347 1887 confessionem
1400 1848 1513 1902 prae
1559 1848 1616 1888 se
1665 1833 1869 1899 ferens,
1900 1834 2094 1889 Filium

524 1927 617 1980 Dei
664 1924 923 1979 Romanis
960 1923 1132 1978 libere
1178 1933 1341 1993 atque
1388 1925 1622 1995 ingenue
1656 1925 1991 1994 praedicavit.
2030 1927 2096 1980 Et

519 2021 700 2075 cuncti
732 2016 823 2086 qui
878 2015 1065 2069 urbem
1105 2015 1455 2082 incolebant,
1507 2025 1617 2068 tam
1669 2026 1891 2071 senatus
1930 2031 2096 2085 quam

517 2109 765 2181 populus,
815 2117 1001 2178 utpote
1046 2108 1242 2162 acerba
1289 2117 1345 2162 et
1388 2108 1668 2179 tyrannica
1723 2108 2095 2164 dominatione

516 2199 752 2262 liberati,
804 2199 1077 2265 respirare
1106 2197 1509 2264 quodammodo
1557 2205 1609 2252 et
1663 2198 1900 2265 purioris
1951 2198 2092 2254 lucis

514 2291 682 2344 radiis
705 2288 905 2358 perfrui
930 2289 1033 2342 sibi
1063 2287 1574 2357 videbantur,atque
1601 2288 1653 2343 in
1681 2305 1872 2343 novam
1899 2306 2090 2359 quam-

2200 1837 2354 1892 ποιοῦ
2385 1838 2617 1911 σταυροῦ
2650 1838 2909 1909 ὁμολογίᾳ
2944 1838 3409 1909 λαμπρυνάμενος,
3438 1838 3534 1890 σὺν
3562 1840 3777 1911 “apis?

2200 1932 2291 2003 σία
2311 1932 2479 2003 πολλῇ
2513 1934 2603 1984 τὸν
2629 1931 2756 1984 Υἱὸν
2786 1930 2877 1983 τοῦ
2904 1930 3038 1983 Θεοῦ
3076 1930 3365 2000 Ῥωμαίοις
3400 1930 3583 1993 αὐτοῖς
3630 1929 3771 1999 γνώ-

2203 2041 2359 2095 ριμον
2392 2024 2583 2078 ὲποίει.
2620 2024 2823 2086 Πάντες
2855 2023 2898 2075 δ’
2932 2021 3143 2093 ἀθρόως
3177 2023 3225 2075 oi
3255 2021 3352 2092 τὴν
3382 2021 3533 2075 πόλιν
3563 2022 3772 2076 οίκοῦν-

2199 2133 2311 2181 τες,
2357 2120 2494 2189 αὐτῇ
2547 2120 2835 2191 συγκλήτῳ
2879 2120 2973 2173 καὶ
3014 2120 3200 2190 δήμων
3240 2120 3519 2192 πλήθεσιν,
3570 2120 3772 2174 ὡσανεὶ

2200 2211 2399 2280 πικρᾶς
2454 2211 2548 2264 κα).
2589 2212 2912 2283 τυραννικῆς
2945 2213 3377 2277 ἀναπνεύσαντες
3430 2212 3767 2276 δυναστείας,

2198 2302 2371 2370 φωτὸς
2404 2302 2697 2358 ἀπολαύειν
2730 2304 2945 2356 ἐδόκουν
2978 2302 3375 2376 καθαρωτέρων
3406 2303 3610 2373 αὐγῶν,
3644 2322 3767 2358 και-

513 2381 636 2435 dam
668 2381 835 2433 vitam
865 2380 1103 2433 renasci.
1135 2378 1337 2433 Gentes
1366 2394 1579 2448 quoque
1620 2381 1889 2435 universae
1921 2393 2087 2452 quot-

2194 2393 2284 2446 νοῦ
2307 2411 2365 2446 τε
2402 2394 2497 2447 καὶ
2527 2394 2648 2448 νέου
2683 2395 2797 2465 βίου
2842 2397 3259 2465 παλιγγενεσίας
3293 2397 3562 2468 μετέχειν.
3597 2398 3764 2469 Ἐθνη

511 2481 644 2541 quot
679 2470 1002 2526 occidentali
1040 2485 1243 2525 oceano
1274 2470 1659 2537 terminantur,
1694 2472 1943 2540 pristinis
1975 2488 2087 2527 ma-

2188 2501 2249 2537 τε
2272 2485 2430 2538 πάνθ’
2456 2487 2558 2540 ὅσα
2583 2487 2808 2558 ὠκεανῷ
2862 2487 2940 2558 τῷ
2983 2488 3125 2541 κατά
3173 2488 3369 2543 δύοντα
3415 2490 3568 2560 ἥλιον
3605 2507 3765 2563 περι-

510 2564 578 2618 lis
624 2563 891 2628 liberatae,
922 2564 1092 2617 festos
1139 2563 1255 2615 dies
1292 2577 1412 2617 cum
1445 2563 1589 2617 omni
1639 2565 1914 2620 hilaritate
1950 2567 2086 2621 cele-

2186 2574 2431 2646 ωρίζετο,
2458 2576 2565 2630 τῶν
2600 2579 2728 2648 πρὶν
2751 2578 3076 2649 συνεχόντων
3110 2578 3294 2634 κακῶν
3325 2579 3761 2651 ὴλευθερωμένα,

508 2656 782 2720 brabant;
813 2651 1231 2708 Constantinum
1275 2653 1562 2721 victorem,
1595 2655 1687 2710 Dei
1719 2658 1986 2721 amicum,
2020 2659 2086 2712 de

2186 2667 2523 2737 πανηγύρεσι
2560 2670 2810 2740 φαιδραῖς
2850 2670 3327 2740 ὲνευφραινόμενα,
3378 2671 3469 2724 τὸν
3520 2671 3760 2727 καλλίνι-

504 2745 763 2801 omnibus
801 2744 941 2799 bene
996 2744 1252 2798 meritum
1304 2744 1580 2799 continuis
1624 2745 1794 2818 429
1833 2746 2083 2803 laudibus

2183 2776 2297 2823 κον,
2321 2760 2411 2813 τὸν
2438 2759 2684 2830 θεοσεϐῆ,
2728 2760 2818 2813 τὸν
2850 2762 3028 2813 κοινὸν
3069 2761 3384 2833 εὐεργέτην,
3420 2763 3760 2834 ἀνυμνοῦντα

504 2838 887 2907 praedicantes.
934 2836 1071 2891 Eum
1117 2835 1299 2890 cuncti
1343 2851 1629 2893 commune
1674 2840 1947 2908 quoddam
1986 2839 2083 2895 bo-

2180 2849 2467 2915 διετέλουν,
2494 2856 2641 2924 φωνῇ
2678 2871 2737 2907 τε
2769 2855 2868 2925 μιᾷ
2895 2854 2989 2907 κα).
3020 2854 3099 2906 ένὶ
3126 2855 3374 2925 στόματι,
3405 2856 3585 2909 κοινὸν
3615 2856 3757 2924 ἀγα·

504 2946 656 2994 nutn,
685 2929 781 2983 Dei
810 2930 1148 2999 benignitate
1180 2929 1417 2983 humano
1441 2932 1626 3000 generi
1650 2931 1912 2986 donatum
1955 2932 2078 2986 illu-

2180 2942 2271 2998 θὸν
2299 2944 2606 3016 ἀνθρώποις
2631 2946 2694 2999 ὲκ
2727 2946 2859 3000 Θεοῦ
2895 2947 3118 3019 χάριτος
3152 2948 3202 3001 ol
3236 2950 3437 3012 πάντες
3467 2950 3758 3004 Κωνσταν-

502 3021 671 3084 κίεεε,
696 3036 804 3076 uno
855 3035 951 3075 ore
982 3030 1141 3089 atque
1174 3035 1279 3073 una
1308 3036 1442 3075 voce
1475 3026 1833 3078 testabantur.
1877 3025 1982 3080 Sed
2023 3034 2080 3081 et

2180 3038 2321 3090 τῖνον
2349 3037 2661 3108 ὡμολόγουν
2689 3039 3015 3110 ἐπιλάμψαι.
3072 3040 3337 3095 Ἦπλοῦτο
3382 3042 3439 3096 δὲ
3484 3044 3577 3095 κα),
3606 3044 3759 3113 βασι-

504 3114 852 3180 imperatoris
888 3113 1083 3169 littera:
1117 3116 1321 3185 ubique
1369 3117 1664 3185 proposita:
1702 3115 2028 3183 legebantur
2054 3160 2070 3185 ,

2180 3127 2329 3181 λικὸν
2375 3128 2690 3200 ἁπανταχοῦ
2736 3109 2988 3200 γράμμα,
3042 3135 3156 3195 τοῖς
3207 3132 3305 3203 μὲν
3347 3132 3447 3196 τὰς
3495 3109 3757 3204 ὑπάρξεις

500 3206 699 3275 quibus
748 3206 783 3259 ii
822 3206 914 3275 qui
973 3206 1130 3261 bonis
1173 3209 1286 3262 suis
1327 3208 1542 3276 spoliati
1596 3206 1845 3271 fuissent,
1889 3223 2076 3263 eorum

2180 3221 2548 3291 ὑφαρπαγεῖσι
2571 3223 2669 3293 τὴν
2698 3222 2804 3276 τῶν
2827 3225 3042 3279 οἰκείων
3066 3224 3363 3277 ἀπόλαυσιν
3394 3224 3753 3295 δωρούμενον,

500 3298 903 3368 possessionem
940 3300 1210 3356 beneficio
1243 3303 1518 3372 principis
1556 3301 1988 3371 recuperabant;
2023 3314 2079 3359 et

2180 3311 2302 3374 τοὺς
2328 3311 2371 3363 δ’
2402 3312 2585 3365 ἄδικον
2627 3313 2844 3385 ὲξορίαν
2875 3315 3295 3385 ὑπομείναντας,
3330 3315 3421 3368 ἐπὶ
3454 3316 3554 3379 τὰς
3608 3315 3756 3383 σφῶν

497 3392 590 3459 qui
620 3390 819 3457 iniuste
847 3391 1074 3461 relegati
1105 3401 1310 3456 essent,
1347 3394 1637 3461 penatibus
1682 3393 1796 3447 suis
1825 3394 2078 3449 restitue-

499 3483 720 3537 bantur.
754 3481 998 3537 Vinculis
1029 3500 1249 3554 quoque
1277 3491 1332 3538 et
1360 3485 1506 3539 omni
1545 3484 1788 3554 periculo
1830 3500 1894 3539 ac
1930 3495 2073 3540 metu

496 3574 874 3629 liberabantur
896 3574 956 3640 ii,
983 3576 1074 3645 qui
1100 3591 1199 3645 per
1220 3576 1564 3646 tyrannicam
1595 3575 1976 3631 crudelitatem
2007 3576 2076 3631 iis

496 3668 677 3722 vexati
716 3666 969 3723 fuissent.

1072 3778 1302 3835 CAPUT
1334 3777 1492 3834 XLII.

664 3867 908 3924 Honores
954 3869 1207 3941 episcopis
1261 3871 1425 3952 delati
1478 3881 1527 3924 et
1575 3871 1915 3927 ecclesiarum

1084 3949 1485 3995 exstructiones.

572 4036 742 4090 Porro
777 4034 891 4103 ipse
932 4033 1228 4102 imperator
1273 4022 1556 4089 ministros
1588 4034 1682 4089 Dei
1714 4051 1742 4089 a
1780 4050 1838 4090 se
1867 4049 2073 4090 convov

494 4137 670 4187 catos.
704 4127 855 4182 omni
886 4128 1152 4196 obsequio
1181 4137 1346 4196 atque
1378 4128 1591 4182 honore
1617 4131 2067 4198 prosequebatur,

492 4232 589 4271 eos
627 4225 810 4287 utpote
846 4217 956 4273 Deo
988 4233 1147 4289 quem
1180 4220 1389 4275 colebat
1418 4229 1790 4286 consecratos,
1819 4236 1925 4276 non
1950 4237 2071 4275 ver-

491 4308 576 4363 bis
604 4309 784 4374 modo,
815 4324 1001 4364 verum
1031 4311 1195 4365 etiam
1230 4309 1390 4364 factis
1428 4312 1745 4366 humaniter
1768 4314 2065 4383 excipiens.

489 4399 724 4455 Proinde
756 4416 956 4457 mensa:
990 4402 1161 4471 ipsius
1196 4403 1597 4457 adhibebantur
1629 4404 1877 4458 homines
1905 4444 1920 4468 ,
1969 4419 2066 4459 ex-

490 4500 642 4545 terno
674 4492 894 4559 quidem
940 4492 1129 4547 habitu
1183 4508 1247 4548 ac
1278 4493 1481 4546 vestitu
1516 4493 1874 4563 despicabiles
1909 4512 1922 4548 :
1965 4497 2060 4549 sed

487 4595 623 4648 quos
670 4580 761 4635 ille
808 4583 1034 4637 minime
1081 4583 1435 4653 despicabiles
1481 4581 1763 4649 judicabat
1806 4602 1818 4637 :
1861 4585 2061 4654 quippe

485 4673 576 4741 qui
610 4687 715 4727 non
741 4682 1025 4728 externam
1050 4674 1287 4730 hominis
1318 4675 1553 4744 speciem
1575 4688 1696 4744 quae
1724 4674 1900 4729 oculis
1918 4675 2053 4730 sub-

2174 3400 2607 3472 ἀνακαλούμενον
2658 3403 2858 3467 ἑστίας.
2918 3405 3241 3476 Ἠλευθέρου
3282 3421 3344 3458 τε
3392 3405 3486 3458 κα).
3518 3404 3752 3476 δεσμῶν,

2175 3493 2376 3557 παντός
2404 3511 2464 3547 τε
2494 3494 2739 3551 κινδύνου
2774 3496 2866 3549 κα).
2894 3496 3050 3560 δέους
3088 3497 3212 3560 τοὺς
3245 3496 3351 3550 ὑπὸ
3377 3497 3476 3568 τῆς
3501 3512 3754 3568 τυραννι-

2173 3586 2277 3657 κῆς
2304 3585 2586 3656 ὠμότητος
2604 3587 2813 3652 τούτοις
2846 3587 3119 3659 ὑποϐεϐλη
3129 3588 3343 3659 μένους.

2683 3787 3078 3843 ΚΕΦΑΛΑΙΟΝ
3114 3788 3247 3842 ΜΒ’.

2256 3855 2627 3913 Ἐπισκόπων
2656 3856 2835 3925 τιμαὶ,
2864 3858 2961 3910 καὶ
2987 3857 3327 3926 ἐκκλησιῶν
3353 3859 3678 3929 οἰκοδομαί.

2242 4031 2502 4095 Βασιλεὺς
2532 4032 2577 4085 δ’
2610 4032 2773 4096 αὐτὸς
2810 4034 2933 4099 τοὺς
2962 4034 3055 4088 τοῦ
3086 4035 3220 4089 Θεοῦ
3250 4035 3594 4110 λειτουργοὺς
3623 4055 3746 4108 συγ-

2171 4123 2370 4186 καλῶν,
2389 4122 2684 4197 θεραπείας
2702 4142 2759 4177 τε
2776 4126 2869 4179 καὶ
2883 4126 3047 4197 τιμῆς
3066 4127 3176 4198 (91)
3193 4128 3289 4197 τῆς
3306 4129 3561 4184 ἀνωτάτω
3579 4127 3749 4200 ἠξίου,

2170 4214 2354 4291 ἔργοις
2386 4217 2479 4269 καὶ
2511 4216 2689 4284 λόγοις
2712 4218 2838 4281 τοὺς
2868 4217 3066 4289 ἄνδρας
3086 4220 3287 4273 ὠσανεὶ
3314 4219 3392 4291 τῷ
3425 4220 3589 4275 αὑτοῦ
3629 4220 3749 4291 Θεῷ

2171 4307 2616 4381 καθιερωμένους
2650 4307 2968 4380 φιλοφρονού
2978 4329 3155 4382 μενος.
3198 4312 3593 4384 Ὀμοτράπεζοι
3612 4311 3747 4383 δῆτα

2174 4399 2410 4469 συνῆσαν
2443 4398 2610 4467 αὐτῷ,
2641 4399 2830 4471 ἄνδρες
2864 4401 3099 4465 εὐτελεῖς
3137 4401 3235 4471 μὲν
3257 4404 3322 4472 τῇ
3346 4401 3439 4455 τοῦ
3468 4403 3746 4473 σχήματος

2170 4488 2403 4559 ὀφθῆναι
2425 4489 2683 4562 περιϐολῇ
2714 4490 2849 4561 (92),
2866 4491 2981 4545 ἀλλ’
2997 4492 3056 4545 οὐ
3073 4492 3303 4546 τοιοῦτοι
3318 4494 3410 4547 κα).
3433 4494 3581 4564 αὐτῷ
3605 4511 3749 4547 νενοο

2171 4584 2441 4653 μισμένοι,
2478 4586 2560 4638 ὃτι
2598 4586 2673 4655 μὴ
2714 4584 2804 4637 τὸν
2837 4582 3110 4655 ὁρώμενον
3144 4588 3254 4649 τοῖς
3286 4585 3502 4647 πολλοῖς
3539 4586 3749 4658 ἀνθρω-

2168 4691 2291 4737 πον,
2339 4674 2430 4727 τὸν
2479 4675 2610 4728 Θεὸν
2652 4675 2708 4728 δὲ
2741 4676 3060 4729 ἐποπτεύειν
3094 4677 3269 4731 ἐδόκει
3311 4678 3440 4749 (95).
3480 4678 3748 4749 Ἐπήγετο

539 4940 620 5012 (9|
634 4939 823 5013 ivulg.
840 4942 1251 5009 Θεραπείαςὼς
1264 4941 1360 5013 διὰ
1377 4939 1932 5013 τιμῆς,8‹ει·ἱ1)θη‹1ιιιη
1948 4950 2077 5013 puto

2184 4942 2370 4996 dntum
2406 4940 2553 4994 illius
2586 4940 3159 5013 temporisadmodum
3197 4941 3371 4994 tenuis
3402 4954 3472 5013 ac
3497 4938 3745 5013 vilis,_ut

482 5008 789 5082 θεραπείας
828 5028 887 5063 τε
912 5008 1027 5065 καὶ
1061 5013 1245 5082 τιμῆς.
1279 5008 1565 5082 Τυτιιὶξιιιιε
1609 5014 1660 5065 in
1693 5008 1963 5081 margine’
1989 5013 2073 5065 sui

2184 5013 2606 5082 testaturAnim.
2635 5011 2982 5082 Marcellinus
3008 5011 3177 5082 in‘lib.
3215 5026 3388 5072 xxv",
3422 5010 3611 5082 ubiqde
3639 5008 3746 5082 Da-

479 5081 686 5135 cuilicis
716 5083 1032 5153 einendarat
1065 5081 1362 5153 Ospattgeiag
1387 5084 1481 5153 καὶ
1512 5083 1700 5153 τιμῆς,
1742 5094 1874 5153 etc.,
1907 5093 2074 5150 atque

479 5154 556 5206 ita
602 5151 863 5204 scribitur
896 5151 948 5204 in
999 5151 1188 5206 codice
1222 5151 1358 5222 Fuk.
1392 5151 1448 5205 lu
1480 5151 1699 5207 srliedis
1740 5152 1923 5222 Regiis
1965 5168 2060 5222 exf-

479 5230 740 5293 punctum
772 5230 856 5293 est
881 5222 1201 5276 adverbium
1235 5221 1331 5286 ὡς,
1365 5223 1590 5293 ejusque
1612 5223 1732 5277 loco
1760 5220 2060 5290 superscri-

477 5291 629 5362 ptum
657 5291 871 5362 αὐτούς.

548 5361 657 5431 (92)
695 5360 775 5441 ζῇ
817 5360 922 5415 τοῦ
966 5359 1270 5441 σχήματος
1315 5361 1569 5441 ὀφθῆτςαι
1598 5359 2059 5441 περιϐο.1ῇ..ᾼῐιοο
2163 5377 2197 5431 p

476 5435 598 5486 loco
628 5432 811 5503 σχῆμα
842 5447 948 5485 non
992 5443 1099 5486 tam
1131 5434 1332 5485 vultum
1382 5448 1443 5486 ac
1488 5434 1717 5503 formam
1762 5432 2050 5501 significat,

474 5514 535 5555 ut
568 5502 781 5570 putavit
811 5502 1383 5570 Christopliorsonus,
1417 5517 1579 5570 quam
1615 5502 1816 5555 cultum
1862 5517 1926 5555 ac
1959 5516 2053 5554 ve-

477 5583 636 5627 Stcin.
657 5571 887 5627 Proinde
923 5583 1213 5641 utrumque
1247 5573 1299 5624 in
1330 5572 1777 5637 interpretatione
1805 5586 1922 5625 mea
1950 5586 2047 5625 cx-

480 5642 691 5709 pressi;
723 5642 866 5709 quod
900 5643 1063 5696 etiam
1114 5659 1143 5695 a
1177 5641 1421 5697 Portcsio
1461 5641 1658 5695 factum
1699 5657 1819 5697 esse
1857 5654 2044 5710 postea

487 5712 836 5767 deprehendi.
870 5712 993 5767 Erat
1021 5725 1204 5768 autem
1238 5712 1458 5768 habitus
1498 5727 1561 5767 ac
1592 5713 1818 5767 vestitus
1860 5726 2046 5766 sacer—

2181 5098 2330 5135 masu
2379 5091 2433 5133 et
2492 5079 2687 5135 Ursino
2745 5081 3001 5149 loquitur.
3054 5078 3159 5133 Sed
3210 5091 3263 5133 et
3309 5080 3598 5149 Gregorius
3637 5080 3744 5132 Na-

2168 5154 2462 5206 zianzenus
2516 5151 2567 5203 in
2617 5153 2866 5204 oratione
2920 5150 3131 5203 funebri
3186 5153 3457 5216 quamde
3494 5149 3743 5204 'audibus

2166 5222 2349 5275 Basilii
2385 5221 2731 5289 conscripsit.
2766 5221 2839 5272 ait
2893 5219 3040 5272 illum
3086 5220 3225 5289 dum
3256 5222 3541 5287 episcopus
3595 5228 3743 5272 esset

2165 5292 2446 5411 Ciflsareae,
2480 5290 2568 5343 vili
2599 5288 2760 5359 pallio
2786 5289 3044 5344 amictum
3074 5288 3238 5343 fuisse
3271 5291 3412 5359 quod
3442 5289 3614 5361 ῥάκος
3641 5302 3739 5357 ap-

2165 5377 2229 5411 DC
2276 5371 2347 5411 at.

2201 5367 2347 5415 cllat.

2238 5430 2349 5502 (93)
2385 5428 2670 5502 Tdrﬂeor
2698 5428 2766 5483 δὲ
2792 5429 3162 5502 ιέὲποπιντεύειν⁸
3181 5428 3393 5482 ἐδόκει.
3438 5426 3495 5480 In
3525 5426 3743 5502 scbetlis

2167 5494 2350 5565 Regiis
2382 5502 2469 5554 hic
2503 5500 2654 5553 locus
2682 5501 2755 5552 ita
2784 5504 3062 5567 suppletur
3098 5498 3164 5550 ad
3212 5502 3531 5567 marginem.
3560 5496 3655 5567 τὸν
3681 5494 3741 5549 δὲ

2155 5571 2214 5623 ὲν
2257 5571 2467 5638 ἑκάστῳ
2499 5569 2810 5640 τιμώμενον
2851 5565 3387 5640 ἐποπτεύεινέδόκει
3434 5566 3586 5619 Θεόν.
3631 5565 3738 5640 Sed

2155 5641 2376 5694 brevius
2417 5635 2577 5695 codd.
2606 5635 2747 5696 l-‘iilt.
2782 5655 2868 5696 ac.
2900 5641 3029 5696 Sav.
3060 5638 3151 5692 τὸν
3178 5637 3234 5691 δὲ
3255 5637 3388 5691 Θεὸν
3415 5635 3739 5691 ἐποπτεύειν

2156 5710 2328 5765 ἐδόκει
2358 5710 2538 5762 αὐτόν.
