4210 6388
442 357 546 418 θδῗ

1548 352 1639 406 DE
1675 350 1839 407 VITA
1877 348 2341 406 CONSTANTINI
2379 347 2508 403 LIB.
2549 345 2590 403 I.

3590 345 3696 401 958

440 475 493 532 δ’
532 473 729 536 αὐτοὺς
784 470 879 525 καὶ
925 471 1049 525 ὅποι
1103 471 1234 525 ποτὲ
1292 468 1563 522 στέλλοιτο
1611 467 1854 539 πορείαν,
1915 467 2018 519 κάν

2124 465 2271 535 jecta
2304 476 2392 519 est
2420 505 2434 529 ,
2464 465 2556 518 sed
2589 434 2757 516 Deum
2811 464 2989 532 ipsum
3040 460 3442 529 introspiceret.
3473 461 3554 517 Ad
3583 466 3697 519 haec

441 565 614 636 τούτῳ
627 564 844 636 (94)τὺν
875 564 1310 636 θεραπευόμενον
1347 563 1483 634 πρὸς
1514 560 1711 625 αὐτῶν,
1734 561 1904 627 δεξιὸν
1924 561 2020 612 αὑ-

442 659 519 730 τῷ
552 660 805 728 παρεῖναι
837 655 1172 727 πειθόμενος.
1192 655 1300 709 Ναὶ
1324 655 1432 726 μὴν
1454 655 1548 708 καὶ
1562 657 1681 717 ταῖς
1706 652 2021 722 ἐκκλησίαις

443 748 537 804 τοῦ
581 747 716 801 Θεοῦ
763 748 1022 811 πλουσίας
1070 747 1169 811 τὰς
1200 749 1328 819 παρ’
1353 745 1547 800 ἑαυτοῦ
1599 747 1859 816 παρεῖχεν
1903 746 2022 800 ὲπι-

447 841 690 914 κουρίας,
714 840 964 905 ὲπαύξων
995 840 1092 911 μὲν
1113 842 1207 893 καὶ
1234 843 1313 903 είς
1330 838 1464 908 ὕψος
1492 838 1662 910 αἴρων
1678 839 1804 900 τοὺς
1825 837 2023 907 εὐκτη-

447 933 594 1011 ρίους
638 936 839 998 οἴκους,
886 934 1159 997 πλείστοις
1185 933 1229 986 δ’
1261 932 1575 1003 ἀναθήμασι
1604 932 1674 985 τά
1705 931 1879 1001 σεμνά
1912 929 2021 983 τῶν

443 1027 545 1100 τῆς
580 1026 904 1099 Ἐκκλησίας
934 1024 1390 1096 καθηγιασμένων
1425 1022 1749 1096 φαιδρύνων.

950 1203 1344 1260 ΚΕΦΑΛΑΙΟΝ
1381 1202 1515 1255 ΜΓ’.

443 1300 588 1370 Περὶ
624 1296 746 1353 τῶν
768 1301 857 1365 είς
883 1297 1027 1363 τοὺς
1048 1293 1314 1418 πένὶητας
1332 1288 1689 1363 εὐεργεσιῶν
1713 1293 2024 1345 Rata-atar-

1114 1383 1147 1418 τ
1172 1382 1304 1418 νου.

1114 1382 1166 1418 τι
1172 1382 1282 1418 νου
1289 1403 1304 1417 .

515 1459 780 1523 Παντοξας
801 1476 862 1512 τε
895 1457 1007 1529 (95)
1032 1456 1330 1528 χρημάτων
1367 1453 1631 1515 διαδόσεις
1674 1454 1787 1514 τοῖς
1818 1449 2022 1504 ὲνδεέσι

446 1557 795 1628 ποιούμενος,
829 1554 1033 1608 τούτων
1069 1553 1115 1605 δ’
1144 1551 1302 1614 ἐκτὸς
1348 1549 1443 1602 καὶ
1501 1550 1612 1611 τοῖς
1667 1545 1865 1613 ἔξωθεν
1912 1542 2021 1617 (96)

445 1649 594 1721 αὐτῷ
617 1646 898 1721 προσιοῦσι
939 1644 1320 1716 φιλάνθρωπον
1378 1641 1473 1696 καὶ
1503 1639 1845 1713 εὐεργετικὸν
1881 1655 2023 1708 παρ-

2122 570 2451 627 qnocunque
2477 555 2582 608 iter
2606 553 2941 617 iaceret,eos
2959 567 3141 607 secum
3171 554 3502 618 deducebat;
3526 550 3694 610 Deum

2121 662 2283 716 quem
2333 645 2408 698 illi
2438 644 2722 708 colerent,
2750 643 2820 697 ob
2858 643 2907 696 id
2939 645 3104 697 etiam
3150 644 3437 713 propitium
3470 645 3569 700 sibi
3601 646 3697 702 ad-

2122 737 2239 791 fore
2269 752 2367 806 pro
2394 745 2545 790 certo
2577 736 2805 790 habens.
2833 734 2972 801 Quin
2992 734 3155 789 etiam
3187 736 3431 791 ecclesiis
3459 739 3552 792 Dei
3573 738 3693 808 plu-

2123 831 2264 883 rima
2320 844 2387 883 ex
2444 828 2716 883 thesauris
2761 830 2874 881 suis
2917 829 3177 885 beneﬁcia
3220 830 3693 899 subministravit;

2121 919 2322 987 partim
2351 932 2543 972 sacras
2585 919 2731 972 aedes
2766 918 3105 986 ampliﬁcans
3138 929 3193 974 et
3236 921 3289 974 in
3333 922 3561 975 sublime
3589 924 3699 976 eri-

2122 1026 2288 1081 gens;
2318 1011 2512 1079 partim
2542 1019 2767 1079 augusta
2796 1011 3150 1066 ecclesiarum
3179 1013 3417 1068 sacraria
3446 1014 3696 1084 plurimis

2125 1104 2370 1160 donariis
2400 1117 2697 1159 exornans.

2689 1193 2916 1250 CAPUT
2957 1194 3136 1249 XLIII.

2310 1307 2388 1362 De
2420 1305 2756 1362 Constantini
2786 1310 2841 1362 in
2872 1325 3126 1378 pauperes
3163 1307 3519 1378 beneﬁcentia.

2196 1443 2378 1499 Variis
2399 1443 2633 1511 denique
2657 1443 3005 1512 pecuniarum
3032 1442 3394 1498 divisionibus
3426 1444 3696 1514 egentium

2125 1536 2362 1606 inopiam
2409 1534 2737 1596 sublevans,
2771 1534 3044 1589 extraneis
3092 1546 3357 1604 praeterea
3392 1536 3485 1604 qui
3521 1536 3697 1606 ipsum

2124 1628 2377 1693 adirent,
2416 1625 2717 1679 humanum
2765 1639 2825 1679 se
2855 1640 2921 1679 ac
2962 1625 3247 1681 liberalem
3272 1627 3566 1696 praebebat.
3621 1628 3701 1684 Ac

443 1716 582 1815 έχων
604 1716 815 1804 ἑαυτὸν,
832 1743 945 1803 τοῖς
971 1738 1068 1810 μὲν
1096 1738 1183 1790 ἐπ’
1206 1736 1412 1807 ἀγορᾶς
1431 1730 1772 1805 μεταιτοῦσιν
1787 1731 2024 1801 οἰκτροῖς

2127 1719 2342 1773 miseris
2376 1717 2594 1788 quidem
2641 1716 2750 1770 illis
2776 1728 2831 1771 et
2864 1718 3089 1787 abjectis
3125 1718 3218 1787 qui
3260 1719 3313 1772 in
3349 1717 3468 1773 foro
3494 1719 3702 1774 mendi-

442 1807 553 1890 tt:ch
586 1838 679 1890 καὶ
700 1807 1151 1906 ἀπερριμμένοις,
1177 1832 1239 1884 οὐ
1267 1829 1567 1900 χρημάτων
1601 1826 1780 1897 μόνον,
1807 1822 1929 1877 οὐδέ
1956 1838 2020 1891 γε

2124 1818 2271 1876 cant,
2299 1825 2404 1864 non
2431 1811 2688 1879 pecunias
2714 1809 2887 1863 solum
2911 1819 2964 1863 et
2985 1809 3241 1864 alimenta
3270 1808 3334 1863 ad
3372 1811 3575 1863 victum
3606 1824 3701 1864 ne-

442 1928 545 1998 τῆς
575 1927 876 1995 ἀναγκαίας
906 1924 1135 1997 τροφῆς,
1169 1921 1307 1976 ἀλλά
1327 1921 1421 1975 καὶ
1460 1918 1668 1987 σκέπης
1690 1914 2023 1986 εὐσχήμονος

444 2016 537 2071 ⁴ιςοῦ
572 2016 819 2088 σώματος
840 2015 1112 2088 προὺνόει,
1145 2016 1256 2075 τοῖς
1283 2012 1329 2064 δ’
1350 2006 1408 2065 εὖ
1443 2011 1540 2082 μὲν
1558 2010 1626 2063 τά
1651 2008 1841 2079 πρῶτα
1866 2023 2024 2076 γεγο-

444 2110 581 2172 νόσι,
633 2108 749 2179 βίου
795 2108 852 2160 δὲ
901 2104 1169 2177 μεταϐολῇ
1211 2102 1599 2173 δυστυχήσασι,
1634 2098 2022 2169 δαψιλεστέρας

444 2205 673 2273 παρεῖχε
725 2201 825 2264 τάς
873 2198 1137 2270 χορηγίας
1163 2214 1177 2227 ·
1216 2194 1479 2266 βασιλικῷ
1511 2194 1575 2263 γέ
1603 2211 1685 2247 τοι
1715 2192 2022 2264 φρονήματι

445 2292 880 2365 μεγαλοπρεπεῖς
912 2290 1012 2354 τὰς
1046 2289 1293 2352 εὐποιίας
1324 2289 1436 2350 τοῖς
1457 2286 1628 2349 οὕτως
1669 2284 1847 2355 ἔχουσι
1884 2298 2023 2353 παρ-

442 2385 603 2455 έχων,
650 2387 763 2446 τοῖς
808 2383 914 2452 μὲν
967 2380 1152 2451 ἀγρῶν
1205 2380 1427 2451 κτήσεις
1460 2377 1733 2449 ἐδωρεῖτο,
1794 2375 1921 2438 τοὺς
1966 2373 2021 2426 δὲ

443 2476 722 2547 διαφόροις
755 2472 1059 2545 ἀξιώμασιν
1104 2472 1287 2543 ἐτίμα.
1331 2471 1441 2524 Καὶ
1481 2469 1589 2523 τῶν
1628 2468 1726 2538 μὲν
1760 2465 2021 2538 ὀρφανίαν

441 2553 891 2638 δυστυχησάντων
941 2568 999 2619 ὲν
1046 2565 1253 2636 πατρὸς
1278 2563 1594 2635 ἐπεμελεῖτο
1618 2560 1791 2633 χώρᾳ,
1837 2574 2021 2628 γυναι-

449 2660 562 2712 κῶν
610 2660 667 2713 δὲ
718 2658 901 2730 χηρῶν
966 2659 1028 2712 τὺ
1082 2658 1445 2732 ἀπερίστατον
1495 2655 1901 2725 ἀνακτώμενος,
1955 2652 2022 2705 δι’

445 2750 650 2814 οἰκείας
699 2751 953 2821 ὲπεμέλει
1007 2750 1352 2820 κηδεμονίας,
1388 2748 1515 2801 ὥστ’
1555 2747 1653 2819 ἤδη
1706 2746 1802 2799 καὶ
1861 2745 2023 2815 γάμῳ

449 2843 737 2912 ζευγνύναι
784 2844 1082 2915 γνωρίμοις
1128 2842 1278 2913 αὐτῷ
1337 2843 1432 2895 καὶ
1487 2840 1762 2902 πλουσίοις
1801 2837 2022 2908 ἀνδράσι

447 2935 615 3008 κόρας
674 2936 881 3007 ἐρημίᾳ.
934 2935 1136 3004 γονέων
1184 2932 1599 3007 όρφανισθείσας
1631 2949 1645 2962 ·
1718 2930 1813 2984 καὶ
1870 2926 2022 2980 ταῦτ’

447 3028 704 3100 ἔπραττε,
733 3028 1014 3101 προδιδοὺς
1047 3031 1167 3092 ταῖς
1194 3026 1571 3098 γαμουμέναις
1593 3024 1702 3094 (97)
1738 3022 1837 3075 ὅσα
1858 3019 2023 3091 ἐχρῆν

448 3124 560 3185 τοῖς
594 3121 929 3191 λαμϐάνουσι
981 3122 1117 3190 πρὸς
1162 3121 1342 3190 γάμου
1399 3118 1682 3171 κοινωνίαν
1730 3113 2019 3183 εἰσφέρειν.
2055 3160 2098 3217 C

452 3215 662 3286 ’Ὠσπερ
685 3215 729 3267 δ’
757 3214 991 3284 ἀνίσχων
1025 3214 1165 3285 ὑπὲρ
1196 3214 1299 3282 γῆς
1323 3212 1473 3282 ἥλιος
1501 3210 1612 3281 (98)
1640 3208 1885 3277 ἀφθόνως
1913 3208 2025 3268 τοῖς

449 3309 581 3361 πᾶσι
617 3308 724 3360 τῶν
756 3306 848 3360 τοῦ
879 3307 1055 3374 φωτὸς
1091 3305 1411 3375 μεταδίδωσι
1433 3299 1847 3375 σμαρμαρυγῶν,
1884 3297 2025 3352 κατὰ

447 3400 518 3453 τὰ
562 3399 699 3452 αὐτά
736 3398 798 3468 δὴ
836 3399 930 3451 καὶ
960 3399 1386 3460 Κωνσταντῖνος,
1418 3395 1536 3466 ἅμα
1558 3394 1709 3465 ἡλίῳ
1752 3391 2024 3462 ἀνίσχοντι

449 3490 561 3543 τῶν
606 3488 902 3559 βασιλικῶν
943 3490 1108 3543 οἴκων
1175 3488 1624 3558 προφαινόμενος,
1671 3484 1872 3538 ὡσανεὶ
1905 3499 2027 3536 συν-

450 3578 759 3633 ανατέλλων
789 3576 866 3648 τῷ
892 3579 1009 3632 κατ’
1025 3577 1251 3648 οὐρανὸν
1272 3576 1540 3647 φωστῆρι,
1559 3577 1672 3639 τοῖς
1703 3576 1782 3637 είς
1811 3574 2026 3645 πρόσω-

450 3687 552 3723 πον
577 3669 724 3741 αὐτῷ
747 3668 1033 3740 παριοῦσιν
1078 3669 1248 3723 ἆπασι
1279 3668 1454 3744 φωτὸς
1487 3669 1660 3736 αὺγάς
1693 3666 1792 3737 τῆς
1819 3664 2026 3728 οἰκείας

451 3763 725 3833 ἐξέλαμπε
765 3762 1170 3831 καλοκάγαθίας
1206 3760 1342 3832 (99).
1378 3763 1490 3815 Οὐκ
1508 3756 1576 3832 ἦν
1602 3760 1649 3813 τ’
1679 3759 1853 3823 ἄλλως
1888 3758 2026 3829 πλη-

452 3854 568 3908 σίον
612 3853 887 3923 γενέσθαι,
936 3854 1010 3925 μὴ
1044 3854 1163 3923 οὐχὶ
1196 3851 1398 3921 ἀγαθοῦ
1442 3870 1587 3916 τινος
1609 3852 2020 3906 ἀπολαύσανταν

450 3947 561 4003 οὐδ’
590 3941 657 4017 ἦν
678 3945 797 3999 ποτ’
833 3947 1085 3999 ἐκπεσεῖν
1108 3944 1322 4008 ἐλπίδος
1353 3944 1598 4015 χρηστῆς
1621 3947 1734 4008 τοῖς
1768 3944 1869 4015 τῆς
1897 3946 2024 4017 παρ’

452 4033 619 4097 αὐτοῦ
648 4037 829 4104 τυχεῖν
852 4033 1171 4105 ἐπικουρίας
1198 4034 1623 4105 προσδοκήσασι.

956 4169 1353 4229 ΚΕΦΑΛΑΙΟΝ
1390 4169 1521 4223 MA'.

455 4262 655 4327 ’Ὅπως
679 4260 808 4326 ταῖς
837 4260 1123 4326 συνόδοις
1145 4259 1265 4313 τῶν
1298 4260 1650 4315 ἐπισκόπων
1675 4258 2024 4329 συμπαρῆν.

524 4351 734 4415 Κοινῶς
766 4352 863 4421 μὲν
898 4347 990 4405 οὖν
1024 4352 1161 4422 πρὸς
1198 4351 1443 4414 ἅπαντας
1469 4346 1536 4421 ἦν
1561 4350 1816 4415 τοιοῦτος.
1849 4350 2028 4414 Ἐξαί-

455 4462 609 4518 ρετον
642 4445 697 4496 δὲ
722 4447 787 4516 τῇ
834 4444 1129 4515 Ἐκκλησία
1158 4441 1252 4495 τοῦ
1292 4442 1426 4496 Θεοῦ
1463 4443 1561 4514 τὴν
1594 4444 1724 4514 παρ’
1752 4442 1914 4497 αὑτοῦ
1944 4442 2029 4495 νέ-

2126 1903 2361 1959 cessaria
2387 1941 2403 1968 ,
2446 1903 2539 1957 sed
2585 1906 2751 1956 etiam
2782 1909 2994 1955 vestem
3042 1903 3108 1955 ad
3141 1903 3424 1970 tegendam
3456 1902 3701 1970 corporis

2127 1995 2425 2049 nuditatem
2459 1994 2793 2063 suppeditari
2840 1993 3021 2062 jussit.
3053 1993 3165 2047 Illis
3193 2008 3322 2047 vero
3349 1992 3441 2063 qui
3472 2008 3593 2046 cum
3619 1992 3702 2047 in-

2126 2087 2285 2156 genui
2317 2098 2479 2156 atque
2515 2086 2758 2156 opulenti
2792 2086 2944 2154 prius
2979 2086 3337 2147 exstitissent,
3376 2092 3559 2155 postea
3582 2099 3703 2137 mu-

2129 2186 2241 2231 tata
2266 2186 2414 2230 sorte
2443 2176 2498 2229 in
2531 2186 2807 2230 extremas
2834 2175 3176 2228 calamitates
3209 2175 3552 2239 inciderant,
3594 2173 3703 2226 lar-

2127 2269 2275 2338 giora
2318 2268 2443 2322 vitze
2494 2267 2737 2322 subsidia
2769 2266 3152 2321 commodavit.
3184 2265 3520 2335 Prorsusque
3554 2267 3703 2336 regio

2127 2362 2311 2414 animo
2337 2358 2628 2429 magniﬁca
2661 2360 2907 2428 quaedam
2958 2374 3181 2411 tnunera
3224 2359 3276 2411 in
3307 2357 3572 2426 ejusmodi
3600 2360 3701 2412 bo-

2127 2453 2300 2507 mines
2349 2451 2638 2505 coulerens
2664 2491 2680 2515 ,
2729 2451 2852 2504 aliis
2893 2465 3053 2520 agros
3084 2448 3247 2520 430
3276 2449 3493 2504 donavit
3522 2465 3538 2503 :
3569 2449 3703 2503 alios

2126 2546 2292 2599 variis
2342 2543 2695 2611 dignitatibus
2741 2542 2975 2596 ornavit.
3031 2542 3098 2595 Et
3129 2557 3316 2595 eorum
3353 2541 3565 2609 quidem
3611 2541 3700 2609 qui

2131 2637 2183 2690 in
2211 2636 2464 2691 orbitatis
2489 2636 2739 2691 miserias
2774 2636 3122 2697 incidissent,
3153 2635 3306 2703 quasi
3333 2642 3487 2703 pater
3514 2647 3702 2687 curam

2131 2727 2406 2799 gerebat:
2445 2730 2729 2782 viduarum
2786 2736 2969 2782 autem
3023 2726 3306 2780 mulierum
3352 2724 3701 2779 solitudinem

2130 2821 2421 2876 sublevans
2445 2861 2460 2885 ,
2509 2836 2604 2875 eas
2631 2819 2933 2889 patrocinio
2971 2834 3070 2873 suo
3101 2818 3336 2873 fovebat.
3366 2817 3509 2883 Quin
3536 2818 3703 2871 etiam

2128 2913 2368 2982 virgines
2417 2913 2738 2980 parentibus
2793 2911 2908 2965 suis
2957 2908 3181 2964 orbatus
3231 2910 3344 2977 ipse
3394 2908 3704 2963 hominibus
3804 2904 3809 2907 ’

2130 3006 2405 3075 opulentis
2436 3020 2499 3058 ac
2534 3003 2895 3057 familiaribus
2921 3004 3034 3057 suis
3071 3004 3122 3055 in
3168 3001 3576 3056 matrimonium
3609 3000 3704 3054 de-

2132 3094 2229 3148 dit.
2258 3095 2424 3164 ldque
2457 3093 2691 3163 agebat,
2727 3107 2848 3147 cum
2879 3093 3029 3159 prius
3057 3091 3297 3145 dedisset
3331 3090 3658 3143 nubentibus
3680 3128 3700 3155 ,

2131 3198 2463 3255 quaecunque
2500 3185 2646 3253 ipsas
2674 3183 2807 3237 viris
2832 3182 2946 3236 suis
2980 3181 3230 3236 conferre
3262 3181 3564 3248 Oportebat.
3598 3178 3704 3234 De-

2129 3277 2296 3345 nique
2323 3274 2780 3345 quemadmodum
2813 3272 2892 3327 sol
2923 3288 3089 3340 supra
3139 3282 3310 3324 terras
3340 3272 3592 3325 exoriens
3622 3269 3703 3324 lu-

2124 3373 2207 3425 cis
2225 3383 2337 3423 sua:
2367 3370 2551 3423 radios
2576 3367 2788 3421 cunctis
2818 3364 3114 3419 liberaliter
3142 3362 3416 3429 impertit;
3443 3362 3524 3415 sic
3545 3360 3702 3430 plane

2125 3460 2522 3517 Constantinus
2550 3458 2726 3527 primo
2758 3455 2999 3509 diluculo
3031 3454 3333 3524 procedens
3365 3467 3429 3506 ex
3463 3451 3660 3522 palatio
3682 3492 3697 3515 ,

2125 3569 2190 3608 ac
2220 3568 2342 3607 cum
2373 3550 2585 3605 caelesti
2621 3549 2753 3603 solis
2773 3548 2966 3618 jubare
2997 3543 3392 3614 quodammodo
3427 3545 3699 3609 exoriens,

2126 3645 2341 3699 cunctis
2389 3642 2714 3698 adeuntibus
2750 3637 3120 3693 beneﬁcentiae
3153 3651 3264 3691 suae
3294 3637 3470 3690 radios
3503 3636 3703 3705 imper-

2128 3735 2322 3789 tiebat.
2351 3734 2462 3789 Nec
2495 3734 2635 3788 ullus
2659 3746 2894 3801 unquam
2920 3730 2987 3782 ad
3021 3728 3168 3782 illum
3198 3729 3416 3797 propius
3448 3727 3697 3793 accessit,

2127 3831 2216 3900 qui
2258 3827 2497 3885 fructum
2538 3825 2767 3894 alicujus
2819 3820 3065 3878 beneﬁcii
3114 3837 3218 3876 non
3273 3819 3521 3874 retulerit
3554 3836 3568 3873 :
3600 3832 3700 3872 nec

2127 3940 2222 3993 spe
2267 3938 2363 3979 sua
2394 3910 2633 3991 unquam
2668 3918 2916 3974 frustrati
2950 3926 3111 3983 sunt,
3141 3915 3231 3984 qui
3262 3914 3330 3969 ab
3355 3915 3472 3984 ipso
3498 3910 3700 3981 aliquid

2126 4017 2312 4071 auxilii
2343 4022 2772 4084 exspectassent.

2693 4146 2919 4203 CAPUT
2953 4144 3136 4199 XLIV.

2313 4245 2590 4311 Quomodo
2627 4243 2842 4315 synodi:
2876 4242 3233 4308 episcoporum
3267 4237 3522 4306 ἔπιεν-[μία.

2199 4340 2278 4394 Ac
2307 4337 2638 4409 generaliter
2665 4335 2879 4404 quidem
2921 4348 3047 4401 erga
3075 4347 3267 4386 omnes
3298 4331 3455 4383 talem
3481 4346 3539 4383 se
3563 4343 3696 4400 prte-

2136 4432 2296 4486 stitit.
2340 4429 2544 4484 Verum
2573 4425 2814 4481 ecclesiae
2838 4423 2930 4477 Dei
2964 4423 3232 4492 praecipue
3257 4436 3447 4474 curam
3482 4433 3694 4489 gerens,

457 4510 574 4608 μων
616 4510 893 4607 φροντίδα,
937 4510 1343 4609 δια-φερομένων
1386 4510 1548 4587 τινῶν
1600 4510 1737 4604 προς
1765 4535 2027 4605 ἀλλήλους

2138 4539 2262 4579 cum
2318 4536 2413 4590 per
2455 4520 2703 4575 diversas
2743 4516 3049 4585 provincias
3078 4512 3297 4582 quidam
3340 4512 3481 4565 inter.
3503 4526 3559 4564 se
3587 4510 3697 4564 dis-

456 4597 596 4689 κατά
628 4597 922 4698 διαφόρους
959 4597 1283 4697 χώρας,ὀῖἀ
1312 4597 1398 4688 τις
1437 4625 1613 4687 κοινὸς
1638 4597 1934 4687 ἐπίσκοπος
1965 4597 2027 4677 ἐκ

2135 4616 2404 4673 sentirent
2430 4655 2446 4680 ,
2494 4616 2609 4682 ipse
2635 4610 2781 4665 velut
2813 4607 3118 4663 communis
3147 4604 3384 4660 omnium
3415 4604 3697 4671 episcopus

456 4719 592 4777 Θεοῦ
619 4719 1039 4789 καθεσταμένος,
1074 4716 1324 4780 συνόδους
1366 4716 1473 4770 τῶν
1502 4714 1596 4768 τοῦ
1637 4715 1771 4769 Θεοῦ
1800 4715 2034 4785 λειτουρ-

457 4811 570 4879 γῶν
594 4810 927 4881 συνεκρότει.
962 4810 1048 4862 Ἐν
1077 4809 1216 4880 μέσῃ
1241 4808 1298 4861 δὲ
1329 4810 1396 4877 τῇ
1430 4806 1634 4861 τούτων
1665 4805 1913 4877 διατριϐῇ
1934 4805 2034 4863 οὐκ

524 5006 638 5076 (94)
681 5005 811 5060 Κάν
856 5005 1064 5071 τούτῳ.
1106 5002 1285 5058 Malim
1356 5004 1601 5060 scribere
1646 5001 1787 5056 κάπὶ
1832 5001 2026 5073 τούτῳ,

423 5139 428 5144 _
457 5077 511 5132 id
546 5088 648 5138 est,
679 5079 741 5130 ob
776 5091 890 5133 eam
922 5090 1158 5144 causam.

529 5145 645 5215 (95))
700 5145 757 5200 In
813 5146 970 5199 codd.
1035 5142 1168 5215 Fuk.
1212 5157 1283 5215 ac
1335 5141 1505 5215 Regio
1553 5149 1610 5196 et
1656 5141 1709 5215 in
1757 5140 2032 5195 veteribus

464 5211 681 5272 ecbedis
708 5225 871 5280 caput
897 5214 1086 5281 incipit
1116 5218 1183 5265 ab
1212 5213 1294 5266 his
1315 5214 1493 5265 verbis
1519 5211 1778 5273 παντοίας
1804 5228 1885 5273 τε,
1918 5218 2030 5263 etc.

516 5287 630 5357 (96)
660 5286 790 5357 “Kal
816 5284 962 5357 Δτοῖς
1007 5282 1253 5357 ἔξωθεν.
1272 5351 1288 5357 _
1312 5282 1552 5357 Gentiles
1571 5282 1847 5357 _inte|ligit
1868 5321 1884 5346 ,
1939 5281 2034 5347 qui

459 5349 622 5437 erant
645 5355 748 5420 ἔξω
778 5349 1236 5437 τῇςᾘκκλησίας.
1272 5351 1435 5437 quue
1458 5349 1815 5437 conﬁrmatut;
1835 5366 1898 5404 ex
1943 5364 2034 5401 ca-

497 5430 567 5481 ite
599 5416 870 5489 sequenti.
893 5427 980 5477 ubi
1013 5416 1088 5475 ait;
1117 5416 1475 5484 εκοινῶςμὲν
1502 5416 1594 5473 οὖν
1625 5419 1760 5490 πρὸς
1790 5418 2034 5482 ἅπαντας

458 5490 530 5570 ἦν
551 5496 789 5570 τοιοῦτος
813 5510 826 5523 ·
857 5494 1129 5570 ἐξαίρετον
1151 5493 1311 5570 δὲ’-τῇ
1329 5490 1809 5570 ξΕκκλησία.ΛΕι]ιι
1827 5490 2029 5570 Ἰὶι).,11,

460 5556 579 5633 ὁειῃ.
612 5567 700 5620 21ε
728 5556 961 5618 τοσαῦτα
978 5556 1088 5633 ’μὲν
1114 5564 1179 5633 τῇ
1197 5556 1490 5632 Ἐκκλησία
1516 5556 1610 5633 τοῦ
1636 5556 1842 5633 Θεοῦ-αἱ
1863 5556 2031 5633 κατατ

459 5628 791 5707 πεμφθεῖσαι
814 5628 1013 5708 δωρεαὶ
1032 5628 1308 5711 παρεῖχον·
1339 5628 1532 5704 δήμοις
1545 5631 1602 5684 δὲ
1629 5631 1740 5694 τοῖς
1767 5628 1918 5692 ἐκτὸς
1942 5629 2034 5682 καὶ

462 5709 625 5761 πᾶσιν
650 5706 844 5760 ἔθνεσι.
1418 5708 1424 5713 ’

462 5723 625 5769 πασιν
650 5723 844 5760 ευνεσι.

535 5777 648 5848 (97)
686 5776 821 5851 Ταῖς
865 5774 1285 5849 ταμουμέναις,
1333 5772 1471 5831 Male
1512 5770 2033 5842 Christ0phorsonus

2135 4726 2165 4765 a
2196 4710 2306 4763 Deo
2336 4708 2670 4763 constitutus
2694 4745 2708 4769 ,
2745 4703 3121 4755 ministrorum
3169 4699 3263 4753 Dei
3309 4695 3537 4752 concilia
3569 4710 3697 4748 con-

2137 4801 2402 4874 gregavit.
2455 4797 2567 4854 Nec
2612 4796 2932 4865 dedignatus
2970 4793 3158 4845 adesse
3204 4797 3259 4843 et
3306 4786 3591 4841 considere
3643 4785 3695 4839 in

2131 5006 2323 5066 nuptas
2360 4995 2769 5066 interpretatur.
2801 4983 3165 5066 Nequecnim
3207 4988 3384 5066 nuptae
3410 5023 3424 5045 ,
3459 4979 3699 5066 sed‘nu-

2130 5047 2321 5124 ὖέῧὶέεῖ.
2350 5047 2529 5117 dotem
2565 5060 2795 5115 offerunt
2839 5047 3071 5110 maritis.
3102 5047 3488 5108 Simili'crrore
3514 5047 3698 5124 τελευτ-

2131 5121 2340 5199 iam;
2366 5144 2600 5186 mortuos
2643 5125 3378 5199 vertitChristopborsonus,
3420 5128 3480 5174 ut
3517 5121 3696 5174 notavi

2133 5211 2200 5263 ad
2234 5195 2428 5259 librum
2458 5218 2487 5255 x
2521 5199 2774 5255 Historia?
2811 5195 3209 5263 Ecclesiastirm.

2206 5275 2317 5346 (98)
2359 5274 2596 5346 ,Ὥσπερ
2648 5268 2699 5322 δ’
2743 5268 3015 5346 ἀνίσχων
3040 5301 3055 5316 .
3078 5303 3091 5315 .
3111 5303 3135 5346 _.
3171 5261 3361 5343 ἥλιος.
3379 5260 3464 5346 “In
3484 5258 3698 5346 Acodice

2136 5331 2272 5416 Reg.
2298 5331 2370 5397 [ad
2408 5331 2773 5416 latus—horum
2796 5331 3083 5416 verborum
3111 5331 3412 5416 hujusmodi
3439 5339 3696 5416 nota‘ap-

2138 5398 2310 5485 posita
2343 5423 2456 5485 est:
2494 5427 2595 5481 ωρ.
2616 5410 2887 5485 Quaenota
2909 5398 3218 5485 signiﬁcare
3268 5398 3692 5485 mihi.videtur;

2138 5468 2336 5558 ἑδραῖος
2377 5468 2555 5549 λόγος’
2580 5468 2673 5534 seu
2703 5477 2900 5542 τόπος,
2946 5468 2998 5529 id
3049 5483 3153 5546 est,
3187 5472 3336 5527 locus
3381 5468 3596 5537 elegans
3639 5475 3696 5519 et

2137 5571 2402 5611 ammnns.

2170 5602 2823 5697 θ’(ξθῇῖίέαλοκάγαᾷίας.
2873 5615 2981 5697 Pro
3021 5602 3695 5697 benignitateuacﬂbeneﬁ:

2139 5679 2317 5749 centia
2343 5696 2445 5748 hoc
2468 5679 2794 5745 vocabulum
2824 5687 2990 5743 sumit
3020 5682 3298 5737 Eusebius.
3325 5679 3413 5734 Sic
3442 5679 3607 5730 etiam
3638 5679 3694 5729 iu

2138 5767 2276 5825 libro
2306 5780 2340 5821 x
2370 5761 2623 5818 Historia:
2652 5762 2790 5817 hanc
2815 5771 2999 5813 vocem
3027 5750 3320 5818 usurpavit.
