4210 6396
559 324 666 387 95.)

1275 331 1545 387 EUSEBII
1582 328 2062 389 CESADIENSIS
2098 327 2250 383 OPP.
2292 326 2472 382 PARS
2509 328 2552 386 1.
2590 358 2663 369 -
2698 325 3088 383 HISTORICA.

3713 326 3819 381 960

556 446 735 501 medio
769 447 984 501 illorum
1019 456 1317 513 conventu,
1339 447 1669 514 cognitionis
1693 449 1965 516 particeps
1992 445 2124 507 fuit:

2238 441 2488 509 ἀπαξιῶν
2537 442 2792 514 παρεῖναί
2837 458 2898 495 τε
2942 442 3037 496 καὶ
3072 441 3395 507 συνιζάνειν,
3423 443 3679 508 κοινωνὸς
3710 445 3817 500 τῶν

553 552 619 588 ea
647 550 766 604 quite
792 538 858 589 ad
887 552 1073 605 pacem
1105 536 1194 590 Dei
1226 537 1519 604 pertinent,
1553 536 1769 589 cunctis
1799 550 2127 601 procurans.

552 624 725 680 Porro
757 625 979 680 sedebat
1027 626 1078 678 in
1132 625 1311 679 medio
1340 635 1602 693 tanquam
1654 640 1859 680 unuse
1906 625 2130 690 multis;

551 726 892 784 protectores
934 717 1154 786 quidem
1203 726 1540 785 cunctosque
1584 718 1832 784 corporis
1878 717 2133 772 custodes

551 808 738 878 procul
768 824 1027 864 amovens
1051 850 1067 875 ,
1118 810 1212 864 Dei
1260 822 1439 865 antem
1489 811 1685 864 timore
1717 819 2005 864 contectus
2026 849 2044 874 ,
2075 819 2131 863 et

550 900 854 953 amicorum
887 899 1129 953 ﬁdelium
1165 900 1538 955 benevolentia
1577 899 1828 953 vallatus.
1860 898 2128 954 Caeterum

551 1007 908 1061 quoscunque
956 993 1160 1048 saniori
1214 994 1503 1047 sententia!
1550 993 1901 1059 acquiescere
1928 1033 1945 1057 ,
1976 1000 2029 1044 et
2061 989 2129 1045 ad

550 1086 793 1154 quietem
846 1093 901 1138 et
953 1084 1306 1138 concordiam
1369 1097 1670 1152 propensos
1719 1096 1845 1137 esse
1893 1080 2133 1136 animad-

548 1185 827 1240 verterat,
874 1189 970 1229 eos
1018 1175 1257 1228 maxime
1303 1174 1613 1241 probabat;
1655 1171 1833 1241 palam
1884 1172 2131 1227 indicans

548 1265 792 1321 unanimi
852 1266 1092 1319 omnium
1156 1279 1427 1321 consensu
1486 1278 1546 1319 se
1608 1265 1662 1318 in
1722 1264 1917 1334 primis
1972 1263 2131 1317 dele-

548 1357 710 1414 ctari.
755 1356 1074 1412 Pertinaces
1118 1372 1251 1413 vero
1295 1365 1352 1411 et
1400 1356 1779 1426 immorigeros
1831 1355 2127 1411 aversaba-

549 1455 664 1503 tur.

1111 1537 1341 1594 CAPUT
1387 1537 1549 1592 XLV.

855 1633 1134 1699 Quomodo
1157 1634 1464 1701 insipientes
1496 1632 1821 1689 toleraverit.

616 1725 758 1794 Quin
798 1727 964 1781 etiam
1004 1725 1291 1779 nonnullos
1330 1725 1421 1792 qui
1457 1724 1721 1778 adversus
1748 1723 1923 1792 ipsum
1965 1735 2124 1793 aspe-

2237 534 2717 605 ὲπισκοπουμένων
2761 533 2990 602 ἐγίνετο,
3024 533 3094 588 τὰ
3141 535 3242 603 τῆς
3286 534 3511 605 εἰρήνης
3553 534 3648 588 τοῦ
3681 535 3814 590 Θεοῦ

2238 625 2521 697 βραϐεύων
2548 628 2663 690 τοῖς
2691 628 2845 679 πᾶσι·
2883 625 3125 697 καθῆστό
3144 645 3205 680 τε
3236 628 3330 681 καὶ
3355 627 3539 697 μέσος,
3559 628 3693 682 ὡσεὶ
3722 631 3815 682 καὶ

2231 722 2341 775 τῶν
2370 719 2580 775 πολλῶν
2599 714 2701 787 εἷς,
2725 719 3057 791 δορυφόρους
3087 720 3185 790 μὲν
3218 719 3313 772 καὶ
3335 718 3558 784 ὁπλίτας
3581 721 3677 774 καὶ
3709 723 3814 774 πᾶν

2231 814 2293 867 τὸ
2322 812 2800 883 σωματοφυλάκων
2828 811 2983 880 γένος
3016 811 3473 882 ἀποσεισάμενος,
3512 811 3592 883 τῷ
3628 812 3686 866 δὲ
3718 813 3812 867 τοῦ

2231 904 2365 959 Θεοῦ
2420 906 2570 976 φόϐῳ
2607 903 3083 976 κατημφιεσμένος
3107 944 3123 968 ,
3166 905 3275 958 τῶν
3315 923 3374 959 τε
3422 905 3632 959 πιστῶν
3668 907 3813 960 ἑταί-

2236 1016 2343 1070 ρων
2377 998 2596 1069 (l)1:o'ic
2656 997 3034 1060 εὐνουστάτοις
3091 998 3645 1070 περιεστοιχισμένος.
3698 994 3810 1052 Εἴθ’

2228 1090 2387 1152 ὅσους
2413 1089 2512 1159 μὲν
2538 1088 2685 1161 ἑώρα
2716 1090 2781 1159 τῇ
2808 1088 3078 1159 κρείττονι
3098 1087 3292 1159 γνώμῃ
3324 1086 3655 1159 πειθηνίους,
3674 1088 3811 1159 πρὸς

2229 1181 2465 1252 εὐσταθῆ
2489 1198 2549 1234 τε
2584 1181 2678 1234 καὶ¹
2708 1180 3070 1252 ὁμογνώμονα
3094 1182 3650 1253 παρεσκευασμένους
3679 1182 3807 1255 τρό-

2230 1290 2354 1336 πον,
2398 1269 2458 1327 εὖ
2496 1272 2641 1344 μάλα
2687 1272 2911 1338 τούτους
2948 1272 3262 1342 ἀπεδέχετο,
3308 1272 3566 1345 χαίροντα
3597 1274 3809 1338 δεικνὺς

2228 1366 2419 1419 ἑαυτὸν
2455 1368 2522 1437 τῇ
2555 1369 2707 1437 κοινῇ
2761 1365 2979 1420 πάντων
3009 1364 3260 1437 ὁμονοίᾳ·
3313 1366 3441 1429 τοὺς
3487 1365 3534 1420 δ’
3567 1365 3807 1433 ἀπειθῶς

2227 1458 2449 1530 ἔχοντας
2470 1458 2867 1527 ἀπεστρέφετο.

2719 1548 3113 1603 ΚΕΦΑΛΑῘΟΝ
3165 1548 3300 1603 ME'.

2465 1642 2665 1707 Ὅπως
2690 1642 2792 1695 καὶ
2815 1640 2933 1694 τῶν
2953 1641 3232 1709 ἀφρόνων
3263 1640 3560 1711 ἠνείχετο.

2299 1731 2439 1803 Ἤδη
2487 1732 2545 1786 δέ
2595 1749 2749 1796 τινας
2780 1731 2876 1786 καὶ
2913 1734 3033 1784 κατ’
3064 1730 3227 1785 αὑτοῦ
3258 1732 3693 1804 τραχυνομένους
3728 1733 3803 1805 (2)

545 1816 659 1872 rius
690 1817 883 1871 invecti
919 1814 1175 1882 fuerant,
1208 1815 1479 1882 patienter
1504 1814 1661 1879 tulit;
1698 1814 1803 1867 leni
1837 1828 1903 1867 ac
1930 1814 2121 1867 sedata

2225 1786 2803 1896 {cpspev'dveﬁtxdxtbg
2837 1824 3078 1895 ἠρεμαίᾳ
3116 1825 3211 1878 καὶ
3252 1786 3454 1895 πραὲίᾳ
3498 1786 3805 1896 φωνῇ’σὲ

542 1922 680 1962 voce
703 1907 782 1962 eis
816 1906 1156 1978 pracipiens,
1184 1905 1343 1978 43],
1384 1914 1443 1959 ut
1476 1906 1774 1960 modestius
1807 1918 1994 1974 agere,
2025 1918 2124 1959 nec

543 1998 843 2053 seditiones
883 1999 1126 2052 excitare
1155 1997 1377 2052 vellent.
1431 1995 1505 2051 Ex
1541 1996 1628 2051 bis
1673 1996 1763 2050 alii
1801 1996 2125 2049 admonitio-

542 2106 640 2145 nes
667 2091 785 2157 eLus
829 2090 1048 2144 reveriti
1074 2129 1090 2153 ,
1132 2105 1161 2144 a
1206 2089 1510 2159 pervicacia
1556 2088 1722 2142 animi
1766 2086 2121 2141 desistebant.

540 2181 695 2236 Alios
726 2182 817 2249 qui
849 2180 919 2236 ad
971 2195 1164 2236 sanam
1208 2192 1445 2234 mentem
1496 2180 1644 2234 nullo
1678 2180 1919 2233 remedio
1964 2193 2122 2233 revo-

539 2274 655 2329 cari
690 2282 986 2345 poterant,
1033 2272 1147 2327 Deo
1188 2272 1542 2327 committens
1580 2271 1955 2339 relinquebat;
1985 2270 2122 2324 nihil

540 2368 804 2424 adversus
846 2382 1175 2437 quemquam
1222 2366 1469 2434 asperius
1515 2381 1752 2436 unquam
1805 2366 2119 2435 designans.

540 2455 696 2511 Hanc
726 2459 797 2510 ob
830 2471 1078 2519 causam,
1108 2465 1166 2509 ιιι
1197 2456 1460 2510 credibile
1487 2465 1595 2518 est,
1623 2457 1716 2524 qui
1749 2456 1800 2509 in
1832 2454 2015 2510 Africa
2045 2471 2123 2510 sc-

540 2545 803 2600 ditionem
840 2556 1247 2605 commoverant
1273 2583 1290 2608 .
1325 2561 1392 2600 eo
1446 2545 1813 2613 improbitatis
1853 2562 2121 2617 prorupe-

538 2648 667 2693 runt
696 2678 712 2703 ,
744 2648 805 2692 ut
846 2640 1077 2707 abrupta
1102 2640 1351 2708 qumdam
1384 2637 1621 2692 facinora
1668 2648 1982 2704 tentarent;
2009 2641 2120 2694 dte-

538 2742 704 2782 mone
734 2737 794 2782 ιιι
827 2728 1043 2782 videtur
1089 2729 1161 2782 ob
1206 2730 1560 2799 praesentium
1614 2727 1882 2783 bonorum
1909 2730 2120 2798 copiam

537 2818 743 2874 invidia
789 2820 1036 2890 percito,
1077 2831 1134 2875 et
1179 2822 1248 2875 ad
1291 2822 1480 2889 gravia
1524 2823 1773 2891 quaedam
1806 2832 1862 2875 et
1912 2824 2120 2876 atrocia

539 2910 782 2966 facinora
830 2910 1077 2966 homines
1110 2912 1374 2967 incitante
1399 2952 1415 2977 ,
1449 2928 1557 2983 quo
1598 2913 1947 2982 imperatoris
2004 2913 2121 2967 ani-

537 3018 685 3059 mum
716 3015 907 3056 contra
959 3003 1107 3074 ipsos
1137 3005 1481 3059 accenderet.
1513 3005 1712 3061 Verum
1773 3005 1905 3059 nihil
1941 3004 2120 3074 profe-

2224 1918 2462 1987 φρονεῖν,
2495 1915 2630 1969 ἀλλὰ
2667 1915 2744 1987 μὴ
2770 1914 3079 1979 στασιάζειν
3122 1914 3333 1979 τούτοις
3360 1914 3798 1985 ἐγκελευόμενος.

2224 2008 2440 2064 Τούτων
2473 2009 2518 2063 δ’
2550 2010 2599 2063 οἱ
2634 2008 2731 2079 μὲν
2770 2007 3194 2077 ἀπηλλάττοντο,
3238 2006 3651 2075 καταιδούμενοι
3702 2007 3804 2068 τάς

2223 2102 2572 2173 παραινέσεις
2589 2117 2603 2132 ο
2627 2101 2752 2163 τοὺς
2773 2099 2816 2152 δ’
2847 2099 3082 2163 ἀνιάτως
3111 2099 3246 2170 πρὸς
3272 2097 3523 2169 σώφρονα
3544 2096 3802 2167 λογισμὸν

2222 2193 2465 2264 ἔχοντας,
2491 2192 2570 2263 τῷ
2602 2192 2721 2263 Θεῷ
2759 2192 3083 2263 παραδιδοὺς
3132 2190 3302 2259 ἠφίει.
3342 2189 3506 2260 μηδὲν
3539 2187 3802 2259 μηδαμῶς

2221 2285 2384 2349 αὐτὸς
2413 2286 2553 2339 κατά
2579 2302 2722 2348 τινος
2741 2283 2983 2356 λυπηρδν
3010 2282 3406 2352 διανοούμενος.
3442 2282 3635 2334 Ἔνθεν
3664 2281 3803 2334 είκό⁹

2220 2394 2327 2449 τως
2354 2378 2483 2439 τοὺς
2503 2376 2595 2430 ἐπὶ
2626 2376 2727 2446 τῆς
2748 2378 2971 2447 ’Ἄφρων
2992 2374 3177 2447 χώρας
3208 2371 3797 2443 (5)διαστασιάζοντας,

2221 2470 2301 2531 εἰς
2337 2467 2589 2520 τοσοῦτον
2625 2465 2935 2518 συνέϐαινεν
2979 2464 3264 2536 ὲπιτριϐῆς
3300 2461 3568 2524 ἐλαύνειν,
3595 2461 3671 2524 ὡς
3704 2460 3800 2514 καὶ

2220 2557 2510 2628 τολμηροῖς
2549 2574 2694 2610 τισιν
2752 2558 3041 2627 ἐγχειρεῖν,
3091 2556 3166 2618 ὼς
3204 2554 3370 2617 ἔοικε,
3415 2553 3666 2623 δαίμονος
3718 2550 3796 2622 (4)

2222 2650 2606 2723 βασκαίνοντος
2657 2653 2725 2721 τῇ
2774 2648 2883 2705 τῶν
2936 2649 3222 2720 παρόντων
3261 2646 3483 2714 ἀγαθῶν
3528 2644 3795 2716 ἀφθονία,

2223 2740 2615 2811 παρορμῶντός
2649 2740 2696 2793 τ’
2725 2741 2806 2805 είς
2840 2741 3073 2803 ἀτόπους
3118 2738 3348 2807 πράξεις
3388 2740 3515 2801 τοὺς
3563 2736 3794 2808 ἄνδρας,

2217 2833 2293 2898 ῶς
2333 2832 2400 2887 ἂν
2432 2834 2673 2902 κινήσειε
2714 2834 2832 2886 κατ’
2856 2832 3034 2885 αὐτῶν
3063 2832 3155 2884 τὸν
3191 2831 3454 2901 βασιλέως
3488 2828 3678 2899 θυμόν.
3718 2827 3793 2881 Ού

2222 2926 2327 2999 μὴν
2354 2925 2662 2997 προύχώρει
2688 2926 2766 2996 τῷ
2796 2923 2996 2995 φθόνῳ,
3026 2924 3240 2992 γέλωτα
3271 2920 3552 2992 τιθεμένου
3597 2919 3675 2989 (5)
3699 2915 3794 2972 τοῦ

2219 3012 2480 3084 βασιλέως
2526 3012 2595 3066 τὰ
2640 3012 3019 3084 πραττόμενα,
3059 3013 3152 3065 καὶ
3193 3011 3291 3081 τὴν
3325 3012 3389 3062 ὲκ
3419 3008 3513 3062 τοῦ
3557 3006 3795 3078 πονηροῦ

535 3096 613 3151 cit
648 3096 872 3161 invidia,
904 3112 1026 3150 cum
1066 3097 1368 3165 imperator
1400 3113 1463 3152 ea
1491 3113 1612 3167 qua:
1636 3096 1857 3160 fiebant,
1888 3096 2109 3150 ridenda

2225 3105 2433 3175 κίνησιν
2479 3104 2719 3158 συνιέναι
2750 3104 3080 3174 φάσκοντος·
3129 3102 3202 3174 μὴ
3229 3101 3339 3172 γὰρ
3369 3100 3793 3170 σωφρονούντων

535 3202 657 3242 esse
709 3189 970 3253 duceret;
1025 3198 1082 3243 et
1138 3190 1358 3257 maligni
1415 3191 1675 3245 daemonis
1727 3188 2107 3259 impulsioan

534 3294 835 3349 agnoscere
875 3295 935 3335 se
961 3280 1280 3337 aﬂirmaret.
1310 3280 1497 3351 Neque
1531 3282 1677 3337 enim
1712 3296 1969 3336 sanorum
2006 3281 2108 3335 bo-

532 3371 740 3427 mitium
773 3371 860 3424 illa
909 3386 1032 3428 esse
1081 3373 1328 3428 facinora
1356 3413 1372 3437 .
1411 3375 1508 3429 sed
1552 3375 1634 3427 vel
1679 3376 1896 3442 penitus
1917 3387 2109 3426 amen-v

533 3463 669 3517 tinm
693 3502 711 3527 ,
747 3462 830 3516 vel
859 3479 1049 3517 eorum
1081 3465 1171 3533 qui
1223 3465 1542 3534 nequissimi
1584 3467 1845 3519 daatnonis
1875 3463 2111 3518 stimulis

531 3555 872 3625 agitarentur
897 3574 911 3611 :
943 3556 1247 3626 cuiusmodi
1278 3558 1525 3611 homines
1550 3557 1899 3611 miseratione
1926 3557 2107 3624 potius

532 3661 696 3717 quam
744 3648 1012 3719 supplicio
1044 3649 1237 3719 dignos
1275 3663 1419 3705 esse.
1466 3649 1583 3704 Non
1616 3650 1763 3704 enim
1813 3659 1973 3704 tantm
2016 3649 2108 3718 ju-

599 3846 840 3920 (1)]’ὧν
872 3864 942 3920 τε
979 3848 1212 3902 πιστῶν
1256 3849 1524 3917 ἑταίρων.
1579 3848 1810 3920 Fideles
1836 3849 1940 3903 ltoc
1984 3848 2104 3905 loco

535 3918 668 3975 dicit
691 3918 977 3979 Eusebius,
996 3936 1100 3972 non
1125 3934 1222 3972 eos
1247 3924 1335 3987 qni
1362 3922 1448 3972 tidi
1478 3937 1542 3973 at:
1574 3918 1816 3974 benevoli
1845 3934 1972 3988 erga
2001 3921 2104 3973 im-

534 4000 841 4059 peratorem
871 3998 1071 4059 essent,
1091 4000 1146 4040 nt
1170 4001 1426 4053 putarunt
1445 3990 1803 4056 interpretes;
1834 3991 1929 4042 sed
1954 3989 2105 4044 Cltri-

535 4056 766 4112 stianos.
800 4056 1184 4111 Constantinus
1211 4060 1354 4111 enim
1376 4100 1391 4121 ,
1439 4070 1622 4125 utpote
1667 4059 2105 4127 religiosissimus

535 4130 853 4198 imperator,
888 4128 932 4180 si
968 4129 1184 4194 quando
1227 4129 1602 4196 episcoporum
1626 4131 1874 4182 conciliis
1928 4131 2098 4183 inter-

532 4209 699 4258 esset.
750 4208 962 4251 remom
996 4199 1140 4250 omni
1171 4198 1429 4251 satellitio
1468 4201 1612 4251 solos
1651 4212 1715 4251 ex
1762 4198 1951 4251 aulicis
2012 4213 2105 4251 se-

535 4284 660 4321 cum
691 4265 1001 4321 assnmebat
1033 4282 1127 4322 eos
1150 4305 1168 4333 ,
1196 4268 1290 4337 qui
1318 4265 1641 4322 Christianae
1671 4268 1794 4323 tidei
1831 4269 2107 4338 mysteriis

535 4348 718 4390 essent
752 4337 962 4390 imbitti.

535 4348 718 4393 essent
752 4337 962 4391 imbitti.

2213 3191 2351 3249 εἶναι
2396 3194 2605 3266 ἀνδρῶν
2637 3194 2705 3248 τὰ
2735 3193 3079 3265 τολμώμενα,
3123 3194 3238 3246 ἀλλ’
3267 3193 3300 3264 ἢ
3338 3191 3515 3261 πάντη
3546 3205 3790 3260 παρακο-

2213 3287 2476 3347 πτόντων,
2507 3285 2540 3357 ἦ
2566 3286 2671 3340 ὑπὸ
2696 3285 2803 3341 τοῦ.
2823 3285 3058 3357 πονηροῦ
3094 3285 3348 3355 δαίμονος
3370 3281 3790 3354 οίστρουμένων,

2212 3375 2306 3440 οὒς
2339 3375 2603 3429 ἐλεεῖσθαι
2633 3377 2833 3447 μᾶλλον
2873 3376 2904 3447 ἢ
2936 3373 3259 3438 κολάζεσθαι
3283 3374 3501 3445 χρῆναι·
3539 3369 3787 3443 [τοσοῦτο

2212 3467 2321 3539 γὰρ
2342 3468 2400 3520 τὸ
2434 3466 2726 3539 κυλάζειν,]
2752 3467 2888 3540 πρὸς
2914 3466 3012 3535 τῆς
3041 3465 3148 3518 τῶν
3171 3464 3542 3535 ἁφραινόντων
3579 3462 3654 3534 (6)
3685 3479 3789 3534 μα-

2212 3558 2352 3622 νίας.
2392 3558 2426 3628 ἢ
2457 3560 2581 3612 ὅσον
2606 3558 2670 3612 τὸ
2708 3557 3011 3630 συμπαθεῖν
3050 3557 3255 3621 αὐτοῖς,
3293 3553 3567 3626 ὑπερϐολὴ
3607 3554 3794 3623 φιλαν-

2210 3650 2476 3721 θρωπίας.

2212 3849 2633 3907 insolentissime
2678 3850 3013 3906 caloabatur.
3066 3849 3177 3904 Sed
3234 3848 3468 3903 fortasse
3519 3849 3786 3906 Eusebius

2212 3922 2314 3975 hoc
2346 3923 2464 3976 loco
2489 3937 2550 3974 ea
2582 3922 2845 3974 duntaxat
2872 3921 3147 3988 intelligit,
3169 3935 3291 3988 quae
3320 3921 3385 3972 ad
3416 3930 3784 3985 contemptum

2211 3990 2526 4058 imperatori
2546 4010 2577 4040 ι·
2605 3990 2904 4058 maiestatis
2938 3992 3300 4056 pertinebant.
3341 3990 3410 4041 Ea
3437 3991 3579 4042 enim
3624 3991 3785 4043 dissi-

2212 4062 2419 4114 mulare
2468 4066 2641 4129 potuit.
2688 4062 3096 4119 Constantinus.
3129 4071 3185 4113 et
3232 4059 3340 4111 risu
3391 4059 3570 4129 potius
3618 4074 3779 4125 quam

2209 4128 2571 4184 commotione
2595 4131 2759 4183 animi
2803 4131 2960 4198 digna
3010 4131 3345 4182 existimare.
3393 4128 3662 4181 Castorum
3716 4144 3779 4182 ea

2208 4215 2327 4266 quae
2346 4200 2609 4254 adversus
2645 4201 2809 4253 Deum
2842 4208 2896 4252 et
2921 4199 3197 4251 catholica:
3226 4198 3358 4268 legis
3383 4200 3780 4252 observantiam

2214 4268 2283 4322 ab
2313 4270 2499 4322 iisdem
2538 4270 2830 4323 Donatistis
2872 4280 3022 4332 gesta
3052 4281 3197 4331 sunt,
3229 4268 3574 4324 severissime
3605 4268 3782 4320 vindi-

2212 4353 2362 4405 ειη-θ,
2396 4354 2568 4409 eoque
2599 4341 2828 4393 Consilio
2864 4342 2914 4391 in
2950 4338 3189 4391 Africam
3232 4338 3783 4409 traiicereﬁonstan-

603 4409 680 4479 (Ξ)
729 4408 909 4478 Vulg.,
946 4408 1087 4461 Κατ’
1140 4405 1905 4479 αὐτοὺςᾼτραχιζνομένους.
1952 4402 2104 4479 Haud

2225 4402 2357 4462 Linus
2385 4402 2729 4479 decreverat,
2756 4419 2812 4461 nt
2845 4412 2960 4477 ipse
2996 4408 3186 4461 scribit
3217 4409 3272 4461 ἰ.ι
3307 4407 3533 4477 epistola
3568 4410 3635 4460 ad
3663 4407 3782 4460 Cel-

537 4476 701 4533 uttliie
747 4476 1095 4532 srriln-ndmn
1145 4488 1228 4530 est
1277 4477 1396 4530 κατ’
1434 4476 1634 4542 αὑτοῦ,
1664 4476 1669 4477 “
1701 4486 1757 4530 ut
1810 4477 2003 4544 legitur
2053 4477 2104 4529 itt

2225 4494 2332 4533 tum
2366 4480 2629 4532 vicarium
2665 4476 2883 4533 Africae.

536 4550 696 4605 codd.
757 4548 927 4616 Regio
1002 4558 1057 4601 et
1124 4546 1476 4602 Fuketiano:
1537 4564 1699 4613 quam
1772 4547 2109 4600 emendatio-

537 4634 659 4672 nem
712 4620 877 4671 etiam
932 4619 984 4671 in
1038 4617 1175 4670 libro
1212 4619 1390 4670 Met-sei
1447 4620 1739 4686 ascriptum
1791 4616 1994 4670 inveni.
2049 4616 2106 4670 In

535 4692 810 4743 veteribus
844 4688 1009 4743 etiam
1042 4687 1262 4742 sctit-dis
1300 4689 1370 4741 ita
1410 4690 1755 4743 emendatum
1790 4697 1875 4741 est
1912 4688 2107 4742 eadem

536 4772 722 4813 manu.

606 4856 863 4935 ίβλτοίζς
895 4857 993 4911 ἐπὶ
1038 4856 1146 4926 τῆς
1172 4860 1402 4935 Ἄφρων
1440 4859 1653 4931 χώρας.
1685 4865 1994 4920 Donatistas
2029 4866 2115 4919 in-

539 4927 868 4996 telligit.de
920 4943 1148 4996 quorum
1205 4927 1532 4986 aintaeia'l‘t
1594 4927 1881 4989 insolentia
1940 4936 2111 4990 multa

538 4995 818 5049 habentur
869 4999 1008 5066 apud
1052 5000 1304 5068 Optatum
1356 5012 1412 5056 et
1455 5005 1838 5073 Augustinum.

602 5120 681 5195 (4)
849 5123 1041 5209 ἔοικε,
1084 5128 1389 5199 δαίμονος.
1435 5133 1491 5187 in
1542 5139 1756 5193 schedis
1802 5140 1983 5209 Regiis
2027 5143 2117 5199 hic

540 5192 693 5281 1m"
724 5194 1098 5281 Ξ¹³ρ⁵¹¹ρν¹⁰¹¹¹τ
1129 5192 1197 5281 διῖ
1221 5192 1514 5272 "mi-tutam
1550 5224 1564 5260 :
1596 5192 1833 5281 πονηροῦ
1860 5192 2009 5277 λὲὶνὸς

540 5263 687 5317 ἔοικε
720 5262 989 5334 δαίμονος,
1023 5270 1165 5339 quod
1198 5262 1456 5327 cerlevest
1490 5262 1809 5347 elegantius.

606 5387 680 5457 (5)
703 5384 949 5457 Γέλωτα
972 5387 1297 5456 τιθεμένου.
1329 5388 1499 5442 Nimis
1527 5391 1667 5443 molli
1688 5391 1851 5445 verbo
1878 5406 2005 5444 usus
2027 5398 2112 5444 est

541 5456 823 5511 Eusebius.
850 5456 984 5529 Nam
1015 5475 1140 5528 qua:
1171 5475 1199 5511 a
1232 5458 1526 5513 Donatistis
1557 5470 1685 5516 tunc
1720 5463 1772 5514 in
1803 5459 1987 5514 Africa
2019 5477 2112 5529 ge-

540 5531 816 5591 rebantur,
845 5528 1108 5596 ejusmodi
1138 5538 1327 5592 erant,
1360 5540 1417 5581 ut
1440 5544 1544 5582 non
1567 5535 1767 5595 risum,
1796 5532 1890 5585 sed
1934 5528 2111 5583 antin-

540 5600 929 5682 advt-rsionetn
965 5603 1143 5669 potius
1183 5607 1543 5681 mererentur.
1594 5597 1728 5681 Nam
1758 5612 1813 5655 et
1835 5601 2112 5682 religionis

541 5668 801 5727 sanctitas
836 5676 893 5725 et
916 5668 1266 5741 imperatoris
1293 5668 1464 5739 ipsius
1490 5671 1789 5728 auctoritas
1816 5672 1884 5728 ab
1913 5668 2107 5728 iisdem

2281 4548 2300 4605 (
2304 4547 2356 4607 6)
2397 4550 2551 4619 Πρὸς
2578 4547 2687 4618 τῆς
2712 4546 2829 4601 τῶν
2852 4548 3282 4617 ἀφραινόντων.
3308 4547 3446 4619 Ante
3476 4547 3591 4600 haec
3617 4546 3780 4619 verba

2212 4622 2491 4686 ponendus
2535 4617 2618 4674 est
2669 4621 2984 4671 aSleristtts.
3047 4620 3244 4671 Desunt
3290 4617 3436 4670 enim
3486 4618 3777 4686 nonnulla,

2209 4704 2328 4755 qua:
2367 4689 2603 4755 suppleri
2642 4704 2802 4753 posse
2840 4689 2968 4742 milii
3025 4688 3278 4740 videntur
3313 4689 3415 4738 ltoc
3466 4689 3662 4755 modo:
3704 4685 3778 4755 Ού

2207 4754 2325 4829 γὰρ
2346 4754 2597 4812 τοσοῦτον
2641 4758 2983 4828 δικαιοσύνης
3014 4756 3285 4828 ὑπερϐολὴ
3312 4755 3377 4810 ἂν
3400 4757 3483 4829 εἴη
3512 4754 3573 4807 τὸ
3609 4754 3780 4829 ἐρεθί-

2208 4809 2397 4893 εέεοαι
2424 4809 2562 4901 eis;
2579 4809 2844 4901 sese
2884 4809 3096 4901 μάξρίας,
3123 4809 3399 4901 amo.
3424 4809 3603 4901 Aitter
3621 4809 3780 4901 cui.

2208 4896 2607 4966 Stopltorsonus
2648 4896 2714 4951 ἰιι
2761 4896 3013 4952 δυνιιιιιει.
3064 4900 3119 4950 in
3184 4897 3415 4966 seliedis
3459 4897 3639 4966 ltegiis
3695 4896 3780 4966 ltic

2209 4962 2360 5020 locus
2412 4969 2483 5022 ita
2539 4971 2819 5034 suppletur
2859 4970 2924 5020 ad
2976 4969 3318 5036 marginem:
3354 4965 3461 5036 Οὓς
3513 4962 3781 5018 ἐλεεῖσθαι

2252 5038 2407 5109 ἄλλον
2452 5039 2485 5109 ἢ
2536 5037 2859 5109 κολάζεσθαι
2904 5035 3130 5109 χρῆναιλ
3166 5037 3339 5109 αὐτὸν
3383 5035 3439 5089 δὲ
3490 5036 3636 5109 κατά
3678 5049 3779 5105 μη-

2252 5054 2407 5090 at.on
2452 5054 2485 5109 η
2536 5054 2859 5103 κολαςεσυαι
2904 5054 3130 5109 χρηναι·
3177 5054 3339 5088 αυτον
3383 5054 3439 5089 οε
3490 5054 3632 5090 κατα
3678 5054 3779 5105 μη-

2205 5054 2330 5163 ἕένα
2370 5109 2569 5180 τρόπον
2606 5107 2928 5180 ζημιοῦσθαι
2964 5108 3100 5179 πρὸς
3129 5106 3230 5176 τῆς
3270 5106 3378 5159 τῶν
3408 5105 3779 5180 ἁφραινόντων

2210 5178 2427 5250 μανίας.
2479 5178 2689 5233 Verttni
2722 5196 2840 5247 qua:
2877 5195 2999 5250 mox
3053 5191 3354 5250 εαξψιιιριιιι·
3390 5182 3591 5250 verba,
3641 5178 3778 5250 hinc

2207 5245 2572 5316 conjecturam
2611 5245 2889 5313 respuunt.
2923 5248 2976 5300 In
3006 5248 3195 5300 codice
3230 5245 3363 5301 Fuk.
3400 5248 3485 5316 hic
3521 5247 3671 5316 lorus
3707 5245 3778 5298 ita

2206 5314 2506 5372 scribitur:
2546 5318 2883 5383 Κολὰζεσθαι
2910 5316 3169 5388 ,χρῆναιζ
3213 5316 3335 5388 ὅσον
3383 5315 3492 5385 γὰρ
3543 5314 3611 5388 το
3647 5331 3766 5388 συμς

2206 5390 2396 5461 παθεῖν
2440 5389 2621 5452 αὐτοῖς
2650 5384 3416 5461 ῌύπερϐολῆίφιλανθρωπίας,
3455 5384 3680 5461 τοσοῦτο

2205 5458 2472 5523 κολάζειν,
2506 5457 2717 5529 ἀνδρῶν
2748 5453 3119 5529 ἄφραινὸντων
3148 5453 3328 5518 ἀνοίας
3355 5457 3420 5510 ἂν
3442 5457 3533 5529 εἴη
3551 5495 3566 5519 ,
3597 5457 3690 5507 καὶ
3718 5453 3778 5508 οὐ

2207 5529 2543 5599 φρονούντων
2587 5526 2915 5601 ὀρθῶς-διο
2958 5527 3121 5601 etiam
3161 5529 3228 5601 _in
3276 5530 3400 5580 libr.
3438 5526 3676 5601 '_l‘urnrbt
3724 5534 3777 5577 et

2208 5595 2396 5653 Silvilii
2432 5595 2645 5669 legitur.
2679 5597 2875 5654 Verum
2905 5599 3019 5651 haec
3049 5595 3210 5651 lectio
3240 5612 3306 5653 ex
3334 5597 3648 5667 conjectura
3678 5612 3777 5649 an-

2210 5670 2425 5742 tiquarii
2457 5668 2703 5727 manasse
2737 5668 2869 5725 inibi
2906 5669 3143 5724 videtur.
