4210 6474
489 387 588 441 961

1589 389 1677 445 DE
1715 384 1880 443 VlTA
1919 388 2381 444 CONSTANTINI
2417 390 2544 445 LIB.
2587 392 2628 446 1.

3628 396 3738 452 962

487 507 647 560 stitize
675 513 792 567 est,
830 505 1112 575 insurgere
1171 506 1238 560 ad
1291 503 1624 576 puniendum
1664 504 1900 557 furorem
1934 503 2209 558 hominum
2272 507 2604 572 amentium,
2633 515 2894 576 quantum
2945 506 3263 563 eorumdcm
3301 506 3474 562 vicem
3531 508 3738 579 dolere,

483 612 743 657 extremae
776 603 1132 656 humanitatis
1159 612 1262 656 est.

983 695 1377 748 ΚΕΦΑΛΑΙΟΝ
1413 689 1564 760 Μετ’.

907 790 1079 842 Νίκαι
1124 787 1273 841 κατὰ
1300 785 1639 854 βαρϐάρων.

554 872 682 930 *Ωδε
719 879 815 948 μὲν
843 878 931 932 τὸν
953 877 1059 930 τῶν
1081 877 1333 930 ἁπάντων
1367 875 1561 945 ἔφορον
1597 872 1732 924 Θεὸν
1765 870 1854 924 διὰ
1879 869 2060 940 πάσης

487 970 737 1040 βασιλεὺς
767 969 1081 1039 θεραπεύων
1122 968 1403 1040 πράξεως,
1445 967 1673 1036 ἄτρυτον
1701 964 1777 1034 (7ὶ
1824 964 2060 1016 ἐποιεῖτο

482 1063 580 1133 τὴν
621 1061 728 1115 τῶν
772 1060 1076 1130 ἐκκλησιῶν
1111 1059 1274 1113 αὑτοῦ
1321 1058 1598 1129 πρόνοιαν.
1652 1055 1783 1118 Θεὸς
1827 1055 1872 1106 δ’
1897 1053 2056 1106 αὑτὸν

483 1149 858 1219 ἀμειϐόμενος,
890 1149 1066 1201 πάντα
1100 1148 1231 1217 γένη
1268 1146 1554 1219 βαρϐάρων
1586 1147 1696 1206 τοῖς
1737 1141 1898 1196 αὑτοῦ
1925 1141 2057 1196 καθ-

479 1243 743 1294 υπέταττε
787 1243 976 1306 ποσὶν,
1017 1241 1091 1304 ὡς
1138 1241 1232 1292 καὶ
1279 1241 1452 1310 πάντη
1499 1237 1772 1307 πανταχοῦ
1819 1236 2056 1307 τρόπαια

479 1332 598 1386 κατ’
628 1332 834 1403 ἐχθρῶν
883 1331 1143 1402 ἐγείρειν·
1178 1331 1405 1400 νικητήν
1458 1331 1503 1381 τ’
1538 1328 1698 1382 αὐτὸν
1744 1325 1896 1397 παρὰ
1940 1322 2054 1387 τοῖς

478 1425 642 1475 πᾶσιν
680 1423 1068 1491 ἀνεκήρυττεν,
1110 1419 1367 1488 ἐπίφοϐὁν
1409 1436 1467 1470 τε
1504 1417 1716 1489 ἐχθροῖς
1760 1419 1854 1468 καὶ
1897 1413 2052 1467 πολε-

479 1517 622 1586 μίοις
648 1516 896 1581 καθίστη,
921 1514 1020 1565 οὐκ
1055 1512 1182 1564 ὄντα
1226 1511 1322 1580 τὴν
1357 1509 1515 1578 φύσιν
1543 1507 1805 1569 τοιοῦτον,
1833 1505 2052 1577 ἡμερώ-

474 1626 630 1661 τατον
657 1609 712 1660 δὲ
741 1609 834 1660 καὶ
869 1606 1170 1676 πραότατον
1205 1603 1297 1657 καὶ
1327 1601 1856 1674 φιλανθρωπότατον,
1890 1598 1941 1651 εἴ
1966 1615 2049 1661 τις

473 1697 692 1750 πώποτε
720 1698 812 1750 καὶ
835 1696 1010 1758 ἄλλος.

989 1857 1382 1914 ΚΕΦΑΛΛῘΟΝ
1419 1859 1550 1911 MZ'.

470 1951 803 2022 Μαξιμίνου
820 1952 1191 2019 θελήσαντος
1210 1947 1636 2022 ἐπιϐουλεῦσαι
1657 1945 1928 2022 θάνατος,
1947 1943 2048 1996 καὶ

543 2015 749 2105 ἄλλων
800 2023 907 2088 οὒς
951 2015 1024 2086 ἐξ
1083 2021 1519 2087 ἀποκαλύψεως
1578 2015 2030 2080 Κωτνστίιντῖνος
2076 2047 2120 2105 Β

535 2089 732 2160 εὗρεν.

549 2186 637 2237 Ἐν
683 2183 893 2247 τούτοις
924 2183 968 2235 δ’
999 2181 1112 2235 ὄντι
1140 2179 1310 2252 αὐτῷ,
1348 2179 1594 2251 μηχανὴν
1641 2176 1873 2230 θανάτου
1915 2179 2043 2246 συρ⁴

470 2277 690 2348 ράπτων
724 2275 884 2337 ἁλοὺς
916 2274 1024 2328 τῶν
1061 2272 1157 2344 τὴν
1194 2272 1369 2344 ἀρχὴν
1404 2269 1755 2339 ἀποθεμένων
1793 2271 1821 2321 ὁ
1863 2266 2043 2320 δεύτε-

468 2385 562 2439 ρος
597 2367 693 2436 (8),
735 2367 1001 2436 αἰσχίστῳ
1046 2363 1412 2435 καταστρέφει
1443 2363 1676 2431 θανάτῳ.
1719 2360 1942 2432 Πρώτου
1985 2361 2040 2413 δὲ

465 2458 654 2511 τούτου
705 2458 778 2528 (9)
808 2457 906 2521 τὰς
939 2458 1031 2509 ἐπὶ
1062 2458 1192 2527 τιμῇ
1238 2455 1474 2525 γραφὰς,
1509 2453 1829 2524 ἀνδριάντας
1857 2468 1916 2503 τε
1948 2443 2041 2504 καὶ

462 2549 562 2601 ὅσα
593 2549 723 2602 ἄλλα
745 2547 969 2600 τοιαῦτα
998 2547 1082 2600 ἐπ’
1111 2545 1361 2598 ἀναθέσει
1394 2545 1557 2615 τιμῆς
1585 2543 1886 2612 νενόμιστο.
1914 2559 2043 2594 παν-

460 2641 627 2711 ταχοῦ
665 2641 788 2710 γῆς,
818 2640 910 2692 τοῦ
945 2639 1159 2694 ἀνοσίου
1194 2657 1252 2692 τε
1293 2638 1388 2692 καὶ
1419 2635 1711 2699 δυσσεϐοῦς
1741 2635 2035 2706 καθῄρουν.

464 2730 599 2787 Εἶτα
618 2734 674 2786 δὲ
699 2734 789 2786 καὶ
822 2732 960 2802 μετά
990 2732 1178 2785 τοῦτον
1201 2730 1306 2784 τῶν
1331 2731 1466 2802 πρὸς
1493 2729 1684 2797 γένους
1708 2729 1883 2800 ἕτεροι
1914 2747 2040 2801 κρυ-

461 2826 615 2893 φίους
647 2824 795 2894 αὐτῷ
823 2825 1226 2895 συρράπτοντες
1267 2821 1558 2886 ἐπιϐουλὰς
1591 2822 1894 2893 ἡλίσκοντο,
1943 2838 2040 2874 πα-

465 2918 695 2988 ραδόξως
741 2918 834 2970 τοῦ
873 2917 1008 2971 Θεοῦ
1046 2917 1144 2980 τὰς
1192 2915 1397 2970 τούτων
1443 2917 1697 2970 ἁπάντων
1731 2915 1924 2985 βουλὰς
1958 2914 2037 2984 τῷ

459 3009 622 3062 αὐτοῦ
651 3008 942 3080 θεράποντι
973 3008 1062 3062 διά
1107 3009 1406 3079 φασμάτων
1447 3005 1897 3068 ὲκκαλύπτοντος.
1927 3006 2038 3060 Καὶ

457 3104 565 3175 γὰρ
589 3102 651 3174 δὴ
688 3103 781 3155 καὶ
812 3102 1129 3172 θεοφανείας
1163 3102 1323 3155 αὐτὸν
1370 3100 1629 3164 πολλάκις
1659 3099 1833 3168 ἠξίου,
1870 3116 2038 3170 παρα-

455 3192 715 3257 δοξότατα
739 3193 887 3256 θείας
916 3194 1092 3262 ὅψεως
1123 3193 1552 3263 ἐπιφαινομένης
1583 3191 1751 3260 αὐτῷ,
1778 3189 2036 3254 παντοίας

454 3300 516 3335 τε
539 3283 886 3354 παρεχούσης
921 3283 1262 3354 πραγμάτων
1297 3281 1515 3334 ἔσεσθαι
1567 3281 1867 3352 μελλόντων
1903 3297 2036 3350 προ-ι
2068 3334 2073 3338 _

453 3373 705 3442 γνώσεις.
738 3375 818 3428 Τὰ
849 3375 945 3444 μὲν
977 3370 1067 3426 οῦν
1102 3376 1166 3427 ὲκ
1195 3373 1329 3427 Θεοῦ
1360 3371 1581 3443 χάριτος
1613 3373 1882 3442 ἀδιήγητα
1912 3366 2037 3425 Batti—
2059 3401 2106 3462 ς

458 3484 602 3536 ματα
647 3467 757 3518 οὐδ’
791 3465 903 3519 ἔστι
953 3465 1096 3534 λόγῳ
1131 3464 1445 3534 περιλαϐεῖν
1484 3464 1737 3528 δυνατὸν,
1793 3465 1893 3516 ὅσα
1927 3482 2032 3536 περ

453 3555 586 3618 Θεὸς
634 3555 796 3618 αὐτὸς
828 3553 904 3624 τῷ
937 3554 1102 3608 αὑτοῦ
1131 3555 1420 3625 θεράποντι
1444 3554 1702 3624 παρέχειν
1731 3555 1884 3622 ἠξίου
1908 3570 1921 3583 ·
1950 3549 2032 3617 οἷς

452 3644 516 3718 δὴ
550 3647 956 3718 πεφραγμένος,
988 3648 1044 3698 ἐν
1077 3645 1309 3714 ἀσφαλεῖ
1340 3645 1523 3698 λοιπὸν
1563 3645 1660 3713 τὴν
1708 3643 1851 3715 ζωὴν
1877 3644 2030 3715 διῆγε

452 3740 658 3811 χαίρων
683 3741 780 3811 μὲν
802 3741 893 3792 ἐπὶ
918 3741 984 3810 τῇ
1013 3738 1120 3792 τῶν
1151 3736 1466 3810 ἀρχομένων
1491 3735 1692 3808 εὐνοίᾳ,
1729 3736 1934 3806 χαίρων
1973 3735 2030 3790 δὲ

452 3834 547 3887 καὶ
569 3834 652 3902 ἐφ’
671 3828 750 3897 οἷς
781 3834 906 3895 τοὺς
936 3831 1026 3884 ὑπ’
1053 3829 1212 3883 αὐτὸν
1237 3829 1444 3892 πάντας
1475 3825 1709 3898 εὔθυμον
1731 3824 2033 3879 διατελοῦν-

523 4014 598 4086 (7)
635 4012 794 4086 Vulg.
828 4013 1134 4086 “Arpairor.
1173 4009 1285 4086 Etsi
1315 4009 1431 4062 haec.
1463 4023 1566 4086 vox
1598 4009 1879 4086 commode
1927 4025 2023 4086 ei;-

452 4077 644 4153 plicairi
683 4077 858 4152 poicst
888 4077 954 4136 de
996 4081 1374 4137 Constantino.
1405 4077 1559 4144 cujus
1594 4080 1829 4153 animum
1865 4081 2020 4153 exul-

451 4147 637 4208 cerare
669 4147 833 4222 atque
881 4155 1213 4222 exacerbare
1257 4165 1528 4222 numquam
1573 4147 1747 4222 potuit
1798 4148 2018 4203 Donati-

453 4236 658 4276 starum
688 4219 1100 4288 et'reliquornm
1132 4219 1392 4288 eiusmodi
1430 4220 1808 4272 haereticorum
1840 4235 2022 4272 amens

453 4294 550 4355 tia,
576 4295 783 4348 mallem
815 4303 990 4346 tamen
1021 4293 1123 4345 hoc
1154 4291 1269 4344 loco
1297 4290 1533 4342 scribere
1554 4288 1816 4356 ἄτρυτον·
1847 4304 2020 4356 neque

451 4367 616 4427 enim,
643 4379 762 4417 meo
783 4364 997 4430 quidem
1027 4361 1251 4430 judicio,
1277 4369 1425 4412 recte
1448 4359 1560 4430 dici
1589 4356 2022 4430 potestdrpwrov

448 4435 682 4487 ἐποιεῖτο
707 4427 813 4502 τὴν
840 4433 1114 4503 πρόνοιαν.
1143 4429 1343 4503 Contra
1375 4443 1502 4482 vero
1531 4427 1774 4498 ἄτρυτον)
1803 4427 2019 4503 elegan-

450 4505 656 4558 tissime
689 4500 920 4564 dicetur,
954 4504 1004 4554 id
1043 4513 1147 4564 est,
1180 4500 1494 4565 indefessum
1538 4513 1720 4549 curam
1756 4513 1818 4550 uc
1850 4500 2021 4559 provi-

450 4576 679 4626 dentiam
730 4572 957 4638 gerebat.
993 4571 1083 4624 Sic
1129 4572 1180 4622 in
1232 4571 1367 4621 libro
1405 4583 1440 4622 ll
1465 4607 1480 4628 ,
1520 4583 1639 4638 cap.
1673 4567 1770 4633 M,
1813 4567 2019 4621 ἄϋπνον

447 4636 804 4713 εποιεῖτογτὴν
838 4641 976 4713 ὑπὲρ
994 4639 1112 4713 τῶν
1140 4639 1332 4713 κοινῶν
1358 4636 1635 4713 φροντίδα.

518 4714 593 4790 (8)
639 4705 774 4790 Τῶν(
811 4705 1171 4790 τὴιξὰρχὴν
1221 4705 1665 4790 ἀρτοθξξμέγωιςῤ
1716 4705 2013 4788 δειξτερος.

448 4777 835 4836 Maximianqu
875 4777 1198 4834 Herculium
1257 4781 1526 4845 intelligit.
1586 4777 1682 4829 Hic
1734 4779 1880 4831 enim
1931 4792 2020 4830 se-

448 4855 683 4906 cundmn
714 4852 925 4916 imperii
961 4851 1135 4904 locum
1168 4849 1500 4908 obtinuerat,
1531 4861 1760 4915 cumque
1795 4847 2017 4901 insidias

449 4923 708 4976 adversus
773 4920 1188 4974 Constantinum
1255 4919 1577 4979 struxisset,
1641 4918 2016 4984 deprehensus

450 4993 637 5046 fractis
690 4992 880 5059 laqueo
933 4989 1179 5043 faucibus
1230 4989 1456 5059 interiit.
1502 4987 1604 5040 Sed
1655 4997 1705 5059 et
1751 5003 1874 5059 qua;
1923 5001 2010 5059 se-

447 5074 689 5130 quuntur
736 5056 802 5113 de
857 5061 1185 5123 imaginibus
1255 5056 1372 5124 ejus
1419 5067 1473 5110 et
1523 5056 1720 5130 statuis
1752 5057 2013 5130 _dejeetis

445 5125 610 5202 atque
659 5131 931 5202 abolitis,_
959 5130 1242 5202 perspicue
1287 5135 1556 5202 testantur
1624 5125 2009 5202 Maximianum

447 5196 756 5256 Herculium
799 5201 886 5255 hic
921 5196 1166 5267 intelligi.
1199 5198 1369 5267 Quod
1393 5198 1436 5250 si
1474 5211 1656 5267 verum
1689 5196 2013 5267 est,_f(edi_sf

447 5273 644 5326 simum
679 5286 919 5325 errorem
968 5270 1055 5323 hic
1086 5264 1304 5321 admisit
1333 5264 1615 5327 Eusebius,
1643 5267 1731 5332 qui
1776 5264 2010 5318 Herculii

445 5352 674 5395 mortem
729 5341 895 5394 refert
946 5334 1838 5409 postivictoriam.de__Maxe_ntio,
1884 5349 2010 5387 cum

446 5418 622 5464 tamen
671 5421 878 5464 certum
929 5403 1001 5463 sit
1053 5407 1436 5460 Maximianum
1492 5403 1807 5457 Herculium
1859 5419 2000 5456 mor-

445 5489 595 5533 tuum
625 5495 748 5534 esse
779 5481 997 5534 biennio
1021 5489 1148 5532 ante
1179 5477 1385 5531 cladem
1415 5475 1691 5540 Maxentii,
1725 5490 1868 5527 anno
1903 5474 2010 5529 510

443 5547 650 5604 Natalis
682 5550 967 5603 Dominici.
995 5548 1127 5615 Quis
1152 5563 1280 5601 vero
1312 5545 1501 5598 credat
1529 5553 1732 5615 tantum
1767 5559 2005 5598 errorem

442 5620 511 5672 ab
543 5620 775 5674 Eusebio
815 5614 1033 5673 horum,
1061 5629 1366 5686 temporum
1390 5615 1622 5686 _a:quali
1654 5614 1864 5666 admitti
1894 5629 2009 5686 ⁸[ιο--

445 5689 647 5742 tuisse?
689 5691 842 5743 Adde
894 5690 1037 5758 quod
1090 5683 1279 5742 titulus
1316 5683 1702 5758 hujus‘capitis
1738 5683 2006 5758 non_M_a-

442 5758 688 5822 ximiani,
714 5759 807 5813 sed
838 5753 1109 5812 Maximini
1139 5772 1333 5811 nomen
1363 5753 1599 5822 praefert.
1631 5754 1813 5820 Itaque
1849 5753 2004 5806 facile

442 5829 682 5882 adducor
733 5837 791 5882 ut
836 5830 1053 5883 credam
1102 5830 1245 5882 hunc
1275 5827 1454 5881 locum
1488 5837 1800 5894 corruptum
1855 5838 1994 5884 esse.

2087 697 2136 754 Α

2725 688 2952 744 CAPUT
2987 689 3170 746 XLVI.

2526 778 2767 832 Victoriae
2799 780 2862 833 de
2904 780 3146 834 barbaris
3175 780 3378 834 refutat.

2231 871 2296 925 Et
2332 871 2630 940 imperator
2659 871 2880 939 quidem
2922 872 2986 924 ad
3019 873 3160 927 hunc
3192 875 3409 927 modum
3455 875 3506 929 in
3558 875 3738 930 omni-

2157 960 2258 1014 bus
2299 961 2415 1015 suis
2464 962 2678 1014 actibus
2723 961 2829 1013 Deo
2882 962 3125 1014 omnium
3189 963 3479 1034 inspectori
3527 965 3735 1019 cultum

2156 1053 2463 1115 exhibens,
2519 1052 2778 1106 Ecclesiis
2821 1051 2940 1121 ejus
2995 1052 3320 1107 inconcussa
3370 1054 3737 1111 sollicitudine

2156 1146 2492 1213 providebat.
2534 1146 2674 1198 Deus
2701 1160 2831 1199 vero
2855 1146 2903 1200 ei
2940 1147 3111 1200 virent
3147 1149 3470 1214 rependens,
3505 1161 3735 1204 cunctas

2155 1237 2268 1292 fere
2298 1239 2558 1291 barbaras
2588 1248 2778 1307 gentes
2827 1239 3058 1307 pedibus
3106 1239 3252 1293 illius
3281 1241 3547 1309 subjecit;
3598 1244 3734 1296 adeo

2155 1338 2213 1380 ut
2247 1337 2444 1394 tropaea
2485 1330 2684 1398 ubique
2737 1328 2804 1383 de
2860 1327 3113 1383 hostibus
3161 1331 3415 1399 erigeret.
3454 1331 3606 1385 illum
3651 1333 3734 1386 vi-

2154 1429 2356 1474 ctorem
2390 1422 2527 1488 apud
2559 1437 2752 1474 omnes
2798 1421 3058 1476 mortales
3109 1421 3308 1476 illustri
3342 1424 3610 1493 praecooio
3643 1439 3725 1478 re-

2153 1513 2460 1577 nuntiavit;
2509 1513 2658 1566 illum
2687 1510 3082 1566 formidabilem
3129 1513 3369 1568 inimicis
3403 1526 3456 1568 et
3485 1515 3730 1571 hostibus

2153 1604 2407 1671 reddidit,
2435 1605 2686 1672 quamvis
2719 1614 2917 1672 suapte
2954 1614 3148 1658 natura
3183 1605 3405 1659 minime
3438 1606 3562 1660 talis
3587 1647 3602 1669 ,
3632 1607 3728 1663 sed

2151 1693 2331 1761 potius
2372 1692 2869 1754 mansuetissimus,
2903 1692 3221 1749 lenissimus
3247 1704 3411 1764 atque
3441 1697 3728 1753 humanis-

2150 1783 2319 1836 simus
2340 1791 2486 1837 esset
2512 1783 2752 1836 onmium
2787 1786 3121 1839 mortalium.

2702 1870 2928 1929 CAPUT
2966 1873 3173 1930 ΜΝΙΙ.

2203 1957 2348 2016 Mors
2382 1962 2700 2036 Maximiani
2727 1975 2772 2016 et
2811 1964 3036 2017 aliorum
3064 1982 3285 2036 quorum
3309 1968 3535 2020 insidias
3565 1966 3678 2023 Deo

2362 2036 2617 2087 revelante
2660 2032 3038 2088 Constantinus
3075 2032 3506 2105 deprehenderat.

2211 2187 2339 2243 Haec
2378 2189 2507 2244 dum
2553 2191 2622 2245 ab
2672 2206 2739 2246 eo
2787 2201 3068 2261 geruntur,
3104 2191 3240 2247 alter
3282 2207 3474 2248 eorum
3511 2195 3604 2264 qui
3651 2211 3712 2252 se

2144 2274 2368 2344 imperio
2405 2279 2814 2345 abdicaverant,
2843 2296 2963 2334 cum
3001 2282 3227 2336 insidias
3263 2285 3315 2336 in
3365 2286 3482 2354 ejus
3530 2300 3720 2341 necem

2141 2380 2514 2436 compararet,
2545 2371 2921 2439 deprehensus
2953 2374 3268 2443 turpissimo
3301 2377 3491 2430 mortis
3521 2392 3722 2447 genere

2143 2458 2369 2513 interiit.
2416 2460 2749 2529 Primusque
2796 2464 2882 2518 bic
2921 2475 3005 2518 est
3047 2464 3204 2533 cujus
3240 2476 3428 2533 utpote
3474 2468 3623 2536 impii
3657 2485 3724 2525 ac

2142 2550 2391 2604 scelerati
2430 2554 2668 2608 hominis
2695 2556 2968 2626 imagines
2993 2573 3183 2612 omnes
3217 2557 3380 2629 432
3409 2569 3463 2613 et
3492 2569 3712 2623 statuae,

2141 2651 2446 2712 czeteraqne
2476 2646 2524 2699 id
2561 2662 2729 2716 genus
2762 2659 3110 2704 monumenta
3141 2666 3262 2720 quae
3299 2653 3524 2708 honoris
3552 2670 3719 2710 causa

2139 2731 2272 2800 erigi
2323 2732 2533 2797 solent,
2578 2735 2780 2804 ubique
2819 2749 3084 2792 terrarum
3127 2739 3338 2810 dejecta
3387 2751 3535 2800 sunt.
3591 2743 3724 2801 Post

2139 2820 2284 2877 hunc
2316 2825 2406 2878 alii
2437 2840 2653 2894 quoque
2685 2828 3090 2898 propinquitate
3143 2833 3359 2900 generis
3400 2833 3672 2900 conjuncti
3702 2876 3718 2899 ,

2139 2931 2261 2970 cum
2288 2916 2506 2970 occulte
2528 2918 2576 2970 ei
2607 2919 3022 2985 insidiarentur,
3049 2921 3376 2990 deprehensi
3406 2934 3570 2990 sunt;
3610 2925 3722 2981 Deo

2139 3006 2348 3058 scilicet
2405 3017 2600 3060 cuncta
2665 3009 2876 3062 illorum
2929 3011 3153 3065 consilia
3204 3013 3436 3068 mirabili
3483 3015 3714 3083 quodam

2138 3099 2301 3152 modo
2351 3113 2447 3166 per
2493 3099 2730 3153 visiones
2780 3100 2982 3154 famulo
3009 3118 3109 3157 suo
3151 3103 3451 3174 detegente.
3491 3104 3622 3160 Nam
3662 3118 3718 3160 et

2137 3189 2482 3256 praesentiam
2513 3205 2665 3268 suam
2698 3191 2747 3244 ei
2783 3193 2981 3260 saepius
3013 3194 3275 3248 exhibere
3305 3195 3559 3263 dignatus
3587 3208 3715 3265 est;

2137 3281 2318 3334 divina
2362 3282 2568 3336 scilicet
2618 3284 2800 3351 specie
2846 3300 2946 3352 per
2991 3302 3260 3341 summum
3294 3288 3616 3347 miraculum
3662 3293 3715 3355 ei

2139 3383 2459 3438 apparente,
2493 3389 2558 3428 ac
2604 3373 2908 3429 futurarum
2952 3393 3134 3432 rerum
3178 3380 3578 3447 praescientiam
3611 3385 3713 3455 ipsi

2137 3473 2480 3534 suggerente.
2537 3465 2600 3519 Et
2653 3467 3058 3534 inexplicabilia
3107 3470 3328 3538 quidem
3381 3472 3472 3526 illa
3519 3475 3714 3532 divina:

2137 3556 2331 3625 gratiae
2371 3555 2626 3611 miracula
2655 3596 2671 3621 ,
2717 3572 2836 3626 quae
2873 3557 3014 3614 Deus
3051 3560 3164 3630 ipse
3196 3561 3397 3618 famulo
3424 3579 3524 3620 suo
3572 3582 3714 3636 prte-

2137 3655 2283 3700 stare
2312 3645 2562 3716 dignatus
2591 3657 2698 3712 est,
2720 3661 2786 3702 ne
2817 3651 3200 3718 comprehendi
3232 3653 3449 3722 quidem
3481 3656 3711 3712 dicendo

2135 3737 2294 3793 facile
2328 3749 2575 3807 possunt.
2608 3739 2818 3806 Quibus
2851 3740 2939 3795 ille
2967 3744 3206 3796 tnunitus
3230 3782 3246 3808 ,
3277 3746 3543 3814 reliquum
3573 3758 3710 3803 tent-

2136 3840 2237 3894 pus
2265 3828 2441 3880 aetatis
2471 3828 2740 3881 tutissime
2781 3827 3062 3896 traduxit;
3107 3839 3218 3883 tum
3266 3844 3332 3884 ex
3364 3832 3704 3890 subditorum

2132 4013 2295 4073 atque
2351 4005 2434 4078 ita
2484 4006 2760 4078 emendari
2817 4006 3015 4078 debere
3059 4026 3072 4062 :
3119 4007 3242 4061 Τῶν
3295 4009 3377 4072 εἰς
3430 4007 3704 4078 βασιλείαν

2127 4076 2616 4160 πρρχειρισθέντων
2647 4077 2770 4158 ὑπὸ⁶
2789 4075 2897 4130 τῶν
2930 4078 3251 4160 emam»;
3293 4075 3646 4160 ἀποθεμένων
3678 4085 3703 4138 5

2125 4144 2406 4216 δεύτερος,
2457 4161 2510 4198 ιιι
2559 4147 2879 4217 Maximinus
2929 4144 3014 4201 hic
3052 4144 3400 4217 intelligatur,
3453 4144 3543 4216 qui
3595 4168 3700 4208 una

2127 4231 2248 4269 cum
2291 4215 2496 4269 Severo
2532 4217 2714 4272 Caesar
2757 4215 2934 4271 factus
2961 4227 3046 4270 est
3072 4234 3099 4271 a
3135 4215 3556 4273 Diocletiano’et
3585 4221 3701 4275 Ma-

2127 4286 2412 4358 ximiano,
2455 4296 2762 4358 timorum
2826 4301 3117 4358 purpuram
3186 4289 3586 4358 deposuerunt,
3639 4301 3697 4347 nt

2124 4355 2558 4427 scribit_ldatius
2610 4355 2662 4410 in
2712 4355 3028 4410 Fastis.l§t
3077 4355 3507 4427 sicrte'mporum
3561 4364 3698 4416 ordo

2126 4426 2265 4492 apud
2303 4425 2592 4480 Eusebium
2647 4437 2794 4479 recte
2846 4429 3121 4494 procedet.
3172 4425 3498 4482 Maximinus
3547 4430 3692 4484 enim

2127 4496 2585 4564 postrvictoriam
2638 4497 2704 4550 de
2759 4496 3035 4550 Maxentio
3089 4498 3327 4563 interiit,
3380 4506 3437 4550 et
3474 4500 3692 4564 quidem

2050 4550 2095 4604 Ῑ)
2125 4550 2314 4634 ᾇιιοιιίε
2365 4581 2565 4634 genere
2616 4567 2946 4634 turpissimo,
2992 4576 3051 4620 ut
3094 4550 3695 4625 scribit'Eusebius—viii

2123 4631 2263 4687 libro
2291 4631 2409 4693 vni.
2447 4651 2562 4703 cap.
2594 4635 2648 4690 9.

2191 4703 2268 4778 (9)
2313 4705 2510 4778 νιιΙε.,
2538 4705 2656 4772 Πρὸ
2710 4703 2795 4778 δὲ
2839 4705 3073 4760 τούτου·
3133 4703 3285 4778 1³⁸80
3357 4703 3575 4778 πρώτου
3606 4706 3690 4778 κδὲ

2117 4774 2330 4836 τούτου,
2358 4789 2420 4828 ex
2463 4776 2598 4828 libro
2626 4791 2716 4828 vttt
2749 4774 3006 4828 Historia:
3033 4774 3418 4839 ecclesiastica,
3445 4791 3565 4844 cap.
3595 4777 3687 4842 25,

2120 4845 2210 4897 ubi
2240 4852 2382 4898 totus
2407 4845 2493 4898 hic
2519 4848 2668 4899 locus
2697 4846 2883 4899 iisdem
2917 4845 3029 4898 fere
3055 4847 3237 4911 verbis
3266 4846 3484 4911 legitur.
3518 4847 3688 4901 Porro

2117 4914 2258 4979 quod
2317 4916 2394 4967 ait
2467 4914 2732 4968 Eusebius
2795 4913 3123 4968 Maximiano
3200 4905 3450 4970 lleiculio
3513 4917 3686 4983 primo

2118 4983 2375 5056 oninium
2405 4987 2714 5053 contigisse,
2747 4995 2804 5037 ut
2842 4995 3032 5039 statua:
3073 4985 3190 5054 ejus
3224 4996 3386 5054 atque
3421 4987 3686 5056 imagines

2117 5053 2319 5120 ubique
2363 5053 2604 5107 locorum
2641 5053 3112 5116 disturbat-eatur,
3144 5056 3194 5108 id
3232 5053 3433 5110 nemini
3487 5053 3685 5109 mirum

2115 5123 2287 5176 videri
2331 5122 2509 5177 debet.
2542 5123 2654 5177 Hoc
2689 5126 2834 5177 eitim
2867 5125 2946 5178 sic
2980 5126 3281 5193 intelligere
3311 5126 3589 5190 debemus,
3626 5134 3685 5180 ιιι

2113 5207 2238 5245 cum
2285 5193 2417 5245 dicit
2459 5195 2690 5262 primum
2721 5194 2961 5247 omnium
3009 5195 3384 5248 Constantium
3424 5193 3679 5250 Chiorum

2115 5262 2254 5314 inter
2288 5263 2442 5316 divos
2485 5264 2711 5316 relatum
2757 5264 2946 5317 fuisse.
2992 5264 3232 5318 Primum
3277 5265 3409 5319 dicit
3445 5281 3510 5318 ex
3559 5279 3680 5317 om-

2113 5332 2274 5385 nibus
2310 5347 2447 5398 quos
2481 5334 2696 5399 quidem
2731 5332 2943 5388 viderat
2975 5334 3410 5398 imperatoribus.
3449 5333 3602 5400 Quod
3633 5333 3684 5385 si

2111 5405 2234 5468 quis
2266 5402 2380 5473 haec
2409 5402 2476 5473 de
2509 5401 2803 5456 Maximino
2836 5403 3136 5473 intelligere
3184 5406 3354 5466 malit,
3397 5402 3680 5473 sententiae

2113 5485 2223 5524 sua:
2274 5471 2677 5537 astipulatorem
2737 5473 2898 5527 habet
2946 5469 3270 5537 Eusebium,
3317 5474 3404 5541 qui
3461 5473 3515 5525 in
3569 5469 3681 5524 fine

2110 5541 2231 5595 libri
2309 5555 2364 5594 ix
2444 5543 2644 5596 diserte
2702 5552 2930 5596 testatur
2997 5555 3205 5598 statuas
3261 5556 3451 5597 omnes
3511 5547 3680 5605 atque

2106 5611 2373 5733 imagines
2428 5609 2704 5668 Maximini
2761 5621 2886 5682 post
2941 5612 3061 5683 ejus
3114 5616 3317 5670 obitum
3369 5607 3683 5664 confracta:

2133 5696 2291 5733 uisse.

2133 5697 2160 5734 υ
2170 5696 2291 5737 I550.
