4210 6420
491 353 598 416 963

1199 351 1469 417 EUSEBII
1507 350 1990 417 CESARIENSIS
2026 359 2176 416 OPP.
2218 354 2400 418 PARS
2437 354 2481 418 I.
2521 393 2590 404 —
2627 362 3019 422 IIISTOIIICA.

3656 369 3767 425 964

491 484 868 541 benevoientia
922 483 1215 538 maximam
1264 484 1488 553 capiens
1537 484 1911 554 voluptatem;
1959 493 2067 537 tum

2172 500 2271 546 τας
2311 483 2424 554 βίον
2467 483 2646 555 ἑώρα·
2694 485 3141 557 ὑπερϐαλλόντως
3174 482 3231 540 δὲ
3277 486 3768 561 ὲνενφραινόμενος

492 593 562 632 ex
592 592 660 632 eo
689 577 832 646 quod
858 584 1083 630 cunctos
1112 576 1338 643 imperio
1365 590 1463 630 suo
1480 576 1754 643 subjectos
1782 576 1834 629 in
1859 591 2071 630 summa

498 672 885 743 tranquillitate
929 686 991 725 ac
1042 670 1231 727 laetitia
1300 671 1501 742 degere
1553 672 1775 727 videbat

492 766 693 839 gaudio
723 766 980 837 gestiens.

1030 857 1259 914 CAPUT
1291 855 1522 913 XLVIII.

923 950 1265 1006 Constantini
1295 952 1628 1006 decennalia.

562 1044 698 1097 Dum
741 1045 795 1098 in
836 1044 939 1099 hoc
990 1053 1134 1098 statu
1164 1053 1350 1109 esset,
1401 1045 1645 1098 decimus
1692 1043 1905 1113 imperii
1951 1043 2072 1113 ejus

491 1150 666 1192 annus
700 1135 951 1192 evolutus
982 1144 1086 1189 est.
1138 1134 1308 1202 Cujus
1339 1134 1417 1189 rei
1462 1150 1630 1190 causa
1680 1136 1833 1189 festis
1882 1136 2072 1189 diebus

491 1243 589 1298 per
613 1229 931 1283 universum
956 1228 1142 1282 urbem
1180 1225 1488 1281 Romanum
1532 1226 1839 1289 celebratis,
1880 1242 2072 1295 preces

492 1335 615 1374 cum
649 1320 950 1389 gratiarum
990 1318 1209 1371 actione
1260 1325 1517 1385 tanquam
1563 1331 1729 1385 puras
1775 1317 2027 1370 victimas
2054 1356 2073 1382 ,

492 1412 632 1482 ignis
663 1422 717 1465 et
771 1410 977 1465 nidoris
1007 1418 1293 1479 expertes,
1321 1409 1431 1463 Deo
1471 1408 1713 1461 omnium
1752 1402 1881 1475 [legi
1914 1409 2074 1462 obtu-

491 1499 574 1557 lit.
609 1500 676 1556 Et
708 1516 774 1555 ex
806 1500 892 1554 his
920 1500 1138 1568 quidem
1174 1500 1468 1552 maximam
1501 1498 1683 1552 animo
1703 1498 1951 1566 capiebat
1980 1513 2075 1551 vo-

489 1591 754 1662 luptatem
784 1607 799 1644 :
828 1593 923 1645 sed
967 1606 1071 1645 non
1107 1589 1332 1658 perinde
1362 1604 1484 1644 eum
1517 1589 1867 1645 oblectabant
1896 1592 2071 1645 nuntii

491 1684 567 1738 illi
595 1724 610 1745 ,
640 1685 730 1752 qui
769 1683 835 1739 de
865 1683 1273 1754 provinciarum
1319 1679 1563 1737 Orientis
1605 1683 1909 1738 vastatione
1936 1678 2071 1738 οσο-

491 1777 771 1831 rebantur.

1051 1858 1277 1922 CAPIJT
1305 1864 1496 1921 XLIX.

694 1957 968 2025 Quomodo
1024 1956 1259 2012 Licinius
1295 1949 1565 2013 Orientem
1596 1948 1863 2029 aﬁlixerit.

557 2051 770 2107 Etenim
819 2051 1076 2107 immanis
1125 2051 1373 2118 quasdam
1425 2052 1601 2107 bellua
1646 2062 1759 2106 tum
1811 2050 2070 2108 Ecclesia:

488 2146 607 2209 Dei,
644 2155 755 2198 tum
786 2143 1010 2214 reliquis
1039 2143 1478 2212 provincialibus
1504 2143 1614 2198 illic
1649 2143 1901 2198 insidiari
1929 2160 2070 2197 nun-

486 2237 771 2291 tiabatur:
808 2249 931 2288 cum
965 2233 1338 2302 nequissimus
1389 2234 1601 2288 daemon
1646 2234 1804 2303 quasi
1847 2234 2069 2288 aemula-

484 2329 632 2383 tione
659 2341 961 2383 succensus
984 2366 998 2387 ,
1033 2326 1101 2380 iis
1132 2337 1254 2395 quae
1297 2324 1366 2379 ab
1395 2325 1724 2394 imperatore
1752 2326 1847 2380 Dei
1873 2342 2068 2379 amau-

486 2421 696 2475 tissimo
723 2419 1076 2490 gerebantur,
1109 2418 1384 2471 contraria
1414 2417 1597 2472 facere
1629 2419 1892 2474 studeret.
1918 2418 2068 2474 Adeo

485 2523 542 2565 ut
576 2512 865 2580 imperium
903 2508 1209 2562 Romanum
1259 2509 1397 2562 duas
1444 2508 1498 2562 in
1556 2519 1741 2578 partes
1787 2509 2064 2573 divisum,

484 2603 630 2658 nocti
664 2616 728 2655 ac
751 2601 855 2655 diei
888 2598 1066 2653 simile
1091 2612 1214 2653 esse
1240 2599 1499 2653 omnibus
1529 2600 1824 2655 videretur.
1855 2599 2068 2669 Quippe

482 2694 727 2752 Orientis
756 2694 974 2763 quidem
1025 2692 1234 2746 incolas
1276 2693 1458 2764 caligo
1507 2693 1687 2747 noctis
1732 2694 2016 2762 premebat
2052 2712 2065 2749 :

484 2806 582 2844 eos
608 2803 739 2842 vero
767 2788 859 2855 qui
894 2783 1204 2840 Occidentis
1238 2793 1425 2853 partes
1457 2783 1799 2851 habitabant,
1828 2786 2069 2841 serenis-

484 2882 655 2934 simus
691 2877 995 2933 illustrabat
1043 2875 1180 2929 dies.
1233 2875 1335 2940 Qui
1391 2890 1515 2929 cum
1553 2874 1782 2929 inﬁnitis
1837 2877 1995 2930 bonis
2036 2892 2064 2931 a

488 2974 598 3027 Deo
631 2971 732 3025 sibi
768 2969 1075 3023 conciliatis
1121 2969 1455 3031 fruerentur,
1504 2984 1611 3022 non
1653 2968 1778 3022 tnlit
1813 2969 1865 3023 id
1903 2968 2065 3042 433

484 3063 703 3133 maligni
757 3059 1018 3115 daemonis
1071 3058 1277 3112 invidia
1327 3058 1488 3113 bonis
1538 3059 1793 3114 omnibus
1844 3058 2061 3113 iniesta.

2102 1796 2150 1852 B

2179 578 2245 646 τῇ
2278 574 2388 630 τῶν
2412 577 2715 649 ἐκκλησιῶν
2738 579 2834 631 τοῦ
2868 579 3004 633 Θεοῦ
3045 580 3388 653 φαιδρὸτητι.

1838 690 1852 726 :
1909 681 2023 727 tum
2095 673 2371 743 praecipue
2418 677 2488 728 ob
2531 675 2872 745 splendorem
2916 676 3269 732 ecclesiarum
3320 678 3415 735 Dei
3462 679 3769 735 incredibili

2670 851 3069 905 ΚΕΦᾹΛΑΙΟΝ
3105 853 3247 907 MH’.

2320 943 2745 1011 Δεκαετηρίδος
2777 946 3239 999 Κωνστιιντίνου
3262 946 3619 1017 πανήγυρις.

2251 1038 2407 1092 Οὕτω
2451 1038 2495 1090 δ’
2538 1037 2742 1107 ἔχοντι,
2795 1037 3061 1108 δεκαέτης
3114 1037 3265 1109 αὐτῷ
3315 1039 3417 1109 τῆς
3480 1039 3765 1110 βασιλείας

2178 1131 2372 1202 ἠνύετο
2400 1131 2616 1201 χρόνος·
2647 1130 2730 1198 ἐφ’
2763 1122 2807 1197 ᾧ
2830 1129 2895 1199 δὴ
2919 1129 3235 1200 πανδήμους
3278 1130 3516 1184 ἐκτελῶν
3544 1131 3761 1202 ἑορτὰς,

2174 1223 2253 1295 τῷ
2290 1221 2507 1276 πάντων
2551 1221 2762 1292 βασιλεῖ
2788 1220 2907 1292 Θεῷ
2953 1221 3310 1292 εὐχαρίστους
3339 1224 3525 1294 εὐχὰς,
3571 1224 3763 1296 ὥσπερ

2174 1314 2328 1378 τινὰς
2371 1312 2617 1385 ἀπύρους
2675 1313 2769 1365 καί
2819 1311 3099 1376 ἀκάπνους
3146 1313 3340 1376 θυσίας
3392 1314 3758 1385 ἀνεπέμπετο.

2190 1406 2329 1459 Ἀλλ’
2365 1406 2458 1458 ἐπὶ
2513 1405 2611 1476 μὲν
2656 1405 2868 1468 τούτοις
2899 1406 3107 1477 χαίρων
3154 1406 3401 1472 διετέλει,
3433 1407 3493 1460 οὐ
3532 1406 3642 1479 μήν’
3667 1408 3763 1461 καὶ

2177 1498 2260 1566 ἐφ’
2285 1491 2367 1561 οἷς
2410 1498 2546 1567 ἀκοῇ
2594 1496 2724 1567 περὶ
2758 1496 2867 1549 τῶν
2911 1496 3050 1550 κατά
3086 1496 3182 1569 τὴν
3227 1496 3370 1569 ἑῴαν
3411 1498 3761 1569 τρυχομένων

2179 1585 2348 1646 ὲθνῶν
2384 1590 2733 1645 ἐπυνθάνετο.

2686 1860 3083 1922 ΚΕΦΑΛΑῙΟΝ
3115 1862 3249 1923 MB’.

2306 1958 2505 2024 Ὅπως
2529 1950 2645 2026 τὴν
2672 1958 2982 2027 ἀνατολὴν
2999 1958 3319 2028 ἐκακούχει
3352 1958 3639 2027 Λικίνιος.

2284 2051 2467 2115 Δεινὸς
2497 2051 2605 2123 γάρ
2626 2069 2708 2116 τις
2730 2053 2842 2122 (10)
2860 2052 3011 2124 αὐτῷ
3042 2052 3340 2118 κάνταῦθα,
3370 2057 3437 2125 τῇ
3468 2055 3515 2108 τ’
3532 2053 3761 2125 Ἐκκλη-⁵

2170 2142 2261 2213 σίᾳ
2292 2144 2386 2196 τοῦ
2418 2144 2573 2209 Θεοῦ,
2601 2147 2715 2208 τοῖς
2746 2162 2805 2198 τε
2824 2144 3030 2210 λοιποῖς
3046 2144 3415 2217 ὲπαρχιώταις
3446 2145 3758 2219 ἐφεδρεύειν

2170 2236 2546 2306 ἀπηγγέλλετο
2575 2236 2710 2308 θῆρ’
2736 2237 2832 2291 τοῦ
2855 2236 3093 2309 πονηροῦ
3118 2237 3369 2309 δαίμονος
3389 2238 3580 2310 ὥσπερ
3598 2239 3759 2308 ἀμιλο

2170 2323 2437 2394 λουμένου,
2466 2329 2579 2389 τοῖς
2608 2326 2761 2398 παρὰ
2782 2326 2860 2397 τῷ
2882 2326 3124 2396 θεοφιλεῖ
3146 2329 3542 2400 πραττομένοις
3562 2331 3757 2384 τάναν-

2171 2415 2261 2469 τία
2288 2416 2743 2488 κατεργάζεσθαι,
2778 2418 2853 2484 ὡς
2879 2418 3054 2473 δοκεῖν
3074 2422 3185 2483 τοῖς
3220 2419 3490 2491 σύμπασι,
3525 2422 3623 2493 τὴν
3653 2421 3758 2475 ὐπὸ

2183 2507 2473 2579 Ῥωμαίοις
2507 2510 2683 2582 ἀρχὴν
2720 2511 2844 2565 δυσὶ
2883 2514 3165 2584 τμήμασιν
3186 2513 3611 2585 ἀποληφθεῖσαν,
3651 2516 3756 2567 ὲοιιε

2171 2599 2328 2654 κέναι
2363 2601 2520 2654 νυκτὶ
2562 2604 2658 2655 καὶ
2694 2603 2898 2675 ἡμέρᾳ,
2944 2605 3171 2671 σκότους
3202 2605 3300 2677 μὲν
3328 2608 3439 2670 τοῖς
3469 2605 3572 2677 τῆν
3616 2604 3756 2677 ἑῴαν

2170 2688 2427 2760 λαχοῦσιν
2465 2692 2909 2759 ἐπιπολάζοντος,
2959 2697 3174 2767 ἡμέρας
3216 2697 3274 2750 δὲ
3313 2697 3756 2768 τηλαυγεστάτης

2168 2787 2282 2848 τοῖς
2305 2785 2403 2856 τῆς
2441 2785 2676 2857 θατέρας
2707 2788 2905 2861 μοίρας
2934 2791 3213 2861 οἰκήτορσι
3253 2790 3751 2862 καταλαμπούσηςί

2168 2871 2250 2940 οἷς
2277 2878 2485 2949 μυρίων
2514 2878 2733 2948 ἀγαθῶν
2767 2881 2831 2933 ἐκ
2864 2880 2999 2934 Θεοῦ
3031 2883 3542 2953 πρυτανευομένων,
3564 2885 3666 2938 οὐκ
3687 2879 3755 2956 ἦν

2171 2968 2249 3040 τῷ
2284 2970 2560 3042 μισοκόιλῳ
2593 2972 2772 3044 φθόνῳ
2803 2974 3012 3046 φορητὴ
3052 2978 3085 3047 ἡ
3134 2975 3243 3030 τῶν
3282 2960 3580 3048 γινομένων
3619 2978 3717 3032 θέα
3741 2997 3754 3010 ·

2169 3061 2357 3133 ὥσπερ
2384 3059 2477 3117 οὖν
2502 3064 2621 3117 οὐδὲ
2653 3065 2730 3136 τῷ
2747 3065 2972 3139 θάτερον
2999 3070 3162 3140 μέρος
3185 3068 3286 3139 τῆς
3301 3071 3624 3141 οἰκουμένης
3655 3089 3756 3124 καί·

485 3156 591 3210 Sed
624 3169 801 3224 neque
832 3163 1094 3223 tyrannus
1122 3151 1218 3221 qui
1249 3151 1475 3206 alteram
1509 3162 1721 3221 partem
1775 3151 1924 3205 orbis
1953 3151 2063 3204 Ilo-

2169 3156 2486 3210 ταπονοῦντι
2516 3158 2787 3229 τυράννῳ,
2822 3158 2880 3222 ὃς
2911 3155 2970 3213 εὖ
3007 3161 3312 3233 φερομένης
3336 3162 3433 3233 τῆς
3463 3162 3641 3234 ἀρχῆς
3670 3162 3760 3215 αὐο

484 3247 627 3302 mani
672 3246 1041 3300 dominatione
1089 3259 1186 3298 sua
1237 3243 1619 3313 opprimebat,
1672 3243 1725 3297 id
1778 3242 2063 3296 ferendum

2169 3247 2266 3315 τῷ,
2302 3250 2714 3304 Κωνσταντίνου
2735 3268 2795 3303 τε
2818 3251 3070 3306 τοσούτου
3099 3252 3362 3323 βασιλέως
3387 3254 3759 3327 ὲπιγαμὸρίας

482 3339 713 3410 putavit.
760 3336 865 3403 Qui
895 3352 1019 3391 cum
1054 3351 1141 3391 res
1172 3351 1302 3390 suas
1329 3349 1592 3406 prospero
1619 3349 1781 3388 cursu
1830 3334 1958 3388 ferri
1987 3336 2066 3389 vi-

2169 3340 2487 3412 ἠξιωμένος,
2539 3345 2826 3415 μιμήσεως
2867 3345 2967 3415 μὲν
2998 3345 3091 3399 τοῦ
3128 3345 3409 3415 θεοφιλοῦς
3445 3348 3760 3418 ἀπελιμπάε

482 3435 636 3486 deret
670 3449 684 3485 :
723 3430 970 3497 tantique
1025 3428 1293 3498 principis
1338 3426 1601 3481 aﬂinitate
1628 3435 1775 3481 esset
1824 3426 2063 3481 honora-

2169 3450 2308 3498 νετο,
2347 3436 2445 3505 τῆς
2484 3435 2542 3489 δὲ
2576 3436 2685 3489 τῶν
2712 3437 2988 3492 δυσσεϐῶν
3021 3439 3394 3511 προαιρέσεως
3424 3439 3615 3511 ἐζήλου
3658 3440 3759 3511 τὴν

483 3534 608 3590 tus;
641 3522 883 3593 religiosi
912 3521 1137 3592 quidem
1185 3521 1531 3589 imperatoris
1573 3520 1882 3591 exemplum
1912 3522 2064 3588 sequi

2169 3528 2564 3598 κακοτροπίαν,
2596 3529 2691 3582 καὶ
2712 3522 2787 3584 ὧν
2811 3530 2906 3583 τοῦ
2935 3531 3052 3601 βίου
3080 3532 3180 3601 τὴν
3205 3532 3584 3605 καταστροφὴν
3612 3533 3760 3586 ἐπεῖ-

481 3614 720 3682 neglexit
755 3632 770 3669 :
808 3612 1099 3682 impiorum
1138 3626 1267 3665 vero
1298 3611 1550 3665 instituta
1586 3620 1754 3679 atque
1789 3611 2066 3681 improbos

2169 3616 2259 3670 δεν
2286 3618 2469 3681 αὐτοῖς
2493 3619 2812 3690 ὀφθαλμοῖς,
2837 3621 3042 3677 τούτων
3062 3621 3287 3677 ἕπεσθαι
3313 3625 3379 3693 τῇ
3411 3622 3604 3697 γνώμῃ
3633 3622 3743 3693 μᾶλ

483 3722 664 3762 mores
727 3707 937 3761 studuit
1002 3703 1227 3758 imitari.
1281 3704 1350 3758 Et
1410 3718 1641 3773 quorum
1694 3702 2062 3758 miserabilem

2170 3706 2281 3772 λον,
2304 3709 2338 3780 ἢ
2375 3713 2495 3774 ταῖς
2520 3710 2615 3765 τοῦ
2646 3713 2953 3785 κρείττονος
2980 3714 3218 3785 φιλικαῖς
3249 3713 3450 3781 δεξιαῖς
3477 3715 3588 3787 (Ill
3617 3717 3762 3771 ὕπει-

480 3802 608 3857 viue
636 3799 844 3855 exitum
878 3800 995 3852 suis
1042 3799 1158 3867 ipse
1192 3796 1368 3851 oculis
1417 3795 1834 3864 conspexisset,
1871 3809 2063 3850 eorum

2173 3802 2323 3873 ρᾶτο.

481 3891 708 3950 consilia
736 3890 889 3961 sequi
928 3889 1138 3958 maluit,
1170 3903 1339 3959 quam
1378 3888 1432 3942 in
1463 3887 1708 3942 amicitia
1742 3896 1800 3942 et
1869 3889 2160 3947 concordia
2216 3910 2340 3950 cum
2384 3912 2451 3955 eo
2482 3898 2575 3971 qui
2618 3900 2968 3970 prazsmntior
3024 3910 3142 3958 erat
3191 3917 3257 3958 ac
3312 3902 3515 3975 potior,
3542 3915 3761 3971 pel-ma.

482 4000 616 4043 nere

1105 4073 1333 4131 CAPUT
1370 4068 1431 4129 L.

588 4169 864 4237 Quomodo
890 4167 1126 4222 Licinius
1151 4166 1500 4221 Constantino
1537 4167 1828 4223 insidiatus
1857 4170 1950 4224 sit.

2716 4072 3115 4133 ΚΕΦΑΛΔΙΟΝ
3142 4070 3224 4133 N'.

2175 4170 2375 4235 ’Ὅπως
2394 4170 2825 4238 Κωνσταντίνῳ
2843 4174 3110 4240 Λικίνιος
3126 4174 3540 4229 ἐπιϐουλεύειν
3554 4173 3755 4243 ἤθελε.

555 4264 755 4317 Bellum
784 4262 950 4330 igitur
985 4257 1316 4329 inexpiabile
1348 4259 1555 4313 homini
1588 4258 1728 4313 bene
1759 4259 1829 4313 de
1864 4274 2061 4314 se'mer

2241 4260 2483 4330 Πόλεμον
2502 4260 2545 4313 δ’
2566 4257 2657 4315 οῦν
2672 4263 2936 4317 ἄσπονδον
2954 4265 3089 4336 πρὸς
3104 4266 3197 4319 τὸν
3212 4266 3507 4339 εὐεργέτην
3523 4269 3709 4339 αἶρε-ια
3717 4285 3757 4329 ι,

483 4356 589 4409 rito
621 4354 835 4419 intulit;
865 4367 963 4406 nec
991 4350 1251 4405 amiciti-.e
1276 4351 1426 4419 jura,
1458 4364 1557 4403 nec
1595 4362 2066 4406 sacramentorum

482 4447 825 4517 religionem,
858 4459 959 4499 nec
982 4445 1199 4513 generis
1222 4443 1706 4506 necessitudinem,
1735 4458 1835 4499 nec
1862 4444 2065 4499 hedera

484 4540 536 4594 in
564 4538 879 4592 memoriam
908 4551 1192 4591 revocans.
1236 4534 1369 4590 Nam
1396 4534 1791 4591 Consmntinus
1822 4538 2064 4606 quidem,

483 4641 669 4699 utpOte
689 4631 1110 4700 benignissimus
1133 4628 1416 4698 princeps,
1445 4642 1553 4696 quo
1580 4628 1812 4682 sincerae
1838 4630 2069 4684 benevo-

484 4703 661 4777 lentia:
685 4721 1054 4775 certissimum
1079 4720 1129 4773 ei
1159 4729 1545 4789 argumentum
1590 4720 1786 4783 daret,
1829 4731 2069 4789 paterna:

483 4813 673 4883 stirpis
712 4812 1073 4875 nobilitatem,
1105 4818 1160 4866 et
1183 4813 1523 4880 imperatorii
1546 4810 1657 4880 jam
1684 4813 1812 4866 inde
1839 4828 1866 4865 a
1904 4812 2069 4881 majo-

484 4909 638 4962 ribus
657 4907 874 4977 generis
892 4905 1232 4975 splendorem
1254 4907 1303 4959 ei
1323 4906 1850 4973 communicaverat,
1878 4920 2067 4960 sorore

483 5015 579 5053 sua
626 4999 680 5052 in
726 4997 1136 5051 matrimonium
1166 4998 1333 5049 data:
1369 4996 1644 5065 totiusque
1676 4998 1891 5066 imperii
1950 4998 2063 5051 Ro-

482 5090 629 5145 mani
661 5089 943 5143 consortio
977 5090 1228 5143 eumdem
1270 5089 1373 5145 frui
1412 5090 1770 5161 permiserat.
1818 5088 2064 5146 Licinius

482 5197 613 5237 vero
650 5183 808 5250 plane
842 5181 926 5234 bis
960 5181 1234 5234 contraria
1268 5183 1455 5237 animo
1493 5180 1755 5244 volvens,
1806 5183 2065 5235 adversus

483 5274 920 5347 praestantiorem
954 5273 1184 5329 occultis
1215 5275 1425 5330 artibus
1463 5276 1864 5345 grassabatur;
1909 5276 2062 5329 varia

482 5368 714 5425 subinde
753 5366 1071 5420 insidiarum
1102 5380 1304 5435 genera
1335 5367 1782 5431 comminiscens,
1817 5376 1878 5421 ut
1923 5367 2063 5422 bene

484 5459 736 5514 meritum
769 5456 926 5511 malis
952 5466 1416 5512 remuneraretur.
1448 5458 1525 5512 Ac
1550 5458 1816 5527 principio
1843 5458 2061 5527 quidem

484 5550 779 5606 amicitiam
811 5548 1096 5611 simulans,
1120 5544 1243 5602 dolo
1272 5560 1337 5602 ac
1364 5546 1560 5602 fraude
1591 5557 1787 5603 cuncta
1816 5549 2015 5618 agebat
2044 5565 2059 5615 ;

553 5689 667 5761 (10)
706 5686 1079 5761 Δεινὸςηγάρ
1114 5702 1228 5761 τις.
1274 5686 1357 5761 Ab
1406 5687 1718 5761 hisyegrbis
1762 5689 1925 5761 caput
1972 5687 2060 5743 in-

491 5756 711 5817 :lioatur
745 5763 797 5814 in
829 5756 1012 5813 codice
1041 5756 1174 5812 Fuk.
1205 5765 1258 5810 et
1286 5759 1337 5810 in
1367 5758 1585 5813 schedis
1598 5756 1914 5813 'veteribus.

554 5830 666 5902 (l’i)
706 5828 977 5895 Φαικαῖς
1006 5826 1249 5895 δεξιαῖς.
1287 5827 1389 5886 llic
1422 5828 1575 5886 locus
1617 5828 1947 5899 suppleudus
1976 5837 2059 5887 est

2169 4351 2230 4404 οὐ
2250 4351 2477 4420 φιλικῶν
2498 4352 2698 4423 νόμων,
2732 4354 2830 4424 οὐχ
2848 4354 3223 4426 ὁρκωμοσιῶν,
3244 4357 3304 4409 οὐ
3331 4358 3671 4426 συγγενείας,
3694 4359 3756 4411 οὐ

2171 4444 2456 4515 συνθηκῶν
2478 4447 2699 4517 μνήμην
2717 4447 2775 4498 ὲν
2795 4446 3001 4519 διανοίᾳ
3016 4447 3328 4518 λαμϐάνων.
3356 4452 3413 4503 Ὀ
3434 4450 3531 4520 μὲν
3548 4450 3655 4521 γὰρ
3673 4468 3758 4517 φι-

2168 4536 2296 4589 λανθ
2308 4536 2621 4608 ρωπότατος
2636 4537 2846 4600 εὐνοίας
2858 4537 3007 4609 αὐτῷ
3023 4539 3281 4611 παρέχων
3295 4539 3529 4610 ἀληθοῦς
3556 4542 3619 4594 σύ
3627 4541 3758 4612 p.60-

2167 4628 2278 4693 λον,
2316 4628 2570 4699 πατέρων
2603 4630 2941 4697 συγγενείας,
2987 4628 3266 4699 βασιλικοῦ
3299 4632 3347 4683 τ’
3381 4630 3645 4684 ἀνέκαθεν
3676 4630 3755 4683 αῖ-

2171 4738 2339 4792 ματος
2386 4721 2641 4774 κοινωνὸν
2691 4722 2966 4790 γενέσθαι,
3019 4723 3184 4794 γάμῳ
3227 4724 3325 4795 τὴν
3363 4723 3595 4794 ἀδελφὴν
3630 4740 3755 4776 συν-

2166 4815 2331 4884 άψας,
2360 4815 2461 4885 τῆς
2488 4831 2546 4866 τε
2575 4815 2716 4868 κατά
2754 4814 2970 4869 πάντων
2995 4817 3286 4871 ἀπολαύειν
3319 4818 3491 4889 ἀρχῆς
3525 4817 3636 4869 τῶν
3660 4815 3756 4868 λα-

2165 4905 2390 4976 χόντων,
2423 4906 2653 4974 παρεῖχε
2693 4905 2792 4977 τὴν
2825 4905 3087 4970 ἐξουσίαν·
3119 4909 3147 4961 ό
3177 4907 3234 4960 δὲ
3253 4908 3463 4970 τούτοις
3500 4907 3756 4961 τάναντία

2165 4995 2472 5065 γινώσκων,
2509 4998 2650 5052 κατὰ
2675 4997 2769 5051 τοῦ
2802 5000 3108 5071 κρείττονος
3141 5000 3389 5072 μηχανὰς
3423 5002 3755 5056 συνεσκευᾶ-

2166 5089 2308 5155 ζετο,
2347 5088 2523 5143 ἄλλοτ’
2553 5090 2746 5154 ἄλλους
2778 5092 3009 5145 ἐπινοῶν
3041 5091 3269 5161 ἀπειλῆς
3294 5092 3550 5162 τρόπους,
3582 5092 3657 5154 ὡς
3691 5091 3757 5145 ἂν

2165 5181 2354 5241 κακοῖς
2383 5179 2475 5231 τὸν
2512 5179 2806 5251 εὐεργέτην
2838 5181 3148 5253 ἀμείψαιτο.
3195 5181 3307 5234 Καὶ
3329 5180 3397 5234 τὰ
3427 5181 3525 5252 μὲν
3565 5181 3759 5252 πρῶτα

2165 5270 2346 5340 φιλίαν
2379 5271 2856 5344 ὑποκοριζόμενος,
2879 5272 3013 5345 δόλῳ
3041 5274 3133 5327 καὶ
3160 5274 3344 5345 ἀπάτῃ
3377 5274 3533 5327 πάντ’
3563 5274 3759 5345 ἔπρατ-

2163 5381 2276 5429 τεν,
2325 5365 2410 5433 ἐφ’
2440 5357 2520 5428 οἷς
2550 5366 2771 5436 ἐτόλμα,
2808 5365 3071 5437 λήσεσθαι
3102 5365 3339 5430 ἐλπίζων
3364 5383 3377 5396 ·
3409 5365 3488 5436 τῷ
3514 5363 3560 5418 δ’
3590 5363 3756 5419 αὐτοῦ

2165 5456 2455 5529 θεράποντι
2484 5458 2616 5523 Θεὸς
2632 5458 2733 5522 τὰς
2758 5461 2817 5512 ἐν
2837 5459 3014 5531 σκότῳ
3038 5460 3438 5531 μηχανωμένας
3464 5458 3758 5522 ἐπιϐουλὰς

2164 5548 2524 5620 καταφώρους
2554 5549 2747 5603 ἐποίει.
2809 5550 2867 5603 '0
2898 5547 2943 5601 δ’
2971 5549 3047 5613 ὡς
3087 5550 3179 5602 ἐπὶ
3219 5550 3332 5612 τοῖς
3366 5548 3605 5622 πρώτοις
3640 5547 3757 5617 ἡλί-

2169 5704 2236 5745 ex
2267 5689 2444 5758 capite
2469 5698 2663 5743 octavo
2695 5686 2820 5742 libri
2849 5685 3043 5741 decimi
3074 5686 3333 5758 Historia.-
3353 5685 3755 5758 rcclesiastirat,

2168 5775 2233 5816 ex
2269 5756 2378 5831 quo
2404 5760 2570 5816 etiam
2596 5768 2758 5829 caput
2789 5771 3027 5827 sequens
3055 5756 3459 5813 emendandum
3484 5762 3589 5812 est.
