4210 6382
370 334 476 389 9b!)

1469 333 1556 389 DE
1594 332 1759 390 VITA
1796 329 2257 390 CONSTANTINI
2296 329 2425 387 LIB.
2466 332 2509 389 Ι.

3517 329 3625 385 970

368 448 427 501 ἐν
446 448 689 519 εἱρκταῖς
713 447 1265 519 ταλαιπωρουμένους
1283 448 1485 519 μηδένα
1521 448 1799 519 μεταδόσει
1822 465 1950 521 τρο-

2051 445 2395 501 orationibus
2424 454 2740 501 sanctorum
2771 444 3011 497 virorum
3032 485 3047 508 ,
3086 441 3289 511 quibus
3329 453 3625 512 semetipsa

369 539 477 610 φῆς
501 537 1038 609 φιλανθρωπεύεσθαι
1068 541 1344 603 ἐκέλευσε,
1388 540 1508 610 μηδ’
1538 539 1705 593 ἐλεεῖν
1737 538 1865 602 τοὺς
1891 541 1948 590 ἐν

368 630 588 700 δεσμοῖς
623 628 770 700 λιμῷ
807 628 1300 702 διαῳθειρομένους,
1365 630 1486 701 μηδ’
1524 629 1711 691 ἁπλῶς
1744 627 1949 697 ἀγαθὸν

368 716 508 773 εἶναι
536 719 760 791 μηδένα,
793 721 914 792 μηδ’
944 721 1148 790 ἀγαθόν
1172 739 1226 776 τι
1242 721 1504 793 πράττειν
1533 722 1659 784 τοὺς
1690 720 1784 773 καὶ
1812 719 1951 790 πρὸς

367 812 467 882 τῆς
494 812 708 880 φύσεως
734 814 827 867 ἐπὶ
855 813 916 867 τὸ
960 813 1244 886 συμπαθὲς
1268 814 1376 866 τῶν
1396 813 1562 876 πέλας
1588 811 1946 882 ἐλκομένους;

367 905 479 959 Καὶ
497 900 565 976 ἦν
589 921 655 973 γε
676 905 856 976 νόμων
881 897 1035 969 οὗτος
1059 905 1313 975 ἄντικρυς
1347 904 1570 975 ἀναιδὴς
1589 903 1684 956 καὶ
1718 918 1950 973 παρανο-

374 994 642 1066 μώτατος,
687 998 867 1050 πᾶσαν
917 995 1357 1066 ὑπερακοντίζων
1396 994 1592 1064 φύσινο
1640 993 1726 1061 ἐφ’
1769 987 1813 1059 ᾧ
1855 990 1949 1045 καὶ

367 1087 606 1158 τιμωρία
640 1088 977 1160 προσέκειτο,
1015 1087 1142 1148 τοὺς
1185 1084 1470 1148 ἐλεοῦντας
1494 1084 1563 1138 τὰ
1594 1085 1684 1137 ἴσα
1721 1084 1949 1154 πάσχειν

366 1180 483 1241 τοῖς
515 1178 871 1248 ἐλεουμένοις,
910 1178 1280 1250 ὑπομένοντας
1303 1174 1576 1247 τιμωρίας
1604 1175 1730 1238 τοὺς
1754 1172 1826 1226 τὰ
1860 1190 1948 1242 ιρι-

366 1267 664 1341 λάνθρωπα
690 1271 1160 1342 διακονουμένους.

2004 550 2009 551 ν
2053 537 2316 605 privarat.
2341 536 2480 602 Quid
2516 545 2779 605 prmterea
2809 547 3245 588 commemorare
3266 533 3486 597 attinet,
3517 548 3626 603 qttu

2054 616 2233 696 pacto'
2262 627 2607 696 praeceperit,
2662 641 2731 681 ne
2769 625 2986 679 miseris
3020 625 3073 678 in
3119 638 3343 679 carcere
3391 626 3627 679 detentis

2055 718 2309 771 alimenta
2339 719 2625 787 quisquam
2644 716 2961 770 humaniter
2984 713 3461 777 subministraret;
3490 729 3629 768 neve

2054 808 2180 877 quis
2250 810 2497 864 homines
2564 809 2618 861 in
2691 806 2920 861 vinculis
2986 805 3129 859 fame
3180 806 3630 859 contabcsrentes

2055 900 2407 953 miseratione
2442 906 2863 967 prosequeretnr
2903 915 2917 951 :
2958 897 3062 951 hoc
3094 906 3201 961 est,
3241 911 3310 950 ne
3343 896 3464 965 quis
3510 911 3629 948 om-

2057 992 2188 1044 nino
2209 991 2294 1043 vir
2319 990 2496 1044 bonus
2526 990 2851 1052 exsisteret;
2894 1003 3030 1042 neve
3057 988 3091 1041 ii
3125 989 3217 1057 qui
3258 987 3323 1041 ad
3359 988 3631 1054 proximo-

2057 1096 2178 1133 rum
2247 1080 2653 1136 miserationem
2722 1088 2914 1131 natura
2972 1078 3087 1145 ipsa
3142 1079 3435 1142 ducuntur,
3499 1076 3627 1130 boni

2054 1170 2347 1237 quidquam
2380 1168 2735 1237 prtestarent?
2774 1168 2901 1222 Fuit.
2946 1168 3060 1222 htec
3109 1168 3353 1236 profecto
3405 1166 3625 1237 quidem

2054 1261 2138 1314 lex
2172 1261 2345 1329 palam
2376 1261 2663 1329 impudens
2713 1269 2765 1312 et
2811 1258 3243 1320 immanissima;
3299 1272 3626 1327 omnemque

371 1380 583 1417 mormn
612 1366 880 1420 feritatem
912 1364 1072 1421 facile
1101 1363 1399 1436 superavit.
1447 1361 1586 1429 Quin
1632 1359 1795 1414 etiam
1835 1358 1937 1426 legi
1999 1356 2209 1424 adjecta
2238 1362 2363 1409 erat
2396 1354 2510 1408 lucc
2561 1367 2743 1421 pinna,
2774 1361 2832 1406 ut
2858 1352 2950 1422 qui
2979 1351 3202 1405 inclusis
3225 1352 3416 1417 stipem
3443 1351 3626 1405 dedis-

368 1463 509 1521 sent,
538 1461 655 1523 pari
689 1472 812 1511 cum
841 1457 974 1526 ipsis
1013 1456 1276 1527 supplicio
1303 1455 1708 1525 plecterentur;
1756 1464 1922 1519 utque
1964 1450 2019 1504 in
2067 1463 2346 1503 carcerem
2392 1457 2446 1502 et
2477 1445 2690 1500 vincula
2724 1445 2953 1515 conjecti
3004 1445 3249 1500 eamdem
3290 1458 3413 1498 cum
3446 1445 3626 1499 noxiis

371 1564 582 1617 poenam
607 1552 871 1617 subirent,
907 1551 998 1621 qui
1027 1549 1385 1605 humanitatis
1408 1545 1584 1604 olIicia
1614 1547 1695 1602 eis
1727 1544 2132 1616 praestitissent.

883 1641 1277 1694 ΚΕΦΔΛΑῙΟΝ
1301 1639 1429 1692 NE'.

366 1730 507 1799 Περὶ
547 1730 667 1784 τῶν
703 1732 974 1786 Λικινίου
1011 1730 1393 1800 παρανομιῶν
1421 1728 1517 1783 καί
1554 1724 1939 1791 πλεονεξιῶν.

439 1822 695 1876 Τοιαῦται
723 1823 964 1876 Λικινίου
999 1824 1054 1875 αἱ
1080 1822 1371 1886 διατάξεις.
1399 1819 1464 1872 Τί
1489 1819 1545 1873 δὲ
1577 1820 1681 1890 χρή
1710 1817 1809 1882 τὰς
1844 1833 1944 1870 πε-

370 1914 423 1983 ρὶ
457 1915 649 1984 γάμων
689 1914 852 1967 αὑτοῦ
892 1912 1240 1984 καινοτομίας
1273 1908 1722 1983 ἀπαριθμεῖσθαι,
1760 1908 1947 1979 ἢτοὺς

366 2004 460 2056 ἐπὶ
491 2003 752 2067 τοιούτοις
768 2003 860 2056 τὸν
905 2002 1017 2073 βίον
1069 2000 1489 2073 μεταλλάττουσι
1520 1998 1943 2070 νεωτερισμοὺς,

365 2094 431 2148 δι’
455 2088 530 2148 ὧν
556 2096 679 2158 τοὺς
713 2093 976 2158 παλαιοὺς
1021 2094 1305 2166 Ῥωμαίων
1347 2086 1405 2145 εὖ
1440 2091 1534 2145 καὶ
1555 2089 1734 2159 σοφῶς
1761 2088 1949 2159 κειμέ-

367 2202 490 2249 νους
515 2186 714 2257 νόμους
749 2184 1089 2257 περιγράψαι
1123 2185 1420 2256 τολμήσας,
1451 2181 1759 2253 βαρϐάρους
1795 2178 1949 2240 τινὰς

366 2280 462 2333 καὶ
501 2279 806 2349 ἀνημέρους
855 2278 1164 2347 ἀντεισῆγε,
1207 2275 1435 2346 σκήψεις
1473 2272 1704 2326 ἐπινοῶν
1744 2270 1945 2341 μυρίας

367 2370 507 2424 κατὰ
546 2370 657 2422 τῶν
711 2370 996 2439 ὑπηκόων;
1044 2368 1236 2421 Ἔνθεν
1283 2367 1685 2438 ἀναμετρήσεις
1737 2362 1948 2417 ἐπενόει

367 2468 492 2538 γῆς,
517 2467 592 2529 ὡς
619 2466 685 2519 ἂν
727 2465 950 2518 πλείονα
996 2464 1075 2535 τῷ
1115 2464 1296 2536 μέτρῳ
1331 2461 1597 2531 λογίζοιτο
1633 2459 1732 2531 τὴν
1766 2459 1951 2528 ἐλαχί-

367 2573 520 2628 στην,
550 2559 617 2612 δι’
635 2557 938 2630 ἀπληστίαν
960 2555 1227 2628 περιττῶν
1247 2553 1603 2626 είσπράξεων.
1635 2550 1825 2606 Ἔνθεν
1839 2550 1949 2603 τῶν

368 2653 487 2703 κατ’
527 2651 730 2721 ἀγροὺς
767 2648 963 2720 μηκέτι
1001 2647 1171 2701 ὄντων
1206 2644 1529 2718 ἀνθρώπων,
1577 2642 1854 2713 πρόπαλαι
1900 2641 1947 2696 δ’

367 2746 428 2799 ἐν
457 2746 671 2815 νεκροῖς
721 2741 1008 2812 κειμένων,
1063 2738 1385 2811 ἀναγραφὰς
1423 2739 1680 2801 ἐποιεῖτο,
1722 2735 1949 2808 αἰσχρὸν

367 2835 516 2907 αὑτῷ
544 2834 735 2907 κέρδος
776 2835 841 2887 ἐκ
883 2832 1072 2887 τούτου
1115 2831 1496 2904 ποριζόμενος.
1544 2830 1620 2883 Οὑ
1660 2827 1769 2901 γὰρ
1803 2824 1949 2899 εἶχεν

2543 1629 2710 1702 (.36
2740 1626 2972 1684 CAPUT
3012 1625 3124 1681 Lv.

2357 1723 2433 1777 De
2465 1723 2744 1787 iniquitate
2769 1732 2815 1775 et
2838 1724 3068 1774 avaritia
3094 1719 3302 1773 Licinii.

2122 1814 2438 1885 Huiusmodi
2486 1814 2642 1871 fuere
2702 1814 3123 1869 constitutiones
3196 1811 3415 1868 Licinii.
3480 1810 3618 1877 Quid

2050 1924 2180 1963 vero
2221 1923 2359 1978 opus
2381 1908 2476 1978 :est
2522 1919 2814 1962 recensere
2847 1920 2968 1974 quae
2997 1905 3053 1959 in
3089 1904 3291 1974 nuptiis
3338 1914 3432 1958 aut
3473 1904 3621 1957 circa

2052 1996 2349 2053 morientes
2405 1997 2720 2062 innovavit;
2771 2004 3016 2051 vetustas
3057 1993 3427 2050 Romanorum
3473 1993 3625 2064 leges

2053 2098 2203 2142 recte
2248 2096 2306 2142 et
2354 2088 2634 2157 sapienter
2690 2087 3013 2141 constitutas
3063 2099 3227 2139 ausus
3280 2085 3522 2147 abolere,
3570 2093 3627 2138 et

2052 2178 2318 2233 barbaras
2344 2178 2609 2246 quasdam
2641 2186 2808 2244 atque
2843 2176 3107 2229 immanes
3141 2175 3405 2244 planeque
3450 2175 3626 2243 illegi-

2056 2270 2220 2324 timas
2258 2279 2315 2324 et
2364 2269 2582 2339 iniquas
2641 2266 2788 2337 leges
2829 2268 3045 2322 illarum
3092 2266 3211 2322 loro
3255 2267 3628 2322 substituere?

2055 2359 2198 2416 Mille
2227 2370 2491 2430 praeterea
2524 2359 2874 2413 exactionem
2906 2372 3105 2427 genera
3147 2358 3408 2412 adversus
3432 2358 3625 2412 subdi-

2056 2459 2140 2506 tos
2177 2449 2530 2520 excogitavit.
2557 2447 2820 2514 Quocirca
2846 2462 3013 2501 novas
3039 2461 3293 2516 agrorum
3316 2445 3627 2500 mensiones
3700 2513 3703 2516 ν

2054 2542 2357 2608 adinvenit,
2407 2551 2467 2596 ut
2507 2541 2688 2612 exigui
2723 2539 2838 2610 agri
2873 2537 3133 2605 maiorem
3168 2540 3464 2609 imputaret
3509 2554 3631 2593 mo-

2054 2633 2204 2698 dum,
2229 2631 2299 2686 ob
2320 2630 2695 2700 inexplebilem
2710 2629 3064 2698 cupiditatem
3080 2628 3372 2682 nimiarum
3391 2635 3632 2681 exactio-

2055 2743 2206 2784 num.
2227 2726 2352 2782 Ideo
2388 2728 2717 2781 rusticorum
2749 2725 2841 2793 qui
2882 2722 3208 2792 superstites
3256 2719 3488 2789 amplius
3521 2733 3630 2773 non

2054 2826 2234 2880 erant,
2261 2816 2353 2870 sed
2379 2813 2708 2884 jampridem
2739 2813 3027 2875 obierant,
3061 2811 3280 2865 nomina
3312 2810 3367 2865 in
3397 2824 3632 2865 censuit-

369 2902 518 2998 αὑτῶ
544 2902 793 2998 μέτρονή
820 2923 1156 2996 μικρολογία,
1181 2902 1291 2977 οὐδ’
1314 2924 1346 2993 ή
1377 2920 1651 2993 ἀπληστία
1676 2920 1822 2994 κόρῳ
1853 2936 1950 2972 πε-

2058 2908 2202 2965 libus
2232 2907 2430 2961 tabulis
2459 2902 2813 2970 inscribebat,
2844 2904 3016 2972 turpis
3053 2902 3191 2957 lucri
3223 2902 3351 2957 hinc
3377 2915 3632 2971 compen-

369 2990 672 3092 ριωρίξετο.
705 2990 796 3071 Διδ
818 2990 883 3088 δὴ
908 2990 1085 3071 πάντα
1114 2990 1411 3087 πληρώσας
1434 2990 1638 3086 χρυσοῦ
1658 2990 1756 3067 καί
1778 3011 1950 3083 ἀργύ-

2057 2997 2207 3052 dium
2235 3005 2484 3065 captans.
2517 2995 2702 3063 Neque
2738 2993 2883 3049 enim
2914 2992 3137 3048 sordida
3170 2991 3409 3046 hominis
3447 2992 3630 3061 parci-

368 3126 464 3182 ρου
486 3110 783 3182 χρημάτων
807 3110 854 3162 τ’
887 3109 1128 3178 ἀπείρων
1154 3105 1368 3178 πλήθει,
1411 3105 1612 3158 στένων
1638 3102 1954 3175 ἀπωδύρετο

369 3201 659 3273 πτωχείαν,
705 3199 1013 3269 Τανταλείῳ
1044 3197 1206 3253 πάθει
1240 3196 1339 3268 τὴν
1382 3194 1561 3267 ψυχὴν
1595 3191 1949 3264 τρυχόμενος.

367 3294 497 3357 υἷας
521 3292 566 3347 δ’
592 3291 789 3362 ἐφεῦρε
805 3289 946 3344 κατὰ
959 3288 1068 3342 τῶν
1091 3288 1255 3361 μηδὲν
1278 3285 1612 3357 ἠδικηκότων
1633 3281 1956 3354 ὑπερορίους

363 3384 656 3457 τιμωρίας,
686 3383 805 3446 οἵας
839 3381 1191 3452 ὑπαρχόντων
1216 3376 1530 3448 δημεύσεις,
1559 3374 1678 3437 οἵας
1701 3373 1955 3442 εὐπατρι-

367 3477 474 3532 δῶν
503 3477 598 3530 καὶ
622 3474 912 3542 ἀξιολόγων
944 3470 1152 3543 ἀνδρῶν
1172 3467 1494 3538 ἀπαγωγὰς,
1535 3458 1610 3519 ὧν
1640 3462 1738 3526 τὰς
1763 3478 1951 3533 κουρι-

367 3567 486 3630 δίας
521 3566 734 3637 μιαροῖς
769 3564 1004 3625 οἰκέταις
1029 3562 1111 3630 ἐφ’
1130 3559 1283 3631 ὑὸρει
1308 3555 1559 3629 πράξεως
1589 3553 1819 3623 αἰσχρᾶς
1852 3568 1951 3604 πα-

372 3661 607 3735 ρεδίδου·
641 3660 793 3722 ὅσαις
833 3658 874 3711 δ’
908 3656 1088 3720 αὐτὸς,
1127 3654 1329 3724 καίπερ
1369 3651 1469 3723 ήδη
1511 3650 1660 3719 γήρᾳ
1691 3647 1753 3701 τὸ
1787 3645 1949 3717 σῶμα

371 3749 844 3821 πεπαλαιωμένος,
894 3746 1140 3818 γυναιξὶν
1190 3743 1503 3815 ὑπάνδροις,
1548 3736 1840 3810 παρθένοις
1888 3750 1948 3787 τε

369 3842 560 3913 κόραις
592 3841 882 3913 ἐπεχείρει,
928 3840 988 3894 οὐ
1017 3839 1080 3912 δὴ
1118 3835 1289 3891 ταῦτα
1318 3832 1495 3906 χρεὼν
1526 3828 1807 3902 μηκύνειν,
1849 3825 1949 3897 τῆς

367 3933 477 3988 τῶν
518 3934 760 4005 ἐσχάτων
795 3930 958 3986 αὑτοῦ
995 3930 1246 4003 πράξεων
1276 3925 1581 3998 ὑπερϐολῆς
1629 3919 1839 3993 σμικρὰ
1886 3917 1951 3971 τὰ

368 4024 561 4097 πρῶτα
592 4023 685 4078 καὶ
715 4025 776 4077 τὸ
805 4023 968 4094 μηδὲν
997 4018 1376 4091 ἀποδειξάσης.

2059 3089 2238 3142 monia
2269 3086 2434 3140 ullum
2462 3086 2700 3140 habebat
2749 3084 2989 3147 modum,
3023 3097 3123 3137 nec
3150 3081 3385 3137 habendi
3408 3080 3629 3148 cupidi-

2062 3187 2225 3234 tatem
2256 3177 2483 3232 satietas
2517 3176 2760 3233 ﬁniebat.
2795 3175 2982 3243 Itaque
3003 3188 3126 3228 cum
3159 3185 3293 3225 auro
3315 3181 3371 3224 et
3401 3181 3629 3239 argento

2060 3277 2115 3324 et
2144 3270 2407 3323 immensa
2454 3282 2612 3335 opum
2659 3265 2817 3334 copia
2856 3265 3140 3319 thesauros
3171 3276 3299 3317 suos
3324 3261 3626 3330 implesset,

2057 3374 2279 3430 gemens
2323 3359 2391 3413 de
2439 3367 2754 3427 paupertate
2794 3371 2890 3411 sua
2938 3353 3288 3425 querebatur,
3348 3352 3628 3407 Tantalicn

2057 3451 2295 3523 quodam
2329 3451 2522 3506 morbo
2545 3460 2800 3504 vexatus.
2843 3446 2983 3513 Quid
3018 3445 3253 3501 referam
3278 3444 3469 3500 exsilia
3500 3448 3627 3515 qui-

2055 3545 2156 3600 bus
2180 3543 2330 3597 viros
2351 3543 2670 3596 innocentes
2695 3536 3009 3593 damnavit?
3046 3536 3185 3603 Quid
3225 3537 3490 3589 bonorum
3528 3548 3629 3601 pu-

2056 3633 2424 3690 blicationes‘l
2466 3631 2612 3698 Quid
2646 3629 2859 3684 nobiles
2919 3642 2985 3683 ac
3027 3626 3315 3698 praecipua:
3347 3625 3629 3694 dignitatis

2055 3727 2302 3782 homines
2354 3727 2408 3780 in
2462 3737 2736 3778 carcerem
2791 3721 3073 3782 abductos,
3128 3732 3362 3789 quorum
3425 3732 3628 3773 uxores

2056 3817 2338 3875 sceleratis
2409 3814 2731 3887 quibusdam
2826 3813 3114 3882 mancipiis
3187 3812 3626 3881 constuprandas

2055 3910 2265 3966 dabat?
2293 3909 2436 3977 Quid
2467 3906 2719 3961 mulieres
2745 3915 2964 3976 nuptas,
3000 3904 3131 3975 quid
3164 3904 3403 3973 virgines
3434 3917 3626 3958 recen-

2055 4017 2226 4068 seam,
2282 3999 2482 4071 quibus
2529 3999 2670 4068 ipse,
2694 3997 2821 4052 licet
2867 3996 3061 4051 aﬂ‘ecta
3104 3996 3217 4065 jam
3276 4004 3459 4060 atate,
3512 3995 3624 4048 vim

371 4085 574 4171 inferre
631 4085 898 4170 tentavit}
942 4114 1084 4168 Nihil
1128 4127 1265 4181 opus
1313 4085 1406 4166 ⁷ρει
1462 4111 1516 4164 in
1568 4108 1658 4163 his
1722 4094 2212 4160 commemorandis
2271 4093 2476 4147 diutius
2519 4090 2827 4155 immorari,
2878 4103 3004 4145 cum
3047 4098 3450 4159 postremorum
3504 4085 3625 4155 ejus

371 4205 672 4262 facinorum
705 4208 971 4275 gravitas.
1011 4213 1068 4258 ut
1111 4206 1291 4274 priora
1336 4205 1453 4258 lucc
1492 4201 1630 4258 levia
1665 4215 1730 4254 ac.
1759 4210 1926 4267 pr0pe
1947 4188 2097 4245 nulla
2121 4187 2456 4250 viderentur,
2484 4183 2746 4240 eiecerit-

859 4296 1256 4351 ΚΕΦΑΔΑΙΟΝ
1286 4296 1431 4363 Nq'.

532 4389 661 4442 Ὀτι
688 4386 943 4443 διωγμὸν
962 4386 1209 4442 ποιῆσαι
1230 4385 1447 4441 λοιπὸν
1470 4381 1780 4451 ἐπεχείρει.

442 4543 516 4596 Τὸ
544 4542 673 4611 γοῦν
701 4541 852 4605 τέλος
883 4539 1032 4610 αὑτῷ
1071 4538 1172 4609 τῆς
1203 4539 1401 4610 μανίας
1435 4536 1576 4594 κατὰ
1612 4534 1721 4590 τῶν
1746 4533 1945 4605 ἐκκλη-

375 4634 505 4688 σιῶν
544 4630 829 4696 ὡπλίζετο,
867 4630 961 4684 ἐπί
1002 4646 1063 4682 τε
1095 4628 1223 4694 τοὺς
1253 4628 1583 4690 ἐπισκόπους
1604 4623 1821 4697 ἐχώρει,
1852 4622 1947 4686 οὓς

373 4726 440 4781 ἀν
471 4725 703 4796 μάλιστα
734 4721 1172 4791 ἐναντιουμένους
1187 4717 1361 4791 ἐώραο
1393 4719 1489 4773 καὶ
1506 4718 1735 4789 ἐχθροὺς
1761 4716 1947 4786 ἠγεῖτο

372 4821 500 4883 τοὺς
528 4816 606 4888 τῷ
628 4814 863 4886 θεοφιλεῖ
884 4812 987 4867 ,καὶ
1022 4812 1241 4884 μεγάλῳ
1270 4810 1479 4881 βασιλεῖ
1515 4808 1722 4879 φίλους.
1761 4807 1851 4861 Διὸ
1880 4806 1945 4877 δὴ

376 4909 610 4983 μάλιστα
635 4906 753 4961 καθ’
791 4903 947 4976 ἡμῶν
978 4903 1068 4957 τὸν
1097 4901 1266 4972 θυμὸν
1304 4901 1557 4967 ὼξύνετο,
1595 4897 1692 4953 τοῦ
1731 4896 1945 4968 σώφρο-

366 5017 462 5065 νος
483 4999 594 5071 (l9)
623 4993 1111 5068 παρενηνεγμένος,
1151 4991 1275 5045 οὔτε
1316 4992 1416 5063 τὴν
1447 4993 1666 5062 μνήμην
1697 4987 1806 5040 τῶν
1837 4985 1948 5057 πρὸ

372 5090 539 5148 αὑτοῦ
574 5088 932 5161 Χριστιανοὺς
964 5083 1330 5150 ἐκδιωξάντων
1372 5085 1430 5136 ἐν
1471 5080 1549 5152 νῷ
1594 5077 1942 5143 κατεϐάλετο,

372 5184 486 5240 οὗθ’
516 5176 591 5238 ὧν
635 5180 796 5244 αὐτὸς
832 5177 1023 5249 ὀλετὴρ
1071 5177 1162 5230 καί
1204 5174 1444 5245 τιμωρὸς
1474 5173 1541 5226 δι’
1573 5171 1640 5234 ἃς
1682 5169 1944 5242 μετῆλθον

369 5276 647 5338 ἀσεϐείας,
671 5272 927 5342 κατέστη,
951 5268 1064 5323 οὗθ’
1087 5262 1162 5324 ὧν
1188 5265 1462 5335 αὐτόπτης
1488 5263 1730 5333 γέγονεν,
1761 5262 1961 5331 αὐτοῖς,

375 5462 468 5520 τός
510 5454 663 5523 ponit
716 5466 816 5521 pro
837 5521 845 5523 _
870 5448 1260 5523 paganis_seu_
1282 5442 1612 5523 gentilibus;
1638 5439 1775 5523 Vide
1809 5453 1936 5523 quae

379 5510 538 5594 supra
573 5510 752 5579 notavi
782 5521 852 5594 ad
873 5510 1143 5594 caput-42!
1176 5510 1332 5582 hujus
1368 5513 1512 5594 libri.
1552 5510 1938 5594 Christupliorf

380 5586 546 5650 sonus
581 5604 756 5649 tamen
786 5589 893 5644 τῶν
934 5586 1091 5651 ἐκτός
1133 5587 1515 5654 interpretatus
1540 5592 1623 5654 est
1650 5590 1935 5647 praeterea;

381 5677 441 5717 ut
470 5664 609 5719 idem
652 5665 724 5718 sit
750 5677 814 5716 ac
838 5658 1042 5713 τούτων
1077 5653 1254 5720 ἐκτός,
1279 5651 1559 5724 Quomodo
1610 5651 1820 5707 locutus
1853 5658 1937 5703 est

383 5735 665 5809 Eusebius,
692 5747 814 5800 cap.
838 5731 929 5783 45.

743 5824 1017 5883 Ριτιιοι.
1049 5818 1169 5881 Gtt.
1215 5814 1351 5879 XX.

2623 4272 2852 4331 CAPUT
2904 4271 3038 4328 LVI.

2124 4369 2403 4437 Quomodo
2458 4366 2873 4437 persecutionem
2902 4365 3176 4437 adversus
3218 4359 3553 4416 Christianos

2541 4437 2754 4489 tandem
2799 4433 3123 4486 excitaverit.

2123 4532 2369 4600 Denique
2389 4542 2456 4583 eo
2484 4525 2690 4580 furoris
2724 4524 3013 4590 processit,
3046 4530 3105 4573 ut
3136 4518 3399 4575 Ecclesiis
3420 4518 3620 4573 bellum

2053 4624 2307 4686 inferret,
2342 4620 2598 4688 ipsosque
2625 4615 2915 4682 episcopos
2945 4609 3277 4674 adoriretur,
3304 4622 3440 4677 quos
3456 4611 3625 4663 maxi-

2052 4727 2140 4768 me
2165 4712 2270 4768 sibi
2299 4709 2559 4764 adversos
2586 4719 2707 4760 esse
2732 4700 3102 4772 intelligebat;
3134 4714 3233 4768 pro
3258 4699 3495 4755 inimicis
3521 4700 3623 4754 ha-

2052 4806 2187 4860 bens
2211 4816 2306 4857 eos
2334 4799 2426 4869 qui
2453 4795 2675 4852 maximi
2705 4793 2921 4862 Deoque
2941 4790 3248 4847 chari‘ssimi
3276 4790 3620 4860 imperatoris

2051 4895 2214 4951 amici
2264 4899 2467 4948 essent.
2506 4888 2588 4945 Ob
2627 4900 2789 4955 quam
2817 4884 3091 4953 praecipue
3125 4895 3346 4936 causam
3380 4880 3622 4936 furorem

2051 5001 2210 5043 suum
2239 4984 2293 5038 iu
2323 4996 2424 5037 nos
2451 4977 2692 5040 exacuit,
2750 4974 2784 5029 ε
2832 4982 2983 5028 recta
3028 4970 3243 5025 ratione
3288 4969 3618 5024 desciscens.

2056 5078 2166 5133 Nec
2206 5072 2512 5141 exemplum
2546 5082 2735 5123 eorum
2769 5065 2863 5135 qui
2893 5073 3020 5117 ante
3064 5063 3243 5131 ipsum
3278 5059 3622 5116 Christianos

2051 5167 2272 5223 fuerant
2317 5160 2611 5233 persecuti.
2669 5158 2725 5212 in
2767 5157 3086 5211 memoriam
3141 5153 3244 5208 sibi
3300 5153 3618 5212 revocavit;

2053 5272 2157 5313 nec
2198 5254 2415 5312 illorum
2446 5263 2680 5322 quorum
2713 5248 2782 5302 ob
2827 5244 2992 5315 impia
3042 5242 3286 5299 facinora
3319 5242 3465 5296 ultor
3506 5241 3622 5310 ipse

2115 5433 2226 5505 (t9)
2272 5431 2384 5486 Τοῦ
2425 5427 2757 5505 σώφρονος.
2788 5426 2919 5505 Post
2958 5437 3073 5478 nec
3116 5438 3281 5505 verna
3322 5433 3616 5505 aste‘rtscns

2043 5494 2394 5594 appulit'eudus
2421 5494 2531 5594 est‘;
2554 5494 2753 5594 Desunt
2771 5494 3614 5594 ξιιιίιιξιωιᾞιιηυιίεξῆίιιινειξυιίᾘῖιι

2043 5566 2228 5628 ρκἸἱΙ).
2257 5587 2313 5633 x.
2345 5587 2464 5637 cap.
2493 5568 2547 5634 8,
2576 5570 2648 5622 ita
2669 5566 2901 5635 suppleri
2928 5574 3153 5633 possunt
3184 5566 3308 5616 ιτοῦ
3340 5566 3615 5629 σώφρονος

2042 5642 2349 5716 ἐκτραπεὶςη
2365 5636 2646 5716 λογισμοῦ.
2700 5636 2755 5692 lu
2782 5633 2934 5689 codd.
2966 5633 3103 5716 Fula.
3127 5630 3366 5686 Turnebi
3392 5643 3459 5682 ac
3482 5628 3611 5681 δην.

2044 5703 2236 5785 legitur
2258 5703 2353 5766 τοῦ
2381 5703 2655 5782 σώφρονος
2679 5703 3180 5778 παρενηνεγμένος.

2122 5838 2123 5841 η
3218 5790 3293 5853 31
