4210 6390
494 328 594 386 971

1241 322 1510 380 EUSEBII
1546 318 2026 378 CIESARIENSIS
2063 318 2211 375 OPP.
2254 318 2435 375 PARS
2473 321 2514 375 l.
2554 348 2625 360 —-—
2665 317 3051 374 ﬂlSTORlCA.

3675 315 3783 371 972

494 457 667 516 atque
696 443 1001 499 exstinctor
1027 438 1206 494 fuerat
1234 438 1605 493 constitutus;
1638 435 1750 491 Nec
1793 436 1979 490 animo
2024 446 2079 489 et

2192 434 2516 506 παραλαϐὼν
2558 434 2772 505 εμμασι
2814 433 2905 487 τὸν
2944 430 3336 504 πρωτοστάτην
3367 430 3481 499 (9.0)
3527 430 3634 482 τῶν
3684 447 3785 483 κα-

495 535 832 608 cogitatione
869 531 1041 605 537
1086 530 1319 587 recoluit
1349 543 1412 584 ea
1442 543 1676 598 quorum
1713 528 1829 597 ipse
1857 535 2077 595 specta-

498 638 583 681 tor
607 628 939 692 exstiterat,
1001 635 1130 679 tunc
1171 638 1296 679 cum
1331 622 1490 677 illum
1513 624 1759 677 omnium
1811 621 2080 675 malorum

2187 526 2320 591 κῶν,
2359 528 2419 590 ὃς
2447 544 2531 590 τις
2573 544 2702 580 ποτε
2736 522 2805 597 ἦν
2838 527 3067 588 ἐκεῖνος,
3108 522 3357 593 θεηλάτῳ
3387 523 3612 593 μάστιγι
3646 522 3787 593 πλη-

2189 620 2375 688 γέντα.

494 720 938 789 antesignanum,
1010 716 1257 787 quisquls
1322 715 1416 771 ille
1460 716 1680 771 tandem
1745 712 1885 779 fuit,
1939 711 2146 767 inﬂicta
2206 713 2468 766 divinitus
2516 710 2673 783 plaga
2733 723 3055 780 percussum
3107 707 3224 763 suis
3268 707 3383 777 ipse
3432 705 3611 759 oculis
3647 704 3785 758 con-

497 812 699 881 spexit.

1075 900 1306 958 CAPUT
1341 899 1501 956 LVII.

505 992 752 1061 Qualiter
780 990 1151 1063 Maximianus
1177 992 1421 1063 ﬁstuloso
1457 1008 1524 1047 ae
1550 992 1875 1047 oerntinante
1907 992 2081 1047 ulcere

603 1066 956 1129 perdomitus,
988 1080 1085 1131 pro
1116 1062 1441 1118 Christianis
1475 1064 1642 1133 legem
1677 1064 1971 1133 scripserit.

569 1156 707 1211 Nam
739 1170 863 1211 cum
894 1156 984 1212 hic
1020 1155 1302 1215 Ecclesias
1341 1169 1658 1226 oppugnare
1684 1170 1917 1212 exorsus
1949 1155 2083 1209 ruis-

495 1257 604 1313 set,
636 1248 958 1318 primusque
976 1246 1257 1316 iustorum
1293 1260 1358 1302 ac
1404 1247 1500 1302 Dei
1540 1247 1812 1302 cultorum
1840 1247 2082 1304 caedibus

498 1341 742 1401 animum
776 1353 936 1395 suum
972 1339 1448 1405 contaminasset;
1492 1340 1694 1395 merito
1739 1355 1865 1395 eum
1897 1340 2080 1394 divina

497 1434 634 1490 uitio
677 1431 978 1503 corripuit.
1014 1430 1091 1486 ab
1137 1431 1276 1502 ipsis
1317 1446 1517 1488 exorsa
1578 1433 1869 1499 carnibus,
1916 1444 1973 1489 et
2013 1433 2082 1488 ad

500 1526 742 1589 animam
782 1538 956 1595 usque
991 1537 1301 1594 progressa.
1345 1523 1591 1595 Repente
1620 1525 1768 1579 enim
1805 1524 1859 1579 in
1904 1526 2084 1580 medio

502 1620 877 1678 occultiorum
909 1619 1165 1691 corporis
1193 1619 1432 1690 partium
1475 1621 1766 1676 abscessus
1807 1619 1857 1674 ei
1901 1620 2087 1675 nasci-

2695 905 3098 960 ΚΕΦΛΛΑῘΟΝ
3133 905 3262 959 ΝΖ’.

2188 1000 2317 1052 Ὅτι
2342 996 2715 1068 Μαξιμιανὸς
2740 996 2977 1065 σύριγγι
3004 995 3102 1068 καὶ
3129 994 3400 1068 οξχώληκι
3429 991 3784 1062 δαμασθείς,

2562 1067 2713 1134 ὑπὲρ
2740 1064 3113 1134 Χριστιανῶν
3141 1066 3420 1134 emergere.

2272 1159 2487 1231 Ἐπειδὴ
2515 1157 2626 1229 γὰρ
2652 1158 2751 1229 τῆς
2780 1158 2887 1210 τῶν
2902 1155 3241 1225 Ἐκκλησιῶν
3268 1155 3512 1226 κατῆρχε
3566 1152 3787 1225 πολιορ-

2190 1250 2315 1314 κίας
2336 1245 2511 1312 οὗτος,
2541 1247 2758 1319 πρῶτος
2782 1264 2843 1300 τε
2868 1245 2967 1318 τὴν
3000 1245 3193 1299 ἑαυτοῦ
3221 1245 3401 1316 ψυχὴν
3427 1245 3656 1300 δικαίων
3687 1246 3786 1298 καὶ

2187 1342 2457 1396 θεοσεϐῶν
2485 1340 2748 1412 ὲνέφυρεν
2781 1340 2999 1410 αἵμασι,
3024 1338 3367 1410 θεόπεμπτος
3398 1338 3563 1393 αὑτὸν
3587 1338 3787 1410 μετήρ-

2187 1450 2313 1503 χετο
2338 1430 2601 1503 τιμωρία,
2649 1429 2711 1495 ἐξ
2734 1431 2906 1501 αὐτῆς
2937 1429 3104 1483 αὐτοῦ
3133 1428 3521 1501 καταρξαμένη
3558 1430 3782 1502 σαρκὸς,

2188 1526 2282 1579 καὶ
2316 1525 2481 1595 μέχρι
2516 1523 2618 1593 τῆς
2663 1521 2846 1592 ψυχῆς
2889 1519 3251 1591 προελθοῦσα.
3302 1519 3501 1590 Ἀθρόα
3543 1520 3644 1591 μὲν
3674 1521 3783 1591 γὰρ

2189 1617 2342 1687 αὐτῷ
2399 1615 2629 1687 περὶτὰ
2680 1616 2823 1687 μέσα
2863 1613 2972 1667 τῶν
3010 1614 3342 1685 ἀπορρήτων
3389 1612 3483 1666 τοῦ
3531 1611 3786 1684 σώματος

502 1720 612 1783 tur;
628 1712 791 1773 ulcus
815 1712 1015 1767 deinde
1044 1711 1101 1768 in
1137 1711 1249 1765 imo
1299 1711 1632 1769 ﬁstulosnm.
1668 1709 1965 1782 Utriusque
2001 1711 2087 1766 in-

2192 1708 2494 1772 ἀπόστασις
2522 1707 2763 1778 γίνεται’
2808 1701 2907 1759 εἷθ’
2936 1704 3093 1769 ἕλκος
3137 1707 3197 1757 ὲν
3236 1704 3392 1777 βάθει
3426 1704 3784 1777 συριγγῶδες,

503 1803 766 1860 sanabilis
809 1818 1027 1861 morsus
1063 1802 1259 1860 intima
1295 1803 1509 1859 viscera
1552 1803 1972 1874 depascebatur.
2006 1803 2087 1858 Ex

501 1896 591 1951 bis
619 1895 959 1952 incredibilis
984 1894 1256 1952 vermium
1304 1894 1602 1952 multitudo
1643 1895 1974 1961 scaturiens,
2010 1894 2087 1949 le-

503 1986 671 2043 talem
718 1986 1015 2048 exhalabat
1078 1986 1333 2043 fetorem.
1378 1985 1595 2058 Quippe
1623 1986 1703 2042 illi
1737 1994 1848 2043 tota
1891 2000 2088 2058 corpo—

501 2080 582 2136 ris
612 2078 801 2143 moles.
831 2079 906 2137 ob
947 2077 1177 2134 nimiam
1220 2077 1467 2133 alimenti
1503 2077 1719 2149 copiam
1763 2077 1818 2132 in
1861 2079 2090 2134 immen-

499 2185 619 2227 sam
672 2156 968 2241 quamdam
1012 2171 1405 2241 pinguedinem
1445 2184 1711 2227 conversa
1760 2180 1916 2228 erat:
1963 2187 2088 2243 quae

501 2274 635 2321 tunc
669 2262 933 2335 temporis
975 2263 1032 2318 in
1075 2261 1257 2318 tabem
1298 2260 1501 2326 soluta,
1530 2260 1869 2317 horrendum
1915 2272 1971 2319 et
2005 2264 2089 2317 in-

499 2355 788 2412 tolerabile
833 2353 1213 2424 spectaculum
1266 2339 1577 2411 astantibus
1625 2354 1929 2423 praabuisse
1976 2353 2088 2409 fer-

500 2459 612 2504 tur.
658 2447 765 2508 Tot
814 2446 986 2517 igitur
1021 2452 1314 2517 quassatus
1364 2443 1559 2510 malis,
1615 2445 1836 2500 tandem
1883 2446 2089 2501 intelli-

474 2566 487 2590 ,ν
500 2555 631 2613 gere
666 2539 838 2610 ccepit
865 2553 989 2609 qua
1015 2546 1210 2598 contra
1242 2535 1542 2592 Ecclesiam
1587 2536 1797 2594 scelera
1830 2537 2088 2593 admisis-

501 2643 609 2689 set.
654 2631 913 2688 Postbzec
950 2644 1200 2687 errorem
1249 2645 1408 2686 suum
1452 2630 1566 2685 Deo
1597 2629 1916 2696 confessus,
1963 2645 2088 2702 per-

501 2722 843 2780 secutionem
916 2721 1358 2781 Christianorum
1424 2721 1721 2788 cohibere,
1781 2730 1838 2777 et
1891 2723 2088 2792 regali-

503 2821 606 2873 bus
649 2816 846 2874 edictie
888 2830 956 2874 ac
1011 2815 1225 2885 legibus
1283 2814 1539 2883 emissis,
1581 2814 1843 2871 ecclesias
1895 2830 2084 2871 eorum

501 2910 833 2981 quantocius
882 2908 1178 2974 aediﬁcari,
1233 2906 1488 2979 ipsosque
1533 2906 1875 2964 Christianos
1926 2922 2084 2963 sacra

2191 1800 2285 1854 xui.
2316 1799 2520 1855 τούτων
2541 1799 2761 1864 ἀνίατος
2782 1795 2923 1868 νομὴ
2953 1795 3098 1850 κατὰ
3132 1796 3241 1850 τῶν
3278 1796 3545 1851 ἐνδοτάτω
3571 1794 3785 1864 σπλιῑιγ⁶

2191 1909 2332 1962 χνων
2351 1908 2364 1921 ·
2397 1891 2491 1960 ἀφ’
2519 1884 2596 1945 ὧν
2622 1890 2851 1946 άλεκτόν
2882 1908 2938 1943 τι
2981 1889 3186 1961 πλῆθος
3223 1887 3526 1959 σκωλήκων
3573 1887 3783 1959 βρύειν,

2191 1982 2472 2055 θανατὼδη
2508 2000 2570 2037 τε
2591 1983 2765 2055 ὀδμὴν
2809 1984 3097 2047 ἀποπνεῖν,
3118 1980 3214 2036 τοῦ
3245 1980 3451 2045 παντὸς
3476 1981 3644 2050 ὄγκου
3674 1981 3786 2034 τῶν

2192 2078 2459 2148 σωμάτων
2512 2078 2575 2130 ὲκ
2619 2076 2988 2149 πολυτροφίας
3037 2077 3119 2137 είς
3172 2072 3783 2146 ύπερϐολὴν’πλήθους

2190 2168 2425 2239 πιμελῆς
2492 2168 2960 2241 μεταϐεϐληκότος⁹
2979 2185 2994 2200 ·
3056 2168 3125 2239 ἢν
3170 2168 3293 2221 τότε
3343 2169 3784 2228 κατεισαπεῖσαν⁹

2190 2262 2463 2333 ἀφόρητον
2490 2262 2585 2315 καὶ
2613 2261 2981 2334 φρικτοτάτην
2997 2263 3109 2325 τοῖς
3137 2260 3497 2331 πλησιάζουσι
3519 2259 3787 2330 παρέχειν

2189 2356 2287 2427 τὴν
2312 2355 2440 2410 θέαν
2469 2355 2622 2425 φασί.
2654 2356 2768 2409 Καὶ
2787 2355 2853 2426 δὴ
2881 2353 3159 2418 τοσούτοις
3181 2354 3427 2407 παλαίων
3457 2355 3669 2419 κακοῖς,
3685 2353 3787 2423 όιινέ

2191 2465 2322 2502 ποτε
2348 2447 2702 2519 συναίσθησιν
2729 2446 2837 2501 τῶν
2851 2447 2994 2500 κατὰ
3022 2446 3123 2516 τῆς
3152 2445 3483 2517 Ἐκκλησίας
3517 2445 3786 2517 τετολμη-

2192 2540 2368 2611 μένων
2400 2538 2547 2610 αύτῷ
2571 2538 2868 2610 λαμϐάνει·
2905 2540 3141 2594 κᾶπειτα
3169 2537 3248 2608 τῷ
3287 2537 3408 2609 Θεῷ
3456 2537 3787 2608 ἐξομολογη-

2191 2632 2447 2705 σάμενος,
2479 2632 2571 2687 τὸν
2610 2630 2755 2686 κατὰ
2784 2630 2896 2685 τῶν
2937 2632 3285 2702 Χριστιανῶν
3329 2630 3609 2685 ἀποπαύει
3655 2630 3786 2683 διω⁴

2188 2723 2350 2794 γμὸν,
2403 2720 2593 2792 νόμοις
2651 2737 2713 2773 τε
2760 2721 2854 2774 καὶ
2917 2720 3255 2792 διατάγμασι
3306 2719 3629 2791 βασιλικοῖς,
3685 2717 3786 2780 τάς

2188 2814 2486 2886 ἐκκλησίας
2507 2811 2689 2867 αὐτῶν
2716 2811 3017 2884 οἰκοδομεῖν
3046 2812 3393 2884 ἐπισπέρχει,
3410 2811 3481 2866 τά
3492 2829 3552 2865 τε
3575 2809 3784 2882 συνήθη

2189 2906 2450 2979 πράττειν
2499 2905 2718 2969 αὐτοὺς,
2769 2904 2936 2976 εὐχάς
2971 2905 3115 2976 ὑπὲρ
3182 2905 3351 2959 αὑτοῦ
3421 2903 3787 2973 ποιουμένους

502 3017 601 3058 sua
644 3000 810 3059 solito
853 3015 1007 3057 more
1034 3012 1318 3073 peragere,
1353 3008 1409 3055 et
1444 3014 1541 3070 pro
1584 2998 1922 3071 imperatore
1962 3015 2087 3070 pre-

509 3111 594 3118 ---
630 3094 696 3118 --Ι
730 3094 897 3118 ηιμ...
947 3091 1179 3118 ο....ι,ΙΑ-Α
1210 3092 1362 3118 ξηιιιιι

2192 2999 2557 3056 διακελεύεται

503 3111 598 3153 ces
629 3094 698 3150 ad
730 3094 899 3150 Deum
946 3091 1181 3149 fundere
1207 3092 1382 3162 jubet.

1063 3182 1296 3241 CAPUT
1337 3182 1520 3241 LVIII.

558 3274 819 3342 Qualiter
848 3275 1203 3339 Maximinus,
1240 3273 1664 3330 Christianorum
1701 3285 2019 3345 persecutor,

700 3346 909 3417 fugiens
947 3346 1127 3401 servili
1173 3347 1361 3399 habth
1390 3362 1501 3399 sese
1534 3347 1895 3401 occultaverit.

581 3437 782 3494 Verum
813 3438 903 3493 hic
931 3436 1152 3506 quidem
1180 3437 1272 3505 qui
1305 3435 1704 3505 persecutionis
1740 3445 1933 3493 auctor
1974 3435 2089 3491 l'ue-

502 3538 611 3594 rat,
662 3527 977 3599 huiusmodi
1006 3540 1203 3598 pmnas
1247 3524 1369 3581 luit.
1417 3523 1468 3580 Is
1510 3539 1644 3581 vero
1693 3526 1761 3581 de
1792 3540 1904 3595 quo
1944 3538 2091 3581 nunc

505 3624 780 3688 loquimur
824 3621 1089 3685 Licinius,
1133 3620 1230 3689 qui
1273 3619 1471 3675 horum
1504 3618 1659 3675 testis
1701 3632 1768 3673 ac
1812 3625 2090 3689 spectator

502 3713 819 3777 exstiterat,
855 3721 911 3769 et
939 3712 1034 3783 qui
1074 3719 1272 3768 cuncta
1312 3720 1567 3768 accurate
1601 3710 1943 3781 experientia
1972 3710 2089 3781 ipsa

511 3806 745 3859 docente
773 3811 1149 3873 cognoverat;
1178 3812 1408 3873 repente
1436 3803 1681 3858 omnium
1724 3802 1952 3869 oblitus,
1988 3818 2090 3857 nec

505 3895 828 3967 supplicium
886 3896 1058 3967 priori
1113 3897 1241 3952 huic
1286 3898 1587 3968 irrogatum
1630 3896 1815 3951 animo
1868 3906 2090 3965 reputa-

505 3990 605 4056 vit,
656 4003 758 4045 nec
795 4003 932 4059 quas
966 3989 1151 4045 divina
1189 3989 1406 4059 iustitia
1459 3990 1529 4047 de
1563 3989 1869 4060 posteriore
1914 3986 2087 4042 altero

504 4091 810 4155 sumpserat
840 4096 1055 4154 panes.
1098 4081 1202 4149 Qui
1244 4083 1462 4154 quidem
1510 4098 1635 4139 cum
1666 4095 1906 4155 priorem
1937 4081 2089 4137 illum

504 4184 770 4246 tanquam
845 4175 899 4229 in
966 4176 1203 4245 quodam
1263 4174 1529 4231 scelerum
1581 4177 1881 4230 certamine
1928 4188 2091 4243 supe-

504 4283 633 4325 rare
680 4268 966 4325 ambitiose
1021 4265 1427 4325 contenderet.
1492 4280 1763 4320 novorum
1827 4264 2092 4319 adversus

506 4372 723 4419 nostros
763 4360 1160 4434 suppliciorum
1202 4359 1522 4415 inventione
1565 4357 1929 4430 gloriabatur.
1981 4356 2089 4411 Ne-

2698 3182 3096 3236 ΚΕΦΔΛΛΙΟΝ
3136 3183 3271 3236 NH'.

2194 3278 2313 3331 ’Ότι
2341 3273 2672 3345 Μιιξιμῖνος
2697 3273 2919 3340 διώξας
2959 3273 3380 3342 Χριστιανοὺς,
3421 3274 3524 3329 καὶ

2618 3346 2700 3411 ὡς
2726 3346 2963 3412 οἰκέτης
3007 3345 3360 3413 ἐκρύπτετο.

2272 3438 2414 3493 Ἀλλ’
2438 3440 2467 3492 ό
2485 3438 2583 3510 μὲν
2609 3437 2705 3491 τοῦ
2721 3436 2963 3508 διωγμοῦ
2994 3436 3294 3508 κατάρξας,
3318 3437 3576 3509 τοιαύτην
3592 3437 3789 3505 ὑπεῖχε

2188 3531 2363 3602 δίκην.
2393 3529 2610 3583 Τούτων
2628 3529 2675 3582 δ’
2702 3527 2979 3599 αὐτόπτης
3011 3527 3041 3578 ὁ
3073 3528 3209 3598 πρὸς
3249 3528 3345 3582 τοῦ
3383 3527 3545 3596 λόγου
3591 3529 3793 3601 δηλού-

2195 3643 2355 3698 μενος
2400 3622 2664 3693 γεγονὼς,
2711 3623 2807 3677 καὶ⁸
2860 3621 3016 3676 ταῦτ’
3055 3621 3301 3693 ἀκριϐῶς
3347 3622 3658 3692 διεγνωκὼς
3716 3627 3790 3697 τῇ

2192 3719 2381 3790 πείρᾳ,
2398 3717 2571 3790 λήθην
2589 3717 2656 3771 ἀθ
2665 3713 2802 3789 ρόως
2817 3716 3073 3770 ἁπάντων
3100 3716 3356 3781 ἐποιεῖτο,
3385 3714 3510 3769 οὔτε
3529 3717 3629 3789 τὴν
3643 3719 3794 3772 κατὰ

2189 3811 2284 3864 τοῦ
2318 3811 2583 3884 προτέρου
2619 3808 2809 3880 ποινὴν
2842 3808 3146 3877 ἀνενέγκας
3173 3810 3240 3880 τῇ
3271 3810 3483 3882 μνήμῃ,
3523 3807 3649 3863 οὔτε
3684 3810 3792 3881 τὴν

2195 3900 2306 3974 [ὲκ]
2342 3902 2435 3956 τοῦ
2485 3902 2740 3974 δευτέρου
2793 3900 3034 3974 τιμωρὸν
3067 3901 3223 3972 δίκην
3265 3902 3405 3974 (21).
3437 3905 3534 3967 Ὃς
3575 3903 3642 3975 δὴ
3693 3905 3793 3957 καὶ

2193 3994 2357 4058 αὐτὸς
2386 3993 2792 4067 ὑπερϐαλέσθαι
2821 3994 2913 4048 τὸν
2945 3993 3164 4066 πρῶτον
3206 3994 3284 4058 ὡς
3317 3996 3377 4048 ὲν
3407 3994 3596 4049 κακῶν
3619 4013 3794 4066 πεφι-

2191 4084 2557 4156 λοτιμημένος
2604 4084 2802 4154 ἀγῶνι,
2847 4083 3185 4156 καινοτέρων
3237 4083 3520 4156 τιμωριῶν
3570 4084 3793 4154 εὑρέσει

2194 4173 2316 4227 καθ’
2350 4173 2511 4244 ἡμῶν
2550 4171 2979 4236 ἐκαλλωπίζετο.
3017 4174 3133 4227 Οὐκ
3178 4173 3421 4246 ἀπήρκει
3460 4172 3591 4241 γοῦν
3636 4173 3797 4245 αὐτῴ

2195 4264 2308 4338 πῦρ
2324 4267 2418 4320 καὶ¹
2444 4265 2561 4336 σίδη
2571 4282 2661 4336 ρος
2676 4265 2772 4319 καὶ
2798 4266 3303 4338 προσήλωσις,ούδέ
3325 4282 3388 4334 γε
3412 4265 3580 4338 θῆρες
3602 4264 3794 4337 ἄγριοι

2196 4360 2290 4413 καὶ
2341 4358 2612 4430 θαλάττης
2653 4357 2823 4429 βυθοί.
2863 4359 3013 4431 Ἤδη
3053 4359 3112 4412 δὲ
3158 4359 3294 4431 πρὸς
3331 4360 3504 4414 ἅπασι
3552 4360 3791 4424 τούτοις,

504 4470 612 4526 que
653 4456 798 4512 enim
849 4455 991 4525 ignis
1029 4463 1124 4508 aut
1167 4451 1402 4517 ferrum,
1460 4465 1568 4506 non
1615 4450 1893 4505 clavorum
1939 4447 2089 4502 suili-

2198 4448 2357 4520 ξένην
2407 4448 2529 4502 τινὰ
2569 4418 2799 4502 ’κόλασιν
2843 4418 3007 4512 αὐτὸς
3062 4418 3329 4522 ἐφευρὼν,
3371 4449 3442 4503 τά
3482 4448 3577 4503 τοῦ
3609 4418 3793 4519 φωτδς

504 4550 721 4611 xiones,
752 4563 861 4603 non
904 4549 1209 4603 bestiarum
1244 4544 1528 4606 ,Ianiatus,
1572 4557 1672 4596 nec
1714 4540 1886 4595 maris
1932 4540 2089 4595 altis-

502 4641 628 4696 simi
657 4642 895 4709 gurgites
928 4638 979 4693 ei
1006 4636 1356 4693 suffecerunt.
1390 4629 1499 4689 Sed
1538 4631 1707 4705 ωε
1741 4638 1942 4702 praeter
1971 4631 2089 4684 haec

504 4733 691 4787 omnia
739 4746 940 4786 novum
970 4730 1245 4800 quoddam
1290 4726 1540 4797 supplicii
1576 4740 1750 4795 genus
1787 4724 1904 4793 ipse
1934 4738 2089 4785 com-

507 4832 743 4887 mentus.
774 4821 1021 4897 membra
1066 4821 1265 4891 quibus
1293 4820 1434 4875 lucis
1474 4833 1700 4873 usuram
1735 4815 2088 4887 percipimus,

507 4916 749 4972 mutilari
796 4916 911 4986 lege
962 4914 1070 4968 lata
1116 4913 1399 4982 praecepit.
1468 4910 1674 4966 Statim
1738 4910 1907 4979 igitur
1955 4923 2087 4963 con-

507 5011 644 5065 ferta
693 5008 909 5078 agmina
972 5021 1078 5060 non
1132 5006 1369 5061 virorum
1423 5004 1619 5068 modo,
1669 5016 1859 5056 verum
1910 5001 2077 5056 etiam

568 5217 694 5289 (20)
728 5212 1186 5289 Πρωτοστάτην.
1205 5210 1480 5289 Galerium
1514 5208 1904 5289 Maximianum
1933 5205 2081 5260 intel-

509 5279 797 5360 ligit,'q_u_i
832 5286 1039 5360 primus
1078 5279 1267 5355 auctpr
1306 5281 1520 5360 fuit-ac
1549 5279 1776 5360 signifer
1827 5293 2086 5360 persecu-

510 5348 677 5418 tionis
720 5348 1154 5413 Christianorum
1172 5348 1211 5415 ,'
1231 5361 1290 5405 ut
1335 5350 1528 5405 scribit
1578 5348 1845 5404 Eusebius
1876 5350 1931 5401 in
1982 5348 2080 5402 lib.

511 5445 634 5488 vm.
662 5427 949 5484 Cedrenus
997 5422 1187 5478 scribit
1217 5421 1607 5475 Maximianum
1655 5434 1801 5474 anno
1841 5418 1910 5472 18
1954 5419 2082 5472 Dio-

514 5499 734 5558 cletiani
768 5495 1202 5568 persecutionem
1244 5491 1505 5568 adversus
1534 5488 1883 5568 Christianos
1926 5488 2081 5568 exci-

516 5582 698 5633 tasse,
747 5558 909 5624 s'uastt
962 5562 1257 5633 Theotecni
1287 5560 1591 5633 cujusdam
1648 5558 2078 5633 prmstigiatorls.
2123 5601 2132 5613 .

516 5643 618 5708 Qui
666 5629 793 5694 cum
841 5638 978 5692 Acta
1025 5632 1190 5708 Piiati
1244 5629 1404 5708 plena
1450 5630 1762 5708 _impie_t_atis
1818 5629 2084 5708 adversus

517 5699 792 5767 Christum
834 5699 1533 5778 composuisseﬁgmerins
1569 5700 1749 5778 edicto
1791 5699 1994 5778 sanxit,
2025 5708 2083 5778 ut
2119 5748 2145 5767 ,

517 5779 762 5843 rraagistri
790 5793 855 5835 ea
890 5769 1219 5843 memoriter
1255 5772 1512 5829 discenda
1559 5770 1745 5839 pueris
1785 5769 2078 5824 traderent.

2195 4540 2529 4613 αἰσθητήρια
2555 4539 2912 4611 λυμαίνεσθαι
2937 4540 3048 4594 δεῖν
3073 4541 3401 4611 ἐνομοθέτει.
3431 4541 3630 4614 Ἀθρόα
3652 4541 3797 4614 δῆτα

2199 4633 2380 4705 πλήθη
2411 4633 2512 4685 οὐκ
2543 4631 2760 4704 ἀνδρῶν
2797 4633 2977 4703 μόνον,
3012 4631 3149 4686 ἀλλὰ
3174 4632 3268 4687 καὶ
3303 4631 3511 4688 παίδων
3548 4633 3645 4685 καὶ
3685 4650 3794 4701 γυ-

2196 4723 2420 4790 ναικῶν,
2451 4723 2672 4796 ὁράσεις
2698 4722 2888 4789 δεξιῶν
2915 4724 3231 4795 ὀφθαλμῶν,
3265 4724 3444 4778 ποδῶν
3470 4725 3519 4779 τ’
3545 4723 3799 4794 ἀγκύλας

2200 4814 2405 4887 σιδήρῳ
2433 4814 2529 4868 mi.
2571 4815 2875 4885 καυτῆρσιν
2909 4815 3295 4887 άχρειούμενα,
3321 4815 3795 4888 ταλαιπωρεῖσθαι

2206 4906 2491 4979 μετάλλοις
2518 4906 2856 4978 παρεδίδοτο.
2881 4901 2982 4960 Ὧν
3017 4907 3203 4973 ἕνεκα,
3245 4907 3342 4961 καὶ
3367 4907 3558 4961 τοῦτον
3582 4907 3686 4960 οὐκ
3710 4908 3798 4971 εἰς

2209 4998 2424 5071 μακράν
2451 5000 2485 5069 ή
2516 4997 2610 5051 τοῦ
2646 4998 2782 5053 Θεοῦ
2815 4999 3184 5071 δικαιοκρισία
3218 5000 3406 5072 μετῄει
3426 5017 3441 5031 ·
3487 5000 3577 5054 ὅτε
3599 5000 3801 5071 δαιμό-

2193 5205 2304 5261 Sed
2354 5220 2516 5259 nemo
2566 5219 2672 5258 non
2711 5205 2857 5260 videt
2899 5204 3207 5260 Cedrenum
3252 5204 3343 5259 hic
3390 5204 3584 5258 falsum
3634 5218 3797 5267 esse,

2193 5277 2286 5344 qui
2317 5274 2538 5330 Galerio
2573 5273 2909 5330 Maximiano
2937 5277 3198 5330 tribuerit
3228 5276 3280 5329 id
3309 5277 3454 5343 quod
3480 5276 3570 5327 diu
3598 5286 3798 5342 pestea

2194 5356 2405 5413 gestum
2444 5356 2526 5399 est
2559 5359 2590 5398 a
2624 5344 2943 5399 Maximino.
2975 5346 3074 5400 Est
3111 5347 3200 5399 bic
3248 5346 3507 5399 solemnis
3554 5359 3621 5398 ac
3666 5359 3801 5411 per-

2195 5417 2441 5484 vulgatus
2493 5428 2652 5469 error
2709 5414 3063 5480 Graecorum,
3110 5424 3170 5470 ut
3216 5414 3611 5470 Maximianum
3663 5428 3794 5467 cum

2194 5486 2489 5556 Maximino
2523 5486 2909 5556 permisceant.

2261 5555 2392 5628 (21)_
2417 5551 2567 5628 (iiiis
2617 5554 2735 5625 τὴν
2772 5556 2843 5609 ἐκ
2897 5555 3005 5610 τοῦ
3051 5554 3337 5628 δευτέρου
3375 5551 3649 5628 τιμωρὸν
3701 5551 3796 5628 δί-

2190 5624 2599 5698 κην-,δυσωπῶ
2651 5628 3109 5698 eAst‘prapositio.
3156 5624 3333 5683 Porro
3372 5624 3478 5684 me
3514 5624 3793 5698 posterior

2190 5693 2275 5755 est
2303 5696 2632 5754 Maximinus
2660 5693 2905 5753 Orientis
2931 5706 3225 5768 tyrannus.
3514 5693 3532 5698 ’
3838 5710 3852 5732 "-
