4210 6408
489 312 594 373 975

1582 309 1671 365 DE
1709 306 1869 365 VlTA
1903 289 2361 367 CONSTA'NTINI
2400 306 2526 363 ιιι).
2570 307 2604 360 l.

3639 306 3743 361 ετι

486 445 592 482 νων
620 426 856 495 ἐλπίσιν,
884 423 958 481 ὧν
986 426 1052 498 δὴ
1079 426 1215 498 ᾤετο
1256 425 1413 490 θεῶν,
1445 426 1679 481 ὁπλιτῶν
1714 446 1774 481 τε
1806 427 2050 500 μυριάσιν

2170 440 2458 494 puerorum
2508 439 2569 478 ac
2622 422 2930 489 mulierum,
2967 420 3176 481 dextris
3207 424 3478 497 oculisgct
3524 425 3737 492 junctu-

485 520 881 596 ἀναριθμήτοις
930 522 1331 594 ἐπιθαρῤήσας,
1392 519 1615 591 πολέμῳ
1672 522 2061 591 παρετάττετο.

484 612 797 687 Τηνικαῢτα
827 611 937 686 γὰρ
968 612 1280 684 γυμνωθεὶς
1312 613 1412 684 τῆς
1439 613 1504 664 ἐκ
1530 610 1626 665 τοῦ
1660 611 1794 664 Θεοῦ
1831 611 2064 676 ἐλπίδος,

482 705 808 761 ὸπεκδύεται
835 706 926 761 τὸν
956 707 1017 760 οὐ
1058 706 1339 778 πρέποντα
1362 703 1511 775 αὐτῷ
1542 704 1819 775 βασιλικὸν
1841 704 2063 775 κόσμον,

481 796 673 861 δειλῶς
710 814 771 849 τε
806 798 901 851 καὶ
928 796 1206 868 ἀνάνδρως
1242 794 1441 859 ὑποδὺς
1470 794 1530 848 τὸ
1569 792 1791 865 πλῆθος,
1837 792 2066 864 δρασμῷ

481 892 581 963 τὴν
609 892 880 965 σωτηρίαν
911 894 1148 946 ἐπινοείο
1194 891 1428 945 κᾶπειτα
1477 886 1923 958 κρυπταζόμενος
1961 887 2065 939 ἀνὰ

480 985 608 1047 τοὺς
632 985 835 1057 ἀγροὺς
866 984 962 1038 καὶ
987 984 1086 1047 τὰς
1110 982 1302 1055 κώμας
1326 984 1384 1036 ἐν
1410 980 1618 1036 οἰκέτου
1655 980 1754 1049 σχή
1765 995 1915 1049 ματι,
1947 980 2063 1032 δια-

482 1075 762 1131 λανθάνειν
810 1074 965 1146 ζοετο.
999 1075 1138 1129 Ἀλλ’
1171 1074 1295 1145 οὐχὶ
1341 1072 1560 1128 καὶτὸν
1607 1072 1779 1143 μέγαν
1825 1070 1923 1123 καὶ
1964 1070 2063 1140 τῆς

480 1164 712 1219 καθόλου
748 1165 1005 1238 προνοίας
1040 1165 1385 1236 διαδέδρακεν
1413 1162 1723 1234 ὀφθαλμόν⁸
1762 1161 1838 1224 ὡς
1865 1159 1973 1231 γὰρ
2004 1162 2062 1212 ἐν

479 1258 715 1327 ἀσφαλεῖ
741 1257 927 1312 λοιπὸν
950 1258 1161 1312 κεῖσθαι
1188 1253 1342 1328 αὐτῷ
1358 1255 1459 1327 τὴν
1496 1253 1641 1325 ζωὴν
1668 1251 1885 1323 ἤλπισε,
1918 1250 2061 1321 βέλει

479 1348 616 1402 Θεοῦ
652 1349 1033 1422 πεπυρωμένῳ
1060 1350 1311 1422 πληγεὶς,
1344 1348 1557 1420 πρηνὴς
1589 1345 1786 1408 ἔκειτο,
1815 1342 2063 1414 θεηλάτῳ

479 1439 661 1511 πληγῇ
699 1441 761 1493 τὸ
807 1442 916 1495 πᾶν
957 1439 1347 1512 δαπανώμενος
1375 1439 1554 1510 σῶμα,
1587 1438 1662 1500 ὡς
1690 1436 1753 1490 τὸ
1780 1436 1889 1489 πᾶν
1919 1430 2061 1498 εἶδος

480 1531 645 1584 αὐτοῦ
701 1530 798 1602 τῆς
847 1532 1087 1596 παλαιᾶς
1150 1530 1368 1602 μορφῆς
1431 1527 1817 1599 ἀφανισθῆναι,
1878 1523 2059 1597 ξηρῶν

477 1620 682 1675 ὀστέων
707 1623 800 1676 καὶ
827 1621 1421 1692 κατεσκελετευμένων,
1460 1619 1617 1690 δίκην
1640 1615 1873 1672 εἰδώλων
1901 1632 2059 1685 περι-

477 1709 806 1782 λειφθέντων
830 1713 979 1786 αὐτῷ
1012 1713 1212 1786 μόνων.

2172 518 2247 572 ris
2293 517 2488 586 pedum
2518 555 2533 579 ,
2572 517 2767 583 partim
2812 515 2982 584 ferro,
3034 516 3230 585 partim
3276 508 3520 572 cauterio
3552 517 3739 572 debili-

2173 612 2322 677 tatis,
2369 618 2515 664 trusa
2567 616 2696 661 sunt
2742 607 2811 662 ad
2860 609 3101 675 metalla,
3153 619 3214 664 ut
3250 609 3509 666 diuturno
3559 610 3746 665 labore

2171 702 2373 757 ibidem
2432 713 2781 757 vexarentur.
2837 701 2919 758 0b
2984 717 3149 772 quam
3202 716 3427 758 causam
3493 710 3550 758 et
3600 702 3746 756 hunc

2167 811 2383 866 quoque
2432 811 2536 849 non
2589 796 2762 850 multo
2807 803 2931 864 post
2978 796 3087 850 ulta
3135 803 3219 849 est
3263 795 3449 849 divina
3487 791 3742 862 iustitia:

2170 897 2295 941 tunc
2336 902 2458 941 cum
2509 888 2811 941 daemonum
2850 888 3025 957 (quos
3070 886 3286 956 quidem
3339 885 3435 940 ille
3468 887 3597 941 deos
3642 901 3745 956 pn-

2171 978 2364 1046 tabat)
2403 977 2624 1043 ﬁducia,
2669 987 2723 1030 et
2760 979 3142 1035 innumerabﬁ
3177 987 3511 1032 armatorum
3553 977 3743 1031 multi-

2168 1070 2352 1125 tudine
2374 1068 2567 1138 fretus,
2598 1073 2843 1143 praelium
2870 1072 3164 1127 commisit.
3190 1070 3399 1139 Quippe
3423 1080 3554 1124 tunc
3592 1067 3742 1143 omni

2164 1175 2260 1229 spe
2291 1161 2461 1217 divini
2496 1165 2731 1218 nudatus
2761 1162 2972 1226 auxilii,
3008 1161 3347 1233 imperialem
3379 1160 3584 1214 cultum
3632 1161 3741 1214 mi-

2165 1252 2311 1306 nime
2343 1253 2442 1322 ipsi
2475 1255 2890 1310 convenientem
2927 1253 3153 1324 abiecit,
3196 1251 3393 1308 deinde
3427 1251 3741 1321 vulgarium

2168 1344 2339 1400 turbae
2373 1345 2670 1411 immistus,
2703 1346 2893 1402 timide
2923 1360 3148 1416 prorsus
3176 1354 3341 1415 atque
3384 1343 3582 1414 ignave
3615 1342 3740 1412 l'uga

2163 1435 2395 1491 salutem
2429 1436 2534 1492 sibi
2580 1438 2856 1508 quaisivit,
2903 1447 2958 1492 et
2994 1452 3092 1507 per
3134 1451 3296 1508 agros
3327 1450 3392 1491 ac
3436 1436 3582 1491 vicos
3619 1450 3742 1490 sese

2162 1525 2468 1595 occultans,
2512 1528 2614 1582 sub
2665 1526 2855 1581 li'abitu
2898 1526 3081 1582 servili
3123 1525 3292 1582 latere
3323 1540 3384 1581 se
3423 1539 3582 1595 posse
3625 1524 3743 1578 exi-

2162 1618 2428 1673 stimavit.
2474 1618 2674 1673 Verum
2728 1634 2986 1690 magnum
3029 1618 3178 1674 illum
3220 1628 3276 1674 et
3318 1618 3578 1673 universa
3618 1631 3744 1684 spe-

2161 1716 2400 1764 ctantem
2436 1708 2802 1766 Providentia:
2834 1712 3050 1767 oculum
3089 1710 3470 1783 subterfugere
3503 1724 3610 1769 non
3643 1724 3741 1763 νει-

478 1807 598 1862 luit.
645 1807 782 1863 Cum
847 1808 997 1862 enim
1049 1810 1281 1864 salutem
1354 1822 1508 1863 suam
1561 1807 1614 1862 in
1687 1812 1804 1860 tuto
1867 1802 1981 1871 jam
2053 1802 2281 1856 locatam
2326 1816 2450 1859 esse
2498 1814 2784 1872 censeret,
2830 1806 3058 1862 ardente
3099 1806 3194 1861 Dei
3256 1821 3548 1876 percussus
3594 1804 3736 1868 telo,

475 1912 680 1967 pronus
733 1898 786 1950 in
862 1906 1063 1952 terram
1122 1897 1356 1963 cecidit,
1405 1907 1689 1967 totumque
1737 1894 1857 1965 ejus
1897 1906 2094 1960 corpus
2129 1891 2335 1947 inﬂicta
2396 1893 2612 1951 coalitus
2665 1895 2821 1967 plaga
2873 1897 3010 1952 adeo
3066 1910 3447 1968 consumptum
3499 1908 3620 1964 est,
3675 1908 3739 1952 ut

474 1990 716 2059 pristinae
785 1987 975 2043 formae
1031 1990 1243 2058 species
1308 1990 1492 2043 omnis
1545 1989 1898 2051 aboleretur,
1956 1983 2179 2052 solaque
2258 1998 2381 2040 ossa
2426 1985 2684 2059 arefacta;
2731 1990 2905 2045 instar
2950 1990 3223 2046 simulacri
3311 1991 3594 2061 cujusdam
3645 2010 3739 2052 sn-

473 2090 778 2152 peresscnt.

980 2173 1381 2227 ΚΕΦΑΛΑΙΟΝ
1418 2172 1545 2227 NO’.

473 2266 595 2320 Ὅτι
638 2265 710 2320 ἐν
738 2266 904 2330 νόσῳ
955 2266 1290 2335 τυφλωθεὶς
1326 2264 1676 2335 Μαξιμῖνος,
1725 2275 1884 2331 υπερ
1931 2263 2057 2329 Χρι-

989 2334 1255 2389 στιανῶν
1280 2334 1526 2406 ἔγραψε.

537 2427 911 2501 Σφοδροτέρας
952 2427 1010 2482 δὲ
1037 2428 1137 2499 τῆς
1167 2426 1263 2481 τοῦ
1296 2426 1433 2481 Θεοῦ
1475 2425 1691 2500 πληγῆς
1714 2423 2054 2493 ἐνταθείσης,

469 2519 822 2592 προπηδῶσιν
850 2516 1014 2573 αὐτοῦ
1043 2517 1111 2572 τὰ
1143 2518 1394 2590 ὄμματα,
1414 2518 1515 2589 τῆς
1531 2535 1591 2570 τε
1615 2515 1819 2580 οἰκείας
1851 2515 2057 2588 λήξεως

469 2610 792 2673 ἐκπεσόντα,
833 2609 1010 2683 πηρὸν
1047 2609 1211 2664 αὐτὸν
1253 2608 1499 2680 ἀφίησιν,
1533 2608 1570 2663 ἃ
1617 2607 1760 2662 κατά
1808 2606 1917 2661 τῶν
1960 2605 2055 2660 τοῦ

468 2698 606 2754 Θεοῦ
656 2699 950 2772 μαρτύρων
997 2697 1216 2772 πρῶτος
1268 2697 1468 2769 ἐφεῦρε
1512 2697 1868 2769 κολαστήρια,
1897 2694 2054 2750 ταῦθ’

469 2792 840 2863 ὑπομείναντα
876 2791 1192 2864 δικαιοτάτῃ
1221 2790 1407 2863 ψήφῳ.
1455 2789 1566 2844 Καὶ
1601 2788 1667 2861 δὴ
1700 2788 1775 2842 ἔτ’
1801 2788 2055 2861 ἐμπνέων

471 2882 566 2937 ἐπὶ
591 2886 706 2948 τοῖς
736 2884 1033 2948 τοσούτοις,
1074 2882 1173 2953 ὀψέ
1207 2900 1338 2937 ποτε
1369 2881 1463 2936 καὶ
1496 2873 1653 2945 οὗτος
1683 2879 1762 2951 τῷ
1790 2881 2053 2952 Χριστια-

467 2973 575 3026 νῶν
602 2972 1033 3045 ἀνθωμολογεῖτο
1083 2973 1225 3047 Θεῷ,
1257 2974 1352 3027 καὶ
1390 2972 1489 3038 τὰς
1520 2973 1728 3036 οἰκείας
1759 2970 2053 3044 ἐξηγόρευε

466 3062 797 3136 θεομαχίαςο
851 3066 1182 3138 παλινῳδίας
1225 3083 1287 3120 τε
1349 3065 1673 3120 συνέταττεν
1725 3064 1927 3135 ὁμοίως
1975 3063 2055 3136 τῷ

467 3156 848 3229 προτέρῳκαὶ
885 3157 1067 3222 αὐτὸς,
1098 3158 1284 3228 νόμοις
1330 3157 1425 3211 καὶ
1460 3156 1825 3228 διατάγμασιν
1851 3157 2054 3228 ἐγγρά-

467 3264 585 3318 φως
617 3247 716 3319 τὴν
743 3248 948 3303 οἰκείαν
986 3250 1118 3320 περὶ
1148 3247 1241 3312 οὓς
1272 3248 1426 3302 έθετο
1475 3248 1652 3313 θεοὺς,
1697 3248 1908 3319 πλάνην
1926 3251 2054 3319 ὁμο-

462 3337 659 3408 λογῶν,
707 3339 867 3408 μόνον
908 3338 966 3391 δὲ
1009 3338 1101 3392 τὸν
1144 3338 1487 3409 Χριστιανῶν
1534 3339 1673 3409 αὐτῇ
1717 3339 1885 3411 πείρα
1920 3338 2052 3392 Θεὸν

463 3428 766 3496 ἐγνωκέναι
804 3429 1234 3501 μαρτυρόμενος.
1276 3429 1442 3482 Ταῦτ’
1472 3430 1654 3500 ἔργοις
1682 3429 1868 3501 μαθὼν
1898 3433 1927 3484 ὁ
1958 3433 2052 3484 Λι-

2749 2164 2978 2223 CAPUT
3016 2166 3152 2222 LIX.

2199 2257 2498 2324 Quomodo,
2530 2261 2579 2313 vi
2621 2261 3136 2335 morbiea‘cwcatus,
3170 2261 3496 2320 Maximinus
3542 2264 3705 2335 legem

2600 2345 2697 2399 pro
2745 2330 3069 2386 Christianis
3118 2335 3286 2390 dedit.

2231 2420 2401 2476 Porro
2445 2420 2712 2477 saeviente
2740 2423 2923 2478 acrius
2972 2422 3066 2479 Dei
3103 2425 3282 2496 plaga,
3329 2427 3472 2481 oculi
3517 2430 3737 2482 tandem

2157 2515 2207 2569 ei
2242 2513 2590 2580 exsilierunt,
2640 2521 2696 2567 et
2740 2529 2807 2569 ex
2857 2515 3083 2585 propria
3122 2517 3252 2572 sede
3289 2517 3494 2582 avulsi,
3534 2532 3737 2576 caecum

2155 2619 2280 2661 eum
2310 2605 2669 2660 dimiserunt:
2708 2606 2900 2661 eadem
2930 2605 3233 2675 iustissime
3264 2622 3578 2679 perpessum
3606 2625 3740 2680 sup-

2156 2698 2343 2769 plicia,
2387 2713 2511 2768 quae
2555 2697 2819 2753 adversus
2857 2709 3125 2770 ηψπ-ιντερ,
3176 2699 3275 2755 Dei
3318 2700 3529 2772 primus
3571 2715 3739 2757 exco-

2156 2789 2383 2859 gitarat.
2428 2787 2560 2844 Post
2598 2791 2712 2845 brec
2742 2790 3098 2846 nihilominus
3125 2791 3305 2847 adhuc
3340 2790 3574 2862 spirans,
3619 2793 3740 2863 ipsc

2156 2895 2375 2951 quoque
2425 2894 2455 2934 a
2518 2878 2959 2936 CliriStianorum
3010 2882 3124 2938 Deo
3178 2881 3390 2937 veniam
3448 2887 3734 2953 poposcit,

2153 2971 2353 3026 bellum
2379 2986 2440 3027 se
2489 2971 2769 3027 Divinitati
2799 2973 3048 3030 intulisse
3077 2974 3254 3042 palam
3287 2974 3591 3030 confessus.
3626 2973 3739 3030 Nec

2156 3064 2318 3119 aliter
2360 3079 2424 3119 ac
2466 3064 2620 3133 prior
2659 3064 2751 3120 ille
2779 3065 3110 3134 palinodiam
3162 3065 3389 3131 cecinit,
3434 3065 3643 3136 legibus
3681 3079 3738 3119 et

2155 3153 2641 3209 constitutionibus
2693 3155 2878 3221 editis,
2932 3155 3132 3224 quibus
3173 3170 3420 3211 errorem
3465 3171 3626 3211 suum
3664 3159 3733 3212 'iu

2153 3248 2402 3304 colendis
2432 3247 2538 3303 illis
2577 3262 2717 3319 quos
2744 3251 3115 3305 existimasset
3164 3251 3316 3318 deos,
3352 3250 3580 3320 ingenue
3609 3265 3735 3320 pro-

2154 3340 2328 3396 fessus
2358 3349 2463 3406 est,
2509 3356 2785 3411 unumque
2831 3342 3269 3397 Christianorum
3318 3342 3484 3397 Deum
3535 3357 3733 3413 cxper.

2156 3443 2268 3487 tum
2303 3447 2362 3487 se
2394 3446 2557 3487 nosse
2585 3442 2833 3490 tesmtus.
2870 3432 2996 3490 Haec
3027 3449 3150 3489 cum
3184 3433 3428 3491 Licinius
3460 3450 3564 3492 non
3597 3436 3735 3490 alio-

466 3520 657 3583 κίνιος,
705 3517 821 3571 ἀλλ’
850 3519 952 3570 οὐκ
992 3519 1130 3589 ἀκοῇ
1166 3521 1297 3590 παρ’
1329 3519 1533 3590 ἐτέρων
1566 3518 1894 3590 πυθόμενος,
1935 3523 2050 3584 τοῖς

2156 3538 2275 3578 rum
2319 3539 2571 3580 sermone
2602 3526 2901 3591 didicisset,
2947 3527 3039 3582 sed
3095 3526 3252 3583 factis
3296 3527 3431 3599 ipsis
3460 3529 3735 3600 percepis-

464 3609 651 3672 αὐτοῖς
679 3608 970 3678 ἐπεφύετο,
995 3607 1185 3679 ῶσπερ
1215 3610 1325 3662 τινὶ
1354 3611 1664 3682 σκοτομήνῃ
1684 3611 2047 3682 τὴνθδιάνοιαν

463 3702 959 3774 ἐγκαλυπτόμενος.

1373 3841 1698 3855 -—_

2154 3621 2275 3681 set,
2322 3623 2499 3670 tamen
2562 3616 2919 3687 velutﬁensa
2967 3617 3202 3686 quadam
3258 3618 3492 3689 caligine
3551 3619 3736 3673 animo

2157 3707 2274 3778 ejus
2303 3706 2498 3774 oll‘usa,
2531 3708 2720 3764 eadem
2747 3723 2868 3779 quae
2903 3709 2985 3764 illi
3015 3723 3180 3780 agere
3222 3710 3480 3765 instituit.

3448 3846 3702 3867 CII-—

1409 3985 1545 4039 ΤΟΥ
1580 3984 1941 4041 ΔΕΥΤΕΡΟΥ
1977 3988 2254 4043 ΒΙΒΛΙΟΥ
2291 3988 2379 4042 ΤΑ
2418 3990 2784 4046 ΚΕΦΛΛΑΙΑ.

454 4284 522 4333 α’.
557 4280 827 4353 Λικινίου
857 4279 1111 4353 διωγμὸς
1139 4280 1442 4353 λαθραῖος,
1476 4284 1850 4353 ἐπισκόπους
1870 4289 2036 4343 ἀναι-

519 4351 878 4432 ρρῦντοςέν
915 4351 1190 4432 Ἁμασείςι
1222 4353 1328 4432 τοῦ
1357 4354 1609 4432 Πόντρυ.

457 4420 523 4492 β’.
545 4422 930 4498 Καθαιρέσεις
954 4420 1316 4491 ἐκκλησιῶν,
1352 4424 1453 4478 καί
1506 4424 1854 4482 ἐπισκόπων
1906 4445 2037 4498 κρε-

453 4494 1242 4630 γ¹.οὲίςεζίυιῗ’κωνσταντῒνος
1285 4564 1439 4635 ὑπὲρ
1479 4568 1852 4635 Χριστιανῶν
1901 4569 2034 4623 διώ-

525 4638 736 4688 κεσθαι
758 4636 1109 4703 μελλόντων
1136 4634 1406 4703 ἐκινήθη.
1526 4634 1529 4635 ⁷

451 4701 514 4757 δ’.
548 4706 667 4757 Ὅτι
703 4704 1160 4769 Κωνσταντῖνος
1209 4703 1327 4772 μὲν
1390 4709 1861 4775 παρεσκευάζετο
1904 4709 2033 4779 μετ’

524 4774 743 4843 εὐχῶν,
771 4775 1035 4841 Λικίνιος
1087 4774 1154 4827 δὲ
1170 4773 1323 4844 μετὰ
1372 4777 1671 4844 μαντειῶν
1718 4782 1806 4844 εἰς
1856 4783 2033 4835 πόλε-

524 4774 743 4843 εὐχῶν,
771 4775 1035 4841 Λικίνιος
1087 4774 1154 4827 δὲ
1170 4774 1323 4844 μετὰ
1372 4777 1671 4844 μαντειῶν
1718 4782 1806 4844 εἰς
1856 4774 2035 4835 πόλε-

519 4862 657 4915 μον·
1193 4915 1220 4926 ,

449 4910 512 4969 ε’.
546 4914 997 5001 ’Ὅσαᾼικίνιος
1145 4915 1672 5001 τφπάλσειηθύων,
1712 4914 1844 4973 εἷπε
1897 4921 2030 4988 περὶ

520 4984 640 5039 τῶν
673 4984 935 5039 εἰδώλων
965 4984 1063 5039 καὶ
1088 4986 1196 5039 τοῦ
1218 4986 1501 5056 Χριστοῦ.
1966 4984 1983 4988 ⁷

451 5062 525 5121 ς’.
552 5052 1066 5143 «ξαντασίαιψκατά
1087 5056 1195 5143 τὰς
1230 5056 1352 5111 ὑπὸ
1393 5056 1663 5143 Λικίνιον
1692 5061 1923 5143 πόλεις,
1949 5060 2031 5125 ὡς

519 5126 636 5179 τῶν
648 5126 1109 5179 Κωνσταντίνου
1146 5126 1604 5195 στρατευμάτων
1626 5128 1988 5193 διεξιόντων.

540 5198 661 5251 Ὅτι
685 5197 756 5249 ἐν
786 5194 1102 5265 πολέμοις,
1155 5194 1309 5250 ὅπου
1350 5198 1734 5265 σταυροειδές
1780 5201 2031 5265 σημεῖον

448 5199 513 5264 ζ’.
540 5199 661 5251 Ὅτι
685 5199 756 5249 ἐν
786 5199 1068 5264 πολέμοις
1088 5234 1102 5257 ,
1155 5199 1309 5250 ὅπου
1350 5199 1734 5266 σταυροειδές
1780 5217 1935 5270 σημε

513 5266 738 5337 παρῆν,
767 5265 898 5337 ἐκεῖ
915 5265 989 5318 τὰ
1022 5264 1132 5334 τῆς
1154 5267 1331 5337 νίκης
1351 5268 1600 5337 ἐγίνετο.

443 5343 517 5409 η’.
554 5335 676 5462 3m
706 5335 1085 5404 πεντήκοντα
1124 5335 1233 5390 τὸν
1261 5335 1531 5406 σταυρὸν
1578 5337 1783 5408 φέρειν
1828 5340 2029 5406 ἐξελέ-

457 5474 462 5476 _
516 5426 555 5476 χ
594 5423 776 5476 ησαν.

442 5426 819 5530 θκχνῗῖέῖίξτῖῖὲν
844 5476 1271 5547 σταυροςρόρων
1297 5478 1560 5547 ἀνῃρέθη
1588 5479 1707 5549 μὲν
1728 5484 1761 5534 ό
1792 5482 2022 5552 φυγὼν,

515 5551 549 5600 ὁ
575 5546 644 5600 δέ
668 5548 868 5601 πίστει
905 5551 1295 5603 παραμείνας.
1324 5547 1542 5603 ἐσώθη.

515 5564 548 5600 ο
575 5564 644 5600 οε
668 5564 868 5601 πιστει
905 5564 1295 5617 παραμείνας,
1324 5564 1542 5615 εσωση.

445 5624 498 5672 ι’.
527 5617 826 5686 Συμϐολαί
880 5617 1147 5688 διάφοροι
1171 5657 1186 5683 ,
1243 5619 1343 5672 καὶ
1414 5623 1873 5679 Κωνσταντίνου
1940 5621 2026 5676 νί-

516 5702 635 5741 και.
918 5704 935 5717 κ

447 5756 534 5813 ια’.
565 5756 730 5828 Φυτὴ
753 5758 1018 5814 Λικινίου
1046 5756 1141 5815 καὶ
1174 5759 1447 5830 γοητεῖαι.

2057 4150 2128 4169 *

2068 4473 2115 4527 D

2146 4286 2230 4357 ιβ’.
2271 4286 2459 4360 Ὅπως
2508 4286 2962 4352 Κωνσταντῖνος
3015 4287 3085 4340 ἐν
3132 4287 3338 4358 σκηνῇ
3396 4292 3728 4360 προσευχό-

2207 4373 2393 4428 μενος
2424 4358 2616 4411 ἐνίκα.

2145 4436 2232 4496 ιγ’.
2269 4428 2687 4502 Φιλανθρωπία
2732 4429 2864 4497 περὶ
2911 4430 3052 4496 τοὺς
3104 4431 3724 4502 συλλαμϐανομένους

2213 4497 2598 4567 στρατιώτας.

2141 4568 2222 4621 ιδ’.
2263 4570 2386 4621 Ἔτι
2404 4569 2536 4642 περὶ
2556 4567 2676 4624 τῶν
2702 4569 2776 4642 ,ἐν
2800 4568 3003 4642 σκηνῇ
3023 4570 3418 4642 προσευχῶν.

2141 4645 2217 4692 ιε’.
2255 4639 2528 4762 Λικινίου
2585 4640 2717 4708 περί
2764 4641 2967 4709 φιλίας
3007 4640 3208 4705 δόλος,
3261 4639 3362 4696 καὶ
3404 4643 3713 4699 εἰδωλολα-

2207 4726 2274 4762 to
2300 4726 2359 4762 α.

2207 4726 2359 4777 τρια.

2136 4786 2231 4845 ις’.
2270 4781 2469 4854 Ὅπως
2491 4780 2577 4854 μὴ
2603 4780 3027 4854 ἀντιπολεμεῖν
3057 4782 3137 4850 τῷ
3171 4782 3412 4853 σταυρῷ
3454 4785 3718 4854 Λικίνιος

2205 4852 2457 4919 παρῄνει
2479 4850 2604 4916 τοῖς
2644 4850 3051 4918 στρατιώταις.

2137 4919 2220 4985 ιζ’.
2260 4921 2413 4988 Νίκη
2444 4922 2923 4976 Κωνσταντίνου.

2134 4975 2223 5066 ιη’.
2264 4975 2533 5066 Λικινίου
2556 4975 2832 5066 θάνατος,
2863 4975 2961 5047 καὶ
2991 4993 3252 5066 ἐπινίκια
3276 4995 3406 5061 περὶ
3443 4997 3682 5049 τούτου.

2136 5060 2220 5114 ιθθ.
2251 5060 2643 5129 Φαιδρότητες
2671 5062 2768 5115 καὶ
2802 5065 3183 5132 πανηγύρεις.

2132 5137 2200 5184 κ’.
2237 5132 2436 5203 ζὀπως
2457 5132 2610 5199 ὑπὲρ
2639 5133 3021 5202 όμολογητῶν
3049 5132 3382 5203 ἐνομοθέτει
3402 5138 3719 5190 Κωνσταν-

2201 5201 2384 5266 τῖνος.
2836 5201 2842 5202 ⁷
2888 5201 2894 5202 ⁷
3153 5201 3163 5203 ⁷
3722 5214 3733 5245 ί

2130 5276 2236 5325 κα⁹.
2276 5273 2468 5337 Ὅπως
2491 5271 2588 5325 καὶ
2619 5271 2752 5339 περί
2787 5269 3103 5340 μαρτύρων
3146 5268 3247 5322 καὶ
3290 5270 3715 5340 ἐκκλησιαστι-

2200 5340 2321 5395 κῶν
2350 5340 2683 5410 κτημάτων.

2128 5411 2231 5483 κβ’.
2262 5409 2577 5483 Ὅπωςκαὶ
2604 5411 2747 5483 τοὺς
2778 5409 3007 5483 δήμους
3027 5409 3421 5483 ἀνεκτήσατο.

2128 5481 2232 5553 κγ’.
2263 5482 2383 5535 Ὅτι
2412 5481 2563 5535 Θεὸν
2593 5481 2711 5553 τῶν
2734 5481 2971 5552 ἀγαθῶν
3010 5482 3206 5536 αἴτιον
3248 5481 3553 5549 ἐκήρυττε,
3606 5485 3706 5537 καὶ

2196 5553 2331 5621 περί
2365 5552 2747 5621 ἀντιγράφων
2768 5554 2986 5620 νόμων.

2126 5624 2223 5677 κδ’.
2259 5619 2457 5691 Νόμος
2485 5619 2966 5685 Κωνσταντίνου,
2997 5621 3128 5689 περί
3160 5619 3266 5688 τῆς
3295 5623 3381 5686 εἰς
3429 5620 3577 5675 Θεὸν
3608 5622 3709 5677 εὐσ-

2197 5694 2435 5760 σεϐείας
2460 5692 2556 5748 καί
2588 5694 2692 5747 τοῦ
2728 5691 3204 5763 χριστιανισμοῦ.

2127 5772 2224 5820 κε’.
2266 5763 2622 5835 ’Υπόδειηια
2650 5761 3027 5819 ἔκπαλαι-ῶν
3052 5761 3303 5831 χρόνων.

3739 5358 3769 5391 ,4
3778 5366 3779 5369 η
