4210 6428
473 415 575 471 977

1566 419 1658 477 DE
1697 419 1862 477 VITA
1898 421 2359 478 CONSTANTINI
2395 421 2526 478 LIB.
2565 420 2632 479 II.

3613 423 3723 480 978

474 527 714 587 XXVIII.
752 529 905 608 Quod
949 528 1088 588 Deus
1125 531 1536 592 Constantinum
1579 538 1831 593 bonorum
1881 541 2041 593 miui-
2072 544 2116 600 Α
2223 556 2314 594 nes
2367 555 2624 607 responsa
2675 537 2903 608 amplius
2941 534 3095 592 edere
3145 535 3521 608 nonpoterat,
3574 548 3716 592 mota

551 613 713 654 strum
746 603 920 669 elegit.

474 668 667 802 XXIX.
707 668 895 726 Pice'in
931 670 1100 726 Deum
1122 690 1270 730 voces
1307 673 1666 742 Constantini,
1695 685 1745 731 et
1770 677 1888 732 laus
1916 696 2042 732 con-

569 758 825 794 essorttnt.

569 758 825 794 essorunt.

473 807 645 891 XXX:
679 809 789 892 Lex
822 811 1023 866 solvens
1059 813 1242 870 exsilio
1278 825 1326 870 et
1349 816 1521 881 curia,
1550 826 1598 870 et
1629 817 1882 871 bonorum
1918 835 2041 886 pro-

436 890 444 942 :
541 890 841 943 scriptione.

435 953 441 1012 ξ
692 951 826 1026 liem
861 968 947 1006 eos
972 954 1061 1022 qui
1086 954 1141 1026 in
1165 953 1368 1026 insulas
1397 966 1548 1026 erant
1583 955 1824 1026 relegati.

468 1018 684 1097 X-XXII.
716 1018 850 1097 item
896 1018 1101 1097 eos'qui
1127 1025 1197 1097 ad
1227 1025 1444 1097 metalla
1467 1033 1519 1077 et
1547 1026 1616 1078 ad
1643 1018 1849 1080 publica
1876 1043 2036 1097 opera

536 1090 880 1161 ignominiose
929 1090 1171 1144 damnati
1214 1093 1448 1161 fuerant.
1800 1105 1804 1110 ’

751 1159 829 1232 ρο
857 1156 1254 1232 confessoribus
1284 1164 1372 1232 qui
1405 1162 1783 1219 militaverant.

467 1226 708 1303 XXXIV.
747 1229 824 1284 De
848 1226 1042 1303 iisqui
1082 1234 1154 1303 ad
1195 1226 1463 1303 gynwcea,
1515 1233 1595 1287 vel
1637 1236 1694 1288 in
1733 1239 2032 1290 servitutem

536 1300 650 1351 dati
681 1310 851 1364 erant,
897 1300 1204 1354 liberandis.

466 1365 682 1442 X-XXV.
718 1369 792 1422 De
821 1371 1142 1424 successione
1177 1372 1432 1442 bonorum
1477 1384 1770 1442 martyrum
1811 1391 1858 1428 et
1909 1393 2034 1428 con-

533 1438 816 1515 fessorum,
851 1451 898 1515 e_t
932 1455 1113 1515 eorum
1148 1443 1235 1510 qui
1262 1441 1494 1515 _relcgati
1532 1438 1764 1510 fuerant,
1818 1455 1865 1498 et
1904 1462 2034 1515 quo-

533 1525 651 1576 rum
690 1507 826 1576 bona
867 1510 922 1561 in
964 1507 1168 1576 ﬁscum'
1196 1510 1386 1564 relata.

465 1575 705 1631 XXXVI.
735 1575 804 1630 Ut
833 1575 1194 1646 deﬁcientibus
1232 1582 1472 1646 cognatis
1500 1580 1718 1635 ecclesia
1754 1584 2030 1639 lueredita-

532 1648 865 1718 teni_c_apiat,
895 1659 1050 1716 utque
1084 1649 1260 1718 legata
1284 1649 1441 1718 ﬁrma
1469 1661 1735 1705 maneant.

461 1715 724 1769 XXXVII.
768 1715 833 1771 Ut
866 1715 971 1787 qui
997 1715 1299 1787 hujusmodi
1326 1719 1465 1783 loca,
1507 1723 1674 1786 cedes,
1718 1721 1895 1778 hortos
1939 1741 2027 1778 oc-

534 1790 860 1857 cupaverint,
906 1787 1224 1844 restituant:
1247 1791 1474 1857 exceptis
1505 1790 1785 1855 fructibus.

457 1854 1049 1930 X_V_III.__Qu_omodo
1079 1875 1237 1926 super
1268 1854 1586 1930 ltisi'libellos
1611 1863 1729 1914 dari
1761 1873 2022 1930 oporteat.

456 1925 799 2052 XXXIIX..iUt
829 1927 987 1995 ﬁscus
1017 1925 1239 1996 fundos,
1286 1929 1424 1983 cedes
1458 1939 1507 1983 et
1560 1931 1743 1986 hortos
1785 1925 2028 1986 restituat

525 2013 609 2049 ecc
635 2013 704 2052 est
730 2014 775 2052 s.

525 2013 775 2056 εοειεδιτε.

601 2064 672 2138 U_t_
713 2067 971 2138 martyrio
1005 2076 1052 2121 et
1096 2067 1391 2120 coemeteria
1437 2066 1672 2122 ecclesiis
1712 2071 2024 2124 reddantur.

453 2134 589 2189 XLI.
625 2134 695 2190 Ut
733 2139 826 2207 qui
857 2134 955 2191 'res
994 2139 1230 2191 ecclesiw
1273 2148 1529 2202 emerunt,
1572 2148 1663 2192 aut
1695 2142 1833 2193 dono
1881 2157 2030 2194 acce-

522 2217 735 2274 perunt,
769 2224 859 2261 eas
902 2208 1206 2260 restituant.

450 2274 610 2330 XLII.
655 2275 858 2331 Sedula
889 2276 1187 2330 exhortatio
1227 2278 1297 2331 ad
1335 2278 1614 2331 colendum
1645 2278 1832 2332 Deum.

449 2344 632 2401 XLIII.
676 2345 950 2418 Quomodo
982 2345 1360 2418 Constantinus
1391 2363 1454 2400 ea
1499 2363 1616 2418 qua:
1653 2347 1854 2418 legibus
1900 2365 2026 2402 san-

519 2425 696 2485 xerat,
729 2416 888 2484 factis
925 2417 1052 2485 ipsis
1095 2417 1447 2485 conﬁrmavit.

449 2484 631 2539 XLIV.
668 2487 953 2557 Quomodo
982 2484 1315 2540 Christianos
1375 2487 1444 2539 ad
1496 2489 1749 2557 regendas
1812 2493 2016 2556 provin-

2211 611 2278 662 sit
2319 609 2629 676 persecutio.

2147 675 2229 732 LI.
2261 675 2538 744 Quomodo
2570 677 2948 733 Constantinus
2998 675 3171 730 adhuc
3208 675 3510 732 adolescens
3541 676 3715 746 justas

2217 764 2327 802 esse
2366 747 2694 803 Christianos
2724 748 2946 800 audivit.

2142 814 2250 872 LII.
2297 818 2436 882 Quot
2469 828 2846 870 tormentorum
2891 826 2937 869 et
2973 813 3352 883 suppliciorum
3388 830 3577 885 genera
3611 811 3718 873 ad-

2210 903 2388 939 versus
2427 887 2758 941 Christianos
2794 885 3108 953 excogitata.

2141 954 2272 1009 LIII.
2308 956 2583 1020 Quomodo
2614 956 2827 1009 barbari
2876 953 3205 1008 Christianos
3234 963 3562 1022 exceperunt.

2139 1023 2272 1079 LIV.
2303 1025 2579 1090 Quomodo
2601 1026 2780 1079 divina
2811 1025 3009 1078 ultione
3035 1023 3205 1089 puniti
3233 1025 3360 1091 sint,
3378 1026 3467 1094 qui
3490 1039 3557 1079 ea;
3584 1040 3720 1080 ora—

2213 1102 2330 1148 culo
2361 1095 2774 1162 persecutionem
2813 1101 3218 1149 commoverant.

2138 1163 2254 1219 LV.
2305 1165 2687 1220 Constantinus
2713 1163 2823 1217 Deo
2854 1163 3077 1233 gloriam
3107 1163 3320 1234 tri_buit,
3353 1164 3559 1234 signum
3584 1181 3707 1220 cru-

2211 1236 2286 1288 cis
2317 1235 2617 1303 conﬁtetur,
2663 1242 2714 1287 et
2755 1229 2999 1303 precatur
3025 1246 3125 1303 pr_o_
3159 1229 3418 1303 Ecclesia:

2137 1303 2275 1360 LVI.
2316 1298 2592 1369 Quomodo
2618 1298 2794 1357 omnes
2819 1302 3030 1373 quidem
3061 1298 3388 1355 Christianos
3424 1319 3533 1358 esse
3556 1313 3710 1369 opta-

2211 1378 2316 1438 vit;
2357 1375 2612 1427 neminem
2649 1371 3040 1440 autem'coegit.

2137 1435 2306 1497 LVIII
2329 1442 2567 1496 Cloriam
2598 1443 2780 1494 tribuit
2812 1435 3059 1510 Deofqui
3088 1455 3179 1507 per
3204 1435 3408 1493 Filium
3439 1457 3592 1495 suum
3619 1458 3710 1498 er-

2211 1526 2388 1567 rantes
2419 1512 2761 1564 illuminavit.

2135 1580 2314 1638 LVIII.
2376 1582 2583 1636 Iterum
2623 1579 2732 1636 Deo
2781 1579 3003 1651 gloriam
3049 1577 3236 1632 tribuit
3293 1595 3361 1633 ea:
3413 1580 3708 1639 ministerio

2209 1654 2372 1706 totius
2421 1651 2628 1705 mundi.

2133 1719 2272 1775 LIX.
2318 1723 2487 1776 Deum
2528 1719 2718 1774 laudat
2760 1718 2851 1791 qui
2887 1733 3089 1787 semper
3118 1721 3253 1773 bona
3298 1729 3455 1776 atoue
3489 1719 3710 1776 honesta.

2195 1794 2365 1848 docet.

2133 1859 2246 1914 LX.
2281 1862 2598 1914 Adhortatio
2629 1860 2724 1914 sub
2750 1861 2910 1929 ﬁnem
2939 1858 3118 1925 edicti,
3146 1867 3203 1912 ut
3239 1874 3386 1912 nemo
3412 1859 3569 1912 alteri
3589 1876 3674 1914 mo
3693 1893 3706 1903 -

2208 1930 2414 2000 lestiam
2451 1930 2700 2000 facessat.

2136 1998 2274 2059 LXI.
2313 1998 2588 2066 Quomodo
2623 2001 2687 2052 ab
2713 2000 2836 2054 urbe
2861 1999 3187 2053 Alexandria
3217 1998 3531 2069 quaestiones
3558 2013 3702 2053 com-

2134 2137 2173 2191 L
2203 2081 2361 2124 mota:
2399 2072 2747 2151 sintpropter
2782 2071 2986 2152 Ariunt.
3055 2139 3068 2152 ο

2180 2139 2290 2195 XII.
2324 2140 2400 2192 De
2431 2139 2559 2192 Arta
2591 2149 2639 2192 et
2681 2142 2746 2192 de
2793 2138 3114 2193 Melettants.

2127 2207 2312 2265 LXIII.
2345 2209 2617 2274 Quomodo
2657 2207 2884 2278 legatum
2923 2225 3043 2263 cum
3081 2209 3271 2263 litteris
3301 2207 3442 2263 misit
3485 2209 3554 2263 ad
3606 2224 3702 2279 pa-

2203 2295 2314 2332 cem
2345 2280 2780 2347 comporendam.

2127 2347 2313 2405 LXIV.
2361 2346 2696 2419 Constantini
2728 2347 2946 2419 epistola
2995 2349 3065 2402 ad
3112 2346 3468 2404 Alexandrum
3507 2349 3705 2419 episcov-

2198 2435 2321 2482 pum
2351 2428 2399 2472 et
2432 2418 2616 2470 Arium
2644 2417 3026 2487 presbyterum.

2127 2487 2289 2542 LXV.
2328 2489 2484 2553 Quod
2523 2505 2616 2555 pro
2641 2503 2766 2552 pace
2807 2487 3050 2542 continue
3078 2488 3371 2555 satagebat.
3433 2534 3436 2537 .

2126 2556 2308 2614 LXVI.
2341 2558 2616 2639 Quomodo
2643 2557 2958 2627 quaestiones
2977 2557 3035 2613 in
3065 2557 3250 2628 Africa
3278 2558 3537 2614 excitatas
3563 2574 3701 2613 com-

2123 2639 2540 2763 LX’Velslquuod
2578 2696 2761 2766 religio
2803 2699 2867 2750 ab
2909 2697 3138 2752 Orientis
3181 2697 3422 2765 partibus
3463 2699 3692 2766 eruperit.

442 2762 603 2838 M2
620 2765 802 2839 XLVI.
823 2763 1065 2839 Epistola
1086 2762 1502 2839 Constantiniad
1521 2765 1808 2822 Eusebium
1825 2778 1875 2822 et
1897 2769 2024 2823 reli-
2122 2767 2352 2824 LXVIII.
2385 2762 2663 2834 Quomodo
2677 2762 3003 2822 seditionem
3043 2762 3257 2823 moleste
3292 2766 3490 2839 ferens;
3515 2762 3697 2838 pacem

521 2836 650 2906 quos
703 2837 987 2908 episcopos
1032 2838 1096 2891 de
1118 2836 1346 2889 ecclesiis
1366 2839 1672 2908 ⁸ρηεδὶίίειηι
1701 2855 1858 2908 Opera
1883 2842 2018 2893 wdi-
2124 2907 2131 2908 ί
2191 2840 2378 2908 suasit.

510 2907 774 2973 ﬁcandis,
820 2916 979 2977 utque
1033 2916 1248 2961 vetusta:
1289 2906 1598 2975 reﬁciantur
1635 2917 1685 2962 et
1733 2906 2016 2978 ampliores
2121 2907 2309 2963 LXIX.
2365 2907 2518 2962 Unde
2559 2916 2684 2961 nata
2732 2909 2803 2961 sit
2843 2909 3200 2962 controversia
3244 2908 3384 2963 inter
3422 2909 3607 2963 Arium
3649 2918 3697 2961 et

505 2986 874 3050 _e:_s_s_t_rugntu‘r.
1097 3048 1106 3050 _
1136 3048 1144 3050 _
1190 3047 1200 3050 _
2119 3049 2139 3050 ί
2167 2978 2579 3050 γᾼζεπεηάναηι,
2603 2987 2653 3050 et
2677 2979 2820 3050 quod
2857 2978 2986 3032 talia
3020 2994 3124 3050 non
3153 2988 3305 3032 erant
3333 2978 3694 3050 disquirenda.

442 3044 645 3118 ἔξιθ’ῃῖ
674 3045 830 3118 Quod
864 3057 1051 3102 contra
1087 3047 1352 3103 idolorum
1387 3052 1588 3102 cultum
1625 3049 1915 3118 scripserit.
2118 3048 2286 3118 LXX.
2329 3047 2646 3118 Edhortatio
2672 3044 2762 3118 λιιι
2803 3048 3166 3118 concordiam.

442 3113 669 3171 XLVIII.
695 3117 1033 3173 Constantini
1055 3118 1282 3172 edictum
1313 3121 1383 3172 ad
1409 3113 1755 3185 provinciales
1786 3123 1851 3176 de
1878 3122 2016 3190 [also
2119 3117 2309 3172 LXXI.
2369 3117 2526 3182 Quod
2564 3119 2626 3170 ob
2661 3117 2794 3172 leves
2833 3116 3094 3189 quasdam
3120 3117 3335 3174 voculas
3359 3117 3700 3190 pertinaciter

503 3187 648 3239 cultu
685 3189 974 3239 multorum
1000 3188 1240 3239 deorum.
1290 3188 1588 3239 Exordium
1629 3191 1693 3239 de
1724 3192 1915 3239 virtute
1961 3202 2011 3239 et
2191 3189 2502 3239 certandum
2539 3202 2641 3239 non
2670 3186 2791 3239 fuit.

2191 3189 2502 3242 certandum
2539 3202 2641 3239 non
2668 3186 2791 3257 fuit.
2846 3186 2856 3189 ⁷
3360 3186 3371 3190 ’

2039 3254 2082 3313 C
2115 3257 2327 3314 LXXII.
2369 3256 2646 3329 Quomodo
2697 3257 2881 3329 dolore
2919 3257 3171 3327 affectus,
3224 3275 3335 3328 prce
3383 3259 3575 3329 pietate
3597 3254 3696 3329 lla-

2186 3344 2397 3397 crymas
2445 3326 2675 3395 eﬁ‘udit;
2729 3337 2779 3381 et
2835 3326 3424 3398 itefquodfacturus
3476 3338 3589 3383 erat
3638 3327 3695 3380 in

2195 3397 2488 3453 Orientem.
2524 3394 2588 3449 ob
2615 3396 2751 3451 hanc
2788 3413 3005 3451 causam
3034 3402 3301 3453 repressit.

2195 3415 2488 3462 umentem,
2524 3415 2588 3449 oo
2615 3415 2751 3451 nanc
2788 3415 3005 3451 causam
3034 3415 3301 3468 repressit.

2113 3468 2341 3524 LXXIII.
2393 3466 2547 3531 Quod
2601 3477 2715 3534 post
2761 3469 2860 3522 Iias
2900 3467 3059 3521 etiam
3102 3469 3434 3538 imperatoris
3490 3467 3694 3522 litteras

2184 3538 2529 3611 perseveravit
2567 3539 2854 3592 contentio.

516 2557 629 2627 cias
657 2556 1000 2627 promoverit,
1019 2566 1066 2611 et
1081 2571 1318 2625 paganos
1341 2556 1646 2627 sacriﬁcare
1672 2559 2021 2626 prohibuerit.

447 2623 608 2682 XLV.
644 2623 724 2679 De
758 2623 1181 2699 legibusquibus
1226 2623 1496 2699 sacriﬁcid
1532 2623 1740 2697 quidem
1774 2629 2020 2699 pro/tibe-

518 2699 759 2757 bantur;
795 2696 1027 2764 ecclesia:
1052 2711 1171 2750 vero
1214 2698 1447 2748 construi
1467 2696 1811 2764 jubebantur.

503 3187 648 3270 cuitu
685 3189 974 3242 multorum
1000 3188 1240 3242 deorum.
1290 3188 1588 3243 Exordium
1629 3191 1693 3243 de
1724 3187 1915 3246 virtute
1961 3202 2011 3246 et

439 3269 743 3380 Χιῗῖἓξῗύε
769 3326 885 3398 pio_
901 3342 963 3380 ac
992 3325 1100 3398 ‘Dei
1135 3328 1508 3398 amantissimo
1543 3328 1881 3384 Constantini
1914 3348 2013 3398 pa-

501 3407 603 3516 trz,
643 3403 696 3450 et
743 3397 808 3450 de
847 3395 1176 3452 Diocletiano
1219 3412 1281 3450 ac
1332 3397 1664 3453 Maximiano
1713 3395 2016 3468 persecuta.

501 3481 547 3518 τι
589 3481 671 3518 us.

433 3481 685 3598 53:38
727 3549 793 3589 ex
835 3533 1098 3606 Apollinis
1130 3535 1348 3590 oraculo
1392 3539 1482 3606 qui
1525 3537 1588 3590 ob
1627 3536 1805 3606 justas
1837 3540 2012 3594 homi-

482 3705 2885 3734 mw

1211 3889 1945 4008 ΕΥΣΕΒΙΟΥ
1997 3891 2301 4010 ΤΟΥ
2355 3893 3185 4019 ΠΑΜΦΙΛΟΥ

944 4147 1056 4203 ΕΙΣ
1093 4147 1232 4204 ΤΟΝ
1268 4147 1433 4202 BION
1468 4149 1606 4203 ΤΟΥ
1645 4149 2013 4204 ΜΔΚΑΡΙΟΥ
2049 4150 2595 4207 ΚΩΝΣΤΑΝΤΙΝΟΥ
2632 4153 2770 4208 ΤΟΥ
2806 4153 3142 4210 ΒΑΣΙΛΕΩΣ

1815 4337 2182 4428 ΛΟΓΟΣ
2217 4323 2318 4424 Β’.

2010 4552 2084 4572 “

1277 4677 2032 4817 ωΕυδΕΒιΙ
2125 4654 2811 4816 PAMPHILI

1175 4917 1267 4975 DE
1307 4919 1471 4976 VITA
1507 4919 1896 4977 BEATISSIMI
1935 4919 2413 4977 IMPERATORIS
2451 4916 2918 4976 CONSTANTINI

1499 5122 1855 5211 LIBER
1929 5119 2590 5212 SECUNDUS.

2729 5469 2957 5527 CAPUT
2998 5469 3040 5524 I.

2178 5583 2398 5639 Occulta
2421 5584 2709 5651 persecutio
2739 5581 2947 5646 Licinii,
2972 5590 3019 5634 et
3050 5579 3216 5651 aedes
3244 5575 3607 5651 episcOporum

2458 5655 2599 5722 apud
2623 5653 2892 5706 Amasiam
2931 5651 3110 5704 urbem
3140 5646 3317 5700 Ponti.

483 5741 612 5800 Ὧδε
643 5746 740 5817 μὲν
773 5741 866 5800 οὗν
895 5749 922 5801 ὁ
958 5746 1218 5818 δηλωοεὶς
1269 5748 1363 5801 ἐπὶ
1407 5748 1496 5800 τὸν
1543 5747 1654 5801 τῶν
1704 5746 1990 5818 θεομάχων
2168 5748 2248 5800 Ad
2277 5747 2307 5800 I1

2168 5748 2248 5800 Ad
2277 5747 2418 5802 hunc
2441 5747 2657 5801 modum
2681 5741 3024 5805 supradictus
3049 5737 3292 5793 Licinius
3310 5735 3360 5788 in
3382 5731 3680 5800 impiorum

417 5837 578 5908 βιδθὸν
612 5838 1097 5911 κατεκρημνίζετο,
1129 5839 1223 5896 καὶ
1252 5834 1326 5898 ὧν
1348 5840 1647 5914 ὀφθαλμοῖς
1662 5843 1840 5898 ἐπεῖδε
1862 5843 1988 5906 τοὺς
2093 5837 2307 5895 baratltt

2104 5837 2407 5893 barathrum
2449 5851 2689 5908 prmccps
2729 5842 2856 5900 nul,
2889 5842 2966 5906 ,ει
3013 5842 3241 5899 quorum
3271 5825 3341 5880 ob
3368 5837 3454 5880 res
3502 5823 3666 5889 impie

939 5471 1336 5528 ΚΕΦΑΑΜΟΝ
1369 5473 1468 5544 Ακι
2026 5479 2070 5534 ο

413 5584 684 5643 Λικινίου
732 5584 986 5656 διωγμὸς
1036 5585 1342 5654 λαθραῗος,
1396 5585 1771 5653 ἐπισκόπους
1829 5586 1993 5641 ἀναι-

663 5655 923 5724 ροῦντος
941 5657 1011 5710 ἐν
1053 5657 1329 5726 Ἀμασείᾳ
1354 5657 1460 5710 τοῦ
1488 5657 1740 5710 Πόντου.
