4210 6428
430 428 537 485 979
1147 426 1423 484 EUSEBII
1461 426 1946 484 CESARIENSIS
1984 428 2133 484 OPP.
2177 430 2356 484 PARS
2396 427 2436 483 I.
2477 460 2546 473 ο-
2584 424 2975 483 HISTORICA.
3598 431 3703 486 980

432 565 619 624 gestas
674 550 901 605 exitium
941 545 1061 604 suis
1121 549 1233 618 ipse
1277 552 1453 607 ocutis
1489 562 1799 620 aspexerat,
1828 566 2017 605 eorum

2138 551 2216 604 mi.
2240 553 2337 623 τῆς
2363 550 2683 615 δυσσεϐείας
2708 550 2985 621 ὀλέθρους,
3036 548 3242 603 τούτων
3279 549 3370 604 τὸν
3399 548 3554 620 ζῆλον
3612 552 3704 605 ἐπὶ

432 641 742 712 exemplum
772 641 825 694 in
863 655 1018 694 suam
1041 640 1209 709 ipsius
1228 644 1523 712 perniciem
1549 644 1859 708 aemulatus,
1893 660 2013 714 per-

2138 642 2278 714 ιακῷ
2294 643 2373 715 τῷ
2387 642 2552 696 αὑτοῦ
2576 642 2798 714 μετιὼν,
2817 642 2906 695 τὸν
2929 642 3068 696 κατά
3092 642 3429 713 Χριστιανῶν
3443 642 3702 714 διωγμὸν,

432 734 771 788 secutionem
800 730 1265 801 Christianorum,
1319 735 1476 804 quasi
1518 734 1790 790 flammam
1819 751 2014 806 quam-

2138 736 2313 808 "uorrsp
2335 734 2459 789 τινὰ
2484 735 2654 790 πάλαι
2676 735 3119 808 κατεσϐεσμένην
3151 734 3321 806 πυρὸς
3340 734 3522 807 ἀκμὴν
3548 736 3707 808 ἀνερ-

433 827 559 880 dam
577 826 692 894 jam
716 827 951 897 sopitam
976 827 1157 884 denuo
1186 830 1482 894 excitavit,
1508 838 1563 884 et
1601 830 1770 884 multo
1799 831 2018 901 gravius

2138 826 2344 896 όίπιξε,
2383 826 2692 899 δεινοτέραν
2725 826 2759 896 ἢ
2782 828 2830 879 oi
2856 825 3091 896 πρόσθεν
3126 825 3221 896 τὴν
3260 825 3362 895 τῆς
3392 825 3707 891 δυσσεϐείας

434 933 602 985 quam
650 919 862 987 priores
913 919 1213 989 impietatis
1264 919 1521 975 conﬂavit
1569 921 1902 976 incendium.
1944 923 2021 975 Ac

2138 920 2372 985 ιξάπτων
2400 919 2594 988 φλόγα.
2617 920 2729 974 Καὶ
2760 918 2825 990 δὴ
2849 913 2939 972 οἷά
2964 935 3049 982 τις
3085 916 3189 989 θὴρ
3221 916 3413 982 δεινὸς,
3437 916 3472 989 ἢ
3497 914 3719 982 σκολιὸς

435 1011 673 1079 primum
699 1011 919 1083 quidem
962 1022 1217 1081 tanquam
1247 1013 1390 1067 mala
1415 1012 1611 1078 bestia,
1656 1021 1713 1068 et
1745 1023 2022 1067 tortuosos

435 1105 659 1175 quidam
690 1121 919 1177 serpens
957 1106 1013 1160 in
1045 1104 1283 1175 seipsum
1313 1104 1661 1173 convolutus,
1693 1114 1749 1161 et
1779 1104 2020 1159 furorem

435 1208 601 1267 atque
628 1196 857 1253 hostiles
879 1197 1145 1252 adversus
1173 1196 1341 1252 Deum
1365 1196 1540 1252 minas
1568 1197 1810 1266 spirans,
1835 1195 2022 1250 Eccle—

438 1290 538 1345 siis
569 1288 663 1346 Dei
694 1289 795 1345 sub
827 1289 1058 1358 imperio
1104 1304 1204 1343 suo
1255 1289 1565 1344 constitutis
1595 1288 1789 1343 bellum
1840 1289 2022 1358 palam

440 1380 667 1448 inferre,
697 1380 768 1436 ob
796 1378 1143 1434 Constantini
1176 1388 1378 1435 metum
1427 1380 1651 1435 minime
1704 1395 1872 1436 ausus
1916 1390 2022 1445 est,

439 1473 536 1529 sed
565 1471 928 1543 improbitatis
951 1472 1102 1528 virus
1124 1472 1487 1538 abscondens,
1520 1472 1766 1528 occultas
1802 1473 2027 1529 insidias

441 1564 612 1620 certis
643 1564 912 1619 duntaxat
941 1564 998 1617 in
1032 1563 1166 1620 locis
1191 1563 1455 1619 adversus
1483 1564 1769 1635 episcopos
1800 1581 2026 1636 compa-

443 1656 631 1724 ravit;
669 1664 729 1713 et
757 1668 825 1711 ex
864 1655 950 1710 his
980 1654 1425 1724 probatissimum
1480 1668 1773 1725 quemque,
1807 1670 2030 1726 compo-

444 1749 566 1805 sitis
591 1762 689 1820 per
713 1748 1118 1820 provinciarum
1141 1756 1383 1803 rectores
1406 1744 1696 1801 calumniis
1726 1745 2024 1803 interfecit.

444 1840 618 1897 Porro
650 1839 814 1895 caedis
843 1837 1058 1894 illorum
1083 1837 1296 1902 modus,
1322 1850 1497 1892 novus
1531 1851 1634 1892 nec
1653 1853 1895 1908 unquam
1927 1852 2029 1891 an-

2128 1013 2251 1082 ὅφις
2280 1013 2412 1084 περὶ
2442 1011 2634 1068 ἑαυτὸν
2658 1012 3051 1082 ἰλυσπώμενος,
3074 1008 3252 1082 θυμοῦ
3278 1027 3338 1063 τε
3365 1012 3460 1065 καὶ
3482 1011 3709 1083 ἀπειλῆς

2126 1102 2396 1173 θεομάχου
2428 1101 2628 1167 πνέων,
2656 1100 2808 1155 οὔπω
2833 1102 2931 1173 μὲν
2953 1104 3018 1155 ὲκ
3040 1100 3134 1153 τοῦ
3164 1100 3475 1170 προφανοῦς
3507 1100 3596 1155 διά
3619 1101 3709 1155 τὸν

2125 1190 2538 1246 Κωνσταντίνου
2562 1190 2747 1261 φόϐον,
2780 1194 2903 1256 ταῖς
2934 1192 3026 1245 ὑπ’
3067 1190 3596 1262 αὐτὸνἘκκλησίαις
3617 1191 3710 1246 τοῦ

2129 1282 2266 1337 Θεοῦ
2308 1283 2565 1354 πολεμεῖν
2608 1283 2832 1356 ἐτόλμα,
2878 1282 3139 1355 κρύπτων
3164 1284 3222 1338 δὲ
3261 1285 3360 1356 τῆς
3398 1285 3599 1349 κακίας
3621 1284 3711 1340 τὸν

2132 1376 2229 1440 ίὸν,
2274 1376 2541 1448 λαθραίας
2582 1376 2669 1430 καὶ
2723 1375 2957 1448 μερικάς
3008 1378 3246 1430 ἐποιεῖτο
3276 1376 3375 1441 τάς
3417 1376 3561 1431 κατά
3602 1377 3713 1433 τῶν

2128 1468 2445 1523 ἐπισκόπων
2481 1469 2749 1532 συσκευάς
2766 1486 2779 1498 °
2828 1468 3082 1540 ἀνῃρεῖτό
3110 1486 3170 1521 τε
3196 1467 3263 1521 δι’
3294 1467 3586 1540 ἐπιϐουλῆς
3606 1469 3713 1523 τῶν

2131 1561 2254 1614 κατ’
2277 1560 2429 1624 ἔθνος
2452 1560 2731 1632 ἀρχόντων
2760 1561 2888 1624 τοὺς
2924 1561 3130 1615 τούτων
3156 1561 3560 1633 δοκιμωτάτους
3580 1578 3595 1592 ’
3623 1563 3716 1615 καὶ

2129 1653 2159 1705 ὁ
2203 1652 2407 1724 τρόπος
2443 1653 2501 1707 δὲ
2529 1652 2626 1707 τοῦ
2664 1655 2787 1707 κατ’
2812 1652 2993 1707 αὐτῶν
3026 1653 3187 1722 φόνου
3236 1640 3459 1720 ξενίζων
3497 1671 3583 1718 τις
3624 1649 3723 1726 ἦν,

2130 1738 2244 1809 οἷος
2288 1744 2635 1800 οὐδεπώποτε
2657 1744 2991 1817 γνωσθῆναι.
3020 1745 3185 1801 Ταῦτ’
3208 1741 3301 1800 οὖν
3331 1745 3442 1819 (22)
3461 1748 3604 1819 ἀμφὶ
3618 1748 3716 1818 τὴν

2146 1840 2445 1911 ’Δμάσειαν
2476 1839 2574 1894 τοῦ
2607 1841 2810 1894 Πόντου
2845 1841 3308 1913 κατεργασθέντα,
3339 1843 3519 1896 πᾶσαν
3546 1842 3715 1914 ὑπερ-

449 1943 533 1988 tea
568 1930 819 2001 cognitus
844 1930 966 1985 fuit.
994 1929 1161 1986 Certe
1196 1944 1317 1999 quae
1350 1929 1497 2000 apud
1553 1905 1826 1986 Amasiam
1873 1940 2031 2002 gesta

2141 1905 2304 2005 ϐολὴν
2331 1935 2613 2006 ὠμότητος
2638 1905 3080 2007 ὑπερηκόντιξεν.

462 2034 611 2092 sunt,
640 2037 858 2081 omnem
890 2019 1231 2078 crudelitatis
1257 2020 1477 2107 modum
1513 2026 1928 2080 transcendunt.

1079 2115 1309 2174 CAPUT
1350 2113 1415 2170 ll.

643 2214 897 2269 Ecclesia
934 2213 1153 2277 dirum,
1193 2223 1242 2266 et
1268 2214 1493 2282 episcopi
1538 2213 1809 2267 trucidati.

523 2372 640 2439 Qua
663 2372 718 2426 in
750 2358 887 2426 urbe
906 2370 1155 2426 ecclesiae
1190 2369 1310 2434 Dei,
1349 2369 1468 2424 aliae
1514 2371 1708 2426 iterum
1740 2381 1864 2442 post
1892 2375 2038 2443 prio-

449 2481 564 2521 rem
594 2465 743 2521 illam
769 2462 1224 2534 expugnationem
1271 2472 1498 2529 tequatte
1551 2473 1680 2518 sunt
1718 2461 1835 2518 solo
1869 2482 1882 2518 :
1918 2465 2039 2520 alite

447 2558 649 2612 clausae
695 2570 728 2609 a
760 2551 1086 2624 praesidibus
1138 2549 1590 2621 provinciarum;
1623 2568 1695 2608 ne
1747 2554 2034 2625 quisquam

448 2666 640 2707 eorum
669 2650 760 2721 qui
791 2664 888 2704 eas
910 2647 1062 2705 adire
1090 2657 1520 2715 consueverant,
1560 2662 1627 2703 eo
1668 2650 1989 2705 conveniret
2014 2689 2032 2717 ,

451 2758 590 2799 neve
620 2743 922 2798 solemnem
956 2742 1158 2797 cultum
1193 2741 1307 2798 Deo
1344 2742 1651 2798 exhiberet.
1684 2739 1874 2813 Neque
1888 2743 2033 2797 enim

450 2837 545 2906 qui
580 2834 695 2891 hinc
714 2833 962 2903 iubebat,
995 2834 1346 2905 precationes
1375 2832 1490 2888 illic
1517 2848 1618 2903 pro
1666 2848 1730 2890 se
1772 2834 1889 2889 fieri
1918 2834 2035 2904 opi-

454 2930 722 2996 nubatur;
751 2927 1021 2984 scelerum
1041 2926 1251 2983 scilicet
1280 2926 1618 2983 conscientia
1648 2924 1885 2999 inm
1912 2939 2033 2981 eam

450 3023 763 3091 opinionem
798 3020 1085 3076 adductus.
1125 3018 1230 3075 Sed
1262 3033 1364 3075 nos
1389 3033 1490 3089 pro
1511 3017 1878 3074 Constantino
1901 3006 2034 3075 cun-
2064 3035 2071 3043 ο

452 3126 540 3171 cta
575 3131 761 3187 agere,
802 3128 868 3170 ac
894 3115 1079 3170 divino
1102 3110 1320 3168 Numini
1348 3112 1657 3183 supplicare
1683 3113 1788 3168 sibi
1806 3127 2033 3183 persua-

453 3221 621 3268 serat.
653 3211 724 3263 At
753 3207 1015 3277 prmsides
1061 3217 1248 3279 utpote
1303 3215 1677 3264 assentatores
1705 3217 1869 3277 atque
1896 3206 2031 3260 adu—

2674 2119 3071 2174 ΚΕΦΑΛΑΙΟΝ
3100 2120 3173 2172 B'.

2138 2211 2518 2279 Καθαιρέσεις
2549 2209 2913 2335 ἐκκλησιῶνὶ
2963 2211 3061 2264 καί
3096 2211 3447 2264 ἐπισκόπων
3482 2223 3719 2279 κρεουρ-

2847 2299 2887 2335 Ir
2910 2298 2991 2335 αι.

2847 2298 2991 2352 rma.

2214 2372 2381 2427 Ἔνθα
2410 2373 2520 2428 τῶν
2551 2373 2856 2444 ἐκκλησιῶν
2901 2376 2960 2429 at
3008 2374 3107 2445 μὲν
3135 2372 3196 2437 ἐξ
3229 2370 3397 2443 Ιυἷιψους
3422 2374 3502 2438 είς
3527 2371 3719 2442 ἔδαφος

2136 2464 2299 2518 τοῦτο
2321 2463 2574 2537 δεύτερον
2605 2463 2746 2537 μετά
2762 2464 2861 2529 τάς
2883 2463 3108 2538 πρώτας
3131 2463 3471 2537 καθῃροῦντο
3506 2462 3721 2535 πολιορ-

2138 2558 2283 2622 κίας,
2310 2556 2409 2620 τὰς
2435 2556 2480 2610 δ’
2509 2555 2798 2610 ἀπέκλειον
2823 2557 2875 2610 οἱ
2913 2555 3056 2610 κατά
3102 2554 3303 2619 τόπους
3327 2555 3615 2627 ἡγεμόνες,
3645 2555 3719 2618 ὡς

2139 2650 2208 2704 ἂν
2233 2650 2308 2723 μὴ
2335 2648 2622 2717 συνάγοιτό
2642 2665 2727 2713 τις
2750 2648 2860 2704 τῶν
2887 2648 3178 2712 εἰωθότων,
3203 2647 3338 2719 μηδὲ
3364 2649 3444 2719 τῷ
3475 2647 3595 2719 Θεῷ
3620 2647 3718 2712 τὰς

2136 2742 2435 2814 ὲνθέσμους
2466 2740 2688 2813 ἀποδῴη
2737 2740 2995 2814 λατρείας
3026 2740 3162 2813 (25).
3192 2740 3570 2796 Συντελεῖσθαι
3612 2740 3745 2811 γὰρς

2136 2834 2235 2907 οὐχ
2255 2836 2440 2906 ἠγεῖτο
2459 2834 2599 2909 ὑπὲρ
2630 2832 2795 2887 αὑτοῦ
2827 2832 3033 2898 ταύτας
3062 2836 3091 2887 ὁ
3119 2833 3190 2888 τὰ
3226 2833 3405 2887 τοιάδε
3445 2834 3719 2907 προστάτ-

2134 2943 2265 2993 των,
2314 2925 2574 2979 συνειδότι
2602 2925 2791 2996 φαύλῳ
2838 2925 2996 2979 τοῦτο
3040 2923 3421 2996 λογιζόμενος·
3474 2924 3613 2999 ὑπὲρ
3665 2925 3722 2979 δὲ

2136 3018 2551 3073 Κωνσταντίνου
2592 3017 2853 3090 πράττειν
2886 3017 3065 3071 πάντα
3096 3018 3245 3089 ἡμᾶς
3262 3059 3277 3084 ,
3314 3016 3410 3071 καὶ
3450 3015 3543 3071 τὸν
3589 3017 3725 3071 Θεὸν

2139 3106 2411 3162 ῑλεοῦσθαι
2453 3106 2737 3162 πέπειστο.
2788 3108 2850 3162 Οί
2897 3106 2941 3160 δ’
2977 3107 3145 3161 αὐτοῦ
3183 3107 3365 3173 θῶπες
3425 3107 3577 3173 ὄντες
3627 3110 3749 3162 καὶ·

2138 3199 2389 3265 κόλακες,
2430 3200 2500 3254 τά
2537 3200 2666 3270 φίλα
2696 3202 2958 3273 πράττειν
2986 3199 3067 3273 τῷ
3091 3199 3316 3271 δυσαγεῖ
3346 3200 3718 3273 πεπεισμένοι,

452 3303 676 3369 latores,
707 3317 833 3357 cum
882 3316 999 3357 rem
1028 3294 1258 3371 gratam
1290 3299 1606 3369 imperatori
1639 3297 1823 3356 facere
1848 3314 1907 3355 se
1936 3313 2035 3369 pro

2138 3292 2264 3356 τοὺς
2296 3266 2700 3363 δοκιμωτάτους
2718 3266 2828 3348 τῶν
2853 3266 3158 3364 ἐκκλησιῶν
3184 3266 3478 3364 προέδρους
3508 3266 3749 3364 κεφαλι-¹

454 3402 611 3447 certo
637 3393 927 3458 haberent,
954 3391 1191 3462 optimos
1224 3405 1471 3462 quosque
1503 3388 1861 3444 ecclesiarum
1890 3387 2034 3442 anti-

454 3484 616 3538 stites
642 3481 862 3552 capitali
916 3481 1182 3552 supplicio
1209 3482 1556 3537 addixerunt.
1589 3477 1778 3549 Itaque
1809 3479 1912 3533 viri
1944 3478 2035 3550 qui

458 3574 592 3630 nihil
626 3573 751 3628 mali
782 3574 1197 3641 commiserant,
1228 3571 1436 3643 absque
1466 3571 1577 3627 ulla
1608 3585 1769 3626 causa
1800 3568 2039 3624 abduce-

454 3668 678 3734 bauttttr,
703 3674 758 3719 et
780 3663 1149 3733 puniebantur
1189 3663 1417 3733 perinde
1439 3677 1505 3719 ac
1534 3662 1742 3717 sicarii.
1774 3659 2038 3718 Nonnulli

458 3771 657 3812 novum
688 3756 961 3827 quoddam
989 3757 1182 3811 mortis
1216 3771 1386 3825 genus
1407 3754 1771 3826 pertulerunt,
1801 3768 2039 3823 corpore

456 3848 515 3900 in
545 3846 748 3901 multas
780 3855 964 3915 partes
998 3844 1275 3904 frustatim
1339 3846 1588 3906 conciso.
1636 3854 1693 3899 et
1726 3855 1845 3915 post
1881 3854 2039 3900 atrox

457 3937 590 3992 illud
619 3936 880 4007 omnique
935 3937 1142 4006 tragico
1190 3936 1448 4007 ﬁgmento
1481 3935 1801 3991 horribilius
1829 3946 2043 4007 specta-

458 4034 665 4099 culum,
700 4042 759 4087 ut
781 4032 1021 4101 piscibus
1044 4032 1225 4086 cibum
1270 4033 1600 4099 praeberent,
1630 4032 1680 4086 in
1714 4030 2040 4087 altissimum

462 4140 615 4181 mare
647 4125 897 4196 projecti.
940 4122 1191 4179 Postltmc
1214 4124 1309 4179 Dei
1338 4123 1593 4189 cultores
1653 4123 1832 4194 fugam
1863 4127 2042 4180 denuo

461 4220 603 4274 inire
631 4227 945 4287 ceperunt.
983 4215 1185 4271 lterum
1210 4217 1352 4286 agri,
1380 4216 1579 4271 iterum
1615 4215 1939 4274 solitudines
1964 4216 2046 4271 fa-

462 4311 639 4367 mulos
667 4309 764 4366 Dei
795 4323 1111 4379 suscepere.
1137 4308 1267 4374 Qtue
1290 4310 1417 4364 dum
1451 4309 1517 4363 ad
1545 4308 1689 4362 lntnc
1715 4310 1935 4364 modum
1958 4319 2044 4381 ty-

464 4423 640 4463 ranno
666 4408 1048 4468 succederent,
1079 4403 1337 4471 deinceps
1368 4401 1809 4464 persecutionem
1850 4403 2047 4457 adver-

460 4512 552 4552 sus
577 4512 769 4551 omnes
785 4494 1138 4550 Christianos
1163 4493 1411 4547 excitare
1446 4493 1499 4546 in
1531 4492 1772 4546 animum
1804 4493 2042 4549 induxit.

2139 3386 2263 3449 καῖς
2295 3384 2596 3439 ὑπέϐαλλον
2636 3385 2950 3458 τιμωρίαις,
2983 3386 3264 3457 ἀπήγοντο
3293 3384 3353 3439 δὲ
3393 3386 3490 3441 καὶ
3534 3384 3724 3439 ἐκολά-

2139 3479 2296 3545 ζοντο
2318 3480 2745 3552 ἀπροφασίστως
2770 3482 2883 3545 τοῖς
2914 3478 3218 3552 μιαιφόνοις
3244 3479 3468 3550 ὁμοίως,
3507 3479 3558 3533 οἱ
3582 3478 3725 3534 κατά

2143 3571 2309 3643 μηδὲν
2336 3572 2677 3644 ἠδικηκότες.
2718 3573 2859 3643 Ἤδη
2889 3573 2947 3627 δέ
2987 3572 3134 3641 τινες
3164 3576 3482 3648 καινοτέραν
3515 3575 3723 3646 ὑπέμε-

2139 3680 2233 3718 νον
2253 3663 2350 3719 τοῦ
2378 3664 2496 3736 βίου
2528 3663 2809 3738 τελευτὴν,
2833 3666 2976 3738 ξίφει
2996 3667 3057 3722 τὸ
3085 3664 3247 3740 σῶμα
3270 3670 3349 3733 εἰς
3376 3658 3548 3721 πολλᾶ
3566 3683 3728 3721 κατα-

2140 3758 2603 3830 κρεουργούμενοι
2634 3760 2922 3831 τμήματα,
2958 3760 3055 3814 καὶ
3096 3759 3234 3833 μετὰ
3256 3760 3357 3833 τὴν
3381 3759 3564 3832 ἀπηνῆ
3598 3758 3727 3814 ταύ-

2140 3864 2241 3919 την
2266 3848 2362 3902 tcal.
2384 3848 2564 3920 πάσης
2594 3849 2864 3920 τραγικῆς
2887 3849 3059 3921 ἀκοῆς
3083 3849 3450 3921 φρικτοτάτην
3481 3848 3723 3915 κόλασιν,

2144 3937 2451 4002 θαλαττίοις
2504 3938 2704 4009 βυθοῖς,
2742 3939 2953 4011 ἰχθύσιν
2967 3940 3080 4012 {sic
3129 3939 3295 4013 βοράν
3323 3939 3725 4012 ῐριπτούμενοι.

2142 4031 2320 4099 Φυγαῖ
2361 4030 2426 4102 δὴ
2464 4026 2620 4096 αὖθις
2652 4032 2746 4086 ἐπὶ
2794 4031 3036 4098 τούτοις,
3079 4032 3270 4105 ὥσπερ
3312 4032 3377 4106 δὴ
3410 4033 3506 4087 καὶ
3549 4032 3729 4105 μικρῷ

2143 4121 2432 4193 πρότερον,
2467 4122 2577 4176 τῶν
2607 4122 2876 4178 θεοσεϐῶν
2908 4124 3151 4193 ἐγίνοντο
3179 4124 3387 4198 ἀνδρῶν
3409 4143 3421 4155 ·
3449 4125 3545 4180 καὶ
3567 4125 3730 4179 πάλιν

2143 4216 2326 4287 ἀγροὶ,
2358 4216 2454 4270 καὶ
2483 4215 2645 4270 πάλιν
2673 4217 2902 4289 ἐρημίαι
2932 4220 3059 4283 τοὺς
3094 4218 3190 4273 τοῦ
3220 4216 3357 4273 Θεοῦ
3387 4217 3731 4290 θεραπευτὰς

2147 4306 2491 4383 ὑπεδέχοντο.
2531 4308 2686 4361 Ἐπεὶ
2726 4308 2785 4362 δὲ
2826 4310 2923 4363 καὶ
2967 4309 3143 4363 ταῦτα
3189 4308 3380 4364 τοῦτον
3421 4308 3732 4382 προύχώρει

2144 4398 2238 4452 τὸν
2269 4400 2470 4471 τρόπον
2500 4398 2577 4470 τῷ
2605 4401 2875 4473 τυράννῳ,
2895 4401 3081 4455 λοιπὸν
3095 4401 3185 4457 τὸν
3218 4402 3435 4459 πάντων
3455 4403 3732 4457 ἀνακινεῖν

2122 4489 2393 4562 ιδιωγμὺν
2408 4492 2502 4545 ἐπὶ
2514 4491 2753 4547 διάνοιαν
2770 4493 3046 4547 ἐϐάλλετο·
3070 4493 3293 4566 ἐκράτει
3307 4511 3369 4549 τε
3386 4493 3612 4565 γνώμης
3636 4492 3730 4548 καὶ

457 4590 537 4644 Ae
571 4588 761 4660 procul
792 4588 959 4643 dubio
984 4586 1092 4642 voti
1117 4585 1200 4641 sui
1229 4599 1453 4653 compos
1495 4585 1819 4651 exstitisset,
1870 4599 1967 4641 nec
1989 4586 2038 4641 ei

2148 4584 2300 4640 οὐδὲν
2333 4585 2583 4654 ἐμποδὼν
2602 4581 2671 4657 ἦν
2686 4585 2832 4657 αὐτῷ
2847 4587 2922 4659 μὴ
2953 4587 3075 4657 οὐχὶ
3091 4586 3159 4640 δι’
3184 4585 3361 4658 ἔργων
3377 4587 3478 4659 ηδη
3510 4587 3728 4658 χωρεῖν,

455 4679 754 4749 quidquam
780 4678 1087 4734 obstitisset
1114 4676 1421 4747 quominus
1441 4689 1556 4730 rem
1598 4675 1664 4729 ad
1690 4676 1892 4729 exitum
1927 4693 2046 4745 per-

460 4775 703 4835 duceret,
734 4769 837 4824 nisi
863 4769 1192 4826 famulorum
1225 4784 1448 4825 suorum
1473 4780 1851 4840 propugnator
1883 4771 2041 4837 Deus,

534 5020 666 5093 (2‘2)
709 5021 878 5093 Ταῦτ’
928 5019 1060 5079 οὖν.
1112 5022 1471 5079 Scribendum
1520 5034 1605 5080 est
1650 5024 1720 5078 τὰ
1768 5024 1925 5093 γοῦν,
1980 5041 2048 5081 ex

459 5090 601 5166 libro
632 5090 665 5144 ς
717 5090 974 5166 ῌίειοινὶω
1020 5094 1413 5166 ςςείεδὶαδιὶριυ,
1464 5095 1555 5149 ubi
1601 5094 1719 5166 llaec
1749 5090 1930 5166 omnia
1978 5096 2045 5149 ad

459 5163 688 5218 verbum
717 5163 987 5232 leguntur.
1022 5163 1217 5218 Mirum
1250 5163 1417 5232 porro
1452 5175 1563 5226 est,
1607 5164 1901 5219 Eusebium
1949 5180 2047 5219 ne-

459 5248 570 5302 que
616 5233 671 5286 in
710 5231 953 5286 Historia
982 5231 1386 5302 Ecclesiasjica,
1439 5249 1616 5303 neque
1664 5235 1718 5287 in
1767 5235 1852 5290 his
1895 5235 2048 5289 libris

458 5303 628 5358 ullam
676 5303 861 5356 facere
897 5303 1229 5359 mentionem
1265 5304 1460 5359 Basilei
1489 5305 1884 5359 Amasenorum
1932 5305 2046 5373 epi-

459 5373 608 5442 scopi
636 5390 649 5427 :
678 5387 842 5442 quem
876 5380 1055 5428 tamen
1080 5373 1232 5441 jussu
1260 5373 1452 5429 Licinii
1483 5391 1679 5429 caesum
1708 5390 1831 5430 esse
1855 5389 2046 5431 omnes

457 5444 635 5503 (ἕτωοί
686 5444 987 5513 scriptores
1013 5445 1386 5513 consentiunt.
1416 5444 1615 5498 Verum
1648 5442 2046 5513 Pliilostorgius

456 5518 511 5568 in
563 5514 705 5568 libro
744 5529 764 5567 1
803 5511 1077 5568 Historia
1106 5511 1493 5569 Ecclesiaslicw
1549 5517 1753 5570 diserte
1818 5511 2045 5578 scribit,

456 5585 731 5640 Basileum
770 5585 1016 5638 Amaseze
1044 5585 1096 5654 in
1127 5583 1298 5638 Ponto
1324 5586 1633 5654 episcopum
1668 5583 1888 5638 Nicaauo
1916 5600 2048 5639 con-

460 5655 588 5708 cilio
661 5654 999 5708 interfuisse.
1062 5653 1235 5709 Porro
1280 5653 1572 5708 concilium
1636 5655 2049 5716 Nicmtuuu,.ut

461 5730 612 5777 inter
655 5738 847 5778 omnes
886 5735 1136 5787 constat,
1164 5736 1551 5793 congregatum
1599 5735 1687 5780 est
1733 5740 1878 5779 anno
1928 5737 2049 5792 post

460 5794 970 5864 exauctorationem
997 5795 1214 5849 Licinii.
1262 5796 1402 5861 Quid
1438 5796 1577 5864 quod
1621 5795 1951 5849 Athanasius
1995 5796 2045 5850 in

461 5863 766 5918 ot'atlnnel
815 5864 1009 5919 Contra
1055 5867 1318 5931 Arimini,
1370 5863 1462 5920 ιιι,ιὶ
1523 5864 1850 5921 mentionem
1917 5865 2047 5921 facit

2154 4680 2203 4731 εί
2236 4678 2312 4750 μὴ
2341 4677 2554 4747 φθάσας
2586 4678 2648 4731 τὸ
2685 4678 2879 4749 μέλλον
2922 4680 2951 4732 ὁ
2985 4678 3096 4732 τῶν
3127 4679 3340 4733 οἰκείων
3375 4680 3690 4751 ὐπέρμαχος
3713 4719 3730 4744 ,

2150 4771 2226 4834 ὼς
2257 4772 2315 4824 ὲν
2345 4770 2519 4841 σκότῳ
2554 4770 2648 4824 καὶ
2676 4769 2831 4823 νυκτὶ
2857 4768 3239 4846 ζοφῶδεστάτῃ
3261 4771 3524 4844 φωστῆρα
3559 4770 3733 4843 μέγαν

2154 5025 2447 5098 illustrium
2480 5025 2858 5098 episcoporum
2886 5025 2979 5095 qui
3011 5023 3244 5098 Nicaeum
3271 5024 3482 5096 synodo
3509 5034 3601 5081 aut
3630 5027 3733 5098 ipsi

2150 5094 2553 5168 interfuerunt,
2598 5106 2695 5168 aut
2733 5094 2851 5162 ejus
2898 5094 3227 5151 sententiam
3271 5094 3731 5168 comprobarunt,

2153 5164 2422 5221 Basileum
2465 5165 2624 5220 Ponti
2657 5168 2973 5236 episcopum
3001 5182 3108 5221 una
3142 5181 3265 5221 cum
3299 5163 3423 5236 aliis
3441 5163 3736 5230 nominat,

2151 5248 2254 5308 nec
2293 5246 2588 5308 martyrem
2627 5234 2751 5291 eum
2796 5234 3052 5305 appellat,
3088 5236 3339 5308 quamvis
3364 5234 3567 5308 Osium_
3599 5252 3734 5308 con-

2154 5306 2413 5361 fessorem
2438 5303 2667 5361 'ibidem
2718 5303 3220 5376 cognomitiet.Sed
3262 5316 3319 5359 et
3348 5307 3480 5359 Acta
3532 5303 3731 5361 Basilei

2150 5391 2274 5445 qua:
2313 5377 2453 5446 apud
2500 5376 2923 5446 Metaplirastem
2962 5385 3212 5442 exstant,
3258 5376 3441 5445 inepta
3482 5377 3613 5430 mihi
3648 5380 3730 5431 vi--

2153 5456 2351 5501 nentur
2379 5462 2449 5502 ae
2473 5447 2740 5503 fabulosa.
2767 5447 2847 5501 Ac
2886 5447 3147 5517 pleraque
3175 5447 3395 5516 quidem
3426 5460 3547 5517 qua:
3574 5446 3733 5502 initio

2155 5532 2365 5587 eorum
2400 5517 2650 5587 leguntur
2676 5533 2742 5572 ex
2797 5517 3028 5572 Eusebio
3056 5516 3135 5571 ad
3183 5518 3408 5570 verbum
3456 5516 3732 5587 descripta

2155 5597 2302 5639 sunt.
2333 5586 2554 5641 Fabella
2597 5598 2779 5641 autent
2818 5587 2905 5640 illa
2939 5588 3005 5642 de
3030 5587 3304 5656 Glapltyru
3334 5587 3568 5656 virgine,
3598 5603 3732 5642 cou-

2156 5658 2278 5708 licta
2311 5658 2440 5711 mihi
2473 5658 2683 5710 videtur
2715 5660 2783 5711 ab
2806 5657 3113 5712 hominibus
3136 5657 3343 5711 oti0sis.

2226 5727 2339 5795 (23)
2393 5726 2648 5795 Ἀποδῲη
2681 5729 2977 5795 λατρείας.
3020 5727 3075 5780 In
3124 5728 3283 5781 codd.
3330 5725 3627 5781 Fttketiano
3675 5735 3730 5781 ct

2155 5797 2279 5850 Suv.
2320 5798 2581 5862 scriptum
2619 5810 2703 5851 est
2729 5797 3006 5863 ἀποδιδοίη
3046 5818 3057 5849 :
3096 5800 3149 5852 in
3193 5799 3327 5852 libro
3358 5811 3538 5853 autem
3565 5814 3593 5852 x
3625 5796 3729 5851 lli-

2153 5870 2329 5921 storiw
2374 5867 2759 5922 firrlcsiuslica'
2793 5868 3081 5937 ἀποδιδῷ(
