4210 6460
478 383 586 438 985

1192 373 1467 433 EUSEBII
1502 371 1989 429 CASSARIENSIS
2022 368 2177 427 OPP.
2215 365 2397 424 PARS
2436 367 2477 422 l.
2516 395 2587 407 -
2624 363 3020 422 HISTORICA.

3633 362 3743 418 εει

476 511 629 557 esset
656 498 967 557 habiturus.
1005 501 1079 557 At
1107 498 1189 555 illi
1212 501 1335 557 sine
1356 490 1748 555 controversia
1794 498 2064 553 victorem

2168 495 2489 567 χωρήσειεν.
2541 493 2607 546 Oi
2656 491 2702 545 δ’
2746 492 3019 563 ἀδηρίτως
3079 487 3193 557 (28)
3252 484 3463 558 ἐχθρῶν
3516 487 3745 556 νικητὴν

480 594 723 650 hostium
775 601 829 649 et
852 594 1188 665 superiorem
1220 593 1276 649 in
1300 592 1446 648 bello
1472 591 1595 648 fore
1624 591 2058 661 responderunt;

482 685 695 742 cunctis
726 686 927 754 ubique
981 684 1220 740 oraculis
1252 698 1365 740 uno
1397 697 1668 739 consensu
1703 684 1821 738 haec
1861 681 1936 736 illi
1965 695 2064 749 per

481 776 687 844 prolixa
722 786 778 830 et
807 776 1078 847 elegantia
1109 776 1355 830 carmina
1383 773 1845 844 promittentibus.
1871 772 1979 828 Sed
2008 781 2064 827 et

482 867 815 920 emtmiorum
863 868 1192 936 interpretes
1230 878 1329 935 per
1383 865 1595 920 somnia
1625 906 1639 929 ,
1696 874 1751 918 et
1781 863 2063 932 aruspices

484 967 579 1017 per
608 951 880 1008 viseerum
911 964 1114 1009 motum
1162 953 1361 1009 similia
1416 953 1667 1024 portendi
1699 952 2059 1008 aﬂirmabaut.

485 1042 687 1098 llorum
724 1046 908 1115 itaque
944 1046 1232 1101 fallacibus
1264 1044 1756 1116 pollicitationibus
1797 1046 2015 1100 inﬂatus
2045 1083 2064 1111 ,

482 1151 604 1187 cum
645 1136 850 1207 ingenti
878 1138 1074 1193 ﬁducia
1106 1153 1434 1208 progressus
1456 1147 1540 1194 est
1568 1139 1639 1194 ad
1666 1147 1870 1205 castra,
1899 1153 2064 1208 seque

483 1228 547 1279 ad
580 1242 819 1299 pugnam
850 1228 1150 1284 ineundam
1177 1231 1459 1285 instruxit.

1105 1412 1334 1470 CAPUT
1369 1415 1437 1471 γ.

525 1500 667 1564 Quid
689 1501 756 1555 de
776 1502 1079 1574 simulacris
1114 1516 1164 1558 et
1192 1506 1256 1558 de
1283 1504 1497 1559 Christo
1527 1506 1764 1562 Licinius
1790 1507 1985 1561 dixerit
2011 1548 2027 1574 ,

905 1573 1030 1626 dum
1069 1576 1124 1628 in
1153 1577 1274 1629 luco
1302 1577 1648 1646 sacriﬁcaret.

558 1662 695 1716 Cum
746 1677 879 1717 vero
934 1664 1135 1719 bellum
1171 1665 1284 1735 jam
1318 1684 1549 1723 orsurus
1580 1677 1745 1734 esset,
1780 1684 1848 1725 ex
1880 1683 2067 1738 prme-

487 1754 734 1808 ctoribus
765 1764 818 1809 et
850 1755 1292 1813 bonoratioribus
1320 1758 1515 1815 amicis
1541 1754 1873 1816 lectissimos
1896 1775 2065 1830 quos-

2166 585 2384 639 ἔσεσθαι
2400 585 2494 639 καὶ
2509 583 2605 638 τοῦ
2622 583 2859 655 πολέμου
2877 582 3099 654 κρατεῖν
3118 578 3229 650 (29)
3248 595 3310 631 συ
3320 575 3555 649 μφὼνως
3567 575 3744 642 εἷπον,

2172 679 2409 750 μακραῖς
2431 676 2580 731 ἐπῶν
2600 673 2975 736 καλλιεπείαις
3004 671 3115 725 τῶν
3144 666 3457 739 ἁπανταχοῦ
3501 684 3748 739 χρηστη-

2171 769 2301 842 ρίων
2353 767 2512 822 τοῦτο
2561 765 3005 839 προϊσχομένων
3049 760 3384 833 ὀνειροπόλοι
3418 759 3477 813 δὲ
3518 759 3626 831 (50)
3660 757 3750 813 διὰ

2163 864 2263 934 τῆς
2285 861 2394 915 τῶν
2414 860 2642 933 ὀρνίθων
2671 862 2923 931 πτήσεως
2948 854 3306 929 σημαίνεσθαι
3328 853 3478 925 αὐτῷ
3505 855 3572 907 τὶ
3595 851 3751 908 αἴσια

2168 953 2490 1026 προῦλεγον,
2524 953 2619 1007 καὶ
2647 952 2804 1006 θύται
2840 951 2909 1005 τὰ
2946 952 3111 1021 ὃμοια
3139 951 3241 1022 τὴν
3269 948 3377 1002 τῶν
3412 946 3745 1016 σπλάγχνων

2169 1046 2505 1101 αἰνίττεσθαι
2559 1045 2775 1117 κίνησιν
2817 1044 3058 1116 ἐδήλουν.
3105 1040 3397 1110 Ἐπαρθεὶς
3446 1038 3583 1106 δῆτα
3626 1039 3751 1101 ταῖς

2164 1137 2370 1191 τούτων
2416 1135 2723 1207 ἀπατηλαῖς
2769 1135 3145 1203 ἐπαγγελίαις,
3198 1134 3297 1185 σὺν
3337 1128 3516 1201 πολλῷ
3559 1129 3750 1201 θράσει

2167 1228 2365 1303 προῄει
2389 1234 2510 1294 ταῖς
2544 1228 2920 1302 παρεμϐολαῖς
2955 1228 3091 1301 (51),
3124 1222 3236 1290 οἷός
3256 1242 3315 1279 τε
3347 1220 3437 1296 ἦν,
3469 1222 3751 1296 παρατάτ-

2165 1339 2295 1377 των.

2695 1414 3088 1469 ΚΕΦΑΛΑῘΟΝ
3127 1415 3203 1467 Ε’.

2171 1506 2320 1559 Ὅσα
2346 1507 2615 1572 Λικίνιος
2644 1505 2714 1558 ἐν
2742 1504 2824 1571 τῷ
2856 1504 3033 1559 ἄλσει
3063 1506 3251 1564 θύων.
3294 1498 3427 1557 εἷπε
3463 1501 3599 1571 περὶ
3632 1499 3754 1555 τῶν

2556 1575 2811 1631 εἰδώλων
2835 1575 2933 1629 καὶ
2962 1576 3068 1629 τοῦ
3088 1574 3366 1644 Χριστοῦ.

2237 1665 2462 1720 Μέλλων
2500 1666 2559 1720 δέ
2602 1682 2665 1735 γε
2695 1664 2790 1718 τοῦ
2837 1663 3077 1735 πολέμου
3113 1663 3430 1735 κατάρχειν,
3465 1662 3574 1715 τῶν
3611 1660 3751 1733 ἀμφ’

2167 1759 2330 1812 αὐτὸν
2358 1756 2737 1821 ὑπασπιστῶν,
2774 1757 2883 1809 τῶν
2913 1773 2974 1809 τε
3006 1754 3385 1827 τετιμημένων
3423 1753 3593 1823 φίλων
3624 1753 3753 1818 τοὺς

487 1860 595 1915 que
630 1845 682 1899 in
713 1848 1004 1915 quemdam
1024 1846 1205 1903 locum
1235 1851 1330 1919 qui
1378 1850 1448 1906 ab
1479 1851 1614 1921 ipsis
1642 1867 1798 1907 sacer
1826 1853 2068 1908 habeba—

2168 1849 2475 1921 ἐγκρίτους,
2521 1848 2603 1913 εἴς
2639 1866 2764 1903 τινα
2793 1848 2902 1901 τῶν
2939 1849 3123 1912 αὐτοῖς
3154 1844 3555 1918 νενομισμένων
3587 1843 3753 1916 ἱερῶν

490 1947 599 1998 tur,
622 1938 819 2007 coegit.
853 1938 1037 1994 Lucus
1061 1940 1150 1994 hic
1175 1951 1295 1996 erat
1327 1941 1568 2013 irriguus
1585 1952 1640 1998 et
1657 1958 1882 2013 opacus,
1903 1943 2072 2017 M6

489 2027 543 2081 in
571 2043 677 2097 quo
709 2030 959 2097 plurimae
989 2040 1187 2086 statua:
1215 2045 1403 2087 eorum
1435 2048 1574 2102 quos
1604 2034 1693 2088 ille
1743 2035 1874 2090 deos
1913 2046 2072 2104 puta-

487 2119 608 2184 bat,
648 2122 873 2193 sculpta:
904 2138 971 2178 ex
1016 2124 1195 2196 lapide
1227 2129 1565 2184 visebantur.
1596 2126 1694 2183 llis
1719 2142 1842 2182 cum
1880 2142 2071 2183 cereos

485 2214 832 2271 accendisset
856 2224 913 2271 et
942 2217 1174 2273 solemni
1204 2220 1309 2275 ritu
1345 2221 1738 2285 sacrilicasset,
1760 2221 2071 2288 hujusmodi

484 2307 655 2362 verba
688 2307 944 2366 habuisse
973 2309 1221 2368 dicitur:
1258 2328 1277 2364 ι
1315 2314 1431 2368 Viri
1469 2316 1629 2370 amici
1657 2323 1712 2370 et
1743 2314 2072 2370 commilito-

487 2412 607 2459 nes,
660 2397 717 2452 hi
769 2400 990 2469 quidem
1042 2414 1182 2472 quos
1217 2402 1448 2461 colimus
1473 2413 1530 2458 et
1558 2418 1697 2474 quos
1760 2405 1829 2461 ab
1867 2403 2073 2459 ultimis

489 2503 664 2558 usque
687 2491 988 2557 majoribus
1022 2493 1285 2549 colendos
1333 2496 1664 2564 accepimus,
1694 2496 1768 2550 dii
1811 2505 1940 2550 sunt
1975 2510 2073 2565 pa-

491 2580 612 2644 trii;
643 2579 747 2635 iste
775 2595 905 2637 vero
938 2583 1028 2650 qui
1065 2585 1419 2641 adversarum
1446 2587 1600 2641 nobis
1631 2588 1865 2656 partium
1889 2588 2072 2657 cupias

492 2672 665 2741 ducit,
699 2675 945 2731 moribus
989 2677 1356 2749 institutisque
1402 2678 1666 2747 majorum
1697 2679 1910 2734 violatis
1934 2720 1950 2743 ,
2005 2681 2072 2735 ad

492 2764 716 2833 impiam
745 2765 926 2821 nullos
954 2767 1297 2823 credentium
1331 2770 1465 2824 deos
1522 2770 1833 2839 opinionem
1893 2771 2072 2827 desci-

489 2858 607 2923 vit;
648 2859 996 2930 peregrinum
1044 2863 1332 2930 quemdam
1379 2866 1564 2920 nescio
1590 2864 1733 2918 unde
1782 2866 2071 2933 quaesitum

493 2960 706 3005 temere
751 2951 1089 3021 amplectens
1121 2953 1310 3009 Deum.
1359 2951 1501 3018 Quin
1549 2958 1714 3013 etiam
1758 2958 2074 3026 turpissimo

2174 1941 2475 1996 συνεκάλει.
2517 1941 2712 2005 Ἀλσος
2739 1941 2783 1993 δ’
2811 1936 2879 2012 ἦν
2922 1941 3214 2013 ἐπίρρυτον
3255 1939 3350 1993 καὶ
3393 1936 3746 2009 ἀμφιλαφές·

2173 2036 2403 2087 παντοῖα
2438 2032 2482 2085 δ’
2513 2034 2571 2086 ἐν
2609 2032 2784 2103 τούτῳ
2829 2032 3063 2100 γλυφαῖς
3107 2030 3270 2084 λίθων
3328 2029 3624 2101 ἀγάλματα
3676 2022 3755 2083 ὧν

2172 2129 2354 2198 ἠγεῖτο
2378 2126 2536 2190 θεῶν,
2574 2125 2771 2195 ἵδρυτο.
2808 2120 2903 2188 Οἷς
2929 2125 3135 2196 κηροὺς
3162 2122 3367 2192 ἐξάψας
3401 2122 3513 2193 (52)
3557 2123 3653 2176 καὶ
3684 2121 3757 2177 τὰ

2174 2217 2376 2290 συνήθη
2400 2216 2723 2287 θυσάμενος,
2749 2216 2949 2270 τοιόνδε
2982 2216 3138 2283 λόγον
3177 2213 3469 2268 ἀποδοῦναι
3500 2214 3751 2283 λέγεται·

2179 2330 2198 2359 ι
2227 2310 2453 2381 Ἀνδρες
2484 2310 2627 2379 φίλοι
2655 2309 2750 2362 καὶ
2784 2309 3062 2380 σύμμαχοι
3091 2308 3228 2377 (55),
3262 2308 3481 2378 πάτριοι
3517 2305 3617 2376 μὲν
3644 2306 3756 2359 οἶδε

2172 2402 2285 2457 θεοὶ
2304 2442 2320 2465 ,
2363 2400 2459 2465 οὓς
2492 2402 2558 2455 ἐκ
2592 2401 2873 2473 προγόνων
2916 2399 3026 2453 τῶν
3053 2398 3323 2453 ἀνέκαθεν
3356 2397 3760 2469 παρειληφότες

2174 2494 2377 2557 σέϐειν,
2417 2493 2700 2565 τιμῶμεν*
2736 2495 2765 2547 ὁ
2800 2493 2858 2547 δὲ
2897 2493 2998 2564 τῆς
3038 2491 3289 2557 ἐναντίας
3338 2495 3470 2564 ήμῖν
3510 2491 3756 2564 ἐξάρχων

2174 2584 2552 2657 παρατάξεως,
2585 2584 2655 2638 τὰ
2689 2586 2892 2656 πάτρια
2930 2584 3425 2657 παρασπονδήσας,
3457 2583 3557 2656 τὴν
3597 2584 3759 2640 ἄθεον

2174 2678 2346 2731 εἵλετο
2372 2677 2552 2743 δόξαν,
2581 2678 2682 2731 οὐκ
2716 2672 2814 2731 οἷδ’
2850 2677 3046 2731 ὁπόθεν
3074 2676 3223 2744 ξένον
3247 2675 3370 2729 τινὰ
3402 2675 3757 2748 πεπλανημέ-

2173 2787 2280 2834 νως
2316 2771 2596 2842 περιέπων
2639 2769 2791 2834 Θεὸν,
2838 2767 3048 2839 αίσχρῷ
3087 2785 3148 2822 τε
3193 2769 3383 2823 τούτου
3424 2771 3637 2842 σημείῳ
3666 2770 3760 2825 τὸν

2174 2863 2372 2915 οἰκεῖον
2388 2860 2738 2932 καταισχύνει
2765 2860 2992 2932 στρατόν
3010 2859 3121 2929 (54)
3137 2877 3151 2891 ·
3178 2853 3223 2927 ᾧ
3247 2860 3543 2928 πεποιθὼς,
3576 2864 3756 2935 ὁρμᾶ-

2174 2969 2263 3005 ται
2288 2952 2348 3006 οὐ
2380 2951 2516 3024 πρὸς
2535 2953 2569 3022 ή
2579 2952 2706 3021 μᾶς,
2731 2950 2864 3004 πολὺ
2899 2949 2957 3002 δὲ
2992 2949 3257 3021 πρότερον
3284 2949 3421 3019 πρὸς
3444 2951 3643 3014 αὐτοὺς
3662 2948 3760 3014 οὓς

490 3041 612 3107 ejus
632 3040 789 3110 signo
827 3046 1128 3101 exercitum
1152 3063 1309 3103 suum
1361 3048 1688 3104 dehonestat
1707 3091 1723 3115 ,
1744 3066 1919 3122 eoque
1947 3068 2072 3107 eon-

2177 3044 2395 3116 παρέὸη
2432 3042 2609 3106 θεοὺς,
2640 3043 2916 3114 ἀράμενος
2954 3042 3023 3095 τὰ
3055 3040 3217 3097 ὅπλα.
3258 3042 3317 3095 '0
3348 3042 3414 3114 δὴ
3447 3036 3542 3096 οὖν
3565 3040 3760 3113 παρὼν

492 3131 647 3200 ﬁsse,
678 3148 785 3189 non
827 3144 935 3190 tam
978 3138 1240 3194 adversus
1278 3154 1377 3194 nos
1422 3155 1584 3209 quam
1622 3142 1885 3197 adversus
1924 3144 2072 3212 ipsos

1280 3239 1290 3243 _
1694 3230 1729 3243 ..
1971 3234 1983 3243 .
2028 3234 2041 3243 .

2178 3134 2388 3206 ἐλέγξει
2407 3135 2598 3206 καιρὸς
2626 3134 2718 3187 τὸν
2750 3136 2818 3205 τῇ
2849 3133 2977 3209 δόξῃ
3010 3131 3448 3206 πεπλανημένον,
3482 3133 3624 3198 θεοῖς
3646 3136 3763 3197 τοῖς

490 3238 635 3292 quos
665 3223 890 3279 violavit
927 3225 1080 3291 deos,
1118 3239 1363 3284 armatus
1389 3230 1660 3297 procedit.
1690 3230 1944 3288 Praesens
1970 3234 2072 3304 igi-

2176 3231 2462 3301 παρ’ήμῖν
2500 3228 2596 3282 καὶ
2626 3230 2743 3290 τοῖς
2776 3227 2932 3297 παρὰ
2972 3226 3188 3300 θατέρῳ
3230 3227 3385 3298 μέρει
3422 3225 3761 3297 τιμωμένοις

494 3320 586 3365 tur
611 3312 729 3368 dies
763 3314 1052 3369 manifeste
1086 3326 1280 3386 arguet
1333 3327 1456 3373 uter
1504 3331 1751 3375 nostrum
1798 3336 1946 3378 caaco
1986 3339 2072 3379 er-

2180 3319 2482 3394 βρασεύων.
2520 3320 2590 3372 Ἢ
2614 3318 2724 3389 γὰρ
2754 3320 2901 3389 ἡμᾶς
2943 3318 3230 3386 ἀποδείξας
3262 3317 3509 3388 νικητὰς,
3556 3316 3763 3371 δικαιό-

493 3416 621 3457 rore
654 3402 887 3460 ducatur
915 3419 932 3459 :
967 3416 1022 3461 et
1055 3407 1123 3462 de
1153 3409 1260 3463 diis
1285 3411 1377 3478 qui
1415 3412 1559 3480 apud
1600 3427 1701 3467 nos
1746 3422 1840 3465 aut
1881 3415 1971 3482 qui
2004 3415 2072 3469 ab

2175 3430 2312 3467 τατα
2357 3414 2482 3475 τοὺς
2525 3410 2829 3483 ἡμετέρους
2885 3409 3044 3476 θεοὺς
3091 3412 3342 3482 σωτῆρας
3389 3409 3483 3463 καὶ
3533 3408 3761 3481 βοηθοὺς

494 3494 851 3549 adversarum
885 3498 1118 3565 partium
1156 3499 1470 3556 hominibus
1501 3502 1774 3570 coluntur,
1809 3504 2072 3571 judicium

2179 3506 2400 3577 ἀληθεῖς
2455 3502 2743 3569 ἐπιδείξει·
2798 3503 2830 3576 ἥ
2881 3506 2929 3557 εί
2977 3504 3270 3576 κρατήσειε
3315 3500 3424 3557 τῶν
3474 3501 3762 3572 ἡμετέρων

493 3586 654 3641 feret.
704 3588 811 3642 Aut
837 3590 982 3643 enim
1032 3606 1291 3647 concessa
1331 3594 1487 3649 nobis
1518 3596 1771 3662 victoria,
1818 3596 1950 3653 deos
1979 3613 2072 3651 no-

2181 3599 2448 3653 πλείστων
2474 3615 2537 3667 γε
2570 3596 2761 3660 ὄντων,
2797 3597 2891 3650 καὶ¹
2920 3597 3057 3660 τέως
3072 3596 3150 3666 τῷ
3189 3594 3383 3665 πλήθει
3414 3594 3528 3664 (55)
3570 3593 3761 3646 πλεον-

494 3690 642 3735 stros
667 3695 796 3736 vere
840 3692 1147 3739 servatores
1180 3694 1343 3754 atque
1391 3687 1749 3744 auxiliatores
1778 3703 1903 3743 esse
1949 3688 2072 3760 jure

2177 3688 2501 3751 εκτούντων,
2560 3688 2614 3741 εῖ
2644 3705 2729 3751 τις
2760 3680 2918 3751 οὗτος
2947 3689 3047 3741 οὐκ
3083 3683 3177 3740 οἷδ’
3198 3672 3393 3739 ὁπόθεν
3431 3683 3761 3756 ὡρμημένος

495 3772 693 3826 turrito
728 3774 1053 3829 declarabit.
1079 3774 1187 3829 Aut
1220 3778 1265 3831 si
1298 3779 1401 3832 diis
1426 3780 1630 3836 nostris
1660 3780 1751 3849 qui
1784 3780 2072 3850 quamplu-

2175 3782 2203 3834 ὁ
2242 3779 2656 3833 Κωνσταντίνου
2707 3778 2862 3845 Θεὸς,
2922 3778 3112 3850 μηδεὶς
3151 3776 3337 3830 λοιπὸν
3372 3776 3431 3828 ἐν
3471 3773 3762 3846 ἀμφιϐόλῳ

495 3864 623 3917 rimi
654 3875 801 3928 sont,
836 3875 891 3920 et
936 3869 1282 3926 multitudine
1313 3888 1455 3926 nunc
1489 3873 1679 3942 utique
1706 3873 2072 3939 antecellunt,

2173 3872 2426 3938 τιθέσθω,
2466 3873 2587 3926 τίνα
2629 3871 2739 3926 δέοι
2786 3871 2919 3925 Θεὸν
2962 3870 3163 3932 σέϐειν,
3200 3871 3540 3941 προσχωρεῖν
3593 3866 3650 3920 δὲ
3682 3864 3761 3935 τῷ

496 3970 636 4010 unus
675 3956 769 4010 ille
797 3959 980 4012 nescio
1014 3962 1156 4015 unde
1196 3961 1475 4031 profectus
1520 3964 1866 4019 Constantini
1925 3964 2072 4020 Deus

2180 3964 2487 4037 κρατοῦντι,
2510 3965 2603 4018 καὶ
2616 3964 2789 4036 τούτῳ
2800 3964 2898 4035 τῆς
2909 3963 3063 4033 νίκης
3078 3961 3281 4015 τιθέναι
3294 3960 3364 4014 τὰ
3381 3959 3627 4031 βραδεῖα.
3648 3957 3761 4010 Καὶ

494 4046 745 4114 superior
757 4047 1050 4114 exstiterit,
1068 4064 1227 4105 nemo
1252 4063 1371 4120 post
1394 4054 1509 4109 hinc
1535 4055 1587 4108 in
1606 4054 1830 4109 dubium
1858 4065 2072 4111 revocet

2182 4061 2230 4112 εί
2258 4057 2355 4128 μὲν
2392 4058 2419 4109 ὁ
2445 4057 2593 4123 ξένος
2616 4058 2707 4111 καί
2731 4055 2825 4110 νῦν
2850 4054 3157 4127 γελώμενος
3177 4053 3289 4126 (56)
3323 4055 3477 4125 ἡμῖν,
3496 4051 3760 4124 κρείττων

570 4203 682 4277 (Ξ8)
708 4204 1093 4279 ΑἾ-ιιιπῡλοὶνδ
1120 4205 1462 4273 ἀδειλήτως.
1493 4209 1548 4262 ln
1584 4208 1756 4279 Regio
1780 4210 1969 4266 codice
1992 4210 2072 4264 le-

496 4275 643 4345 gitur
665 4275 724 4329 ὀἱ
752 4275 1707 4350 δ’ᾼαύδηλήτῳς.,ξςινίιιογὰδηρίτωᾲ
1742 4281 1795 4335 id
1819 4290 1921 4345 est,
1957 4284 2073 4335 sine

496 4346 876 4403 controversia.
909 4347 966 4399 In
999 4346 1341 4415 codd.Fuk.,
1385 4346 1557 4405 Savil.
1577 4366 1642 4406 ac
1662 4349 1902 4406 Turnebi
1933 4352 2072 4407 scri—

496 4416 653 4489 bitur
666 4415 1112 4489 ‘dtvavrtpptjrcog.

569 4486 682 4557 (29)
725 4486 1002 4555 Πολέμοὺ
1033 4487 1289 4557 κρατεῖν.
1341 4487 1699 4545 Scribendum
1729 4491 1947 4545 videtur
1973 4491 2070 4546 καὶ

498 4554 736 4632 πολέμου
757 4554 1029 4632 κρατῆσαι
1046 4554 1367 4632 προῦλεγον,
1387 4558 1694 4632 συμφώνως
1709 4561 1858 4632 αὐτῷ
1877 4561 2072 4626 ταῦτα,

503 4628 742 4714 μακραῖς
764 4644 826 4714 τε
868 4628 1015 4714 ἐπῶν
1048 4628 1423 4714 mutasset;
1452 4628 1560 4714 τῷν
1596 4628 1916 4714 απανταχοῢ.
1941 4650 2078 4705 χρη-

2177 4228 2293 4267 τειν
2324 4223 2411 4266 est
2438 4211 2828 4266 castrametari.

2249 4283 2362 4353 (52)
2389 4277 2489 4353 Οἷς
2520 4281 2741 4351 κηροὺς
2765 4281 3021 4352 ἐξάψας.
3068 4281 3181 4338 Mos
3215 4282 3500 4353 gentilium
3536 4282 3635 4336 fuit
3669 4300 3760 4353 ee-

2177 4350 2302 4409 reus
2330 4350 2625 4408 accendere
2645 4363 2769 4404 ante
2791 4350 2997 4408 statuas
3015 4350 3262 4420 deorum,
3278 4364 3337 4407 ut
3364 4353 3544 4410 notavi
3566 4355 3632 4406 ad
3659 4352 3754 4407 lib.

2174 4436 2290 4477 xm
2314 4424 2490 4477 Amm.
2521 4422 2839 4477 Marcellini.

2100 4531 2153 4592 Β
2182 4579 2212 4592 ἢ
2250 4494 2362 4561 (55)
2387 4493 2516 4592 Καὶ.
2529 4493 2851 4592 σέμίιιιχοι.
2875 4492 3174 4565 lmproprie
3199 4492 3399 4549 dicitur
3424 4493 3493 4549 ah
3522 4491 3757 4548 Eusebio

2182 4579 2281 4635 pro
2316 4580 2731 4635 συστρατιωται.

2253 4633 2365 4703 (54)
2393 4635 2811 4717 ’Κατρισχύνίει
2861 4635 3151 4717 στρατόν..
3183 4634 3366 4715 Codex
3413 4633 3551 4717 Fuk.
3574 4632 3759 4717 .baltet

500 4699 739 4776 στηρίων
763 4699 1190 4776 προϊσχομέζων.
1212 4702 1305 4776 Sic
1334 4711 1476 4776 totus
1497 4703 1585 4776 hic
1614 4704 1760 4776 locus
1785 4699 2072 4776 r’e'stit'u'en-

2180 4699 2483 4776 κατισχύει.
2525 4704 2589 4755 Ει
2617 4699 2802 4776 ⁸ρίιιιιο
2852 4699 2971 4770 post
3007 4707 3243 4776 ὁρμᾶται
3268 4704 3363 4759 νῦν
3392 4705 3530 4774 πρὸς
3564 4704 3712 4776 ἡμᾶς
3735 4720 3752 4735 ο

501 4769 601 4820 «lus
631 4777 734 4820 est.
767 4768 821 4820 In
846 4768 1035 4824 codice
1074 4770 1212 4825 Fuk.
1247 4774 1319 4826 ita
1352 4772 1608 4826 seribitur
1635 4790 1650 4825 :
1693 4775 1805 4828 Καὶ
1834 4774 1928 4828 τοῦ
1978 4790 2080 4827 πο-

498 4833 678 4927 λέμου(
696 4837 967 4927 κρατῇσαι
990 4856 1052 4891 συ
1061 4843 1292 4922 μςρώνεος
1311 4837 1462 4894 εἷπον
1477 4859 1489 4872 ·
1519 4848 1757 4927 μακραῖς
1782 4842 2082 4927 ὲπῶνακαλ-

500 4904 767 4985 λιεπείαις
786 4904 894 4985 τῷν
924 4904 1238 4983 ἁπανταχοῦ
1266 4904 1613 4985 χρηστηρίων
1637 4904 1802 4969 ’τοῦτο
1825 4916 2079 4985 προϊσχο-

506 4973 964 5046 μένωνευριὶητθ.
1142 4973 1175 4983 ”’
1359 4973 1371 4984 ”
1424 4984 1429 4989 ’

577 5044 857 5117 (50)Vulg.
876 5048 1250 5118 ὀνειροπόλει
1275 5047 1363 5106 δέ.
1391 5050 1520 5107 Post
1541 5052 1645 5108 has
1663 5067 1845 5117 voces,
1867 5067 1987 5118 quae
2002 5067 2083 5107 se-

501 5125 747 5194 qnuntur
776 5123 1034 5194 usquead
1064 5121 1343 5194 Tiapota,
1374 5119 1571 5177 desu'nt
1600 5125 1662 5194 in
1701 5139 1831 5178 mss.
1883 5119 2078 5192 Regio,

502 5198 556 5238 et
585 5186 652 5237 ad
707 5189 1004 5254 mat-ginem
1054 5186 1233 5244 addita
1289 5201 1415 5246 sunt
1463 5193 1837 5247 recentissima
1893 5186 2079 5248 ma'nu.

502 5256 757 5329 Quodsi
811 5257 1139 5329 conjectum
1190 5262 1473 5329 indulgere
1521 5262 1667 5327 licet,
1732 5263 2081 5319 scribendum

502 5339 634 5414 puto
658 5327 1001 5414 ovetpondlot
1029 5330 1088 5383 δὲ
1116 5331 1210 5383 καὶ
1247 5327 1403 5414 θύται
1432 5332 1498 5385 τὰ
1518 5333 2086 5414 δμοια,“(ιιρ..’1ὐιθιιιξς

504 5398 604 5448 bus
655 5398 708 5450 in
734 5398 833 5451 suo
860 5401 1045 5455 codice
1072 5402 1458 5456 emendaverat
1488 5398 1821 5458 οἰωνοπόλοι.
1841 5402 1898 5457 In
1921 5403 2081 5456 codd.

500 5465 639 5541 Fuk.
693 5475 748 5521 et
815 5470 1001 5523 Savilii
1061 5472 1325 5541 scripturn
1373 5482 1458 5527 est
1505 5474 1839 5527 όνειοοπόλοι
1902 5471 1961 5526 δὲ
1997 5472 2086 5526 διὰ

503 5536 625 5606 τῆς,
667 5548 773 5591 etc.

2180 4773 2585 4846 πολυπρότερον
2606 4773 2689 4846 δέ.
2729 4773 2965 4846 Ilgctins,
2982 4773 3052 4846 Ani—
3072 4773 3248 4846 fallor.

2254 4842 2378 4916 (55)
2403 4842 2515 4896 Καὶ
2552 4845 2696 4909 τέως
2735 4842 2817 4916 τῷ
2868 4844 3104 4913 πλήθει.
3148 4844 3347 4901 Vocem
3390 4844 3529 4910 τέως
3568 4842 3755 4898 omisit

2181 4915 2731 4983 Christophorsonus.
2774 4915 2823 4966 in
2851 4930 2955 4982 qua
2990 4925 3169 4969 tamen
3217 4926 3326 4970 tota
3352 4918 3435 4972 vis
3469 4918 3755 4969 sententia:

2180 4987 2491 5053 positacst.
2542 4983 2831 5051 Signiﬁcat
2879 4987 3022 5037 enim
3075 4984 3340 5052 Licinius,
3372 4987 3503 5040 deos
3534 5000 3663 5039 suos
3698 4986 3751 5037 iu

2181 5055 2467 5125 prteseutia
2502 5056 2718 5121 quidem
2748 5069 2975 5109 numero
3002 5055 3254 5125 vincere;
3287 5056 3440 5111 brevi
3483 5066 3663 5125 autem
3696 5055 3752 5109 vi

2183 5123 2249 5179 ac
2282 5125 2521 5194 polentia
2544 5125 2854 5192 superiores
2880 5126 3015 5179 fore.
3046 5123 3283 5179 Joannes
3303 5127 3601 5189 l’ortesius,
3629 5124 3751 5178 iue-

2184 5193 2306 5264 ptus
2330 5193 2877 5264 alioquiniuterpres,
2902 5194 3062 5260 hujus
3084 5196 3230 5249 vocis
3248 5197 3750 5261 interpretationem

2184 5263 2288 5319 non
2318 5269 2523 5336 omisit.
2560 5263 3039 5336 Sic_enim_vertit,
3073 5282 3290 5336 numero
3323 5266 3536 5336 quidem
3575 5267 3751 5317 adhuc

2182 5335 2436 5403 potiores.
2478 5333 2595 5388 Mox
2655 5334 2772 5402 lego
2806 5329 2887 5398 εἷς
2919 5352 3005 5398 τις
3049 5328 3225 5400 οὗτος,
3260 5328 3641 5391 αι’ΤυιῚιεὺυε
3682 5337 3749 5389 ad

2184 5420 2333 5473 oram
2369 5406 2449 5457 sui
2475 5404 2677 5459 codicis
2710 5405 3035 5458 emendavit.

2255 5475 2365 5545 (5(5)
2419 5475 2543 5528 Edit
2594 5474 2797 5529 Cenev.
2860 5475 2967 5528 Καὶ
3022 5474 3140 5545 νῦν
3195 5477 3538 5545 γενόμενος.
3600 5472 3748 5529 Idem

2185 5543 2284 5599 est.
2307 5562 2370 5599 ac
2388 5547 2658 5606 sidiceret,
2677 5545 2705 5597 ὁ
2726 5544 2851 5615 χθὲς
2871 5546 2963 5598 καὶ
3001 5543 3191 5615 πρώην
3224 5543 3533 5615 γενόμενος.
3553 5545 3749 5599 irridet

574 5606 686 5679 (5i)
712 5607 860 5685 ΔΤαῖς
885 5610 1308 5685 παρεμϐολαῖς.
1341 5610 1397 5685 in
1426 5614 1613 5669 codice
1645 5613 1898 5685 Fuk.»hic
1931 5612 2072 5668 locus

2184 5615 2516 5669 Constantini
2533 5617 2701 5685 Deum
2721 5606 2914 5683 iinpius
2931 5606 3191 5681 Licinius,
3208 5606 3749 5685 q'uod'etpe't-egrinus

504 5675 593 5727 ita'
616 5675 877 5731 scribitur
911 5698 923 5734 :
945 5675 1050 5736 σὺν
1067 5682 1245 5752 πολλῷ
1265 5675 1460 5756 θράσει
1493 5685 1685 5756 προῄει
1708 5701 1722 5714 ·
1745 5683 1843 5746 τὰς
1868 5700 2086 5755 παρεμ-

505 5745 667 5806 ϐολὰς
692 5747 768 5806 ὡς
788 5743 902 5803 οἷόν
936 5768 997 5804 τε
1027 5748 1116 5806 ἦν.
1143 5752 1522 5806 παρατάττων-
1554 5756 1683 5806 Oum
1711 5755 1865 5806 lectio
1886 5765 1941 5806 et
1971 5756 2083 5806 dis—

1605 5772 1683 5807 lltl!
1711 5758 1865 5810 lectio
1886 5765 1941 5807 et
1971 5758 2083 5808 «11εά

505 5745 667 5826 εἱρλὰς
692 5747 768 5812 ὡς
788 5743 902 5803 οἷόν
936 5768 997 5826 τε
1027 5748 1116 5823 ἦν.
1143 5743 1522 5826 παρατάττων.
1536 5743 1598 5820 ’0

508 5822 700 5871 tinctio
761 5834 868 5874 non
909 5822 1170 5892 displicet
1205 5822 1348 5889 ς’τὰς
1395 5824 1746 5895 παρεμϐολὰς
1801 5824 2083 5893 παρατάτο

2185 5696 2405 5739 essetet
2437 5701 2627 5739 novus.
2661 5684 2791 5736 Nam
2826 5685 2964 5739 inter
2990 5686 3120 5739 deos
3146 5684 3362 5751 quidam
3394 5687 3548 5755 patrii
3576 5686 3746 5740 habeo

2184 5755 2406 5819 bantur,
2430 5756 2645 5825 quidam
2683 5755 2974 5822 peregrini.
3005 5755 3071 5808 Et
3102 5756 3262 5822 patrii
3291 5754 3507 5823 quidem
3540 5757 3611 5810 dii
3656 5771 3743 5808 re-

2187 5825 2405 5894 ligionis
2439 5835 2703 5882 vetustate
2731 5826 3275 5885 connucndabantur.
3310 5825 3586 5896 Peregrini
3620 5838 3746 5880 vero
