4210 6414
443 358 549 415 985

1544 363 1633 418 DE
1673 364 1840 420 VITA
1879 364 2345 427 CONSTANTINI
2384 370 2514 429 LIB.
2556 371 2616 427 ll.

3611 372 3717 427 986

445 477 662 548 φανείη,
690 476 773 531 δεῖ
802 479 895 533 καὶ
928 479 1076 550 ἡμᾶς
1108 480 1269 535 αξτδν
1301 482 1594 552 γνωρίζειν
1618 501 1674 537 τε
1721 485 1815 539 καὶ
1840 489 2009 559 τιμᾷν

2138 492 2390 559 quisnam
2425 492 2683 545 colendus
2718 491 2791 546 sit
2822 492 2963 547 Deus
2988 532 3002 554 ,
3029 490 3125 545 sed
3164 491 3232 546 ad
3262 489 3525 560 potiorem
3555 504 3716 545 acce-

446 569 634 642 μακρὰ
671 569 884 642 χαίρειν
916 571 1131 635 τούτοις
1168 571 1425 637 εἰπόντας
1453 567 1533 638 οἷς
1565 576 1742 647 μάτην
1766 578 1893 642 τοὺς
1923 596 2026 649 κη-

444 663 575 734 ροὺς
605 660 946 732 ὲξάπτομενο
984 664 1033 715 εί
1070 663 1115 715 δ’
1145 665 1196 717 οἱ
1220 652 1479 736 ἡμέτεροι
1511 668 1864 739 κρατήσειαν,
1902 669 1931 722 ὃ
1960 670 2024 742 δὴ

440 752 542 807 οὐκ
577 752 1001 824 ἀμφιϐάλλεται,
1040 755 1183 826 μετὰ
1214 758 1314 828 τὴν
1339 757 1589 811 ἐνταυθοῖ
1624 759 1780 831 νίκην
1803 761 1896 814 ἐπὶ
1933 761 2025 814 τὸν

441 843 584 898 κατὰ
609 843 718 898 τῶν
741 843 916 899 ἀθέων
938 845 1175 915 πόλεμον
1205 847 1488 919 ὁρμῶμεν.
1525 869 1543 901 ι
1596 851 1654 903 'U
1681 852 1778 921 μὲν
1818 852 1881 922 δὴ
1913 856 2027 917 τοῖς

442 934 678 1006 παροῦσι
700 935 875 990 ταῦτα
907 937 1278 1008 προδιείλεκτο
1296 957 1308 969 ·
1340 942 1470 1011 ἡμῖν
1493 941 1549 994 δὲ
1578 946 1692 1005 τοῖς
1712 945 1792 1007 εἰς
1821 944 2024 1017 ταύτην

441 1027 796 1099 κεκλημένοις
820 1030 921 1099 τὴν
944 1030 1161 1102 γραφὴν
1193 1031 1326 1102 (5-7),
1355 1034 1405 1086 οί
1430 1032 1536 1086 τῶν
1555 1034 1727 1102 λόγων
1748 1037 2024 1108 αὐτήκοοι,

441 1121 542 1191 τῆς
584 1121 786 1175 τούτων
845 1124 1038 1195 μικρὸν
1090 1124 1316 1197 ὕστερον
1364 1128 1704 1197 μετεδίδοσαν
1746 1129 2022 1198 γνώσεως.

441 1214 552 1273 Καὶ
595 1213 659 1285 δὴ
710 1215 985 1279 τοιούτους
1034 1215 1317 1282 διεξελθὼν
1366 1218 1578 1287 λόγους,
1631 1222 1882 1293 ἡγεῖσθαι
1927 1223 2030 1293 τῆς

443 1305 716 1377 συμϐολῆς
748 1307 1094 1379 παρήγγελλε
1124 1308 1194 1362 τὰ
1227 1312 1618 1381 στρατιωτικά.

2135 583 2247 647 dat,
2283 583 2444 651 eique
2466 582 2705 636 victoriae
2727 584 3012 652 przemium
3047 582 3278 636 deferat.
3305 582 3383 635 Ac
3412 581 3455 635 si
3496 583 3715 650 quidem

2134 672 2460 741 peregrinus
2513 671 2605 725 ille
2639 686 2801 741 quem
2852 687 2999 725 nunc
3035 670 3271 726 ludibrio
3300 671 3587 733 habemus,
3637 671 3719 724 vi-

2133 771 2254 817 ctor
2281 776 2405 816 esse
2437 762 2734 828 videbitur,
2767 776 2867 815 nos
2896 777 3117 831 quoque
3149 759 3295 815 illum
3334 775 3632 829 agnoscere
3662 769 3718 813 et

2132 854 2318 909 colere
2346 856 2616 925 oportebit
2662 873 2676 909 :
2716 856 2903 925 procul
2953 857 3104 910 abire
3136 870 3200 909 ac
3248 854 3436 908 valere
3489 855 3715 922 posthac

2131 945 2301 1016 jussis
2325 947 2391 1001 iis
2414 947 2613 1015 quibus
2637 962 2826 1002 cereos
2849 946 3047 1000 frustra
3070 948 3441 1001 accendimus.
3464 944 3561 999 Sin
3586 960 3716 998 vero

2135 1039 2308 1094 nostri
2342 1040 2655 1109 superiores
2705 1040 3047 1104 exstiterint,
3087 1039 3228 1108 quod
3261 1038 3479 1107 quidem
3507 1037 3711 1092 nemini

2133 1132 2355 1187 dubium
2378 1146 2499 1189 esse
2524 1142 2702 1202 potest
2726 1174 2742 1198 ,
2768 1143 2892 1203 post
2927 1145 3137 1202 partam
3170 1133 3274 1187 hoc
3295 1134 3413 1187 loco
3430 1131 3715 1186 victoriam

2138 1223 2320 1295 impiis
2348 1226 2574 1281 deorum
2633 1225 3104 1293 contemptoribus
3139 1225 3336 1278 bellum
3393 1224 3596 1280 inferre
3622 1237 3716 1294 ag-

2135 1317 2470 1385 grediemur.
2494 1334 2512 1365 ι
2534 1314 2859 1371 EtLicinius
2876 1317 3093 1385 quidem
3129 1326 3251 1369 ante
3283 1316 3562 1369 exordium
3616 1330 3716 1384 pu-

440 1412 579 1464 ειιιιι,
609 1399 674 1451 ad
735 1399 1164 1455 circumstantes
1220 1400 1530 1466 huiusmodi
1591 1403 1755 1457 verba
1811 1403 1960 1459 fecit.
2013 1404 2181 1461 Nobis
2242 1421 2372 1462 vero
2412 1408 2502 1476 qui
2550 1407 2667 1462 haec
2729 1406 3047 1470 scribimus,
3084 1405 3184 1475 ipsi
3238 1405 3313 1458 illi
3345 1406 3434 1473 qui
3481 1404 3716 1465 orationi

438 1490 555 1558 ejus
588 1488 965 1555 interfuerant,
1000 1506 1110 1546 non
1157 1492 1326 1547 multo
1372 1504 1497 1563 post
1562 1508 1682 1549 eam
1735 1497 2060 1552 retulerunt.
2095 1496 2410 1567 llujusmodi
2467 1500 2631 1568 igitur
2657 1499 2904 1553 oratione
2935 1498 3104 1566 facta,
3133 1496 3297 1568 jussit
3345 1497 3605 1553 militibus
3655 1507 3715 1555 ut

440 1584 692 1652 prtlium
730 1585 956 1640 inirent.

969 1678 1364 1732 ΚΕΦΑΛΑΙΟΝ
1405 1683 1494 1748 πο.

439 1768 769 1822 Φαντασιάι
815 1769 967 1823 κατὰ
995 1769 1100 1835 τὰς
1124 1770 1242 1824 ὑπὸ
1259 1771 1531 1825 Λικίνιον
1559 1775 1786 1839 πόλεις,
1815 1776 1893 1840 ὡς
1909 1774 2029 1828 τῶν

542 1840 1011 1893 Κωνσταντίνου
1051 1841 1517 1910 στρατευμάτων
1551 1844 1915 1908 διεξιόντων.

507 1927 724 1982 Τούτων
751 1928 808 1981 δὲ
839 1929 1250 2000 πραττομένων,
1289 1931 1483 2002 φάσμα
1510 1951 1564 1986 τι
1597 1934 1755 2003 λόγου
1780 1939 2025 2007 κρεῖττον

437 2020 583 2090 ἀμφὶ
600 2019 700 2085 τὰς
730 2021 1008 2092 ὑπηκόους
1036 2022 1115 2092 τῷ
1142 2024 1392 2095 τυράννῳ
1424 2026 1610 2090 πόλεις
1636 2021 1816 2095 ὧιρθαί
1837 2045 2022 2097 φασιν·

433 2111 670 2166 ὁπλιτῶν
711 2113 822 2185 γάρ
864 2112 973 2167 τῶν
1016 2115 1123 2168 ὑπὸ
1170 2118 1582 2171 Κωνσταντίνον
1629 2122 1763 2192 ὁρᾷν
1808 2120 2025 2173 ἐδόκουν

434 2205 667 2279 διάφορα
695 2207 971 2276 τάγματα,
1001 2211 1060 2262 ὲν
1087 2213 1277 2275 αὐταῖς
1310 2212 1505 2283 μέσαις
1532 2215 1770 2284 ἡμέραις
1812 2214 2024 2286 διερχό-

438 2313 577 2367 μενα
613 2298 716 2364 τὰς
767 2299 972 2367 πόλεις,
1021 2300 1220 2355 ὡσανεὶ
1248 2304 1631 2374 κεκρατηκότα
1664 2304 1770 2373 τῆς
1813 2305 2019 2375 μάχης·

434 2392 530 2445 καὶ
557 2391 710 2446 ταῦτ’
735 2394 1013 2457 ὲόλέπετο,
1048 2395 1276 2467 μηδενός
1312 2413 1417 2449 που
1448 2401 1515 2468 τῇ
1544 2397 1770 2468 ἀληθείᾳ
1798 2398 2022 2470 μηδαμῆ

435 2482 784 2554 φαινομένου,
826 2484 1077 2558 Θειοτέρᾳ
1111 2486 1168 2540 δὲ
1195 2487 1293 2541 καὶ
1327 2487 1595 2557 κρείττονι
1630 2488 1882 2558 δυνάμει,
1922 2491 2023 2560 τῆς

433 2576 695 2645 φανείσης
740 2575 918 2646 ὅψεως
961 2577 1024 2631 τὺ
1069 2579 1265 2649 μέλλον
1313 2578 1535 2633 ἔσεσθαι
1589 2581 2018 2652 προφαινούσης.

446 2666 599 2721 Ἐπεὶ
634 2668 693 2721 δὲ
733 2669 809 2739 τά
842 2671 1211 2741 στρατιωτικὰ
1257 2673 1535 2744 συμϐολῆς
1565 2674 1787 2744 ἥπτετο,
1813 2692 2023 2745 προκα-

432 2756 607 2829 τῆρχε
641 2760 735 2812 τοῦ
779 2759 1020 2832 πολέμου
1049 2764 1078 2815 ὁ
1104 2761 1205 2826 τὰς
1242 2763 1463 2832 φιλικὰς
1492 2764 1791 2837 διαρρήξας
1822 2764 2022 2836 συνθή-

430 2865 565 2914 κας·
597 2851 832 2905 ἐνταῦθα
856 2852 921 2925 δὴ
955 2853 1366 2920 Κωνσταντϊνος
1382 2855 1520 2911 Θεὸν
1549 2857 1782 2942 Σωτῆρα
1810 2857 1902 2911 τὸν
1925 2859 2020 2911 ἐπὶ

431 2944 649 2998 πάντων
683 2945 1172 3018 ἐπικαλεσάμενος,
1203 2948 1458 3019 σύνθημά
1482 2966 1543 3003 τε
1564 2948 1723 3003 τοῦτο
1754 2948 1881 3012 δοὺς
1904 2951 2021 3013 τοῖς

430 3033 567 3104 ἀμφ’
580 3035 741 3088 αὐτὸν
751 3035 1016 3101 ὁπλίταις,
1032 3036 1259 3109 πρώτης
1271 3038 1492 3111 ἐκράτει
1506 3038 1868 3111 παρατάξεως
1882 3037 2015 3109 (58)·

430 3123 530 3181 εἴτ’
561 3127 663 3181 οὐκ
685 3129 764 3192 είς
796 3128 1003 3200 μακρὸν
1022 3128 1278 3202 δευτέρας
1308 3129 1584 3201 συμϐολῆς
1608 3130 1718 3202 (59)
1753 3130 2019 3202 κρείττων

2742 1682 2973 1739 CAPUT
3004 1683 3092 1740 Vl.

2138 1775 2358 1845 δραι-ιτα
2385 1791 2438 1827 m
2471 1773 2686 1828 urbibus
2710 1790 2830 1845 quin
2868 1772 3074 1828 Licinio
3115 1774 3365 1842 parebant
3396 1775 3530 1837 visa,
3573 1772 3715 1829 Con-

2262 1846 2488 1899 stantini
2525 1845 2757 1898 militum
2794 1842 3103 1900 Licinianos
3140 1847 3583 1914 persequentium.

2202 1937 2330 2003 Quae
2362 1937 2489 1989 dum
2542 1948 2831 2004 geruntur,
2864 1945 3141 2006 spectrum
3175 1937 3442 2005 quoddam
3489 1949 3715 2005 prorsus

2127 2028 2379 2084 mirabile
2403 2028 2455 2082 in
2488 2029 2716 2083 urbibus
2747 2028 2956 2099 tyranni
2992 2028 3133 2084 illius
3161 2029 3518 2083 dominationi
3574 2030 3701 2085 sub-

2118 2117 2283 2188 jectis
2341 2119 2661 2187 apparuisse
2713 2117 2918 2175 ferunt.
2956 2118 3117 2173 Varia
3166 2119 3311 2173 enim
3370 2118 3709 2174 Constantini

2124 2209 2356 2263 militum
2392 2209 2613 2276 agmina
2651 2223 2748 2276 per
2777 2208 3056 2261 meridiem
3083 2207 3223 2272 visa,
3259 2223 3379 2277 quae
3398 2205 3561 2279 447
3587 2218 3708 2261 tan-

2124 2313 2288 2367 quam
2340 2308 2492 2365 parta
2525 2298 2754 2353 victoria
2812 2312 2911 2366 per
2946 2298 3111 2351 urbes
3163 2298 3485 2352 transirent.
3529 2302 3709 2368 Atque

2124 2391 2240 2447 haec
2274 2393 2663 2456 cernebantur,
2707 2391 2891 2461 reipsa
2937 2392 3159 2461 quidem
3196 2392 3416 2447 nemine
3479 2390 3706 2461 usquam

2124 2492 2472 2552 comparente
2499 2502 2512 2539 :
2548 2485 2643 2538 sed
2669 2484 2853 2538 divina
2879 2483 3119 2552 potentia
3149 2499 3242 2553 per
3267 2484 3531 2539 visionem
3559 2483 3705 2538 illam

2122 2594 2245 2648 qum
2269 2578 2442 2632 oculis
2465 2577 2881 2645 subjiciebatur,
2906 2578 2959 2632 id
2990 2579 3132 2646 quod
3164 2578 3404 2632 futurum
3426 2588 3544 2631 erat
3569 2593 3710 2648 prte-

2123 2677 2488 2725 monstrantc.
2524 2668 2696 2724 Porro
2725 2684 2847 2723 cum
2877 2669 3156 2723 exercitus
3185 2668 3444 2736 congredi
3470 2669 3581 2738 jam
3615 2684 3708 2737 pa-

2124 2770 2329 2826 rarent,
2368 2761 2416 2815 is
2439 2761 2529 2830 qui
2579 2761 2888 2815 concordia:
2940 2759 3145 2816 foedera
3180 2772 3444 2828 ruperat,
3494 2760 3706 2830 primus

2122 2869 2359 2926 pugnam
2382 2866 2613 2907 exorsus
2633 2860 2735 2907 est.
2762 2849 2915 2905 Tunc
2942 2866 3074 2905 vero
3100 2850 3488 2906 Constantinus
3521 2865 3708 2904 serva-

2125 2954 2243 2998 tore
2268 2957 2333 2997 ac
2362 2956 2622 3013 supremo
2644 2941 2886 2996 omnium
2922 2941 3033 2997 Deo
3087 2943 3138 2995 in
3168 2942 3432 2995 auxilium
3464 2949 3657 2998 vocato
3685 2980 3703 3005 ,

2120 3046 2284 3106 atque
2316 3035 2419 3089 hoc
2446 3035 2602 3104 signo
2631 3034 2896 3088 militibus
2951 3034 3067 3088 suis
3099 3034 3224 3087 dato
3246 3074 3261 3098 ,
3301 3035 3484 3089 hostes
3527 3034 3705 3103 primo

2124 3125 2312 3194 prmlio
2340 3123 2500 3178 fudit.
2535 3122 2648 3178 Nec
2702 3123 2874 3177 multo
2924 3134 3045 3192 post
3076 3124 3246 3177 altera
3275 3124 3568 3179 commissa
3603 3141 3703 3194 pu-

432 3244 558 3316 novi
590 3253 767 3305 erant,
793 3254 1002 3316 _t_ttpote
1068 3258 1238 3314 nuper
1304 3247 1483 3300 asciti.
1516 3244 1711 3316 Cicero
1761 3246 1814 3299 in
1845 3262 1883 3301 ιι
1943 3245 2022 3299 De
2053 3260 2094 3316 ο
2132 3257 2281 3316 coss1
2315 3255 2409 3316 viii
2440 3239 2562 3293 Idus
2592 3239 2868 3316 Octobris,
2893 3240 3259 3316 inscribitur
3291 3242 3344 3296 in
3377 3237 3704 3316 Fastis‘lda-

432 3312 639 3383 legibus
688 3332 701 3368 :
740 3329 760 3364 ι
792 3313 974 3369 Novos
1000 3330 1129 3369 vero
1148 3312 1312 3379 deos,
1348 3326 1403 3369 et
1431 3317 1484 3368 in
1515 3314 1603 3370 his
1628 3315 1875 3369 colendis
1912 3332 2013 3367 no-

433 3396 657 3437 cturnas
686 3384 1132 3451 pervigilationes
1176 3386 1257 3438 sic
1297 3385 1692 3454 Aristophanes
1738 3384 2015 3440 facetissi-

433 3468 554 3506 mus
595 3462 749 3520 poeta
804 3455 1007 3506 veteris
1051 3455 1333 3507 conimdiae
1367 3466 1553 3517 vexat,
1604 3465 1662 3507 ut
1710 3456 1853 3521 apud
1885 3471 2009 3509 eum

434 3522 703 3575 Sabazius
730 3531 783 3576 et
810 3523 900 3575 alii
932 3523 1159 3593 quidam
1186 3523 1258 3575 dii
1295 3525 1564 3593 peregrini
1597 3522 1823 3591 iudicati
1870 3541 1899 3579 e
1935 3526 2012 3577 ci-

430 3593 601 3663 vitate
625 3593 932 3659 ejicianlur.
966 3612 986 3645 ι
1026 3591 1200 3645 Locus
1221 3591 1600 3663 Aristophanis
1615 3608 1776 3662 quem
1805 3595 2008 3647 intelli-

431 3662 512 3730 git
538 3661 903 3730 Cicern._erat
928 3665 979 3715 in
1013 3662 1283 3717 commdia
1319 3661 1577 3729 Leinniis,
1609 3661 1847 3718 utdocet
1884 3665 2012 3719 Siti-

434 3725 529 3803 ilas
557 3731 610 3787 in
634 3747 721 3788 vv.
748 3725 792 3800 ᾧ
820 3731 914 3786 νῦν
944 3731 1138 3802 θερμοὶ
1171 3730 1365 3803 βωμοί.
1401 3732 1534 3803 Erat
1564 3725 1730 3787 certe
1780 3734 2008 3791 Athenis

436 3802 632 3873 ingens
656 3804 832 3873 turba
867 3817 1150 3873 novorum
1175 3816 1240 3855 ac
1260 3802 1271 3873 ᾗ
1291 3802 1699 3873 peregrinorum
1754 3804 2003 3870 deorum,

394 3886 569 3937 ~quos
610 3871 792 3937 ξένους
821 3887 915 3925 seu
960 3870 1204 3937 ξενικοὺς
1253 3870 1741 3937 Geotig'vocabant.
1800 3874 2001 3928 Eorum

431 3942 651 4013 nomina
684 3943 966 4013 acrseries
1002 3949 1367 4013 contexuerat
1409 3943 1812 4013 Apollophanes
1844 3957 2003 4013 poeta

433 4007 900 4082 in_Cretensibus,
937 4020 1074 4082 teste
1107 4012 1377 4082 llesycbio
1427 4007 1482 4067 in
1526 4007 1662 4067 voce
1710 4007 2008 4081 θεοὶ’ξενι-

429 4078 884 4152 uoi._lilenaiuler
932 4081 1143 4145 rhetor,
1193 4078 1288 4135 seu
1340 4085 1517 4152 potius
1571 4078 1901 4149 Alexander,
1951 4086 2007 4140 in

431 4147 678 4224 tilethodo
703 4154 905 4224 generis
927 4147 1354 4216 demonstrativi;
1374 4169 1496 4223 pag.
1516 4154 1644 4216 6l2,
1669 4163 1819 4208 notat
1845 4147 2012 4224 quos-

427 4219 550 4273 dam
597 4220 730 4275 deos
774 4223 1137 4290 antiquiores,
1174 4219 1813 4289 quosdam‘recentiores
1862 4219 2006 4290 'dici,

427 4291 478 4371 οἱ
503 4290 611 4371 μὲν
630 4291 745 4371 γὰρ
780 4290 1152 4371 παλαιότεροι,
1178 4294 1228 4345 οἱ
1255 4293 1312 4346 δὲ
1341 4293 1872 4371 νεώτεροιλλιξγονται
1900 4296 2008 4350 τῶν

428 4358 587 4413 Θεῶν.
617 4358 1006 4435 At_Po_rtesius,
1032 4358 1264 4432 cultique
1308 4358 1528 4418 secutus
1556 4358 2009 4435 Christophorso—

430 4446 554 4497 nus,
594 4431 734 4505 male
785 4431 932 4487 hunc
977 4434 1151 4487 locum
1178 4431 1533 4502 interpretati
1578 4446 1727 4501 sunt,
1771 4431 2005 4505 Quorum

425 4516 583 4554 error
609 4501 737 4556 hinc
768 4511 928 4556 natus
957 4511 1062 4565 est,
1094 4505 1237 4569 quod
1275 4501 1381 4558 non
1410 4506 1663 4560 viderunt
1688 4501 2004 4562 adverbium

2132 3314 2211 3365 lii.
2246 3311 2455 3377 Quibus
2486 3310 2759 3363 consentit
2791 3307 3046 3377 Sigonius
3070 3313 3120 3363 in
3160 3312 3297 3363 libro
3333 3328 3393 3367 ιιι
3426 3312 3498 3364 De
3541 3312 3691 3368 Occi-

2120 3381 2325 3435 dentali
2378 3381 2616 3444 imperio.
2655 3381 2793 3433 Male
2839 3381 2890 3433 in
2938 3379 3199 3433 Chronico
3232 3382 3447 3435 Eusebii
3494 3382 3698 3439 bellum

2122 3451 2409 3505 Cilialense
2439 3450 2722 3504 confertur
2771 3451 2824 3503 in
2879 3467 3080 3504 annum
3112 3452 3399 3517 septimum
3431 3452 3700 3507 Constat»

2120 3522 2241 3585 lini,
2282 3536 2405 3574 cum
2442 3520 2493 3573 id
2522 3531 2734 3587 gestuin
2767 3521 2842 3575 sit
2870 3535 3011 3573 anno
3042 3537 3137 3574 vui
3164 3521 3282 3587 ejus
3311 3523 3548 3590 imperii.
3578 3524 3693 3577 lino

2122 3607 2295 3652 nouus
2332 3590 2444 3658 jam
2495 3604 2668 3643 annus
2720 3590 2932 3659 imperii
2966 3592 3305 3661 Constantini
3338 3595 3620 3661 agebatur,
3648 3593 3697 3651 si

2118 3678 2232 3715 rem
2266 3661 2335 3714 ad
2355 3672 2579 3731 exactos
2604 3660 2841 3713 calculos
2867 3676 3111 3716 revoces.
3132 3660 3323 3716 Nonus
3361 3660 3559 3731 quippe
3589 3681 3692 3717 an-

2118 3747 2218 3784 nus
2251 3731 2460 3798 imperii
2492 3729 2838 3785 Constantini
2879 3733 3045 3797 ctepit
3084 3741 3277 3784 octavo
3311 3729 3536 3786 Kalend.
3569 3737 3682 3786 Λιι-

2114 3802 2279 3869 gusti,
2311 3799 2607 3855 Volusiano
2652 3814 2689 3853 ιι
2745 3810 2798 3855 et
2838 3802 3088 3855 Anniano
3118 3817 3264 3858 coss.
3319 3804 3570 3858 Aurelius
3598 3804 3692 3859 Vi-

2114 3882 2235 3926 ctor
2267 3872 2335 3924 de
2364 3870 2520 3924 bellis
2563 3870 2704 3924 inter
2732 3870 3002 3924 Licinium
3049 3883 3103 3926 et
3147 3872 3562 3927 Constantinum
3609 3876 3691 3930 sic

2109 3941 2301 3996 scribit
2326 3959 2371 3995 ει
2403 3939 2479 3993 lta
2513 3951 2754 4011 potestas
2782 3942 2931 3995 orbis
2956 3941 3181 3996 Romani
3208 3945 3416 3997 duobus
3440 3946 3687 4011 quaesita,

2112 4013 2203 4081 qui
2248 4012 2499 4084 quamvis
2543 4027 2639 4079 per
2682 4010 2851 4064 Flavii
2900 4028 3142 4084 sororem
3202 4022 3425 4084 nuptam
3460 4010 3688 4068 Licinio

2115 4082 2346 4136 connexi
2390 4082 2533 4134 inter
2574 4095 2632 4135 se
2672 4092 2850 4143 erant,
2887 4083 2957 4136 ob
3000 4082 3250 4138 diversos
3280 4082 3468 4137 "mores
3506 4094 3686 4140 tamen

2116 4153 2279 4205 anxie
2307 4152 2597 4222 triennium
2623 4166 2925 4221 congruere
2963 4154 3204 4222 quivere,
3271 4172 3291 4206 ι
3336 4164 3440 4208 etc.
3467 4153 3566 4220 Qui
3602 4154 3686 4210 Ιο-

2119 4236 2217 4275 cus
2253 4222 2528 4274 ldatianos
2559 4221 2758 4277 Fastos
2801 4221 2990 4289 aperte
3027 4223 3328 4277 confirmat.
3361 4224 3576 4291 Alioqui
3612 4241 3684 4280 ex

2114 4291 2406 4346 Eusebiani
2453 4291 2702 4345 Cltrunici
2738 4295 3003 4345 sententia
3037 4296 3325 4346 dicendum
3370 4307 3509 4347 esset
3539 4295 3687 4347 bien~

2115 4362 2282 4415 nium.
2317 4362 2682 4431 Corrigendus
2707 4364 2972 4433 estetiam
3000 4362 3243 4433 Eutropii
3276 4364 3427 4419 locus
3459 4365 3510 4416 in
3544 4364 3687 4420 libro

2114 4446 2171 4502 ιι,
2203 4432 2294 4501 qui
2349 4435 2430 4485 sic
2472 4434 2634 4502 vulgo
2672 4432 2850 4486 editus
2896 4441 3019 4486 est:
3053 4451 3070 4483 ι
3117 4432 3194 4486 Ac
3235 4434 3410 4502 primo
3454 4450 3576 4488 eum
3630 4436 3684 4491 in

2114 4500 2417 4565 Pannonia,
2452 4500 2693 4557 secundo
2725 4503 2929 4571 ingenti
2989 4500 3246 4571 apparatu
3296 4505 3494 4558 bellum
3541 4508 3679 4572 apud

427 4571 544 4635 νῦν,
575 4573 719 4643 idem
763 4550 1384 4643 ἰιιιοοιιιιιιιἐἶεῃίιίοιιιό
1418 4550 1561 4643 quod
1600 4550 2010 4643 νιιιρειν,νίιῖἶιό;
2040 4550 2084 4605 Ῑ)
2116 4572 2332 4643 Cibalas
2387 4550 3126 4639 iitstrttentem,arepentiitits
3174 4576 3464 4640 oppressit,
3513 4592 3532 4624 ι
3574 4550 3682 4628 διε.

428 4643 534 4694 lavi
571 4642 638 4695 ad
669 4641 759 4695 lib.
793 4658 844 4695 Iv
870 4642 1119 4695 Historia:
1141 4641 1548 4700 Ecclesiasticw.
1569 4645 1637 4699 Et
1657 4641 1768 4700 haec
1792 4648 2009 4713 quidem

426 4713 578 4779 prius
616 4725 952 4776 notaveram,
1002 4723 1224 4768 secutus
1269 4715 1561 4770 editionem
1608 4716 2006 4771 Genevensem.

428 4783 618 4856 i’ostea
650 4797 800 4856 ve_r_o_
813 4782 1002 4856 didici,
1035 4784 1090 4856 in
1122 4784 1364 4856 editione
1402 4785 1627 4856 Boberti
1664 4786 1926 4856 Stephani
1955 4798 2011 4843 et

423 4852 479 4906 in
506 4868 608 4907 ms.
631 4852 915 4906 codicibus
942 4853 1047 4922 legi
1075 4854 1166 4927 καὶ
1197 4854 1292 4927 νῦν
1308 4854 1634 4927 γελώμενος.
1673 4852 1845 4923 Quam
1875 4859 2010 4911 scri-

422 4933 644 4991 pturam
689 4937 808 4975 cum
836 4927 1005 4976 secuti
1058 4926 1171 4977 sint
1210 4926 1563 4995 interpretes,
1619 4928 1842 4982 minime
1892 4928 2009 4983 cul-

463 4997 585 5046 alttli
623 5001 772 5046 sum.

913 5062 1311 5136 κεκλημένοις
1333 5064 1451 5134 τὴν
1476 5065 1735 5136 γραφήν.
1776 5065 1833 5122 In
1866 5068 2005 5124 libro

424 5132 625 5209 Morini
659 5135 725 5186 ad
744 5134 1075 5209 marginem
1099 5132 1419 5209 emendatur
1460 5132 1826 5209 ποιουμένοις,
1864 5154 2003 5207 quo-

417 5207 583 5259 modo
612 5205 852 5270 loquitur
875 5202 1166 5274 Eusebius,
1196 5204 1333 5257 infra
1358 5221 1479 5274 cap.
1507 5210 1562 5262 8.
1589 5202 1758 5264 Paulo
1790 5202 1919 5263 ante
1949 5210 2001 5262 in

420 5276 616 5350 eodem
651 5274 832 5350 Morini
887 5273 1025 5350 libro
1066 5285 1226 5350 recte_
1251 5273 1596 5350 emendatum
1632 5289 1761 5350 est,
1814 5277 2002 5350 μακρὰ

419 5345 633 5419 χαίρειν
658 5342 1175 5419 τούτοις-εἰπόντας,
1207 5342 1264 5396 In
1318 5348 1506 5419 codice
1550 5347 1686 5419 Fuk.
1738 5342 1999 5419 scriptum

419 5413 599 5490 inveni
643 5416 825 5486 ιήμῖν
872 5413 930 5467 δὲ
966 5414 1080 5476 τοῖς
1122 5417 1203 5477 είς
1241 5414 1447 5468 ταύτην
1490 5413 2000 5490 κεκλημένοις-τὴν

416 5487 656 5557 γραφήν,
680 5495 844 5557 recte.

490 5554 603 5629 (38}
637 5554 878 5629 Hp(b_tnc
913 5555 1144 5625 ἐκράτει
1167 5555 1569 5629 παρατάξεως.
1592 5556 1831 5629 Primum
1860 5573 1997 5627 pra:-

419 5624 550 5682 liuin
585 5624 725 5680 inter
747 5624 1165 5681 Constantinum
1202 5643 1267 5681 ac
1308 5626 1577 5679 Licinium
1613 5626 1717 5681 fuit
1752 5629 1805 5681 in
1853 5624 1998 5683 Pan-

420 5699 584 5752 nonia
616 5698 759 5765 apud
791 5696 1028 5764 Cibalas,
1052 5700 1194 5768 quod
1234 5698 1434 5764 optime
1461 5698 1720 5768 describit
1747 5697 2011 5768 Zosimus‘

422 5770 476 5822 in
512 5768 603 5822 lib.
640 5764 699 5829 Ii,
740 5778 794 5820 et
816 5777 1010 5838 auctor
1041 5764 1422 5838 e'xcerptorum
1449 5766 1515 5820 de
1538 5764 1707 5821 Gestis
1735 5767 1996 5823 Constan-

423 5839 542 5893 tini.
571 5838 811 5908 Contigit
850 5837 967 5893 hinc
1015 5836 1527 5910 pugua'Volusiano
1564 5853 1601 5893 ιι
1654 5849 1708 5893 et
1737 5840 1990 5894 Anniano

2115 4641 2367 4713 Deleuda
2395 4653 2477 4697 est
2501 4645 2702 4710 absque
2732 4643 2896 4697 dubio
2932 4657 3033 4713 v_ox
3061 4647 3313 4705 secundo,
3345 4661 3464 4713 qum
3489 4646 3556 4698 ab
3586 4645 3683 4697 im-

2110 4716 2289 4781 perito
2317 4712 2542 4767 librario
2569 4713 2778 4779 adjecta
2812 4724 2914 4767 est.
2948 4711 3191 4767 Primum
3228 4711 3378 4767 enini
3411 4714 3684 4769 Constan~

2113 4784 2209 4835 tini
2240 4784 2499 4836 adversus
2523 4784 2792 4854 Licinith
2825 4782 3068 4854 prtuliuin
3103 4784 3206 4837 fuit
3247 4789 3387 4854 apud
3434 4785 3674 4849 Cibalas,

2111 4862 2171 4905 ut
2199 4869 2360 4922 supra
2410 4854 2659 4922 05teudi.
2700 4851 2903 4908 Deinde
2955 4853 3239 4907 ridiculum
3282 4851 3434 4909 esset
3472 4857 3675 4919 dicere,

2108 4921 2344 4991 primum
2368 4923 2610 4990 prmliuni
2638 4921 2805 4977 fuisse
2829 4924 2880 4976 in
2907 4922 3204 4985 Pannonia,
3222 4926 3517 4979 secundum
3534 4927 3676 4992 apud

2107 4993 2323 5047 Cibalas
2359 5010 2374 5047 :
2405 5008 2525 5047 cum
2571 4993 2771 5046 Cibala:
2814 4995 2945 5048 urbs
2990 4995 3063 5049 sit
3108 4993 3423 5049 Pannonia).
3469 4996 3575 5049 Sed
3620 5006 3678 5049 et

2106 5061 2364 5126 Peanius,
2397 5063 2487 5132 qui
2524 5062 2845 5132 Eutropium
2868 5063 3060 5119 Crame
3091 5066 3273 5129 vertit,
3304 5081 3496 5120 vocent
3526 5065 3673 5119 illam

2105 5134 2340 5206 secundo
2361 5149 2469 5206 non
2500 5138 2761 5202 agnoscit,
2785 5144 2845 5187 ut
2867 5148 2932 5189 ex
2964 5134 3421 5206 interpretatione,
3434 5135 3552 5206 ejus
3573 5151 3678 5206 ap-

2104 5216 2281 5270 paret.
2308 5203 2534 5258 Oro.~ius
2567 5214 2745 5258 tamen
2791 5214 2848 5258 et
2882 5216 3073 5261 auctor
3101 5203 3359 5260 Historia:
3398 5203 3673 5270 Miscetur,

2103 5275 2377 5342 vulgatam
2408 5274 2648 5343 Eutropii
2674 5275 2997 5343 scripturam
3037 5287 3258 5331 secutus
3280 5288 3383 5331 est.
3407 5276 3498 5330 Sic.-
3525 5276 3669 5328 enim

2100 5343 2270 5397 liabet
2306 5364 2319 5399 :
2358 5363 2377 5396 ι
2409 5344 2809 5399 Constantinus
2842 5343 3108 5400 Licinium
3134 5348 3341 5402 sororis
3362 5362 3473 5400 5th
3496 5349 3669 5399 virum

2100 5414 2156 5467 in
2190 5413 2466 5487 Pannonia
2518 5415 2755 5484 primum
2804 5417 2954 5482 vicit,
2999 5417 3197 5473 deinde
3252 5418 3395 5487 apud
3450 5414 3668 5470 Cibalas

2099 5486 2383 5539 ouuressit.
2422 5504 2441 5536 ι

2134 5499 2604 5624 ρῗέδῗδλξυέέρας
2641 5553 2975 5624 συμϐολῆς.
3025 5555 3269 5611 Secunda
3321 5555 3437 5609 haec
3485 5569 3668 5624 pugna

2097 5626 2438 5682 Constantini
2469 5632 2727 5679 adversus
2757 5628 3046 5691 Licinium,
3071 5629 3122 5680 in
3148 5627 3376 5679 Thracia
3396 5626 3538 5679 facta
3557 5634 3665 5690 est,

2097 5708 2155 5750 ut
2185 5697 2343 5751 docet
2370 5696 2639 5751 Zosimus.
2691 5696 2795 5751 Sed
2827 5694 3077 5750 Zosimus
3122 5697 3294 5750 locum
3338 5696 3512 5763 ipsum
3554 5710 3663 5749 non

2094 5766 2227 5847 dicit
2254 5783 2269 5847 ξ
2311 5776 2503 5822 auctor
2533 5782 2663 5847 vero
2691 5777 3072 5847 elicerptorunt
3094 5766 3162 5847 de
3191 5763 3361 5819 Gestis
3392 5764 3661 5847 Constitit-

2093 5838 2213 5905 tini,
2252 5838 2306 5894 in
2337 5852 2531 5902 campo
2579 5835 2873 5893 Mardiensi
2926 5846 3223 5905 pugnatum
3282 5849 3406 5892 esse
3447 5835 3657 5890 scribit.
