  <div class='ocr_page' id='page_1' title='image "/cluster/home/n/w/nwhite01/storage/ocr_20150623/20:no.2/coo.31924054873009/505.png"; bbox 0 0 4210 6394; ppageno 0'>
   <div class='ocr_carea' id='block_1_1' title="bbox 529 390 636 446">
    <p class='ocr_par' dir='ltr' id='par_1_1' title="bbox 529 390 636 446">
     <span class='ocr_line' id='line_1_1' title="bbox 529 390 636 446; baseline -0.009 0"><span class='ocrx_word' id='word_1_1' title='bbox 529 390 636 446; x_wconf 71' lang='lat'><strong>987</strong></span> 
     </span>
    </p>
   </div>
   <div class='ocr_carea' id='block_1_2' title="bbox 1140 387 3085 465">
    <p class='ocr_par' dir='ltr' id='par_1_2' title="bbox 1140 387 3085 465">
     <span class='ocr_line' id='line_1_2' title="bbox 1140 387 3085 465; baseline 0.005 -23"><span class='ocrx_word' id='word_1_2' title='bbox 1140 460 1147 465; x_wconf 92' lang='lat'><em>_</em></span> <span class='ocrx_word' id='word_1_3' title='bbox 1240 387 1515 446; x_wconf 83' lang='lat' dir='ltr'><strong>EUSEBII</strong></span> <span class='ocrx_word' id='word_1_4' title='bbox 1553 390 2042 449; x_wconf 64' lang='lat' dir='ltr'><strong>CESARIENSIS</strong></span> <span class='ocrx_word' id='word_1_5' title='bbox 2081 393 2231 450; x_wconf 77' lang='lat' dir='ltr'><strong>OPP.</strong></span> <span class='ocrx_word' id='word_1_6' title='bbox 2273 393 2458 450; x_wconf 79' lang='lat' dir='ltr'><strong>PARS</strong></span> <span class='ocrx_word' id='word_1_7' title='bbox 2497 392 2539 449; x_wconf 83' lang='lat' dir='ltr'><strong>l.</strong></span> <span class='ocrx_word' id='word_1_8' title='bbox 2579 425 2651 438; x_wconf 96' lang='lat'>—</span> <span class='ocrx_word' id='word_1_9' title='bbox 2687 391 3085 451; x_wconf 78' lang='lat' dir='ltr'><strong>HISTORICA.</strong></span> 
     </span>
    </p>
   </div>
   <div class='ocr_carea' id='block_1_3' title="bbox 3698 392 3804 452">
    <p class='ocr_par' dir='ltr' id='par_1_3' title="bbox 3698 392 3804 452">
     <span class='ocr_line' id='line_1_3' title="bbox 3698 392 3804 452; baseline 0.019 -2"><span class='ocrx_word' id='word_1_10' title='bbox 3698 392 3804 452; x_wconf 79' lang='lat'><strong>988</strong></span> 
     </span>
    </p>
   </div>
   <div class='ocr_carea' id='block_1_4' title="bbox 529 504 2095 582">
    <p class='ocr_par' dir='ltr' id='par_1_4' title="bbox 529 505 2094 581">
     <span class='ocr_line' id='line_1_4' title="bbox 529 505 2094 581; baseline 0 -19"><span class='ocrx_word' id='word_1_11' title='bbox 529 522 662 581; x_wconf 80' lang='lat' dir='ltr'><strong>gna,</strong></span> <span class='ocrx_word' id='word_1_12' title='bbox 690 508 886 563; x_wconf 89' lang='lat' dir='ltr'><strong>iterum</strong></span> <span class='ocrx_word' id='word_1_13' title='bbox 922 506 1175 575; x_wconf 82' lang='lat' dir='ltr'><strong>superior</strong></span> <span class='ocrx_word' id='word_1_14' title='bbox 1206 505 1501 571; x_wconf 86' lang='lat' dir='ltr'><strong>discessit,</strong></span> <span class='ocrx_word' id='word_1_15' title='bbox 1554 515 1609 560; x_wconf 87' lang='lat' dir='ltr'><strong>et</strong></span> <span class='ocrx_word' id='word_1_16' title='bbox 1657 506 1817 575; x_wconf 85' lang='lat' dir='ltr'><strong>longe</strong></span> <span class='ocrx_word' id='word_1_17' title='bbox 1853 508 2094 577; x_wconf 81' lang='lat' dir='ltr'><strong>majoreu</strong></span> 
     </span>
    </p>
   </div>
   <div class='ocr_carea' id='block_1_5' title="bbox 2196 504 3805 582">
    <p class='ocr_par' dir='ltr' id='par_1_5' title="bbox 2218 504 3805 582">
     <span class='ocr_line' id='line_1_5' title="bbox 2218 504 3805 582; baseline 0 -22"><span class='ocrx_word' id='word_1_18' title='bbox 2218 506 2318 581; x_wconf 80' lang='grc' dir='ltr'>ἦν,</span> <span class='ocrx_word' id='word_1_19' title='bbox 2364 510 2458 563; x_wconf 78' lang='grc' dir='ltr'>καὶ</span> <span class='ocrx_word' id='word_1_20' title='bbox 2497 509 2823 582; x_wconf 83' lang='grc' dir='ltr'><strong>κρειττόνων</strong></span> <span class='ocrx_word' id='word_1_21' title='bbox 2861 506 2961 579; x_wconf 72' lang='grc' dir='ltr'>ἤδη</span> <span class='ocrx_word' id='word_1_22' title='bbox 2997 506 3327 578; x_wconf 68' lang='grc' dir='ltr'><strong>νικητηρίων</strong></span> <span class='ocrx_word' id='word_1_23' title='bbox 3375 505 3665 577; x_wconf 75' lang='grc' dir='ltr'>ἐτύγχανεν,</span> <span class='ocrx_word' id='word_1_24' title='bbox 3706 504 3805 561; x_wconf 79' lang='grc' dir='ltr'>τοῦ</span> 
     </span>
    </p>
   </div>
   <div class='ocr_carea' id='block_1_6' title="bbox 528 592 2110 665">
    <p class='ocr_par' dir='ltr' id='par_1_6' title="bbox 528 592 2110 665">
     <span class='ocr_line' id='line_1_6' title="bbox 528 592 2110 665; baseline -0.001 -16"><span class='ocrx_word' id='word_1_25' title='bbox 528 597 818 651; x_wconf 74' lang='lat' dir='ltr'><strong>victoriam</strong></span> <span class='ocrx_word' id='word_1_26' title='bbox 876 594 1097 659; x_wconf 89' lang='lat' dir='ltr'><strong>retulit,</strong></span> <span class='ocrx_word' id='word_1_27' title='bbox 1135 608 1262 648; x_wconf 89' lang='lat' dir='ltr'><strong>eum</strong></span> <span class='ocrx_word' id='word_1_28' title='bbox 1317 592 1558 648; x_wconf 85' lang='lat' dir='ltr'><strong>salutare</strong></span> <span class='ocrx_word' id='word_1_29' title='bbox 1604 594 1786 648; x_wconf 88' lang='lat' dir='ltr'><strong>crucis</strong></span> <span class='ocrx_word' id='word_1_30' title='bbox 1848 603 2110 665; x_wconf 73' lang='lat' dir='ltr'><strong>tropaeum</strong></span> 
     </span>
    </p>
   </div>
   <div class='ocr_carea' id='block_1_7' title="bbox 527 684 1422 756">
    <p class='ocr_par' dir='ltr' id='par_1_7' title="bbox 527 684 1422 756">
     <span class='ocr_line' id='line_1_7' title="bbox 527 684 1422 756; baseline -0.002 -15"><span class='ocrx_word' id='word_1_31' title='bbox 527 687 833 743; x_wconf 65' lang='lat' dir='ltr'><strong>exet&#39;situm</strong></span> <span class='ocrx_word' id='word_1_32' title='bbox 859 686 1029 756; x_wconf 86' lang='lat' dir='ltr'><strong>ipsius</strong></span> <span class='ocrx_word' id='word_1_33' title='bbox 1049 684 1422 739; x_wconf 85' lang='lat' dir='ltr'><strong>antecederet.</strong></span> 
     </span>
    </p>
   </div>
   <div class='ocr_carea' id='block_1_8' title="bbox 1122 773 1508 830">
    <p class='ocr_par' dir='ltr' id='par_1_8' title="bbox 1122 773 1508 830">
     <span class='ocr_line' id='line_1_8' title="bbox 1122 773 1508 830; baseline -0.008 -1"><span class='ocrx_word' id='word_1_34' title='bbox 1122 774 1355 830; x_wconf 85' lang='lat' dir='ltr'><strong>CAPUT</strong></span> <span class='ocrx_word' id='word_1_35' title='bbox 1394 773 1508 829; x_wconf 78' lang='lat' dir='ltr'><strong>VII.</strong></span> 
     </span>
    </p>
   </div>
   <div class='ocr_carea' id='block_1_9' title="bbox 530 867 2112 950">
    <p class='ocr_par' dir='ltr' id='par_1_9' title="bbox 530 867 2112 950">
     <span class='ocr_line' id='line_1_9' title="bbox 530 867 2112 950; baseline -0.002 -27"><span class='ocrx_word' id='word_1_36' title='bbox 530 867 840 940; x_wconf 76' lang='lat' dir='ltr'><strong>Ubicunque</strong></span> <span class='ocrx_word' id='word_1_37' title='bbox 884 870 943 923; x_wconf 86' lang='lat' dir='ltr'><strong>in</strong></span> <span class='ocrx_word' id='word_1_38' title='bbox 987 868 1192 937; x_wconf 72' lang='lat' dir='ltr'><strong>pra’liis</strong></span> <span class='ocrx_word' id='word_1_39' title='bbox 1222 868 1646 950; x_wconf 40' lang='lat' dir='ltr'><strong>crucisnignum</strong></span> <span class='ocrx_word' id='word_1_40' title='bbox 1678 868 1873 938; x_wconf 85' lang='lat' dir='ltr'><strong>adfuit,</strong></span> <span class='ocrx_word' id='word_1_41' title='bbox 1901 877 2112 933; x_wconf 84' lang='lat' dir='ltr'><strong>partam</strong></span> 
     </span>
    </p>
   </div>
   <div class='ocr_carea' id='block_1_10' title="bbox 1089 953 1532 992">
    <p class='ocr_par' dir='ltr' id='par_1_10' title="bbox 1089 953 1532 992">
     <span class='ocr_line' id='line_1_10' title="bbox 1089 953 1532 992; baseline -0.005 -1"><span class='ocrx_word' id='word_1_42' title='bbox 1089 954 1201 992; x_wconf 74' lang='grc'><strong>8888</strong></span> <span class='ocrx_word' id='word_1_43' title='bbox 1233 953 1532 991; x_wconf 76' lang='grc' dir='ltr'>υιειονιαηι.</span> 
     </span>
    </p>
   </div>
   <div class='ocr_carea' id='block_1_11' title="bbox 596 1030 2109 1101">
    <p class='ocr_par' dir='ltr' id='par_1_11' title="bbox 596 1030 2109 1101">
     <span class='ocr_line' id='line_1_11' title="bbox 596 1030 2109 1101; baseline -0.003 -13"><span class='ocrx_word' id='word_1_44' title='bbox 596 1032 761 1088; x_wconf 86' lang='lat' dir='ltr'><strong>Certe</strong></span> <span class='ocrx_word' id='word_1_45' title='bbox 801 1032 1116 1101; x_wconf 85' lang='lat' dir='ltr'><strong>ubicunque</strong></span> <span class='ocrx_word' id='word_1_46' title='bbox 1145 1031 1248 1085; x_wconf 91' lang='lat' dir='ltr'><strong>hoc</strong></span> <span class='ocrx_word' id='word_1_47' title='bbox 1280 1030 1496 1100; x_wconf 85' lang='lat' dir='ltr'><strong>signum</strong></span> <span class='ocrx_word' id='word_1_48' title='bbox 1526 1040 1881 1099; x_wconf 88' lang='lat' dir='ltr'><strong>conspectum</strong></span> <span class='ocrx_word' id='word_1_49' title='bbox 1910 1030 2109 1096; x_wconf 81' lang='lat' dir='ltr'><strong>fuerat,</strong></span> 
     </span>
    </p>
   </div>
   <div class='ocr_carea' id='block_1_12' title="bbox 525 1122 2112 1197">
    <p class='ocr_par' dir='ltr' id='par_1_12' title="bbox 525 1122 2112 1197">
     <span class='ocr_line' id='line_1_12' title="bbox 525 1122 2112 1197; baseline -0.003 -15"><span class='ocrx_word' id='word_1_50' title='bbox 525 1127 789 1182; x_wconf 88' lang='lat' dir='ltr'><strong>continuo</strong></span> <span class='ocrx_word' id='word_1_51' title='bbox 839 1125 965 1197; x_wconf 87' lang='lat' dir='ltr'><strong>fuga</strong></span> <span class='ocrx_word' id='word_1_52' title='bbox 1008 1123 1282 1188; x_wconf 91' lang='lat' dir='ltr'><strong>hostium,</strong></span> <span class='ocrx_word' id='word_1_53' title='bbox 1330 1122 1638 1177; x_wconf 82' lang='lat' dir='ltr'><strong>victoribus</strong></span> <span class='ocrx_word' id='word_1_54' title='bbox 1689 1131 1841 1194; x_wconf 83' lang='lat' dir='ltr'><strong>terga</strong></span> <span class='ocrx_word' id='word_1_55' title='bbox 1891 1123 2112 1177; x_wconf 86' lang='lat' dir='ltr'><strong>illorum</strong></span> 
     </span>
    </p>
   </div>
   <div class='ocr_carea' id='block_1_13' title="bbox 523 1213 2111 1288">
    <p class='ocr_par' dir='ltr' id='par_1_13' title="bbox 523 1213 2111 1288">
     <span class='ocr_line' id='line_1_13' title="bbox 523 1213 2111 1288; baseline -0.003 -16"><span class='ocrx_word' id='word_1_56' title='bbox 523 1218 918 1288; x_wconf 83' lang='lat' dir='ltr'><strong>prementibus,</strong></span> <span class='ocrx_word' id='word_1_57' title='bbox 946 1217 1306 1285; x_wconf 85' lang='lat' dir='ltr'><strong>sequebatur.</strong></span> <span class='ocrx_word' id='word_1_58' title='bbox 1342 1213 1462 1280; x_wconf 86' lang='lat' dir='ltr'><strong>Quo</strong></span> <span class='ocrx_word' id='word_1_59' title='bbox 1487 1215 1782 1283; x_wconf 82' lang='lat' dir='ltr'><strong>imperator</strong></span> <span class='ocrx_word' id='word_1_60' title='bbox 1810 1226 2111 1285; x_wconf 89' lang='lat' dir='ltr'><strong>comperto,</strong></span> 
     </span>
    </p>
   </div>
   <div class='ocr_carea' id='block_1_14' title="bbox 523 1306 2110 1380">
    <p class='ocr_par' dir='ltr' id='par_1_14' title="bbox 523 1306 2110 1380">
     <span class='ocr_line' id='line_1_14' title="bbox 523 1306 2110 1380; baseline -0.003 -14"><span class='ocrx_word' id='word_1_61' title='bbox 523 1311 699 1366; x_wconf 87' lang='lat' dir='ltr'><strong>sicubi</strong></span> <span class='ocrx_word' id='word_1_62' title='bbox 737 1325 930 1380; x_wconf 81' lang='lat' dir='ltr'><strong>agmen</strong></span> <span class='ocrx_word' id='word_1_63' title='bbox 964 1308 1185 1377; x_wconf 82' lang='lat' dir='ltr'><strong>aliquod</strong></span> <span class='ocrx_word' id='word_1_64' title='bbox 1214 1306 1495 1362; x_wconf 79' lang='lat' dir='ltr'><strong>exercitus</strong></span> <span class='ocrx_word' id='word_1_65' title='bbox 1526 1308 1609 1359; x_wconf 91' lang='lat' dir='ltr'><strong>sui</strong></span> <span class='ocrx_word' id='word_1_66' title='bbox 1649 1307 1823 1375; x_wconf 85' lang='lat' dir='ltr'><strong>premi</strong></span> <span class='ocrx_word' id='word_1_67' title='bbox 1856 1308 2110 1361; x_wconf 87' lang='lat' dir='ltr'><strong>animad-</strong></span> 
     </span>
    </p>
   </div>
   <div class='ocr_carea' id='block_1_15' title="bbox 521 1398 2116 1469">
    <p class='ocr_par' dir='ltr' id='par_1_15' title="bbox 521 1398 2116 1469">
     <span class='ocr_line' id='line_1_15' title="bbox 521 1398 2116 1469; baseline -0.001 -14"><span class='ocrx_word' id='word_1_68' title='bbox 521 1412 786 1469; x_wconf 73' lang='lat' dir='ltr'><strong>verteret,</strong></span> <span class='ocrx_word' id='word_1_69' title='bbox 829 1401 978 1456; x_wconf 88' lang='lat' dir='ltr'><strong>illico</strong></span> <span class='ocrx_word' id='word_1_70' title='bbox 1032 1398 1273 1454; x_wconf 87' lang='lat' dir='ltr'><strong>salutare</strong></span> <span class='ocrx_word' id='word_1_71' title='bbox 1326 1406 1589 1467; x_wconf 70' lang='lat' dir='ltr'><strong>tropaeum</strong></span> <span class='ocrx_word' id='word_1_72' title='bbox 1624 1406 1881 1468; x_wconf 89' lang='lat' dir='ltr'><strong>tanquam</strong></span> <span class='ocrx_word' id='word_1_73' title='bbox 1930 1398 2116 1453; x_wconf 72' lang='lat' dir='ltr'><strong>edica-</strong></span> 
     </span>
    </p>
   </div>
   <div class='ocr_carea' id='block_1_16' title="bbox 522 1490 2114 1563">
    <p class='ocr_par' dir='ltr' id='par_1_16' title="bbox 522 1490 2114 1563">
     <span class='ocr_line' id='line_1_16' title="bbox 522 1490 2114 1563; baseline -0.002 -15"><span class='ocrx_word' id='word_1_74' title='bbox 522 1494 804 1548; x_wconf 80' lang='lat' dir='ltr'><strong>cissitnum</strong></span> <span class='ocrx_word' id='word_1_75' title='bbox 833 1491 1106 1563; x_wconf 84' lang='lat' dir='ltr'><strong>quoddam</strong></span> <span class='ocrx_word' id='word_1_76' title='bbox 1138 1490 1206 1545; x_wconf 89' lang='lat' dir='ltr'><strong>ad</strong></span> <span class='ocrx_word' id='word_1_77' title='bbox 1258 1490 1559 1559; x_wconf 88' lang='lat' dir='ltr'><strong>parandam</strong></span> <span class='ocrx_word' id='word_1_78' title='bbox 1591 1490 1874 1545; x_wconf 84' lang='lat' dir='ltr'><strong>victoriam</strong></span> <span class='ocrx_word' id='word_1_79' title='bbox 1908 1491 2114 1547; x_wconf 84' lang='lat' dir='ltr'><strong>amule-</strong></span> 
     </span>
    </p>
   </div>
   <div class='ocr_carea' id='block_1_17' title="bbox 521 1582 2109 1655">
    <p class='ocr_par' dir='ltr' id='par_1_17' title="bbox 521 1582 2109 1655">
     <span class='ocr_line' id='line_1_17' title="bbox 521 1582 2109 1655; baseline -0.001 -16"><span class='ocrx_word' id='word_1_80' title='bbox 521 1595 636 1640; x_wconf 86' lang='lat' dir='ltr'><strong>tum</strong></span> <span class='ocrx_word' id='word_1_81' title='bbox 693 1585 883 1641; x_wconf 80' lang='lat' dir='ltr'><strong>inferri</strong></span> <span class='ocrx_word' id='word_1_82' title='bbox 933 1584 1189 1655; x_wconf 87' lang='lat' dir='ltr'><strong>jubebat;</strong></span> <span class='ocrx_word' id='word_1_83' title='bbox 1252 1598 1361 1655; x_wconf 88' lang='lat' dir='ltr'><strong>quo</strong></span> <span class='ocrx_word' id='word_1_84' title='bbox 1420 1582 1589 1648; x_wconf 88' lang='lat' dir='ltr'><strong>facto,</strong></span> <span class='ocrx_word' id='word_1_85' title='bbox 1648 1583 1832 1637; x_wconf 83' lang='lat' dir='ltr'><strong>statim</strong></span> <span class='ocrx_word' id='word_1_86' title='bbox 1880 1584 2109 1638; x_wconf 85' lang='lat' dir='ltr'><strong>victoria</strong></span> 
     </span>
    </p>
   </div>
   <div class='ocr_carea' id='block_1_18' title="bbox 522 1675 2112 1747">
    <p class='ocr_par' dir='ltr' id='par_1_18' title="bbox 522 1675 2112 1747">
     <span class='ocr_line' id='line_1_18' title="bbox 522 1675 2112 1747; baseline -0.001 -15"><span class='ocrx_word' id='word_1_87' title='bbox 522 1678 882 1747; x_wconf 84' lang='lat' dir='ltr'><strong>sequebatur,</strong></span> <span class='ocrx_word' id='word_1_88' title='bbox 926 1677 1113 1731; x_wconf 83' lang='lat' dir='ltr'><strong>divina</strong></span> <span class='ocrx_word' id='word_1_89' title='bbox 1156 1675 1346 1743; x_wconf 87' lang='lat' dir='ltr'><strong>utique</strong></span> <span class='ocrx_word' id='word_1_90' title='bbox 1372 1675 1578 1729; x_wconf 86' lang='lat' dir='ltr'><strong>virtute</strong></span> <span class='ocrx_word' id='word_1_91' title='bbox 1612 1675 1826 1729; x_wconf 88' lang='lat' dir='ltr'><strong>animos</strong></span> <span class='ocrx_word' id='word_1_92' title='bbox 1860 1677 2112 1747; x_wconf 86' lang='lat' dir='ltr'><strong>viresque</strong></span> 
     </span>
    </p>
   </div>
   <div class='ocr_carea' id='block_1_19' title="bbox 522 1768 1314 1840">
    <p class='ocr_par' dir='ltr' id='par_1_19' title="bbox 522 1768 1314 1840">
     <span class='ocr_line' id='line_1_19' title="bbox 522 1768 1314 1840; baseline -0.001 -20"><span class='ocrx_word' id='word_1_93' title='bbox 522 1768 886 1840; x_wconf 75' lang='lat' dir='ltr'><strong>pugnantium</strong></span> <span class='ocrx_word' id='word_1_94' title='bbox 921 1768 1314 1822; x_wconf 77' lang='lat' dir='ltr'><strong>confirmante.</strong></span> 
     </span>
    </p>
   </div>
   <div class='ocr_carea' id='block_1_20' title="bbox 1111 1856 1516 1911">
    <p class='ocr_par' dir='ltr' id='par_1_20' title="bbox 1111 1856 1516 1911">
     <span class='ocr_line' id='line_1_20' title="bbox 1111 1856 1516 1911; baseline -0.002 -1"><span class='ocrx_word' id='word_1_95' title='bbox 1111 1856 1344 1911; x_wconf 77' lang='lat' dir='ltr'><strong>CAPUT</strong></span> <span class='ocrx_word' id='word_1_96' title='bbox 1387 1856 1516 1910; x_wconf 71' lang='lat' dir='ltr'><strong>Vill.</strong></span> 
     </span>
    </p>
   </div>
   <div class='ocr_carea' id='block_1_21' title="bbox 522 1951 2108 2022">
    <p class='ocr_par' dir='ltr' id='par_1_21' title="bbox 522 1951 2108 2022">
     <span class='ocr_line' id='line_1_21' title="bbox 522 1951 2108 2022; baseline -0.001 -17"><span class='ocrx_word' id='word_1_97' title='bbox 522 1952 681 2019; x_wconf 78' lang='lat' dir='ltr'><strong>Quod</strong></span> <span class='ocrx_word' id='word_1_98' title='bbox 711 1951 1090 2022; x_wconf 81' lang='lat' dir='ltr'><strong>quinquaginta</strong></span> <span class='ocrx_word' id='word_1_99' title='bbox 1119 1951 1215 2004; x_wconf 76' lang='lat' dir='ltr'><strong>viri</strong></span> <span class='ocrx_word' id='word_1_100' title='bbox 1239 1951 1389 2003; x_wconf 82' lang='lat' dir='ltr'><strong>electi</strong></span> <span class='ocrx_word' id='word_1_101' title='bbox 1420 1952 1655 2020; x_wconf 75' lang='lat' dir='ltr'><strong>suntqui</strong></span> <span class='ocrx_word' id='word_1_102' title='bbox 1684 1967 1891 2003; x_wconf 79' lang='lat' dir='ltr'><strong>crucem</strong></span> <span class='ocrx_word' id='word_1_103' title='bbox 1926 1962 2108 2019; x_wconf 81' lang='lat' dir='ltr'><strong>porta-</strong></span> 
     </span>
    </p>
   </div>
   <div class='ocr_carea' id='block_1_22' title="bbox 1251 2031 1385 2074">
    <p class='ocr_par' dir='ltr' id='par_1_22' title="bbox 1251 2031 1385 2074">
     <span class='ocr_line' id='line_1_22' title="bbox 1251 2031 1385 2074; baseline -0.007 -1"><span class='ocrx_word' id='word_1_104' title='bbox 1251 2031 1385 2074; x_wconf 87' lang='lat' dir='ltr'><strong>rent.</strong></span> 
     </span>
    </p>
   </div>
   <div class='ocr_carea' id='block_1_23' title="bbox 592 2111 2108 2183">
    <p class='ocr_par' dir='ltr' id='par_1_23' title="bbox 592 2111 2108 2183">
     <span class='ocr_line' id='line_1_23' title="bbox 592 2111 2108 2183; baseline -0.001 -18"><span class='ocrx_word' id='word_1_105' title='bbox 592 2112 781 2183; x_wconf 85' lang='lat' dir='ltr'><strong>itaque</strong></span> <span class='ocrx_word' id='word_1_106' title='bbox 830 2111 985 2168; x_wconf 87' lang='lat' dir='ltr'><strong>lectis</strong></span> <span class='ocrx_word' id='word_1_107' title='bbox 1034 2127 1099 2167; x_wconf 84' lang='lat' dir='ltr'><strong>ex</strong></span> <span class='ocrx_word' id='word_1_108' title='bbox 1143 2121 1520 2181; x_wconf 86' lang='lat' dir='ltr'><strong>protectorum</strong></span> <span class='ocrx_word' id='word_1_109' title='bbox 1560 2125 1790 2165; x_wconf 89' lang='lat' dir='ltr'><strong>numero</strong></span> <span class='ocrx_word' id='word_1_110' title='bbox 1838 2119 2108 2181; x_wconf 85' lang='lat' dir='ltr'><strong>quotquot</strong></span> 
     </span>
    </p>
   </div>
   <div class='ocr_carea' id='block_1_24' title="bbox 519 2204 2108 2276">
    <p class='ocr_par' dir='ltr' id='par_1_24' title="bbox 519 2204 2108 2276">
     <span class='ocr_line' id='line_1_24' title="bbox 519 2204 2108 2276; baseline -0.003 -16"><span class='ocrx_word' id='word_1_111' title='bbox 519 2208 770 2276; x_wconf 88' lang='lat' dir='ltr'><strong>corporis</strong></span> <span class='ocrx_word' id='word_1_112' title='bbox 802 2206 1016 2260; x_wconf 85' lang='lat' dir='ltr'><strong>viribus</strong></span> <span class='ocrx_word' id='word_1_113' title='bbox 1063 2215 1119 2259; x_wconf 90' lang='lat' dir='ltr'><strong>et</strong></span> <span class='ocrx_word' id='word_1_114' title='bbox 1166 2205 1333 2258; x_wconf 88' lang='lat' dir='ltr'><strong>animi</strong></span> <span class='ocrx_word' id='word_1_115' title='bbox 1376 2204 1702 2260; x_wconf 87' lang='lat' dir='ltr'><strong>fortitudine</strong></span> <span class='ocrx_word' id='word_1_116' title='bbox 1729 2220 1792 2259; x_wconf 91' lang='lat' dir='ltr'><strong>ac</strong></span> <span class='ocrx_word' id='word_1_117' title='bbox 1816 2220 1959 2259; x_wconf 73' lang='lat' dir='ltr'><strong>vera:</strong></span> <span class='ocrx_word' id='word_1_118' title='bbox 1983 2204 2108 2257; x_wconf 87' lang='lat' dir='ltr'><strong>reli-</strong></span> 
     </span>
    </p>
   </div>
   <div class='ocr_carea' id='block_1_25' title="bbox 517 2281 2106 2373">
    <p class='ocr_par' dir='ltr' id='par_1_25' title="bbox 517 2281 2106 2373">
     <span class='ocr_line' id='line_1_25' title="bbox 517 2281 2106 2373; baseline -0.003 -18"><span class='ocrx_word' id='word_1_119' title='bbox 517 2281 698 2373; x_wconf 72' lang='lat' dir='ltr'><strong>gionis</strong></span> <span class='ocrx_word' id='word_1_120' title='bbox 747 2299 1021 2355; x_wconf 85' lang='lat' dir='ltr'><strong>institutis</strong></span> <span class='ocrx_word' id='word_1_121' title='bbox 1078 2306 1341 2368; x_wconf 54' lang='lat' dir='ltr'><strong>pra‘stare</strong></span> <span class='ocrx_word' id='word_1_122' title='bbox 1396 2297 1745 2362; x_wconf 86' lang='lat' dir='ltr'><strong>videbantur,</strong></span> <span class='ocrx_word' id='word_1_123' title='bbox 1788 2312 1953 2351; x_wconf 90' lang='lat' dir='ltr'><strong>unum</strong></span> <span class='ocrx_word' id='word_1_124' title='bbox 2004 2296 2106 2351; x_wconf 89' lang='lat' dir='ltr'><strong>hoc</strong></span> 
     </span>
    </p>
   </div>
   <div class='ocr_carea' id='block_1_26' title="bbox 517 2389 2105 2461">
    <p class='ocr_par' dir='ltr' id='par_1_26' title="bbox 517 2389 2105 2461">
     <span class='ocr_line' id='line_1_26' title="bbox 517 2389 2105 2461; baseline -0.002 -15"><span class='ocrx_word' id='word_1_125' title='bbox 517 2407 715 2447; x_wconf 62' lang='lat' dir='ltr'><strong>munus</strong></span> <span class='ocrx_word' id='word_1_126' title='bbox 744 2391 1028 2460; x_wconf 88' lang='lat' dir='ltr'><strong>imposuit,</strong></span> <span class='ocrx_word' id='word_1_127' title='bbox 1058 2398 1120 2444; x_wconf 92' lang='lat' dir='ltr'><strong>ut</strong></span> <span class='ocrx_word' id='word_1_128' title='bbox 1152 2390 1294 2461; x_wconf 89' lang='lat' dir='ltr'><strong>signi</strong></span> <span class='ocrx_word' id='word_1_129' title='bbox 1326 2390 1491 2461; x_wconf 86' lang='lat' dir='ltr'><strong>hujus</strong></span> <span class='ocrx_word' id='word_1_130' title='bbox 1521 2389 1748 2444; x_wconf 88' lang='lat' dir='ltr'><strong>assidue</strong></span> <span class='ocrx_word' id='word_1_131' title='bbox 1799 2403 1984 2443; x_wconf 88' lang='lat' dir='ltr'><strong>curam</strong></span> <span class='ocrx_word' id='word_1_132' title='bbox 2012 2405 2105 2460; x_wconf 83' lang='lat' dir='ltr'><strong>ge-</strong></span> 
     </span>
    </p>
   </div>
   <div class='ocr_carea' id='block_1_27' title="bbox 516 2484 2103 2560">
    <p class='ocr_par' dir='ltr' id='par_1_27' title="bbox 516 2484 2103 2560">
     <span class='ocr_line' id='line_1_27' title="bbox 516 2484 2103 2560; baseline 0.002 -23"><span class='ocrx_word' id='word_1_133' title='bbox 516 2494 721 2539; x_wconf 88' lang='lat' dir='ltr'><strong>rerent.</strong></span> <span class='ocrx_word' id='word_1_134' title='bbox 762 2484 933 2539; x_wconf 84' lang='lat' dir='ltr'><strong>Erant</strong></span> <span class='ocrx_word' id='word_1_135' title='bbox 984 2499 1179 2541; x_wconf 87' lang='lat' dir='ltr'><strong>omnes</strong></span> <span class='ocrx_word' id='word_1_136' title='bbox 1226 2488 1627 2560; x_wconf 81' lang='lat' dir='ltr'><strong>quinquaginta</strong></span> <span class='ocrx_word' id='word_1_137' title='bbox 1671 2488 1815 2555; x_wconf 87' lang='lat' dir='ltr'><strong>viri;</strong></span> <span class='ocrx_word' id='word_1_138' title='bbox 1873 2503 2103 2559; x_wconf 88' lang='lat' dir='ltr'><strong>quorum</strong></span> 
     </span>
    </p>
   </div>
   <div class='ocr_carea' id='block_1_28' title="bbox 515 2581 2105 2654">
    <p class='ocr_par' dir='ltr' id='par_1_28' title="bbox 515 2581 2105 2654">
     <span class='ocr_line' id='line_1_28' title="bbox 515 2581 2105 2654; baseline -0.001 -18"><span class='ocrx_word' id='word_1_139' title='bbox 515 2581 726 2636; x_wconf 89' lang='lat' dir='ltr'><strong>nullum</strong></span> <span class='ocrx_word' id='word_1_140' title='bbox 775 2582 923 2637; x_wconf 85' lang='lat' dir='ltr'><strong>aliud</strong></span> <span class='ocrx_word' id='word_1_141' title='bbox 975 2591 1099 2637; x_wconf 84' lang='lat' dir='ltr'><strong>erat</strong></span> <span class='ocrx_word' id='word_1_142' title='bbox 1146 2581 1383 2639; x_wconf 83' lang='lat' dir='ltr'><strong>ofﬁcium</strong></span> <span class='ocrx_word' id='word_1_143' title='bbox 1437 2600 1602 2654; x_wconf 90' lang='lat' dir='ltr'><strong>quam</strong></span> <span class='ocrx_word' id='word_1_144' title='bbox 1656 2584 2017 2639; x_wconf 83' lang='lat' dir='ltr'><strong>circumstare</strong></span> <span class='ocrx_word' id='word_1_145' title='bbox 2050 2593 2105 2637; x_wconf 89' lang='lat' dir='ltr'><strong>et</strong></span> 
     </span>
    </p>
   </div>
   <div class='ocr_carea' id='block_1_29' title="bbox 515 2672 2101 2747">
    <p class='ocr_par' dir='ltr' id='par_1_29' title="bbox 515 2672 2101 2747">
     <span class='ocr_line' id='line_1_29' title="bbox 515 2672 2101 2747; baseline 0 -19"><span class='ocrx_word' id='word_1_146' title='bbox 515 2672 778 2729; x_wconf 86' lang='lat' dir='ltr'><strong>satellitio</strong></span> <span class='ocrx_word' id='word_1_147' title='bbox 826 2687 925 2728; x_wconf 90' lang='lat' dir='ltr'><strong>suo</strong></span> <span class='ocrx_word' id='word_1_148' title='bbox 969 2673 1244 2730; x_wconf 87' lang='lat' dir='ltr'><strong>custodire</strong></span> <span class='ocrx_word' id='word_1_149' title='bbox 1278 2676 1539 2747; x_wconf 90' lang='lat' dir='ltr'><strong>signum;</strong></span> <span class='ocrx_word' id='word_1_150' title='bbox 1574 2677 1719 2747; x_wconf 86' lang='lat' dir='ltr'><strong>quod</strong></span> <span class='ocrx_word' id='word_1_151' title='bbox 1750 2674 1947 2746; x_wconf 82' lang='lat' dir='ltr'><strong>singuli</strong></span> <span class='ocrx_word' id='word_1_152' title='bbox 2000 2676 2101 2729; x_wconf 86' lang='lat' dir='ltr'><strong>hu-</strong></span> 
     </span>
    </p>
   </div>
   <div class='ocr_carea' id='block_1_30' title="bbox 514 2764 2105 2838">
    <p class='ocr_par' dir='ltr' id='par_1_30' title="bbox 514 2764 2105 2838">
     <span class='ocr_line' id='line_1_30' title="bbox 514 2764 2105 2838; baseline 0 -19"><span class='ocrx_word' id='word_1_153' title='bbox 514 2764 685 2821; x_wconf 89' lang='lat' dir='ltr'><strong>meris</strong></span> <span class='ocrx_word' id='word_1_154' title='bbox 741 2765 857 2821; x_wconf 90' lang='lat' dir='ltr'><strong>suis</strong></span> <span class='ocrx_word' id='word_1_155' title='bbox 889 2766 1208 2821; x_wconf 81' lang='lat' dir='ltr'><strong>alternatim</strong></span> <span class='ocrx_word' id='word_1_156' title='bbox 1258 2769 1569 2838; x_wconf 80' lang='lat' dir='ltr'><strong>gestabant.</strong></span> <span class='ocrx_word' id='word_1_157' title='bbox 1625 2767 1754 2822; x_wconf 83' lang='lat' dir='ltr'><strong>Haec</strong></span> <span class='ocrx_word' id='word_1_158' title='bbox 1804 2766 2105 2836; x_wconf 86' lang='lat' dir='ltr'><strong>imperator</strong></span> 
     </span>
    </p>
   </div>
   <div class='ocr_carea' id='block_1_31' title="bbox 515 2856 2101 2929">
    <p class='ocr_par' dir='ltr' id='par_1_31' title="bbox 515 2856 2101 2929">
     <span class='ocr_line' id='line_1_31' title="bbox 515 2856 2101 2929; baseline 0.001 -19"><span class='ocrx_word' id='word_1_159' title='bbox 515 2858 631 2925; x_wconf 89' lang='lat' dir='ltr'><strong>ipse</strong></span> <span class='ocrx_word' id='word_1_160' title='bbox 683 2856 840 2913; x_wconf 88' lang='lat' dir='ltr'><strong>nobis</strong></span> <span class='ocrx_word' id='word_1_161' title='bbox 891 2859 984 2929; x_wconf 90' lang='lat' dir='ltr'><strong>qui</strong></span> <span class='ocrx_word' id='word_1_162' title='bbox 1043 2859 1187 2914; x_wconf 86' lang='lat' dir='ltr'><strong>hanc</strong></span> <span class='ocrx_word' id='word_1_163' title='bbox 1218 2857 1507 2914; x_wconf 88' lang='lat' dir='ltr'><strong>historiam</strong></span> <span class='ocrx_word' id='word_1_164' title='bbox 1535 2859 1854 2924; x_wconf 90' lang='lat' dir='ltr'><strong>scribimus,</strong></span> <span class='ocrx_word' id='word_1_165' title='bbox 1888 2859 2017 2912; x_wconf 89' lang='lat' dir='ltr'><strong>dum</strong></span> <span class='ocrx_word' id='word_1_166' title='bbox 2047 2859 2101 2913; x_wconf 94' lang='lat' dir='ltr'><strong>in</strong></span> 
     </span>
    </p>
   </div>
   <div class='ocr_carea' id='block_1_32' title="bbox 510 2949 2101 3021">
    <p class='ocr_par' dir='ltr' id='par_1_32' title="bbox 510 2949 2101 3021">
     <span class='ocr_line' id='line_1_32' title="bbox 510 2949 2101 3021; baseline 0.002 -19"><span class='ocrx_word' id='word_1_167' title='bbox 510 2950 630 3003; x_wconf 86' lang='lat' dir='ltr'><strong>otio</strong></span> <span class='ocrx_word' id='word_1_168' title='bbox 676 2957 886 3019; x_wconf 77' lang='lat' dir='ltr'><strong>ageret,</strong></span> <span class='ocrx_word' id='word_1_169' title='bbox 940 2950 1206 3015; x_wconf 82' lang='lat' dir='ltr'><strong>narravit,</strong></span> <span class='ocrx_word' id='word_1_170' title='bbox 1265 2949 1431 3021; x_wconf 84' lang='lat' dir='ltr'><strong>longo</strong></span> <span class='ocrx_word' id='word_1_171' title='bbox 1466 2962 1588 3021; x_wconf 85' lang='lat' dir='ltr'><strong>post</strong></span> <span class='ocrx_word' id='word_1_172' title='bbox 1637 2960 1885 3020; x_wconf 89' lang='lat' dir='ltr'><strong>tempore</strong></span> <span class='ocrx_word' id='word_1_173' title='bbox 1938 2966 2101 3021; x_wconf 88' lang='lat' dir='ltr'><strong>quam</strong></span> 
     </span>
    </p>
   </div>
   <div class='ocr_carea' id='block_1_33' title="bbox 511 3041 2102 3113">
    <p class='ocr_par' dir='ltr' id='par_1_33' title="bbox 511 3041 2102 3113">
     <span class='ocr_line' id='line_1_33' title="bbox 511 3041 2102 3113; baseline 0.002 -18"><span class='ocrx_word' id='word_1_174' title='bbox 511 3041 631 3095; x_wconf 76' lang='lat' dir='ltr'><strong>haec</strong></span> <span class='ocrx_word' id='word_1_175' title='bbox 673 3041 1049 3111; x_wconf 80' lang='lat' dir='ltr'><strong>contigerant,</strong></span> <span class='ocrx_word' id='word_1_176' title='bbox 1087 3042 1360 3111; x_wconf 85' lang='lat' dir='ltr'><strong>simulque</strong></span> <span class='ocrx_word' id='word_1_177' title='bbox 1415 3060 1529 3098; x_wconf 90' lang='lat' dir='ltr'><strong>rem</strong></span> <span class='ocrx_word' id='word_1_178' title='bbox 1562 3042 1856 3113; x_wconf 87' lang='lat' dir='ltr'><strong>quamdam</strong></span> <span class='ocrx_word' id='word_1_179' title='bbox 1901 3041 2102 3113; x_wconf 80' lang='lat' dir='ltr'><strong>adjecit</strong></span> 
     </span>
    </p>
   </div>
   <div class='ocr_carea' id='block_1_34' title="bbox 511 3131 1254 3203">
    <p class='ocr_par' dir='ltr' id='par_1_34' title="bbox 511 3131 1254 3203">
     <span class='ocr_line' id='line_1_34' title="bbox 511 3131 1254 3203; baseline 0.004 -19"><span class='ocrx_word' id='word_1_180' title='bbox 511 3140 821 3187; x_wconf 88' lang='lat' dir='ltr'><strong>memoratu</strong></span> <span class='ocrx_word' id='word_1_181' title='bbox 855 3131 1254 3203; x_wconf 84' lang='lat' dir='ltr'><strong>dignissimam.</strong></span> 
     </span>
    </p>
   </div>
   <div class='ocr_carea' id='block_1_35' title="bbox 1013 3222 1581 3296">
    <p class='ocr_par' dir='ltr' id='par_1_35' title="bbox 1013 3222 1581 3296">
     <span class='ocr_line' id='line_1_35' title="bbox 1013 3222 1581 3296; baseline 0.002 -18"><span class='ocrx_word' id='word_1_182' title='bbox 1013 3222 1182 3296; x_wconf 65' lang='lat'><strong>443</strong></span> <span class='ocrx_word' id='word_1_183' title='bbox 1225 3223 1452 3280; x_wconf 87' lang='lat' dir='ltr'><strong>CAPUT</strong></span> <span class='ocrx_word' id='word_1_184' title='bbox 1489 3224 1581 3281; x_wconf 85' lang='lat' dir='ltr'><strong>tx.</strong></span> 
     </span>
    </p>
   </div>
   <div class='ocr_carea' id='block_1_36' title="bbox 510 3316 2097 3388">
    <p class='ocr_par' dir='ltr' id='par_1_36' title="bbox 510 3316 2097 3388">
     <span class='ocr_line' id='line_1_36' title="bbox 510 3316 2097 3388; baseline 0.003 -19"><span class='ocrx_word' id='word_1_185' title='bbox 510 3316 666 3388; x_wconf 77' lang='lat' dir='ltr'><strong>Quod</strong></span> <span class='ocrx_word' id='word_1_186' title='bbox 693 3333 757 3371; x_wconf 76' lang='lat' dir='ltr'><strong>ea:</strong></span> <span class='ocrx_word' id='word_1_187' title='bbox 773 3316 1054 3388; x_wconf 72' lang='lat' dir='ltr'><strong>cruci/eris</strong></span> <span class='ocrx_word' id='word_1_188' title='bbox 1085 3317 1133 3370; x_wconf 80' lang='lat' dir='ltr'><strong>is</strong></span> <span class='ocrx_word' id='word_1_189' title='bbox 1158 3318 1367 3385; x_wconf 86' lang='lat' dir='ltr'><strong>quidem</strong></span> <span class='ocrx_word' id='word_1_190' title='bbox 1385 3318 1473 3385; x_wconf 86' lang='lat' dir='ltr'><strong>qui</strong></span> <span class='ocrx_word' id='word_1_191' title='bbox 1502 3317 1637 3388; x_wconf 88' lang='lat' dir='ltr'><strong>fugit</strong></span> <span class='ocrx_word' id='word_1_192' title='bbox 1661 3318 1970 3388; x_wconf 74' lang='lat' dir='ltr'><strong>interfectus</strong></span> <span class='ocrx_word' id='word_1_193' title='bbox 1986 3329 2059 3372; x_wconf 74' lang='lat' dir='ltr'><strong>est</strong></span> <span class='ocrx_word' id='word_1_194' title='bbox 2078 3335 2097 3374; x_wconf 94' lang='lat'><em>:</em></span> 
     </span>
    </p>
   </div>
   <div class='ocr_carea' id='block_1_37' title="bbox 578 3387 2023 3457">
    <p class='ocr_par' dir='ltr' id='par_1_37' title="bbox 578 3387 2023 3457">
     <span class='ocr_line' id='line_1_37' title="bbox 578 3387 2023 3457; baseline 0.002 -18"><span class='ocrx_word' id='word_1_195' title='bbox 578 3387 671 3456; x_wconf 86' lang='lat' dir='ltr'><strong>qui</strong></span> <span class='ocrx_word' id='word_1_196' title='bbox 695 3403 817 3441; x_wconf 78' lang='lat' dir='ltr'><strong>vero</strong></span> <span class='ocrx_word' id='word_1_197' title='bbox 851 3387 1081 3455; x_wconf 82' lang='lat' dir='ltr'><strong>ﬁdeliter</strong></span> <span class='ocrx_word' id='word_1_198' title='bbox 1108 3398 1496 3457; x_wconf 73' lang='lat' dir='ltr'><strong>permanserat,</strong></span> <span class='ocrx_word' id='word_1_199' title='bbox 1527 3387 1809 3441; x_wconf 77' lang='lat' dir='ltr'><strong>incolumis</strong></span> <span class='ocrx_word' id='word_1_200' title='bbox 1834 3388 2023 3442; x_wconf 76' lang='lat' dir='ltr'><strong>evasit.</strong></span> 
     </span>
    </p>
   </div>
   <div class='ocr_carea' id='block_1_38' title="bbox 496 3444 2092 3550">
    <p class='ocr_par' dir='ltr' id='par_1_38' title="bbox 496 3444 2092 3550">
     <span class='ocr_line' id='line_1_38' title="bbox 496 3444 2092 3550; baseline 0.003 -19"><span class='ocrx_word' id='word_1_201' title='bbox 496 3444 502 3523; x_wconf 67' lang='lat' dir='ltr'><strong>l</strong></span> <span class='ocrx_word' id='word_1_202' title='bbox 580 3444 715 3532; x_wconf 36' lang='lat' dir='ltr'><strong>[liam</strong></span> <span class='ocrx_word' id='word_1_203' title='bbox 748 3444 872 3534; x_wconf 79' lang='lat' dir='ltr'><strong>cum</strong></span> <span class='ocrx_word' id='word_1_204' title='bbox 906 3478 1069 3543; x_wconf 78' lang='lat' dir='ltr'><strong>forte,</strong></span> <span class='ocrx_word' id='word_1_205' title='bbox 1105 3444 1307 3549; x_wconf 83' lang='lat' dir='ltr'><strong>inquit,</strong></span> <span class='ocrx_word' id='word_1_206' title='bbox 1347 3444 1494 3533; x_wconf 26' lang='lat' dir='ltr'><strong>inter,</strong></span> <span class='ocrx_word' id='word_1_207' title='bbox 1515 3479 1868 3549; x_wconf 89' lang='lat' dir='ltr'><strong>pugnandum</strong></span> <span class='ocrx_word' id='word_1_208' title='bbox 1897 3480 2092 3550; x_wconf 89' lang='lat' dir='ltr'><strong>ingens</strong></span> 
     </span>
    </p>
   </div>
   <div class='ocr_carea' id='block_1_39' title="bbox 505 3571 2094 3644">
    <p class='ocr_par' dir='ltr' id='par_1_39' title="bbox 505 3571 2094 3644">
     <span class='ocr_line' id='line_1_39' title="bbox 505 3571 2094 3644; baseline 0.001 -16"><span class='ocrx_word' id='word_1_209' title='bbox 505 3574 766 3643; x_wconf 89' lang='lat' dir='ltr'><strong>strepitus</strong></span> <span class='ocrx_word' id='word_1_210' title='bbox 794 3572 1093 3628; x_wconf 79' lang='lat' dir='ltr'><strong>exercitum</strong></span> <span class='ocrx_word' id='word_1_211' title='bbox 1126 3574 1529 3639; x_wconf 88' lang='lat' dir='ltr'><strong>conturbasset,</strong></span> <span class='ocrx_word' id='word_1_212' title='bbox 1549 3571 1594 3626; x_wconf 90' lang='lat' dir='ltr'><strong>is</strong></span> <span class='ocrx_word' id='word_1_213' title='bbox 1628 3573 1718 3643; x_wconf 91' lang='lat' dir='ltr'><strong>qui</strong></span> <span class='ocrx_word' id='word_1_214' title='bbox 1753 3573 1857 3628; x_wconf 90' lang='lat' dir='ltr'><strong>hoc</strong></span> <span class='ocrx_word' id='word_1_215' title='bbox 1880 3572 2094 3644; x_wconf 88' lang='lat' dir='ltr'><strong>signum</strong></span> 
     </span>
    </p>
   </div>
   <div class='ocr_carea' id='block_1_40' title="bbox 503 3662 2092 3734">
    <p class='ocr_par' dir='ltr' id='par_1_40' title="bbox 503 3662 2092 3734">
     <span class='ocr_line' id='line_1_40' title="bbox 503 3662 2092 3734; baseline -0.001 -14"><span class='ocrx_word' id='word_1_216' title='bbox 503 3666 752 3720; x_wconf 86' lang='lat' dir='ltr'><strong>humeris</strong></span> <span class='ocrx_word' id='word_1_217' title='bbox 782 3662 1017 3729; x_wconf 88' lang='lat' dir='ltr'><strong>ferebat,</strong></span> <span class='ocrx_word' id='word_1_218' title='bbox 1046 3674 1192 3718; x_wconf 89' lang='lat' dir='ltr'><strong>metu</strong></span> <span class='ocrx_word' id='word_1_219' title='bbox 1222 3664 1530 3734; x_wconf 84' lang='lat' dir='ltr'><strong>perculsus,</strong></span> <span class='ocrx_word' id='word_1_220' title='bbox 1575 3662 1733 3719; x_wconf 87' lang='lat' dir='ltr'><strong>alteri</strong></span> <span class='ocrx_word' id='word_1_221' title='bbox 1764 3663 2092 3734; x_wconf 74' lang='lat' dir='ltr'><strong>gestandum</strong></span> 
     </span>
    </p>
   </div>
   <div class='ocr_carea' id='block_1_41' title="bbox 510 3754 2095 3826">
    <p class='ocr_par' dir='ltr' id='par_1_41' title="bbox 510 3754 2095 3826">
     <span class='ocr_line' id='line_1_41' title="bbox 510 3754 2095 3826; baseline 0 -16"><span class='ocrx_word' id='word_1_222' title='bbox 510 3756 758 3822; x_wconf 83' lang='lat' dir='ltr'><strong>tradidit,</strong></span> <span class='ocrx_word' id='word_1_223' title='bbox 790 3764 851 3811; x_wconf 91' lang='lat' dir='ltr'><strong>ut</strong></span> <span class='ocrx_word' id='word_1_224' title='bbox 878 3756 997 3826; x_wconf 90' lang='lat' dir='ltr'><strong>ipse</strong></span> <span class='ocrx_word' id='word_1_225' title='bbox 1027 3756 1326 3814; x_wconf 88' lang='lat' dir='ltr'><strong>discrimen</strong></span> <span class='ocrx_word' id='word_1_226' title='bbox 1362 3757 1646 3813; x_wconf 81' lang='lat' dir='ltr'><strong>evaderet.</strong></span> <span class='ocrx_word' id='word_1_227' title='bbox 1683 3754 1787 3811; x_wconf 79' lang='lat' dir='ltr'><strong>Vix</strong></span> <span class='ocrx_word' id='word_1_228' title='bbox 1826 3756 1965 3812; x_wconf 86' lang='lat' dir='ltr'><strong>alter</strong></span> <span class='ocrx_word' id='word_1_229' title='bbox 2002 3756 2095 3811; x_wconf 86' lang='lat' dir='ltr'><strong>ille</strong></span> 
     </span>
    </p>
   </div>
   <div class='ocr_carea' id='block_1_42' title="bbox 507 3849 2095 3918">
    <p class='ocr_par' dir='ltr' id='par_1_42' title="bbox 507 3849 2095 3918">
     <span class='ocr_line' id='line_1_42' title="bbox 507 3849 2095 3918; baseline 0.001 -15"><span class='ocrx_word' id='word_1_230' title='bbox 507 3849 720 3918; x_wconf 85' lang='lat' dir='ltr'><strong>signum</strong></span> <span class='ocrx_word' id='word_1_231' title='bbox 761 3849 1084 3917; x_wconf 87' lang='lat' dir='ltr'><strong>gestandum</strong></span> <span class='ocrx_word' id='word_1_232' title='bbox 1143 3857 1484 3918; x_wconf 86' lang='lat' dir='ltr'><strong>susceperat,</strong></span> <span class='ocrx_word' id='word_1_233' title='bbox 1510 3863 1634 3904; x_wconf 90' lang='lat' dir='ltr'><strong>cum</strong></span> <span class='ocrx_word' id='word_1_234' title='bbox 1662 3863 1794 3904; x_wconf 89' lang='lat' dir='ltr'><strong>ecce</strong></span> <span class='ocrx_word' id='word_1_235' title='bbox 1829 3849 1877 3905; x_wconf 90' lang='lat' dir='ltr'><strong>is</strong></span> <span class='ocrx_word' id='word_1_236' title='bbox 1908 3849 2000 3918; x_wconf 85' lang='lat' dir='ltr'><strong>qui</strong></span> <span class='ocrx_word' id='word_1_237' title='bbox 2034 3864 2095 3905; x_wconf 84' lang='lat' dir='ltr'><strong>se</strong></span> 
     </span>
    </p>
   </div>
   <div class='ocr_carea' id='block_1_43' title="bbox 505 3938 2094 4009">
    <p class='ocr_par' dir='ltr' id='par_1_43' title="bbox 505 3938 2094 4009">
     <span class='ocr_line' id='line_1_43' title="bbox 505 3938 2094 4009; baseline 0 -15"><span class='ocrx_word' id='word_1_238' title='bbox 505 3938 817 4009; x_wconf 78' lang='lat' dir='ltr'><strong>subripiens</strong></span> <span class='ocrx_word' id='word_1_239' title='bbox 839 3939 1139 3993; x_wconf 87' lang='lat' dir='ltr'><strong>custodiam</strong></span> <span class='ocrx_word' id='word_1_240' title='bbox 1170 3939 1311 4008; x_wconf 84' lang='lat' dir='ltr'><strong>signi</strong></span> <span class='ocrx_word' id='word_1_241' title='bbox 1345 3941 1681 4005; x_wconf 85' lang='lat' dir='ltr'><strong>deseruerat,</strong></span> <span class='ocrx_word' id='word_1_242' title='bbox 1707 3940 1813 3997; x_wconf 88' lang='lat' dir='ltr'><strong>telo</strong></span> <span class='ocrx_word' id='word_1_243' title='bbox 1832 3943 1884 3995; x_wconf 90' lang='lat' dir='ltr'><strong>in</strong></span> <span class='ocrx_word' id='word_1_244' title='bbox 1905 3950 2094 3996; x_wconf 83' lang='lat' dir='ltr'><strong>ventre</strong></span> 
     </span>
    </p>
   </div>
   <div class='ocr_carea' id='block_1_44' title="bbox 505 4031 2093 4105">
    <p class='ocr_par' dir='ltr' id='par_1_44' title="bbox 505 4031 2093 4105">
     <span class='ocr_line' id='line_1_44' title="bbox 505 4031 2093 4105; baseline 0.002 -19"><span class='ocrx_word' id='word_1_245' title='bbox 505 4048 805 4102; x_wconf 74' lang='lat' dir='ltr'><strong>percussus</strong></span> <span class='ocrx_word' id='word_1_246' title='bbox 834 4031 1114 4089; x_wconf 90' lang='lat' dir='ltr'><strong>occubuit.</strong></span> <span class='ocrx_word' id='word_1_247' title='bbox 1161 4033 1231 4089; x_wconf 83' lang='lat' dir='ltr'><strong>Et</strong></span> <span class='ocrx_word' id='word_1_248' title='bbox 1265 4033 1354 4089; x_wconf 91' lang='lat' dir='ltr'><strong>hie</strong></span> <span class='ocrx_word' id='word_1_249' title='bbox 1402 4034 1623 4105; x_wconf 87' lang='lat' dir='ltr'><strong>quidem</strong></span> <span class='ocrx_word' id='word_1_250' title='bbox 1658 4035 1885 4105; x_wconf 71' lang='lat' dir='ltr'><strong>ignaviae</strong></span> <span class='ocrx_word' id='word_1_251' title='bbox 1928 4043 2093 4104; x_wconf 87' lang='lat' dir='ltr'><strong>atque</strong></span> 
     </span>
    </p>
   </div>
   <div class='ocr_carea' id='block_1_45' title="bbox 503 4124 2092 4196">
    <p class='ocr_par' dir='ltr' id='par_1_45' title="bbox 503 4124 2092 4196">
     <span class='ocr_line' id='line_1_45' title="bbox 503 4124 2092 4196; baseline 0.001 -15"><span class='ocrx_word' id='word_1_252' title='bbox 503 4124 841 4181; x_wconf 79' lang='lat' dir='ltr'><strong>inﬁdelitatis</strong></span> <span class='ocrx_word' id='word_1_253' title='bbox 887 4139 998 4180; x_wconf 70' lang='lat' dir='ltr'><strong>sum</strong></span> <span class='ocrx_word' id='word_1_254' title='bbox 1032 4138 1227 4194; x_wconf 63' lang='lat' dir='ltr'><strong>pinnas</strong></span> <span class='ocrx_word' id='word_1_255' title='bbox 1274 4126 1618 4196; x_wconf 89' lang='lat' dir='ltr'><strong>persolvens,</strong></span> <span class='ocrx_word' id='word_1_256' title='bbox 1673 4127 1874 4182; x_wconf 90' lang='lat' dir='ltr'><strong>ibidem</strong></span> <span class='ocrx_word' id='word_1_257' title='bbox 1922 4127 2092 4196; x_wconf 87' lang='lat' dir='ltr'><strong>jacuit</strong></span> 
     </span>
    </p>
   </div>
   <div class='ocr_carea' id='block_1_46' title="bbox 501 4216 2087 4291">
    <p class='ocr_par' dir='ltr' id='par_1_46' title="bbox 501 4216 2087 4291">
     <span class='ocr_line' id='line_1_46' title="bbox 501 4216 2087 4291; baseline 0.001 -18"><span class='ocrx_word' id='word_1_258' title='bbox 501 4219 793 4274; x_wconf 80' lang='lat' dir='ltr'><strong>exanimis.</strong></span> <span class='ocrx_word' id='word_1_259' title='bbox 814 4218 884 4273; x_wconf 83' lang='lat' dir='ltr'><strong>At</strong></span> <span class='ocrx_word' id='word_1_260' title='bbox 908 4216 1147 4274; x_wconf 89' lang='lat' dir='ltr'><strong>salutare</strong></span> <span class='ocrx_word' id='word_1_261' title='bbox 1172 4218 1352 4274; x_wconf 89' lang='lat' dir='ltr'><strong>crucis</strong></span> <span class='ocrx_word' id='word_1_262' title='bbox 1384 4232 1668 4287; x_wconf 71' lang='lat' dir='ltr'><strong>tropaeum,</strong></span> <span class='ocrx_word' id='word_1_263' title='bbox 1700 4219 1752 4274; x_wconf 89' lang='lat' dir='ltr'><strong>ei</strong></span> <span class='ocrx_word' id='word_1_264' title='bbox 1790 4220 1879 4289; x_wconf 90' lang='lat' dir='ltr'><strong>qui</strong></span> <span class='ocrx_word' id='word_1_265' title='bbox 1914 4221 2087 4291; x_wconf 89' lang='lat' dir='ltr'><strong>ipsum</strong></span> 
     </span>
    </p>
   </div>
   <div class='ocr_carea' id='block_1_47' title="bbox 502 4310 2087 4384">
    <p class='ocr_par' dir='ltr' id='par_1_47' title="bbox 502 4310 2087 4384">
     <span class='ocr_line' id='line_1_47' title="bbox 502 4310 2087 4384; baseline 0.001 -17"><span class='ocrx_word' id='word_1_266' title='bbox 502 4311 738 4367; x_wconf 82' lang='lat' dir='ltr'><strong>sublime</strong></span> <span class='ocrx_word' id='word_1_267' title='bbox 764 4313 1021 4381; x_wconf 82' lang='lat' dir='ltr'><strong>gestabat</strong></span> <span class='ocrx_word' id='word_1_268' title='bbox 1049 4310 1480 4366; x_wconf 89' lang='lat' dir='ltr'><strong>incolumitatem</strong></span> <span class='ocrx_word' id='word_1_269' title='bbox 1525 4311 1800 4379; x_wconf 61' lang='lat' dir='ltr'><strong>priestitit.</strong></span> <span class='ocrx_word' id='word_1_270' title='bbox 1835 4310 1893 4366; x_wconf 90' lang='lat' dir='ltr'><strong>In</strong></span> <span class='ocrx_word' id='word_1_271' title='bbox 1927 4328 2087 4384; x_wconf 85' lang='lat' dir='ltr'><strong>quem</strong></span> 
     </span>
    </p>
   </div>
   <div class='ocr_carea' id='block_1_48' title="bbox 501 4402 2089 4474">
    <p class='ocr_par' dir='ltr' id='par_1_48' title="bbox 501 4402 2089 4474">
     <span class='ocr_line' id='line_1_48' title="bbox 501 4402 2089 4474; baseline 0.003 -18"><span class='ocrx_word' id='word_1_272' title='bbox 501 4417 625 4457; x_wconf 91' lang='lat' dir='ltr'><strong>cum</strong></span> <span class='ocrx_word' id='word_1_273' title='bbox 650 4402 756 4458; x_wconf 86' lang='lat' dir='ltr'><strong>tela</strong></span> <span class='ocrx_word' id='word_1_274' title='bbox 786 4402 1029 4473; x_wconf 90' lang='lat' dir='ltr'><strong>undique</strong></span> <span class='ocrx_word' id='word_1_275' title='bbox 1077 4402 1416 4471; x_wconf 81' lang='lat' dir='ltr'><strong>iacerentur,</strong></span> <span class='ocrx_word' id='word_1_276' title='bbox 1449 4403 1679 4474; x_wconf 80' lang='lat' dir='ltr'><strong>signifer</strong></span> <span class='ocrx_word' id='word_1_277' title='bbox 1715 4405 1935 4472; x_wconf 88' lang='lat' dir='ltr'><strong>quidem</strong></span> <span class='ocrx_word' id='word_1_278' title='bbox 1972 4407 2089 4474; x_wconf 87' lang='lat' dir='ltr'><strong>ipse</strong></span> 
     </span>
    </p>
   </div>
   <div class='ocr_carea' id='block_1_49' title="bbox 2218 596 3808 673">
    <p class='ocr_par' dir='ltr' id='par_1_49' title="bbox 2218 596 3808 673">
     <span class='ocr_line' id='line_1_49' title="bbox 2218 596 3808 673; baseline 0 -19"><span class='ocrx_word' id='word_1_279' title='bbox 2218 602 2488 672; x_wconf 80' lang='grc' dir='ltr'><strong>σωτηρίου</strong></span> <span class='ocrx_word' id='word_1_280' title='bbox 2519 601 2782 673; x_wconf 82' lang='grc' dir='ltr'><strong>τροπαίου</strong></span> <span class='ocrx_word' id='word_1_281' title='bbox 2821 599 3299 672; x_wconf 64' lang='grc' dir='ltr'>προπμπεύοντος</span> <span class='ocrx_word' id='word_1_282' title='bbox 3347 600 3447 671; x_wconf 79' lang='grc' dir='ltr'><strong>τῆς</strong></span> <span class='ocrx_word' id='word_1_283' title='bbox 3478 600 3614 670; x_wconf 79' lang='grc' dir='ltr'>ἀμφ’</span> <span class='ocrx_word' id='word_1_284' title='bbox 3641 596 3808 654; x_wconf 74' lang='grc' dir='ltr'>αὑτὸν</span> 
     </span>
    </p>
   </div>
   <div class='ocr_carea' id='block_1_50' title="bbox 2216 711 2514 764">
    <p class='ocr_par' dir='ltr' id='par_1_50' title="bbox 2216 711 2514 764">
     <span class='ocr_line' id='line_1_50' title="bbox 2216 711 2514 764; baseline 0.01 -16"><span class='ocrx_word' id='word_1_285' title='bbox 2216 711 2514 764; x_wconf 63' lang='grc' dir='ltr'>φάλαγγος.</span> 
     </span>
    </p>
   </div>
   <div class='ocr_carea' id='block_1_51' title="bbox 2742 784 3254 839">
    <p class='ocr_par' dir='ltr' id='par_1_51' title="bbox 2742 784 3254 839">
     <span class='ocr_line' id='line_1_51' title="bbox 2742 784 3254 839; baseline 0 0"><span class='ocrx_word' id='word_1_286' title='bbox 2742 784 3143 839; x_wconf 79' lang='grc' dir='ltr'><strong>ΚΕΦΛΛΑῙΟΝ</strong></span> <span class='ocrx_word' id='word_1_287' title='bbox 3182 787 3254 839; x_wconf 89' lang='grc' dir='ltr'><strong>Ζ⁹.</strong></span> 
     </span>
    </p>
   </div>
   <div class='ocr_carea' id='block_1_52' title="bbox 2218 873 3805 948">
    <p class='ocr_par' dir='ltr' id='par_1_52' title="bbox 2218 873 3805 948">
     <span class='ocr_line' id='line_1_52' title="bbox 2218 873 3805 948; baseline -0.005 -15"><span class='ocrx_word' id='word_1_288' title='bbox 2218 881 2335 933; x_wconf 87' lang='grc' dir='ltr'><strong>Ὅτι</strong></span> <span class='ocrx_word' id='word_1_289' title='bbox 2364 881 2434 933; x_wconf 77' lang='grc' dir='ltr'><strong>ἐν</strong></span> <span class='ocrx_word' id='word_1_290' title='bbox 2457 878 2761 948; x_wconf 77' lang='grc' dir='ltr'><strong>πολέμοις,</strong></span> <span class='ocrx_word' id='word_1_291' title='bbox 2790 876 3343 948; x_wconf 57' lang='grc' dir='ltr'>ὅποιξσταυροειδὲς</span> <span class='ocrx_word' id='word_1_292' title='bbox 3371 873 3625 944; x_wconf 80' lang='grc' dir='ltr'>σημεῖον</span> <span class='ocrx_word' id='word_1_293' title='bbox 3660 885 3805 941; x_wconf 68' lang='grc' dir='ltr'>παρ-</span> 
     </span>
    </p>
   </div>
   <div class='ocr_carea' id='block_1_53' title="bbox 2506 946 3467 1017">
    <p class='ocr_par' dir='ltr' id='par_1_53' title="bbox 2506 946 3467 1017">
     <span class='ocr_line' id='line_1_53' title="bbox 2506 946 3467 1017; baseline -0.003 -15"><span class='ocrx_word' id='word_1_294' title='bbox 2506 946 2617 1017; x_wconf 69' lang='grc' dir='ltr'>ῆν,</span> <span class='ocrx_word' id='word_1_295' title='bbox 2638 948 2766 1002; x_wconf 84' lang='grc' dir='ltr'>ἐκεῖ</span> <span class='ocrx_word' id='word_1_296' title='bbox 2789 951 2862 1002; x_wconf 81' lang='grc' dir='ltr'>τὰ</span> <span class='ocrx_word' id='word_1_297' title='bbox 2882 946 2991 1016; x_wconf 85' lang='grc' dir='ltr'><strong>τῆς</strong></span> <span class='ocrx_word' id='word_1_298' title='bbox 3020 950 3193 1014; x_wconf 69' lang='grc' dir='ltr'>’νίκης</span> <span class='ocrx_word' id='word_1_299' title='bbox 3216 947 3467 1017; x_wconf 80' lang='grc' dir='ltr'>ἐγίνετο.</span> 
     </span>
    </p>
   </div>
   <div class='ocr_carea' id='block_1_54' title="bbox 2289 1038 3799 1113">
    <p class='ocr_par' dir='ltr' id='par_1_54' title="bbox 2289 1038 3799 1113">
     <span class='ocr_line' id='line_1_54' title="bbox 2289 1038 3799 1113; baseline -0.002 -18"><span class='ocrx_word' id='word_1_300' title='bbox 2289 1042 2460 1096; x_wconf 87' lang='grc' dir='ltr'>Ἔνθα</span> <span class='ocrx_word' id='word_1_301' title='bbox 2490 1042 2535 1096; x_wconf 87' lang='grc' dir='ltr'>δ’</span> <span class='ocrx_word' id='word_1_302' title='bbox 2556 1038 2650 1096; x_wconf 76' lang='grc' dir='ltr'>οὖν</span> <span class='ocrx_word' id='word_1_303' title='bbox 2678 1041 2918 1111; x_wconf 80' lang='grc' dir='ltr'>ἀνεφάνη</span> <span class='ocrx_word' id='word_1_304' title='bbox 2950 1040 3133 1107; x_wconf 81' lang='grc' dir='ltr'>τοῦτο,</span> <span class='ocrx_word' id='word_1_305' title='bbox 3168 1041 3315 1113; x_wconf 80' lang='grc' dir='ltr'>φυγὴ</span> <span class='ocrx_word' id='word_1_306' title='bbox 3360 1042 3457 1112; x_wconf 81' lang='grc' dir='ltr'>μὲν</span> <span class='ocrx_word' id='word_1_307' title='bbox 3487 1040 3598 1093; x_wconf 83' lang='grc' dir='ltr'>τῶν</span> <span class='ocrx_word' id='word_1_308' title='bbox 3640 1041 3799 1093; x_wconf 79' lang='grc' dir='ltr'>ἐναν-</span> 
     </span>
    </p>
   </div>
   <div class='ocr_carea' id='block_1_55' title="bbox 2214 1132 3776 1206">
    <p class='ocr_par' dir='ltr' id='par_1_55' title="bbox 2214 1132 3776 1206">
     <span class='ocr_line' id='line_1_55' title="bbox 2214 1132 3776 1206; baseline 0 -20"><span class='ocrx_word' id='word_1_309' title='bbox 2214 1134 2345 1187; x_wconf 86' lang='grc' dir='ltr'>τίων</span> <span class='ocrx_word' id='word_1_310' title='bbox 2388 1133 2632 1202; x_wconf 80' lang='grc' dir='ltr'>ἐγίνετο,</span> <span class='ocrx_word' id='word_1_311' title='bbox 2676 1133 2859 1198; x_wconf 83' lang='grc' dir='ltr'>δίωξις</span> <span class='ocrx_word' id='word_1_312' title='bbox 2909 1134 2966 1186; x_wconf 82' lang='grc' dir='ltr'>δὲ</span> <span class='ocrx_word' id='word_1_313' title='bbox 2998 1132 3108 1187; x_wconf 87' lang='grc' dir='ltr'><strong>τῶν</strong></span> <span class='ocrx_word' id='word_1_314' title='bbox 3144 1133 3493 1206; x_wconf 86' lang='grc' dir='ltr'>κρατούτων·</span> <span class='ocrx_word' id='word_1_315' title='bbox 3525 1132 3554 1185; x_wconf 85' lang='grc' dir='ltr'><strong>ὃ</strong></span> <span class='ocrx_word' id='word_1_316' title='bbox 3585 1133 3650 1203; x_wconf 82' lang='grc' dir='ltr'>δὴ</span> <span class='ocrx_word' id='word_1_317' title='bbox 3679 1149 3776 1186; x_wconf 89' lang='grc' dir='ltr'><strong>συν</strong></span> 
     </span>
    </p>
   </div>
   <div class='ocr_carea' id='block_1_56' title="bbox 2215 1225 3799 1299">
    <p class='ocr_par' dir='ltr' id='par_1_56' title="bbox 2215 1225 3799 1299">
     <span class='ocr_line' id='line_1_56' title="bbox 2215 1225 3799 1299; baseline 0.001 -20"><span class='ocrx_word' id='word_1_318' title='bbox 2215 1225 2337 1279; x_wconf 81' lang='grc' dir='ltr'>ιδὼν</span> <span class='ocrx_word' id='word_1_319' title='bbox 2364 1230 2391 1280; x_wconf 88' lang='grc' dir='ltr'>ὁ</span> <span class='ocrx_word' id='word_1_320' title='bbox 2422 1226 2691 1297; x_wconf 85' lang='grc' dir='ltr'>βασιλεὺς,</span> <span class='ocrx_word' id='word_1_321' title='bbox 2721 1226 2814 1280; x_wconf 79' lang='grc' dir='ltr'>τοῦ</span> <span class='ocrx_word' id='word_1_322' title='bbox 2833 1228 3034 1280; x_wconf 79' lang='grc' dir='ltr'>οἰκείου</span> <span class='ocrx_word' id='word_1_323' title='bbox 3076 1227 3307 1299; x_wconf 82' lang='grc' dir='ltr'>στρατοῦ</span> <span class='ocrx_word' id='word_1_324' title='bbox 3332 1226 3487 1280; x_wconf 83' lang='grc' dir='ltr'>είπου</span> <span class='ocrx_word' id='word_1_325' title='bbox 3515 1244 3567 1280; x_wconf 86' lang='grc' dir='ltr'><strong>τι</strong></span> <span class='ocrx_word' id='word_1_326' title='bbox 3610 1227 3799 1297; x_wconf 84' lang='grc' dir='ltr'><strong>τάγμα</strong></span> 
     </span>
    </p>
   </div>
   <div class='ocr_carea' id='block_1_57' title="bbox 2214 1317 3794 1391">
    <p class='ocr_par' dir='ltr' id='par_1_57' title="bbox 2214 1317 3794 1391">
     <span class='ocr_line' id='line_1_57' title="bbox 2214 1317 3794 1391; baseline 0.001 -21"><span class='ocrx_word' id='word_1_327' title='bbox 2214 1320 2495 1389; x_wconf 78' lang='grc' dir='ltr'><strong>κεκμηκὸς</strong></span> <span class='ocrx_word' id='word_1_328' title='bbox 2534 1317 2701 1391; x_wconf 80' lang='grc' dir='ltr'>ἐώρα,</span> <span class='ocrx_word' id='word_1_329' title='bbox 2737 1321 2899 1373; x_wconf 79' lang='grc' dir='ltr'>οἱονεί</span> <span class='ocrx_word' id='word_1_330' title='bbox 2921 1337 2976 1371; x_wconf 86' lang='grc' dir='ltr'><strong>τι</strong></span> <span class='ocrx_word' id='word_1_331' title='bbox 3001 1318 3282 1389; x_wconf 83' lang='grc' dir='ltr'>νικητικὸν</span> <span class='ocrx_word' id='word_1_332' title='bbox 3317 1318 3794 1390; x_wconf 80' lang='grc' dir='ltr'>ἀλεξιφάρμακον,</span> 
     </span>
    </p>
   </div>
   <div class='ocr_carea' id='block_1_58' title="bbox 2212 1411 3795 1485">
    <p class='ocr_par' dir='ltr' id='par_1_58' title="bbox 2212 1411 3795 1485">
     <span class='ocr_line' id='line_1_58' title="bbox 2212 1411 3795 1485; baseline 0 -22"><span class='ocrx_word' id='word_1_333' title='bbox 2212 1411 2460 1464; x_wconf 79' lang='grc' dir='ltr'>ἐνταυθοῖ</span> <span class='ocrx_word' id='word_1_334' title='bbox 2486 1411 2547 1464; x_wconf 78' lang='grc' dir='ltr'><strong>τὸ</strong></span> <span class='ocrx_word' id='word_1_335' title='bbox 2575 1415 2840 1485; x_wconf 81' lang='grc' dir='ltr'>σωτήριον</span> <span class='ocrx_word' id='word_1_336' title='bbox 2854 1412 3113 1484; x_wconf 89' lang='grc' dir='ltr'>τρόπαιον</span> <span class='ocrx_word' id='word_1_337' title='bbox 3143 1415 3396 1483; x_wconf 83' lang='grc' dir='ltr'>παρεῖναι</span> <span class='ocrx_word' id='word_1_338' title='bbox 3420 1411 3757 1466; x_wconf 81' lang='grc' dir='ltr'>διεκελεύετο</span> <span class='ocrx_word' id='word_1_339' title='bbox 3780 1428 3795 1442; x_wconf 76' lang='grc' dir='ltr'><strong><em>ο</em></strong></span> 
     </span>
    </p>
   </div>
   <div class='ocr_carea' id='block_1_59' title="bbox 2210 1497 3800 1576">
    <p class='ocr_par' dir='ltr' id='par_1_59' title="bbox 2210 1497 3800 1576">
     <span class='ocr_line' id='line_1_59' title="bbox 2210 1497 3800 1576; baseline 0.001 -20"><span class='ocrx_word' id='word_1_340' title='bbox 2210 1497 2255 1571; x_wconf 84' lang='grc' dir='ltr'>ᾧ</span> <span class='ocrx_word' id='word_1_341' title='bbox 2294 1505 2610 1575; x_wconf 79' lang='grc' dir='ltr'>παραυτίκα</span> <span class='ocrx_word' id='word_1_342' title='bbox 2660 1507 3013 1574; x_wconf 81' lang='grc' dir='ltr'>συνανέφαινε</span> <span class='ocrx_word' id='word_1_343' title='bbox 3053 1506 3200 1575; x_wconf 88' lang='grc' dir='ltr'>νίκη,</span> <span class='ocrx_word' id='word_1_344' title='bbox 3246 1505 3421 1576; x_wconf 64' lang='grc' dir='ltr'>ἀλκῆς</span> <span class='ocrx_word' id='word_1_345' title='bbox 3466 1506 3562 1560; x_wconf 75' lang='grc' dir='ltr'>καὶ</span> <span class='ocrx_word' id='word_1_346' title='bbox 3609 1505 3800 1576; x_wconf 78' lang='grc' dir='ltr'>ῥώμης</span> 
     </span>
    </p>
   </div>
   <div class='ocr_carea' id='block_1_60' title="bbox 2215 1596 3798 1670">
    <p class='ocr_par' dir='ltr' id='par_1_60' title="bbox 2215 1596 3798 1670">
     <span class='ocr_line' id='line_1_60' title="bbox 2215 1596 3798 1670; baseline 0.002 -22"><span class='ocrx_word' id='word_1_347' title='bbox 2215 1596 2312 1650; x_wconf 82' lang='grc' dir='ltr'><strong>σὺν</strong></span> <span class='ocrx_word' id='word_1_348' title='bbox 2365 1596 2487 1668; x_wconf 77' lang='grc' dir='ltr'>θεία</span> <span class='ocrx_word' id='word_1_349' title='bbox 2527 1598 2636 1651; x_wconf 86' lang='grc' dir='ltr'><strong>τινί</strong></span> <span class='ocrx_word' id='word_1_350' title='bbox 2687 1599 2857 1670; x_wconf 79' lang='grc' dir='ltr'>μοίρᾳ</span> <span class='ocrx_word' id='word_1_351' title='bbox 2894 1598 3242 1670; x_wconf 89' lang='grc' dir='ltr'>δυναμούσης</span> <span class='ocrx_word' id='word_1_352' title='bbox 3284 1599 3411 1662; x_wconf 78' lang='grc' dir='ltr'>τοὺς</span> <span class='ocrx_word' id='word_1_353' title='bbox 3457 1596 3798 1669; x_wconf 76' lang='grc' dir='ltr'>ἀγωνιζομέ-</span> 
     </span>
    </p>
   </div>
   <div class='ocr_carea' id='block_1_61' title="bbox 2212 1706 2353 1753">
    <p class='ocr_par' dir='ltr' id='par_1_61' title="bbox 2212 1706 2353 1753">
     <span class='ocr_line' id='line_1_61' title="bbox 2212 1706 2353 1753; baseline -0.014 -13"><span class='ocrx_word' id='word_1_354' title='bbox 2212 1706 2353 1753; x_wconf 88' lang='grc' dir='ltr'>νυυς.</span> 
     </span>
    </p>
   </div>
   <div class='ocr_carea' id='block_1_62' title="bbox 2746 1852 3263 1906">
    <p class='ocr_par' dir='ltr' id='par_1_62' title="bbox 2746 1852 3263 1906">
     <span class='ocr_line' id='line_1_62' title="bbox 2746 1852 3263 1906; baseline 0.004 -2"><span class='ocrx_word' id='word_1_355' title='bbox 2746 1853 3143 1906; x_wconf 78' lang='grc' dir='ltr'><strong>ΚΕΦΔΛΛΙΟΝ</strong></span> <span class='ocrx_word' id='word_1_356' title='bbox 3181 1852 3263 1906; x_wconf 83' lang='grc' dir='ltr'><strong>Η’.</strong></span> 
     </span>
    </p>
   </div>
   <div class='ocr_carea' id='block_1_63' title="bbox 2213 1943 3796 2018">
    <p class='ocr_par' dir='ltr' id='par_1_63' title="bbox 2213 1943 3796 2018">
     <span class='ocr_line' id='line_1_63' title="bbox 2213 1943 3796 2018; baseline 0.004 -23"><span class='ocrx_word' id='word_1_357' title='bbox 2213 1944 2334 1997; x_wconf 86' lang='grc' dir='ltr'>Ὅτι</span> <span class='ocrx_word' id='word_1_358' title='bbox 2375 1943 2756 2011; x_wconf 72' lang='grc' dir='ltr'>πεντήκοντα</span> <span class='ocrx_word' id='word_1_359' title='bbox 2788 1945 2896 1999; x_wconf 80' lang='grc' dir='ltr'><strong>τὸν</strong></span> <span class='ocrx_word' id='word_1_360' title='bbox 2929 1947 3199 2015; x_wconf 82' lang='grc' dir='ltr'>σταυρὸν</span> <span class='ocrx_word' id='word_1_361' title='bbox 3234 1946 3440 2016; x_wconf 76' lang='grc' dir='ltr'>φέρειν</span> <span class='ocrx_word' id='word_1_362' title='bbox 3476 1946 3796 2018; x_wconf 81' lang='grc' dir='ltr'><strong>ἐξελέχθη-</strong></span> 
     </span>
    </p>
   </div>
   <div class='ocr_carea' id='block_1_64' title="bbox 2931 2033 3074 2071">
    <p class='ocr_par' dir='ltr' id='par_1_64' title="bbox 2931 2033 3074 2071">
     <span class='ocr_line' id='line_1_64' title="bbox 2931 2033 3074 2071; baseline 0 -1"><span class='ocrx_word' id='word_1_363' title='bbox 2931 2033 3074 2071; x_wconf 87' lang='grc' dir='ltr'>σαν.</span> 
     </span>
    </p>
   </div>
   <div class='ocr_carea' id='block_1_65' title="bbox 2281 2105 3796 2178">
    <p class='ocr_par' dir='ltr' id='par_1_65' title="bbox 2281 2105 3796 2178">
     <span class='ocr_line' id='line_1_65' title="bbox 2281 2105 3796 2178; baseline 0.004 -19"><span class='ocrx_word' id='word_1_364' title='bbox 2281 2107 2373 2160; x_wconf 87' lang='grc' dir='ltr'>Διὸ</span> <span class='ocrx_word' id='word_1_365' title='bbox 2406 2105 2471 2176; x_wconf 84' lang='grc' dir='ltr'>δὴ</span> <span class='ocrx_word' id='word_1_366' title='bbox 2506 2106 2615 2160; x_wconf 82' lang='grc' dir='ltr'><strong>τῶν</strong></span> <span class='ocrx_word' id='word_1_367' title='bbox 2646 2108 2782 2178; x_wconf 85' lang='grc' dir='ltr'>ἀμφ’</span> <span class='ocrx_word' id='word_1_368' title='bbox 2814 2108 2977 2162; x_wconf 77' lang='grc' dir='ltr'>αὐτὸν</span> <span class='ocrx_word' id='word_1_369' title='bbox 3007 2109 3369 2163; x_wconf 82' lang='grc' dir='ltr'><strong>ὑπασπιστῶν</strong></span> <span class='ocrx_word' id='word_1_370' title='bbox 3400 2112 3513 2174; x_wconf 88' lang='grc' dir='ltr'>τοῖς</span> <span class='ocrx_word' id='word_1_371' title='bbox 3562 2113 3657 2165; x_wconf 82' lang='grc' dir='ltr'>καὶ</span> <span class='ocrx_word' id='word_1_372' title='bbox 3689 2110 3796 2164; x_wconf 84' lang='grc' dir='ltr'><strong>σὼ-</strong></span> 
     </span>
    </p>
   </div>
   <div class='ocr_carea' id='block_1_66' title="bbox 2212 2198 3797 2275">
    <p class='ocr_par' dir='ltr' id='par_1_66' title="bbox 2212 2198 3797 2275">
     <span class='ocr_line' id='line_1_66' title="bbox 2212 2198 3797 2275; baseline 0.004 -24"><span class='ocrx_word' id='word_1_373' title='bbox 2212 2216 2381 2268; x_wconf 84' lang='grc' dir='ltr'>ματος</span> <span class='ocrx_word' id='word_1_374' title='bbox 2406 2198 2550 2271; x_wconf 86' lang='grc' dir='ltr'>ίσχύῖ</span> <span class='ocrx_word' id='word_1_375' title='bbox 2579 2200 2674 2253; x_wconf 78' lang='grc' dir='ltr'>καὶ</span> <span class='ocrx_word' id='word_1_376' title='bbox 2705 2200 2883 2271; x_wconf 79' lang='grc' dir='ltr'>ψυχῆς</span> <span class='ocrx_word' id='word_1_377' title='bbox 2909 2202 3076 2273; x_wconf 77' lang='grc' dir='ltr'>ἀρετῇ</span> <span class='ocrx_word' id='word_1_378' title='bbox 3112 2203 3209 2256; x_wconf 75' lang='grc' dir='ltr'>καὶ</span> <span class='ocrx_word' id='word_1_379' title='bbox 3242 2201 3553 2267; x_wconf 73' lang='grc' dir='ltr'>θεοσεϐείας</span> <span class='ocrx_word' id='word_1_380' title='bbox 3574 2202 3797 2275; x_wconf 83' lang='grc' dir='ltr'>τρόποις</span> 
     </span>
    </p>
   </div>
   <div class='ocr_carea' id='block_1_67' title="bbox 2208 2289 3793 2366">
    <p class='ocr_par' dir='ltr' id='par_1_67' title="bbox 2208 2289 3793 2366">
     <span class='ocr_line' id='line_1_67' title="bbox 2208 2289 3793 2366; baseline 0.004 -25"><span class='ocrx_word' id='word_1_381' title='bbox 2208 2289 2502 2360; x_wconf 86' lang='grc' dir='ltr'>ὲγκρίτοις,</span> <span class='ocrx_word' id='word_1_382' title='bbox 2530 2290 2667 2361; x_wconf 80' lang='grc' dir='ltr'>μόνῃ</span> <span class='ocrx_word' id='word_1_383' title='bbox 2697 2294 2763 2362; x_wconf 80' lang='grc' dir='ltr'>τῇ</span> <span class='ocrx_word' id='word_1_384' title='bbox 2795 2289 2889 2344; x_wconf 82' lang='grc' dir='ltr'><strong>τοῦ</strong></span> <span class='ocrx_word' id='word_1_385' title='bbox 2919 2292 3148 2362; x_wconf 86' lang='grc' dir='ltr'>σημείου</span> <span class='ocrx_word' id='word_1_386' title='bbox 3173 2292 3424 2365; x_wconf 83' lang='grc' dir='ltr'>διακονίᾳ</span> <span class='ocrx_word' id='word_1_387' title='bbox 3445 2310 3793 2366; x_wconf 86' lang='grc' dir='ltr'>προσκαρτε-</span> 
     </span>
    </p>
   </div>
   <div class='ocr_carea' id='block_1_68' title="bbox 2213 2377 3796 2457">
    <p class='ocr_par' dir='ltr' id='par_1_68' title="bbox 2213 2377 3796 2457">
     <span class='ocr_line' id='line_1_68' title="bbox 2213 2377 3796 2457; baseline 0.004 -23"><span class='ocrx_word' id='word_1_388' title='bbox 2213 2384 2325 2454; x_wconf 88' lang='grc' dir='ltr'>ρεῖν</span> <span class='ocrx_word' id='word_1_389' title='bbox 2343 2380 2596 2435; x_wconf 73' lang='grc' dir='ltr'>ἐκέλευεν</span> <span class='ocrx_word' id='word_1_390' title='bbox 2611 2400 2623 2412; x_wconf 92' lang='grc'>·</span> <span class='ocrx_word' id='word_1_391' title='bbox 2654 2377 2796 2452; x_wconf 85' lang='grc' dir='ltr'>ἦσαν</span> <span class='ocrx_word' id='word_1_392' title='bbox 2821 2382 2869 2436; x_wconf 82' lang='grc' dir='ltr'>δ’</span> <span class='ocrx_word' id='word_1_393' title='bbox 2897 2383 3091 2453; x_wconf 78' lang='grc' dir='ltr'>ἄνδρες</span> <span class='ocrx_word' id='word_1_394' title='bbox 3106 2384 3199 2438; x_wconf 83' lang='grc' dir='ltr'><strong>τὸν</strong></span> <span class='ocrx_word' id='word_1_395' title='bbox 3213 2384 3446 2457; x_wconf 85' lang='grc' dir='ltr'>ἀριθμὸν</span> <span class='ocrx_word' id='word_1_396' title='bbox 3474 2385 3573 2456; x_wconf 84' lang='grc' dir='ltr'>οὐχ</span> <span class='ocrx_word' id='word_1_397' title='bbox 3595 2385 3796 2456; x_wconf 78' lang='grc' dir='ltr'>ἥττους</span> 
     </span>
    </p>
   </div>
   <div class='ocr_carea' id='block_1_69' title="bbox 2208 2469 3794 2547">
    <p class='ocr_par' dir='ltr' id='par_1_69' title="bbox 2208 2469 3794 2547">
     <span class='ocr_line' id='line_1_69' title="bbox 2208 2469 3794 2547; baseline 0.004 -21"><span class='ocrx_word' id='word_1_398' title='bbox 2208 2474 2547 2544; x_wconf 79' lang='grc' dir='ltr'>πεντήκοντα</span> <span class='ocrx_word' id='word_1_399' title='bbox 2578 2474 2716 2543; x_wconf 70' lang='grc'>(40),</span> <span class='ocrx_word' id='word_1_400' title='bbox 2730 2469 2811 2538; x_wconf 71' lang='grc' dir='ltr'>οἷς</span> <span class='ocrx_word' id='word_1_401' title='bbox 2823 2474 2976 2529; x_wconf 77' lang='grc' dir='ltr'>οὐδὲν</span> <span class='ocrx_word' id='word_1_402' title='bbox 3000 2475 3187 2547; x_wconf 72' lang='grc' dir='ltr'>ἕτερον</span> <span class='ocrx_word' id='word_1_403' title='bbox 3202 2471 3270 2547; x_wconf 76' lang='grc' dir='ltr'><strong>ἦν</strong></span> <span class='ocrx_word' id='word_1_404' title='bbox 3298 2476 3481 2547; x_wconf 85' lang='grc' dir='ltr'>μόνον,</span> <span class='ocrx_word' id='word_1_405' title='bbox 3506 2475 3794 2547; x_wconf 76' lang='grc' dir='ltr'>ἢκυκλοῦν</span> 
     </span>
    </p>
   </div>
   <div class='ocr_carea' id='block_1_70' title="bbox 2206 2566 3793 2641">
    <p class='ocr_par' dir='ltr' id='par_1_70' title="bbox 2206 2566 3793 2641">
     <span class='ocr_line' id='line_1_70' title="bbox 2206 2566 3793 2641; baseline 0.004 -23"><span class='ocrx_word' id='word_1_406' title='bbox 2206 2566 2298 2618; x_wconf 71' lang='grc' dir='ltr'>καὶ</span> <span class='ocrx_word' id='word_1_407' title='bbox 2315 2566 2598 2637; x_wconf 79' lang='grc' dir='ltr'>περιέπειν</span> <span class='ocrx_word' id='word_1_408' title='bbox 2612 2567 2913 2640; x_wconf 81' lang='grc' dir='ltr'>δορυφορίᾳ</span> <span class='ocrx_word' id='word_1_409' title='bbox 2924 2567 2985 2622; x_wconf 73' lang='grc' dir='ltr'>τὸ</span> <span class='ocrx_word' id='word_1_410' title='bbox 3000 2571 3226 2639; x_wconf 84' lang='grc' dir='ltr'>σημεῖον</span> <span class='ocrx_word' id='word_1_411' title='bbox 3241 2569 3547 2641; x_wconf 80' lang='grc' dir='ltr'>άμοιϐαίως</span> <span class='ocrx_word' id='word_1_412' title='bbox 3560 2571 3793 2625; x_wconf 76' lang='grc' dir='ltr'>ἑκάστου</span> 
     </span>
    </p>
   </div>
   <div class='ocr_carea' id='block_1_71' title="bbox 2205 2660 3794 2733">
    <p class='ocr_par' dir='ltr' id='par_1_71' title="bbox 2205 2660 3794 2733">
     <span class='ocr_line' id='line_1_71' title="bbox 2205 2660 3794 2733; baseline 0.002 -20"><span class='ocrx_word' id='word_1_413' title='bbox 2205 2660 2338 2714; x_wconf 79' lang='grc' dir='ltr'>αὐτὸ</span> <span class='ocrx_word' id='word_1_414' title='bbox 2355 2662 2450 2715; x_wconf 72' lang='grc' dir='ltr'>ἐπὶ</span> <span class='ocrx_word' id='word_1_415' title='bbox 2481 2661 2589 2714; x_wconf 85' lang='grc' dir='ltr'><strong>τῶν</strong></span> <span class='ocrx_word' id='word_1_416' title='bbox 2607 2660 2775 2733; x_wconf 79' lang='grc' dir='ltr'>ὤμων</span> <span class='ocrx_word' id='word_1_417' title='bbox 2795 2661 3072 2733; x_wconf 79' lang='grc' dir='ltr'>φέροντος.</span> <span class='ocrx_word' id='word_1_418' title='bbox 3110 2660 3295 2716; x_wconf 79' lang='grc' dir='ltr'>Ταῦτα</span> <span class='ocrx_word' id='word_1_419' title='bbox 3324 2662 3577 2733; x_wconf 78' lang='grc' dir='ltr'>βασιλεὺς</span> <span class='ocrx_word' id='word_1_420' title='bbox 3607 2662 3794 2728; x_wconf 80' lang='grc' dir='ltr'>αὐτὸς,</span> 
     </span>
    </p>
   </div>
   <div class='ocr_carea' id='block_1_72' title="bbox 2202 2751 3795 2825">
    <p class='ocr_par' dir='ltr' id='par_1_72' title="bbox 2202 2751 3795 2825">
     <span class='ocr_line' id='line_1_72' title="bbox 2202 2751 3795 2825; baseline 0.001 -19"><span class='ocrx_word' id='word_1_421' title='bbox 2202 2755 2317 2817; x_wconf 82' lang='grc' dir='ltr'>τοῖς</span> <span class='ocrx_word' id='word_1_422' title='bbox 2373 2751 2473 2824; x_wconf 83' lang='grc' dir='ltr'>τὴν</span> <span class='ocrx_word' id='word_1_423' title='bbox 2518 2752 2740 2824; x_wconf 85' lang='grc' dir='ltr'>γραφὴν</span> <span class='ocrx_word' id='word_1_424' title='bbox 2792 2754 3161 2824; x_wconf 69' lang='grc' dir='ltr'>ποιουμένοις,</span> <span class='ocrx_word' id='word_1_425' title='bbox 3212 2752 3308 2806; x_wconf 76' lang='grc' dir='ltr'>ἐπὶ</span> <span class='ocrx_word' id='word_1_426' title='bbox 3361 2752 3557 2824; x_wconf 83' lang='grc' dir='ltr'>καιροῦ</span> <span class='ocrx_word' id='word_1_427' title='bbox 3599 2753 3795 2825; x_wconf 78' lang='grc' dir='ltr'>σχολῆς</span> 
     </span>
    </p>
   </div>
   <div class='ocr_carea' id='block_1_73' title="bbox 2208 2844 3794 2918">
    <p class='ocr_par' dir='ltr' id='par_1_73' title="bbox 2208 2844 3794 2918">
     <span class='ocr_line' id='line_1_73' title="bbox 2208 2844 3794 2918; baseline 0.001 -19"><span class='ocrx_word' id='word_1_428' title='bbox 2208 2845 2406 2917; x_wconf 84' lang='grc' dir='ltr'>μακρῷ</span> <span class='ocrx_word' id='word_1_429' title='bbox 2449 2844 2559 2899; x_wconf 88' lang='grc' dir='ltr'>τῶν</span> <span class='ocrx_word' id='word_1_430' title='bbox 2598 2846 2943 2918; x_wconf 82' lang='grc' dir='ltr'>πραγμάτων</span> <span class='ocrx_word' id='word_1_431' title='bbox 2978 2845 3207 2916; x_wconf 78' lang='grc' dir='ltr'>ὕστερον</span> <span class='ocrx_word' id='word_1_432' title='bbox 3246 2847 3529 2917; x_wconf 83' lang='grc' dir='ltr'>ὑφηγεῖτο,</span> <span class='ocrx_word' id='word_1_433' title='bbox 3566 2863 3794 2917; x_wconf 80' lang='grc' dir='ltr'>προστι-</span> 
     </span>
    </p>
   </div>
   <div class='ocr_carea' id='block_1_74' title="bbox 2205 2937 3612 3010">
    <p class='ocr_par' dir='ltr' id='par_1_74' title="bbox 2205 2937 3612 3010">
     <span class='ocr_line' id='line_1_74' title="bbox 2205 2937 3612 3010; baseline -0.001 -18"><span class='ocrx_word' id='word_1_434' title='bbox 2205 2939 2320 3002; x_wconf 79' lang='grc' dir='ltr'>θεὶς</span> <span class='ocrx_word' id='word_1_435' title='bbox 2343 2937 2437 2992; x_wconf 88' lang='grc' dir='ltr'><strong>καί</strong></span> <span class='ocrx_word' id='word_1_436' title='bbox 2458 2956 2511 2991; x_wconf 88' lang='grc' dir='ltr'><strong>τι</strong></span> <span class='ocrx_word' id='word_1_437' title='bbox 2541 2938 2981 3010; x_wconf 82' lang='grc' dir='ltr'>μνημονευθῆναι</span> <span class='ocrx_word' id='word_1_438' title='bbox 3005 2937 3156 3005; x_wconf 73' lang='grc' dir='ltr'>ἄξιον</span> <span class='ocrx_word' id='word_1_439' title='bbox 3189 2937 3269 3010; x_wconf 81' lang='grc' dir='ltr'>τῷ</span> <span class='ocrx_word' id='word_1_440' title='bbox 3295 2938 3612 3009; x_wconf 87' lang='grc' dir='ltr'>διηγήματι.</span> 
     </span>
    </p>
   </div>
   <div class='ocr_carea' id='block_1_75' title="bbox 2732 3196 3245 3289">
    <p class='ocr_par' dir='ltr' id='par_1_75' title="bbox 2732 3196 3245 3289">
     <span class='ocr_line' id='line_1_75' title="bbox 2732 3196 3245 3289; baseline 0.004 -2"><span class='ocrx_word' id='word_1_441' title='bbox 2732 3196 3130 3288; x_wconf 56' lang='grc' dir='ltr'><strong>(ΕΦΑΑΑΙΟΝ</strong></span> <span class='ocrx_word' id='word_1_442' title='bbox 3165 3234 3245 3289; x_wconf 70' lang='grc' dir='ltr'><strong>θ’.</strong></span> 
     </span>
    </p>
   </div>
   <div class='ocr_carea' id='block_1_76' title="bbox 2204 3324 3791 3397">
    <p class='ocr_par' dir='ltr' id='par_1_76' title="bbox 2204 3324 3791 3397">
     <span class='ocr_line' id='line_1_76' title="bbox 2204 3324 3791 3397; baseline 0.003 -19"><span class='ocrx_word' id='word_1_443' title='bbox 2204 3325 2328 3378; x_wconf 87' lang='grc' dir='ltr'>Ὅτι</span> <span class='ocrx_word' id='word_1_444' title='bbox 2365 3324 2485 3379; x_wconf 84' lang='grc' dir='ltr'>τῶν</span> <span class='ocrx_word' id='word_1_445' title='bbox 2519 3326 2951 3397; x_wconf 71' lang='grc' dir='ltr'>σταυροςοόρων</span> <span class='ocrx_word' id='word_1_446' title='bbox 2989 3326 3257 3394; x_wconf 77' lang='grc' dir='ltr'><strong>ἀνῃρέθη</strong></span> <span class='ocrx_word' id='word_1_447' title='bbox 3291 3325 3410 3397; x_wconf 73' lang='grc' dir='ltr'><strong>μὲν</strong></span> <span class='ocrx_word' id='word_1_448' title='bbox 3431 3328 3465 3380; x_wconf 85' lang='grc' dir='ltr'><em>ὁ</em></span> <span class='ocrx_word' id='word_1_449' title='bbox 3501 3325 3730 3397; x_wconf 61' lang='grc' dir='ltr'>φυγὼν,</span> <span class='ocrx_word' id='word_1_450' title='bbox 3755 3330 3791 3383; x_wconf 83' lang='grc' dir='ltr'><em>ό</em></span> 
     </span>
    </p>
   </div>
   <div class='ocr_carea' id='block_1_77' title="bbox 2519 3395 3467 3467">
    <p class='ocr_par' dir='ltr' id='par_1_77' title="bbox 2519 3395 3467 3467">
     <span class='ocr_line' id='line_1_77' title="bbox 2519 3395 3467 3467; baseline 0.001 -19"><span class='ocrx_word' id='word_1_451' title='bbox 2519 3396 2589 3449; x_wconf 84' lang='grc' dir='ltr'><em>δέ</em></span> <span class='ocrx_word' id='word_1_452' title='bbox 2613 3396 2814 3450; x_wconf 82' lang='grc' dir='ltr'>πίστει</span> <span class='ocrx_word' id='word_1_453' title='bbox 2838 3398 3210 3467; x_wconf 75' lang='grc' dir='ltr'>παραμείνας</span> <span class='ocrx_word' id='word_1_454' title='bbox 3249 3395 3467 3465; x_wconf 84' lang='grc' dir='ltr'><strong>ἐσώθη.</strong></span> 
     </span>
    </p>
   </div>
   <div class='ocr_carea' id='block_1_78' title="bbox 2274 3487 3788 3562">
    <p class='ocr_par' dir='ltr' id='par_1_78' title="bbox 2274 3487 3788 3562">
     <span class='ocr_line' id='line_1_78' title="bbox 2274 3487 3788 3562; baseline 0.001 -21"><span class='ocrx_word' id='word_1_455' title='bbox 2274 3488 2419 3558; x_wconf 83' lang='grc' dir='ltr'><strong>Ἔφη</strong></span> <span class='ocrx_word' id='word_1_456' title='bbox 2452 3487 2563 3559; x_wconf 87' lang='grc' dir='ltr'><strong>γάρ</strong></span> <span class='ocrx_word' id='word_1_457' title='bbox 2595 3488 2717 3541; x_wconf 84' lang='grc' dir='ltr'>ποτ’</span> <span class='ocrx_word' id='word_1_458' title='bbox 2750 3488 2810 3540; x_wconf 84' lang='grc' dir='ltr'><strong>ὲν</strong></span> <span class='ocrx_word' id='word_1_459' title='bbox 2845 3487 2986 3562; x_wconf 82' lang='grc' dir='ltr'>μέσῃ</span> <span class='ocrx_word' id='word_1_460' title='bbox 3013 3490 3080 3559; x_wconf 77' lang='grc' dir='ltr'>τῇ</span> <span class='ocrx_word' id='word_1_461' title='bbox 3117 3487 3213 3541; x_wconf 80' lang='grc' dir='ltr'>τοῦ</span> <span class='ocrx_word' id='word_1_462' title='bbox 3245 3488 3484 3560; x_wconf 81' lang='grc' dir='ltr'>πολέμου</span> <span class='ocrx_word' id='word_1_463' title='bbox 3520 3488 3788 3562; x_wconf 76' lang='grc' dir='ltr'>συμδολῇ,</span> 
     </span>
    </p>
   </div>
   <div class='ocr_carea' id='block_1_79' title="bbox 2199 3578 3788 3652">
    <p class='ocr_par' dir='ltr' id='par_1_79' title="bbox 2199 3578 3788 3652">
     <span class='ocr_line' id='line_1_79' title="bbox 2199 3578 3788 3652; baseline 0.001 -19"><span class='ocrx_word' id='word_1_464' title='bbox 2199 3579 2406 3634; x_wconf 81' lang='grc' dir='ltr'>κτύπου</span> <span class='ocrx_word' id='word_1_465' title='bbox 2444 3579 2534 3633; x_wconf 76' lang='grc' dir='ltr'>καὶ</span> <span class='ocrx_word' id='word_1_466' title='bbox 2567 3579 2815 3651; x_wconf 84' lang='grc' dir='ltr'>ταραχῆς</span> <span class='ocrx_word' id='word_1_467' title='bbox 2852 3579 3058 3651; x_wconf 83' lang='grc' dir='ltr'>ἀθρόας</span> <span class='ocrx_word' id='word_1_468' title='bbox 3103 3578 3465 3652; x_wconf 79' lang='grc' dir='ltr'>διαλαϐούσης</span> <span class='ocrx_word' id='word_1_469' title='bbox 3517 3580 3578 3635; x_wconf 81' lang='grc' dir='ltr'><strong>τὸ</strong></span> <span class='ocrx_word' id='word_1_470' title='bbox 3623 3599 3788 3652; x_wconf 87' lang='grc' dir='ltr'>στρα-</span> 
     </span>
    </p>
   </div>
   <div class='ocr_carea' id='block_1_80' title="bbox 2196 3669 3788 3744">
    <p class='ocr_par' dir='ltr' id='par_1_80' title="bbox 2196 3669 3788 3744">
     <span class='ocr_line' id='line_1_80' title="bbox 2196 3669 3788 3744; baseline 0.002 -20"><span class='ocrx_word' id='word_1_471' title='bbox 2196 3670 2475 3734; x_wconf 73' lang='grc' dir='ltr'>τιωτικὸν,</span> <span class='ocrx_word' id='word_1_472' title='bbox 2503 3670 2590 3724; x_wconf 81' lang='grc' dir='ltr'><strong>τὸν</strong></span> <span class='ocrx_word' id='word_1_473' title='bbox 2613 3670 2707 3724; x_wconf 71' lang='grc' dir='ltr'><strong>ἐπὶ</strong></span> <span class='ocrx_word' id='word_1_474' title='bbox 2729 3670 2842 3724; x_wconf 82' lang='grc' dir='ltr'>τῶν</span> <span class='ocrx_word' id='word_1_475' title='bbox 2861 3669 3028 3742; x_wconf 69' lang='grc' dir='ltr'>ὤμων</span> <span class='ocrx_word' id='word_1_476' title='bbox 3060 3670 3295 3742; x_wconf 82' lang='grc' dir='ltr'>φέροντα</span> <span class='ocrx_word' id='word_1_477' title='bbox 3332 3671 3397 3725; x_wconf 79' lang='grc' dir='ltr'>τὸ</span> <span class='ocrx_word' id='word_1_478' title='bbox 3424 3673 3649 3744; x_wconf 85' lang='grc' dir='ltr'>σημεῖον</span> <span class='ocrx_word' id='word_1_479' title='bbox 3681 3672 3788 3727; x_wconf 78' lang='grc' dir='ltr'><strong>ὑπὸ</strong></span> 
     </span>
    </p>
   </div>
   <div class='ocr_carea' id='block_1_81' title="bbox 2196 3762 3893 3840">
    <p class='ocr_par' dir='ltr' id='par_1_81' title="bbox 2196 3762 3893 3840">
     <span class='ocr_line' id='line_1_81' title="bbox 2196 3762 3893 3840; baseline -0.001 -21"><span class='ocrx_word' id='word_1_480' title='bbox 2196 3765 2402 3829; x_wconf 79' lang='grc' dir='ltr'>δειλίας</span> <span class='ocrx_word' id='word_1_481' title='bbox 2432 3765 2490 3817; x_wconf 78' lang='grc' dir='ltr'><strong>ὲν</strong></span> <span class='ocrx_word' id='word_1_482' title='bbox 2523 3763 2730 3836; x_wconf 81' lang='grc' dir='ltr'>ἀγωνίᾳ</span> <span class='ocrx_word' id='word_1_483' title='bbox 2780 3762 3054 3832; x_wconf 83' lang='grc' dir='ltr'>γενέσθαι,</span> <span class='ocrx_word' id='word_1_484' title='bbox 3098 3764 3334 3819; x_wconf 78' lang='grc' dir='ltr'>κᾶπειτα</span> <span class='ocrx_word' id='word_1_485' title='bbox 3374 3764 3785 3836; x_wconf 82' lang='grc' dir='ltr'>μεταπαραδοῦ-</span> <span class='ocrx_word' id='word_1_486' title='bbox 3886 3832 3893 3840; x_wconf 33' lang='grc' dir='ltr'>η</span> 
     </span>
    </p>
   </div>
   <div class='ocr_carea' id='block_1_82' title="bbox 2195 3853 3786 3927">
    <p class='ocr_par' dir='ltr' id='par_1_82' title="bbox 2195 3853 3786 3927">
     <span class='ocr_line' id='line_1_82' title="bbox 2195 3853 3786 3927; baseline -0.001 -16"><span class='ocrx_word' id='word_1_487' title='bbox 2195 3875 2283 3911; x_wconf 88' lang='grc' dir='ltr'><strong>ναι</strong></span> <span class='ocrx_word' id='word_1_488' title='bbox 2305 3856 2439 3911; x_wconf 80' lang='grc' dir='ltr'>αὐτὸ</span> <span class='ocrx_word' id='word_1_489' title='bbox 2459 3857 2650 3927; x_wconf 80' lang='grc' dir='ltr'>ἑτέρῳ,</span> <span class='ocrx_word' id='word_1_490' title='bbox 2684 3855 2761 3919; x_wconf 86' lang='grc' dir='ltr'>ὡς</span> <span class='ocrx_word' id='word_1_491' title='bbox 2789 3855 2855 3908; x_wconf 88' lang='grc' dir='ltr'>ἂν</span> <span class='ocrx_word' id='word_1_492' title='bbox 2878 3853 3132 3924; x_wconf 80' lang='grc' dir='ltr'>διαφύγοι</span> <span class='ocrx_word' id='word_1_493' title='bbox 3163 3855 3255 3909; x_wconf 82' lang='grc' dir='ltr'><strong>τὸν</strong></span> <span class='ocrx_word' id='word_1_494' title='bbox 3284 3855 3538 3926; x_wconf 75' lang='grc' dir='ltr'>πόλεμον.</span> <span class='ocrx_word' id='word_1_495' title='bbox 3576 3857 3665 3920; x_wconf 83' lang='grc' dir='ltr'>Ὠς</span> <span class='ocrx_word' id='word_1_496' title='bbox 3692 3856 3738 3908; x_wconf 76' lang='grc' dir='ltr'>δ’</span> <span class='ocrx_word' id='word_1_497' title='bbox 3757 3858 3786 3910; x_wconf 84' lang='grc' dir='ltr'><strong>ὁ</strong></span> 
     </span>
    </p>
   </div>
   <div class='ocr_carea' id='block_1_83' title="bbox 2199 3942 3787 4017">
    <p class='ocr_par' dir='ltr' id='par_1_83' title="bbox 2199 3942 3787 4017">
     <span class='ocr_line' id='line_1_83' title="bbox 2199 3942 3787 4017; baseline -0.001 -17"><span class='ocrx_word' id='word_1_498' title='bbox 2199 3947 2296 4017; x_wconf 84' lang='grc' dir='ltr'>μὲν</span> <span class='ocrx_word' id='word_1_499' title='bbox 2341 3945 2698 4010; x_wconf 62' lang='grc' dir='ltr'>ὑωδέδεκτο,</span> <span class='ocrx_word' id='word_1_500' title='bbox 2739 3945 2769 3997; x_wconf 84' lang='grc' dir='ltr'>ὁ</span> <span class='ocrx_word' id='word_1_501' title='bbox 2805 3943 2848 3997; x_wconf 83' lang='grc' dir='ltr'>δ’</span> <span class='ocrx_word' id='word_1_502' title='bbox 2879 3942 3127 4006; x_wconf 78' lang='grc' dir='ltr'>ὑπεκόάς</span> <span class='ocrx_word' id='word_1_503' title='bbox 3165 3943 3301 4013; x_wconf 73' lang='grc' dir='ltr'><strong>(Η),</strong></span> <span class='ocrx_word' id='word_1_504' title='bbox 3356 3943 3518 4008; x_wconf 76' lang='grc' dir='ltr'>ἐκτὸς</span> <span class='ocrx_word' id='word_1_505' title='bbox 3562 3945 3787 4012; x_wconf 75' lang='grc' dir='ltr'>ἐγένετο</span> 
     </span>
    </p>
   </div>
   <div class='ocr_carea' id='block_1_84' title="bbox 2191 4033 3782 4108">
    <p class='ocr_par' dir='ltr' id='par_1_84' title="bbox 2191 4033 3782 4108">
     <span class='ocr_line' id='line_1_84' title="bbox 2191 4033 3782 4108; baseline -0.001 -17"><span class='ocrx_word' id='word_1_506' title='bbox 2191 4039 2294 4108; x_wconf 86' lang='grc' dir='ltr'><strong>τῆς</strong></span> <span class='ocrx_word' id='word_1_507' title='bbox 2339 4034 2433 4090; x_wconf 80' lang='grc' dir='ltr'>τοῦ</span> <span class='ocrx_word' id='word_1_508' title='bbox 2480 4036 2711 4107; x_wconf 87' lang='grc' dir='ltr'>σημείου</span> <span class='ocrx_word' id='word_1_509' title='bbox 2768 4033 3039 4104; x_wconf 78' lang='grc' dir='ltr'>φυλακῆς,</span> <span class='ocrx_word' id='word_1_510' title='bbox 3089 4033 3241 4104; x_wconf 81' lang='grc' dir='ltr'>βέλος</span> <span class='ocrx_word' id='word_1_511' title='bbox 3274 4034 3591 4089; x_wconf 86' lang='grc' dir='ltr'>ἀκοντισθὲν</span> <span class='ocrx_word' id='word_1_512' title='bbox 3615 4034 3782 4090; x_wconf 78' lang='grc' dir='ltr'>αὐτοῦ</span> 
     </span>
    </p>
   </div>
   <div class='ocr_carea' id='block_1_85' title="bbox 2191 4126 3785 4200">
    <p class='ocr_par' dir='ltr' id='par_1_85' title="bbox 2191 4126 3785 4200">
     <span class='ocr_line' id='line_1_85' title="bbox 2191 4126 3785 4200; baseline -0.003 -15"><span class='ocrx_word' id='word_1_513' title='bbox 2191 4130 2332 4185; x_wconf 69' lang='grc' dir='ltr'>κατὰ</span> <span class='ocrx_word' id='word_1_514' title='bbox 2347 4130 2448 4200; x_wconf 87' lang='grc' dir='ltr'><strong>τῆς</strong></span> <span class='ocrx_word' id='word_1_515' title='bbox 2480 4128 2671 4199; x_wconf 78' lang='grc' dir='ltr'>νηδύος</span> <span class='ocrx_word' id='word_1_516' title='bbox 2704 4128 3002 4199; x_wconf 83' lang='grc' dir='ltr'>πήγνυται,</span> <span class='ocrx_word' id='word_1_517' title='bbox 3036 4126 3131 4180; x_wconf 73' lang='grc' dir='ltr'>καὶ</span> <span class='ocrx_word' id='word_1_518' title='bbox 3158 4126 3256 4196; x_wconf 83' lang='grc' dir='ltr'><strong>τὴν</strong></span> <span class='ocrx_word' id='word_1_519' title='bbox 3290 4126 3436 4198; x_wconf 81' lang='grc' dir='ltr'>ζωὴν</span> <span class='ocrx_word' id='word_1_520' title='bbox 3467 4126 3785 4198; x_wconf 82' lang='grc' dir='ltr'>ἀφαιρεῖται</span> 
     </span>
    </p>
   </div>
   <div class='ocr_carea' id='block_1_86' title="bbox 2190 4218 3783 4291">
    <p class='ocr_par' dir='ltr' id='par_1_86' title="bbox 2190 4218 3783 4291">
     <span class='ocr_line' id='line_1_86' title="bbox 2190 4218 3783 4291; baseline -0.001 -16"><span class='ocrx_word' id='word_1_521' title='bbox 2190 4221 2378 4277; x_wconf 75' lang='grc' dir='ltr'>αὐτοῦ.</span> <span class='ocrx_word' id='word_1_522' title='bbox 2420 4221 2560 4275; x_wconf 83' lang='grc' dir='ltr'>Ἀλλ’</span> <span class='ocrx_word' id='word_1_523' title='bbox 2594 4221 2753 4285; x_wconf 81' lang='grc' dir='ltr'>αὐτὸς</span> <span class='ocrx_word' id='word_1_524' title='bbox 2804 4220 2903 4291; x_wconf 83' lang='grc' dir='ltr'>μὲν</span> <span class='ocrx_word' id='word_1_525' title='bbox 2943 4218 3146 4283; x_wconf 89' lang='grc' dir='ltr'>δειλίας</span> <span class='ocrx_word' id='word_1_526' title='bbox 3177 4219 3271 4272; x_wconf 73' lang='grc' dir='ltr'><strong>καὶ</strong></span> <span class='ocrx_word' id='word_1_527' title='bbox 3321 4219 3581 4283; x_wconf 86' lang='grc' dir='ltr'>ἀπιστίας</span> <span class='ocrx_word' id='word_1_528' title='bbox 3624 4219 3783 4291; x_wconf 86' lang='grc' dir='ltr'>δίκην</span> 
     </span>
    </p>
   </div>
   <div class='ocr_carea' id='block_1_87' title="bbox 2189 4309 3784 4385">
    <p class='ocr_par' dir='ltr' id='par_1_87' title="bbox 2189 4309 3784 4385">
     <span class='ocr_line' id='line_1_87' title="bbox 2189 4309 3784 4385; baseline -0.003 -16"><span class='ocrx_word' id='word_1_529' title='bbox 2189 4317 2433 4381; x_wconf 77' lang='grc' dir='ltr'>ἐκτίσας,</span> <span class='ocrx_word' id='word_1_530' title='bbox 2466 4314 2719 4369; x_wconf 76' lang='grc' dir='ltr'>ἐνταυθοῖ</span> <span class='ocrx_word' id='word_1_531' title='bbox 2761 4311 2955 4385; x_wconf 87' lang='grc' dir='ltr'>νεκρὸς</span> <span class='ocrx_word' id='word_1_532' title='bbox 3003 4310 3182 4366; x_wconf 71' lang='grc' dir='ltr'>ἔκειτο</span> <span class='ocrx_word' id='word_1_533' title='bbox 3205 4329 3216 4341; x_wconf 88' lang='grc'><strong>·</strong></span> <span class='ocrx_word' id='word_1_534' title='bbox 3265 4309 3354 4364; x_wconf 77' lang='grc' dir='ltr'>τοῦ</span> <span class='ocrx_word' id='word_1_535' title='bbox 3421 4311 3479 4365; x_wconf 88' lang='grc' dir='ltr'>δὲ</span> <span class='ocrx_word' id='word_1_536' title='bbox 3513 4311 3576 4365; x_wconf 82' lang='grc' dir='ltr'><strong>τὸ</strong></span> <span class='ocrx_word' id='word_1_537' title='bbox 3611 4313 3784 4382; x_wconf 83' lang='grc' dir='ltr'>σωτή-</span> 
     </span>
    </p>
   </div>
   <div class='ocr_carea' id='block_1_88' title="bbox 2192 4405 3778 4481">
    <p class='ocr_par' dir='ltr' id='par_1_88' title="bbox 2192 4405 3778 4481">
     <span class='ocr_line' id='line_1_88' title="bbox 2192 4405 3778 4481; baseline -0.004 -18"><span class='ocrx_word' id='word_1_538' title='bbox 2192 4427 2307 4481; x_wconf 88' lang='grc' dir='ltr'>ριον</span> <span class='ocrx_word' id='word_1_539' title='bbox 2353 4409 2616 4481; x_wconf 86' lang='grc' dir='ltr'>τρόπαιον</span> <span class='ocrx_word' id='word_1_540' title='bbox 2655 4407 3007 4481; x_wconf 82' lang='grc' dir='ltr'>αἱωροῦντος,</span> <span class='ocrx_word' id='word_1_541' title='bbox 3062 4406 3203 4475; x_wconf 78' lang='grc' dir='ltr'>ζωῆς</span> <span class='ocrx_word' id='word_1_542' title='bbox 3237 4405 3449 4473; x_wconf 82' lang='grc' dir='ltr'>ἐγίνετο</span> <span class='ocrx_word' id='word_1_543' title='bbox 3498 4405 3778 4476; x_wconf 74' lang='grc' dir='ltr'>φυλακτή-</span> 
     </span>
    </p>
   </div>
   <div class='ocr_carea' id='block_1_89' title="bbox 498 4494 2095 4574">
    <p class='ocr_par' dir='ltr' id='par_1_89' title="bbox 498 4494 2084 4565">
     <span class='ocr_line' id='line_1_89' title="bbox 498 4494 2084 4565; baseline 0.001 -16"><span class='ocrx_word' id='word_1_544' title='bbox 498 4494 685 4549; x_wconf 82' lang='lat' dir='ltr'><strong>salvus</strong></span> <span class='ocrx_word' id='word_1_545' title='bbox 713 4495 890 4550; x_wconf 87' lang='lat' dir='ltr'><strong>evasit</strong></span> <span class='ocrx_word' id='word_1_546' title='bbox 923 4514 936 4550; x_wconf 92' lang='lat'><strong>:</strong></span> <span class='ocrx_word' id='word_1_547' title='bbox 964 4495 1119 4551; x_wconf 87' lang='lat' dir='ltr'><strong>hasta</strong></span> <span class='ocrx_word' id='word_1_548' title='bbox 1145 4510 1277 4551; x_wconf 88' lang='lat' dir='ltr'><strong>vero</strong></span> <span class='ocrx_word' id='word_1_549' title='bbox 1310 4494 1571 4551; x_wconf 86' lang='lat' dir='ltr'><strong>salutaris</strong></span> <span class='ocrx_word' id='word_1_550' title='bbox 1611 4495 1822 4565; x_wconf 75' lang='lat' dir='ltr'><strong>tropzei,</strong></span> <span class='ocrx_word' id='word_1_551' title='bbox 1854 4497 2084 4553; x_wconf 90' lang='lat' dir='ltr'><strong>missilia</strong></span> 
     </span>
    </p>
   </div>
   <div class='ocr_carea' id='block_1_90' title="bbox 2196 4494 3777 4574">
    <p class='ocr_par' dir='ltr' id='par_1_90' title="bbox 2196 4498 3777 4574">
     <span class='ocr_line' id='line_1_90' title="bbox 2196 4498 3777 4574; baseline -0.003 -19"><span class='ocrx_word' id='word_1_552' title='bbox 2196 4520 2329 4574; x_wconf 86' lang='grc' dir='ltr'>ριον,</span> <span class='ocrx_word' id='word_1_553' title='bbox 2372 4502 2450 4565; x_wconf 86' lang='grc' dir='ltr'>ὡς</span> <span class='ocrx_word' id='word_1_554' title='bbox 2496 4500 2756 4565; x_wconf 82' lang='grc' dir='ltr'>πολλάκις</span> <span class='ocrx_word' id='word_1_555' title='bbox 2799 4500 2968 4571; x_wconf 84' lang='grc' dir='ltr'>βελῶν</span> <span class='ocrx_word' id='word_1_556' title='bbox 3023 4500 3138 4555; x_wconf 85' lang='grc' dir='ltr'>κατ’</span> <span class='ocrx_word' id='word_1_557' title='bbox 3170 4499 3335 4553; x_wconf 83' lang='grc' dir='ltr'>αὐτοῦ</span> <span class='ocrx_word' id='word_1_558' title='bbox 3383 4498 3777 4570; x_wconf 78' lang='grc' dir='ltr'>πεμπομένων,</span> 
     </span>
    </p>
   </div>
   <div class='ocr_carea' id='block_1_91' title="bbox 498 4563 2095 4665">
    <p class='ocr_par' dir='ltr' id='par_1_91' title="bbox 498 4584 2081 4657">
     <span class='ocr_line' id='line_1_91' title="bbox 498 4584 2081 4657; baseline 0.003 -19"><span class='ocrx_word' id='word_1_559' title='bbox 498 4584 738 4657; x_wconf 84' lang='lat' dir='ltr'><strong>excepit.</strong></span> <span class='ocrx_word' id='word_1_560' title='bbox 771 4585 906 4641; x_wconf 89' lang='lat' dir='ltr'><strong>Erat</strong></span> <span class='ocrx_word' id='word_1_561' title='bbox 937 4587 988 4642; x_wconf 92' lang='lat' dir='ltr'><strong>id</strong></span> <span class='ocrx_word' id='word_1_562' title='bbox 1012 4586 1380 4657; x_wconf 88' lang='lat' dir='ltr'><strong>spectaculum</strong></span> <span class='ocrx_word' id='word_1_563' title='bbox 1406 4587 1558 4642; x_wconf 89' lang='lat' dir='ltr'><strong>omni</strong></span> <span class='ocrx_word' id='word_1_564' title='bbox 1589 4589 1856 4643; x_wconf 86' lang='lat' dir='ltr'><strong>miraculo</strong></span> <span class='ocrx_word' id='word_1_565' title='bbox 1885 4590 2081 4657; x_wconf 88' lang='lat' dir='ltr'><strong>majus,</strong></span> 
     </span>
    </p>
   </div>
   <div class='ocr_carea' id='block_1_92' title="bbox 2196 4563 3776 4665">
    <p class='ocr_par' dir='ltr' id='par_1_92' title="bbox 2196 4563 3776 4665">
     <span class='ocr_line' id='line_1_92' title="bbox 2196 4563 3776 4665; baseline -0.004 -18"><span class='ocrx_word' id='word_1_566' title='bbox 2196 4563 2281 4647; x_wconf 70' lang='grc' dir='ltr'>τὸν</span> <span class='ocrx_word' id='word_1_567' title='bbox 2316 4563 2698 4665; x_wconf 16' lang='grc' dir='ltr'>μὲνήφέροντα</span> <span class='ocrx_word' id='word_1_568' title='bbox 2739 4563 3126 4657; x_wconf 77' lang='grc' dir='ltr'>διασώζεσθαι,</span> <span class='ocrx_word' id='word_1_569' title='bbox 3160 4589 3223 4643; x_wconf 83' lang='grc' dir='ltr'>τὸ</span> <span class='ocrx_word' id='word_1_570' title='bbox 3263 4590 3320 4643; x_wconf 87' lang='grc' dir='ltr'>δὲ</span> <span class='ocrx_word' id='word_1_571' title='bbox 3371 4563 3471 4643; x_wconf 69' lang='grc' dir='ltr'><strong>τού</strong></span> <span class='ocrx_word' id='word_1_572' title='bbox 3512 4563 3776 4662; x_wconf 76' lang='grc' dir='ltr'>τροπαίου</span> 
     </span>
    </p>
   </div>
   <div class='ocr_carea' id='block_1_93' title="bbox 495 4675 2079 4734">
    <p class='ocr_par' dir='ltr' id='par_1_93' title="bbox 495 4675 2079 4734">
     <span class='ocr_line' id='line_1_93' title="bbox 495 4675 2079 4734; baseline 0.004 -6"><span class='ocrx_word' id='word_1_573' title='bbox 495 4687 622 4728; x_wconf 87' lang='lat' dir='ltr'><strong>eum</strong></span> <span class='ocrx_word' id='word_1_574' title='bbox 665 4683 864 4729; x_wconf 86' lang='lat' dir='ltr'><strong>cuncta</strong></span> <span class='ocrx_word' id='word_1_575' title='bbox 893 4675 1132 4729; x_wconf 88' lang='lat' dir='ltr'><strong>hostium</strong></span> <span class='ocrx_word' id='word_1_576' title='bbox 1164 4676 1270 4730; x_wconf 88' lang='lat' dir='ltr'><strong>tela</strong></span> <span class='ocrx_word' id='word_1_577' title='bbox 1302 4677 1355 4731; x_wconf 91' lang='lat' dir='ltr'><strong>in</strong></span> <span class='ocrx_word' id='word_1_578' title='bbox 1387 4676 1770 4733; x_wconf 88' lang='lat' dir='ltr'><strong>brevissimum</strong></span> <span class='ocrx_word' id='word_1_579' title='bbox 1799 4679 1952 4732; x_wconf 93' lang='lat' dir='ltr'><strong>illum</strong></span> <span class='ocrx_word' id='word_1_580' title='bbox 1985 4680 2079 4734; x_wconf 86' lang='lat' dir='ltr'><strong>ha-</strong></span> 
     </span>
    </p>
   </div>
   <div class='ocr_carea' id='block_1_94' title="bbox 496 4766 2080 4841">
    <p class='ocr_par' dir='ltr' id='par_1_94' title="bbox 496 4766 2080 4841">
     <span class='ocr_line' id='line_1_94' title="bbox 496 4766 2080 4841; baseline 0.003 -21"><span class='ocrx_word' id='word_1_581' title='bbox 496 4775 598 4820; x_wconf 80' lang='lat' dir='ltr'><strong>stae</strong></span> <span class='ocrx_word' id='word_1_582' title='bbox 624 4766 885 4820; x_wconf 90' lang='lat' dir='ltr'><strong>ambitum</strong></span> <span class='ocrx_word' id='word_1_583' title='bbox 920 4767 1199 4823; x_wconf 84' lang='lat' dir='ltr'><strong>caderent.</strong></span> <span class='ocrx_word' id='word_1_584' title='bbox 1230 4769 1364 4836; x_wconf 67' lang='lat' dir='ltr'><strong>Quae</strong></span> <span class='ocrx_word' id='word_1_585' title='bbox 1390 4785 1512 4825; x_wconf 90' lang='lat' dir='ltr'><strong>cum</strong></span> <span class='ocrx_word' id='word_1_586' title='bbox 1548 4772 1602 4824; x_wconf 90' lang='lat' dir='ltr'><strong>in</strong></span> <span class='ocrx_word' id='word_1_587' title='bbox 1630 4770 1845 4826; x_wconf 91' lang='lat' dir='ltr'><strong>hastam</strong></span> <span class='ocrx_word' id='word_1_588' title='bbox 1902 4772 2080 4841; x_wconf 85' lang='lat' dir='ltr'><strong>impa-</strong></span> 
     </span>
    </p>
   </div>
   <div class='ocr_carea' id='block_1_95' title="bbox 494 4856 2077 4931">
    <p class='ocr_par' dir='ltr' id='par_1_95' title="bbox 494 4856 2077 4931">
     <span class='ocr_line' id='line_1_95' title="bbox 494 4856 2077 4931; baseline 0.004 -19"><span class='ocrx_word' id='word_1_589' title='bbox 494 4866 585 4912; x_wconf 88' lang='lat' dir='ltr'><strong>cta</strong></span> <span class='ocrx_word' id='word_1_590' title='bbox 640 4856 1032 4929; x_wconf 75' lang='lat' dir='ltr'><strong>deligerentur,</strong></span> <span class='ocrx_word' id='word_1_591' title='bbox 1088 4860 1319 4931; x_wconf 87' lang='lat' dir='ltr'><strong>signifer</strong></span> <span class='ocrx_word' id='word_1_592' title='bbox 1371 4864 1698 4918; x_wconf 87' lang='lat' dir='ltr'><strong>servabatur</strong></span> <span class='ocrx_word' id='word_1_593' title='bbox 1746 4864 2077 4919; x_wconf 88' lang='lat' dir='ltr'><strong>incolumis:</strong></span> 
     </span>
    </p>
   </div>
   <div class='ocr_carea' id='block_1_96' title="bbox 497 5034 2078 5110">
    <p class='ocr_par' dir='ltr' id='par_1_96' title="bbox 497 5034 2078 5110">
     <span class='ocr_line' id='line_1_96' title="bbox 497 5034 2078 5110; baseline 0.003 -19"><span class='ocrx_word' id='word_1_594' title='bbox 497 5034 695 5110; x_wconf 55' lang='lat' dir='ltr'><strong>Verum</strong></span> <span class='ocrx_word' id='word_1_595' title='bbox 733 5034 827 5092; x_wconf 88' lang='lat' dir='ltr'><strong>hic</strong></span> <span class='ocrx_word' id='word_1_596' title='bbox 864 5036 1018 5110; x_wconf 81' lang='lat' dir='ltr'><strong>locus</strong></span> <span class='ocrx_word' id='word_1_597' title='bbox 1042 5039 1272 5110; x_wconf 88' lang='lat' dir='ltr'><strong>perinde</strong></span> <span class='ocrx_word' id='word_1_598' title='bbox 1308 5038 1472 5095; x_wconf 89' lang='lat' dir='ltr'><strong>nobis</strong></span> <span class='ocrx_word' id='word_1_599' title='bbox 1503 5039 1722 5107; x_wconf 87' lang='lat' dir='ltr'><strong>ignotus</strong></span> <span class='ocrx_word' id='word_1_600' title='bbox 1753 5048 1861 5095; x_wconf 88' lang='lat' dir='ltr'><strong>est.</strong></span> <span class='ocrx_word' id='word_1_601' title='bbox 1905 5039 2078 5096; x_wconf 85' lang='lat' dir='ltr'><strong>Porro</strong></span> 
     </span>
    </p>
   </div>
   <div class='ocr_carea' id='block_1_97' title="bbox 490 5105 2081 5178">
    <p class='ocr_par' dir='ltr' id='par_1_97' title="bbox 490 5105 2081 5178">
     <span class='ocr_line' id='line_1_97' title="bbox 490 5105 2081 5178; baseline 0.004 -18"><span class='ocrx_word' id='word_1_602' title='bbox 490 5105 611 5161; x_wconf 66' lang='lat' dir='ltr'><strong>haec</strong></span> <span class='ocrx_word' id='word_1_603' title='bbox 641 5120 824 5176; x_wconf 86' lang='lat' dir='ltr'><strong>pugna</strong></span> <span class='ocrx_word' id='word_1_604' title='bbox 854 5105 1218 5178; x_wconf 65' lang='lat' dir='ltr'><strong>eodem&#39;anno</strong></span> <span class='ocrx_word' id='word_1_605' title='bbox 1249 5110 1479 5177; x_wconf 87' lang='lat' dir='ltr'><strong>contigit</strong></span> <span class='ocrx_word' id='word_1_606' title='bbox 1504 5105 1614 5178; x_wconf 71' lang='lat' dir='ltr'><strong>quo</strong></span> <span class='ocrx_word' id='word_1_607' title='bbox 1648 5110 1980 5173; x_wconf 85' lang='lat' dir='ltr'><strong>Cibalensis,</strong></span> <span class='ocrx_word' id='word_1_608' title='bbox 2019 5120 2081 5166; x_wconf 83' lang='grc' dir='ltr'><strong>ιιι</strong></span> 
     </span>
    </p>
   </div>
   <div class='ocr_carea' id='block_1_98' title="bbox 488 5177 2078 5251">
    <p class='ocr_par' dir='ltr' id='par_1_98' title="bbox 488 5177 2078 5251">
     <span class='ocr_line' id='line_1_98' title="bbox 488 5177 2078 5251; baseline 0.003 -21"><span class='ocrx_word' id='word_1_609' title='bbox 488 5193 558 5251; x_wconf 68' lang='lat' dir='ltr'><strong>ex</strong></span> <span class='ocrx_word' id='word_1_610' title='bbox 593 5178 908 5251; x_wconf 73' lang='lat' dir='ltr'><strong>narratione</strong></span> <span class='ocrx_word' id='word_1_611' title='bbox 941 5177 1169 5251; x_wconf 72' lang='lat' dir='ltr'><strong>Zosimi,</strong></span> <span class='ocrx_word' id='word_1_612' title='bbox 1197 5189 1251 5234; x_wconf 85' lang='lat' dir='ltr'><strong>et</strong></span> <span class='ocrx_word' id='word_1_613' title='bbox 1275 5177 1699 5251; x_wconf 32' lang='lat' dir='ltr'><strong>attctoris’illius</strong></span> <span class='ocrx_word' id='word_1_614' title='bbox 1725 5180 1890 5251; x_wconf 87' lang='lat' dir='ltr'><strong>ignoti</strong></span> <span class='ocrx_word' id='word_1_615' title='bbox 1919 5181 2078 5235; x_wconf 88' lang='lat' dir='ltr'><strong>colli-</strong></span> 
     </span>
    </p>
   </div>
   <div class='ocr_carea' id='block_1_99' title="bbox 489 5245 2076 5320">
    <p class='ocr_par' dir='ltr' id='par_1_99' title="bbox 489 5245 2076 5320">
     <span class='ocr_line' id='line_1_99' title="bbox 489 5245 2076 5320; baseline 0.004 -23"><span class='ocrx_word' id='word_1_616' title='bbox 489 5248 663 5320; x_wconf 74' lang='lat' dir='ltr'><strong>gitur.</strong></span> <span class='ocrx_word' id='word_1_617' title='bbox 690 5245 847 5313; x_wconf 81' lang='lat' dir='ltr'><strong>Quod</strong></span> <span class='ocrx_word' id='word_1_618' title='bbox 876 5247 1095 5320; x_wconf 75' lang='lat' dir='ltr'><strong>quidem</strong></span> <span class='ocrx_word' id='word_1_619' title='bbox 1130 5251 1297 5303; x_wconf 89' lang='lat' dir='ltr'><strong>etiam</strong></span> <span class='ocrx_word' id='word_1_620' title='bbox 1331 5250 1436 5304; x_wconf 90' lang='lat' dir='ltr'><strong>hoc</strong></span> <span class='ocrx_word' id='word_1_621' title='bbox 1471 5245 1798 5320; x_wconf 68' lang='lat' dir='ltr'><strong>argumenio</strong></span> <span class='ocrx_word' id='word_1_622' title='bbox 1845 5251 2076 5305; x_wconf 86' lang='lat' dir='ltr'><strong>demon-</strong></span> 
     </span>
    </p>
   </div>
   <div class='ocr_carea' id='block_1_100' title="bbox 487 5316 2075 5388">
    <p class='ocr_par' dir='ltr' id='par_1_100' title="bbox 487 5316 2075 5388">
     <span class='ocr_line' id='line_1_100' title="bbox 487 5316 2075 5388; baseline 0.003 -20"><span class='ocrx_word' id='word_1_623' title='bbox 487 5317 653 5388; x_wconf 85' lang='lat' dir='ltr'><strong>strari</strong></span> <span class='ocrx_word' id='word_1_624' title='bbox 683 5327 890 5388; x_wconf 86' lang='lat' dir='ltr'><strong>potest:</strong></span> <span class='ocrx_word' id='word_1_625' title='bbox 918 5316 1165 5388; x_wconf 86' lang='lat' dir='ltr'><strong>Posthoc</strong></span> <span class='ocrx_word' id='word_1_626' title='bbox 1194 5320 1440 5388; x_wconf 84' lang='lat' dir='ltr'><strong>praelium</strong></span> <span class='ocrx_word' id='word_1_627' title='bbox 1471 5316 1605 5388; x_wconf 74' lang='lat' dir='ltr'><strong>pace</strong></span> <span class='ocrx_word' id='word_1_628' title='bbox 1628 5320 1767 5373; x_wconf 87' lang='lat' dir='ltr'><strong>inter</strong></span> <span class='ocrx_word' id='word_1_629' title='bbox 1801 5321 2075 5376; x_wconf 86' lang='lat' dir='ltr'><strong>Constan-</strong></span> 
     </span>
    </p>
   </div>
   <div class='ocr_carea' id='block_1_101' title="bbox 490 5387 2072 5459">
    <p class='ocr_par' dir='ltr' id='par_1_101' title="bbox 490 5387 2072 5459">
     <span class='ocr_line' id='line_1_101' title="bbox 490 5387 2072 5459; baseline 0.004 -22"><span class='ocrx_word' id='word_1_630' title='bbox 490 5387 662 5459; x_wconf 75' lang='lat' dir='ltr'><strong>tinum</strong></span> <span class='ocrx_word' id='word_1_631' title='bbox 707 5395 763 5441; x_wconf 88' lang='lat' dir='ltr'><strong>et</strong></span> <span class='ocrx_word' id='word_1_632' title='bbox 806 5387 1288 5459; x_wconf 65' lang='lat' dir='ltr'><strong>Liciniumfacta,</strong></span> <span class='ocrx_word' id='word_1_633' title='bbox 1334 5387 1589 5446; x_wconf 85' lang='lat' dir='ltr'><strong>consules</strong></span> <span class='ocrx_word' id='word_1_634' title='bbox 1632 5392 1877 5459; x_wconf 79' lang='lat' dir='ltr'><strong>scq..enti</strong></span> <span class='ocrx_word' id='word_1_635' title='bbox 1930 5404 2072 5444; x_wconf 89' lang='lat' dir='ltr'><strong>anno</strong></span> 
     </span>
    </p>
   </div>
   <div class='ocr_carea' id='block_1_102' title="bbox 489 5456 2073 5523">
    <p class='ocr_par' dir='ltr' id='par_1_102' title="bbox 489 5456 2073 5523">
     <span class='ocr_line' id='line_1_102' title="bbox 489 5456 2073 5523; baseline 0.004 -16"><span class='ocrx_word' id='word_1_636' title='bbox 489 5456 617 5510; x_wconf 81' lang='lat' dir='ltr'><strong>facti</strong></span> <span class='ocrx_word' id='word_1_637' title='bbox 656 5466 787 5512; x_wconf 89' lang='lat' dir='ltr'><strong>sunt</strong></span> <span class='ocrx_word' id='word_1_638' title='bbox 814 5457 1211 5514; x_wconf 88' lang='lat' dir='ltr'><strong>Constantinus</strong></span> <span class='ocrx_word' id='word_1_639' title='bbox 1236 5468 1291 5513; x_wconf 89' lang='lat' dir='ltr'><strong>et</strong></span> <span class='ocrx_word' id='word_1_640' title='bbox 1316 5458 1579 5523; x_wconf 84' lang='lat' dir='ltr'><strong>Licinius,</strong></span> <span class='ocrx_word' id='word_1_641' title='bbox 1608 5470 1663 5514; x_wconf 86' lang='lat' dir='ltr'><strong>et</strong></span> <span class='ocrx_word' id='word_1_642' title='bbox 1693 5456 1745 5514; x_wconf 79' lang='lat' dir='ltr'><strong>in</strong></span> <span class='ocrx_word' id='word_1_643' title='bbox 1771 5460 2073 5517; x_wconf 87' lang='lat' dir='ltr'><strong>Occidente</strong></span> 
     </span>
    </p>
   </div>
   <div class='ocr_carea' id='block_1_103' title="bbox 492 5526 2072 5597">
    <p class='ocr_par' dir='ltr' id='par_1_103' title="bbox 492 5526 2072 5597">
     <span class='ocr_line' id='line_1_103' title="bbox 492 5526 2072 5597; baseline 0.003 -18"><span class='ocrx_word' id='word_1_644' title='bbox 492 5526 711 5597; x_wconf 71' lang='lat' dir='ltr'><strong>quidem</strong></span> <span class='ocrx_word' id='word_1_645' title='bbox 747 5542 924 5583; x_wconf 85' lang='lat' dir='ltr'><strong>annus</strong></span> <span class='ocrx_word' id='word_1_646' title='bbox 967 5529 1057 5583; x_wconf 91' lang='lat' dir='ltr'><strong>ille</strong></span> <span class='ocrx_word' id='word_1_647' title='bbox 1092 5529 1490 5597; x_wconf 88' lang='lat' dir='ltr'><strong>inscriptusest</strong></span> <span class='ocrx_word' id='word_1_648' title='bbox 1517 5531 1902 5586; x_wconf 75' lang='lat' dir='ltr'><strong>:COnsLantiuo</strong></span> <span class='ocrx_word' id='word_1_649' title='bbox 1933 5547 1983 5583; x_wconf 88' lang='lat' dir='ltr'><strong>tv</strong></span> <span class='ocrx_word' id='word_1_650' title='bbox 2017 5540 2072 5583; x_wconf 90' lang='lat' dir='ltr'><strong>ct</strong></span> 
     </span>
    </p>
   </div>
   <div class='ocr_carea' id='block_1_104' title="bbox 494 5594 2068 5670">
    <p class='ocr_par' dir='ltr' id='par_1_104' title="bbox 494 5594 2068 5670">
     <span class='ocr_line' id='line_1_104' title="bbox 494 5594 2068 5670; baseline 0.003 -22"><span class='ocrx_word' id='word_1_651' title='bbox 494 5594 706 5651; x_wconf 86' lang='lat' dir='ltr'><strong>Licinio</strong></span> <span class='ocrx_word' id='word_1_652' title='bbox 737 5612 790 5650; x_wconf 86' lang='lat' dir='ltr'><strong>tv</strong></span> <span class='ocrx_word' id='word_1_653' title='bbox 820 5614 987 5663; x_wconf 85' lang='lat' dir='ltr'><strong>coss.;</strong></span> <span class='ocrx_word' id='word_1_654' title='bbox 1012 5600 1067 5653; x_wconf 89' lang='lat' dir='ltr'><strong>in</strong></span> <span class='ocrx_word' id='word_1_655' title='bbox 1098 5594 1342 5655; x_wconf 74' lang='lat' dir='ltr'><strong>Orientis</strong></span> <span class='ocrx_word' id='word_1_656' title='bbox 1377 5610 1559 5655; x_wconf 89' lang='lat' dir='ltr'><strong>autem</strong></span> <span class='ocrx_word' id='word_1_657' title='bbox 1597 5602 1845 5670; x_wconf 86' lang='lat' dir='ltr'><strong>partibus</strong></span> <span class='ocrx_word' id='word_1_658' title='bbox 1876 5601 2068 5655; x_wconf 87' lang='lat' dir='ltr'><strong>Licinii</strong></span> 
     </span>
    </p>
   </div>
   <div class='ocr_carea' id='block_1_105' title="bbox 490 5670 2065 5741">
    <p class='ocr_par' dir='ltr' id='par_1_105' title="bbox 490 5670 2065 5741">
     <span class='ocr_line' id='line_1_105' title="bbox 490 5670 2065 5741; baseline 0.005 -24"><span class='ocrx_word' id='word_1_659' title='bbox 490 5680 701 5741; x_wconf 58' lang='lat' dir='ltr'><strong>nomeq</strong></span> <span class='ocrx_word' id='word_1_660' title='bbox 716 5671 1066 5741; x_wconf 61' lang='lat' dir='ltr'><strong>praepositum</strong></span> <span class='ocrx_word' id='word_1_661' title='bbox 1094 5680 1179 5725; x_wconf 91' lang='lat' dir='ltr'><strong>est</strong></span> <span class='ocrx_word' id='word_1_662' title='bbox 1206 5671 1309 5725; x_wconf 87' lang='lat' dir='ltr'><strong>ltoc</strong></span> <span class='ocrx_word' id='word_1_663' title='bbox 1341 5670 1500 5723; x_wconf 86' lang='lat' dir='ltr'><strong>modo</strong></span> <span class='ocrx_word' id='word_1_664' title='bbox 1534 5687 1548 5722; x_wconf 89' lang='lat'><strong>:</strong></span> <span class='ocrx_word' id='word_1_665' title='bbox 1586 5671 1797 5726; x_wconf 86' lang='lat' dir='ltr'><strong>Licinio</strong></span> <span class='ocrx_word' id='word_1_666' title='bbox 1832 5674 2065 5741; x_wconf 60' lang='lat' dir='ltr'><strong>August.</strong></span> 
     </span>
    </p>
   </div>
   <div class='ocr_carea' id='block_1_106' title="bbox 491 5734 2066 5811">
    <p class='ocr_par' dir='ltr' id='par_1_106' title="bbox 491 5734 2066 5811">
     <span class='ocr_line' id='line_1_106' title="bbox 491 5734 2066 5811; baseline 0.006 -24"><span class='ocrx_word' id='word_1_667' title='bbox 491 5748 568 5811; x_wconf 76' lang='lat' dir='ltr'><strong>tv,</strong></span> <span class='ocrx_word' id='word_1_668' title='bbox 589 5734 1024 5811; x_wconf 72' lang='lat' dir='ltr'><strong>et_Constauti_no</strong></span> <span class='ocrx_word' id='word_1_669' title='bbox 1047 5740 1183 5809; x_wconf 83' lang='lat' dir='ltr'><strong>Aug.</strong></span> <span class='ocrx_word' id='word_1_670' title='bbox 1218 5757 1270 5795; x_wconf 85' lang='lat' dir='ltr'><strong>tv</strong></span> <span class='ocrx_word' id='word_1_671' title='bbox 1300 5756 1466 5809; x_wconf 59' lang='lat' dir='ltr'><strong>coss,</strong></span> <span class='ocrx_word' id='word_1_672' title='bbox 1497 5751 1551 5797; x_wconf 90' lang='lat' dir='ltr'><strong>ut</strong></span> <span class='ocrx_word' id='word_1_673' title='bbox 1586 5742 1781 5811; x_wconf 78' lang='lat' dir='ltr'><strong>legitur</strong></span> <span class='ocrx_word' id='word_1_674' title='bbox 1811 5734 2066 5797; x_wconf 52' lang='lat' dir='ltr'><strong>inest-er-</strong></span> 
     </span>
    </p>
   </div>
   <div class='ocr_carea' id='block_1_107' title="bbox 490 5802 1273 5872">
    <p class='ocr_par' dir='ltr' id='par_1_107' title="bbox 490 5802 1273 5872">
     <span class='ocr_line' id='line_1_107' title="bbox 490 5802 1273 5872; baseline 0.014 -13"><span class='ocrx_word' id='word_1_675' title='bbox 490 5806 597 5872; x_wconf 81' lang='lat' dir='ltr'><strong>ptis</strong></span> <span class='ocrx_word' id='word_1_676' title='bbox 625 5805 692 5862; x_wconf 84' lang='lat' dir='ltr'><strong>de</strong></span> <span class='ocrx_word' id='word_1_677' title='bbox 720 5802 888 5864; x_wconf 69' lang='lat' dir='ltr'><strong>Gesti:</strong></span> <span class='ocrx_word' id='word_1_678' title='bbox 918 5802 1273 5870; x_wconf 55' lang='lat' dir='ltr'><strong>Constaritini.</strong></span> 
     </span>
    </p>
   </div>
   <div class='ocr_carea' id='block_1_108' title="bbox 2183 4674 3778 4754">
    <p class='ocr_par' dir='ltr' id='par_1_108' title="bbox 2183 4674 3778 4754">
     <span class='ocr_line' id='line_1_108' title="bbox 2183 4674 3778 4754; baseline -0.004 -17"><span class='ocrx_word' id='word_1_679' title='bbox 2183 4683 2309 4754; x_wconf 84' lang='grc' dir='ltr'>δόρυ</span> <span class='ocrx_word' id='word_1_680' title='bbox 2342 4683 2592 4754; x_wconf 84' lang='grc' dir='ltr'>δέχεσθαι</span> <span class='ocrx_word' id='word_1_681' title='bbox 2611 4681 2681 4736; x_wconf 84' lang='grc' dir='ltr'><strong>τά</strong></span> <span class='ocrx_word' id='word_1_682' title='bbox 2711 4681 3036 4753; x_wconf 80' lang='grc' dir='ltr'>βαλλόμενα.</span> <span class='ocrx_word' id='word_1_683' title='bbox 3069 4682 3178 4734; x_wconf 76' lang='grc' dir='ltr'>Καὶ</span> <span class='ocrx_word' id='word_1_684' title='bbox 3198 4674 3267 4751; x_wconf 85' lang='grc' dir='ltr'><strong>ἦν</strong></span> <span class='ocrx_word' id='word_1_685' title='bbox 3296 4696 3359 4747; x_wconf 86' lang='grc' dir='ltr'><strong>γε</strong></span> <span class='ocrx_word' id='word_1_686' title='bbox 3387 4678 3545 4734; x_wconf 75' lang='grc' dir='ltr'>τοῦτο</span> <span class='ocrx_word' id='word_1_687' title='bbox 3573 4678 3778 4742; x_wconf 81' lang='grc' dir='ltr'>παντὸς</span> 
     </span>
    </p>
   </div>
   <div class='ocr_carea' id='block_1_109' title="bbox 2184 4772 3777 4845">
    <p class='ocr_par' dir='ltr' id='par_1_109' title="bbox 2184 4772 3777 4845">
     <span class='ocr_line' id='line_1_109' title="bbox 2184 4772 3777 4845; baseline -0.003 -17"><span class='ocrx_word' id='word_1_688' title='bbox 2184 4776 2441 4829; x_wconf 75' lang='grc' dir='ltr'>ἐπέκεινα</span> <span class='ocrx_word' id='word_1_689' title='bbox 2475 4774 2781 4845; x_wconf 85' lang='grc' dir='ltr'>θαύματος,</span> <span class='ocrx_word' id='word_1_690' title='bbox 2831 4773 2950 4837; x_wconf 84' lang='grc' dir='ltr'><strong>πῶς</strong></span> <span class='ocrx_word' id='word_1_691' title='bbox 2989 4774 3047 4827; x_wconf 85' lang='grc' dir='ltr'><strong>ὲν</strong></span> <span class='ocrx_word' id='word_1_692' title='bbox 3096 4772 3411 4845; x_wconf 81' lang='grc' dir='ltr'>βραχυτάτῃ</span> <span class='ocrx_word' id='word_1_693' title='bbox 3446 4772 3777 4844; x_wconf 75' lang='grc' dir='ltr'>περιφερείᾳ</span> 
     </span>
    </p>
   </div>
   <div class='ocr_carea' id='block_1_110' title="bbox 2183 4862 3776 4936">
    <p class='ocr_par' dir='ltr' id='par_1_110' title="bbox 2183 4862 3776 4936">
     <span class='ocr_line' id='line_1_110' title="bbox 2183 4862 3776 4936; baseline 0 -17"><span class='ocrx_word' id='word_1_694' title='bbox 2183 4864 2275 4919; x_wconf 77' lang='grc' dir='ltr'>τοῦ</span> <span class='ocrx_word' id='word_1_695' title='bbox 2314 4865 2541 4935; x_wconf 84' lang='grc' dir='ltr'>δόρατος</span> <span class='ocrx_word' id='word_1_696' title='bbox 2586 4866 2878 4935; x_wconf 84' lang='grc' dir='ltr'>ἱκνούμενα</span> <span class='ocrx_word' id='word_1_697' title='bbox 2922 4862 2991 4918; x_wconf 84' lang='grc' dir='ltr'><strong>τά</strong></span> <span class='ocrx_word' id='word_1_698' title='bbox 3034 4864 3143 4919; x_wconf 84' lang='grc' dir='ltr'>τῶν</span> <span class='ocrx_word' id='word_1_699' title='bbox 3185 4864 3458 4936; x_wconf 88' lang='grc' dir='ltr'>πολεμίων</span> <span class='ocrx_word' id='word_1_700' title='bbox 3516 4864 3667 4936; x_wconf 77' lang='grc' dir='ltr'>βέλη,</span> <span class='ocrx_word' id='word_1_701' title='bbox 3715 4866 3776 4919; x_wconf 80' lang='grc' dir='ltr'><strong>ἐν</strong></span> 
     </span>
    </p>
   </div>
   <div class='ocr_carea' id='block_1_111' title="bbox 2257 5035 3770 5112">
    <p class='ocr_par' dir='ltr' id='par_1_111' title="bbox 2257 5035 3770 5112">
     <span class='ocr_line' id='line_1_111' title="bbox 2257 5035 3770 5112; baseline 0.001 -17"><span class='ocrx_word' id='word_1_702' title='bbox 2257 5040 2369 5111; x_wconf 73' lang='grc'><strong>(40)</strong></span> <span class='ocrx_word' id='word_1_703' title='bbox 2395 5035 2592 5112; x_wconf 80' lang='grc' dir='ltr'>Ἦσαν</span> <span class='ocrx_word' id='word_1_704' title='bbox 2615 5040 2676 5112; x_wconf 75' lang='grc' dir='ltr'>δ’</span> <span class='ocrx_word' id='word_1_705' title='bbox 2712 5039 2999 5110; x_wconf 76' lang='grc' dir='ltr'>ἄνδρες...</span> <span class='ocrx_word' id='word_1_706' title='bbox 3030 5041 3432 5112; x_wconf 77' lang='grc' dir='ltr'>πεντήκοντα.</span> <span class='ocrx_word' id='word_1_707' title='bbox 3461 5042 3576 5098; x_wconf 85' lang='lat' dir='ltr'><strong>llos</strong></span> <span class='ocrx_word' id='word_1_708' title='bbox 3599 5043 3770 5098; x_wconf 80' lang='lat' dir='ltr'><strong>satel-</strong></span> 
     </span>
    </p>
   </div>
   <div class='ocr_carea' id='block_1_112' title="bbox 2181 5109 3770 5187">
    <p class='ocr_par' dir='ltr' id='par_1_112' title="bbox 2181 5109 3770 5187">
     <span class='ocr_line' id='line_1_112' title="bbox 2181 5109 3770 5187; baseline 0.003 -24"><span class='ocrx_word' id='word_1_709' title='bbox 2181 5109 2309 5167; x_wconf 87' lang='lat' dir='ltr'><strong>lites</strong></span> <span class='ocrx_word' id='word_1_710' title='bbox 2344 5109 2551 5187; x_wconf 66' lang='lat' dir='ltr'><strong>quibus</strong></span> <span class='ocrx_word' id='word_1_711' title='bbox 2596 5109 3006 5187; x_wconf 63' lang='lat' dir='ltr'><strong>Constantinus</strong></span> <span class='ocrx_word' id='word_1_712' title='bbox 3023 5109 3215 5187; x_wconf 53' lang='lat' dir='ltr'><strong>curant</strong></span> <span class='ocrx_word' id='word_1_713' title='bbox 3254 5114 3427 5169; x_wconf 90' lang='lat' dir='ltr'><strong>labari</strong></span> <span class='ocrx_word' id='word_1_714' title='bbox 3474 5114 3527 5168; x_wconf 91' lang='lat' dir='ltr'><strong>in</strong></span> <span class='ocrx_word' id='word_1_715' title='bbox 3565 5113 3770 5187; x_wconf 67' lang='lat' dir='ltr'><strong>pra-liis</strong></span> 
     </span>
    </p>
   </div>
   <div class='ocr_carea' id='block_1_113' title="bbox 2179 5181 3765 5251">
    <p class='ocr_par' dir='ltr' id='par_1_113' title="bbox 2179 5181 3765 5251">
     <span class='ocr_line' id='line_1_113' title="bbox 2179 5181 3765 5251; baseline 0.001 -15"><span class='ocrx_word' id='word_1_716' title='bbox 2179 5181 2476 5245; x_wconf 86' lang='lat' dir='ltr'><strong>commisit,</strong></span> <span class='ocrx_word' id='word_1_717' title='bbox 2512 5182 2810 5237; x_wconf 80' lang='lat' dir='ltr'><strong>Gretserus</strong></span> <span class='ocrx_word' id='word_1_718' title='bbox 2871 5182 2924 5236; x_wconf 91' lang='lat' dir='ltr'><strong>in</strong></span> <span class='ocrx_word' id='word_1_719' title='bbox 2953 5182 3048 5238; x_wconf 91' lang='lat' dir='ltr'><strong>lib.</strong></span> <span class='ocrx_word' id='word_1_720' title='bbox 3091 5182 3250 5251; x_wconf 83' lang='lat' dir='ltr'><strong>tt_De</strong></span> <span class='ocrx_word' id='word_1_721' title='bbox 3296 5200 3469 5247; x_wconf 81' lang='lat' dir='ltr'><strong>cruce,</strong></span> <span class='ocrx_word' id='word_1_722' title='bbox 3516 5181 3639 5251; x_wconf 78' lang='lat' dir='ltr'><strong>cap.</strong></span> <span class='ocrx_word' id='word_1_723' title='bbox 3673 5181 3765 5246; x_wconf 75' lang='grc' dir='ltr'><strong>ω,</strong></span> 
     </span>
    </p>
   </div>
   <div class='ocr_carea' id='block_1_114' title="bbox 2178 5249 3767 5323">
    <p class='ocr_par' dir='ltr' id='par_1_114' title="bbox 2178 5249 3767 5323">
     <span class='ocr_line' id='line_1_114' title="bbox 2178 5249 3767 5323; baseline -0.001 -17"><span class='ocrx_word' id='word_1_724' title='bbox 2178 5252 2663 5323; x_wconf 82' lang='lat' dir='ltr'><strong>eosdem_esseait</strong></span> <span class='ocrx_word' id='word_1_725' title='bbox 2703 5252 2799 5323; x_wconf 89' lang='lat' dir='ltr'><strong>qui</strong></span> <span class='ocrx_word' id='word_1_726' title='bbox 2832 5249 3384 5323; x_wconf 13' lang='lat' dir='ltr'><strong>rpratpositilaborum</strong></span> <span class='ocrx_word' id='word_1_727' title='bbox 3419 5249 3677 5309; x_wconf 82' lang='lat' dir='ltr'><strong>dicuntur</strong></span> <span class='ocrx_word' id='word_1_728' title='bbox 3714 5255 3767 5307; x_wconf 90' lang='lat' dir='ltr'><strong>in</strong></span> 
     </span>
    </p>
   </div>
   <div class='ocr_carea' id='block_1_115' title="bbox 2178 5320 3839 5395">
    <p class='ocr_par' dir='ltr' id='par_1_115' title="bbox 2178 5320 3839 5395">
     <span class='ocr_line' id='line_1_115' title="bbox 2178 5320 3839 5395; baseline 0.002 -21"><span class='ocrx_word' id='word_1_729' title='bbox 2178 5322 2368 5395; x_wconf 67' lang='lat' dir='ltr'><strong>codice</strong></span> <span class='ocrx_word' id='word_1_730' title='bbox 2392 5320 2801 5395; x_wconf 66' lang='lat' dir='ltr'><strong>Iheodosiano;</strong></span> <span class='ocrx_word' id='word_1_731' title='bbox 2829 5322 2886 5377; x_wconf 88' lang='lat' dir='ltr'><strong>id</strong></span> <span class='ocrx_word' id='word_1_732' title='bbox 2911 5323 3140 5395; x_wconf 61' lang='lat' dir='ltr'><strong>estfctTiV</strong></span> <span class='ocrx_word' id='word_1_733' title='bbox 3171 5320 3456 5395; x_wconf 80' lang='grc' dir='ltr'>λαϐώρων.</span> <span class='ocrx_word' id='word_1_734' title='bbox 3484 5323 3620 5377; x_wconf 84' lang='lat' dir='ltr'><strong>Nam</strong></span> <span class='ocrx_word' id='word_1_735' title='bbox 3673 5324 3771 5379; x_wconf 78' lang='grc' dir='ltr'>λά·</span> <span class='ocrx_word' id='word_1_736' title='bbox 3806 5327 3839 5395; x_wconf 56' lang='grc' dir='ltr'><strong><em>ξ</em></strong></span> 
     </span>
    </p>
   </div>
   <div class='ocr_carea' id='block_1_116' title="bbox 2176 5389 3836 5464">
    <p class='ocr_par' dir='ltr' id='par_1_116' title="bbox 2176 5389 3836 5464">
     <span class='ocr_line' id='line_1_116' title="bbox 2176 5389 3836 5464; baseline 0.003 -21"><span class='ocrx_word' id='word_1_737' title='bbox 2176 5391 2355 5464; x_wconf 79' lang='grc' dir='ltr'>δωρον</span> <span class='ocrx_word' id='word_1_738' title='bbox 2384 5389 2557 5446; x_wconf 71' lang='lat' dir='ltr'><strong>Graeci</strong></span> <span class='ocrx_word' id='word_1_739' title='bbox 2584 5393 2858 5464; x_wconf 70' lang='lat' dir='ltr'><strong>dicebant,</strong></span> <span class='ocrx_word' id='word_1_740' title='bbox 2880 5393 3024 5459; x_wconf 91' lang='lat' dir='ltr'><strong>quod</strong></span> <span class='ocrx_word' id='word_1_741' title='bbox 3048 5389 3425 5450; x_wconf 84' lang='lat' dir='ltr'><strong>laborantibus</strong></span> <span class='ocrx_word' id='word_1_742' title='bbox 3450 5394 3767 5464; x_wconf 87' lang='lat' dir='ltr'><strong>agminibus</strong></span> <span class='ocrx_word' id='word_1_743' title='bbox 3809 5389 3836 5462; x_wconf 55' lang='grc' dir='ltr'>ᾗ</span> 
     </span>
    </p>
   </div>
   <div class='ocr_carea' id='block_1_117' title="bbox 2178 5462 3839 5527">
    <p class='ocr_par' dir='ltr' id='par_1_117' title="bbox 2178 5462 3839 5527">
     <span class='ocr_line' id='line_1_117' title="bbox 2178 5462 3839 5527; baseline 0.002 -14"><span class='ocrx_word' id='word_1_744' title='bbox 2178 5462 2383 5517; x_wconf 71' lang='grc' dir='ltr'>ιιιιιὶίιὶο</span> <span class='ocrx_word' id='word_1_745' title='bbox 2414 5470 2586 5527; x_wconf 89' lang='lat' dir='ltr'><strong>esset,</strong></span> <span class='ocrx_word' id='word_1_746' title='bbox 2623 5472 2766 5517; x_wconf 88' lang='lat' dir='ltr'><strong>teste</strong></span> <span class='ocrx_word' id='word_1_747' title='bbox 2791 5463 3118 5518; x_wconf 86' lang='lat' dir='ltr'><strong>Sozomeno.</strong></span> <span class='ocrx_word' id='word_1_748' title='bbox 3490 5462 3510 5464; x_wconf 76' lang='grc'><strong><em>“</em></strong></span> <span class='ocrx_word' id='word_1_749' title='bbox 3803 5465 3839 5486; x_wconf 83' lang='lat'>&quot;</span> 
     </span>
    </p>
   </div>
   <div class='ocr_carea' id='block_1_118' title="bbox 2247 5531 3766 5604">
    <p class='ocr_par' dir='ltr' id='par_1_118' title="bbox 2247 5531 3766 5604">
     <span class='ocr_line' id='line_1_118' title="bbox 2247 5531 3766 5604; baseline -0.001 -18"><span class='ocrx_word' id='word_1_750' title='bbox 2247 5532 2364 5603; x_wconf 74' lang='lat'><strong>(4|)</strong></span> <span class='ocrx_word' id='word_1_751' title='bbox 2396 5532 2579 5600; x_wconf 81' lang='lat' dir='ltr'><strong>Vulg.,</strong></span> <span class='ocrx_word' id='word_1_752' title='bbox 2621 5532 2675 5584; x_wconf 86' lang='lat'><strong>&#39;0</strong></span> <span class='ocrx_word' id='word_1_753' title='bbox 2709 5532 2761 5585; x_wconf 86' lang='grc' dir='ltr'>δ’</span> <span class='ocrx_word' id='word_1_754' title='bbox 2796 5531 3049 5599; x_wconf 77' lang='grc' dir='ltr'>ὑποϐάς.</span> <span class='ocrx_word' id='word_1_755' title='bbox 3085 5532 3278 5588; x_wconf 81' lang='lat' dir='ltr'><strong>Veram</strong></span> <span class='ocrx_word' id='word_1_756' title='bbox 3312 5532 3474 5604; x_wconf 79' lang='lat' dir='ltr'><strong>hujus</strong></span> <span class='ocrx_word' id='word_1_757' title='bbox 3497 5534 3602 5590; x_wconf 87' lang='lat' dir='ltr'><strong>loci</strong></span> <span class='ocrx_word' id='word_1_758' title='bbox 3628 5535 3766 5604; x_wconf 69' lang='lat' dir='ltr'><strong>scri-</strong></span> 
     </span>
    </p>
   </div>
   <div class='ocr_carea' id='block_1_119' title="bbox 2175 5602 3765 5674">
    <p class='ocr_par' dir='ltr' id='par_1_119' title="bbox 2175 5602 3765 5674">
     <span class='ocr_line' id='line_1_119' title="bbox 2175 5602 3765 5674; baseline 0.002 -19"><span class='ocrx_word' id='word_1_759' title='bbox 2175 5610 2391 5674; x_wconf 86' lang='lat' dir='ltr'><strong>pturam</strong></span> <span class='ocrx_word' id='word_1_760' title='bbox 2426 5603 2585 5674; x_wconf 78' lang='lat' dir='ltr'><strong>nobis</strong></span> <span class='ocrx_word' id='word_1_761' title='bbox 2605 5604 2821 5671; x_wconf 88' lang='lat' dir='ltr'><strong>aperuit</strong></span> <span class='ocrx_word' id='word_1_762' title='bbox 2840 5605 3007 5674; x_wconf 82' lang='lat' dir='ltr'><strong>codex</strong></span> <span class='ocrx_word' id='word_1_763' title='bbox 3038 5604 3259 5665; x_wconf 78' lang='lat' dir='ltr'><strong>Fuk..in</strong></span> <span class='ocrx_word' id='word_1_764' title='bbox 3278 5602 3397 5674; x_wconf 82' lang='lat' dir='ltr'><strong>quo</strong></span> <span class='ocrx_word' id='word_1_765' title='bbox 3420 5606 3618 5674; x_wconf 86' lang='lat' dir='ltr'><strong>legitur</strong></span> <span class='ocrx_word' id='word_1_766' title='bbox 3649 5605 3679 5658; x_wconf 82' lang='grc' dir='ltr'><strong>ὁ</strong></span> <span class='ocrx_word' id='word_1_767' title='bbox 3703 5602 3765 5658; x_wconf 62' lang='grc' dir='ltr'>δὲ</span> 
     </span>
    </p>
   </div>
   <div class='ocr_carea' id='block_1_120' title="bbox 2176 5671 3764 5796">
    <p class='ocr_par' dir='ltr' id='par_1_120' title="bbox 2176 5671 3764 5796">
     <span class='ocr_line' id='line_1_120' title="bbox 2176 5671 3764 5796; baseline 0.003 -72"><span class='ocrx_word' id='word_1_768' title='bbox 2176 5672 2443 5796; x_wconf 60' lang='grc' dir='ltr'>ύπερὲάς.</span> <span class='ocrx_word' id='word_1_769' title='bbox 2477 5671 2590 5729; x_wconf 83' lang='lat' dir='ltr'><strong>Non</strong></span> <span class='ocrx_word' id='word_1_770' title='bbox 2628 5675 2771 5729; x_wconf 84' lang='lat' dir='ltr'><strong>enim</strong></span> <span class='ocrx_word' id='word_1_771' title='bbox 2801 5673 2986 5729; x_wconf 85' lang='lat' dir='ltr'><strong>dubito</strong></span> <span class='ocrx_word' id='word_1_772' title='bbox 3015 5676 3146 5745; x_wconf 86' lang='lat' dir='ltr'><strong>quin</strong></span> <span class='ocrx_word' id='word_1_773' title='bbox 3184 5671 3451 5731; x_wconf 78' lang='lat' dir='ltr'><strong>Eusebius</strong></span> <span class='ocrx_word' id='word_1_774' title='bbox 3475 5671 3764 5745; x_wconf 70' lang='lat' dir='ltr'><strong>scripserit</strong></span> 
     </span>
     <span class='ocr_line' id='line_1_121' title="bbox 2179 5761 2444 5796; baseline 0 0"><span class='ocrx_word' id='word_1_775' title='bbox 2179 5761 2320 5796; x_wconf 83' lang='grc' dir='ltr'>υπεκ</span> <span class='ocrx_word' id='word_1_776' title='bbox 2361 5761 2444 5796; x_wconf 80' lang='lat' dir='ltr'><strong>ac.</strong></span> 
     </span>
    </p>
   </div>
   <div class='ocr_carea' id='block_1_121' title="bbox 2179 5761 3802 5807">
    <p class='ocr_par' dir='ltr' id='par_1_121' title="bbox 2179 5761 3802 5807">
     <span class='ocr_line' id='line_1_122' title="bbox 2179 5761 3802 5807; baseline 0.001 -11"><span class='ocrx_word' id='word_1_777' title='bbox 2179 5761 2444 5807; x_wconf 80' lang='grc' dir='ltr'>υπεκοας.</span> <span class='ocrx_word' id='word_1_778' title='bbox 3796 5763 3802 5769; x_wconf 75' lang='lat'><strong><em>&#39;</em></strong></span> 
     </span>
    </p>
   </div>
  </div>
