4210 6488
444 472 548 529 93‘)
1554 471 1641 525 DE
1687 472 1844 527 VITA
1888 474 2348 528 CONSTANTIM
2385 474 2513 528 LIB.
2552 474 2614 528 ll.
3602 478 3707 526 fuit)

440 586 590 658 αὐτῷ
650 588 747 659 μὲν
803 589 1123 660 πηγνύμενα
1183 590 1572 662 κατεπείρετο,
1623 590 1915 661 ἠλευθέρου
1970 590 2025 642 δὲ
2056 601 2102 649 Α

2056 601 2102 649 Α
2136 592 2269 644 adeo
2301 604 2357 644 ut
2401 591 2548 644 nullo
2578 588 3020 660 unqnatnjaculo
3050 588 3366 654 ferirentur,
3400 590 3707 660 quicunque

439 676 673 732 θανάτου
700 679 791 733 τὸν
816 680 1072 752 φέροντα,
1100 681 1176 744 ὼς
1199 681 1363 751 μηδὲν
1393 681 1659 735 ἅπτεσθαι
1684 681 1793 734 τῶν
1818 682 2023 752 ταύτην

2128 681 2234 736 hoc
2279 683 2651 736 ministerium
2678 682 2922 737 obibant.
2959 681 3143 750 Neque
3180 697 3341 750 porro
3370 681 3483 736 lucc
3520 694 3703 739 nostra

439 775 781 846 ποιουμένων
820 777 916 848 τὴν
945 776 1219 830 διακονίαν
1258 775 1499 829 πώποτε.
1541 777 1653 846 Οὐχ
1687 776 1953 847 ἡμέτερος
1978 776 2021 828 δ’

2126 781 2209 825 est
2239 772 2438 831 oratio,
2469 776 2574 825 sed
2604 772 2771 841 ipsius
2804 772 3166 840 imperatoris,
3205 775 3295 840 qui
3329 773 3471 826 inter
3498 773 3701 842 reliqua

434 866 464 917 6
503 865 681 934 λόγος,
727 866 842 921 ἀλλ’
873 868 1036 921 αὑτοῦ
1083 868 1245 921 πάλιν
1283 867 1580 937 βασιλέως,
1626 870 1707 931 εἰς
1746 868 2023 940 ἡμετέρας

2124 863 2178 917 id
2211 864 2384 916 etiam
2436 864 2593 916 nobis
2643 865 3120 917 commemoravit.
3166 865 3267 931 Qui
3329 880 3447 917 cum
3495 866 3701 934 priores

437 955 609 1018 ἀκοὰς
638 957 776 1028 πρὸς
808 957 1014 1029 ἑτέροις
1048 959 1140 1012 καὶ
1171 956 1359 1012 τοῦτον
1393 959 1979 1029 ἀπομνημονεύσαντος
2004 976 2017 989 ·

2124 954 2394 1009 victorias
2421 954 2516 1008 Dei
2557 955 2948 1024 omnipotentis
2973 956 3182 1013 auxilio
3228 957 3523 1020 retulisset,
3554 964 3699 1027 post-

436 1050 496 1113 ὃς
535 1049 723 1120 ἐπειδὴ
760 1050 896 1105 Θεοῦ
939 1052 1166 1121 δυνάμει
1211 1052 1312 1115 τὰς
1361 1050 1585 1122 πρώτας
1625 1051 1796 1122 ἤρατο
1840 1051 2015 1117 νίκας,

2122 1046 2241 1101 Ιιωο
2266 1046 2388 1101 acie
2411 1047 2682 1102 instructa
2717 1047 3021 1102 exercitum
3044 1063 3293 1114 movens,
3324 1049 3550 1104 ulterius
3578 1065 3700 1118 pro-

436 1141 531 1195 ἐπὶ
574 1141 642 1196 τὰ
686 1142 873 1213 πρόσω
922 1142 1108 1198 λοιπὸν
1147 1143 1370 1215 ήλαυνε,
1412 1144 1472 1198 τὸ
1518 1144 1907 1216 στρατιωτικὸν
1959 1146 2017 1198 ἐν
2119 1137 2306 1193 cessit.

433 1232 588 1300 τάξει
622 1235 870 1305 κινήσας.

957 1325 1353 1380 ΚΕΦΑΛΔΙΟΝ
1391 1328 1446 1380 I'.

1409 1328 1446 1380 ".
2738 1324 2966 1381 CAPUT
3004 1325 3071 1381 Χ.

499 1418 796 1486 Συμϐολαὶ
825 1418 1116 1489 διάφοροι,
1138 1420 1238 1473 καὶ
1264 1422 1734 1475 Κωνσταντίνου
1754 1422 1938 1476 νίκαι.

1810 1422 1938 1476 έκαι,
2362 1413 2542 1469 Variae
2570 1432 2761 1486 pugna:
2780 1427 2826 1470 et
2863 1415 3199 1471 Constantini
3222 1418 3472 1472 victoriw.

498 1508 700 1562 Τούτου
732 1511 790 1563 δὲ
818 1511 916 1583 τὴν
940 1510 1164 1582 πρώτην
1186 1511 1364 1582 ὁρμὴν
1398 1513 1448 1564 οἱ
1478 1513 1576 1583 τῆς
1599 1512 1848 1575 ἐναντίας
1881 1530 2015 1585 προ-

2190 1507 2362 1563 Porro
2394 1510 2746 1563 adversarum
2786 1508 3022 1578 partium
3056 1510 3400 1578 antesignani
3427 1524 3550 1566 cum
3578 1512 3691 1580 pri-

426 1600 790 1672 κατάρχοντες
838 1601 1042 1673 λήξεως
1080 1603 1178 1673 οὐχ
1238 1603 1605 1667 ὑποστάντες,
1662 1607 1780 1658 ταῖν
1831 1606 2013 1674 χεροῖν

2111 1611 2265 1653 mum
2296 1600 2415 1669 ejus
2442 1600 2703 1669 impetum
2736 1601 3014 1655 sustinere
3043 1614 3150 1655 non
3185 1603 3508 1671 potuissent,
3541 1603 3692 1673 abje-

426 1694 680 1763 ρίψαντες
699 1697 766 1748 τὰ
789 1694 948 1758 ὅπλα,
979 1693 1361 1767 προσεχώρουν
1391 1698 1503 1760 τοῖς
1535 1695 1800 1766 βασιλέως
1831 1698 2006 1751 ποσίν·

2112 1691 2219 1745 ctis
2247 1692 2415 1746 armis
2450 1706 2574 1747 sese
2597 1692 2665 1747 ad
2700 1692 3044 1763 imperatoris
3072 1694 3237 1763 pedes
3257 1702 3690 1763 prostraverunt.

420 1787 450 1837 6
473 1785 529 1838 δὲ
560 1786 687 1849 τοὺς
732 1786 943 1849 πάντας
976 1785 1148 1849 σώους
1191 1768 1504 1856 ύπεδέχετο,
1546 1789 1615 1858 τῇ
1651 1786 1759 1840 τῶν
1800 1786 2010 1857 ἀνδρῶν

2109 1783 2179 1838 At
2208 1783 2298 1838 ille
2328 1796 2555 1840 cunctos
2582 1785 2883 1841 incolumes
2916 1788 3175 1851 servavit,
3208 1801 3458 1857 magnam
3497 1801 3562 1841 ex
3597 1800 3689 1841 sa-

419 1874 725 1943 ἀσμενίζων
755 1874 1020 1946 σωτηρίᾳ.
1046 1875 1229 1928 ’Ἄλλοι
1253 1875 1297 1929 δ’
1323 1877 1415 1928 ἐπὶ
1452 1877 1563 1939 τοῖς
1582 1876 1767 1940 ὅπλοις
1795 1877 2009 1947 μείναν-

2112 1873 2223 1929 lute
2254 1876 2530 1929 hominum
2566 1877 2880 1947 percipiens
2918 1878 3275 1946 voluptatem.
3305 1877 3410 1932 Alii
3435 1891 3565 1932 vero
3593 1879 3686 1946 qui

417 1978 531 2027 τες,
556 1963 864 2035 ἐνεχείρουν
895 1965 962 2035 τῇ
997 1963 1090 2017 τοῦ
1120 1963 1356 2035 πολέμου
1388 1966 1631 2037 συμϐολῇ
1656 1984 1667 1995 ·
1695 1960 1776 2030 οἷς
1813 1966 2003 2038 ἐπειδὴ
2034 1954 2076 2007 Β

2034 1954 2076 2007 Β
2107 1963 2208 2017 sub
2245 1964 2415 2020 armis
2440 1976 2838 2032 remanserant,
2872 1983 2997 2022 sese
3025 1969 3092 2022 ad
3116 1984 3347 2038 pugnam
3395 1969 3681 2036 parabant.

416 2055 554 2128 πρὸς
580 2057 799 2126 φιλικὰς
829 2058 1050 2129 κλήσεις
1072 2059 1184 2129 (42)
1215 2061 1604 2132 προϊσχόμενος
1630 2061 1904 2132 βασιλεὺς,
1938 2062 1998 2114 οὐ

2105 2054 2254 2121 Quos
2284 2056 2581 2126 imperator
2615 2059 2683 2113 ad
2721 2060 3049 2114 deditionem
3106 2060 3364 2125 invitans,
3399 2077 3523 2118 cum
3550 2062 3686 2115 ami-

415 2151 768 2222 πειθομένους
797 2151 939 2221 ἔγνω
963 2193 978 2218 ,
1026 2152 1119 2207 τὸν
1161 2153 1391 2226 στρατὸν
1435 2154 1605 2224 ἠφίει.
1641 2157 1702 2209 Ol
1731 2153 1776 2207 δ’
1802 2155 2001 2208 αὐτίκα

2104 2146 2186 2201 eis
2246 2148 2764 2217 compellationibus
2834 2149 3144 2206 nullatenus
3192 2151 3390 2207 inﬂecti
3449 2154 3680 2218 videret,

413 2244 560 2299 νῶτα
584 2245 787 2311 δόντες,
818 2247 897 2309 είς
930 2247 1108 2317 φυγὴν
1140 2248 1450 2317 ἐτρέποντο.
1481 2244 1595 2300 Εἶθ’
1624 2264 1673 2300 οι
1699 2252 1797 2318 μὲν
1816 2247 1998 2301 αὐτῶν

2101 2239 2399 2294 exercitum
2426 2240 2481 2294 iu
2517 2256 2615 2296 eos
2646 2242 2898 2296 immisit.
2937 2242 3015 2297 illi
3046 2244 3304 2298 continuo
3356 2254 3504 2313 terga
3546 2244 3682 2298 dau-

412 2338 562 2408 νόμῳ
606 2337 845 2407 πολέμου
894 2338 1200 2392 ἐκτείνοντο
1240 2339 1828 2410 καταλαμϐανόμενοι,
1870 2342 1919 2392 οἱ
1951 2340 1996 2393 δ’

2103 2338 2210 2395 tes,
2257 2330 2311 2384 in
2358 2331 2541 2401 fugam
2573 2343 2878 2389 vertuntur.
2905 2333 3143 2399 Quorum
3175 2336 3264 2389 alii
3298 2338 3680 2405 comprehensi

409 2426 498 2481 ἐπ’
521 2428 783 2500 ἀλλήλους
828 2428 1140 2493 πίπτοντες,
1182 2430 1297 2493 τοῖς
1353 2428 1572 2493 οἰκείοις
1607 2427 1997 2482 κατεϐάλλοντο

2099 2420 2244 2475 inter
2277 2421 2615 2491 fugiendum,
2645 2421 2771 2490 jure
2802 2423 2924 2478 belli
2957 2426 3108 2485 caesi;
3149 2425 3241 2478 alii
3280 2427 3333 2479 in
3380 2441 3439 2480 se
3492 2436 3679 2480 mutuo

410 2517 640 2590 ξίφεσιν.
2098 2511 2485 2583 impingeutes,
2520 2515 2745 2567 suismet
2780 2513 2979 2583 gladiis
3003 2515 3320 2570 obtruncati
3350 2527 3500 2574 sunt.

475 2627 480 2633 ‘
929 2613 1328 2666 ΚΕΦΑΛΑῙΟΝ
1356 2612 1461 2666 lA’.

2608 2604 2775 2677 449
2811 2605 3039 2662 CAPUT
3074 2605 3168 2663 XI.

740 2703 906 2774 Φυτὴ
929 2705 1200 2760 Λικινίου
1234 2704 1333 2758 καὶ
1354 2702 1637 2775 γοητεῖαι.

2435 2695 2594 2767 Fuga
2620 2711 2667 2751 et
2696 2698 2916 2767 niagicw
2949 2706 3091 2753 artes
3120 2697 3335 2752 Licinii.

486 2796 609 2849 Ἐπὶ
638 2794 847 2861 τούτοις
892 2797 922 2848 6
950 2795 1154 2850 τούτων
1177 2795 1443 2868 ἐξάρχων,
1474 2794 1662 2854 ἐπειδὴ
1705 2794 1806 2859 τῆς
1838 2793 1990 2865 παρά

2163 2785 2385 2842 Illorum
2412 2802 2544 2843 vero
2574 2788 2851 2858 princeps,
2882 2804 3005 2843 cum
3048 2803 3109 2844 se
3140 2788 3517 2844 ministrorum
3545 2803 3674 2843 suo-

400 2886 509 2939 τῶν
531 2887 756 2941 οἰκετῶν
797 2885 911 2957 (45)
943 2885 1194 2959 βοηθείας
1234 2886 1566 2959 στερηθέντα
1594 2886 1833 2940 συνεῖδεν
1859 2888 1989 2940 ἐαυ-

2093 2896 2213 2935 rum
2262 2880 2470 2936 auxilio
2522 2880 2844 2935 destitutum
2890 2896 3035 2946 esse,
3093 2890 3150 2936 et
3187 2897 3326 2952 quas
3383 2883 3677 2953 collegerat

400 2978 509 3036 τὸν.
549 2977 779 3049 φροῦδόν
804 2977 854 3031 τ’
881 2973 951 3051 ἦν
979 2977 1129 3050 αὐτῷ
1159 2977 1220 3031 τὸ
1248 2977 1452 3049 πλῆθος
1507 2978 1607 3049 τῆς
1642 2976 1991 3049 συνειλεγμέ-

2092 2972 2277 3042 copias
2320 2980 2428 3026 tam
2467 2970 2700 3025 militum
2731 2986 2893 3040 quam
2925 2971 3301 3039 auxiliarium,
3324 2989 3516 3029 omnes
3545 2989 3675 3030 eva-

398 3086 498 3139 νης
524 3069 675 3140 αὐτῷ
705 3069 992 3142 στρατείας
1021 3087 1082 3123 τε
1113 3069 1209 3125 καὶ
1232 3068 1566 3140 συμμαχίας,
1584 3069 1618 3139 ἦ
1650 3086 1712 3122 τε
1741 3062 1818 3123 ὧν
1851 3067 1989 3140 ᾤετο

2090 3063 2277 3118 nuisse
2306 3072 2575 3130 cerneret,
2598 3077 2864 3132 spemque
2893 3062 2946 3117 in
2981 3063 3087 3117 diis
3113 3079 3250 3133 quos
3273 3063 3673 3133 colebat'pror-

399 3158 557 3223 θεῶν,
592 3160 747 3225 ἐλπὶς
778 3160 841 3214 τὸ
875 3161 1041 3232 μηδὲν
1079 3161 1247 3233 πείρᾳ
1290 3160 1634 3232 διηλέηετο,
1683 3160 1986 3232 τηνικαῦτα

2091 3171 2188 3210 sus
2229 3156 2447 3209 inanem
2494 3171 2616 3210 esse
2668 3170 2753 3209 res
2785 3156 2900 3223 ipsa
2930 3157 3304 3220 convinceret,
3341 3155 3522 3226 fugam
3557 3165 3670 3210 tur-

394 3246 636 3318 δρασμὲν
664 3248 941 3319 αἴσχιστον
972 3249 1256 3320 ὑπομένειο
1281 3248 1497 3319 φεύγων
1520 3249 1655 3320 δῆτα
1693 3250 1982 3315 διέϐαινεν,
2011 3286 2053 3343 c

2011 3286 2053 3343 α
2089 3247 2368 3314 pissimam
2420 3248 2565 3303 iniit.
2622 3247 2802 3318 Atque
2859 3247 2960 3302 boc
3015 3247 3176 3302 modo
3218 3246 3457 3317 elapsus,
3495 3257 3669 3303 semet

394 3337 455 3391 ὲν
501 3337 731 3407 ἀσφαλεῖ
756 3337 805 3391 τ’
839 3337 1067 3406 ἐγίνετο,
1101 3338 1195 3392 τοῦ
1224 3338 1501 3409 θεοφιλοῦς
1543 3339 1619 3411 μὴ
1647 3339 1790 3393 κατά
1817 3340 1983 3404 πόδας
2017 3334 2053 3343 ⁷

2017 3334 2053 3343 ⁷
2089 3335 2406 3391 discrimine
2434 3335 2658 3400 exemit,
2713 3350 2833 3392 cum
2866 3335 3164 3404 imperator
3211 3334 3304 3390 Dei
3353 3336 3668 3390 amantissi-

392 3425 608 3480 διώκειν
634 3430 746 3492 τοῖς
770 3428 992 3491 οἰκείοις
1011 3427 1453 3498 ἐγκελευομένου,
1482 3428 1560 3492 ὡς
1592 3428 1658 3482 ἃν
1688 3427 1839 3499 τύχοι
1873 3446 1980 3482 σω·-

2087 3443 2232 3493 mus,
2253 3443 2380 3483 suos
2404 3426 2689 3483 confestim
2714 3429 2866 3497 sequi
2897 3437 2954 3483 et
2977 3426 3229 3497 fugientis
3248 3436 3395 3498 terga
3414 3444 3666 3499 premere

391 3514 587 3585 τηρίας
613 3516 642 3568 ό
674 3513 911 3583 φεύγων.
940 3514 1172 3579 Ἤλπιζε
1210 3517 1319 3587 γάρ
1349 3533 1479 3570 ποτε
1510 3517 1675 3571 αὐτὸν
1695 3517 1979 3572 συναισθό-

2086 3520 2368 3587 noluisset,
2389 3535 2501 3590 quo
2518 3521 2727 3576 scilicet
2744 3520 2957 3590 fugiens
2982 3527 3164 3589 posset
3184 3515 3435 3575 evadere.
3461 3519 3665 3591 Spera-

395 3621 554 3673 μενον
571 3600 627 3658 οἷ
641 3604 827 3659 κακῶν
855 3605 922 3659 ἂν
945 3604 1055 3676 εῐη,
1083 3605 1243 3679 λῆξαι
1278 3607 1377 3678 μὲν
1405 3607 1506 3678 τῆς
1535 3608 1833 3679 μανιώδους
1851 3609 1979 3681 θρα-

2081 3611 2174 3667 bat
2198 3612 2342 3666 enim
2361 3610 2478 3667 fore
2497 3610 2831 3676 utLicinins,
2851 3611 3066 3681 cognito
3084 3609 3301 3664 tandem
3329 3622 3508 3663 rerum
3532 3625 3659 3665 sua-

392 3695 640 3767 σύτητος,
671 3700 765 3751 ἐπὶ
786 3697 877 3751 τὸν
899 3699 1184 3770 κρείττονα
1205 3699 1262 3752 δὲ
1283 3700 1543 3772 λογισμὸν
1573 3701 1973 3772 μεταϐαλέσθαι

2082 3721 2201 3759 rum
2246 3703 2624 3759 infelicissimo
2652 3712 2828 3769 statu,
2867 3717 2898 3756 a
2935 3702 3164 3771 pristina
3216 3701 3441 3755 audacia
3495 3712 3661 3772 atque

387 3785 486 3857 τὴν
517 3785 762 3859 γνώμην.
790 3787 927 3840 Ἀλλ’
949 3791 979 3842 6
1008 3789 1104 3859 μὲν
1133 3789 1539 3862 φιλανθρωπίας
1560 3791 1829 3863 ὑπερϐολῇ
1850 3792 1974 3847 ταῦ-

2080 3796 2292 3850 insania
2325 3797 2653 3863 discederet,
2680 3803 2734 3849 et
2759 3796 2826 3848 ad
2858 3793 3129 3849 saniorem
3158 3802 3393 3847 mentem
3429 3794 3656 3849 rediret.

387 3895 454 3931 τα
478 3878 750 3945 διενοεῖτο,
786 3879 1129 3946 ἀνεξικακεῖν
1151 3898 1211 3935 τε
1239 3881 1418 3953 ἤθελε,
1445 3883 1539 3936 καὶ
1577 3882 1763 3954 νέμειν
1789 3885 1869 3957 τῷ
1896 3885 1971 3957 μὴ

2082 3883 2279 3940 Verum
2310 3885 2700 3941 Constantinus
2722 3884 2940 3955 quidem
2978 3897 3079 3953 pro
3101 3882 3301 3937 eximia
3331 3898 3434 3952 qua
3462 3884 3662 3954 pradi-

388 3970 525 4042 ἀξίῳ
559 3970 909 4044 συγγνώμην·
933 3976 962 4028 ὁ
986 3974 1031 4027 δ’
1054 3975 1156 4027 οὐκ
1186 3975 1444 4045 ἀπείχετο
1476 3975 1793 4047 μοχθηρίας,
1824 3980 1971 4033 κακά

2076 3987 2163 4033 tus
2197 3987 2317 4030 erat
2345 3976 2708 4040 humanitate,
2744 3977 2860 4030 lucc
2887 3974 2964 4028 ita
2993 3974 3350 4030 existimabat
3379 3990 3395 4030 :
3421 3987 3476 4032 et
3511 3977 3656 4048 inju-

384 4064 428 4117 δ’
461 4066 556 4120 ἐπὶ
607 4068 799 4130 κακοῖς
834 4067 1111 4140 σωρεύων,
1158 4068 1418 4141 χειρόνων
1445 4070 1653 4140 ἥπτετο
1680 4072 1972 4144 τολμημά-

2082 4070 2194 4125 rias
2229 4070 2498 4140 patienter
2532 4067 2699 4134 ferre,
2727 4082 2792 4122 ac
2829 4068 2958 4123 licet
2995 4085 3101 4125 non
3158 4068 3386 4123 merenti
3434 4070 3655 4124 veniam

383 4173 511 4210 των’
537 4158 632 4211 mi.
660 4157 724 4230 δὴ
745 4157 906 4213 πάλιν
939 4159 1152 4230 γοήτων
1180 4160 1528 4231 κακοτέχνοις
1548 4163 1973 4235 ἐπιτηδεύμασιν

2079 4159 2233 4227 dare,
2282 4158 2335 4213 in
2392 4160 2634 4213 anitnum
2684 4157 2994 4217 induxerat.
3031 4161 3104 4213 At
3161 4159 3410 4215 Licinius
3442 4168 3650 4214 tantum

383 4251 650 4322 ἐγχειρῶν
675 4251 1022 4324 ἐθρασύνετο·
1047 4246 1119 4323 ’ἦν
1144 4251 1202 4305 δὲ
1230 4254 1326 4306 καὶ
1368 4254 1457 4307 ἐπ’
1494 4254 1665 4326 αὐτῷ.
1692 4255 1769 4319 ὡς
1805 4255 1912 4328 ἄρα
1938 4258 1968 4312 6

2079 4255 2235 4312 abest
2282 4264 2342 4310 ut
2390 4271 2419 4307 a
2476 4255 2723 4325 pristima
2774 4255 3129 4325 improbitate
3163 4257 3463 4319 “destiterit,
3516 4256 3647 4325 quin

382 4340 513 4404 Θεὸς
535 4341 700 4412 ἐσκλή
711 4359 834 4413 ρυνε
864 4341 963 4414 τὴν
1000 4342 1224 4415 καρδίαν
1252 4342 1441 4407 αὐτοῦ,
1468 4343 1684 4416 παλαιῷ
1720 4347 1967 4421 τυράννῳ

2078 4350 2258 4418 potius
2287 4346 2426 4402 mala
2453 4346 2614 4401 malis
2637 4361 2995 4416 exaggerans,
3021 4347 3203 4416 pejora
3233 4351 3286 4401 in
3321 4348 3436 4401 dies
3461 4360 3649 4415 aggre-

381 4432 778 4504 παραπλησίως
810 4435 993 4503 φάναι.

2074 4441 2343 4495 diebatur.
2374 4439 2514 4505 Quin
2535 4439 2698 4493 etiam
2732 4439 2800 4492 ad
2828 4454 3104 4509 magorum
3122 4440 3470 4494 detestandas
3502 4446 3647 4491 artes

379 4530 563 4582 denuo
600 4527 940 4598 confugiens,
976 4529 1164 4585 ell’erri
1205 4531 1529 4587 insolentius
1561 4532 1747 4601 cmpit.
1786 4534 1862 4588 Ac
1907 4532 1974 4590 de
2007 4535 2094 4591 illo
2159 4536 2300 4591 idem
2354 4533 2551 4588 merito
2612 4533 2719 4588 dici
2771 4543 2985 4603 poterat
3036 4533 3176 4604 quod
3225 4532 3293 4588 de
3322 4543 3507 4588 vetere
3556 4530 3648 4587 illo

381 4632 762 4691 tyranuo,cor
778 4620 993 4677 scilicet
1025 4622 1194 4692 ipsius
1223 4636 1254 4676 a
1291 4623 1400 4678 Deo
1426 4625 1740 4679 induratum
1773 4626 1963 4681 fuisse.

907 4718 1310 4772 ΚΕΦΑΛΑΙΟΝ
1333 4718 1432 4772 ῐΒ¹.
1996 4727 2041 4782 Ι)

1380 4718 1432 4772 3'.
1996 4727 2041 4782 Ι)
2662 4718 2892 4775 CAPUT
2932 4718 3042 4775 XII.

378 4807 568 4876 Ὅπως
617 4809 1092 4883 Καψστιιντῐνος-
1106 4810 1179 4883 ἐν
1212 4809 1417 4880 σκηνῇ
1473 4814 1957 4883 προσευχόμενος

2068 4813 2346 4879 Quomodo
2372 4812 2748 4867 Constantinus
2794 4829 2952 4864 orans
2995 4815 3049 4864 in
3097 4813 3451 4879 tabernaculo,
3478 4815 3642 4869 nicto-

1020 4920 1024 4924 ρ
1067 4879 1260 4934 ἐνίκα.
1405 4879 1410 4880 7
1704 4879 1739 4883 ’⁷
1774 4879 1788 4882 ’
1935 4879 1944 4880 7
2598 4884 2675 4935 riu

1704 4879 1739 4883 ’⁷
1774 4879 1788 4882 “
1935 4879 1944 4880 7
2598 4884 2731 4935 riunt
2752 4885 2970 4950 adeptus
2999 4893 3095 4935 est.

356 5010 365 5017 .
465 4969 602 5024 Ἀλλ’
636 4971 666 5023 ὁ
698 4971 796 5042 μὲν
823 4969 1087 5033 τοιούτοις
1111 4971 1404 5042 ἐμπλέκων
1441 4972 1655 5034 ἐαυτὸν,
1689 4972 1829 5027 κατὰ
1859 4972 1958 5044 βα-

2137 4975 2380 5030 Liciutus
2404 4975 2572 5044 igitur
2602 4973 2906 5042 bujusmodi
2935 4974 3205 5029 scelerum
3251 4975 3480 5031 vinculis
3519 4992 3642 5033 sese

381 5061 594 5134 ράθρων
614 5062 889 5127 ἀπωλείας
913 5061 1062 5116 ὤθει·
1095 5062 1349 5133 βασιλεὺς
1378 5065 1424 5118 δ’
1452 5066 1576 5119 ἐπεὶ
1601 5064 1749 5138 ἐώρα
1773 5066 1957 5120 δευτέ-

2064 5067 2178 5136 ipse
2229 5066 2636 5135 constringens,
2673 5067 2728 5120 in
2761 5065 2915 5119 exitii
2947 5065 3264 5121 barathrum
3305 5068 3638 5137 praecipitem

376 5170 474 5224 ρας
492 5152 642 5224 αὐτῷ
665 5153 873 5207 δεῖσθαι
893 5153 1130 5226 πολέμου
1147 5154 1504 5227 παρατάξεως
1532 5156 1665 5229 (44),
1686 5157 1766 5230 τῷ
1787 5157 1953 5213 αὑτοῦ

2065 5158 2232 5215 dedit.
2256 5157 2655 5215 Constantinus
2676 5172 2806 5214 vero
2828 5171 2955 5212 cum
2975 5156 3147 5211 altero
3168 5156 3356 5226 praelia
3372 5156 3480 5213 sibi
3496 5173 3637 5229 opus

442 5354 557 5434 με)
605 5356 762 5423 Πρὸς
796 5356 1040 5434 φιλικὰς
1086 5356 1364 5434 ﬁdesic.
1421 5358 1790 5434 Scribendum
1817 5370 1947 5434 puto
2054 5365 2104 5418 di

2054 5365 2216 5419 docet
2243 5359 2453 5434 Suidas
2475 5361 2530 5415 in
2560 5375 2691 5416 voce
2722 5360 3073 5434 Βετεράνος·
3106 5360 3257 5434 παρά
3282 5363 3576 5434 Ῥωμαίοις
3607 5365 3637 5417 6

373 5426 603 5503 φιλικᾲςΔ
630 5427 999 5503 προσκλήσεις
1041 5427 1457 5503 προϊσχόμενος,
1498 5429 1548 5483 id
1601 5437 1703 5490 est,
1739 5426 1949 5503 blandis
2059 5432 2351 5496 ἀπολυθεὶς
2392 5432 2494 5503 τῆς
2529 5426 2984 5503 στρατείαςο’ὲπὶ
3021 5426 3358 5487 εἰκοσαετίαν
3386 5426 3456 5503 ,δὲ
3489 5426 3635 5487 οὗτοι

372 5505 421 5548 et
447 5498 631 5569 amicis
676 5498 844 5569 perhn;
878 5514 962 5551 eos
990 5498 1335 5569 compellans.
1391 5498 1561 5552 Porro
1588 5515 1708 5567 quin
1744 5500 1794 5552 in
1846 5500 1949 5553 hoc
2057 5504 2359 5559 ἐδούλευον.
2393 5498 2531 5556 Hinc
2571 5498 2654 5557 est
2692 5504 2835 5569 quod
2867 5505 3088 5559 tirones
3127 5505 3272 5556 notis
3307 5502 3630 5569 quibusdam

369 5567 550 5635 capite
575 5579 763 5655 narrat
797 5566 1087 5649 Eusebius,
1125 5567 1400 5655 ptltlinere
1431 5566 1686 5655 videntur
1722 5572 1790 5621 ad
1838 5572 1947 5638 pri-
2056 5576 2108 5629 in
2147 5572 2657 5655 cutesignabantur
2697 5566 3150 5655 tanquamnservi.
3192 5566 3377 5627 Missio
3410 5585 3637 5652 quoque

368 5636 806 5709 Mllanll'aflllllll
843 5640 895 5709 in
935 5652 1128 5704 campo
1171 5636 1473 5709 Cibaleusi,
1519 5639 1586 5692 dc
1631 5653 1740 5707 quo
1783 5636 1944 5709 supra
2056 5636 2472 5698 tuamtmissioui
2513 5636 2893 5709 reSpoudebat.
2939 5642 3053 5697 Non
3096 5645 3216 5696 sine
3261 5636 3439 5695 causa
3465 5641 3629 5707 igitur

368 5706 701 5782 dix‘i_.__ldque
724 5708 1083 5782 confirmatur
1102 5723 1171 5782 ex
1208 5708 1585 5782 sequentibus.
1633 5706 1659 5782 ξ
1699 5779 1708 5782 Α
1851 5706 1863 5709 7
2057 5715 2327 5768 Eusebius
2367 5713 2567 5766 milites
2597 5706 2872 5768 Romanos
2916 5712 3152 5782 appellat
3180 5710 3418 5782 οἰκέτας.
3469 5706 3625 5782 Quod

583 5776 751 5844 Παρὰ
781 5774 1389 5852 τῶν-,οἰκετῶνζΝονο
1417 5793 1566 5852 more
1595 5779 1809 5852 οἰκέτας
1847 5795 1944 5845 pro
2045 5785 2088 5835 si

2045 5785 2088 5835 si
2119 5786 2258 5837 forte
2283 5782 2442 5836 alicui
2469 5783 2743 5851 displicet,
2766 5785 2816 5836 in
2844 5774 3500 5852 pruniplurstcntcndarc
3514 5778 3624 5833 τῶν

370 5845 632 5917 militibus
649 5860 875 5916 usurpat
896 5847 1180 5917 Eusebius.
1207 5847 1568 5916 Eratquidetn
1599 5851 1786 5903 militia
1818 5865 1936 5917 spc-
2042 5856 2277 5907 οἰκείων.

371 5916 481 5970 cies
529 5915 790 5981 quaedam
823 5915 1100 5973 servitutis
1145 5915 1508 5986 temporariae.
1572 5919 1725 5987 Quod
1773 5915 1936 5977 etiam

2112 5927 2222 5994 (ii)
2260 5922 2611 5993 Δευτέρας...
2661 5925 2925 5995 πολέμου
2958 5918 3361 5991 παρατάξεως.
3409 5920 3482 5974 Ex
3535 5920 3617 5977 bis
