4210 6422
538 389 641 446 991

1248 381 1522 437 EUSEBII
1558 382 2044 440 CESARIENSIS
2074 382 2226 437 Ol‘P.
2267 385 2448 440 PARS
2485 386 2531 441 Ι.
2573 416 2646 427 —-
2686 385 3074 443 HISTORICA.

3686 387 3795 442 99?.

539 510 944 563 essecerneret,
962 499 1268 556 Servatoris
1285 500 1366 554 sui
1394 499 1865 571 cultui-diligenter
1886 503 2108 557 vacavit.

2225 505 2435 575 Σωτῆρι
2483 505 2583 574 τὴν
2618 505 2814 576 σχολὴν
2844 505 3099 570 ἀνετίθει,
3133 503 3228 558 τοῦ
3274 505 3371 577 μὲν
3417 503 3649 578 σταυροῦ
3692 506 3792 577 τὴν

541 596 607 649 Et
667 595 847 650 crucis
872 594 1088 663 quidem
1138 591 1544 646 tabernaculum
1581 594 1701 647 ﬁxit
1730 605 1880 648 extra
1909 606 2112 661 castra,

539 686 629 739 ubi
660 700 795 754 pure
823 695 876 738 et
902 694 1054 738 caste
1083 684 1306 753 degens,
1330 699 1522 753 preces
1540 685 1605 739 ad
1637 686 1803 740 Deum
1828 686 2110 753 fundebat;

538 775 787 844 exemplo
816 777 1020 831 veteris
1049 776 1195 830 illius
1222 777 1521 845 prophetzn,
1556 792 1716 845 quem
1757 789 1908 832 extra
1933 788 2115 834 castra

541 865 952 919 tabernaculum
994 867 1346 922 constituisse
1374 866 1550 921 divina
1571 877 1839 922 testantur
1866 872 2108 927 oracula.

535 957 783 1010 Aderant
813 966 994 1011 autem
1028 959 1229 1012 assidui
1257 973 1361 1011 una
1391 975 1512 1012 cum
1545 959 1664 1026 ipso
1695 959 2108 1028 paueiquidam,

539 1045 688 1110 ﬁdei,
733 1048 951 1115 pietatis
1002 1063 1065 1101 ac
1124 1047 1515 1102 benevolentiae
1568 1050 1735 1117 probe
1797 1060 2107 1116 compertae.

536 1140 712 1207 Atque
739 1140 789 1193 id
818 1155 1031 1209 semper
1053 1140 1235 1194 facere
1261 1150 1646 1206 consueverat,
1685 1141 2111 1211 quotiescunque

537 1241 811 1284 certamen
836 1240 979 1284 esset
1012 1230 1268 1284 initurus.
1293 1231 1482 1294 Neque
1510 1232 1655 1285 enim
1698 1248 1938 1300 praeceps
1965 1242 2106 1297 erat,

535 1321 735 1389 quippe
764 1321 855 1390 qui
884 1322 1078 1375 tutiora
1106 1336 1322 1389 semper
1344 1322 1589 1392 eligeret.
1620 1323 1821 1380 Adhzec
1846 1325 1940 1379 Dei
1974 1340 2106 1379 cou-

535 1410 658 1464 s'dio
684 1422 879 1466 cuncta
914 1427 1105 1483 gerere
1152 1412 1344 1467 solitus
1384 1422 1522 1467 erat.
1552 1413 1726 1468 Porro
1752 1430 1874 1469 cum
1919 1415 2107 1470 sedqu

535 1512 702 1572 atque
736 1502 978 1570 impense
1029 1502 1139 1557 Deo
1174 1518 1273 1558 suo
1308 1503 1665 1579 supplicaret,
1717 1520 1932 1575 semper
1964 1506 2106 1563 Deus

534 1593 585 1647 ei
631 1593 975 1662 prmsentiam
1023 1609 1176 1649 suam
1212 1594 1479 1649 exhibere
1530 1595 1784 1663 dignatus
1808 1606 1908 1651 est.
1942 1596 2108 1669 £50

538 1683 766 1746 Exinde,
800 1685 946 1739 velut
977 1686 1241 1741 tliviuiore
1279 1696 1433 1740 actus
1465 1686 1716 1754 impulsu,
1753 1690 2007 1757 prosilire
2035 1706 2103 1745 ex

537 1773 888 1829 tabernaculo
934 1776 1160 1842 solebat,
1215 1786 1271 1833 et
1325 1778 1481 1848 signo
1533 1779 1600 1833 ad
1648 1779 2100 1850 proﬁciscendum

2221 595 2426 663 σκηνὴν
2457 594 2566 665 (45)
2609 597 2765 659 ἐκτὸς
2789 596 2881 649 καὶ
2912 596 3252 668 πορρωτάτω
3284 595 3618 668 πηξάμενος,
3652 596 3790 668 ἁγνῇ

2217 685 2261 737 δ’
2295 685 2543 739 ἐνταυθοῖ
2567 685 2846 758 χρώμενος
2879 687 2974 741 καὶ
3005 686 3221 759 καθαρᾷ
3244 686 3441 759 διαίτῃ,
3474 686 3553 758 τῷ
3584 704 3643 740 τε
3674 686 3793 758 Θεῷ

2216 771 2315 833 τὰς
2347 771 2511 842 εὐχὰς
2539 774 2843 838 ἀποδιδοὺς,
2880 775 2999 829 κατ’
3022 775 3182 829 αὐτὸν
3215 777 3419 831 ἐκεῖνον
3443 775 3535 830 τὸν
3564 776 3793 831 παλαιὸν

2215 860 2309 913 τοῦ
2343 860 2479 915 Θεοῦ
2500 865 2803 936 προφήτην,
2834 863 2892 917 ὃν
2922 864 3022 934 τῆς
3043 864 3394 937 παρεμϐολῆς
3428 866 3585 931 ἐκτὸς
3611 866 3789 937 πήξα-

2224 952 2347 1005 σθαι
2394 953 2492 1024 τὴν
2539 954 2765 1026 σκηνὴν,
2806 955 2876 1008 τὰ
2924 955 3043 1009 θεῖα
3086 955 3401 1011 πιστοῦνται
3425 956 3599 1026 λόγια.
3615 957 3791 1030 Προσ-

2215 1042 2550 1118 εκαρτέρουν
2615 1046 2659 1099 δ’
2698 1046 2846 1117 αὑτῷ
2882 1047 3119 1118 βραχεῖς,
3154 1048 3205 1101 οί
3246 1048 3424 1102 πίστει
3460 1047 3555 1103 καὶ
3601 1048 3787 1102 θεοσεο

2215 1132 2366 1196 Θείας
2397 1134 2577 1207 εὐνοίᾳ
2598 1135 2709 1207 (46)
2732 1139 2863 1208 παρ’
2880 1137 3028 1208 αὑτῷ
3042 1138 3509 1210 δεδοκιμασμένοι.
3546 1139 3715 1195 Τοῦτο
3741 1141 3787 1196 δ’

2217 1224 2367 1295 αὐτῷ
2388 1223 2616 1296 σύνηθες
2641 1222 2709 1298 ἦν
2736 1230 3015 1297 πράττειν,
3058 1230 3152 1282 καὶ
3181 1229 3364 1284 εἴποτε
3396 1230 3583 1286 ἄλλοτε
3615 1249 3786 1303 παρα-

2212 1316 2361 1381 τάξει
2394 1317 2645 1389 πολέμων
2682 1320 2907 1391 ὡρμᾶτο
2957 1321 3271 1392 συμϐαλεῖν.
3302 1323 3509 1393 Βραδὺς
3545 1324 3643 1395 μὲν
3677 1324 3783 1397 γὰρ

2210 1404 2280 1478 ἦν
2328 1406 2396 1461 δι’
2440 1409 2759 1478 ἀσφάλειαν,
2804 1410 2938 1464 Θεοῦ
2987 1413 3044 1465 δὲ
3088 1412 3247 1485 βουλῇ
3301 1414 3479 1469 ’πάντα
3526 1415 3785 1487 πράττειν

2209 1499 2382 1569 ⁴ἠξίου.
2430 1499 2553 1553 Ἐπὶ
2596 1501 2792 1572 σχολῆς
2822 1502 2879 1556 δὲ
2910 1502 2988 1571 τῷ
3019 1504 3182 1558 αὑτοῦ
3214 1504 3332 1576 Θεῷ
3362 1505 3463 1569 τὰς
3508 1507 3782 1578 ἱκετηρίας

2211 1590 2553 1661 ποιούμενος,
2594 1592 2810 1657 πάντως
2841 1610 2943 1646 που
2983 1595 3074 1647 καὶ
3113 1594 3431 1665 θεοφανείας
3469 1597 3777 1667 ἐτύγχανενο

2211 1677 2311 1736 εἶθ’
2346 1682 2535 1754 ῶσπερ
2561 1683 2805 1756 θειοτέρα
2836 1685 3078 1757 κινηθεὶς
3109 1688 3422 1759 ὲμπνεύσει,
3446 1689 3545 1760 τῆς
3578 1689 3782 1759 σκηνῆς

2210 1774 2582 1846 ἀναπηδήσας,
2604 1775 2861 1846 ἐξαίφνης
2893 1781 3061 1831 κινεῖν
3095 1781 3293 1834 αὐτίκα
3328 1781 3397 1834 τὰ
3421 1782 3783 1852 στρατιωτικὰ

536 1863 681 1927 dato,
719 1864 899 1917 statim
936 1866 1197 1920 militibus
1240 1868 1543 1936 imperabat
1592 1877 1650 1922 ut
1694 1870 1901 1937 absque
1952 1885 2102 1925 mora

2209 1866 2302 1918 καὶ
2324 1865 2397 1936 μὴ
2424 1866 2659 1935 μέλλειν,
2679 1867 2817 1921 ἀλλὰ
2838 1869 2933 1922 καὶ
2958 1870 3128 1941 αὐτῆς
3153 1870 3301 1942 ῶρας
3334 1871 3501 1942 ξιφῶν
3517 1872 3782 1927 ἅπτεσθαι

529 1952 741 2019 gladius
771 1955 1119 2021 stringerent.
1146 1955 1246 2022 Qui
1270 1957 1560 2011 confestim
1585 1959 1788 2026 impetu
1811 1960 1863 2012 in
1892 1959 2103 2014 hostem

532 2041 699 2109 facto,
755 2043 944 2099 obvios
998 2060 1187 2100 omnes
1234 2047 1354 2101 sine
1405 2047 1515 2102 ullo
1566 2051 1748 2103 relatis
1788 2050 2106 2105 discrimine

528 2133 967 2201 obtruncabant;
1025 2137 1198 2192 donec
1264 2139 1458 2209 exiguo
1516 2141 1779 2209 temporis
1831 2151 2108 2194 momento

529 2235 681 2293 parta
722 2226 972 2295 victoria,
1013 2235 1215 2301 tropma
1261 2229 1331 2286 de
1383 2230 1543 2285 victis
1598 2231 1848 2287 boatibus
1895 2233 2100 2288 erexis-

529 2328 672 2374 sent.

1107 2407 1335 2465 CAPUT
1374 2408 1511 2465 Xlll.
1534 2487 1545 2498 ι

703 2498 1043 2556 Constantini
1070 2502 1374 2555 humanitas
1399 2501 1454 2554 in
1477 2501 1670 2556 milites
1701 2511 1905 2572 captos.

603 2669 716 2724 lloc
752 2670 912 2725 modo
964 2669 1260 2740 imperator
1292 2680 1417 2725 ante
1451 2686 1643 2742 pugnae
1686 2671 2021 2738 conﬂictum,
2049 2684 2104 2728 et

528 2762 767 2831 seipsutn
829 2776 1046 2831 gerere,
1100 2770 1154 2816 et
1212 2763 1515 2817 exercitum
1568 2779 1724 2818 suum
1790 2765 2098 2831 instituere,

529 2853 698 2905 etiam
761 2863 920 2907 antea
965 2854 1157 2908 solitus
1196 2864 1354 2911 erat:
1382 2855 1581 2924 quippe
1629 2856 1722 2925 qui
1776 2855 1943 2910 Deum
1975 2857 2100 2912 vita:

530 2958 641 2998 sua:
684 2955 900 3012 semper
944 2952 1318 3013 anteponeret,
1349 2955 1657 3012 cunctaque
1709 2945 1826 3015 ejus
1878 2955 2010 3000 nutu
2045 2955 2101 3002 et

531 3036 767 3090 consilio
818 3049 981 3106 agere
1027 3040 1290 3102 studeret,
1347 3045 1406 3090 et
1465 3037 1756 3091 multorum
1815 3036 2094 3093 hominum

527 3128 729 3181 caedem
766 3127 947 3182 facere
992 3128 1236 3198 religioni
1272 3129 1517 3182 duceret.
1558 3127 1825 3194 Quocirca
1853 3144 1957 3182 non
1988 3130 2095 3182 mi-

2214 1958 2627 2029 παρεκελεύετο.
2657 1961 2720 2013 Οἱ
2758 1961 2802 2012 δ”
2835 1961 3046 2033 ἀθρόως
3072 1964 3402 2035 ἐπιθέμενοι,
3429 1963 3625 2037 ἡϐηδὸν
3657 1964 3781 2018 ἔκο-

2208 2064 2359 2113 πτον,
2393 2050 2470 2113 είς
2492 2050 2568 2102 ὅτ’
2594 2050 2662 2104 ἂν
2700 2051 2800 2122 τὴν
2832 2053 2987 2124 νίκην
3016 2056 3073 2108 ὲν
3096 2054 3244 2127 ῶρας
3282 2056 3478 2127 ἀκαρεῖ
3496 2057 3633 2127 ῥοπῇ
3668 2055 3779 2127 (47)

2206 2139 2587 2207 ὰπολαῦόντες,
2639 2144 2878 2217 τρόπαια
2934 2148 3055 2201 κατ’
3105 2146 3315 2221 ἐχθρῶν
3378 2149 3607 2203 ἀνίστων
3656 2151 3778 2203 ἑπι-

2210 2229 2370 2284 νίκια.

2724 2414 3122 2468 ΚΕΦΑΛΔΙΟΝ
3151 2414 3249 2468 II".

2204 2502 2617 2570 Φιλανθρωπία
2635 2506 2765 2572 περὶ
2794 2505 2935 2571 τοὺς
2950 2507 3575 2593 ’συλλαμϐανομένους
3599 2521 3777 2579 στρα-

2872 2593 3103 2642 τιωτας.

2273 2660 2430 2714 Οὖτιν)
2452 2661 2549 2732 μὲν
2574 2662 2637 2734 δὴ
2661 2663 2911 2733 βασιλεὺς
2938 2667 3093 2735 ἄγειν
3125 2668 3316 2723 ἑαυτόν
3351 2685 3412 2721 τε
3436 2669 3531 2722 καὶ
3562 2670 3652 2723 τὸν
3676 2669 3775 2724 αὓ-

2199 2749 2296 2803 τοῦ
2343 2753 2570 2823 στρατὸν
2598 2755 2656 2806 ὲν
2687 2757 2807 2819 ταῖς
2850 2755 2959 2811 τῶν
2997 2757 3250 2828 πολέμων
3279 2758 3635 2831 παρατάξεσι,
3682 2761 3779 2815 καὶ

2200 2843 2369 2897 πάλαι
2393 2845 2658 2916 πρότερον
2687 2845 2887 2912 εἰώθει,
2914 2847 3006 2902 τὸν
3043 2849 3235 2903 ἑαυτοῦ
3261 2850 3394 2904 Θεὸν
3417 2851 3524 2921 πρὸ
3550 2851 3651 2922 τῆς
3674 2851 3778 2921 ψυ-

2200 2937 2301 3007 χῆς
2350 2938 2437 2990 ἀεὶ
2465 2938 2765 3009 τιθέμενος,
2813 2941 2906 2993 καὶ
2954 2944 3077 3006 ταῖς
3130 2942 3293 2998 αὐτοῦ
3349 2943 3564 3014 βουλαῖς
3600 2944 3779 3001 πάντα
3892 2924 3897 2927 ⁸

2200 3026 2458 3098 πράττειν
2495 3028 2712 3094 ἐθέλων,
2743 3030 2809 3083 δι’
2841 3031 3203 3097 εὐλαϐείαςτε
3232 3034 3511 3105 τιθέμενος
3537 3035 3625 3088 τὸν
3669 3034 3777 3090 τῶν

2200 3118 2407 3171 πολλῶν
2441 3119 2690 3175 θάνατον.
2716 3122 2907 3176 Ἔνθεν
2927 3126 2988 3178 οὐ
3026 3125 3228 3198 μᾶλλον
3259 3125 3362 3195 τῆς
3387 3125 3495 3179 τῶν
3538 3127 3771 3192 οἰκείων,

529 3230 630 3269 nus
684 3216 919 3271 hostium
972 3232 1132 3288 quam
1187 3218 1419 3272 militum
1486 3234 1710 3274 suorum
1766 3218 2093 3275 consulebat

2201 3210 2233 3280 ἢ
2263 3210 2371 3262 τῶν
2402 3210 2611 3281 ἐχθρῶν
2640 3214 2892 3285 προὺνόει
2940 3189 3231 3289 σωτηρίας.
3264 3189 3353 3270 Διὸ
3376 3217 3468 3271 καὶ
3496 3189 3776 3288 κρατήσαέ

529 3307 711 3361 saluti.
741 3305 934 3377 Itaque
986 3308 1100 3364 suis
1131 3309 1415 3363 victoriam
1463 3310 1676 3379 adeptis
1723 3311 2095 3380 praecipiebat,

530 3410 589 3453 ut
614 3401 771 3456 vietis
798 3408 1110 3472 parcerent,
1148 3411 1315 3470 utque
1341 3401 1591 3455 homines
1622 3402 1753 3467 nati,
1792 3403 2100 3456 communis

531 3492 812 3547 hominum
843 3501 1051 3548 natura:
1100 3495 1495 3551 meminissent.
1524 3493 1680 3559 Quod
1710 3494 1754 3548 si
1789 3491 1933 3548 forte
1957 3494 2101 3547 mili-

533 3594 644 3636 tum
673 3583 887 3637 animos
913 3584 1216 3639 obstinatos
1243 3587 1309 3639 ad
1349 3585 1549 3639 caedem
1579 3586 1809 3650 videret,
1838 3585 1958 3638 auri
1994 3585 2101 3638 lar-

526 3674 737 3744 gitione
787 3689 884 3730 eos
930 3673 1518 3745 reprimebat;jubens
1549 3682 1607 3727 ut
1635 3674 1727 3742 qui
1773 3674 1987 3728 hostem
2018 3673 2103 3727 vi-

530 3778 655 3816 vum
686 3764 940 3832 cepisset,
967 3773 1116 3821 certo
1147 3765 1266 3818 auri
1295 3764 1533 3833 pondere
1555 3764 1873 3819 donaretur.
1909 3762 2090 3832 Atque

530 3854 672 3908 hanc
731 3853 1039 3909 illecebram
1070 3855 1138 3909 ad
1172 3854 1401 3909 salutem
1448 3853 1728 3908 hominum
1772 3866 2101 3906 conservan-

528 3939 651 3990 dam
682 3938 1032 4008 imperatoris
1062 3942 1389 4011 excogitavit
1421 3942 1643 3997 solertia
1675 3959 1689 3996 :
1724 3940 1860 3997 adeo
1889 3948 1949 3995 ut
1980 3940 2103 4011 plu-

529 4033 655 4087 rimi
694 4049 760 4088 ex
796 4032 929 4103 ipsis
963 4035 1127 4109 etiam
1166 4034 1416 4090 barbaris
1447 4033 1648 4090 servati
1688 4033 1820 4097 sint,
1847 4047 1972 4088 cum
2000 4032 2104 4088 im.

528 4125 796 4196 peratoris
824 4141 1018 4180 aurum
1053 4126 1217 4180 vitam
1254 4128 1496 4192 ipsorum
1530 4125 1872 4181 redemisset.

1115 4218 1346 4274 CAPUT
1385 4218 1524 4275 XIV.

800 4304 1003 4361 Iterum
1035 4306 1100 4361 de
1124 4309 1363 4360 oratione
1384 4308 1437 4360 in
1461 4306 1825 4360 tabrrnacnlo.

600 4396 730 4454 Haec
761 4407 818 4453 et
859 4398 961 4453 alia
1012 4398 1247 4469 plurima
1302 4398 1496 4452 horum
1549 4398 1745 4452 similia
1804 4399 2098 4466 imperator

2203 3317 2286 3353 σιν
2313 3301 2370 3355 ὲν
2403 3302 2549 3373 μάχῃ
2575 3306 2687 3368 τοῖς
2732 3305 2968 3369 οἰκείοις,
2996 3306 3105 3361 τῶν
3144 3307 3379 3363 ἁλόντων
3417 3306 3581 3377 φειδὼ
3609 3310 3779 3360 ποιεῖ-

2201 3390 2323 3444 σθαι
2356 3392 2607 3463 παρῄνει,
2643 3395 2764 3466 μηδ’
2793 3395 3115 3467 ἀνθρώπους
3140 3398 3319 3463 ὄντας,
3357 3400 3455 3469 τῆς
3481 3397 3776 3469 ὁμογενοῦς

2201 3481 2413 3552 φύσεως
2438 3486 2495 3536 ὲν
2508 3483 2645 3556 λήθῃ
2676 3484 2977 3553 γίγνεσθαι.
3011 3487 3075 3540 Ei
3106 3487 3165 3540 δὲ
3191 3488 3283 3541 καί
3319 3505 3448 3541 ποτε
3477 3487 3588 3542 τῶν
3626 3487 3777 3541 ὁπλι-

2198 3574 2306 3627 τῶν
2333 3576 2457 3637 τοὺς
2480 3575 2684 3645 θυμοὺς
2700 3578 2957 3648 ἀκρατεῖς
2982 3576 3149 3650 ἑώρα,
3172 3578 3371 3650 χρυσοῦ
3387 3579 3531 3633 δόσει
3554 3578 3777 3641 τούτους

2198 3664 2467 3736 ὲχαλίνου,
2516 3665 2612 3720 τὸν
2644 3667 2960 3738 ζωγροῦντά
2987 3687 3107 3722 τινα
3155 3668 3264 3724 τῶν
3310 3669 3602 3742 πολεμίων,
3651 3669 3776 3740 ώριο

2199 3755 2373 3830 σμένῃ
2394 3758 2596 3828 χρυσοῦ
2628 3758 2891 3831 τιμᾶσθαι
2924 3761 3271 3834 προστάττων
3295 3761 3449 3834 ὁλκῇ.
3479 3762 3590 3817 Καὶ
3616 3760 3775 3816 τοῦτο

2197 3845 2387 3918 δέλεαρ
2417 3848 2718 3919 ἀνθρώπων
2748 3852 3021 3922 σωτηρίας
3047 3853 3081 3923 ἡ
3117 3851 3378 3922 βασιλέως
3426 3851 3624 3924 εὕρατο
3652 3851 3776 3905 σύνι

2197 3955 2332 4003 εσις,
2353 3939 2481 3993 ὥστ’
2501 3940 2601 4010 ἤδη
2628 3939 2810 4012 μυρίοι
2842 3942 2937 3994 καὶ
2963 3942 3141 3996 αὐτῶν
3174 3939 3439 4006 ἐσώζοντο
3462 3942 3772 4014 βαρϐάρων,

2199 4028 2383 4099 χρυσῷ
2415 4028 2678 4098 βασιλέως
2708 4028 2806 4100 τὴν
2837 4031 2983 4103 ζωὴν
3001 4032 3183 4095 αὐτοῖς
3210 4032 3593 4104 ὲξωνουμένου.

2731 4214 3124 4269 ΚΕΦΑΛΑΙΟΝ
3148 4215 3243 4269 ΙΔ’.

2411 4304 2542 4357 Ἔτι
2561 4319 2697 4371 περι
2726 4303 2848 4357 τῶν
2873 4305 2944 4358 ἐν
2971 4304 3173 4375 σκηνῇ
3197 4305 3569 4376 προσευχῶν.

2271 4393 2455 4448 Ταῦτα
2482 4396 2579 4466 μὲν
2607 4392 2700 4448 οὖν
2736 4397 2830 4449 καὶ
2857 4397 3066 4461 τούτοις
3080 4397 3283 4467 ἀδελφὰ
3315 4398 3485 4469 μυρία
3534 4397 3663 4468 φίλα
3702 4396 3774 4471 ἦν

528 4491 698 4544 etiam
748 4489 885 4544 alias
934 4490 1189 4545 factitare
1220 4498 1601 4545 consueverat.
1632 4487 1787 4543 Tunc
1835 4489 2095 4557 temporis

2200 4486 2461 4557 πράττειν
2519 4485 2728 4555 βασιλεῖ
2776 4485 3020 4541 κᾶλλοτε.
3067 4488 3221 4541 Κάπὶ
3267 4485 3360 4540 τοῦ
3409 4487 3671 4559 παρόντος
3715 4488 3772 4543 δὲ

531 4598 660 4637 vero
717 4593 1007 4652 antequam
1067 4583 1314 4653 praelium
1355 4589 1692 4644 consereret,
1732 4593 1981 4634 seorsum
2041 4580 2093 4632 itt

2201 4574 2444 4647 συνήθως
2477 4576 2560 4645 ἐφ’
2591 4575 2766 4647 ἑαυτῷ
2796 4576 2901 4646 πρὸ
2921 4576 3022 4646 τῆς
3052 4576 3232 4648 μάχης
3265 4576 3771 4649 σκηνοποιούμενος,

527 4671 879 4726 tabernaculo
916 4672 1143 4742 positus,
1166 4672 1555 4738 ,orationibus,
1580 4680 1638 4724 ut
1665 4670 1897 4733 solebat,
1932 4684 2092 4725 vaca-

532 4764 608 4816 vit
654 4764 722 4818 ab
770 4764 917 4818 omni
948 4766 1165 4830 quidem
1195 4764 1321 4833 joco
1358 4772 1414 4818 et
1438 4761 1746 4817 delicatiori
1783 4762 1913 4815 vita:
1942 4761 2094 4816 cultu

526 4853 833 4917 abstinens,
860 4853 1085 4923 jejuniis
1117 4868 1247 4908 vero
1292 4853 1520 4921 aliisque
1553 4852 1861 4920 huiusmodi
1893 4851 2097 4906 exerci-

532 4940 820 4995 tationibus
851 4954 1051 5008 corpus
1088 4939 1340 5009 fatigans,
1392 4948 1449 4993 et
1499 4939 1981 5009 supplicationibus
2029 4956 2094 4996 ac

526 5029 779 5097 precibus
820 5028 895 5082 ita
941 5027 1108 5082 Deum
1142 5030 1385 5097 placatis,
1414 5040 1475 5082 ut
1506 5030 1799 5089 benignum
1850 5029 2000 5085 illum
2028 5044 2094 5084 ac

529 5120 817 5189 propitium
894 5133 1113 5172 suarum
1191 5121 1425 5189 partium
1484 5120 1782 5188 atljutoretn
1846 5121 2091 5186 haberet,

528 5224 699 5280 eaque
727 5216 913 5279 ageret
941 5223 1063 5279 qua:
1090 5207 1181 5263 ille
1236 5208 1404 5266 menti
1456 5223 1569 5266 suae
1614 5211 1996 5283 suggessisset.
2028 5209 2094 5263 Et

525 5383 794 5448 apparet,
812 5390 999 5448 verum
1044 5389 1170 5448 esse
1197 5376 1342 5448 quod
1380 5393 1542 5448 supra
1574 5378 1759 5433 notavi
1791 5378 1855 5433 ad
1906 5393 1957 5434 c.
1998 5378 2086 5440 10,

528 5445 889 5519 illic__sci|_icet
921 5445 1224 5519 Eusebium
1244 5447 1389 5515 loqui
1421 5445 1488 5503 de
1519 5449 1702 5519 priore
1733 5448 1921 5518 prmio
1946 5451 2089 5518 quod

529 5518 595 5569 ad
631 5514 845 5569 Cibalas
862 5516 1216 5570 commissum
1246 5528 1350 5571 est.

601 5585 712 5655 (45)
749 5585 858 5643 Τοῦ
889 5584 1156 5654 σταυροῦ
1184 5583 1300 5653 τὴν
1337 5584 1597 5654 σκηνήν.
1623 5587 1700 5642 De
1721 5587 1825 5642 hoc
1843 5587 2095 5641 taberna-

525 5657 650 5727 culo
675 5658 818 5727 quod
840 5656 1227 5727 Constantinus
1261 5671 1443 5710 secum
1470 5672 1688 5727 semper
1719 5658 1772 5710 in
1799 5658 2096 5727 expeditio-

527 5725 1164 5846 rctibusscircumlerebat,
1226 5727 1418 5782 scribit
1462 5725 1796 5783 Sezomenus
1831 5725 1883 5782 in
1921 5726 2011 5781 lib.
2053 5741 2090 5791 ι,

562 5807 650 5846 an.
722 5836 734 5846 .

527 5805 650 5861 cap.
678 5805 734 5848 ts.

2198 4668 2320 4729 ταῖς
2339 4666 2473 4736 πρὸς
2494 4666 2585 4720 τὸν
2607 4666 2739 4720 Θεὸν
2761 4668 2946 4738 εὐχαῖς
2961 4666 3059 4739 τὴν
3074 4668 3270 4740 σχολὴν
3291 4668 3544 4722 ἀνετίθειο
3564 4670 3774 4741 ῥᾳστώ-

2199 4771 2297 4827 νης
2327 4756 2426 4827 μὲν
2456 4757 2673 4828 ἁπάσης
2702 4758 2797 4811 καὶ
2822 4758 3105 4830 τρυφηλῆς
3151 4758 3359 4831 διαίτης
3394 4760 3775 4832 ἀλλοτριούμε-

2198 4864 2309 4912 νος,
2338 4848 2572 4912 ἀσιτίαις
2622 4848 2680 4901 δὲ
2719 4850 2814 4901 καὶ
2863 4851 3103 4905 κακώσει
3144 4851 3238 4905 τοῦ
3283 4852 3532 4923 σώματος
3572 4852 3773 4916 πιέζων

2200 4938 2415 5001 ἑαυτὸν,
2466 4937 2639 5009 ταύτῃ
2668 4954 2729 4990 τε
2761 4936 2853 4992 τὸν
2908 4938 3043 4991 Θεὸν
3106 4940 3410 5010 ἱκετηρίαις
3459 4938 3554 4992 καὶ
3602 4938 3772 5002 λιταῖς
3818 4994 3831 5004 ,

2200 5028 2527 5099 ίλεούμενος,
2556 5029 2632 5092 ὡς
2658 5027 2725 5082 ἂν
2743 5028 2914 5095 δεξιὸν
2928 5030 3092 5084 αὑτὸν
3118 5030 3212 5083 καὶ
3229 5028 3421 5100 βοηθὸν
3451 5029 3772 5099 ἕχοι,πράτ-

2197 5136 2281 5172 τοι
2314 5135 2373 5173 τε
2400 5119 2573 5173 ταῦτα
2614 5119 2756 5191 ἆπερ
2787 5120 2936 5191 αὐτῷ
2967 5120 3099 5184 Θεὸς
3144 5120 3404 5192 ἐμϐάλλοι
3435 5123 3502 5191 τῇ
3542 5120 3766 5191 διανοίᾳ.

2211 5211 2347 5263 Ἀλλ’
2381 5211 2410 5262 ὁ
2443 5211 2541 5282 μὲν
2574 5212 2776 5268 ἄϋπνον
2828 5214 3062 5266 ἐποιεῖτο
3092 5212 3196 5284 τὴν
3240 5212 3382 5283 ὑπὲρ
3432 5211 3542 5266 τῶν
3576 5212 3770 5266 κοινῶν

2232 5378 2379 5501 0546)
2415 5381 2765 5501 Θῗοσεϐεἰας
2805 5381 3032 5448 εὐνοίᾳ.
3091 5380 3253 5436 Forte
3298 5379 3643 5435 scribendum
3683 5390 3768 5436 est

2285 5467 2462 5501 ικοινε
2489 5468 2542 5501 α.

2198 5465 2542 5535 είλιιῖί.τῗιῖῗ“ἐ·
2638 5521 2650 5535 .
2719 5517 2742 5535 ..
2891 5520 2905 5535 .
3057 5517 3121 5535 ...
3221 5516 3326 5535 -.τ
3382 5518 3396 5535 .
3491 5517 3529 5535 η
3611 5518 3622 5529 .

2199 5468 2572 5589 ειῖῗῖςιῖῗιῗὲ.
2600 5521 2688 5585 είς
2708 5517 2863 5587 ὥρας
2874 5516 3268 5587 ἀκαρεῖροπῇ.
3286 5517 3462 5599 Codex
3491 5517 3694 5597 Regius
3711 5519 3765 5577 ἐς

2199 5586 2599 5669 ὥραςκδενὶιιο
2626 5593 2683 5643 ὲν
2712 5589 2859 5657 ὥρας
2886 5592 3080 5669 ἀκαρεῖ
3103 5591 3264 5669 ῥοπῇ,
3294 5601 3351 5668 ιιι
3397 5604 3450 5669 ιιι
3487 5588 3628 5668 libro
3657 5587 3767 5669 Mo-

2209 5660 2300 5720 rari
2325 5660 2391 5710 ad
2424 5660 2720 5725 marginem
2751 5659 3094 5714 emendatum
3147 5659 3346 5718 inveni,
3379 5666 3432 5709 et
3476 5659 3553 5710 sic
3597 5659 3763 5711 codex

2203 5726 2338 5781 Fuk.
2377 5726 2542 5779 Paulo
2567 5739 2691 5781 ante
2724 5743 2819 5796 pro
2840 5728 2950 5781 ἔστ’
2977 5727 3044 5782 ἂν
3078 5728 3204 5798 lego
3227 5730 3305 5792 είς
3332 5728 3408 5781 ὅτ’
3442 5726 3530 5793 ἂν,
3585 5736 3641 5781 ιιι
3695 5728 3764 5781 ιυ-

2203 5798 2294 5853 uui
2333 5796 2469 5852 solet
2493 5797 2780 5853 Eusebius.

2203 5813 2294 5857 0111
2333 5811 2469 5852 εοιυι
2493 5811 2780 5853 ιιιεευιιιδ.
