4210 6394
377 347 480 403 993

1475 346 1564 400 DE
1600 345 1765 402 VITA
1801 344 2269 401 CONSTANTINI
2307 344 2439 401 LIB.
2483 345 2549 399 ll.

3543 339 3649 401 95M

371 470 645 541 φροντίδα,
661 469 723 524 οὐ
748 469 947 541 μᾶλλον
968 468 1076 522 τῶν
1098 467 1335 531 οἰκείων,
1358 466 1392 537 ἦ
1425 469 1524 539 τῆς
1541 467 1651 521 τῶν
1688 468 1955 539 πολεμίων

2066 466 2465 522 Constantinus
2493 465 2712 536 quidem
2753 465 3069 536 reipublicae
3108 464 3425 535 pervigilem
3457 481 3643 520 curam

371 560 805 632 ὐπερευχόμενος
830 561 1124 633 σωτηρίας.

904 742 1302 796 ΚΕΦΑΛΑΙΟΝ
1354 742 1455 794 ΙΕ’.

370 833 640 889 Λικινίου
682 832 815 901 περὶ
868 834 1075 903 φιλίας
1121 832 1323 899 δόλος,
1371 832 1468 885 καὶ
1505 833 1950 901 εἰδωλολατρία.

453 922 605 975 Ἐπεὶ
639 922 685 975 δ’
716 926 744 977 ὁ
781 922 973 994 μικρῷ
1007 924 1246 995 πρόσθεν
1275 923 1488 993 φυγὰς,
1522 925 1775 995 εἰρωνείᾳ
1817 929 1953 977 καθε-

372 1015 714 1086 υπεκρίνετο,
741 1016 959 1084 φιλικὰς
992 1013 1148 1080 αὖθις
1174 1016 1471 1071 ἀντιϐολῶν
1511 1016 1836 1070 σπείσασθαι
1875 1016 1960 1069 δε-

372 1102 509 1169 ξιὰς,
534 1104 626 1158 καὶ
652 1104 850 1169 ταύτας
880 1104 1028 1175 αὑτῷ
1066 1105 1326 1177 παρέχειν
1360 1105 1515 1174 ἠξίου
1542 1107 1638 1158 ἐπὶ
1670 1105 1955 1175 συνθηκῶν

370 1197 518 1269 ὅροις
540 1197 823 1267 βιωφελῶς
861 1199 955 1251 καί
985 1198 1063 1269 τῷ
1094 1200 1256 1252 παντὶ
1280 1197 1574 1262 λυσιτελῶς
1601 1199 1957 1270 προτεινομέ-

369 1306 487 1353 νας.
511 1290 641 1354 Ταῖς
661 1290 760 1362 μὲν
778 1286 870 1343 οὖν
894 1290 1186 1362 συνθήκαις
1210 1289 1320 1361 (48)
1339 1289 1634 1360 προθύμως
1660 1290 1958 1345 ὑπακούειν

370 1383 399 1435 ὀ
426 1379 683 1453 δηλωθεὶς
717 1382 1091 1454 ὑπεκορίζετο,
1123 1383 1307 1454 ὅρκοις
1343 1381 1576 1452 βεϐαιῶν
1608 1382 1708 1453 τὴν
1753 1381 1955 1434 πίστιν

369 1471 632 1543 λαθραίαν
678 1473 723 1526 δ’
751 1469 906 1537 αὖθις
934 1473 1171 1527 ὁπλιτῶν
1200 1474 1401 1545 συνῆγε
1436 1473 1821 1545 παρασκευήνσ
1864 1471 1958 1527 καὶ

373 1563 535 1617 πάλιν
559 1564 796 1636 πολέμου
824 1564 918 1618 καὶ
946 1565 1126 1637 μάχης
1166 1566 1433 1635 κατῆρχε,
1467 1563 1773 1635 βαρϐάρους
1787 1564 1834 1616 τ’
1864 1563 1957 1617 ἄν-

368 1654 503 1727 δρας
527 1657 842 1711 ἀνεκαλεῖτο
886 1657 1225 1728 συμμάχους,
1257 1657 1414 1720 θεούς
1440 1674 1497 1711 τε
1526 1655 1706 1727 ζητῶν
1741 1655 1957 1728 περιῄει

371 1745 613 1818 ἑτέρους,
640 1746 716 1811 ὡς
741 1747 807 1800 ἂν
836 1747 928 1801 ἐπὶ
952 1749 1066 1811 τοῖς
1099 1747 1386 1820 προτέροις
1420 1747 1791 1817 ἡπατημένος.
1847 1746 1959 1799 Καὶ

2061 562 2314 630 gerebat,
2353 574 2458 612 non
2489 560 2660 628 magis
2686 574 2786 629 pro
2820 574 3045 614 suorum
3078 572 3241 628 quam
3274 574 3371 628 pro
3402 558 3641 614 hostium

2060 651 2234 706 salute
2267 660 2389 705 vota
2419 649 2649 705 faciens.

2555 740 2714 811 451
2761 739 2994 796 CAPUT
3025 739 3142 794 xv.

2166 831 2634 885 Liciniisimnlnta
2661 832 2901 885 amicitia
2924 871 2939 897 ,
2979 844 3027 885 et
3052 831 3315 885 idolorum
3339 830 3536 889 cultus.

2134 923 2404 988 Queniam
2453 938 2584 976 vero
2648 922 2888 978 Licinius
2934 921 3028 991 qui
3070 921 3231 990 paulo
3277 931 3406 975 ante
3460 921 3640 991 fugam

2062 1012 2301 1076 inierat,
2350 1011 2702 1065 simulatione
2738 1020 2898 1065 utens
2925 1051 2940 1075 ,
2980 1012 3174 1064 iterum
3225 1011 3522 1066 amicitiam
3575 1025 3643 1065 ac

2063 1103 2272 1157 hedera
2324 1105 2576 1159 renovari
2620 1103 2919 1171 poscebat;
2978 1104 3271 1174 imperator
3308 1105 3360 1158 id
3406 1120 3437 1159 e
3482 1120 3646 1175 repu-

2063 1195 2200 1250 blica
2232 1210 2376 1260 csse,
2406 1204 2461 1251 et
2490 1195 2674 1266 generi
2708 1196 2949 1249 humano
2984 1199 3297 1253 conducere
3341 1209 3515 1262 ratus,
3542 1213 3644 1268 pa-

2061 1301 2178 1340 cem
2224 1286 2298 1341 illi
2328 1286 2429 1341 sub
2458 1287 2625 1341 certis
2651 1286 3050 1341 conditiouibus
3100 1288 3379 1357 indulgere
3412 1305 3516 1343 non
3557 1306 3646 1344 re-

2060 1378 2292 1433 cusavit.
2319 1379 2390 1432 At
2423 1376 2668 1431 Licinius
2697 1417 2712 1441 ,
2750 1378 2932 1447 specie
2966 1378 3187 1447 quidem
3237 1380 3349 1448 ipsa
3384 1379 3641 1449 ﬁngebat,

2062 1465 2210 1535 leges
2242 1481 2302 1521 se
2355 1466 2591 1522 libenter
2640 1468 2935 1537 amplecti,
2977 1478 3033 1523 et
3082 1467 3240 1523 ﬁdem
3293 1470 3651 1538 jurejurando

2063 1558 2348 1627 ﬁrmabat;
2387 1574 2582 1615 verum
2616 1558 2831 1615 occulte
2878 1559 3170 1615 militarem
3213 1573 3528 1631 apparatum
3564 1563 3649 1615 iu-

2061 1650 2342 1717 struebat,
2371 1662 2539 1721 atque
2578 1653 2776 1707 iterum
2809 1653 3007 1707 bellum
3048 1653 3283 1719 inferre,
3312 1655 3509 1709 iterum
3543 1670 3646 1724 pn-

2064 1756 2225 1811 gnam
2256 1741 2570 1796 instaurare
2617 1743 3010 1799 meditabatur.
3046 1742 3150 1799 Sed
3199 1753 3253 1799 et
3282 1745 3646 1799 barbarorum

370 1817 479 1889 τῶν
512 1835 662 1908 αὐτῷ
687 1836 792 1908 πρὸ
824 1836 1021 1907 μικροῦ
1075 1817 1204 1910 περὶ
1229 1817 1367 1892 θεῶν
1394 1837 1782 1908 ὀμιληθέντων,
1808 1837 1955 1889 οὐδε-

2065 1832 2265 1887 auxilia
2297 1834 2537 1903 undique
2569 1836 2962 1904 conquirebat,
3006 1845 3061 1890 et
3095 1851 3268 1891 novos
3294 1838 3653 1908 circumqua-

375 1928 503 1998 μίαν
537 1930 594 1981 ὲν
622 1927 697 1999 νῷ
712 1928 1073 1983 κατεϐάλλετο
1105 1931 1346 2001 μνήμην,
1377 1929 1500 1983 οὐδὲ
1524 1928 1616 1983 τὸν
1644 1928 1955 1999 ὑπερμαχον

2063 1941 2169 1996 que
2196 1925 2559 1996 iuvestigabat
2599 1928 2729 1981 deos
2761 1945 2775 1981 :
2806 1935 2995 1997 utpote
3024 1944 3052 1981 a
3081 1927 3358 1998 prioribus
3400 1922 3455 1982 in
3498 1927 3650 1982 frau-

370 2017 781 2074 Κωνσταντίνου
806 2021 941 2076 Θεὸν
981 2021 1271 2093 γνωρίζειν
1293 2021 1475 2094 ἤθελε,
1496 2020 1716 2085 πλείους
1745 2019 1789 2073 δ’
1811 2017 1955 2091 αὑτῷ

2063 2018 2185 2071 dem
2220 2020 2491 2075 inductus.
2521 2018 2631 2074 Nec
2678 2021 2941 2075 memoria
2969 2021 3290 2089 repetebat,
3320 2037 3443 2092 qua:
3473 2023 3643 2092 paulo

372 2109 467 2163 mi.
498 2112 802 2185 καινότεροι
832 2113 1059 2181 γελοίως
1087 2112 1468 2186 ἀνεζητοῦντο.

2064 2119 2194 2166 ante
2224 2111 2289 2166 de
2320 2112 2421 2167 diis
2446 2114 2497 2166 in
2533 2113 2795 2168 concione
2821 2113 3078 2174 dixisset,
3116 2128 3214 2168 nec
3232 2115 3400 2170 Deum
3430 2116 3523 2185 qui
3548 2130 3659 2184 pro

373 2202 732 2262 Constantino
787 2220 1179 2279 propugnasset
1200 2250 1218 2277 ,
1283 2226 1584 2282 agnoscere
1646 2210 1863 2266 volebat
1896 2226 1910 2264 :
1944 2207 2041 2264 sed
2073 2206 2242 2261 multo
2271 2207 2456 2277 plures
2485 2223 2550 2263 ac
2598 2210 2934 2264 recentiores
2966 2207 3094 2263 deos
3132 2223 3239 2263 non
3274 2208 3397 2264 sine
3443 2209 3556 2264 risu
3584 2224 3650 2263 ac

379 2298 620 2356 ludibrio
655 2302 822 2372 carpit
848 2304 1195 2374 conquirere.

898 2398 1297 2452 ΚΕΦΑΛΛΙΟΝ
1319 2400 1436 2467 ις’.

373 2484 564 2552 Ὅπως
589 2485 677 2556 μὴ
711 2487 1136 2573 ἀντιπολεμεῖν
1166 2488 1247 2554 τῷ
1273 2486 1513 2576 στᾳυρῷ
1529 2489 1794 2555 Λικίνιος
1817 2503 1963 2556 παρ-

796 2576 930 2627 ῃνει
967 2577 1091 2625 τοις
1124 2575 1530 2627 στρατιωταις.

439 2647 554 2702 Εἶτ’
582 2648 728 2721 ἔργῳ
747 2650 956 2721 μαθὼν,
984 2652 1157 2722 ὁπόση
1193 2670 1278 2716 τις
1312 2648 1380 2723 ἦν
1407 2650 1562 2723 θεῖκὴ
1593 2651 1687 2705 καὶ
1715 2651 1962 2723 ἀπόρῤη-

367 2755 460 2803 τος
476 2742 532 2794 ὲν
555 2741 632 2812 τῷ
655 2742 906 2815 σωτηρίῳ
926 2744 1170 2815 τροπαίῳ
1188 2743 1434 2815 δύναμις,
1453 2743 1518 2796 δι’
1535 2737 1602 2815 ἧς
1622 2745 1650 2797 ὁ
1669 2744 1962 2797 Κωνσταν-

367 2830 513 2885 τίνου
546 2831 718 2902 ἔμαθε
754 2834 985 2904 στρατὸς
1032 2836 1276 2906 κρατεῖν,
1309 2837 1421 2898 τοῖς
1443 2835 1582 2905 ἀμφ’
1608 2834 1772 2888 αὐτὸν
1803 2835 1960 2888 ὁπλί-

367 2940 491 2986 ταις
519 2922 770 2996 παρῄνει,
810 2923 1075 2996 μηδαμῶς
1097 2922 1404 2990 ἐξεναντίας
1433 2925 1570 2978 ἱὲναι
1602 2925 1798 2997 τούτῳ,
1836 2926 1959 2997 μηδ’

369 3012 446 3076 ὡς
477 3012 688 3085 ἔτυχεν,
729 3015 1151 3087 ἀπερισκέπτως
1180 3015 1289 3086 (49)
1315 3016 1447 3087 ὁρᾷν
1472 3015 1557 3069 ἐπ’
1587 3015 1754 3087 αὐτῷ’
1789 3015 1960 3070 δεινὸν

368 3102 478 3174 γὰρ
520 3099 863 3175 εἷναιξίσχύῖ,
914 3104 1062 3176 αὐτῷ
1089 3123 1149 3158 τε
1179 3104 1371 3177 ἐχθρὸν
1401 3104 1497 3158 καὶ
1546 3105 1823 3176 πολέμιον’
1879 3105 1961 3158 διὸ

2645 2385 2874 2442 CAPUT
2916 2386 3057 2442 XVI.

2061 2482 2339 2550 Quomodo
2373 2480 2609 2535 Licinius
2639 2481 2897 2533 militibus
2918 2490 3246 2546 praeceperit,
3292 2495 3357 2533 ne
3394 2478 3653 2532 adversm

2370 2552 2544 2606 crucis
2567 2552 2776 2621 signum
2799 2552 3053 2619 impetum
3081 2552 3333 2618 facerent.

2128 2643 2375 2699 Poslbzec
2398 2659 2523 2698 cum
2554 2644 2728 2712 reipsa
2760 2642 3043 2698 didicisset
3071 2656 3328 2696 arcanam
3349 2640 3649 2709 quamdam-

2059 2751 2125 2791 ac
2153 2737 2393 2791 divinam
2446 2735 2746 2806 potentiam
2805 2735 2860 2788 in
2912 2734 3137 2788 salutari
3187 2742 3392 2801 tropaeo
3442 2732 3655 2796 inesse,

2062 2828 2221 2897 cujus
2252 2842 2356 2899 cpe
2402 2826 2750 2883 Constantini
2798 2827 3078 2881 exercitus
3105 2825 3392 2881 victoriam
3440 2827 3652 2881 referre

2064 2923 2474 2987 consuevisset;
2505 2921 2707 2976 milites
2738 2935 2866 2975 suos
2897 2920 3197 2983 admonuit,
3231 2934 3301 2974 ne
3322 2934 3390 2974 ex
3415 2919 3659 2974 adverso

2065 3016 2137 3069 ili
2177 3015 2659 3077 congrederentur,
2681 3027 2814 3067 neve
2844 3013 2897 3066 in
2934 3012 3063 3067 illud
3092 3021 3299 3067 temere
3328 3027 3393 3066 ac
3421 3010 3659 3066 fortuito

2063 3105 2251 3161 oculos
2284 3104 2641 3175 conjicerent.
2675 3103 2886 3172 Quippe
2924 3103 3055 3157 illud
3092 3103 3308 3171 signum
3341 3102 3657 3157 incredibili

367 3193 567 3265 χρῆναι.
619 3193 987 3264 φυλάττεσθαι
1019 3193 1119 3266 τὴν
1150 3194 1287 3266 πρὸς
1316 3193 1448 3247 αὐτὸ
1502 3193 1800 3274 συμϐολήν.
1846 3195 1955 3249 Καὶ

2063 3198 2115 3252 vi
2149 3197 2350 3267 pollere
2374 3238 2391 3265 ,
2419 3211 2485 3251 ac
2511 3195 2618 3251 sibi
2669 3194 2927 3264 privatim
2959 3193 3219 3249 infestum
3252 3193 3659 3262 adversumquc

365 3284 431 3356 δὴ
450 3285 622 3338 ταῦτα
643 3284 1063 3356 συνταξάμενος,
1090 3285 1168 3355 τῷ
1196 3285 1284 3339 διὰ
1303 3285 1712 3359 φιλανθρωπίαν
1744 3286 1964 3340 ὀκνοῦν-

365 3391 419 3428 τι
449 3377 545 3430 καὶ
571 3375 662 3430 τὸν
695 3377 815 3429 κατ’
846 3375 1013 3429 αὑτοῦ
1047 3376 1275 3429 θάνατον
1321 3376 1762 3447 ἀναϐαλλομένη),
1811 3377 1962 3450 μάχῃ

368 3466 665 3537 συμϐαλεῖν
709 3466 954 3541 ὡρμᾶτο.
998 3466 1118 3519 Οἵδε
1162 3467 1258 3537 μὲν
1297 3464 1391 3521 οὖν
1414 3467 1785 3539 πολυπληθείᾳ
1823 3469 1960 3522 θεῶν

369 3555 718 3627 θαρροῦντες,
755 3558 852 3611 σὺν
877 3555 1043 3628 πολλῇ
1075 3557 1303 3626 δυνάμει
1330 3558 1512 3630 χειρὸς
1560 3558 1960 3629 στρατιωτικῆς

366 3647 629 3720 ἐπῄεσαν,
665 3648 874 3721 νεκρῶν
908 3650 1105 3704 εἴδωλα
1123 3649 1392 3703 θανόντων
1434 3651 1491 3702 ὲν
1523 3649 1750 3720 ἀψύχοις
1782 3651 1956 3719 ἀγάλ-

373 3756 504 3811 μασι
531 3739 987 3812 προϐεϐλημένοι.
1027 3742 1083 3796 '0
1114 3742 1160 3794 δ’
1186 3740 1469 3805 εὐσεϐείας
1491 3740 1699 3812 θώρακι
1729 3758 1958 3813 περιπε-

368 3829 701 3901 φραγμένος,
726 3830 788 3884 τὸ
816 3831 1080 3901 σωτήριον
1108 3832 1200 3883 καὶ
1216 3829 1476 3895 ζωοποιὸν
1511 3833 1753 3901 σημεῖον,
1769 3830 1961 3903 ῶσπερ

365 3935 421 3973 τι
455 3920 726 3995 φόϐητρον
759 3922 854 3975 καὶ
890 3921 1076 3976 κακῶν
1109 3923 1463 3994 ἀμυντήριον,
1497 3920 1575 3992 τῷ
1605 3921 1797 3994 πλήθει
1850 3921 1958 3975 τῶν

366 4011 625 4067 ἐναντίων
682 3999 1004 4085 παρέταττε.
1050 4015 1163 4068 Καὶ
1204 4014 1340 4078 τέως
1380 4014 1480 4085 μὲν
1526 4016 1734 4085 ἐπεῖχε,
1790 4014 1962 4084 φειδοῖ

365 4102 648 4175 χρώμενος
692 4104 761 4159 τὰ
812 4104 1021 4177 πρῶτα,
1050 4104 1127 4169 ὡς
1153 4105 1219 4159 ἂν
1249 4106 1324 4178 μὴ
1358 4105 1624 4178 πρότερος
1661 4106 1950 4179 κατάρχοι,

362 4195 473 4250 θεῶν
506 4196 638 4271 περὶ
663 4189 739 4251 ὧν
764 4197 1029 4269 πεποίητο
1063 4197 1347 4269 συνθηκῶν
1382 4197 1567 4252 ἕνεκα.

2067 3304 2192 3345 esse
2236 3289 2457 3354 aiebat,
2496 3297 2661 3358 atque
2688 3286 2894 3341 ideirco
2925 3284 3227 3341 cavendum
3256 3298 3376 3341 esse
3401 3324 3417 3350 ,
3451 3297 3521 3339 ne
3551 3285 3651 3339 ad-

2066 3396 2258 3437 versus
2292 3383 2470 3451 ipsum
2516 3395 2695 3450 pugna
2741 3378 2994 3434 iniretur.
3024 3376 3122 3432 His
3165 3377 3240 3431 ita
3288 3377 3653 3447 compositis,

2065 3475 2330 3529 adversus
2364 3474 2514 3527 illum
2542 3474 2634 3544 qui
2665 3487 2765 3542 pro
2789 3471 2976 3526 inuata
3026 3469 3313 3525 clementia
3343 3471 3653 3524 cunctaba-

2067 3575 2174 3633 tur,
2204 3574 2258 3619 et
2288 3565 2380 3633 qui
2412 3565 2705 3619 imminens
2730 3562 2834 3631 ipsi
2867 3561 3096 3615 exitium
3133 3561 3424 3616 differebat
3447 3600 3463 3625 ,
3497 3576 3650 3631 prae-

2061 3656 2180 3710 liari
2213 3656 2517 3711 constituit.
2549 3653 2619 3709 Et
2640 3652 2906 3707 Liciniani
2939 3652 3183 3720 quidem,
3209 3651 3433 3705 deorum
3457 3651 3646 3704 multi-

2063 3748 2250 3802 tudine
2275 3746 2489 3813 conﬁsi,
2529 3760 2650 3801 cum
2684 3748 2995 3819 ingentibus
3024 3746 3195 3816 copiis
3220 3743 3654 3815 progredieban-

2058 3849 2185 3904 tur,
2224 3839 2413 3895 nescio
2440 3853 2560 3909 qua:
2595 3849 2939 3895 mortuorum
2995 3837 3287 3893 simulacra
3336 3843 3393 3889 et
3434 3843 3653 3888 statuas

2062 3931 2335 3987 inanimes
2372 3931 2609 4002 praesidii
2636 3947 2799 3988 causa
2841 3930 3213 4003 praeferentes.
3253 3926 3649 3983 Constantinus

2062 4037 2194 4078 vero
2224 4023 2446 4093 pietatis
2475 4023 2642 4080 lorica
2673 4032 2982 4090 contectus,
3005 4021 3253 4078 salutare
3278 4028 3334 4075 et
3366 4019 3646 4073 viviﬁcum

2060 4114 2241 4170 crucis
2273 4115 2514 4185 signum,
2558 4115 2707 4171 velut
2744 4102 3252 4171 terriculamentum
3280 4112 3553 4181 quoddam
3589 4117 3645 4163 et

2060 4206 2499 4274 potentissimum
2552 4205 2621 4261 ad
2668 4204 2992 4276 depellenda
3025 4201 3166 4259 mala
3202 4201 3643 4260 munimentum,

366 4288 604 4348 hostium
641 4291 969 4346 multitudini
1008 4291 1231 4362 objecit.
1277 4292 1355 4346 Ac
1402 4292 1669 4363 principio
1719 4294 1939 4363 quidem
1975 4300 2300 4367 sustinebat,
2352 4316 2585 4371 parcens
2634 4301 2852 4357 interim
2904 4299 3074 4368 ferro,
3099 4313 3167 4354 ne
3193 4298 3472 4354 videretur
3493 4291 3643 4348 orior

365 4399 598 4457 pugnam
649 4387 840 4444 iniisse
866 4428 883 4455 ,
919 4388 1082 4457 idque
1111 4391 1181 4443 ob
1211 4388 1476 4444 foederum
1503 4404 1625 4459 qua:
1668 4392 1949 4462 pepigerat
1980 4394 2302 4466 religionem

893 4485 1295 4539 ΚΕΦΑΛΑΙΟΝ
1325 4484 1425 4541 IZ'.

822 4577 975 4644 Νίκη
1001 4580 1485 4632 Κωνσταντίνου.

449 4665 539 4729 Ὠς
554 4665 600 4719 δ’
632 4666 909 4737 ὲπιμόνως
934 4665 1156 4737 ἔχοντας
1189 4668 1316 4732 τοὺς
1347 4669 1727 4733 ὑπεναντιους,
1754 4670 1853 4742 ἥδη
1888 4670 1948 4724 δὲ

369 4755 537 4828 ξιφῶν
568 4759 905 4831 ἁπτομένους
947 4757 1114 4830 ἑώρα,
1154 4762 1457 4831 τηνικαῦτα
1485 4763 1949 4833 διαγανακτήσας,

369 4847 466 4922 βοῇ
495 4866 557 4903 τε
608 4851 709 4922 μιᾷ
734 4850 828 4904 καὶ
878 4853 1018 4924 ῥοπῇ
1050 4851 1160 4925 (5οὶ
1192 4853 1373 4906 πᾶσαν
1426 4854 1526 4925 τὴν
1564 4854 1671 4908 τῶν
1695 4852 1953 4907 ἐναντίων

438 5004 552 5077 (48)
588 5007 721 5075 Ταῖς
745 5006 865 5076 μὲν
883 5002 1000 5063 οὖν
1023 5009 1382 5076 συνθήκαις.
1418 5008 1578 5063 Pacis
1606 5010 1945 5066 conditiones

363 5075 455 5149 ῃ
482 5075 810 5149 fu'erunt,_itt
844 5077 1087 5133 Licinius
1118 5075 1342 5149 quidem
1391 5080 1699 5145 Orientem,
1730 5079 1941 5143 Asiam,

364 5145 681 5220 Thraciam,
703 5146 947 5220 Mmsiam
975 5163 1039 5203 ac
1074 5145 1337 5220 minorem
1370 5149 1655 5220 Scythiam
1700 5151 1945 5218 posside-

363 5223 482 5281 ret;
514 5217 784 5273 Dardania
817 5231 953 5273 vero
982 5227 1041 5272 et
1087 5218 1402 5273 Macedonia
1445 5217 1501 5275 et.
1540 5217 1768 5283 Achaia,
1806 5220 1945 5274 Pan-

363 5286 528 5360 n_oni_a
565 5301 782 5360 quoque
829 5303 950 5342 cum
977 5288 1167 5343 Maesia
1202 5299 1258 5360 et
1292 5289 1451 5343 Dacia
1488 5289 1828 5345 Cottstantini
1861 5291 1946 5345 di-

363 5354 499 5409 tioni
524 5354 867 5423 accederent,
887 5365 1189 5413 utnarrant
1216 5357 1465 5413 Zosimus
1501 5369 1556 5413 et
1605 5361 1945 5416 Sozomenus

364 5435 421 5477 et
449 5436 642 5480 auctor
668 5436 1054 5495 excerptorum
1079 5430 1144 5482 de
1175 5426 1348 5483 Gestis
1377 5430 1738 5485 Constantini.

435 5494 1068 5574 (49)_’Agzspta'7té:rrwg.
1104 5496 1409 5574 luschetljs
1445 5499 1628 5569 Regiis
1648 5501 1940 5574 ἀπεριϐλὲ-

365 5581 516 5629 πτως
560 5565 776 5635 legitur,
818 5571 1091 5637 quomodo
1120 5569 1286 5624 etiam
1332 5565 1619 5624 Turnebus
1668 5574 1735 5624 ad
1762 5565 1936 5627 "oram

367 5637 450 5689 sui
479 5637 686 5690 codicis
714 5638 1056 5691 emendarat.
1094 5637 1170 5691 lla
1197 5641 1361 5693 etiam
1389 5640 1562 5694 codex
1595 5639 1728 5694 Fuk.

438 5705 570 5780 (ᾧ).
583 5704 918 5780 νυΙεηᾼΒοῇ
950 5724 1012 5762 τε
1038 5706 1148 5777 μιᾷ
1174 5707 1359 5780 ῥοπῇ.
1399 5708 1764 5766 Scribendum
1791 5711 1940 5765 vide-

351 5773 455 5857 ‘tur
477 5773 574 5848 βοῇ
606 5791 666 5829 τε
691 5773 798 5848 μιᾷ
825 5773 920 5831 nail}
952 5773 1126 5851 poni).
1155 5773 1334 5851 Atque
1363 5782 1437 5837 ita
1477 5781 1648 5837 codex
1699 5780 1836 5838 Fuk.
1885 5793 1941 5839 et

2532 4492 2697 4567 (.52
2736 4490 2965 4549 CAPUT
2996 4489 3164 4547 xvu.

2544 4586 2887 4642 Constantini
2906 4584 3151 4639 victoria.

2129 4674 2237 4731 Sed
2266 4687 2618 4746 posteaquam
2648 4678 2834 4731 hostes
2850 4675 3136 4731 obstinato
3165 4670 3348 4726 animo
3371 4676 3641 4740 perstare,

2055 4759 2275 4833 jamque
2301 4766 2509 4836 gladios
2549 4766 2882 4837 distringere
2925 4762 3316 4819 animadvertit
3345 4801 3361 4825 ,
3391 4759 3639 4829 indigna.

2062 4852 2210 4906 tione
2236 4864 2542 4910 commotus
2569 4899 2583 4921 ,
2614 4855 2732 4911 solo
2758 4856 2997 4912 clamore
3018 4870 3084 4912 ac
3120 4854 3347 4909 minimo
3381 4854 3640 4922 temporis

2050 5011 2175 5068 Sav.
2207 5010 2376 5065 Porro
2400 5013 2515 5068 haec
2538 5013 2775 5079 insignis
2810 5014 3155 5070 Constantini
3187 5014 3417 5069 victoria
3470 5018 3643 5069 conti-

2049 5084 2132 5149 git
2180 5082 2373 5150 Crispo
2420 5092 2505 5137 ter
2533 5092 2588 5137 et
2623 5085 2987 5139 ConSIanlinn
3039 5094 3120 5139 ter
3158 5100 3329 5143 coss..
3375 5100 3406 5136 v
3455 5084 3640 5141 Nonas

2046 5150 2244 5225 Julias,
2268 5152 2423 5225 juxta
2447 5153 2880 5225 Adriauopolim,
2901 5166 2959 5208 ut
2998 5154 3197 5225 legitur
3226 5157 3277 5208 in
3302 5153 3487 5208 Fastis
3516 5154 3637 5209 Ida-

2047 5223 2130 5277 tii.
2162 5225 2230 5276 At
2266 5222 2539 5276 Barouius
2598 5225 2700 5276 bet:
2762 5225 3006 5293 praelium
3055 5222 3635 5293 'Adrianopolitaumn

2049 5292 2263 5347 confert
2295 5294 2347 5344 in
2399 5308 2600 5345 annum
2644 5293 2847 5349 Christi
2897 5294 3022 5359 5l8,
3073 5309 3181 5362 quo
3213 5292 3459 5349 Licinius
3502 5311 3534 5347 ν
3579 5308 3636 5348 et

2048 5362 2273 5435 Crispus
2301 5377 2442 5435 coss.
2470 5362 2641 5417 fuere.
2673 5365 2843 5430 Cujus
2873 5368 3199 5419 sententiam
3229 5368 3314 5419 bis
3339 5379 3635 5435 argumeno

2044 5433 2114 5487 tis
2139 5448 2204 5486 ac
2221 5434 2931 5504 testimoniisoptimorum
2977 5437 3302 5504 scriptorum
3350 5433 3632 5489 subverti-

2041 5517 2188 5574 mus.
2218 5501 2435 5557 Primus
2460 5513 2543 5574 est
2570 5502 2794 5569 ldatius,
2825 5505 2917 5574 (μή
2944 5506 2995 5557 in
3024 5501 3208 5558 Fastis
3253 5507 3325 5558 ita
3373 5504 3565 5556 scribit
3609 5519 3627 5556 :

2045 5589 2069 5625 ι
2101 5572 2294 5640 Crispo
2319 5588 2375 5627 ιιι
2402 5583 2457 5626 et
2477 5572 2924 5628 Constant-indm
2976 5591 3118 5629 coss.
3148 5576 3242 5628 His
3264 5589 3404 5628 coss.
3423 5573 3630 5627 bellum

2038 5642 2587 5711 Adrianopolitanum
2608 5643 2697 5697 die
2714 5659 2746 5696 v
2769 5642 3146 5706 Nouaslulias,
3165 5656 3219 5695 et
3244 5643 3441 5697 bellum
3460 5642 3628 5694 Chal-

2040 5714 2346 5766 cedonense
2375 5714 2588 5767 decimo
2615 5724 2812 5782 quarto
2843 5713 3113 5769 Kalendas
3144 5714 3428 5782 Octobres.
3458 5730 3477 5762 ι
3513 5711 3624 5782 Ειι·τ

2042 5783 2165 5837 dem
2206 5786 2367 5840 verba
2399 5780 2652 5854 leguntur
2702 5785 2753 5841 in
2797 5783 3054 5839 Chronico
3093 5781 3482 5849 Alexandrino,
3525 5780 3627 5837 sed
