4210 6418
571 313 678 369 995

1278 308 1541 365 EUSEBII
1581 304 2065 365 CJESARIENSIS
2107 302 2257 359 OPP.
2302 301 2481 357 PARS
2520 300 2562 354 I.
2601 298 3103 356 —IIISTORICA.

3721 306 3825 361 096

571 434 847 483 momento
887 434 1113 482 cunctas
1147 424 1383 479 hostium
1418 426 1605 493 copias
1636 425 1690 478 in
1724 423 1905 492 fugam
1934 422 2096 477 vertit
2119 462 2134 483 ,

2240 415 2537 488 ὲτροποῦτο
2562 414 2814 485 δύναμιν,
2839 413 2977 485 ὁμοῦ
2998 431 3057 467 τε
3077 416 3174 478 τὰς
3192 417 3312 467 κατ’
3328 415 3537 482 ὲγθρῶν
3564 417 3658 470 καὶ
3690 414 3830 470 κατὰ

567 530 624 573 et
654 519 719 571 de
748 517 1080 570 daunouibus
1127 517 1333 584 pariter
1364 528 1527 585 atque
1564 511 1818 569 hostibus
1854 511 2139 566 victoriam

573 606 889 676 repartnvit.

1130 695 1359 753 CAPUT
1384 693 1574 750 XVIII.

785 788 975 843 Licinii
1006 789 1173 844 credes
1209 795 1258 841 et
1296 786 1550 855 triumphi
1582 786 1646 839 de
1677 785 1770 839 illo
1800 786 1927 839 acti.

648 883 893 938 Posthaec
939 882 1116 952 ipsum
1167 879 1263 934 Dei
1311 879 1523 934 hostem
1567 877 1797 947 ejusque
1845 875 2145 931 familiares

572 976 698 1032 belli
746 975 869 1045 jure
918 974 1239 1043 dijudicatos
1331 984 1574 1041 congruo
1630 969 1895 1039 supplicio
1939 966 2141 1022 ail‘ecit.

546 1068 992 1143 Abducebantur
1023 1066 1205 1134 itaque
1239 1077 1345 1117 una
1373 1076 1497 1115 cum
1548 1071 1779 1132 tyranno
1801 1098 1816 1123 ,
1850 1068 1905 1114 et
1933 1059 2143 1113 debitas

572 1161 767 1230 capitis
811 1174 999 1229 pmnas
1027 1158 1267 1222 dabant,
1316 1157 1627 1225 quicunque
1659 1152 1856 1208 bellum
1879 1153 2141 1207 adversus

571 1253 739 1308 Deum
768 1266 963 1322 gerere
985 1253 1034 1308 ei
1078 1252 1399 1306 suasissent.
1436 1247 1499 1301 Et
1524 1246 1616 1313 qui
1650 1244 1811 1313 paulo
1841 1252 1969 1297 ante
1998 1258 2140 1299 vana

571 1358 669 1414 spe
692 1343 821 1398 elati
849 1352 1029 1406 erant,
1051 1342 1229 1411 reipsa
1258 1337 1596 1395 Constantini
1637 1337 1804 1390 Deum
1843 1334 2143 1405 amplecte-

569 1436 795 1499 bantur,
840 1447 1073 1503 eumque
1103 1447 1273 1487 unum
1304 1446 1369 1486 ac
1408 1444 1595 1486 verum
1630 1426 1796 1482 Deum
1839 1439 2142 1496 agnoscere

569 1541 633 1583 se
663 1536 789 1582 tunc
815 1524 1033 1580 demum
1065 1524 1484 1595 proﬁtebantur.

1147 1613 1376 1670 CAPUT
1406 1611 1554 1667 XIX.

945 1707 1159 1762 Publica
1186 1706 1372 1762 latitia
1404 1720 1465 1758 ac
1492 1701 1769 1773 festivitas.

2242 506 2512 577 δαιμόνων
2536 505 2845 578 ἀπεφέρετο
2878 505 3053 567 νίκας.

2767 690 3160 744 ΚΕΦΑΛΑΙΟΝ
3185 691 3287 744 ΠΡ.

2318 782 2580 836 Λικινίου
2626 780 2901 847 θάνατος,
2935 780 3036 834 καὶ
3066 780 3327 834 ἐπινίκια
3352 779 3482 848 περὶ
3516 780 3754 833 τούτου.

2313 871 2425 927 Εἶτ’
2456 874 2618 928 αὐτὲν
2643 875 2735 926 τὸν
2764 874 2994 945 θεομισῆ
3024 875 3119 928 καὶ
3154 874 3282 938 τοὺς
3318 870 3455 944 ἀμφ’
3478 870 3641 926 αὐτὸν
3676 871 3827 942 νόμῳ

2242 964 2478 1035 πολέμου
2506 965 2805 1036 διακρίνας,
2833 968 2899 1036 τῇ
2931 964 3218 1038 πρεπούσῃ
3245 965 3530 1036 παρεδίδου
3562 967 3820 1040 τιμωρίᾳ.

2254 1056 2551 1128 Ἀπήγοδτό
2577 1058 2625 1110 τ’
2656 1055 2806 1126 αὐτῷ
2834 1054 2913 1125 τῷ
2941 1055 3192 1127 τυράννῳ
3223 1056 3317 1109 καὶ
3347 1055 3681 1119 ἀπώλλυντο,
3724 1060 3824 1130 τὴν

2241 1150 2621 1219 προσήκουσαν
2643 1147 2934 1217 ὑπέχοντες
2956 1148 3131 1219 δίκην,
3166 1150 3215 1202 οἱ
3243 1149 3341 1220 τῆς
3360 1148 3659 1220 θεομαχίας
3686 1150 3827 1223 σύμ-

2240 1237 2437 1291 ϐουλοι·
2473 1237 2527 1290 οἶ
2550 1255 2609 1291 τε
2661 1238 2854 1310 μικρὸν
2883 1235 3108 1309 ὕστερον
3158 1238 3268 1309 (SI)
3310 1241 3376 1311 τῇ
3422 1239 3529 1293 τῶν
3579 1241 3822 1309 ματαίων

2240 1329 2415 1383 ὲλπίδι
2458 1330 2932 1402 μετεωρισθέντες,
2967 1331 3114 1402 ἔργῳ
3139 1330 3230 1384 τὸν
3255 1332 3666 1386 Κωνσταντίνου
3690 1334 3822 1386 Θεὸν

2240 1421 2679 1493 παρελάμϐανον,
2710 1420 2804 1476 καὶ
2840 1418 3029 1476 τοῦτον
3077 1421 3202 1494 ἄρτι
3232 1422 3364 1476 Θεὸν
3397 1422 3572 1495 ἀληθῆ
3594 1426 3689 1478 καὶ
3722 1423 3822 1495 μό·-

2240 1529 2329 1567 νον
2360 1512 2645 1586 γνωρίζειν
2679 1514 3081 1585 ἀνωμολόγουν.

2738 1606 3157 1673 ,ΚΕΦΑΛΑΙΟΝ
3191 1604 3293 1659 re'.

2554 1697 2947 1766 Φαιδρότητες
2983 1698 3079 1751 καὶ
3109 1699 3496 1768 πανηγύρεις.

644 1799 831 1868 Impiis
864 1755 1750 1869 igitur-mmediosublatis,puri
1787 1789 2046 1859 deinceps
2072 1804 2138 1845 ac

2307 1787 2418 1842 Καὶ
2448 1788 2512 1861 δὴ
2543 1789 2650 1843 τῶν
2694 1755 2967 1844 δυσσεϐιέν
2997 1758 3206 1863 ἀνδρῶν
3537 1793 3814 1865 ήρμένων,

576 1889 763 1958 liquidi
798 1888 927 1944 solis
972 1888 1108 1942 radii
1139 1887 1526 1948 cernebantur,
1552 1882 1705 1952 quasi
1734 1879 1920 1935 nubilo
1955 1889 2139 1951 tyran-

575 1981 713 2033 nicae
748 1976 1129 2033 dominationis
1161 1974 1404 2045 depulso.
1439 1970 1763 2039 Cunctreque
1788 1970 1998 2037 imperii
2028 1969 2139 2024 Ilo-

574 2070 722 2124 mani
751 2079 931 2140 partes
974 2070 1027 2123 in
1061 2083 1224 2123 unum
1253 2078 1451 2135 corpus
1495 2063 1821 2120 coaluerunt
1849 2083 1861 2117 :
1894 2060 2135 2116 orienta-

573 2161 716 2217 libus
759 2159 1056 2231 provinciis
1103 2174 1227 2214 cum
1274 2156 1572 2214 Occidente
1610 2152 1914 2224 conjunctis
1947 2171 1962 2207 :
1994 2167 2133 2206 uno-

573 2264 680 2320 que
735 2252 984 2308 omnium
1037 2248 1285 2322 principe
1343 2258 1606 2319 tanquam
1649 2245 1831 2315 capite
1875 2242 2133 2313 quodam,

575 2349 747 2394 totum
783 2339 994 2409 imperii
1016 2353 1214 2406 corpus
1244 2335 1569 2408 refulgebat,
1621 2336 1783 2391 unius
1810 2335 2139 2390 dominatio-

573 2446 644 2486 ne
670 2440 896 2486 cunctos
936 2429 1183 2485 homines
1224 2429 1636 2497 complectente.
1669 2428 1734 2482 Et
1772 2427 1864 2497 qui
1897 2426 2046 2495 prius
2080 2426 2132 2479 in

575 2521 815 2577 tenebris
860 2530 918 2575 et
955 2521 1013 2574 in
1061 2521 1253 2574 umbra
1298 2519 1489 2574 mortis
1533 2519 1833 2581 sedebant,
1887 2518 1956 2573 iis
2007 2525 2136 2571 tunc

574 2610 998 2677 splendidissimi
1032 2606 1250 2680 pietatis
1280 2610 1413 2663 radii
1444 2609 1595 2664 latos
1621 2608 1739 2665 dies
1780 2611 2132 2678 prmstabant.

573 2702 685 2760 Nec
709 2703 1111 2769 praeteritorum
1156 2702 1423 2757 malorum
1468 2701 1575 2756 ulla
1593 2701 1704 2767 jam
1735 2710 2018 2772 supererat
2049 2714 2138 2755 re-

574 2794 862 2859 cordatio,
909 2808 1032 2849 cum
1081 2806 1268 2848 omnes
1319 2793 1518 2862 ubique
1566 2793 1823 2846 victorem
1880 2791 2137 2847 laudibus

544 2886 913 2962 _ceiebrarent
939 2923 955 2950 ,
990 2883 1213 2954 ejusque
1258 2892 1591 2939 servatorem
1632 2884 1803 2939 Deum
1851 2881 2025 2937 solum
2077 2896 2137 2937 se

572 2990 871 3049 agnoscere
910 2976 1317 3047 proﬁterentur.
1346 2972 1543 3029 Noster
1585 2988 1714 3028 vero
1757 2974 1905 3027 omni
1938 2986 2136 3043 genere

571 3199 821 3269 sequenti
870 3212 1034 3269 anno.
1077 3196 1305 3269 Paulino
1329 3202 1385 3252 et
1418 3194 1825 3269 Juliano_coss.,
1846 3208 2130 3269 perperam
2161 3177 2204 3237 α

572 3265 943 3325 ascribuntur.
974 3267 1106 3323 Cum
1149 3268 1318 3322 ldatio
1342 3266 1612 3321 consentit
1641 3265 1890 3319 Aurelius
1925 3265 2132 3327 Victor,

570 3340 665 3408 qui
689 3340 756 3393 de
785 3338 935 3392 hellis
962 3339 1099 3392 inter
1122 3336 1498 3408 Constantium
1518 3346 1574 3408 et_
1604 3334 1873 3390 Licinium
1903 3334 1976 3387 ita
2002 3336 2132 3391 scri-

573 3405 687 3463 bit:
713 3427 731 3459 ι
755 3408 874 3474 Quo
913 3422 1042 3462 sane
1076 3407 1242 3460 variis
1269 3406 1467 3476 praeliis
1491 3405 1662 3474 pulso,
1685 3419 1820 3476 cum
1845 3419 1963 3476 eum
1988 3418 2137 3476 pror-

573 3494 667 3534 sus
694 3472 1001 3547 opprimere
1043 3472 1611 3538 arduunivideretur,
1652 3474 1809 3547 simul
1856 3472 2135 3547 alliuitatis

573 3544 780 3617 gratia,
808 3546 1013 3615 recepti
1040 3548 1342 3617 consortio,
1386 3547 1650 3617 ascitjque
1700 3544 1930 3617 imperio
1961 3544 2138 3617 Cresa.

576 3612 693 3671 rum
715 3612 1023 3684 communes
1039 3615 1193 3669 liberi
1209 3659 1222 3681 ,
1239 3615 1478 3684 Crispus,
1497 3613 1990 3684 Constantinusque
2024 3612 2138 3684 Ela-

574 3689 664 3740 vio
681 3685 847 3754 geniti
879 3683 1223 3757 :chinianus
1246 3681 1477 3757 Licinio.
1491 3683 1641 3751 Quod
1664 3683 1878 3757 quidem
1904 3683 1991 3734 vix
2012 3681 2136 3757 din-

577 3749 818 3823 turrium,
828 3749 1007 3823 neque
1035 3756 1119 3807 his
1135 3755 1226 3823 qui
1249 3749 1662 3823 assumebautur
1681 3749 1970 3823 felix_fore,
1996 3750 2137 3823 defe-

576 3833 665 3876 ctu
688 3817 1026 3879 solisfmdato
1047 3817 1238 3878 iisdem
1254 3822 1538 3877 mensibus
1551 3818 1664 3883 die,
1678 3817 2024 3888 patefactum.
2038 3818 2141 3873 ita-

577 3906 683 3960 que
698 3890 957 3960 sexennio
971 3898 1111 3957 post,
1136 3897 1288 3957 rupta
1311 3904 1461 3958 pace,
1480 3889 1619 3957 apud
1634 3887 1876 3960 Thracas
1896 3887 2138 3960 Licinius

576 3957 800 4028 pulsus,
858 3959 1199 4028 Chalcedona
1242 3957 1536 4028 concessit.
1610 3974 1628 4007 ι
1676 3957 1855 4012 Creati
1922 3957 2141 4028 fuerant

578 4025 821 4083 Caesares
858 4027 1112 4096 Crispus,
1143 4026 1381 4081 Licinius
1417 4035 1473 4081 et
1505 4026 1931 4096 Cppstantiuus.
1971 4025 2140 4080 Galli-

577 4112 718 4151 cano
762 4107 815 4150 et
847 4094 1016 4150 Basso
1060 4096 1500 4158 coss.,Ka|cudis
1551 4094 1790 4159 Martiis,
1838 4105 1898 4147 ut
1949 4098 2141 4150 scribit

576 4168 780 4222 Idatius
812 4166 864 4220 in
907 4164 1087 4219 Fastis
1139 4176 1195 4219 et
1243 4177 1436 4221 auctor
1483 4165 1729 4219 Chroniei
1765 4165 2137 4230 Alexandrini,

580 4241 633 4292 id
694 4244 777 4291 est
822 4250 964 4289 anno
1017 4235 1215 4289 Christi
1259 4236 1384 4290 '5l7.
1446 4233 1719 4302 Sequente
1768 4244 1951 4289 autem
2001 4250 2141 4289 anno

563 4306 814 4361 “tenebrae
847 4307 1064 4359 fuerunt
1093 4307 1235 4359 inter
1263 4306 1406 4359 diem
1427 4344 1443 4370 ,
1477 4306 1609 4359 hora
1637 4319 1691 4357 ix
1714 4342 1728 4366 ,
1761 4313 1819 4358 ut
1852 4302 2055 4372 legitur
2087 4305 2139 4358 iu

580 4376 763 4430 Fastis
807 4374 985 4429 Idatii.
1021 4375 1201 4440 Quare
1246 4375 1447 4429 fallitur
1495 4372 1747 4427 Aurelius
1794 4373 2007 4437 Victor,
2046 4375 2139 4443 qui

577 4446 852 4501 Caesarum
885 4445 1277 4514 promotionem
1309 4446 1359 4498 in
1386 4444 1638 4514 eumdem
1660 4459 1860 4514 annum
1906 4444 2136 4507 confert,

2236 1879 2476 1952 καθαραὶ
2506 1879 2690 1933 λοιπὸν
2737 1876 2877 1952 ἦσαν
2923 1881 3071 1951 ἡλίου
3106 1880 3272 1951 αὒγαὶ⁵
3309 1885 3637 1955 τυραννικῆς
3659 1884 3818 1939 δυνα-

2238 1970 2440 2035 στείας,
2472 1971 2772 2040 συνήπτετό
2792 1989 2855 2025 τε
2906 1973 3056 2025 πᾶσα
3086 1972 3186 2044 ὅση
3235 1990 3320 2036 τις
3360 1973 3465 2027 ὑπὸ
3506 1975 3815 2046 Ῥωμαίους

2236 2060 2497 2132 ἐτύγχανε
2524 2065 2707 2133 μοῖρα,
2729 2062 2836 2117 τῶν
2861 2063 3000 2117 κατὰ
3022 2063 3121 2135 τὴν
3145 2063 3285 2135 ἑῴαν
3305 2064 3472 2120 ἐθνῶν
3506 2067 3811 2138 ένουμένων

2235 2153 2446 2225 θατέρῳ
2476 2154 2651 2225 μέρει·
2691 2156 2789 2225 μιᾷ
2816 2171 2877 2206 τε
2906 2155 2972 2225 τῇ
3004 2154 3099 2208 τοῦ
3132 2155 3330 2219 παντὸς
3344 2157 3483 2226 ἀρχῇ
3506 2155 3693 2229 ὥσπερ
3708 2157 3817 2211 τινὶ

2235 2246 2465 2317 κεφαλῇ,
2522 2246 2583 2299 τὸ
2630 2247 2739 2299 πᾶν
2797 2248 3190 2315 κατεκοσμεῖτο
3247 2246 3427 2318 σῶμα,
3482 2249 3817 2319 μοναρχικῆς

2235 2334 2484 2401 ἐξουσίας
2506 2335 2596 2389 διὰ
2625 2335 2841 2390 πάντων
2868 2337 3128 2407 ἡκουσης·
3154 2334 3402 2407 λαμπραί
3436 2354 3497 2390 τε
3528 2334 3706 2405 φωτὸς
3727 2338 3817 2391 εὑ·-

2237 2426 2451 2489 σεὸείας
2475 2427 2851 2498 μαρμαρυγαὶ,
2887 2430 2999 2492 τοῖς
3028 2427 3155 2500 πρὶν
3206 2427 3534 2501 καθημένοις
3556 2431 3615 2484 ὲν
3641 2430 3816 2501 σκότῳ

2234 2517 2328 2573 καὶ
2350 2520 2480 2588 σκιᾷ
2504 2518 2755 2583 θανάτου,
2790 2518 3021 2591 φαιδρὰς
3041 2521 3297 2592 παρεῖχον
3328 2519 3560 2591 ἡμέρας.
3587 2518 3708 2575 Οὐδ’
3745 2514 3814 2592 ἧν

2233 2627 2319 2675 τις
2352 2610 2432 2664 ἔτι
2471 2610 2749 2683 προτέρων
2778 2612 2963 2683 μνήμη
3011 2611 3217 2675 κακῶν,
3252 2610 3561 2682 ἁπανταχοῦ
3599 2612 3813 2665 πάντων

2234 2701 2328 2755 τὸν
2342 2702 2565 2773 νικητὴν
2584 2703 2683 2756 ἀνυ
2691 2702 2983 2773 μνούντων,
3011 2702 3171 2774 μόνον
3191 2720 3249 2757 τε
3272 2701 3363 2757 τὸν
3377 2702 3565 2757 τούτου
3585 2701 3816 2774 Σωτῆρα

2235 2792 2367 2845 Θεὸν
2401 2792 2805 2863 ὁμολογούντων
2826 2791 3131 2867 γνωρίζειν.
3168 2795 3226 2847 Ὀ
3254 2795 3298 2848 δ’
3326 2795 3493 2867 ἀρετῇ
3523 2794 3674 2867 πάσῃ
3697 2792 3815 2847 θεο-

2237 2881 2453 2946 σεϐείας
2477 2883 2767 2956 ὲκπρέπων
2799 2884 3026 2956 νικητὴς
3061 2884 3311 2954 βασιλεὺς
3341 2884 3564 2956 (ταύτην
3587 2883 3696 2955 γὰρ
3714 2883 3816 2937 αὐ-

2235 2972 2327 3038 τδς
2345 2975 2444 3046 τὴν
2471 2976 2755 3046 ἐπώνυμον
2765 2974 2912 3045 αὐτῷ
2931 2974 3244 3047 κυριώτατα
3261 2977 3360 3048 τὴν
3391 2976 3687 3047 ὲπηγορίαν
3701 2974 3813 3046 (52)

2239 3197 2494 3271 universo
2516 3197 2639 3252 orbi
2672 3196 2886 3271 illusit,
2930 3208 2984 3254 et
3010 3200 3100 3269 qui
3148 3211 3331 3270 postea
3378 3202 3519 3271 apud
3562 3201 3815 3256 Nicome-

2239 3268 2384 3339 diam
2434 3268 3048 3339 nostrammissionem
3108 3268 3452 3333 meruerunt,
3513 3280 3658 3327 certa
3719 3287 3817 3339 per

2238 3337 2474 3411 edictum
2506 3336 2862 3411 indulsimus,
2901 3356 2919 3389 ι
2960 3348 3064 3393 etc.
3102 3340 3315 3411 Etenim
3346 3341 3589 3411 praelium
3616 3336 3815 3411 Adria-

2240 3406 2613 3479 populitanum
2640 3409 3002 3479 commissum
3034 3418 3128 3479 est
3164 3410 3251 3464 die
3284 3406 3475 3479 qu'into
3512 3409 3693 3463 Nonas
3718 3407 3817 3463 Ju-

2240 3475 2363 3536 lias,
2395 3485 2452 3528 ut
2489 3476 2679 3530 scribit
2701 3475 2902 3531 Idalios
2938 3479 2990 3530 in
3025 3476 3229 3540 Fastis,
3259 3475 3316 3534 et
3337 3490 3530 3535 auctor
3560 3479 3814 3533 Ciironiei

2239 3543 2607 3619 ᾼιεςιαιιιίνὶηἱ.
2642 3543 2841 3619 Verum
2868 3548 3128 3619 mendosa
3171 3558 3267 3619 est
3289 3549 3616 3619 subscriptio
3649 3549 3812 3617 hujus

2241 3612 2395 3681 legis.
2453 3615 2734 3682 Proposita
2791 3618 2936 3670 enim
2993 3631 3115 3671 esse
3169 3618 3368 3673 dicitur
3422 3612 3636 3673 Licinio
3684 3612 3816 3674 v'et

2239 3682 2432 3755 Crispo
2463 3699 2607 3739 coss.
2627 3726 2643 3749 ,
2695 3685 2744 3738 id
2768 3694 2871 3750 est,
2904 3700 3048 3740 anno
3076 3686 3276 3742 Christi
3306 3687 3430 3742 5l8.
3462 3688 3615 3754 Quod
3644 3686 3814 3740 Baro-

2240 3754 2332 3825 nio
2356 3768 2540 3825 ansam
2571 3755 2776 3825 erroris
2800 3756 3062 3825 ριίιιιιιιὶι.⁸
3090 3757 3194 3809 Sed
3227 3759 3352 3825 quis
3369 3774 3475 3811 non
3499 3758 3644 3810 videt
3670 3757 3812 3809 scri-

2240 3820 2476 3876 bendum
2505 3838 2625 3878 esse
2655 3820 2916 3879 :Pauiirto
2947 3833 3002 3876 et
3036 3820 3259 3880 Juliano
3315 3842 3463 3882 coss.
3491 3827 3515 3879 ?
3552 3824 3646 3881 His
3667 3827 3811 3879 enim

2239 3905 2384 3965 coss.
2414 3890 2962 3965 Nicomediamveuit
2990 3893 3414 3965 Gotgistautinus,
3448 3906 3566 3965 post
3608 3896 3810 3950 victum

2241 3975 2307 4016 ac
2340 3959 2988 4035 debellatum‘Liciuium.
3038 3963 3247 4035 L_icinio
3293 3959 3425 4021 vero
3450 3959 3501 4017 ’ν
3535 3973 3588 4020 et
3618 3965 3811 4035 Crispo

2241 4045 2387 4105 coss.
2431 4030 3021 4105 Nicomediap‘arehat
3065 4033 3295 4098 Licinio,
3321 4035 3548 4105 ejusque
3595 4030 3813 4104 imperii

2242 4102 2397 4172 sedes
2442 4097 2931 4172 erat.7His_igitur
2951 4117 3107 4172 coss.
3145 4097 3536 4160 Conatahtitius
3572 4097 3685 4157 non'
3711 4120 3810 4172 po-

2247 4169 3123 4243 tuitveteranissuismissionem
3162 4188 3226 4226 ac
3262 4176 3543 4243 privilegia
3576 4175 3625 4226 in
3673 4169 3811 4243 urbe

2242 4237 2549 4312 Nicomedia
2581 4238 3026 4312 indulgere}:qu
3068 4255 3131 4294 ea
3165 4237 3358 4312 civitas
3409 4237 3576 4312 ipsius
3611 4240 3809 4297 ditiorii

2246 4308 2838 4379 minime_snlijaceret.
2881 4308 3014 4361 Cum
3066 4324 3198 4379 ergo
3227 4308 3613 4367 Constantinus
3649 4313 3698 4364 iu
3739 4326 3809 4366 ea

2245 4376 2362 4451 lege
2420 4394 2439 4427 ι
2484 4375 2847 4451 Nicomediam
2896 4375 3196 4433 nostram)
3251 4384 3524 4451 appellet,
3581 4396 3812 4451 necesse

2244 4456 2330 4499 est
2353 4447 2522 4516 legem
2565 4446 2710 4500 illam
2739 4448 2915 4500 datam
2948 4463 3069 4504 esse
3097 4446 3344 4507 dicamus
3376 4446 3604 4506 Paulino
3631 4461 3683 4503 et
3706 4447 3808 4505 Ju-

578 4531 685 4585 quo
705 4510 946 4569 defectus
967 4516 1057 4568 ille
1075 4515 1209 4585 solis
1224 4510 1637 4585 contigitr.iNam_
1655 4511 1897 4585 defectus
1922 4514 2136 4578 quidem
2170 4511 2215 4570 Ι)
2242 4516 2384 4585 liano
2407 4510 2548 4568 coss.

576 4582 710 4640 solis
737 4586 961 4655 contigit
995 4599 1140 4655 anno
1177 4582 1395 4638 Christi
1423 4584 1528 4655 διδ
1551 4622 1566 4644 ,
1600 4583 1823 4655 Crispus
1850 4597 1986 4655 vero
2035 4599 2136 4635 nua

578 4670 701 4708 cum
745 4653 953 4709 Licinio
998 4665 1053 4708 et
1079 4654 1433 4709 Constantino
1481 4653 1684 4707 Caesar.
1715 4653 1923 4705 levatus
1965 4653 2139 4705 fuerat

581 4739 724 4778 anno
758 4724 859 4777 517
883 4724 1083 4777 Natalis
1124 4723 1407 4778 Dominici.
1439 4723 1607 4777 Recte
1636 4731 1815 4775 tamen
1854 4722 2138 4774 intervalla

583 4804 887 4861 temporum
936 4802 1187 4847 numerat
1234 4793 1484 4846 Aurelius
1536 4793 1736 4846 Victor.
1778 4789 1909 4861 Nam
1960 4806 1990 4844 a
2047 4792 2143 4861 dea

570 4859 726 4917 fectu
755 4863 883 4916 solis
937 4865 1027 4931 qui
1064 4862 1291 4931 contigit
1320 4877 1462 4916 anno
1491 4861 1690 4915 Christi
1716 4859 1840 4921 5I8,
1873 4874 2042 4928 usque
2071 4860 2139 4913 ad

580 4932 827 4998 prmlium
866 4933 1421 5001 Adrianopulitanum,
1441 4948 1537 4987 sev
1564 4931 1786 5001 mnrnino
1824 4941 1961 5001 psunt
1987 4931 2134 4982 :Iltlli.

580 5001 675 5054 His
700 5001 909 5054 accedit
937 4998 1231 5062 Cedrenus,
1260 5001 1349 5068 qui
1375 5014 1519 5054 anno
1540 5014 1630 5053 xix
1647 4998 1857 5068 imperii
1876 4998 2141 5053 Constan-

584 5071 716 5131 tini,
777 5070 856 5123 ait
885 5069 1321 5139 _Constantinum
1372 5070 1770 5139 expeditionem
1837 5069 2140 5137 suscepisse

579 5141 838 5193 adversus
884 5137 1174 5192 Licinium.
1232 5140 1417 5191 Annus
1446 5137 1623 5192 'enim
1672 5153 1849 5192 nonus
1896 5139 2155 5195 decumus.

576 5208 923 5263 Constantini
949 5211 1094 5262 cadit
1137 5211 1191 5262 in
1228 5207 1567 5262 consulatum
1619 5207 1838 5261 tertium
1868 5207 2043 5274 Crispi
2083 5216 2137 5260 et

577 5278 951 5341 Constantini.
1000 5280 1091 5345 qui
1120 5286 1239 5332 erat
1286 5291 1461 5331 annus
1494 5276 1694 5330 Christi
1727 5277 1853 5330 524.
1905 5278 1986 5328 Ab
2034 5278 2135 5329 hoc

578 5349 783 5402 calculo
804 5362 991 5416 parum
1014 5351 1166 5401 abest
1181 5346 1451 5417 Sigonius,
1480 5349 1568 5411 qui
1586 5416 1589 5417 ν
1608 5346 2135 5417 pttgnaurAdriauo-

577 5415 871 5486 pulitanam
927 5423 1168 5487 assignat
1214 5415 1598 5487 annoChristi
1650 5416 1776 5479 523,
1837 5416 2041 5469 Severo
2078 5423 2134 5487 et

578 5485 775 5542 ltuiino
794 5502 935 5542 coss.
958 5485 1208 5555 Ejusdem
1239 5485 1407 5551 praelii
1436 5486 1900 5554 Adrianopolitaui
1922 5486 2133 5555 mentio

574 5558 641 5611 iit
677 5557 730 5610 in
755 5558 871 5626 lege
930 5573 946 5611 ι
980 5553 1154 5611 (indic.
1192 5555 1421 5626 ‘I‘hcod.,
1454 5555 1520 5626 de
1554 5553 1844 5626 veteranis,
1881 5553 2151 5626 ubi_Con-p

578 5620 847 5681 stantinu's
862 5630 940 5683 sic
955 5629 1029 5682 ait
1051 5643 1109 5677 τοι
1141 5624 1414 5680 Veteranis
1428 5624 1518 5692 qui
1539 5640 1606 5679 ex
1628 5625 1714 5677 die
1737 5626 1926 5692 quinta
1953 5620 2135 5675 Nonn-

581 5711 698 5751 rum
729 5696 1015 5767 Juliarum,
1046 5712 1167 5754 cum
1200 5695 1371 5766 prima
1426 5709 1522 5763 per
1570 5694 1859 5749 'I‘ltracnun
1903 5694 2132 5749 victoria

2309 4583 2507 4660 (5l)r_0_Z
2533 4601 2595 4638 τε
2620 4582 2839 4654 μικρὸν
2866 4585 3148 4655 ὕστερον.
3191 4587 3384 4660 Scribo
3412 4587 3592 4660 μικρῷ
3618 4587 3816 4660 πρότε-

2239 4669 2353 4724 ρον,
2394 4656 2492 4708 nisi
2525 4661 2686 4709 verba
2720 4662 3043 4726 transposita
3075 4672 3197 4712 esse
3221 4656 3481 4725 dicamus.
3513 4656 3673 4726 quod
3701 4670 3808 4712 non

2238 4739 2363 4777 raro
2409 4726 2651 4796 occurrit
2683 4727 2753 4796 in
2787 4724 2875 4780 his
2901 4726 3074 4782 libris.
3115 4724 3290 4796 Atque
3321 4730 3396 4781 ita
3424 4724 3815 4796 Christophor-

2238 4807 2408 4867 sonus
2445 4794 2654 4867 videtur
2674 4794 2826 4867 hunc
2854 4796 3027 4867 locum
3061 4794 3622 4867 etne_titlasse,_ptprv
3654 4795 3813 4867 ὔστε-

2240 4877 2351 4938 ρον,
2382 4861 2527 4932 ἔργῳ
2557 4863 2646 4916 τὸν
2673 4864 3080 4938 Κωνσταντινου
3104 4864 3235 4919 Θεὸν
3264 4860 3375 4938 οἶος
3521 4860 3811 4938 παρελάμ-

2238 4931 2420 4995 ϐανον,
2458 4942 2602 4986 recte
2628 4935 2865 4988 omnino.
2895 4934 3063 4988 Porro
3087 4938 3142 4988 in
3175 4936 3363 4989 codice
3384 4931 3518 4990 Fuit.
3545 4931 3679 4988 et'in
3714 4931 3812 4988 v'e-

2239 5001 2446 5055 teribus
2492 5004 2756 5074 _schedis,
2809 5007 2878 5074 ab
2933 5003 3039 5074 illis
3085 5006 3270 5059 verbis
3319 5005 3395 5068 ὡς
3437 5006 3481 5058 δ’
3530 5004 3811 5074 ὲπιμόνως

2237 5084 2410 5143 usque
2439 5070 2507 5124 ad
2548 5073 2767 5143 verbum
2798 5072 3176 5143 ἀνωμολόγουν
3199 5110 3214 5136 ,
3244 5076 3464 5130 unicum
3499 5084 3584 5129 est
3617 5070 3808 5143 caput,

2235 5154 2339 5193 non
2372 5141 2496 5203 duo,
2529 5151 2586 5193 ut
2614 5142 2665 5193 in
2697 5141 2933 5195 editione
2965 5141 3293 5197 Genevensi.

2306 5209 2416 5281 (52)
2434 5208 2591 5281 Vulg.
2618 5211 2933 5278 κυριότητα
2952 5211 3423 5281 τὴνὲπηγορίαν.
3448 5213 3504 5268 1η
3528 5213 3664 5268 libro
3693 5210 3812 5265 Mo-

2235 5279 2327 5371 rini
2347 5292 2400 5331 et
2431 5279 2482 5330 in
2513 5282 2730 5371 selicdts
2761 5282 2891 5348 lleg.
2924 5279 3216 5371 corrigitur
3249 5279 3582 5371 Xupttbtg‘ca.
3625 5282 3809 5371 malint

2240 5358 2419 5422 tamen
2447 5350 2684 5422 scribere
2719 5349 3061 5421 κυριωτάτην
3083 5349 3423 5422 ίὲπηγορίαν.
3447 5353 3620 5408 Porro
3668 5354 3812 5406 Con-

2238 5419 2507 5471 stantinus
2538 5418 2774 5473 Victoris
2796 5418 3104 5487 pronomen
3133 5418 3452 5487 usurpavit,
3485 5432 3544 5475 ut
3576 5436 3645 5475 ex
3673 5435 3812 5473 con-

2239 5487 2612 5560 stitutiouibus
2641 5497 2738 5560 ret,
2768 5489 3013 5560 epistolis
3061 5503 3199 5560 eius,
3230 5499 3476 5560 apparet.
3537 5491 3698 5544 Certe
3749 5488 3810 5560 in

2241 5553 2410 5629 Cesti:
2429 5559 2768 5629 purgationis
2802 5553 3106 5629 'chiliani,
3155 5553 3361 5629 aliquot
3398 5562 3518 5629 ejus
3566 5556 3810 5624 epistola!

2238 5624 2378 5696 hanc
2429 5626 2630 5696 habent
2679 5628 3085 5696 inscriptionem
3131 5646 3143 5679 :
3186 5624 3367 5682 Victor
3427 5624 3809 5684 Constantinus

2240 5692 2505 5750 Maximus
2529 5694 2811 5765 iniquum.
2847 5692 2952 5752 'Ait
2984 5698 3147 5762 igitur
3188 5698 3451 5756 Eusebius
3498 5699 3602 5754 hoc
3649 5697 3808 5756 quasi
