4210 6424
439 349 543 406 997

1541 351 1632 406 DE
1670 350 1833 405 VITA
1868 350 2336 408 CONSTANTINI
2378 352 2508 407 LIB.
2550 351 2616 407 11.

3616 355 3728 405 998

428 468 656 540 ἐὖρατο,
704 470 802 540 τῆς
852 472 916 523 ἐκ
964 470 1099 524 Θεοῦ
1141 471 1430 542 δεδομένης
1469 471 1619 542 αὐτῷ
1644 471 1787 525 κατά
1819 472 2031 525 πάντων

2139 456 2356 542 pietatis
2402 469 3123 527 excellens-Constantinus
3166 469 3344 553 victor
3391 469 3535 539 (hoc
3579 469 3727 522 enim

438 558 651 632 ἐχθρῶν
679 578 740 614 τε
793 564 890 615 καὶ
922 563 1197 634 πολεμίων
1219 563 1376 633 νίκης
1405 563 1592 634 ἓνεκα)
1621 563 1719 634 τὴν
1753 562 1895 633 ἑῴαν
1928 564 2033 617 ἀπ-

437 649 731 722 ελάμϐανε’
763 655 858 707 καὶ
891 654 1019 725 μίαν
1047 654 1397 725 συνημμένην
1429 653 1572 707 κατὰ
1597 654 1659 706 τὸ
1681 654 1910 709 παλαιὸν
1933 654 2033 726 τὴν

437 741 547 796 τῶν
586 743 873 813 Ῥωμαίων
903 746 1079 817 ἀρχὴν
1111 746 1200 816 ὑφ’
1228 746 1422 802 ἑαυτὸν
1452 749 1705 811 ἐποιεῖτο,
1733 747 2032 819 μοναρχίας

443 834 540 904 μὲν
577 834 824 907 ἐξάρχων
854 837 990 892 Θεου
1025 843 1382 913 κηρύγματος
1424 843 1536 905 τοῖς
1575 842 1730 905 πᾶσι,
1764 841 2034 912 μοναρχίᾳ.

438 925 497 977 δὲ
531 928 624 981 καὶ
670 929 831 993 αὐτὸς
866 930 960 984 τοῦ
999 930 1285 1002 Ῥωμαίων
1320 932 1577 1004 κράτους,
1613 932 1703 985 τὸν
1739 930 2033 1002 σύμπαντα

441 1018 820 1090 πηδαλιουχῶν
873 1020 1005 1091 βίον·
1051 1021 1303 1093 ἀφῄρητό
1343 1039 1403 1075 τε
1441 1023 1550 1076 πᾶν
1590 1022 1710 1086 δέος
1754 1022 1864 1076 τῶν
1903 1022 2033 1094 πρὶν

441 1108 739 1174 πιεζόντων
756 1115 882 1177 τοὺς
898 1094 1106 1176 πάντας
1122 1113 1329 1167 κακῶν·
1352 1112 1595 1185 μειδιῶσί
1614 1131 1674 1166 τε
1695 1112 2031 1185 προσώποις,

439 1201 653 1274 ὃμμασί
690 1222 753 1258 τε
796 1206 1059 1277 φαιδροῖς,
1089 1207 1140 1260 οἱ
1177 1206 1309 1277 πρὶν
1359 1208 1626 1277 κατηφεῖς
1653 1205 1918 1277 ἀλλήλους
1950 1206 2036 1257 ὲν-

441 1294 669 1351 εϐλεπον
691 1312 705 1327 ’
736 1299 888 1370 χοροὶ
931 1298 978 1352 δ’
1021 1300 1205 1363 αὐτοῖς
1229 1299 1324 1353 καὶ
1365 1299 1527 1371 ὕμνοι
1554 1299 1646 1353 τὸν
1682 1298 2034 1371 παμϐασιλεία

439 1385 573 1441 Θεὸν
594 1388 871 1461 πρώτιστα
896 1391 1113 1444 πάντων
1135 1390 1265 1445 ὄντα
1292 1392 1356 1463 δὴ
1374 1391 1562 1446 τοῦτον
1584 1392 1862 1447 ἐδίδασκον
1897 1391 2030 1461 (55),

438 1478 676 1533 κᾶπειτα
717 1481 812 1535 τὸν
845 1481 1173 1548 καλλίνικον,
1208 1484 1405 1548 παῖδάς
1437 1484 1484 1537 τ’
1518 1482 1683 1537 αὑτοῦ
1721 1483 2032 1554 κοσμιωτὰ-

438 1582 567 1633 τους
593 1570 686 1623 καὶ
712 1570 975 1641 θεοφιλεῖς
998 1573 1303 1646 Καίσαρας,
1325 1575 1529 1644 φωναῖς
1543 1572 1793 1643 ἀσχέτοις
1819 1571 2034 1643 ἐγέραι-

444 1677 556 1732 ρον·
590 1662 779 1716 κακῶν
828 1664 1072 1720 παλαιῶν
1112 1667 1207 1721 καὶ
1250 1666 1572 1730 δυσσεϐείας
1603 1665 1823 1735 ἁπάσης
1868 1663 2030 1735 λήθην

441 1757 727 1829 παρόντων
760 1760 806 1813 δ’
838 1761 1059 1832 ἀγαθῶν
1078 1762 1399 1829 ἀπόλαυσις,
1423 1763 1519 1817 καὶ
1554 1763 1779 1835 προσέτι
1805 1760 2032 1834 μελλόν-

440 1864 551 1903 των
579 1851 889 1924 προσδοκία.

2135 567 2710 621 convenientissimum
2764 565 2866 619 slbi
2932 578 3237 635 cognomen
3269 562 3614 633 comparavit
3655 561 3727 616 ob

2135 658 2397 713 victorias
2427 658 2496 712 de
2530 657 2869 713 hostibus'et
2903 656 3144 712 inimicis
3185 656 3286 725 ipsi
3328 670 3356 710 a
3388 655 3498 710 Deo
3524 654 3728 723 ubique

2136 747 2447 816 concessas)
2478 747 2760 803 Orientem
2797 748 3046 817 recepit,
3096 754 3153 800 et
3201 745 3490 816 imperium
3521 741 3726 798 Roma-

2137 855 2263 893 num
2292 839 2526 894 solidum
2560 839 2704 894 sicut
2735 838 2864 892 olim
2893 837 3093 905 fuerat,
3122 846 3178 892 et
3205 836 3598 899 coadunatum,
3621 833 3724 889 sub

2135 945 2289 986 suam
2344 931 2507 985 unius
2568 940 2896 999 potestatem
2950 928 3185 1000 redegit.
3228 927 3311 982 Ac
3357 927 3452 981 Dei
3497 927 3723 995 quidem

2137 1022 2297 1076 unius
2325 1021 2758 1076 dominationem
2793 1020 3011 1088 primus
3060 1020 3317 1085 omnibus
3358 1016 3673 1086 praedicavit
3704 1034 3719 1070 :

2136 1113 2255 1181 ipse
2283 1127 2414 1167 vero
2445 1110 2727 1181 singulare
2772 1124 2991 1179 quoque
3037 1109 3335 1179 imperiunm
3378 1107 3530 1163 orbis
3559 1104 3725 1178 553

2136 1203 2366 1259 Romani
2405 1212 2617 1268 tenens,
2650 1201 2968 1257 universum
2999 1215 3173 1271 genus
3200 1202 3498 1255 humanum
3522 1200 3728 1269 guber-

2136 1297 2308 1355 navit.
2359 1295 2552 1352 Omnis
2597 1294 2710 1365 jam
2760 1301 2941 1350 metus
2985 1293 3254 1348 malorum
3303 1292 3504 1362 quibus
3535 1291 3727 1347 cuncti

2136 1387 2387 1442 homines
2438 1387 2687 1458 oppressi
2735 1384 2995 1449 fuerant,
3048 1386 3265 1455 penitus
3310 1384 3612 1439 exciderat.
3657 1382 3727 1438 Et

2137 1480 2232 1550 qui
2267 1478 2418 1547 prius
2452 1478 2634 1534 maesti
2677 1478 2928 1543 fuissent,
2969 1486 3103 1532 tunc
3148 1476 3314 1531 hilari
3347 1476 3499 1530 vultu
3551 1475 3723 1531 laetis-

2135 1587 2241 1641 que
2269 1570 2445 1625 oculis
2474 1585 2598 1625 sese
2629 1579 2818 1624 mutuo
2847 1570 3223 1624 intuebantur.
3258 1568 3458 1623 Choris
3494 1577 3725 1637 praeter-

2136 1678 2199 1729 ea
2240 1672 2296 1718 et
2341 1663 2582 1734 hymnis,
2615 1663 2853 1731 primum
2909 1661 3124 1730 quidem
3165 1661 3333 1716 Deum
3364 1659 3606 1714 omnium
3636 1674 3727 1713 re-

2137 1770 2258 1826 gem
2285 1797 2301 1823 ,
2335 1765 2498 1826 prout
2525 1754 2761 1809 instituti
2794 1753 3053 1819 fuerant;
3093 1753 3291 1808 deinde
3317 1751 3582 1806 victorem
3612 1751 3728 1804 Au-

2064 1840 2105 1895 B
2137 1856 2382 1918 gustum,
2415 1854 2472 1901 et
2498 1845 2930 1901 modestissimus
2961 1845 3182 1914 Deoque
3213 1844 3573 1900 charissimos
3607 1841 3727 1911 ejus

441 1941 643 2000 liberos
688 1945 970 2011 Czesares,
1040 1949 1160 2003 sine
1208 1948 1312 2002 ulla
1359 1948 1769 2004 intermissione
1827 1944 2181 2001 celebrabant
2252 1941 2412 1997 Nulla
2467 1941 2582 2011 jam
2638 1942 3045 2009 prmteritarum
3093 1939 3516 2005 calamitatum,
3578 1938 3726 1995 nulla

444 2031 742 2104 impietatis
789 2036 1053 2091 memoria
1103 2037 1427 2107 suppetebat
1467 2036 1611 2093 :sed
1659 2034 2009 2105 praesentium
2057 2031 2325 2086 bonorum
2363 2031 2574 2086 fructus
2613 2046 2737 2116 cum
2784 2039 3091 2085 .uturorum
3152 2045 3249 2098 spe
3304 2038 3471 2101 atque
3530 2044 3728 2101 exspe-

443 2132 683 2178 ctatione
716 2125 1142 2195 percipiebatur.

976 2232 1369 2289 ΚΕΦΑΛΑΙΟΝ
1412 2237 1497 2289 K'.

447 2341 636 2410 Ὅπως
680 2342 830 2412 ὑπὲρ
884 2347 1269 2430 ὀμολογητεῦν
1317 2349 1652 2419 ἐνομοθέτει
1710 2352 2030 2404 Kcin-Utar-

1142 2436 1326 2485 τινος.

528 2521 827 2578 Ἦπλοῦντο
848 2523 905 2577 δὲ
932 2526 1027 2578 καὶ
1049 2528 1175 2594 παρ’
1206 2528 1358 2599 ἡμῖν,
1388 2528 1577 2601 ὥσπερ
1605 2525 1698 2585 οὖν
1725 2532 1818 2586 καὶ
1845 2534 2034 2604 πρότε-

446 2631 538 2685 ρον
562 2616 715 2685 παρά
730 2610 844 2681 τοῖς
860 2615 1086 2688 θάτερον
1116 2618 1281 2690 μέρος
1305 2620 1404 2692 τῆς
1427 2623 1752 2694 οἰκουμένης
1782 2624 2029 2696 λαχοῦσι,

444 2704 708 2773 βασιλέως
730 2707 1139 2781 φιλανθρωπίας
1169 2711 1396 2782 ἔμπλεοι
1442 2713 1733 2780 διατάξεις·
1759 2715 1913 2786 νόμοι
1970 2734 2030 2769 τε

439 2796 538 2866 τῆς
570 2797 707 2869 πρὸς
734 2798 828 2852 τὸν
852 2800 982 2855 Θεὸν
1002 2801 1155 2865 ὁσίας
1177 2803 1451 2867 πνέοντες,
1481 2804 1745 2871 παντοίας
1771 2810 2030 2879 παρεῖχον

439 2886 661 2954 ἀγαθῶν
694 2890 1044 2961 ἐπαγγελίας,
1090 2896 1203 2957 τοῖς
1253 2895 1350 2965 μὲν
1394 2897 1515 2949 κατ’
1554 2897 1705 2962 ἔθνος
1744 2900 2030 2972 ἐπαρχεώ-

441 2996 561 3043 ταις
595 2980 705 3052 (54)
735 2982 804 3036 τὰ
818 2985 1105 3057 πρόσφορα
1126 2988 1222 3040 καὶ
1244 2987 1495 3060 λυσιτελῆ
1523 2988 1695 3061 δωρού
1704 3008 1875 3062 μενοι,
1909 2995 2032 3056 ταῖς

440 3068 486 3116 δ’
518 3071 866 3144 Ἐκκλησίαις
889 3074 986 3128 τοῦ
1019 3076 1154 3130 Θεοῦ
1176 3077 1243 3131 τά
1259 3078 1571 3151 κατάλληλα
1600 3081 2027 3155 διαγορεύοντες.

455 3162 839 3220 Ἀνεκαλοῦντο
864 3166 996 3236 γοῦν
1047 3169 1288 3234 ἐκείνους
1325 3172 1608 3244 πρώτιστα
1639 3175 1878 3242 πάντων,
1915 3178 2030 3231 ὅσοι

439 3254 535 3308 τοῦ
572 3256 646 3329 μὴ
693 3257 1150 3331 εἰὼλολατρῆσαι
1201 3263 1381 3334 χάριν,
1437 3266 1541 3319 ὑπὸ
1585 3266 1691 3320 τῶν
1723 3270 1845 3322 κατ’
1879 3270 2030 3335 ἔθνος

438 3348 758 3418 ἡγουμένων
789 3348 1003 3422 ὲξορίας
1026 3354 1118 3406 καὶ
1145 3357 1424 3424 μετοικίας
1441 3357 1760 3429 ὑπέμειναν·
1794 3363 2030 3420 κᾶπειτα

439 3440 567 3502 τοὺς
600 3438 1001 3513 βουλευτηρίοις
1046 3445 1402 3515 ἐγκριθέντας
1434 3448 1543 3520 (55)
1579 3452 1678 3523 τῆς
1711 3455 1885 3526 αὐτῆς
1913 3457 2030 3512 ἓνε-
2055 3489 2101 3546 c

439 3546 533 3582 κεν
552 3531 747 3598 αἰτίας,
776 3533 1102 3605 ἠλευθέρουν
1121 3536 1231 3590 τῶν
1258 3538 1544 3615 λειτουργη
1554 3545 1758 3614 μάτων,
1795 3548 1887 3601 καί¹
1912 3553 2027 3614 τοῖς

437 3619 883 3695 ἀφῃρημένοιςδὲ
914 3626 1012 3690 τὰς
1042 3628 1249 3693 οὐσίας,
1274 3630 1673 3703 ἀναλαμϐάνειν
1696 3637 1902 3703 ταύτας
1932 3642 2024 3707 ἐγ-

438 3713 805 3784 κελευόμενοι.
862 3718 930 3771 Οἵ
956 3720 1003 3772 τ’
1056 3720 1114 3773 ἐν
1161 3721 1339 3793 καιρῷ
1370 3723 1465 3776 τοῦ
1498 3725 1709 3794 ἀγῶνος
1755 3732 2022 3804 καρτερίᾳ

439 3805 618 3876 ψυχῆς
644 3806 730 3861 διὰ
760 3809 892 3864 Θεὸν
938 3809 1403 3884 λαμπρυνόμενοι,
1447 3817 1729 3887 μετάλλοις
1760 3839 1819 3874 τε
1858 3841 2025 3877 κακο-

440 3897 633 3988 παθεῖν
678 3900 1093 3985 παραδοθέντες,
1127 3904 1161 3975 ἢ
1198 3907 1397 3976 νήσους
1443 3912 1611 3964 οἰκεῖν
1655 3913 1953 3984 κριθέντες,
1990 3916 2023 3988 ἢ

437 3987 718 4059 δημοσίοις
741 3992 922 4063 ἔργοις
937 3994 1209 4050 δουλεύειν
1233 3998 1345 4071 (56)
1361 4004 1891 4076 κατηναγκασμένοι,
1910 3987 2028 4060 tati?

439 4096 547 4133 των
574 4082 786 4153 ἀθρόως
819 4085 1073 4142 ἁπάντων
1098 4087 1414 4164 ἐλευθερίας
1442 4092 1744 4165 ἀπήλαυον.
1764 4097 1874 4150 Καὶ
1899 4076 2025 4162 τοὺς

439 4177 838 4248 στρατιωτικῆς
881 4177 926 4230 δ’
947 4179 1105 4245 ἀξίας
1148 4180 1217 4235 δι’
1249 4183 1500 4239 ἔνστασιν
1534 4185 1843 4253 θεοσεϐείας
1891 4193 2029 4245 ἀπο-

438 4260 668 4336 ϐλήτους
698 4269 1043 4340 γενομένους,
1086 4275 1401 4330 ἀνεκαλεῖτο
1429 4279 1527 4351 τῆς
1559 4277 1771 4350 ὕϐρεως
1800 4283 1833 4353 ἡ
1871 4282 2026 4353 βασι-

437 4355 564 4429 λικὴ
595 4358 794 4431 δωρεὰ,
832 4363 1153 4431 ὲπεξουσίας
1190 4369 1303 4441 (57)
1347 4370 1560 4443 αἵρεσιν
1594 4375 1933 4446 παρέχουσα,
1989 4377 2023 4447 ἢ

2737 2230 2966 2287 CAPUT
2997 2228 3118 2285 XX.

2219 2345 2501 2412 Quomouo
2536 2361 2631 2415 pro
2666 2345 3060 2428 confessuribns
3088 2344 3475 2402 Constantinus
3502 2346 3638 2419 leges

2807 2426 3066 2470 sanxerit.

2207 2530 2364 2586 Tunc
2392 2531 2556 2587 etiam
2583 2531 2726 2601 apud
2766 2545 2865 2586 nos
2888 2572 2904 2598 ,
2937 2531 3078 2586 sicut
3112 2539 3271 2587 antea
3298 2532 3444 2602 apud
3473 2532 3598 2590 illos
3628 2534 3726 2605 qui

2135 2622 2364 2678 alteram
2397 2623 2551 2678 orbis
2585 2631 2797 2693 partem
2827 2622 3074 2679 incolunt
3102 2667 3118 2692 ,
3148 2624 3429 2693 proposita
3464 2635 3592 2680 sunt
3616 2626 3725 2682 im-

2132 2715 2409 2785 peratoris
2442 2714 2621 2769 edicta
2654 2714 2813 2784 plena
2867 2714 3229 2769 humanitatis
3263 2732 3279 2769 :
3315 2726 3371 2771 et
3403 2714 3550 2787 leges
3602 2732 3727 2788 quae

2132 2809 2408 2864 sinceram
2438 2821 2505 2862 ac
2531 2806 2846 2877 religiosam
2866 2808 2961 2863 Dei
2992 2808 3395 2864 observantiam
3427 2811 3723 2881 spirarent,

2132 2900 2286 2956 varia
2323 2899 2592 2969 cujusque
2629 2900 2848 2967 generis
2895 2901 3036 2957 bona
3069 2900 3216 2955 haud
3246 2899 3411 2957 dubia
3442 2918 3540 2974 spe
3569 2903 3727 2973 pulli-

2131 2993 2433 3059 cebantur;
2466 3007 2590 3048 cum
2647 2999 2704 3046 et
2746 2991 3175 3061 provincialibus
3221 2993 3556 3063 largirentur
3603 3010 3726 3063 qua:

2133 3084 2203 3140 ad
2235 3085 2476 3155 ipsorum
2527 3083 2823 3139 utilitatem
2879 3092 3167 3154 spectant;
3210 3094 3267 3140 et
3316 3084 3579 3142 Ecclesiis
3623 3087 3724 3142 Dei

2132 3192 2374 3249 congrua
2421 3186 2480 3232 et
2534 3178 2918 3232 convenientia
2967 3187 3290 3234 statuerent.
3347 3179 3428 3236 Ac
3481 3182 3720 3253 primum

2132 3269 2353 3340 quidem
2395 3282 2490 3324 eos
2537 3268 2629 3338 qui
2681 3280 2970 3338 prepterea
3006 3269 3150 3337 quod
3200 3270 3356 3327 idolis
3403 3273 3724 3330 sacriﬁcare

2132 3361 2437 3417 noluissent
2462 3400 2480 3428 ,
2513 3374 2544 3415 a
2580 3361 2887 3416 rectoribus
2930 3362 3338 3430 provinciarum
3367 3363 3639 3435 relegati,
3666 3375 3724 3422 et

2132 3469 2201 3509 ex
2228 3456 2407 3526 patria
2439 3454 2680 3525 migrare
2709 3454 2982 3524 compulsi
3015 3463 3175 3509 erant
3200 3496 3216 3521 ,
3245 3456 3463 3511 domum
3497 3473 3724 3515 revoca-

2131 3558 2276 3606 runt.
2310 3551 2418 3607 Eos
2446 3552 2640 3609 deinde
2665 3553 2756 3621 qui
2788 3552 3037 3607 eamdem
3076 3552 3147 3606 ob
3170 3567 3392 3608 causam
3417 3555 3588 3611 curiis
3617 3556 3719 3610 ad-

2130 3642 2261 3698 dicti
2295 3642 2556 3712 fuerant,
2608 3642 2839 3714 publicis
2871 3642 3246 3701 functionibus
3291 3645 3633 3704 liberarunt:
3665 3658 3722 3704 et

2129 3735 2222 3803 qui
2270 3733 2625 3791 facultatibus
2673 3735 2887 3805 spoliati
2922 3735 3189 3801 fuissent,
3227 3736 3293 3793 iis
3319 3738 3463 3793 bona
3498 3755 3595 3795 sua
3626 3756 3719 3796 re-

2129 3826 2282 3882 stitui
2309 3836 2711 3899 praeceperunt.
2748 3826 3022 3885 Praeterea
3043 3829 3137 3898 qui
3168 3831 3564 3899 persecutionis
3588 3841 3722 3888 tem-

2128 3933 2260 3987 pore
2308 3919 2491 3976 divina
2529 3921 2732 3976 virtute
2778 3921 3022 3976 roborati
3049 3961 3066 3990 ,
3116 3922 3454 3979 fortitudinis
3493 3934 3548 3980 et
3577 3940 3716 3981 con-

2127 4010 2344 4065 stantia:
2370 4010 2578 4066 illustre
2610 4013 2888 4084 specimen
2916 4013 3239 4080 ediderant;
3269 4024 3364 4070 aut
3389 4017 3457 4072 ad
3486 4020 3707 4075 metalla

2129 4102 2372 4156 damnati
2397 4143 2415 4168 ,
2443 4114 2501 4157 ut
2528 4106 2790 4162 continuo
2827 4105 3018 4165 labore
3057 4109 3134 4164 ibi
3159 4111 3588 4177 divexarentur;
3623 4121 3717 4167 aut

2125 4194 2178 4247 in
2216 4194 2449 4251 insulam
2483 4199 2795 4266 deportati;
2834 4209 2928 4254 aut
2975 4201 3211 4271 publicis
3259 4203 3521 4274 operibus
3557 4218 3714 4257 man-

2125 4287 2290 4356 cipati
2340 4287 2599 4352 fuerant,
2634 4289 2722 4345 his
2755 4292 3010 4347 omnibus
3037 4293 3222 4348 subito
3254 4294 3416 4349 soluti
3448 4294 3712 4350 molestiis

2127 4379 2435 4434 libertatem
2471 4382 2651 4451 adepti
2683 4392 2831 4437 sunt.
2866 4383 2972 4439 Sed
3002 4394 3058 4440 et
3082 4387 3395 4457 quicunque
3442 4386 3514 4442 ob
3553 4402 3712 4459 egre-

437 4577 743 4676 ξίν-οιπίιιίιι)Δ
760 4596 986 4676 nomen:
999 4584 1143 4640 illius
1184 4586 1371 4670 fuisse.
1413 4578 1775 4676 (ἓνκαὶ..εηίεῂ
1802 4593 2018 4676 ¹κύριον
2053 4581 2095 4638 θ
2123 4604 2304 4676 eadem
2328 4603 2392 4656 de
2418 4618 2581 4656 causa
2607 4604 2858 4659 translati
2881 4615 3031 4661 erant
3068 4606 3140 4661 ad
3167 4610 3370 4676 curias,
3407 4615 3707 4669 muneribus

438 4648 609 4726 ονομα
642 4661 843 4726 vocant
866 4668 1060 4726 nomen
1091 4658 1391 4726 proprium.
1430 4661 1488 4713 In
1515 4660 1701 4716 codice
1721 4661 1858 4718 Fuk.
1892 4648 2026 4720 s'cri-

437 4719 586 4842 gitur
637 4719 736 4793 τὴν
791 4719 1104 4795 ἐπώνυμοί
1138 4719 1287 4800 αὗτῷ
1359 4729 1673 4802 κυριώτατα
1720 4719 2023 4807 ὲπηγορίαν

470 4806 656 4861 υρατο.

503 4883 840 4973 ﬁll???“
871 4885 949 4954 δὴ
979 4889 1194 4973 τοῦτῑεξν
1219 4890 1566 4973 “hiem?-
1598 4893 2021 4973 .Scribeestih

437 4952 961 5034 τοῦτοὲδιδάσκοντο
996 4973 1063 5012 ex
1330 4961 1477 5017 Hist.
1512 4967 1564 5020 in
1592 4956 1732 5034 fine,
1772 4968 1863 5024 ttbi
1906 4952 2023 5026 hard

438 5023 621 5077 omnia
648 5025 837 5080 iisdem
875 5026 989 5082 fere
1011 5031 1190 5084 verbis
1211 5031 1482 5102 leguntur.

482 5111 779 5196 ⁸(54)]ὀῒς
938 5121 1078 5196 κατ’
1101 5120 1278 5196 ἕθῙος
1307 5123 1731 5196 ἐπαρχεώταις.
1766 5128 1823 5183 In
1846 5130 2018 5185 Chro-

440 5184 558 5269 ῃξεο
604 5184 969 5269 έίεφαήιίζὶηο
1001 5191 1086 5269 _de
1145 5184 1500 5269 Con-stantini
1536 5198 1590 5251 in
1653 5184 2017 5269 provinciales

437 5249 843 5347 liberali-tatem
866 5258 1197 5347 indulgentia
1225 5263 1337 5318 hac
1378 5249 1631 5347 leguntur
1653 5249 2015 5347 fatifati;

435 5329 648 5404 imperii
679 5329 977 5404 vicesimo:
998 5331 1233 5404 καὶγγ-τῶν
1244 5329 1509 5404 τεχνιτῶν
1534 5339 1629 5392 καὶ
1644 5329 2009 5395 συντελεστῖω

432 5390 511 5475 τὰ.
554 5394 901 5475 ὲπιτάγματα
920 5390 1224 5475 περιεῖλεν,
1250 5390 1416 5475 idnest
1449 5423 1463 5460 :
1508 5390 1892 5475 αίιξβέὶιῂῖἱῐ
1912 5390 2018 5466 Et.

434 5459 666 5547 latorum
701 5459 827 5537 (hoc
855 5477 937 5522 est
962 5459 1384 5547 provincialium
1405 5459 1501 5547 qui
1532 5459 2015 5538 inhabile};
2063 5479 2067 5481 “

435 5530 540 5585 ban
551 5535 590 5601 ι)
618 5530 780 5590 onera
810 5530 1047 5594 sustulit.

507 5626 623 5699 (55)
654 5628 800 5709 Τορς
825 5630 1286 5709 ,βουτῑευξηρίοις
1300 5638 1705 5709 ἐγκριθέντας.
1748 5641 1906 5700 Hunc
1932 5644 2013 5700 lo-

2117 5441 2390 5510 passionis

2127 4671 2291 4725 soluti
2315 4683 2459 4728 sunt.
3355 4671 3395 4717 ὀ

2199 4742 2313 4812 (56)
2337 4745 2659 4813 Δημοσίοις
2681 4745 2878 4816 ἔργοις
2906 4744 3243 4803 δουλεύειν.
3297 4751 3436 4807 Male
3461 4753 3707 4809 Christo-

2126 4813 2449 4889 pltorsonus
2470 4818 2658 4889 vertit_,
2688 4813 2994 4889 adipubliga
3037 4817 3244 4887 imperii
3274 4838 3434 4889 opera
3461 4825 3707 4880 obeunda

2126 4883 2174 4962 in:
2196 4882 2469 4962 compulsi.
2493 4885 2740 4962 ᾼημόσια
2763 4882 2904 4962 ἔργα
2921 4882 3183 4944 Ευεθὺὶύε
3203 4882 3440 4962 appellat
3464 4896 3702 4960 metalla,

2125 4952 2352 5032 pistrina
2377 4952 2615 5022 publica,
2642 4952 2877 5034 textrina
2901 4970 2962 5034 ac
2989 4952 3286 5034 gymecea'j
3309 4963 3376 5034 ad
3398 4979 3519 5033 qua:
3536 4952 3703 5034 opera

2124 5022 2436 5099 quicunque
2462 5027 2739 5099 sententia
2752 5026 2951 5099 iudicis
2981 5022 3220 5084 damnati
3248 5022 3498 5099 fuissent,
3537 5022 3705 5089 liber-

2126 5093 2654 5167 tatem_ami_ttebant.
2694 5095 2821 5151 Haec
2848 5097 2991 5150 enim
3029 5100 3264 5156 servitus
3292 5114 3458 5167 ptume
3479 5093 3703 5161 diceba-

2124 5168 2230 5214 tur.
2296 5161 2556 5218 Solebant
2600 5177 2782 5219 autem
2820 5167 3121 5223 Christiani
3166 5171 3237 5225 ob
3292 5161 3698 5229 confessionem

2124 5230 2614 5307 nominisnijhristi
2651 5237 2718 5291 ad
2766 5237 3070 5307 hujusmodi
3103 5254 3268 5307 opera
3307 5242 3576 5299 damnari.
3618 5244 3700 5299 Ac

2123 5303 2194 5355 de
2227 5301 2455 5357 metallis
2478 5305 2696 5373 quidem
2726 5301 2852 5361 nota
2892 5322 2980 5361 res
3002 5316 3105 5362 est.
3138 5301 3214 5365 De
3244 5313 3696 5369 condemnatione

2122 5380 2301 5447 autem
2342 5374 2736 5447 ad_pistri_num
2782 5376 3089 5447 exemplum
3137 5381 3401 5438 habemus
3439 5383 3495 5437 in
3543 5384 3697 5439 Actis

2468 5445 2654 5516 arcelli
2674 5461 2853 5516 papae.

2188 5510 2303 5583 (57)
2356 5510 2775 5582 Ἐπεεουσίαςῖ
2807 5517 2933 5573 Duae
2960 5532 3124 5575 vaces
3164 5520 3217 5574 in
3243 5537 3402 5576 unam
3423 5522 3691 5577 coaluisse

2113 5580 2386 5658 videnti",
2406 5600 2545 5658 qua:
2580 5586 2664 5640 bis
2682 5580 2831 5658 Anulis
2859 5588 3224 5657 disiungendze
3255 5601 3401 5650 sunt,
3424 5590 3512 5644 ἐπ’
3539 5591 3693 5658 ἐξονε-

2116 5649 2260 5734 σίαΟς.
2284 5649 2456 5734 Paulo
2486 5665 2626 5723 post,
2641 5656 2730 5734 ubi
2748 5656 2855 5734 legi
2865 5649 2956 5734 tur
2964 5649 3068 5723 τάξ
3077 5661 3250 5734 οἰκίας
3263 5649 3686 5734 ἀπολαμϐάνειν,

730 5701 1598 5801 ίεξεεμςξεε,εςρξειριιξιξτέρρυθε
1631 5701 1792 5801 «bene
1808 5800 1813 5801 ε

2129 5701 2453 5801 ξεινίῑὶθῖιᾶἧὶιῖ
2484 5701 2626 5801 ιςιςῖξί
2645 5701 3684 5801 τει·ς·ν‹;ι;εέ·ίειζῖεᾱξξξ’ᾶέιςξςξςῑέῑ-ιξξῡῑ

437 5769 712 5828 Portesius
745 5786 854 5829 non
891 5772 1184 5834 infeliciter
1221 5769 1499 5837 transtulit
1534 5769 1825 5854 hoc'modo
1857 5802 1869 5837 :
1900 5769 2007 5852 Qui
2112 5769 2468 5861 salifcﬁiiiih
2484 5769 3599 5870 Etii'buLZ‘séiﬁJit‘:tii'mtiliii'miiﬁﬁ
