4210 6456
463 369 570 426 999

1172 357 1443 418 EUSEBII
1480 353 1965 414 CAESARIENSIS
2002 352 2154 409 OPP.
2198 352 2382 407 PARS
2418 352 2460 407 1.
2501 383 2570 393 -—
2610 352 3002 408 BlSTORlCA.

3592 354 3732 411 5(00

465 486 608 556 giam
659 482 717 536 in
775 478 1059 536 retlnenda
1108 476 1370 545 religione
1423 471 1792 527 constantiam
1839 460 2047 524 honore

2165 468 2248 530 τὰς
2275 469 2452 530 οἰκίας
2485 467 2915 537 ἀπολαμϐάνειν,
2946 468 3041 520 καὶ
3060 466 3379 539 διαπρέπειν
3399 470 3512 530 τοῖς
3536 468 3735 539 προτέ-

465 575 673 629 militize
701 572 920 642 spoliati
950 577 1149 633 erant,
1193 581 1284 621 eos
1342 565 1693 633 Imperatoris
1725 562 2047 616 munificen-

468 669 543 721 tia
582 667 650 720 ab
685 666 785 720 hac
816 662 1114 735 ignominia
1149 660 1468 722 revocavit;
1520 658 1763 726 ipsorum
1813 655 2047 709 arbitrio

467 774 531 811 ac
562 757 823 809 voluntati
872 754 1196 825 permittens
1220 793 1236 819 ,
1272 761 1330 806 ut
1367 751 1452 803 vel
1486 749 1705 818 propria
1754 761 2047 816 recupera-

467 857 590 902 rent
617 845 827 909 ofﬁcia,
865 857 920 900 et
966 844 1197 913 pristino
1230 841 1454 897 honoris
1494 842 1662 909 gradu
1699 838 2043 899 fruerentur;

466 940 552 992 vel
598 939 641 991 si
672 938 913 1005 quietam
948 937 1117 990 vitam
1150 933 1347 998 degere
1390 932 1653 994 mallent,
1688 929 1758 984 ab
1799 928 2050 983 omnibus

2158 577 2270 631 ροις
2304 560 2484 613 αὐτῶν
2531 558 2855 631 ἀξιώμασιν,
2911 561 2943 629 ἢ
2981 560 3310 628 ἀγαπῶντας
3355 560 3448 613 τὸν
3477 554 3734 633 ἐὐσταλη
3826 544 3835 577 ί

2156 651 2292 720 βίον,
2335 652 2552 705 πάντων
2578 650 3058 722 λειτουργημάτων
3089 651 3531 722 ἀνεπηρεάστους
3561 651 3739 704 διατε-

2151 742 2284 795 λέίψ
2319 742 2415 796 καὶ
2447 744 2575 805 τοὺς
2615 743 2945 811 γυναικείοις
2970 742 3013 795 δ’
3061 742 3244 813 ἔργοις
3306 743 3416 813 (58)
3462 743 3547 811 ἐφ’
3580 742 3740 814 ὕϐρει

2154 834 2247 886 καὶ
2284 832 2478 905 ἀτιμίᾳ
2502 832 2771 887 δουλεύειν
2802 834 3111 905 κριθέντας,
3144 832 3346 904 ὁμοίως
3375 837 3490 898 τοῖς
3531 833 3739 897 λοιποῖς

2155 926 2471 998 ἠλευθέρου.

469 1029 725 1097 deinceps
786 1027 1154 1081 functionibus
1220 1024 1493 1077 immunes
1558 1027 1962 1089 permanerent.
2030 1017 2275 1087 Denique
2331 1028 2596 1086 quotquot
2647 1018 2956 1089 ignominiae
3004 1034 3165 1073 causa
3226 1018 3484 1089 gynaeciis
3532 1020 3742 1074 manci'

471 1122 580 1191 pati
622 1122 877 1185 fuerant,
905 1136 1001 1174 eos
1038 1118 1335 1188 imperator
1380 1115 1607 1181 perinde
1653 1129 1718 1168 ac
1771 1122 2019 1177 αιτιοι-οε,
2050 1110 2299 1164 libertate
2325 1111 2547 1165 donavit

961 1231 1128 1305 455.
1153 1228 1383 1285 CAPUT
1418 1228 1557 1283 XXI.

472 1327 747 1397 Quomodo
787 1327 947 1381 etiam
986 1341 1081 1394 pro
1121 1320 1442 1397 inor‘lyribus
1467 1331 1531 1397 “et
1561 1336 1656 1389 pro
1708 1318 2048 1373 ecclesiarum

967 1391 1182 1465 prwdiis
1226 1392 1361 1459 leges
1399 1391 1542 1445 tulit.

546 1488 610 1542 Et
645 1468 775 1543 lure.
810 1487 1031 1557 quidem
1078 1484 1145 1538 de
1182 1482 1251 1536 iis
1299 1482 1389 1551 qui
1423 1482 1519 1535 ista
1558 1481 1800 1550 perpessi
1842 1487 2047 1543 essent,

474 1581 774 1651 imperator
800 1579 1020 1647 scriptis
1055 1577 1267 1645 legibus
1299 1575 1606 1630 constituit.
1654 1575 1729 1627 De
1757 1573 1916 1629 bonis
1952 1588 2048 1626 au-
2094 1589 2107 1603 ·

475 1680 582 1725 tem
618 1686 849 1735 eorum,
903 1671 1018 1739 lege
1069 1668 1411 1735 imperatoris
1461 1666 1780 1736 plenissime
1831 1672 2049 1718 cautum

473 1771 578 1817 est.
607 1760 742 1813 Nam
773 1769 1083 1814 sanctorum
1120 1758 1209 1811 Dei
1231 1768 1526 1827 martyrum
1557 1757 1695 1811 bona
1727 1756 1819 1825 qui
1856 1756 1910 1810 in
1938 1757 2050 1825 ipsa

478 1851 823 1906 confessione
855 1859 1083 1903 mortem
1112 1850 1380 1903 obiissent
1405 1890 1420 1911 ,
1452 1849 1517 1901 ad
1549 1849 1829 1916 proximos
1863 1863 2051 1902 eorum

477 1943 689 1997 devolvi
715 1943 897 2008 jussit.
931 1940 1084 2007 Quod
1116 1941 1160 1995 si
1195 1941 1375 1994 nullus
1406 1956 1604 2010 genere
1647 1939 1784 2009 ipsis
1826 1938 2056 2007 conjun-

475 2033 599 2088 ctus
652 2036 938 2102 reperitur,
995 2033 1369 2086 balare-ditatem
1431 2046 1614 2085 eorum
1666 2031 1914 2086 ecclesiis
1958 2030 2057 2087 de-

479 2125 630 2180 ferri.
660 2123 807 2178 Bona
840 2124 970 2178 item
1002 2139 1119 2192 quae
1158 2138 1225 2176 ex
1263 2123 1393 2176 fisco
1417 2122 1502 2175 vel
1535 2137 1633 2190 per
1659 2122 2054 2187 venditionem,

474 2218 561 2271 vel
596 2232 692 2285 per
722 2217 1070 2271 donationem
1103 2214 1167 2269 ad
1197 2214 1332 2268 alios
1374 2213 1635 2268 translata
1671 2212 1920 2277 fuerant;
1964 2224 2058 2267 aut

475 2324 596 2379 qua:
647 2324 810 2378 penes
858 2308 1046 2362 fiscum
1091 2315 1512 2368 remanserant,
1558 2305 1794 2359 dominis
1844 2307 2055 2360 restitui

478 2400 699 2463 debere,
731 2399 1083 2468 indulgentia!
1112 2397 1407 2467 imperialis
1433 2396 1656 2464 epistola
1682 2396 2055 2466 praecipiebat.

478 2489 545 2543 Et
595 2487 905 2557 huiusmodi
948 2487 1166 2555 quidem
1216 2485 1478 2541 beneficia
1530 2486 1582 2538 in
1616 2485 1915 2540 Ecclesiam
1961 2486 2057 2541 Dei

480 2576 710 2630 contulit
760 2574 1069 2645 benignitas
1114 2575 1418 2643 principis,
1471 2573 1679 2645 legibus
1720 2589 1820 2645 per
1866 2590 2061 2631 omnes

478 2666 788 2737 provincias
819 2665 1030 2719 missis.

1047 2774 1279 2831 CAPUT
1327 2773 1494 2830 XXII.

734 2867 1007 2933 Quomodo
1032 2868 1189 2921 etiam
1227 2866 1449 2937 populos
1482 2867 1811 2922 recreauerit.

557 2958 776 3029 Populis
806 2971 937 3011 vero
981 2972 1014 3011 a
1051 2957 1157 3012 fide
1208 2968 1397 3011 nostra
1449 2957 1646 3012 alienis
1689 2967 1745 3013 et
1787 2957 2062 3013 universis

483 3053 803 3124 provinciis,
832 3050 1001 3105 multo
1028 3050 1181 3119 plura
1208 3064 1273 3104 ac
1305 3048 1510 3118 majora
1541 3049 1761 3105 donavit
1796 3048 2061 3119 principis

2655 1223 3050 1277 ΚΕΦΑΛΑῐυΝ
3105 1221 3239 1277 KA'.

2160 1315 2360 1381 Ὅπως
2409 1316 2507 1369 καί
2554 1315 2687 1383 περὶ
2730 1317 3048 1401 μαρτύριον
3086 1315 3184 1369 καί
3214 1312 3740 1382 ἐκκλησιαστικῶν

2780 1402 3113 1454 κτηματων.

2227 1474 2338 1527 Καὶ
2386 1474 2559 1528 ταῦτα
2618 1475 2715 1545 μὲν
2748 1475 2877 1547 περὶ
2902 1474 3009 1527 τῶν
3051 1474 3204 1528 ταῦθ’
3242 1473 3649 1544 ὑπομεινάντων
3698 1475 3737 1546 ή

2155 1564 2419 1636 βασιλέως
2463 1567 2770 1639 ἐνομοθέτει
2820 1568 3027 1638 γραφή.
3067 1559 3203 1637 Περὶ
3239 1566 3295 1619 δέ
3323 1566 3422 1636 τῆς
3454 1565 3742 1636 ὑπάρξεως

2160 1659 2338 1712 αὐτῶν
2372 1660 2601 1724 ἐντελῶς
2628 1660 2908 1732 διηγόρευε
2953 1659 3134 1730 νόμος.
3177 1657 3299 1711 Τῶν
3334 1675 3397 1711 τε
3427 1660 3538 1728 γὰρ
3567 1657 3744 1725 ἀγίων

2157 1751 2251 1804 τοῦ
2280 1750 2416 1804 Θεοῦ
2468 1751 2761 1824 μαρτύρων
2807 1752 2915 1806 τῶν
2951 1753 3008 1805 ἐν
3053 1749 3313 1821 ὁμολογίᾳ
3353 1748 3450 1820 τὴν
3487 1747 3744 1816 τελευτὴν

2156 1841 2511 1912 ἀποθεμένων
2537 1843 2629 1896 τοῦ
2657 1843 2796 1913 βίου,
2821 1844 2920 1906 τὰς
2947 1843 3135 1905 οὐσίας
3150 1841 3368 1894 ἐκέλευε
3394 1841 3522 1903 τοὺς
3546 1838 3625 1909 τῷ
3643 1838 3745 1906 γέ-

2156 1950 2236 1986 νει
2264 1934 2640 2004 προσήκοντας
2670 1934 3103 2004 ἀπολαμϐἀνειν,
3138 1935 3187 1986 εί
3213 1932 3269 1985 δὲ
3298 1931 3374 2002 μὴ
3406 1929 3610 1983 τούτων
3659 1947 3743 1993 τις

2157 2024 2265 2095 εἴη,
2282 2026 2380 2089 τὰς
2401 2025 2696 2095 ἐκκλησίας
2726 2024 3080 2096 ὑποδέχεσθαι
3101 2024 3226 2087 τοὺς
3252 2023 3506 2092 κλήρους.
3543 2022 3654 2075 Καὶ
3676 2020 3745 2074 τὰ

2157 2117 2221 2171 ἐκ
2248 2118 2473 2189 ταμείου
2497 2117 2553 2171 δέ
2576 2119 2835 2189 πρότερον
2856 2118 3063 2189 ἑτέροις
3087 2117 3119 2188 ἢ
3139 2116 3279 2171 κατὰ
3301 2117 3524 2185 πρᾶσιν,
3549 2113 3583 2183 ἢ
3602 2112 3746 2168 κατά

2156 2208 2367 2279 δωρεὰν
2398 2210 2776 2280 ἐκποιηθέντα,
2817 2209 2887 2263 τά
2934 2212 2981 2261 τ’
3009 2210 3067 2262 ἐν
3110 2206 3261 2277 αὐτῷ
3304 2204 3742 2274 καταληφθέντα,

2158 2301 2237 2363 είς
2261 2300 2504 2353 τούπίσω
2561 2302 2861 2373 προσήκειν
2891 2304 3005 2365 τοῖς
3043 2300 3334 2361 δεσπόταις
3369 2296 3743 2360 ἀποδίδοσθαι,

2157 2389 2220 2443 τδ
2254 2390 2355 2459 τῆς
2376 2390 2586 2463 δωρεᾶς
2612 2391 2847 2461 γράμμα
2874 2389 3230 2443 διεκελεύετο.
3266 2387 3519 2441 Τοσαῦτα
3557 2387 3654 2458 μὲν
3673 2388 3742 2458 τῇ

2171 2480 2467 2553 Ἐκκλησία
2495 2479 2591 2534 τοῦ
2628 2480 2763 2534 Θεοῦ
2788 2481 2844 2533 αἱ
2872 2477 3353 2550 καταπεμφθεῖσαι
3378 2476 3581 2549 δωρεαὶ
3613 2492 3748 2549 παρ-

2160 2574 2327 2644 εἶχον.

2673 2771 3068 2826 ΚΕΦΑΛΔῙΟΝ
3098 2771 3228 2825 KB'.

2362 2864 2554 2930 Ὅπως
2591 2863 2693 2918 καὶ
2721 2864 2863 2930 τοὺς
2890 2862 3117 2932 δήμους
3153 2861 3551 2928 ἀνεκτήσατο.

2230 2955 2435 3027 Δήμοις
2463 2972 2525 3008 τε
2546 2958 2659 3020 τοῖς
2690 2956 2845 3019 ἐκτὸς
2880 2954 2989 3025 (59)
3016 2956 3110 3007 καὶ
3146 2955 3308 3008 πᾶσιν
3324 2953 3522 3014 ἔθνεσι,
3544 2950 3750 3006 τούτων

2161 3046 2325 3119 ῑτερα
2360 3047 2765 3119 ὑπερϐάλλοντα
2788 3045 2865 3116 τῷ
2903 3044 3114 3117 πλήθει,
3145 3047 3178 3116 ἡ
3208 3044 3471 3115 βασιλέως
3497 3044 3754 3116 ἐδωρεῖτο

486 3143 879 3200 munilicentia.
934 3140 1166 3195 Proinde
1215 3155 1404 3196 omnes
1458 3151 1767 3195 nostrarum
1822 3143 2056 3211 partium

2166 3138 2563 3212 μεγαλοψυχία.
2608 3139 2723 3208 Ἐφ’
2761 3134 2843 3202 οἷς
2869 3138 3106 3200 ἅπαντες
3131 3139 3181 3190 ol
3212 3136 3335 3190 καθ’
3366 3137 3536 3207 ἡμᾶς,
3570 3137 3672 3191 ὅσα
3689 3136 3752 3189 τὸ

488 3236 700 3299 incolas,
735 3235 825 3304 qui
863 3235 1013 3303 prius
1062 3234 1349 3288 audientes
1377 3249 1441 3286 ea
1471 3248 1592 3301 qua:
1624 3234 1678 3288 in
1712 3234 1880 3288 altera
1908 3245 2063 3304 parte

487 3308 982 3394 imperii'Romani
1031 3332 1398 3392 gererentur,
1451 3324 1644 3378 beatos
1697 3326 2067 3393 praedicabant

488 3415 611 3470 illos
637 3414 729 3482 qui
759 3414 923 3469 tantis
950 3411 1291 3467 allicerentur
1318 3413 1633 3480 beneficiis;
1660 3424 1715 3469 et
1741 3416 1833 3484 qui
1864 3415 2069 3470 arden-

491 3505 634 3560 tibus
664 3505 810 3559 votis
852 3504 1110 3574 optabant
1136 3547 1151 3568 ,
1193 3513 1251 3558 ut
1302 3504 1495 3559 iisdem
1526 3505 1684 3562 bonis
1716 3506 1821 3574 ipsi
1855 3521 2068 3576 quoque

488 3596 781 3666 aliquando
809 3595 1121 3650 fruerentur
1151 3614 1165 3650 :
1200 3596 1314 3650 haec
1342 3595 1519 3650 oculis
1568 3597 1684 3651 suis
1732 3605 2065 3666 Spectantes,

490 3688 701 3757 seipsos
723 3684 833 3756 jam
868 3685 1053 3740 felices
1086 3684 1384 3755 praedicare
1417 3700 1523 3738 non
1559 3685 1886 3740 dubitabant
1919 3703 1933 3740 :
1969 3702 2067 3740 no-

490 3792 619 3830 vum
651 3777 919 3845 quoddam
967 3775 1290 3830 miraculum
1339 3783 1395 3830 et
1446 3776 1606 3844 quale
1638 3775 1788 3832 nulla
1829 3792 2069 3846 unquam

491 3864 598 3918 sub
635 3863 775 3918 caelo
809 3864 1036 3919 vidisset
1063 3872 1196 3918 tetas
1222 3902 1239 3927 ,
1287 3871 1494 3917 tantum
1527 3864 1738 3919 scilicet
1788 3865 2075 3937 imperato-

493 3968 610 4007 rem
644 3956 879 4009 bumano
926 3955 1113 4025 generi
1150 3953 1427 4010 'aﬂ‘ulsisse
1472 3964 1755 4012 testantes.
1784 3958 1965 4027 Atque
2016 3958 2071 4012 hi

494 4046 712 4115 quidem
739 4044 815 4100 ita
844 4043 1171 4101 sentiebant.

1062 4155 1290 4213 CAPUT
1322 4154 1508 4212 XXIII.

550 4250 709 4319 Quod
742 4249 907 4305 Deum
930 4249 1183 4303 bonorum
1221 4259 1483 4319 auctorem
1510 4248 1813 4316 prwdicavit
1843 4266 1858 4303 :
1890 4258 1939 4303 et
1966 4249 2031 4303 de

1043 4319 1241 4387 legibus
1266 4318 1525 4387 ejusdem.

568 4410 872 4481 Imperator
890 4419 1070 4466 autem
1102 4410 1244 4479 ipse,
1279 4409 1373 4464 ubi
1402 4419 1626 4476 cuncta,
1657 4408 1754 4464 Dei
1778 4411 2075 4467 servatoris

2167 3231 2297 3302 πρὶν
2322 3230 2435 3300 (60)
2458 3230 2595 3301 ἀκοῇ
2616 3229 3007 3301 πυνθανόμενοι
3029 3229 3087 3280 ἐν
3104 3227 3315 3300 θατέρῳ
3332 3228 3488 3299 μέρει
3502 3227 3600 3299 τῆς
3622 3227 3756 3285 Ῥω-

2171 3321 2343 3393 μαίων
2366 3321 2541 3392 ἀρχῆς
2559 3320 2877 3392 γιγνόμενα,
2904 3320 3031 3384 τοὺς
3055 3315 3112 3373 εὖ
3140 3319 3448 3389 πάσχοντας
3480 3318 3753 3391 ἐμακάρι-

2169 3413 2280 3478 ζον,
2327 3412 2492 3484 εὐχὴν
2519 3412 2791 3483 τιθέμενοι
2819 3411 2926 3465 τῶν
2958 3411 3087 3464 ἴσων
3124 3410 3429 3464 ἀπολαῦσαι
3458 3410 3553 3464 καὶ
3598 3408 3756 3464 αὐτοί

2169 3521 2320 3557 ποτε.
2346 3503 2513 3557 Ταῦθ’
2538 3504 2629 3556 ὑπ’
2655 3503 2840 3572 (νέμεσιν
2871 3502 3122 3575 δρῶντες,
3150 3502 3249 3573 ἤδη
3284 3501 3379 3555 καὶ
3409 3503 3549 3571 σφᾶς
3575 3501 3757 3555 εὐδαι-

2173 3598 2409 3669 μονίζειν
2431 3597 2638 3667 ἠξίουν,
2675 3596 2824 3663 ξένον
2855 3614 2908 3649 τι
2941 3597 3150 3667 χρῆμα,
3175 3598 3268 3651 καὶ
3299 3590 3410 3649 οἷον
3444 3596 3473 3648 ό
3497 3598 3604 3659 πᾶς
3620 3594 3757 3649 αἰὼν

2171 3689 2259 3756 ὑφ’
2284 3687 2437 3759 ήλίου
2465 3687 2662 3755 αὐγαῖς
2694 3685 2815 3739 οὐδέ
2846 3685 2965 3737 ποθ’
2999 3685 3302 3756 ἱστόρησεν,
3352 3682 3653 3754 ἐπιλάμψαι
3673 3680 3756 3753 τῷ

2172 3776 2351 3847 θνητῷ
2379 3777 2524 3845 γένει
2543 3777 2633 3830 τὸν
2658 3776 2910 3830 τοσοῦτον
2927 3775 3315 3848 ὁμολογοῦντες
3341 3766 3583 3847 βασιλέα.
3614 3775 3755 3830 Ἀλλ’

2170 3867 2220 3920 oi
2256 3868 2355 3937 μὲν
2388 3861 2491 3922 ὧδε
2524 3867 2787 3939 ἐφρόνουν

2682 4160 3080 4214 ΚΕΦΑΛΑΙΟΝ
3114 4156 3237 4212 ΚΓ.

2178 4253 2297 4307 Ὅτι
2316 4252 2466 4305 Θεὸν
2501 4251 2620 4305 τῶν
2658 4251 2895 4322 ἀγαθῶν
2918 4252 3111 4306 αἴτιον
3146 4250 3453 4317 ἐκήρυττε,
3480 4250 3581 4305 καὶ
3622 4248 3760 4322 περὶ

2633 4321 3015 4391 ἀντιγράφων
3057 4322 3276 4389 νόμων.

2260 4414 2412 4467 Ἐπεὶ
2451 4413 2509 4466 δὲ
2532 4412 2694 4467 πάνθ’
2724 4414 3061 4466 ὑπο-τέτακτο
3096 4411 3323 4481 βασιλεῖ,
3345 4411 3481 4466 Θεοῦ
3506 4413 3760 4485 Σωτῆρος

496 4504 698 4558 virtute
726 4504 825 4558 sub
871 4504 1133 4557 ditionem
1167 4516 1321 4556 suam
1370 4501 1612 4571 redegit;
1648 4516 1775 4556 eum
1829 4503 1920 4573 qui
1958 4504 2062 4558 haec

2177 4506 2424 4576 δυνάμει,
2466 4506 2560 4559 τὸν
2591 4505 2700 4559 τῶν
2735 4503 2956 4572 ἀγαθῶν
3001 4504 3149 4575 αὐτῷ
3180 4505 3419 4577 πάροχον
3455 4508 3568 4570 τοῖς
3625 4508 3761 4561 πᾶσι

499 4595 602 4664 ipsi
636 4595 773 4649 bona
807 4594 1169 4665 praestitisset,
1192 4593 1445 4651 omnibus
1474 4592 1647 4662 palam
1689 4591 1854 4658 fecit;
1889 4593 2071 4647 illum-

499 4700 607 4753 que
644 4688 996 4741 victoriarum
1046 4694 1326 4740 auctorem
1369 4683 1538 4738 fuisse
1593 4699 1699 4737 non
1750 4695 1930 4737 autem
1982 4700 2072 4739 se-

501 4776 699 4845 ipsmn,
731 4776 1011 4845 professus
1033 4786 1136 4831 est.
1167 4775 1335 4846 [dque
1362 4774 1564 4829 litteris
1595 4784 1706 4828 tum
1740 4774 1930 4829 Latino
1960 4785 2070 4829 tum

500 4868 694 4925 Grznco
741 4881 992 4922 sermone
1049 4869 1268 4937 scriptis
1313 4874 1365 4923 et
1416 4868 1482 4922 ad
1526 4881 1716 4922 omnes
1763 4867 2075 4936 provincias

576 5038 690 5112 (58)
718 5041 1098 5113 Γυναικείας
1127 5042 1179 5095 δ’
1209 5043 1427 5111 ἔργοις.
1466 5041 1543 5113 De
1576 5043 1844 5113 gynzeceis
1872 5044 2075 5113 crebra

505 5111 566 5165 fit
588 5110 844 5178 'mentio,
872 5121 983 5164 tum
1014 5113 1065 5164 in
1104 5110 1333 5178 utroque
1356 5110 1722 5173 eotlice,’tum
1753 5114 1804 5165 in
1864 5110 2075 5166 Notitia

505 5179 713 5247 imperii
760 5177 1007 5235 Romani.
1052 5179 1187 5235 Vide
1218 5177 1447 5234 Lexicon
1486 5181 1765 5236 Brissonii.
1804 5180 2073 5236 Caeterum

508 5252 598 5320 qui
630 5249 698 5320 ad
727 5264 979 5320 gynaecea
1014 5251 1252 5304 damnati
1290 5258 1451 5304 erant
1472 5289 1486 5311 ,
1518 5252 1881 5305 induebamur
1927 5253 2077 5306 colo-

509 5319 599 5388 bio
627 5319 817 5378 laneo.
844 5332 965 5388 quae
992 5322 1159 5374 vesns
1196 5330 1316 5373 erat
1345 5320 1577 5374 servilis.
1616 5321 1669 5375 ld
1702 5323 1965 5376 discimus
2004 5337 2071 5374 ex

507 5386 771 5460 Passione
799 5386 1024 5442 Romani
1066 5391 1322 5460 martyris
1366 5404 1488 5460 quae
1522 5393 1668 5444 edita
1717 5402 1801 5445 est
1840 5406 1868 5444 a
1905 5391 2071 5443 Mom-

511 5459 701 5521 britio,
728 5469 784 5512 et
810 5460 1041 5512 habetur
1063 5460 1114 5511 in
1144 5459 1328 5513 codice
1369 5459 1720 5514 Musciacensi
1753 5479 1768 5516 :
1814 5479 1832 5512 ι
1869 5461 2066 5514 Eadem

509 5543 640 5583 vero
685 5528 1175 5600 die‘Maximianus
1214 5531 1543 5600 jussittqui
1575 5541 1734 5583 erant
1772 5532 1822 5584 in
1868 5532 2066 5600 palatio

508 5598 818 5663 Christiani,
843 5608 900 5653 ut
933 5599 1387 5668 discingereutur.
1424 5598 1615 5653 Multos
1639 5615 1770 5667 ergo
1796 5598 1922 5655 dum
1956 5601 2068 5654 sol-

509 5677 699 5721 verent
742 5668 1016 5736 cingulum
1072 5684 1229 5724 suum
1284 5672 1490 5724 notavit
1548 5671 1649 5724 sibi
1707 5669 2068 5725 Maximianus

512 5744 851 5793 transeuntes
879 5756 895 5793 :
924 5748 978 5794 et
1031 5740 1163 5795 vidit
1213 5737 1416 5795 Isitium
1468 5741 1639 5797 beatae
1666 5742 1940 5797 memoria
1964 5780 1981 5807 ,
2014 5752 2069 5797 et

2188 4596 2417 4667 φανερὸν
2448 4594 2640 4658 ἐποίει,
2666 4596 2912 4648 κάκεῖνον
2937 4595 3045 4648 τῶν
3068 4597 3398 4667 νικητηρίων
3415 4596 3604 4660 αἴτιον,
3626 4596 3763 4651 ἀλλά

2194 4688 2268 4758 μή
2304 4687 2464 4741 αὑτὸν
2491 4686 2735 4757 νομίζειν
2767 4687 3179 4758 διεμαρτύρετο·
3208 4687 3367 4740 τοῦτό
3406 4687 3454 4740 τ’
3512 4688 3645 4741 αὐτὸ
3670 4689 3761 4740 ἀν-

2191 4779 2476 4849 εκήρυττε,
2498 4776 2586 4829 διὰ
2622 4778 2981 4849 χαρακτήρων
3021 4777 3294 4849 Ῥωμαίας
3313 4796 3372 4831 τε
3403 4780 3494 4832 καὶ
3528 4779 3750 4849 Ἐλληνί-

2191 4869 2280 4932 δος
2308 4868 2513 4938 φωνῆς,
2560 4870 2639 4932 είς
2676 4867 2903 4921 ἕκαστον
2932 4868 3081 4934 ἔθνος
3109 4874 3167 4923 ἐν
3198 4874 3384 4942 γραφῇ
3416 4870 3747 4941 διαπεμφθεί

2188 5041 2376 5097 furens
2405 5043 2615 5096 vocavit
2640 5058 2761 5095 eum
2787 5044 2852 5096 ad
2887 5059 2985 5108 se;
3017 5054 3070 5098 et
3093 5046 3415 5114 exspoliavit
3435 5061 3557 5100 eum
3588 5048 3760 5100 vesti-

2185 5115 2385 5167 mentis
2407 5152 2421 5177 ,
2450 5114 2647 5180 quibus
2679 5125 2798 5166 erat
2824 5115 3045 5168 indutus
3065 5154 3080 5177 ,
3116 5124 3171 5168 et
3195 5118 3372 5168 induit
3397 5132 3522 5167 eum
3551 5116 3767 5168 colobio

2187 5182 2345 5254 laneo
2366 5222 2381 5246 ,
2403 5195 2461 5254 et
2496 5183 2725 5254 tradidit
2751 5199 2874 5254 eum
2908 5184 2962 5254 i_n
2993 5199 3248 5254 gyno-eeo
3271 5185 3493 5237 lanari'Ls
3524 5187 3590 5236 ad
3623 5185 3767 5252 inju-

2186 5252 2345 5304 riam.
2387 5271 2405 5303 ι
2434 5252 2607 5306 Porro
2629 5253 2799 5305 codex
2829 5251 2968 5306 Fuk.
2998 5251 3100 5308 hoc
3126 5254 3246 5309 loco
3270 5257 3530 5319 scriptum
3560 5251 3720 5307 habet
3753 5271 3767 5306 :

2181 5321 2275 5405 €69:
2299 5320 2450 5405 ὓξρει
2476 5321 2580 5405 zeal.
2605 5320 3104 5405 ἀτιμίᾳδουλεύειν
3133 5341 3226 5405 κρ.
3267 5322 3469 5394 ὁμοίως
3494 5326 3607 5386 τοῖς
3654 5322 3768 5376 λοι-

2181 5393 2304 5455 ποῖς
2339 5390 2660 5460 ἠλευθέρου,
2696 5390 2897 5445 teetius
2930 5396 3044 5446 sine
3074 5390 3258 5448 dubio.

2442 5460 2661 5531 Δήμοις
2711 5479 2775 5515 τε
2817 5462 2943 5530 τοῖς
3003 5463 3195 5531 ἐκτός.
3257 5462 3622 5519 Scribendum
3681 5463 3747 5533 δὴ

2217 5548 2295 5583 οις
2319 5548 2397 5585 ΟΞ.
3456 5570 3461 5575 .

2176 5548 2554 5677 μοὶὖίῗῖὲοοῃ
2597 5601 2666 5677 τὸ
2694 5602 2856 5677 πρίν.
2904 5602 3146 5658 Emendo
3176 5605 3297 5677 Vaco:
3325 5604 3387 5658 τὸ
3413 5570 3544 5677 πρίν
3566 5643 3581 5668 ,
3610 5602 3765 5677 quod

2176 5670 2280 5723 non
2317 5670 2450 5726 vidit
2485 5672 3055 5742 Christoptiorsouus;
3080 5676 3261 5732 scribo
3297 5670 3469 5732 etiam
3494 5670 3765 5730 πυνθανό-

2179 5758 2328 5808 μενοι
2357 5742 2427 5797 τὰ
2459 5743 2519 5795 ἐν
2548 5741 2782 5815 θατέρῳ.

3834 470 3855 529 ,Γ

3890 290 3941 405 '1
