4210 6392
494 274 636 372 ,ιιοθι
1561 276 1649 331 DE
1690 276 1852 333 VITA
1887 277 2084 337 CONS';

2178 279 2352 337 NTINI
2392 281 2522 337 LIB.
2566 282 2632 337 II.
3630 282 3775 338 1002

510 401 629 454 σης.
652 382 864 448 Μάθοις
892 385 940 439 δ’
987 384 1054 438 ἂν
1077 383 1170 438 τοῦ
1203 384 1365 454 λόγου
1394 387 1494 458 τὴν
1517 387 1716 459 ἀρετὴν
1747 388 1880 459 (61),
1905 390 2084 453 αὐτοῖς

2194 393 2397 458 missis,
2424 393 2760 463 prmdicavit.
2796 392 2965 447 Porro
2998 392 3265 448 orationis
3284 392 3391 447 vim
3414 407 3483 447 ac
3514 392 3773 446 virtutem

507 476 831 551 προσϐαλὼν
866 479 980 541 τοῖς
1011 478 1321 550 γράμμασι·
1353 478 1447 533 δύο
1482 480 1527 533 δ’
1560 475 1629 552 ἦν
1654 480 1847 546 ταῦτα,
1896 481 1958 535 τὸ
1987 483 2084 554 μὲν

2193 484 2352 539 facile
2402 494 2729 555 cognoscet,
2787 486 3036 556 quisquis
3085 485 3348 556 epistolas
3384 485 3564 555 .ipsas‘
3601 483 3778 553 perle-

506 573 627 634 ταῖς
651 570 851 640 Ἐκκλη
859 570 1001 635 σίαις
1015 569 1113 624 τοῦ
1140 569 1296 634 Θεοῦ,
1321 571 1384 625 τὸ
1397 572 1454 625 δὲ
1475 574 1589 636 τοῖς
1603 574 1761 638 ὲκτὺς
1778 576 1920 631 κατὰ
1934 576 2084 631 πόλιν

2192 576 2351 646 gerit.
2394 575 2558 647 455
2601 575 2739 630 Sunt
2794 587 2972 631 autem
3023 578 3187 631 dum:
3226 577 3393 631 altera
3462 576 3530 630 ad
3591 571 3778 629 Eccle-

506 662 700 735 δήμοις
727 662 1085 733 διαπεμφθένο
1120 661 1149 715 ὃ
1171 662 1236 736 δὴ
1266 665 1333 734 τῇ
1377 664 1628 738 παρούσῃ
1660 666 1771 737 (62)
1810 667 2084 738 προσῆκον

2193 667 2303 722 sias
2345 668 2552 723 directa
2578 707 2595 733 ,
2637 669 2809 723 altera
2852 670 2919 725 ad
2956 670 3291 741 singularum
3339 669 3557 723 urbium
3605 680 3779 736 popu-

507 753 763 807 ὑποθέσει
810 753 995 825 ἔμοιγε
1047 753 1196 807 δοκεῖ
1239 754 1607 827 παρενθεῖναι,
1655 757 1733 821 ὡς
1763 756 1830 812 ἂν
1866 758 1957 813 διά
1990 761 2084 833 τῆς

2194 759 2274 815 los
2303 774 2332 813 a
2364 770 2552 816 nostra
2587 760 2847 831 religione
2875 762 3100 818 alienos.
3132 762 3303 829 Quam
3337 762 3555 830 quidem
3580 771 3775 830 utpote

513 843 753 916 ἱστορίας
781 844 932 916 μένοι
975 844 1071 897 καὶ¹
1122 844 1530 915 διαφυλάττοιτο
1572 850 1685 912 τοῖς
1729 849 1850 920 μεθ’
1872 851 2020 922 ἡμᾶς
2052 853 2086 923 ἡ

506 934 659 989 τοῦδε
687 933 780 988 τοῦ
809 936 1134 1007 γράμματος
1166 935 1401 1000 ἒκθεσις,
1434 937 1572 1006 πρός
1610 939 1659 991 τ’
1690 939 1949 1012 ἀληθείας
1992 943 2087 997 καὶ

505 1026 614 1080 τῶν
641 1027 927 1099 ἡμετέρων
947 1027 1300 1099 διηγημάτων
1340 1028 1623 1083 πίστωσιν.
1651 1031 1920 1104 Εἴληπται
1958 1033 2003 1087 δ’
2025 1034 2085 1101 ἐξ

507 1119 821 1173 αὑθεντικοῦ
854 1118 947 1172 τοῦ
994 1118 1125 1190 παρ’
1176 1120 1307 1189 ἡμῖν
1352 1119 1751 1191 φυλαττομένου
1804 1122 2083 1192 βασιλικοῦ

508 1210 691 1281 νόμου,
714 1203 759 1278 ᾧ
786 1211 1002 1281 καὶτῆς
1034 1209 1198 1264 αὐτοῦ
1229 1208 1411 1275 δεξιᾶς
1443 1211 1717 1284 ἔγγραφος
1756 1214 2095 1286 ὑποσημείω-

508 1317 611 1365 σις,
650 1303 747 1372 τῆς
768 1301 862 1356 τοῦ
906 1302 1065 1372 λόγου
1110 1301 1427 1367 πιστώσεως
1459 1299 1549 1358 οἷά
1582 1324 1689 1359 τινι
1717 1307 1972 1378 σφραγῖδι
1997 1325 2091 1361 κα-

507 1394 829 1466 τασημαίνει
856 1396 956 1466 τὴν
987 1396 1314 1468 μαρτυρίαν.

2190 851 2446 920 praesenti
2499 861 2819 921 argumento
2850 854 3445 917 convenientissimam,
3498 852 3588 909 hic
3624 855 3774 908 inse-

2190 943 2415 998 rendam
2442 956 2564 997 esse
2591 942 2756 1009 duxi;
2815 951 2925 996 tum
2961 951 3022 998 ut
3078 944 3430 999 historiarum
3450 958 3771 1000 monumen-

2196 1035 2266 1089 tis
2293 1034 2503 1103 prodita
2537 1034 2655 1103 ejus
2704 1033 3033 1103 exemplaria
3065 1075 3080 1096 ,
3112 1034 3251 1103 apud
3286 1045 3538 1105 posteros
3575 1049 3773 1104 perpe-

2194 1134 2286 1179 tuo
2313 1135 2742 1182 conserventur:
2787 1132 2900 1177 tum
2933 1133 2992 1177 ut
3028 1125 3355 1178 narrationis
3407 1136 3607 1179 nostrae
3632 1126 3771 1180 ﬁdes

2200 1230 2265 1270 ac
2291 1215 2490 1269 veritas
2514 1214 2887 1269 conﬁrmetur.
2920 1215 3202 1284 Descripta
3246 1214 3540 1270 autemest
3566 1231 3633 1270 ex
3671 1231 3769 1269 au-

2195 1304 2438 1359 thentico
2468 1303 2766 1373 exemplari
2790 1304 2924 1373 legis
2953 1305 3278 1373 imperialis,
3302 1306 3445 1374 quod
3491 1304 3635 1370 apud
3665 1319 3767 1358 nos

2196 1404 2468 1450 servatur.
2502 1394 2599 1450 Cui
2638 1395 2901 1465 principis
2929 1410 3089 1449 manu
3121 1397 3362 1466 apposita
3397 1395 3723 1465 subscriptio
3745 1431 3764 1461 ,

508 1488 771 1543 orationis
804 1497 1007 1542 nostra:
1032 1488 1315 1543 veritatem
1350 1499 1606 1559 tanquam
1637 1490 1815 1560 sigillo
1847 1493 2082 1561 quodam
2143 1487 2351 1543 astruit.

1007 1579 1406 1633 ΚΕΦΑΛΑΙΟΝ
1446 1579 1577 1634 KA'.

2747 1577 2978 1634 CAPUT
3002 1577 3194 1633 XXIV.

507 1668 702 1739 Νόμος
746 1671 1206 1725 Κωνσταντίνου
1250 1672 1383 1738 περὶ
1426 1671 1538 1739 τῆς
1582 1674 1671 1737 εὶς
1710 1671 1860 1726 Θεὸν
1906 1672 2081 1727 εὐσε-

2185 1665 2295 1721 Lex
2332 1666 2667 1723 Constantini
2696 1671 2760 1722 de
2786 1671 2976 1738 pietate
2997 1672 3052 1723 in
3073 1670 3261 1735 Deum,
3287 1678 3334 1722 et
3367 1669 3432 1724 de
3461 1668 3766 1725 Christiana

822 1741 983 1806 ϐείας
1009 1741 1107 1794 καὶ
1141 1741 1248 1795 τοῦ
1276 1741 1762 1810 Χριστιανισμοῦ.

585 1847 604 1879 ι
656 1829 903 1899 Νικητὴς
956 1829 1396 1893 Κωνσταντῖνος,
1449 1830 1717 1897 Μέγιστος
1779 1830 2080 1897 Σεϐαστὸς,

507 1919 886 1990 ὲπαρχεώταις
908 1919 1275 1991 Παλαιστίνης
1302 1921 1435 1990 (65).

582 2028 602 2061 ι
638 2005 747 2063 Ἦν
787 2011 885 2082 μὲν
916 2011 1121 2067 ἄνωθέν
1152 2029 1210 2066 τε
1244 2013 1340 2068 καὶ
1376 2014 1545 2069 πάλαι
1576 2014 1726 2087 παρὰ
1760 2018 1873 2079 τοῖς
1909 2015 2085 2087 ὀρθῶς

506 2100 601 2155 καὶ
629 2100 922 2173 σωφρόνως
940 2102 1068 2174 περὶ
1092 2103 1187 2156 τοῦ
1214 2104 1531 2177 Κρείττονος
1556 2104 1893 2172 δοξάζουσιν,
1926 2106 2085 2178 ἔκδη-

503 2194 595 2258 λος
628 2197 663 2266 ἡ
694 2194 947 2267 διαφορὰ,
975 2195 1071 2249 καὶ
1098 2197 1277 2251 πᾶσαν
1298 2197 1631 2269 ἀνείργουσιν.
1656 2197 1769 2268 (64)
1798 2197 2085 2270 πόρρωθεν

506 2286 864 2357 ἀμφιϐολίαν·
911 2287 1025 2358 ὅσῳ
1058 2287 1137 2358 τῷ
1184 2289 1333 2360 μέσῳ
1382 2287 1690 2361 διήλλαττεν
1733 2290 1767 2360 ὴ
1817 2289 1946 2357 περὶ
1985 2290 2085 2362 τὴν

508 2381 959 2453 σεϐασμιωτάτην
987 2380 1082 2433 τοῦ
1120 2379 1552 2451 Χριστιανισμοῦ
1587 2379 1883 2451 θεραπείαν
1925 2381 2084 2451 ἀκρι-

505 2468 607 2544 ϐὴς
638 2473 1052 2543 παρατήρησις,
1086 2473 1237 2543 παρὰ
1261 2474 1388 2536 τοὺς
1417 2472 1553 2543 πρὸς
1592 2471 1763 2542 αὐτὴν
1790 2472 2086 2526 ἐκπεπολε-

509 2562 793 2632 μωμένους
819 2580 878 2616 τε
911 2564 1003 2617 καὶ
1034 2563 1522 2636 καταφρονητικῶς
1546 2563 1765 2635 ἔχοντας
1790 2563 1922 2634 (65).
1948 2564 2086 2618 Νυνὶ

503 2654 563 2709 δὲ
588 2655 682 2709 καὶ
710 2656 911 2727 μᾶλλον
940 2656 1392 2728 ὲπιφανεστέραις
1421 2657 1653 2729 πράξεσι
1685 2658 1779 2710 καὶ
1805 2655 2084 2729 κατορθώ-

506 2763 638 2807 μασι
658 2747 1056 2820 λαμπροτέροις
1081 2748 1141 2801 τό
1184 2765 1242 2800 τε
1266 2748 1365 2818 τῆς
1388 2748 1715 2819 ἀμφιϐολίας
1741 2747 1930 2817 ἄλογον
1953 2749 2086 2803 ἀπο-

502 2836 787 2901 δέδεικται,
811 2841 903 2894 καὶ
925 2840 1096 2912 ὁπόση
1120 2840 1204 2904 τίς
1222 2842 1368 2893 ἐστιν
1394 2841 1426 2910 ἡ
1450 2840 1543 2893 τοῦ
1578 2840 1813 2911 μεγάλου
1838 2841 1972 2894 Θεοῦ
1997 2840 2086 2893 δύ-

503 2945 687 3000 ναμις,
710 2930 873 3002 ἡνίκα
893 2933 1006 2994 τοῖς
1039 2931 1137 3002 μὲν
1163 2930 1369 2994 πιστῶς
1391 2931 1483 2985 τὸν
1512 2931 1840 3002 σεμνότατον
1866 2930 2080 2985 σέϐουσι

501 3021 699 3093 νόμον,
745 3023 841 3075 καὶ⁵
890 3022 1056 3095 μηδὲν
1098 3023 1205 3075 τῶν
1248 3022 1724 3095 παραγγελμάτων
1778 3022 2080 3094 παραλύειν

500 3113 792 3185 τολμῶσιν,
831 3114 1036 3184 ἄφθονα
1074 3116 1144 3168 τά
1174 3115 1375 3184 ἀγαθὰ,
1410 3115 1504 3169 καὶ
1534 3116 1670 3187 πρὸς
1699 3114 1799 3179 τὰς
1830 3116 2082 3187 ἐγχειρή-

504 3222 616 3270 σεις
647 3207 798 3277 ἰσχὺς
825 3207 1045 3278 ἀρίστη,
1081 3207 1175 3261 καὶ
1218 3210 1333 3278 μετ’
1376 3207 1607 3260 ἐλπίδων
1648 3207 1868 3275 ἀγαθῶν
1908 3209 2083 3262 ἀπαν-

500 3298 672 3362 τῶσα,
702 3302 813 3362 τοῖς
839 3299 896 3352 δὲ
922 3299 1020 3367 τὴν
1058 3299 1227 3369 ἀσεϐῆ
1256 3298 1481 3353 λαϐοῦσι
1508 3297 1736 3370 γνώμην
1755 3338 1771 3363 ,
1810 3299 1947 3371 πρὸς
1982 3300 2083 3363 τάς

504 3389 850 3462 προαιρέσεις
880 3388 1149 3443 ἀκόλουθα
1192 3389 1285 3442 καὶ
1320 3389 1389 3443 τά
1425 3388 1788 3443 ἀποϐαίνοντα
1821 3389 1955 3460 (66).
1986 3390 2083 3453 Τίς

501 3480 610 3553 γὰρ
633 3479 838 3548 ἀγαθοῦ
868 3480 1022 3552 τύχοι
1045 3481 1207 3547 τινὸς,
1249 3480 1340 3535 τὸν
1362 3481 1470 3534 τῶν
1499 3480 1721 3551 ἀγαθῶν
1750 3482 1921 3535 αἴτιον
1945 3481 2079 3535 Θεὸν

500 3572 626 3627 οὔτε
654 3573 953 3645 γνωρίζων,
988 3572 1114 3627 οὔτε
1144 3573 1211 3627 τὰ
1257 3574 1600 3646 προσήκοντα
1639 3573 1817 3627 σέϐειν
1842 3574 2074 3641 ὲθέλων;

501 3664 689 3719 Πίστιν
716 3663 772 3719 δὲ
796 3663 873 3736 τῷ
899 3664 1012 3737 (67)
1040 3664 1256 3737 ῥηθέντι
1280 3663 1377 3719 καὶ
1398 3664 1467 3718 τά
1500 3664 1637 3737 ἔργα
1667 3664 1903 3720 δίδωσιν.
1941 3685 1961 3718 ι

1008 3755 1400 3811 ΚΕΦΑΛΑῙΟΝ
1439 3758 1568 3811 ΚΕ’.

655 3882 661 3893 .
759 3845 1117 3916 ’Υπόδειτμα
1152 3847 1220 3900 ἐκ
1255 3846 1529 3905 παλαιῶν
1562 3848 1819 3917 χρόνων.

573 3954 593 3989 ι
622 3938 687 3992 El
713 3936 843 3991 νοῦν
870 3954 954 4001 τις
983 3939 1064 4001 εἰς
1099 3937 1225 4001 τοὺς
1257 3938 1463 3992 ἀνωθεν
1509 3939 1606 3993 καὶ
1652 3941 1732 4003 είς
1751 3938 1913 4013 δεῦρο
1962 3939 2075 4012 (68)

572 4054 849 4127 (61)Vulg.
870 4054 1091 4122 Μὰθοις
1104 4054 1214 4125 γὰρ
1238 4055 1345 4110 τοῦ
1360 4056 1547 4126 λόγου
1560 4056 1676 4126 τὴν
1686 4057 1926 4127 ἀρετήν.
1946 4056 2084 4113 Lau-

500 4127 590 4183 dat
610 4127 876 4181 Eusebius
897 4127 1240 4192 imperatoris
1254 4127 1595 4182 Constantini
1611 4128 2004 4194 eloquentiam,
2028 4128 2080 4181 id

497 4199 645 4253 enim
679 4197 991 4266 signiﬁcant
1017 4198 1134 4267 lucc
1173 4196 1363 4267 verba.
1423 4197 1495 4267 ᾼι
1541 4196 2075 4267 Christophorsonus

499 4267 699 4339 legisse
735 4264 983 4339 ividetur,
1005 4264 1101 4318 τοῦ
1133 4265 1601 4339 ήμετέρουλλόγου
1640 4264 2068 4339 τὴνξάλήθειαντ

501 4335 859 4407 scribendum
886 4336 1054 4407 etiam
1087 4335 1388 4407 estpdteot;
1410 4335 1455 4390 δ’

497 4405 704 4462 codicis
748 4406 1072 4478 emendavit
1111 4405 1637 4478 Turnebus._Atque
1678 4409 1754 4463 ita
1784 4406 1986 4478 legitur
2011 4409 2063 4460 in

498 4492 629 4530 mss.
671 4477 952 4531 codicibus
977 4475 1113 4530 Fuk.
1143 4487 1200 4530 et
1243 4478 1371 4531 Sav.
1414 4475 1583 4531 Porro
1630 4478 1699 4533 ab
1744 4475 2067 4533 Itis—verbis

499 4545 788 4601 inchoatur
813 4560 934 4614 cap.
964 4545 1063 4610 24,
1103 4558 1215 4601 tum
1248 4547 1300 4600 in
1333 4547 1520 4603 codice
1544 4546 1706 4613 Fuk.,
1742 4555 1859 4601 tum
1886 4548 1942 4603 in
1968 4561 2065 4601 ve-

499 4617 702 4671 teribus
730 4616 961 4671 scbedis.

569 4686 685 4757 (62)
739 4687 801 4739 Ὃ
830 4684 908 4752 δὴ
938 4685 1016 4757 τῇ
1044 4687 1343 4757 παρούσῃ.
1375 4687 1429 4741 In
1465 4686 1654 4757 codice
1696 4685 1834 4741 Fuk.
1871 4685 2069 4742 scribi-

498 4755 648 4829 ιιιιέά
672 4758 739 4827 τῇ
775 4755 1059 4829 παρούσῃ,
1106 4755 1378 4829 quomodo
1406 4760 1569 4811 etiam
1608 4755 1958 4829 Genevenses
2008 4757 2064 4810 in

497 4828 819 4896 quibusdam
850 4827 1132 4883 codicibus
1166 4827 1269 4896 legi
1302 4828 1653 4882 adnotaruut.
1700 4827 1902 4882 Verum
1949 4827 2067 4880 haec

497 4899 765 4969 scriptura
800 4896 1071 4969 ferri_nou
1100 4906 1295 4969 potest.
1338 4896 1595 4969 Sequitur
1616 4897 2066 4969 οηίηιίπροσῆκον

497 4968 551 5021 in
593 4967 874 5036 singulari.
929 4966 1131 5023 Deinde
1188 4967 1453 5021 Eusebius
1508 4969 1727 5022 unicam
1772 4966 1863 5022 hic
1906 4966 2067 5021 all’ert

492 5036 1327 5109 Constantiniconstitutionem,
1347 5051 1466 5091 eam
1484 5037 1692 5092 scilicet
1709 5052 1833 5109 quae
1850 5038 1915 5091 ad
1941 5051 2068 5109 pro-

495 5107 759 5161 vinciales
786 5108 951 5162 missa
975 5105 1156 5161 fuerat
1187 5122 1218 5161 a
1246 5108 1628 5176 Cpnstantino.
1666 5105 1745 5162 Ac
1773 5108 1909 5162 duas
1946 5107 2067 5176 qui-

496 5177 615 5247 dem
642 5176 787 5245 leges
817 5176 980 5231 simul
1016 5177 1242 5247 emissas
1279 5175 1448 5247 fuisse
1468 5185 1710 5247 testatur
1734 5178 1788 5232 in
1831 5175 2064 5247 gratiam

493 5245 967 5302 Christianorum:
1010 5246 1235 5301 alteram
1262 5248 1327 5298 ad
1353 5245 1653 5301 Ecclesiam
1695 5245 2020 5303 catholicam
2042 5280 2059 5304 .

494 5316 722 5371 aitet-am
778 5315 844 5369 ad
875 5316 1259 5385 provinciales.
1300 5316 1499 5369 Verum
1545 5316 1771 5371 alterius
1801 5320 2067 5371 duntaxat

493 5387 798 5455 exemplum
846 5386 1086 5456 subiicit,
1130 5387 1249 5454 ejus
1277 5385 1490 5440 scilicet
1521 5401 1641 5456 quae
1666 5388 1789 5441 data
1834 5396 1952 5441 erat
1998 5386 2065 5439 ad

495 5456 855 5527 provinciales
902 5455 1505 5527 PalastinmaAlteram
1536 5455 1686 5527 vero,
1740 5471 1862 5527 quae
1901 5456 2064 5527 missa

495 5536 617 5579 erat
667 5526 957 5592 Ecclesiis,
988 5526 1174 5581 omisit
1210 5526 1476 5582 Eusebius
1512 5545 1528 5582 :
1567 5526 1653 5581 vel
1701 5526 1826 5596 quia
1872 5526 2062 5596 eodem

496 5597 740 5670 exemplo
768 5599 967 5665 scripta
997 5606 1138 5662 erat,
1169 5611 1278 5667 quo
1313 5597 1403 5651 illa
1427 5598 1496 5652 ad
1530 5594 1893 5670 provinciales
1918 5613 1934 5664 ;
1978 5594 2064 5652 vel

496 5669 566 5721 ob
589 5665 748 5721 aliam
782 5680 1023 5721 causam.

809 5761 1083 5824 Panos.
1125 5760 1242 5825 Gn.
1286 5762 1426 5825 XX.
1498 5766 1499 5769 “

2837 1739 3111 1808 religione.

2263 1845 2283 1878 ι
2317 1825 2503 1883 Victor
2539 1826 2933 1883 Constantinus
2985 1830 3253 1884 Maximus
3292 1829 3603 1901 Augustus,
3649 1848 3769 1903 pro-

2186 1920 2513 1975 vincialibus
2538 1921 2862 1979 Palaestina}.

2261 2031 2279 2064 ι
2315 2012 2648 2084 Jampridem
2684 2017 2824 2085 apud
2859 2030 2953 2070 eos
2981 2018 3074 2086 qui
3108 2027 3254 2072 recte
3279 2027 3334 2072 et
3394 2020 3671 2087 sapienter
3699 2021 3768 2075 de

2187 2102 2300 2157 Deo
2350 2105 2611 2171 sentiunt,
2667 2107 2905 2161 evidenti
2982 2109 3323 2174 discrimine,
3396 2125 3505 2181 quo
3583 2112 3766 2165 omnis

2187 2193 2456 2247 dubitatio
2484 2206 2818 2262 removetur,
2850 2200 3101 2267 apparuit
3156 2210 3421 2269 quantum
3478 2203 3767 2258 interesset

2186 2283 2328 2337 inter
2352 2284 2625 2340 studiosos
2654 2288 3036 2343 observatores
3059 2291 3393 2345 venerandae
3421 2291 3765 2349 Christiano-

2187 2387 2305 2426 l'lln
2341 2372 2644 2443 religionis,
2672 2382 2729 2428 et
2758 2376 2903 2432 inter
2959 2375 3203 2447 ejusdem
3261 2392 3663 2452 Oppugnatores
3709 2391 3767 2439 et

2183 2475 2609 2536 contemptores.
2634 2466 2790 2522 Nunc
2812 2483 2939 2525 vero
2961 2471 3391 2526 evidentioribus
3411 2477 3766 2541 argumentis,

2183 2570 2239 2614 et
2272 2564 2434 2615 rebus
2467 2563 2632 2631 gestis
2661 2563 2830 2617 multo
2864 2563 3272 2630 illustrioribus,
3303 2575 3416 2619 tum
3474 2568 3767 2621 dubitatio-

2185 2652 2271 2705 nis
2300 2653 2469 2720 ipsius
2499 2653 2833 2722 absurditas,
2873 2665 2985 2710 tum
3036 2665 3236 2725 quanta
3294 2658 3365 2711 sit
3415 2661 3609 2713 summi
3669 2660 3761 2716 Dei

2184 2744 2452 2813 potentia,
2483 2744 2821 2801 declaratur.
2853 2749 3062 2817 Quippe
3094 2749 3177 2803 bis
3214 2750 3431 2818 quidem
3461 2753 3551 2820 qui
3596 2767 3761 2807 vene-

2184 2836 2411 2891 randam
2447 2836 2618 2907 legem
2654 2839 2886 2893 ﬁdeliter
2906 2840 3111 2904 colunt,
3138 2841 3455 2912 nullumque
3484 2843 3600 2913 ejus
3624 2860 3763 2913 pra:-

2185 2937 2402 2996 ceptum
2431 2928 2636 2982 audent
2676 2930 2994 2997 dissolvere,
3037 2933 3279 2985 omnium
3340 2934 3610 2989 bonorum
3665 2952 3762 2991 cu-

2183 3022 2292 3090 pia,
2326 3030 2381 3075 et
2408 3021 2475 3074 ad
2502 3035 2563 3076 ea
2603 3037 2723 3089 quae
2778 3022 3015 3092 aggressi
3068 3034 3193 3077 sunt
3237 3025 3564 3094 perﬁcienda
3621 3028 3764 3083 vires

2185 3112 2390 3166 idonea
2422 3128 2544 3167 cum
2571 3114 2714 3167 bona
2748 3129 2844 3182 spe
2872 3130 2934 3169 ac
2956 3115 3155 3169 ﬁducia
3187 3125 3502 3184 suppetunt.
3537 3118 3605 3173 lis
3629 3135 3762 3173 vero

2185 3206 2277 3274 qui
2310 3206 2528 3273 impiam
2553 3207 2887 3261 sententiam
2926 3207 3161 3275 amplexi
3197 3217 3345 3271 sunt,
3378 3211 3765 3268 convenientes

2185 3311 2366 3351 rerum
2396 3308 2625 3353 eventus
2645 3299 3012 3366 contigerunt.
3039 3297 3173 3353 Nam
3207 3300 3334 3370 quis
3360 3311 3467 3365 est,
3497 3303 3614 3371 qui,
3636 3319 3760 3358 cum

2187 3386 2356 3442 Deum
2392 3388 2658 3444 bonorum
2700 3400 2979 3445 auctorem
3031 3406 3139 3445 non
3188 3403 3468 3458 agnoscat,
3525 3412 3763 3467 eumque

2186 3477 2372 3533 debito
2402 3480 2550 3535 cultu
2586 3481 2836 3535 venerari
2888 3492 3130 3546 recuset,
3171 3485 3463 3555 quidquam
3495 3488 3621 3541 boni
3657 3504 3760 3542 un-

2184 3585 2347 3639 quam
2377 3574 2784 3643 consequatur?
2822 3571 2932 3629 Res
2970 3584 3122 3629 certe
3172 3574 3301 3644 ipsae
3347 3577 3511 3633 dictis
3557 3581 3761 3635 nostris

2183 3659 2342 3715 ﬁdem
2380 3661 2605 3717 faciunt.
2636 3681 2656 3715 ι

2762 3754 2990 3811 CAPUT
3016 3753 3181 3811 XXV.

2474 3844 2781 3913 Exemplum
2810 3865 2841 3901 a
2889 3851 3104 3903 vetustis
3133 3850 3473 3919 temporibus.

2261 3957 2280 3990 ι
2304 3937 2457 4005 Quod
2496 3940 2541 3994 si
2583 3938 2706 4008 quis
2734 3940 3014 4009 superiora
3052 3950 3293 4011 tempora
3324 3944 3391 3996 ad
3443 3959 3542 3999 nos
3590 3961 3759 4017 usque

2255 4055 2368 4127 (65)
2405 4057 2839 4124 Ἐπαρχεωταις
2864 4056 3301 4127 Παλαιστίνης.
3332 4056 3388 4111 In
3430 4059 3617 4113 codice
3644 4058 3753 4114 Me-

2182 4126 2353 4199 dic-mo
2394 4126 2883 4199 scriptum‘iuveui
2949 4126 3317 4199 ἐπαρχιώταις
3363 4127 3752 4194 παλαιστινοῖς.

2179 4195 2351 4251 Porro
2373 4196 2441 4249 ab
2465 4195 2561 4265 his,
2575 4195 2761 4265 verbis
2801 4210 2923 4265 cap.
2958 4195 3346 4265 ﬁliae-boavi,
3374 4208 3753 4254 auctoritatem

2187 4277 2407 4320 secutus
2433 4264 2589 4319 codd.
2616 4263 2768 4332 Regii
2814 4263 2878 4319 et
2931 4264 3124 4322 Fuket.
3172 4268 3233 4321 In
3273 4267 3546 4323 veteribus
3587 4270 3753 4324 etiam

1529 4356 1578 4403 ν,
1613 4347 1673 4392 ut
1695 4333 1768 4392 ad
1810 4333 1954 4394 laius
1988 4338 2071 4390 sui
2103 4333 2152 4392 D
2178 4334 2638 4406 schedis__legttur
2670 4335 3060 4406 smpxttbtottc.

2169 4412 2217 4463 27*
2241 4405 2355 4473 (64)
2390 4401 2547 4472 Vulg.
2575 4401 3051 4473 diagop'c‘i'xdaar
3080 4406 3463 4474 ἀνείρνουσα.
3481 4404 3674 4463 Scribe
3686 4423 3751 4463 ex

2169 4476 2359 4547 codice
2384 4474 2639 4547 Medicam
2654 4477 2750 4547 καὶ
2771 4476 2952 4528 πᾶσαν
2974 4476 3420 4547 ἀνείργουσαηΕι
3445 4477 3604 4547 paulo
3630 4492 3754 4547 post

2168 4562 2236 4601 ex
2264 4546 2454 4600 eodem
2488 4544 2619 4618 c9d_._
2690 4545 2814 4617 (pro
2841 4544 3301 4618 παραθεραπείαν
3322 4544 3540 4617 Steph.)
3561 4544 3748 4618 legen-

2169 4618 2296 4671 dutu
2337 4624 2421 4687 est
2446 4612 2545 4687 τοῦ
2574 4612 3003 4687 Χριστιανισμοῦ
3055 4612 3393 4687 θεραπείαν,
3423 4612 3531 4687 ξιιι’
3557 4612 3751 4687 legitur

2168 4688 2329 4754 ctiam
2375 4683 2427 4736 in
2473 4683 2689 4737 schedis
2719 4683 2914 4754 Regijs'
2935 4696 2990 4738 et
3028 4683 3213 4740 codice
3243 4684 3564 4740 Fuketiano.

2238 4753 2352 4824 (65)
2373 4752 2909 4825 Katagporntuiéq
2939 4755 3215 4824 ἔχοντας.
3254 4757 3435 4809 Codex
3460 4755 3748 4811 Medicaens

2168 4822 2341 4881 habet
2361 4822 2507 4893 ἔχειν
2534 4822 2836 4888 ἐθέλοντας,
2860 4822 3003 4893 quod
3030 4830 3231 4880 rectius
3258 4825 3388 4878 mihi
3425 4827 3661 4879 videtur.

2239 4891 2498 4968 (66)__Kai
2530 4895 2603 4968 τὰ
2628 4891 3050 4968 ἀποϐαίνοντα.
3096 4895 3278 4965 Longe
3307 4894 3510 4968 rectior
3541 4904 3632 4968 est
3657 4912 3749 4968 co-

2168 4964 2304 5020 dicis
2338 4964 2588 5018 Medica-i
2637 4964 2929 5020 scriptura.
2989 4967 3086 5020 Sic
3131 4964 3275 5019 enim
3321 4965 3483 5019 habet
3527 4983 3543 5019 :
3593 4966 3750 5019 Ἀκό-

2166 5033 2332 5107 λουθα
2374 5035 2471 5107 καλ.
2508 5033 2580 5087 τὰ
2621 5030 2983 5107 ἀποϐαίνοντα
3025 5030 3116 5107 ἦν.
3154 5033 3403 5107 Τίςᾼγάρ
3448 5032 3514 5089 ἂν
3539 5036 3747 5104 ἀγαθοῦ

2166 5106 2319 5177 τύχοι
2350 5104 2515 5167 τινός,
2564 5114 2670 5158 etc.
2715 5104 2777 5157 Et
2817 5118 2939 5175 post
2993 5103 3178 5161 vocem
3230 5103 3430 5158 ἐθέλων
3483 5103 3747 5176 punctum

2169 5179 2351 5231 habet.
2381 5190 2502 5231 una:
2530 5186 2656 5228 nota
2689 5184 2771 5228 est
2793 5175 3256 5231 interrogationis.

2207 5190 2351 5239 3081,
2381 5190 2502 5239 quin
2530 5190 2656 5228 110121
2689 5190 2771 5228 θει
2794 5190 3256 5239 ιιιιθττοκειιιοιιιε.

2242 5192 2351 5239 Del,
2381 5192 2502 5240 qua:
2530 5192 2656 5228 nuta
2689 5192 2771 5228 εει
2794 5192 3256 5246 ιιιιθιτοειιιιοιιιο.

2239 5244 2351 5318 (67)
2396 5244 2553 5313 Vulg.
2581 5244 2794 5318 πίστιες
2839 5243 2941 5310 τῷ.
2994 5245 3527 5318 Longe__elegai_itius
3572 5246 3743 5300 codex

2167 5314 2452 5370 Medicaeus
2484 5316 2762 5386 scripturn
2782 5315 2944 5368 habet
2972 5314 3154 5370 πίστιν
3184 5316 3241 5369 δὲ
3261 5314 3342 5385 τῷ
3386 5314 3624 5386 ῥηθέντι,

2240 5386 2352 5456 (68)
2386 5386 2640 5456 Ἀκῳθεν
2670 5384 2770 5437 και
2799 5387 2887 5451 εις
2911 5386 3111 5455 δεῦρο.
3160 5384 3560 5440 Particula‘xai
3591 5384 3745 5439 deest

2171 5456 2223 5509 in
2252 5453 2445 5509 codice
2470 5453 2727 5509 Medicam
2749 5494 2763 5515 ,
2801 5472 2902 5509 nec
2929 5453 3219 5512 admodum
3274 5456 3580 5509 necessaria
3633 5462 3740 5510 est.

2169 5526 2288 5597 Mox
2315 5526 2403 5597 ubi
2432 5525 2635 5593 legitur
2658 5539 2682 5597 ι
2712 5524 2809 5597 καὶ
2831 5526 2931 5591 τὰς
2954 5526 3220 5597 πρότερον
3251 5523 3571 5597 γενομένας,
3598 5522 3739 5597 idem

2169 5596 2337 5649 codex
2383 5592 2543 5664 liabet
2585 5594 2682 5648 καὶ
2709 5595 2810 5659 τάς
2835 5592 3055 5650 πώποτε
3080 5592 3142 5664 γ.”
3190 5592 3322 5648 Item
3369 5592 3464 5664 pro
3489 5592 3738 5663 ὲγχειρήυ

2172 5681 2309 5729 σεως
2349 5663 2555 5736 πέρας,
2610 5666 2803 5721 scribit
2846 5668 2945 5731 τάς
2978 5661 3316 5737 ἐγχειρήσεις
3361 5661 3555 5732 πέρας,
3605 5661 3737 5729 quu-

3346 5756 3426 5815 32
