  <div class='ocr_page' id='page_1' title='image "/cluster/home/n/w/nwhite01/storage/ocr_20150623/20:no.2/coo.31924054873009/513.png"; bbox 0 0 4210 6390; ppageno 0'>
   <div class='ocr_carea' id='block_1_1' title="bbox 466 278 605 343">
    <p class='ocr_par' dir='ltr' id='par_1_1' title="bbox 466 278 605 343">
     <span class='ocr_line' id='line_1_1' title="bbox 466 278 605 343; baseline 0.007 -1"><span class='ocrx_word' id='word_1_1' title='bbox 466 278 605 343; x_wconf 65' lang='grc'>9003</span> 
     </span>
    </p>
   </div>
   <div class='ocr_carea' id='block_1_2' title="bbox 1180 273 2988 335">
    <p class='ocr_par' dir='ltr' id='par_1_2' title="bbox 1180 273 2988 335">
     <span class='ocr_line' id='line_1_2' title="bbox 1180 273 2988 335; baseline -0.002 -2"><span class='ocrx_word' id='word_1_2' title='bbox 1180 276 1452 335; x_wconf 85' lang='lat' dir='ltr'><strong>EUSEBII</strong></span> <span class='ocrx_word' id='word_1_3' title='bbox 1488 275 1967 335; x_wconf 63' lang='lat' dir='ltr'><strong>CASSARIENSIS</strong></span> <span class='ocrx_word' id='word_1_4' title='bbox 2001 274 2150 331; x_wconf 88' lang='lat' dir='ltr'><strong>OPP.</strong></span> <span class='ocrx_word' id='word_1_5' title='bbox 2189 275 2372 333; x_wconf 68' lang='lat' dir='ltr'><strong>PARS</strong></span> <span class='ocrx_word' id='word_1_6' title='bbox 2409 276 2455 333; x_wconf 85' lang='grc' dir='ltr'>Ι.</span> <span class='ocrx_word' id='word_1_7' title='bbox 2493 306 2565 318; x_wconf 93' lang='grc'><strong>-</strong></span> <span class='ocrx_word' id='word_1_8' title='bbox 2596 273 2988 332; x_wconf 76' lang='lat' dir='ltr'><strong>HISTORICA.</strong></span> 
     </span>
    </p>
   </div>
   <div class='ocr_carea' id='block_1_3' title="bbox 3580 272 3718 329">
    <p class='ocr_par' dir='ltr' id='par_1_3' title="bbox 3580 272 3718 329">
     <span class='ocr_line' id='line_1_3' title="bbox 3580 272 3718 329; baseline 0.014 -3"><span class='ocrx_word' id='word_1_9' title='bbox 3580 272 3718 329; x_wconf 64' lang='grc'>1004</span> 
     </span>
    </p>
   </div>
   <div class='ocr_carea' id='block_1_4' title="bbox 466 392 2039 475">
    <p class='ocr_par' dir='ltr' id='par_1_4' title="bbox 466 397 2035 475">
     <span class='ocr_line' id='line_1_4' title="bbox 466 397 2035 475; baseline -0.006 -13"><span class='ocrx_word' id='word_1_10' title='bbox 466 407 701 462; x_wconf 89' lang='lat' dir='ltr'><strong>deducta</strong></span> <span class='ocrx_word' id='word_1_11' title='bbox 734 400 1064 475; x_wconf 74' lang='lat' dir='ltr'><strong>cogitatione</strong></span> <span class='ocrx_word' id='word_1_12' title='bbox 1116 408 1353 469; x_wconf 89' lang='lat' dir='ltr'><strong>repetat.</strong></span> <span class='ocrx_word' id='word_1_13' title='bbox 1409 406 1466 452; x_wconf 89' lang='lat' dir='ltr'><strong>et</strong></span> <span class='ocrx_word' id='word_1_14' title='bbox 1520 410 1609 453; x_wconf 88' lang='lat' dir='ltr'><strong>res</strong></span> <span class='ocrx_word' id='word_1_15' title='bbox 1659 397 1788 452; x_wconf 88' lang='lat' dir='ltr'><strong>olim</strong></span> <span class='ocrx_word' id='word_1_16' title='bbox 1853 403 2035 467; x_wconf 82' lang='lat' dir='ltr'><strong>gestas</strong></span> 
     </span>
    </p>
   </div>
   <div class='ocr_carea' id='block_1_5' title="bbox 2134 392 3719 475">
    <p class='ocr_par' dir='ltr' id='par_1_5' title="bbox 2139 392 3719 468">
     <span class='ocr_line' id='line_1_5' title="bbox 2139 392 3719 468; baseline 0.002 -19"><span class='ocrx_word' id='word_1_17' title='bbox 2139 395 2575 467; x_wconf 77' lang='grc' dir='ltr'><strong>παρατείναντας</strong></span> <span class='ocrx_word' id='word_1_18' title='bbox 2630 395 2855 468; x_wconf 89' lang='grc' dir='ltr'>χρόνους</span> <span class='ocrx_word' id='word_1_19' title='bbox 2899 393 3201 467; x_wconf 86' lang='grc' dir='ltr'>ἀναδράμοι</span> <span class='ocrx_word' id='word_1_20' title='bbox 3245 392 3323 465; x_wconf 81' lang='grc' dir='ltr'><strong>τῷ</strong></span> <span class='ocrx_word' id='word_1_21' title='bbox 3359 392 3459 465; x_wconf 84' lang='grc' dir='ltr'><strong>νῷ,</strong></span> <span class='ocrx_word' id='word_1_22' title='bbox 3489 394 3585 448; x_wconf 82' lang='grc' dir='ltr'>καὶ</span> <span class='ocrx_word' id='word_1_23' title='bbox 3620 395 3719 453; x_wconf 81' lang='grc' dir='ltr'><strong>τὰς</strong></span> 
     </span>
    </p>
   </div>
   <div class='ocr_carea' id='block_1_6' title="bbox 464 489 2038 565">
    <p class='ocr_par' dir='ltr' id='par_1_6' title="bbox 464 489 2038 565">
     <span class='ocr_line' id='line_1_6' title="bbox 464 489 2038 565; baseline -0.007 -12"><span class='ocrx_word' id='word_1_24' title='bbox 464 494 868 565; x_wconf 70' lang='lat' dir='ltr'><strong>contempletur</strong></span> <span class='ocrx_word' id='word_1_25' title='bbox 890 493 1093 557; x_wconf 89' lang='lat' dir='ltr'><strong>animo,</strong></span> <span class='ocrx_word' id='word_1_26' title='bbox 1129 491 1356 546; x_wconf 89' lang='lat' dir='ltr'><strong>omnino</strong></span> <span class='ocrx_word' id='word_1_27' title='bbox 1392 489 1665 559; x_wconf 76' lang='lat' dir='ltr'><strong>reperiet,</strong></span> <span class='ocrx_word' id='word_1_28' title='bbox 1697 503 1793 545; x_wconf 91' lang='lat' dir='ltr'><strong>eos</strong></span> <span class='ocrx_word' id='word_1_29' title='bbox 1821 489 2038 559; x_wconf 87' lang='lat' dir='ltr'><strong>quidem</strong></span> 
     </span>
    </p>
   </div>
   <div class='ocr_carea' id='block_1_7' title="bbox 465 578 2038 658">
    <p class='ocr_par' dir='ltr' id='par_1_7' title="bbox 465 578 2038 658">
     <span class='ocr_line' id='line_1_7' title="bbox 465 578 2038 658; baseline -0.005 -17"><span class='ocrx_word' id='word_1_30' title='bbox 465 588 559 658; x_wconf 87' lang='lat' dir='ltr'><strong>qui</strong></span> <span class='ocrx_word' id='word_1_31' title='bbox 587 587 856 657; x_wconf 77' lang='lat' dir='ltr'><strong>justitiam</strong></span> <span class='ocrx_word' id='word_1_32' title='bbox 884 600 950 639; x_wconf 92' lang='lat' dir='ltr'><strong>ac</strong></span> <span class='ocrx_word' id='word_1_33' title='bbox 978 582 1309 655; x_wconf 82' lang='lat' dir='ltr'><strong>probitatem</strong></span> <span class='ocrx_word' id='word_1_34' title='bbox 1346 580 1757 636; x_wconf 81' lang='lat' dir='ltr'><strong>fundamentum</strong></span> <span class='ocrx_word' id='word_1_35' title='bbox 1797 578 1902 634; x_wconf 86' lang='lat' dir='ltr'><strong>sibi</strong></span> <span class='ocrx_word' id='word_1_36' title='bbox 1948 594 2038 634; x_wconf 88' lang='lat' dir='ltr'><strong>re-</strong></span> 
     </span>
    </p>
   </div>
   <div class='ocr_carea' id='block_1_8' title="bbox 466 670 2038 749">
    <p class='ocr_par' dir='ltr' id='par_1_8' title="bbox 466 670 2038 749">
     <span class='ocr_line' id='line_1_8' title="bbox 466 670 2038 749; baseline -0.008 -16"><span class='ocrx_word' id='word_1_37' title='bbox 466 694 586 733; x_wconf 88' lang='lat' dir='ltr'><strong>rum</strong></span> <span class='ocrx_word' id='word_1_38' title='bbox 626 677 955 749; x_wconf 87' lang='lat' dir='ltr'><strong>agendarum</strong></span> <span class='ocrx_word' id='word_1_39' title='bbox 1007 674 1430 738; x_wconf 89' lang='lat' dir='ltr'><strong>constituerunt,</strong></span> <span class='ocrx_word' id='word_1_40' title='bbox 1461 671 1629 743; x_wconf 57' lang='lat'><strong>556</strong></span> <span class='ocrx_word' id='word_1_41' title='bbox 1667 670 1877 725; x_wconf 81' lang='lat' dir='ltr'><strong>felicem</strong></span> <span class='ocrx_word' id='word_1_42' title='bbox 1907 684 2038 724; x_wconf 86' lang='lat' dir='ltr'><strong>con-</strong></span> 
     </span>
    </p>
   </div>
   <div class='ocr_carea' id='block_1_9' title="bbox 466 756 2039 828">
    <p class='ocr_par' dir='ltr' id='par_1_9' title="bbox 466 756 2039 828">
     <span class='ocr_line' id='line_1_9' title="bbox 466 756 2039 828; baseline -0.007 -5"><span class='ocrx_word' id='word_1_43' title='bbox 466 767 713 823; x_wconf 86' lang='lat' dir='ltr'><strong>siliorum</strong></span> <span class='ocrx_word' id='word_1_44' title='bbox 749 766 955 820; x_wconf 83' lang='lat' dir='ltr'><strong>exitum</strong></span> <span class='ocrx_word' id='word_1_45' title='bbox 983 764 1206 819; x_wconf 89' lang='lat' dir='ltr'><strong>sortitos</strong></span> <span class='ocrx_word' id='word_1_46' title='bbox 1230 777 1373 825; x_wconf 86' lang='lat' dir='ltr'><strong>esse,</strong></span> <span class='ocrx_word' id='word_1_47' title='bbox 1401 770 1457 816; x_wconf 85' lang='lat' dir='ltr'><strong>et</strong></span> <span class='ocrx_word' id='word_1_48' title='bbox 1501 770 1761 828; x_wconf 89' lang='lat' dir='ltr'><strong>tanquam</strong></span> <span class='ocrx_word' id='word_1_49' title='bbox 1801 774 1866 814; x_wconf 79' lang='lat' dir='ltr'><strong>ex</strong></span> <span class='ocrx_word' id='word_1_50' title='bbox 1896 756 2039 815; x_wconf 92' lang='lat' dir='ltr'><strong>dulci</strong></span> 
     </span>
    </p>
   </div>
   <div class='ocr_carea' id='block_1_10' title="bbox 463 848 2040 924">
    <p class='ocr_par' dir='ltr' id='par_1_10' title="bbox 463 848 2040 924">
     <span class='ocr_line' id='line_1_10' title="bbox 463 848 2040 924; baseline -0.004 -16"><span class='ocrx_word' id='word_1_51' title='bbox 463 854 695 924; x_wconf 90' lang='lat' dir='ltr'><strong>quadam</strong></span> <span class='ocrx_word' id='word_1_52' title='bbox 727 852 911 907; x_wconf 86' lang='lat' dir='ltr'><strong>radice</strong></span> <span class='ocrx_word' id='word_1_53' title='bbox 934 851 1315 906; x_wconf 79' lang='lat' dir='ltr'><strong>suavissimum</strong></span> <span class='ocrx_word' id='word_1_54' title='bbox 1333 865 1552 920; x_wconf 90' lang='lat' dir='ltr'><strong>quoquc</strong></span> <span class='ocrx_word' id='word_1_55' title='bbox 1582 848 1820 903; x_wconf 91' lang='lat' dir='ltr'><strong>fructum</strong></span> <span class='ocrx_word' id='word_1_56' title='bbox 1847 861 2040 918; x_wconf 90' lang='lat' dir='ltr'><strong>perce-</strong></span> 
     </span>
    </p>
   </div>
   <div class='ocr_carea' id='block_1_11' title="bbox 463 940 2040 1015">
    <p class='ocr_par' dir='ltr' id='par_1_11' title="bbox 463 940 2040 1015">
     <span class='ocr_line' id='line_1_11' title="bbox 463 940 2040 1015; baseline -0.004 -16"><span class='ocrx_word' id='word_1_57' title='bbox 463 946 638 1015; x_wconf 81' lang='lat' dir='ltr'><strong>pisse;</strong></span> <span class='ocrx_word' id='word_1_58' title='bbox 657 943 780 999; x_wconf 88' lang='lat' dir='ltr'><strong>illos</strong></span> <span class='ocrx_word' id='word_1_59' title='bbox 804 956 939 999; x_wconf 87' lang='lat' dir='ltr'><strong>vero</strong></span> <span class='ocrx_word' id='word_1_60' title='bbox 976 943 1068 1013; x_wconf 90' lang='lat' dir='ltr'><strong>qui</strong></span> <span class='ocrx_word' id='word_1_61' title='bbox 1093 942 1296 1015; x_wconf 88' lang='lat' dir='ltr'><strong>injusta</strong></span> <span class='ocrx_word' id='word_1_62' title='bbox 1326 940 1565 995; x_wconf 80' lang='lat' dir='ltr'><strong>facinora</strong></span> <span class='ocrx_word' id='word_1_63' title='bbox 1582 954 1722 994; x_wconf 90' lang='lat' dir='ltr'><strong>ausu</strong></span> <span class='ocrx_word' id='word_1_64' title='bbox 1750 940 2040 995; x_wconf 90' lang='lat' dir='ltr'><strong>temerario</strong></span> 
     </span>
    </p>
   </div>
   <div class='ocr_carea' id='block_1_12' title="bbox 464 1032 2039 1106">
    <p class='ocr_par' dir='ltr' id='par_1_12' title="bbox 464 1032 2039 1106">
     <span class='ocr_line' id='line_1_12' title="bbox 464 1032 2039 1106; baseline -0.003 -18"><span class='ocrx_word' id='word_1_65' title='bbox 464 1036 807 1102; x_wconf 86' lang='lat' dir='ltr'><strong>attentarint,</strong></span> <span class='ocrx_word' id='word_1_66' title='bbox 864 1044 921 1089; x_wconf 85' lang='lat' dir='ltr'><strong>et</strong></span> <span class='ocrx_word' id='word_1_67' title='bbox 972 1035 1065 1106; x_wconf 88' lang='lat' dir='ltr'><strong>qui</strong></span> <span class='ocrx_word' id='word_1_68' title='bbox 1097 1035 1361 1088; x_wconf 89' lang='lat' dir='ltr'><strong>adversus</strong></span> <span class='ocrx_word' id='word_1_69' title='bbox 1410 1033 1579 1088; x_wconf 91' lang='lat' dir='ltr'><strong>Deum</strong></span> <span class='ocrx_word' id='word_1_70' title='bbox 1612 1032 1786 1103; x_wconf 92' lang='lat' dir='ltr'><strong>ipsum</strong></span> <span class='ocrx_word' id='word_1_71' title='bbox 1815 1033 2039 1086; x_wconf 80' lang='lat' dir='ltr'><strong>vesania</strong></span> 
     </span>
    </p>
   </div>
   <div class='ocr_carea' id='block_1_13' title="bbox 463 1123 2039 1193">
    <p class='ocr_par' dir='ltr' id='par_1_13' title="bbox 463 1123 2039 1193">
     <span class='ocr_line' id='line_1_13' title="bbox 463 1123 2039 1193; baseline -0.002 -12"><span class='ocrx_word' id='word_1_72' title='bbox 463 1127 668 1182; x_wconf 85' lang='lat' dir='ltr'><strong>mentis</strong></span> <span class='ocrx_word' id='word_1_73' title='bbox 699 1126 908 1182; x_wconf 88' lang='lat' dir='ltr'><strong>fuerint</strong></span> <span class='ocrx_word' id='word_1_74' title='bbox 934 1126 1086 1190; x_wconf 91' lang='lat' dir='ltr'><strong>elati,</strong></span> <span class='ocrx_word' id='word_1_75' title='bbox 1111 1123 1431 1192; x_wconf 88' lang='lat' dir='ltr'><strong>nullumque</strong></span> <span class='ocrx_word' id='word_1_76' title='bbox 1458 1123 1682 1193; x_wconf 83' lang='lat' dir='ltr'><strong>pietatis</strong></span> <span class='ocrx_word' id='word_1_77' title='bbox 1711 1137 1839 1193; x_wconf 88' lang='lat' dir='ltr'><strong>erga</strong></span> <span class='ocrx_word' id='word_1_78' title='bbox 1870 1137 2039 1192; x_wconf 88' lang='lat' dir='ltr'><strong>genus</strong></span> 
     </span>
    </p>
   </div>
   <div class='ocr_carea' id='block_1_14' title="bbox 463 1212 2036 1282">
    <p class='ocr_par' dir='ltr' id='par_1_14' title="bbox 463 1212 2036 1282">
     <span class='ocr_line' id='line_1_14' title="bbox 463 1212 2036 1282; baseline -0.004 -9"><span class='ocrx_word' id='word_1_79' title='bbox 463 1221 757 1273; x_wconf 87' lang='lat' dir='ltr'><strong>humanum</strong></span> <span class='ocrx_word' id='word_1_80' title='bbox 783 1233 1003 1273; x_wconf 86' lang='lat' dir='ltr'><strong>sensum</strong></span> <span class='ocrx_word' id='word_1_81' title='bbox 1033 1216 1318 1271; x_wconf 88' lang='lat' dir='ltr'><strong>habuerint</strong></span> <span class='ocrx_word' id='word_1_82' title='bbox 1344 1215 1472 1279; x_wconf 89' lang='lat' dir='ltr'><strong>;sed</strong></span> <span class='ocrx_word' id='word_1_83' title='bbox 1502 1213 1713 1279; x_wconf 80' lang='lat' dir='ltr'><strong>exsilia,</strong></span> <span class='ocrx_word' id='word_1_84' title='bbox 1736 1212 2036 1282; x_wconf 86' lang='lat' dir='ltr'><strong>infamiam,</strong></span> 
     </span>
    </p>
   </div>
   <div class='ocr_carea' id='block_1_15' title="bbox 459 1305 2041 1382">
    <p class='ocr_par' dir='ltr' id='par_1_15' title="bbox 459 1305 2041 1382">
     <span class='ocr_line' id='line_1_15' title="bbox 459 1305 2041 1382; baseline -0.004 -17"><span class='ocrx_word' id='word_1_85' title='bbox 459 1313 721 1367; x_wconf 88' lang='lat' dir='ltr'><strong>honorum</strong></span> <span class='ocrx_word' id='word_1_86' title='bbox 734 1310 1144 1382; x_wconf 91' lang='lat' dir='ltr'><strong>publicationes,</strong></span> <span class='ocrx_word' id='word_1_87' title='bbox 1161 1306 1716 1376; x_wconf 68' lang='lat' dir='ltr'><strong>caedesethujusmodi</strong></span> <span class='ocrx_word' id='word_1_88' title='bbox 1730 1306 1956 1376; x_wconf 77' lang='lat' dir='ltr'><strong>plurima</strong></span> <span class='ocrx_word' id='word_1_89' title='bbox 1974 1305 2041 1359; x_wconf 88' lang='lat' dir='ltr'><strong>ir-</strong></span> 
     </span>
    </p>
   </div>
   <div class='ocr_carea' id='block_1_16' title="bbox 460 1398 2035 1474">
    <p class='ocr_par' dir='ltr' id='par_1_16' title="bbox 460 1398 2035 1474">
     <span class='ocr_line' id='line_1_16' title="bbox 460 1398 2035 1474; baseline -0.004 -18"><span class='ocrx_word' id='word_1_90' title='bbox 460 1403 771 1474; x_wconf 90' lang='lat' dir='ltr'><strong>rogaverint</strong></span> <span class='ocrx_word' id='word_1_91' title='bbox 789 1402 1022 1472; x_wconf 88' lang='lat' dir='ltr'><strong>;quique</strong></span> <span class='ocrx_word' id='word_1_92' title='bbox 1048 1416 1145 1457; x_wconf 85' lang='lat' dir='ltr'><strong>nec</strong></span> <span class='ocrx_word' id='word_1_93' title='bbox 1160 1399 1535 1472; x_wconf 71' lang='lat' dir='ltr'><strong>paenitentiam</strong></span> <span class='ocrx_word' id='word_1_94' title='bbox 1554 1398 1762 1469; x_wconf 79' lang='lat' dir='ltr'><strong>egerint</strong></span> <span class='ocrx_word' id='word_1_95' title='bbox 1780 1411 2035 1466; x_wconf 85' lang='lat' dir='ltr'><strong>unquam,</strong></span> 
     </span>
    </p>
   </div>
   <div class='ocr_carea' id='block_1_17' title="bbox 461 1486 2038 1563">
    <p class='ocr_par' dir='ltr' id='par_1_17' title="bbox 461 1486 2038 1563">
     <span class='ocr_line' id='line_1_17' title="bbox 461 1486 2038 1563; baseline -0.006 -16"><span class='ocrx_word' id='word_1_96' title='bbox 461 1509 562 1549; x_wconf 85' lang='lat' dir='ltr'><strong>nec</strong></span> <span class='ocrx_word' id='word_1_97' title='bbox 582 1494 650 1548; x_wconf 88' lang='lat' dir='ltr'><strong>ad</strong></span> <span class='ocrx_word' id='word_1_98' title='bbox 671 1492 949 1547; x_wconf 84' lang='lat' dir='ltr'><strong>meliorem</strong></span> <span class='ocrx_word' id='word_1_99' title='bbox 968 1490 1176 1563; x_wconf 79' lang='lat' dir='ltr'><strong>frugem</strong></span> <span class='ocrx_word' id='word_1_100' title='bbox 1194 1490 1434 1544; x_wconf 88' lang='lat' dir='ltr'><strong>animum</strong></span> <span class='ocrx_word' id='word_1_101' title='bbox 1453 1503 1610 1543; x_wconf 91' lang='lat' dir='ltr'><strong>suum</strong></span> <span class='ocrx_word' id='word_1_102' title='bbox 1636 1486 2038 1550; x_wconf 80' lang='lat' dir='ltr'><strong>revocaverint,</strong></span> 
     </span>
    </p>
   </div>
   <div class='ocr_carea' id='block_1_18' title="bbox 460 1577 2037 1654">
    <p class='ocr_par' dir='ltr' id='par_1_18' title="bbox 460 1577 2037 1654">
     <span class='ocr_line' id='line_1_18' title="bbox 460 1577 2037 1654; baseline -0.006 -14"><span class='ocrx_word' id='word_1_103' title='bbox 460 1600 649 1654; x_wconf 85' lang='lat' dir='ltr'><strong>parem</strong></span> <span class='ocrx_word' id='word_1_104' title='bbox 679 1597 898 1653; x_wconf 92' lang='lat' dir='ltr'><strong>quoque</strong></span> <span class='ocrx_word' id='word_1_105' title='bbox 934 1582 1242 1637; x_wconf 89' lang='lat' dir='ltr'><strong>mercedem</strong></span> <span class='ocrx_word' id='word_1_106' title='bbox 1267 1579 1537 1635; x_wconf 86' lang='lat' dir='ltr'><strong>retulisse.</strong></span> <span class='ocrx_word' id='word_1_107' title='bbox 1564 1578 1741 1648; x_wconf 79' lang='lat' dir='ltr'><strong>Atque</strong></span> <span class='ocrx_word' id='word_1_108' title='bbox 1770 1577 1887 1633; x_wconf 63' lang='lat' dir='ltr'><strong>haec</strong></span> <span class='ocrx_word' id='word_1_109' title='bbox 1930 1593 2037 1632; x_wconf 89' lang='lat' dir='ltr'><strong>non</strong></span> 
     </span>
    </p>
   </div>
   <div class='ocr_carea' id='block_1_19' title="bbox 460 1671 1725 1746">
    <p class='ocr_par' dir='ltr' id='par_1_19' title="bbox 460 1671 1725 1746">
     <span class='ocr_line' id='line_1_19' title="bbox 460 1671 1725 1746; baseline -0.005 -16"><span class='ocrx_word' id='word_1_110' title='bbox 460 1674 718 1742; x_wconf 86' lang='lat' dir='ltr'><strong>absurde,</strong></span> <span class='ocrx_word' id='word_1_111' title='bbox 748 1688 847 1729; x_wconf 92' lang='lat' dir='ltr'><strong>nec</strong></span> <span class='ocrx_word' id='word_1_112' title='bbox 869 1684 1066 1746; x_wconf 67' lang='lat' dir='ltr'><strong>praeter</strong></span> <span class='ocrx_word' id='word_1_113' title='bbox 1091 1672 1355 1729; x_wconf 86' lang='lat' dir='ltr'><strong>rationem</strong></span> <span class='ocrx_word' id='word_1_114' title='bbox 1379 1671 1655 1727; x_wconf 86' lang='lat' dir='ltr'><strong>eveniunt.</strong></span> <span class='ocrx_word' id='word_1_115' title='bbox 1704 1688 1725 1724; x_wconf 76' lang='grc' dir='ltr'><strong>ι</strong></span> 
     </span>
    </p>
   </div>
   <div class='ocr_carea' id='block_1_20' title="bbox 1021 1804 1473 1863">
    <p class='ocr_par' dir='ltr' id='par_1_20' title="bbox 1021 1804 1473 1863">
     <span class='ocr_line' id='line_1_20' title="bbox 1021 1804 1473 1863; baseline -0.007 0"><span class='ocrx_word' id='word_1_116' title='bbox 1021 1805 1249 1863; x_wconf 78' lang='lat' dir='ltr'><strong>CAPUT</strong></span> <span class='ocrx_word' id='word_1_117' title='bbox 1282 1804 1473 1860; x_wconf 78' lang='lat' dir='ltr'><strong>XXVI.</strong></span> 
     </span>
    </p>
   </div>
   <div class='ocr_carea' id='block_1_21' title="bbox 461 1899 2042 2023">
    <p class='ocr_par' dir='ltr' id='par_1_21' title="bbox 461 1899 2042 2023">
     <span class='ocr_line' id='line_1_21' title="bbox 461 1899 2042 2023; baseline -0.004 -66"><span class='ocrx_word' id='word_1_118' title='bbox 461 1899 542 1957; x_wconf 80' lang='lat' dir='ltr'><strong>De</strong></span> <span class='ocrx_word' id='word_1_119' title='bbox 570 1902 640 1956; x_wconf 80' lang='lat' dir='ltr'><strong>iis</strong></span> <span class='ocrx_word' id='word_1_120' title='bbox 676 1904 767 1972; x_wconf 83' lang='lat' dir='ltr'><strong>qui</strong></span> <span class='ocrx_word' id='word_1_121' title='bbox 800 1900 1211 2023; x_wconf 33' lang='lat' dir='ltr'><strong>persecutionem</strong></span> <span class='ocrx_word' id='word_1_122' title='bbox 1240 1899 1404 2022; x_wconf 45' lang='lat' dir='ltr'><strong>{cui</strong></span> <span class='ocrx_word' id='word_1_123' title='bbox 1427 1907 1572 1966; x_wconf 80' lang='lat' dir='ltr'><strong>sum,</strong></span> <span class='ocrx_word' id='word_1_124' title='bbox 1606 1906 1658 1954; x_wconf 79' lang='lat' dir='ltr'><strong>et</strong></span> <span class='ocrx_word' id='word_1_125' title='bbox 1683 1899 1750 1953; x_wconf 82' lang='lat' dir='ltr'><strong>de</strong></span> <span class='ocrx_word' id='word_1_126' title='bbox 1802 1913 2042 1969; x_wconf 78' lang='lat' dir='ltr'><strong>persecu-</strong></span> 
     </span>
     <span class='ocr_line' id='line_1_22' title="bbox 1172 1984 1373 2023; baseline 0 0"><span class='ocrx_word' id='word_1_127' title='bbox 1172 1984 1252 2023; x_wconf 83' lang='lat' dir='ltr'><strong>ort</strong></span> <span class='ocrx_word' id='word_1_128' title='bbox 1290 1985 1373 2023; x_wconf 80' lang='lat' dir='ltr'><strong>us.</strong></span> 
     </span>
    </p>
   </div>
   <div class='ocr_carea' id='block_1_22' title="bbox 1172 1984 1373 2023">
    <p class='ocr_par' dir='ltr' id='par_1_22' title="bbox 1172 1984 1373 2023">
     <span class='ocr_line' id='line_1_23' title="bbox 1172 1984 1373 2023; baseline 0 0"><span class='ocrx_word' id='word_1_129' title='bbox 1172 1984 1373 2023; x_wconf 71' lang='grc' dir='ltr'>οτιυιισ.</span> 
     </span>
    </p>
   </div>
   <div class='ocr_carea' id='block_1_23' title="bbox 539 2057 2040 2133">
    <p class='ocr_par' dir='ltr' id='par_1_23' title="bbox 539 2057 2040 2133">
     <span class='ocr_line' id='line_1_24' title="bbox 539 2057 2040 2133; baseline -0.003 -16"><span class='ocrx_word' id='word_1_130' title='bbox 539 2062 724 2133; x_wconf 65' lang='lat' dir='ltr'><strong>(Nam</strong></span> <span class='ocrx_word' id='word_1_131' title='bbox 757 2064 1068 2133; x_wconf 87' lang='lat' dir='ltr'><strong>quicunque</strong></span> <span class='ocrx_word' id='word_1_132' title='bbox 1101 2076 1225 2117; x_wconf 90' lang='lat' dir='ltr'><strong>cum</strong></span> <span class='ocrx_word' id='word_1_133' title='bbox 1252 2061 1398 2129; x_wconf 77' lang='lat' dir='ltr'><strong>justo</strong></span> <span class='ocrx_word' id='word_1_134' title='bbox 1429 2058 1596 2115; x_wconf 90' lang='lat' dir='ltr'><strong>animi</strong></span> <span class='ocrx_word' id='word_1_135' title='bbox 1642 2057 1926 2129; x_wconf 60' lang='lat' dir='ltr'><strong>propositi.</strong></span> <span class='ocrx_word' id='word_1_136' title='bbox 1973 2057 2040 2112; x_wconf 91' lang='lat' dir='ltr'><strong>ad</strong></span> 
     </span>
    </p>
   </div>
   <div class='ocr_carea' id='block_1_24' title="bbox 457 2147 2042 2226">
    <p class='ocr_par' dir='ltr' id='par_1_24' title="bbox 457 2147 2042 2226">
     <span class='ocr_line' id='line_1_25' title="bbox 457 2147 2042 2226; baseline -0.006 -16"><span class='ocrx_word' id='word_1_137' title='bbox 457 2155 726 2226; x_wconf 87' lang='lat' dir='ltr'><strong>agendum</strong></span> <span class='ocrx_word' id='word_1_138' title='bbox 803 2152 1091 2217; x_wconf 85' lang='lat' dir='ltr'><strong>accedunt,</strong></span> <span class='ocrx_word' id='word_1_139' title='bbox 1179 2160 1237 2207; x_wconf 84' lang='lat' dir='ltr'><strong>et</strong></span> <span class='ocrx_word' id='word_1_140' title='bbox 1297 2150 1553 2206; x_wconf 89' lang='lat' dir='ltr'><strong>timorem</strong></span> <span class='ocrx_word' id='word_1_141' title='bbox 1620 2147 1715 2202; x_wconf 90' lang='lat' dir='ltr'><strong>Dei</strong></span> <span class='ocrx_word' id='word_1_142' title='bbox 1768 2155 2042 2218; x_wconf 81' lang='lat' dir='ltr'><strong>perpetuo</strong></span> 
     </span>
    </p>
   </div>
   <div class='ocr_carea' id='block_1_25' title="bbox 457 2238 2041 2316">
    <p class='ocr_par' dir='ltr' id='par_1_25' title="bbox 457 2238 2041 2316">
     <span class='ocr_line' id='line_1_26' title="bbox 457 2238 2041 2316; baseline -0.007 -14"><span class='ocrx_word' id='word_1_143' title='bbox 457 2261 574 2316; x_wconf 66' lang='lat' dir='ltr'><strong>pra:</strong></span> <span class='ocrx_word' id='word_1_144' title='bbox 608 2243 784 2300; x_wconf 86' lang='lat' dir='ltr'><strong>oculis</strong></span> <span class='ocrx_word' id='word_1_145' title='bbox 838 2242 1076 2308; x_wconf 87' lang='lat' dir='ltr'><strong>habent,</strong></span> <span class='ocrx_word' id='word_1_146' title='bbox 1117 2248 1460 2298; x_wconf 85' lang='lat' dir='ltr'><strong>constantem</strong></span> <span class='ocrx_word' id='word_1_147' title='bbox 1517 2253 1647 2310; x_wconf 85' lang='lat' dir='ltr'><strong>erga</strong></span> <span class='ocrx_word' id='word_1_148' title='bbox 1698 2238 1850 2292; x_wconf 89' lang='lat' dir='ltr'><strong>illum</strong></span> <span class='ocrx_word' id='word_1_149' title='bbox 1911 2238 2041 2292; x_wconf 84' lang='lat' dir='ltr'><strong>reti-</strong></span> 
     </span>
    </p>
   </div>
   <div class='ocr_carea' id='block_1_26' title="bbox 456 2328 2040 2402">
    <p class='ocr_par' dir='ltr' id='par_1_26' title="bbox 456 2328 2040 2402">
     <span class='ocr_line' id='line_1_27' title="bbox 456 2328 2040 2402; baseline -0.006 -11"><span class='ocrx_word' id='word_1_150' title='bbox 456 2345 649 2392; x_wconf 87' lang='lat' dir='ltr'><strong>nentes</strong></span> <span class='ocrx_word' id='word_1_151' title='bbox 713 2332 1140 2402; x_wconf 85' lang='lat' dir='ltr'><strong>fidem;quique</strong></span> <span class='ocrx_word' id='word_1_152' title='bbox 1195 2329 1486 2401; x_wconf 58' lang='lat' dir='ltr'><strong>praesentis</strong></span> <span class='ocrx_word' id='word_1_153' title='bbox 1554 2329 1683 2383; x_wconf 59' lang='lat' dir='ltr'><strong>vita».</strong></span> <span class='ocrx_word' id='word_1_154' title='bbox 1743 2328 1921 2382; x_wconf 88' lang='lat' dir='ltr'><strong>minas</strong></span> <span class='ocrx_word' id='word_1_155' title='bbox 1973 2342 2040 2382; x_wconf 89' lang='lat' dir='ltr'><strong>ac</strong></span> 
     </span>
    </p>
   </div>
   <div class='ocr_carea' id='block_1_27' title="bbox 457 2420 2041 2499">
    <p class='ocr_par' dir='ltr' id='par_1_27' title="bbox 457 2420 2041 2499">
     <span class='ocr_line' id='line_1_28' title="bbox 457 2420 2041 2499; baseline -0.006 -16"><span class='ocrx_word' id='word_1_156' title='bbox 457 2426 721 2499; x_wconf 86' lang='lat' dir='ltr'><strong>pericula,</strong></span> <span class='ocrx_word' id='word_1_157' title='bbox 754 2425 869 2494; x_wconf 88' lang='lat' dir='ltr'><strong>spei</strong></span> <span class='ocrx_word' id='word_1_158' title='bbox 903 2423 1212 2478; x_wconf 90' lang='lat' dir='ltr'><strong>futurorum</strong></span> <span class='ocrx_word' id='word_1_159' title='bbox 1239 2424 1506 2477; x_wconf 90' lang='lat' dir='ltr'><strong>honorum</strong></span> <span class='ocrx_word' id='word_1_160' title='bbox 1548 2420 1776 2475; x_wconf 87' lang='lat' dir='ltr'><strong>minime</strong></span> <span class='ocrx_word' id='word_1_161' title='bbox 1815 2428 2041 2489; x_wconf 85' lang='lat' dir='ltr'><strong>antepo-</strong></span> 
     </span>
    </p>
   </div>
   <div class='ocr_carea' id='block_1_28' title="bbox 460 2510 2037 2584">
    <p class='ocr_par' dir='ltr' id='par_1_28' title="bbox 460 2510 2037 2584">
     <span class='ocr_line' id='line_1_29' title="bbox 460 2510 2037 2584; baseline -0.003 -14"><span class='ocrx_word' id='word_1_162' title='bbox 460 2527 635 2572; x_wconf 89' lang='lat' dir='ltr'><strong>nunt:</strong></span> <span class='ocrx_word' id='word_1_163' title='bbox 665 2516 746 2580; x_wconf 92' lang='lat' dir='ltr'><strong>hi,</strong></span> <span class='ocrx_word' id='word_1_164' title='bbox 792 2513 1041 2584; x_wconf 80' lang='lat' dir='ltr'><strong>quamvis</strong></span> <span class='ocrx_word' id='word_1_165' title='bbox 1090 2512 1257 2567; x_wconf 89' lang='lat' dir='ltr'><strong>multa</strong></span> <span class='ocrx_word' id='word_1_166' title='bbox 1297 2513 1493 2567; x_wconf 90' lang='lat' dir='ltr'><strong>acerba</strong></span> <span class='ocrx_word' id='word_1_167' title='bbox 1534 2526 1599 2565; x_wconf 88' lang='lat' dir='ltr'><strong>ac</strong></span> <span class='ocrx_word' id='word_1_168' title='bbox 1628 2510 1853 2565; x_wconf 87' lang='lat' dir='ltr'><strong>molesta</strong></span> <span class='ocrx_word' id='word_1_169' title='bbox 1891 2510 2037 2572; x_wconf 75' lang='lat' dir='ltr'><strong>hrevj</strong></span> 
     </span>
    </p>
   </div>
   <div class='ocr_carea' id='block_1_29' title="bbox 459 2602 2037 2676">
    <p class='ocr_par' dir='ltr' id='par_1_29' title="bbox 459 2602 2037 2676">
     <span class='ocr_line' id='line_1_30' title="bbox 459 2602 2037 2676; baseline -0.004 -14"><span class='ocrx_word' id='word_1_170' title='bbox 459 2607 723 2676; x_wconf 76' lang='lat' dir='ltr'><strong>temporis</strong></span> <span class='ocrx_word' id='word_1_171' title='bbox 749 2605 924 2675; x_wconf 86' lang='lat' dir='ltr'><strong>spatio</strong></span> <span class='ocrx_word' id='word_1_172' title='bbox 949 2604 1162 2675; x_wconf 79' lang='lat' dir='ltr'><strong>experti</strong></span> <span class='ocrx_word' id='word_1_173' title='bbox 1221 2604 1350 2667; x_wconf 88' lang='lat' dir='ltr'><strong>sint,</strong></span> <span class='ocrx_word' id='word_1_174' title='bbox 1405 2615 1581 2657; x_wconf 90' lang='lat' dir='ltr'><strong>tamen</strong></span> <span class='ocrx_word' id='word_1_175' title='bbox 1616 2616 1712 2671; x_wconf 88' lang='lat' dir='ltr'><strong>spe</strong></span> <span class='ocrx_word' id='word_1_176' title='bbox 1769 2602 2037 2672; x_wconf 85' lang='lat' dir='ltr'><strong>majorum</strong></span> 
     </span>
    </p>
   </div>
   <div class='ocr_carea' id='block_1_30' title="bbox 457 2693 2039 2769">
    <p class='ocr_par' dir='ltr' id='par_1_30' title="bbox 457 2693 2039 2769">
     <span class='ocr_line' id='line_1_31' title="bbox 457 2693 2039 2769; baseline -0.003 -18"><span class='ocrx_word' id='word_1_177' title='bbox 457 2697 804 2769; x_wconf 56' lang='lat' dir='ltr'><strong>praemiorum</strong></span> <span class='ocrx_word' id='word_1_178' title='bbox 867 2710 989 2764; x_wconf 68' lang='lat' dir='ltr'><strong>quae</strong></span> <span class='ocrx_word' id='word_1_179' title='bbox 1055 2696 1157 2750; x_wconf 91' lang='lat' dir='ltr'><strong>sibi</strong></span> <span class='ocrx_word' id='word_1_180' title='bbox 1219 2694 1498 2749; x_wconf 87' lang='lat' dir='ltr'><strong>recondita</strong></span> <span class='ocrx_word' id='word_1_181' title='bbox 1549 2709 1670 2750; x_wconf 89' lang='lat' dir='ltr'><strong>esse</strong></span> <span class='ocrx_word' id='word_1_182' title='bbox 1727 2693 2039 2749; x_wconf 85' lang='lat' dir='ltr'><strong>firmissime</strong></span> 
     </span>
    </p>
   </div>
   <div class='ocr_carea' id='block_1_31' title="bbox 456 2785 2038 2856">
    <p class='ocr_par' dir='ltr' id='par_1_31' title="bbox 456 2785 2038 2856">
     <span class='ocr_line' id='line_1_32' title="bbox 456 2785 2038 2856; baseline -0.004 -10"><span class='ocrx_word' id='word_1_183' title='bbox 456 2790 706 2855; x_wconf 89' lang='lat' dir='ltr'><strong>credunt,</strong></span> <span class='ocrx_word' id='word_1_184' title='bbox 740 2787 1046 2856; x_wconf 73' lang='lat' dir='ltr'><strong>ingruentia</strong></span> <span class='ocrx_word' id='word_1_185' title='bbox 1080 2786 1224 2841; x_wconf 86' lang='lat' dir='ltr'><strong>mala</strong></span> <span class='ocrx_word' id='word_1_186' title='bbox 1286 2801 1627 2855; x_wconf 88' lang='lat' dir='ltr'><strong>nequaquam</strong></span> <span class='ocrx_word' id='word_1_187' title='bbox 1658 2800 1806 2855; x_wconf 66' lang='lat' dir='ltr'><strong>aegro</strong></span> <span class='ocrx_word' id='word_1_188' title='bbox 1856 2785 2038 2840; x_wconf 89' lang='lat' dir='ltr'><strong>animo</strong></span> 
     </span>
    </p>
   </div>
   <div class='ocr_carea' id='block_1_32' title="bbox 455 2876 2040 2951">
    <p class='ocr_par' dir='ltr' id='par_1_32' title="bbox 455 2876 2040 2951">
     <span class='ocr_line' id='line_1_33' title="bbox 455 2876 2040 2951; baseline -0.003 -16"><span class='ocrx_word' id='word_1_189' title='bbox 455 2880 828 2951; x_wconf 89' lang='lat' dir='ltr'><strong>pertulerunt;</strong></span> <span class='ocrx_word' id='word_1_190' title='bbox 867 2881 965 2933; x_wconf 90' lang='lat' dir='ltr'><strong>sed</strong></span> <span class='ocrx_word' id='word_1_191' title='bbox 998 2892 1107 2949; x_wconf 90' lang='lat' dir='ltr'><strong>quo</strong></span> <span class='ocrx_word' id='word_1_192' title='bbox 1133 2878 1411 2947; x_wconf 83' lang='lat' dir='ltr'><strong>graviores</strong></span> <span class='ocrx_word' id='word_1_193' title='bbox 1430 2879 1635 2947; x_wconf 76' lang='lat' dir='ltr'><strong>experti</strong></span> <span class='ocrx_word' id='word_1_194' title='bbox 1660 2886 1786 2933; x_wconf 90' lang='lat' dir='ltr'><strong>sunt</strong></span> <span class='ocrx_word' id='word_1_195' title='bbox 1816 2876 2040 2932; x_wconf 82' lang='lat' dir='ltr'><strong>calami-</strong></span> 
     </span>
    </p>
   </div>
   <div class='ocr_carea' id='block_1_33' title="bbox 459 2966 2037 3039">
    <p class='ocr_par' dir='ltr' id='par_1_33' title="bbox 459 2966 2037 3039">
     <span class='ocr_line' id='line_1_34' title="bbox 459 2966 2037 3039; baseline -0.003 -13"><span class='ocrx_word' id='word_1_196' title='bbox 459 2983 623 3038; x_wconf 85' lang='lat' dir='ltr'><strong>tates,</strong></span> <span class='ocrx_word' id='word_1_197' title='bbox 659 2986 736 3026; x_wconf 91' lang='lat' dir='ltr'><strong>eo</strong></span> <span class='ocrx_word' id='word_1_198' title='bbox 768 2970 1055 3025; x_wconf 88' lang='lat' dir='ltr'><strong>clariorem</strong></span> <span class='ocrx_word' id='word_1_199' title='bbox 1090 2968 1316 3039; x_wconf 83' lang='lat' dir='ltr'><strong>gloriam</strong></span> <span class='ocrx_word' id='word_1_200' title='bbox 1350 2976 1718 3037; x_wconf 81' lang='lat' dir='ltr'><strong>rcportarunt.</strong></span> <span class='ocrx_word' id='word_1_201' title='bbox 1748 2966 1849 3034; x_wconf 87' lang='lat' dir='ltr'><strong>Qui</strong></span> <span class='ocrx_word' id='word_1_202' title='bbox 1907 2981 2037 3021; x_wconf 87' lang='lat' dir='ltr'><strong>vero</strong></span> 
     </span>
    </p>
   </div>
   <div class='ocr_carea' id='block_1_34' title="bbox 2143 485 3719 558">
    <p class='ocr_par' dir='ltr' id='par_1_34' title="bbox 2143 485 3719 558">
     <span class='ocr_line' id='line_1_35' title="bbox 2143 485 3719 558; baseline 0.001 -19"><span class='ocrx_word' id='word_1_203' title='bbox 2143 486 2406 558; x_wconf 88' lang='grc' dir='ltr'>πρότερον</span> <span class='ocrx_word' id='word_1_204' title='bbox 2455 485 2754 556; x_wconf 80' lang='grc' dir='ltr'>γενομένας</span> <span class='ocrx_word' id='word_1_205' title='bbox 2800 485 3031 558; x_wconf 82' lang='grc' dir='ltr'>πραξεις</span> <span class='ocrx_word' id='word_1_206' title='bbox 3078 486 3283 539; x_wconf 82' lang='grc' dir='ltr'><strong>κατίδοι</strong></span> <span class='ocrx_word' id='word_1_207' title='bbox 3329 485 3410 558; x_wconf 86' lang='grc' dir='ltr'><strong>τῷ</strong></span> <span class='ocrx_word' id='word_1_208' title='bbox 3452 485 3719 558; x_wconf 84' lang='grc' dir='ltr'><strong>λογισμῷ,</strong></span> 
     </span>
    </p>
   </div>
   <div class='ocr_carea' id='block_1_35' title="bbox 2143 576 3721 652">
    <p class='ocr_par' dir='ltr' id='par_1_35' title="bbox 2143 576 3721 652">
     <span class='ocr_line' id='line_1_36' title="bbox 2143 576 3721 652; baseline 0.001 -21"><span class='ocrx_word' id='word_1_209' title='bbox 2143 577 2347 641; x_wconf 81' lang='grc' dir='ltr'>πάντας</span> <span class='ocrx_word' id='word_1_210' title='bbox 2381 576 2447 631; x_wconf 81' lang='grc' dir='ltr'>ἂν</span> <span class='ocrx_word' id='word_1_211' title='bbox 2491 577 2640 650; x_wconf 81' lang='grc' dir='ltr'>εὖροι</span> <span class='ocrx_word' id='word_1_212' title='bbox 2684 577 2809 642; x_wconf 81' lang='grc' dir='ltr'>τοὺς</span> <span class='ocrx_word' id='word_1_213' title='bbox 2843 577 2940 648; x_wconf 84' lang='grc' dir='ltr'>μὲν</span> <span class='ocrx_word' id='word_1_214' title='bbox 2977 579 3090 631; x_wconf 81' lang='grc' dir='ltr'>ὅσοι</span> <span class='ocrx_word' id='word_1_215' title='bbox 3131 577 3346 633; x_wconf 88' lang='grc' dir='ltr'>δικαίαν</span> <span class='ocrx_word' id='word_1_216' title='bbox 3387 577 3482 632; x_wconf 76' lang='grc' dir='ltr'>καὶ</span> <span class='ocrx_word' id='word_1_217' title='bbox 3509 578 3721 652; x_wconf 80' lang='grc' dir='ltr'>ἀγαθὴν</span> 
     </span>
    </p>
   </div>
   <div class='ocr_carea' id='block_1_36' title="bbox 2141 666 3721 739">
    <p class='ocr_par' dir='ltr' id='par_1_36' title="bbox 2141 666 3721 739">
     <span class='ocr_line' id='line_1_37' title="bbox 2141 666 3721 739; baseline 0.001 -21"><span class='ocrx_word' id='word_1_218' title='bbox 2141 666 2639 736; x_wconf 86' lang='grc' dir='ltr'>προκατεϐἀλλοντο</span> <span class='ocrx_word' id='word_1_219' title='bbox 2665 666 2775 720; x_wconf 91' lang='grc' dir='ltr'><strong>τῶν</strong></span> <span class='ocrx_word' id='word_1_220' title='bbox 2801 667 3141 739; x_wconf 74' lang='grc' dir='ltr'><strong>πραγμάτων</strong></span> <span class='ocrx_word' id='word_1_221' title='bbox 3174 666 3433 739; x_wconf 82' lang='grc' dir='ltr'><strong>κρηπῖδα,</strong></span> <span class='ocrx_word' id='word_1_222' title='bbox 3476 669 3558 732; x_wconf 83' lang='grc' dir='ltr'><strong>είς</strong></span> <span class='ocrx_word' id='word_1_223' title='bbox 3582 668 3721 736; x_wconf 86' lang='grc' dir='ltr'>ἀγα-</span> 
     </span>
    </p>
   </div>
   <div class='ocr_carea' id='block_1_37' title="bbox 2141 761 3723 836">
    <p class='ocr_par' dir='ltr' id='par_1_37' title="bbox 2141 761 3723 836">
     <span class='ocr_line' id='line_1_38' title="bbox 2141 761 3723 836; baseline 0.003 -21"><span class='ocrx_word' id='word_1_224' title='bbox 2141 761 2233 815; x_wconf 79' lang='grc' dir='ltr'><strong>θὸν</strong></span> <span class='ocrx_word' id='word_1_225' title='bbox 2269 762 2364 815; x_wconf 77' lang='grc' dir='ltr'>καὶ</span> <span class='ocrx_word' id='word_1_226' title='bbox 2405 763 2820 833; x_wconf 84' lang='grc' dir='ltr'>προαγαγόντας</span> <span class='ocrx_word' id='word_1_227' title='bbox 2864 761 2964 827; x_wconf 84' lang='grc' dir='ltr'><strong>τὰς</strong></span> <span class='ocrx_word' id='word_1_228' title='bbox 3006 763 3346 836; x_wconf 87' lang='grc' dir='ltr'>ἐγχειρήσεις</span> <span class='ocrx_word' id='word_1_229' title='bbox 3380 763 3576 835; x_wconf 86' lang='grc' dir='ltr'>πέρας,</span> <span class='ocrx_word' id='word_1_230' title='bbox 3624 763 3723 819; x_wconf 77' lang='grc' dir='ltr'>καὶ</span> 
     </span>
    </p>
   </div>
   <div class='ocr_carea' id='block_1_38' title="bbox 2139 845 3722 924">
    <p class='ocr_par' dir='ltr' id='par_1_38' title="bbox 2139 845 3722 924">
     <span class='ocr_line' id='line_1_39' title="bbox 2139 845 3722 924; baseline 0.003 -20"><span class='ocrx_word' id='word_1_231' title='bbox 2139 845 2251 904; x_wconf 78' lang='grc' dir='ltr'>οἷον</span> <span class='ocrx_word' id='word_1_232' title='bbox 2293 852 2400 905; x_wconf 85' lang='grc' dir='ltr'>ἀπὸ</span> <span class='ocrx_word' id='word_1_233' title='bbox 2448 851 2605 923; x_wconf 80' lang='grc' dir='ltr'><strong>ῥίζης</strong></span> <span class='ocrx_word' id='word_1_234' title='bbox 2645 852 2790 917; x_wconf 83' lang='grc' dir='ltr'>τινὸς</span> <span class='ocrx_word' id='word_1_235' title='bbox 2830 852 3013 923; x_wconf 80' lang='grc' dir='ltr'>ἡδείας</span> <span class='ocrx_word' id='word_1_236' title='bbox 3050 853 3455 924; x_wconf 81' lang='grc' dir='ltr'><strong>κομισαμένους</strong></span> <span class='ocrx_word' id='word_1_237' title='bbox 3494 855 3588 909; x_wconf 74' lang='grc' dir='ltr'>καὶ</span> <span class='ocrx_word' id='word_1_238' title='bbox 3628 854 3722 913; x_wconf 82' lang='grc' dir='ltr'><strong>τὸν</strong></span> 
     </span>
    </p>
   </div>
   <div class='ocr_carea' id='block_1_39' title="bbox 2143 941 3723 1016">
    <p class='ocr_par' dir='ltr' id='par_1_39' title="bbox 2143 941 3723 1016">
     <span class='ocr_line' id='line_1_40' title="bbox 2143 941 3723 1016; baseline 0.003 -20"><span class='ocrx_word' id='word_1_239' title='bbox 2143 942 2356 997; x_wconf 77' lang='grc' dir='ltr'>καρπὸν</span> <span class='ocrx_word' id='word_1_240' title='bbox 2376 941 2604 1012; x_wconf 78' lang='grc' dir='ltr'>γλυκὺνο</span> <span class='ocrx_word' id='word_1_241' title='bbox 2642 942 2770 1007; x_wconf 79' lang='grc' dir='ltr'>τοὺς</span> <span class='ocrx_word' id='word_1_242' title='bbox 2792 942 2837 996; x_wconf 80' lang='grc' dir='ltr'>δ’</span> <span class='ocrx_word' id='word_1_243' title='bbox 2866 942 3070 1007; x_wconf 80' lang='grc' dir='ltr'>ἀδίκοις</span> <span class='ocrx_word' id='word_1_244' title='bbox 3102 945 3560 1016; x_wconf 74' lang='grc' dir='ltr'>ἐπιχειρήσαντας</span> <span class='ocrx_word' id='word_1_245' title='bbox 3600 945 3723 1000; x_wconf 89' lang='grc' dir='ltr'>τόλ-</span> 
     </span>
    </p>
   </div>
   <div class='ocr_carea' id='block_1_40' title="bbox 2143 1032 3719 1107">
    <p class='ocr_par' dir='ltr' id='par_1_40' title="bbox 2143 1032 3719 1107">
     <span class='ocr_line' id='line_1_41' title="bbox 2143 1032 3719 1107; baseline 0.003 -21"><span class='ocrx_word' id='word_1_246' title='bbox 2143 1051 2293 1103; x_wconf 91' lang='grc' dir='ltr'>μαις,</span> <span class='ocrx_word' id='word_1_247' title='bbox 2326 1034 2420 1087; x_wconf 79' lang='grc' dir='ltr'>καὶ</span> <span class='ocrx_word' id='word_1_248' title='bbox 2443 1032 2477 1105; x_wconf 81' lang='grc' dir='ltr'>ἢ</span> <span class='ocrx_word' id='word_1_249' title='bbox 2511 1032 2648 1105; x_wconf 82' lang='grc' dir='ltr'>πρὸς</span> <span class='ocrx_word' id='word_1_250' title='bbox 2670 1034 2732 1087; x_wconf 83' lang='grc' dir='ltr'>τὸ</span> <span class='ocrx_word' id='word_1_251' title='bbox 2759 1036 3006 1105; x_wconf 85' lang='grc' dir='ltr'>κρεῖττον</span> <span class='ocrx_word' id='word_1_252' title='bbox 3039 1034 3280 1106; x_wconf 80' lang='grc' dir='ltr'>ἀνοήτως</span> <span class='ocrx_word' id='word_1_253' title='bbox 3305 1034 3661 1106; x_wconf 87' lang='grc' dir='ltr'>ἐκμανέντας,</span> <span class='ocrx_word' id='word_1_254' title='bbox 3683 1036 3719 1107; x_wconf 78' lang='grc' dir='ltr'>ἦ</span> 
     </span>
    </p>
   </div>
   <div class='ocr_carea' id='block_1_41' title="bbox 2139 1123 3720 1198">
    <p class='ocr_par' dir='ltr' id='par_1_41' title="bbox 2139 1123 3720 1198">
     <span class='ocr_line' id='line_1_42' title="bbox 2139 1123 3720 1198; baseline 0.001 -20"><span class='ocrx_word' id='word_1_255' title='bbox 2139 1124 2278 1198; x_wconf 79' lang='grc' dir='ltr'>πρὸς</span> <span class='ocrx_word' id='word_1_256' title='bbox 2299 1124 2359 1179; x_wconf 82' lang='grc' dir='ltr'>τὸ</span> <span class='ocrx_word' id='word_1_257' title='bbox 2391 1123 2729 1195; x_wconf 85' lang='grc' dir='ltr'>ἀνθρώπινον</span> <span class='ocrx_word' id='word_1_258' title='bbox 2751 1125 2906 1194; x_wconf 86' lang='grc' dir='ltr'>γένος</span> <span class='ocrx_word' id='word_1_259' title='bbox 2932 1125 3041 1197; x_wconf 83' lang='grc'>(69)</span> <span class='ocrx_word' id='word_1_260' title='bbox 3071 1126 3328 1197; x_wconf 78' lang='grc' dir='ltr'>λογισμὸν</span> <span class='ocrx_word' id='word_1_261' title='bbox 3353 1127 3500 1180; x_wconf 81' lang='grc' dir='ltr'>ὅσιον</span> <span class='ocrx_word' id='word_1_262' title='bbox 3529 1126 3720 1180; x_wconf 76' lang='grc' dir='ltr'>οὐδένα</span> 
     </span>
    </p>
   </div>
   <div class='ocr_carea' id='block_1_42' title="bbox 2139 1216 3717 1289">
    <p class='ocr_par' dir='ltr' id='par_1_42' title="bbox 2139 1216 3717 1289">
     <span class='ocr_line' id='line_1_43' title="bbox 2139 1216 3717 1289; baseline 0.001 -19"><span class='ocrx_word' id='word_1_263' title='bbox 2139 1216 2421 1281; x_wconf 90' lang='grc' dir='ltr'>λαϐόντας,</span> <span class='ocrx_word' id='word_1_264' title='bbox 2460 1216 2596 1270; x_wconf 90' lang='grc' dir='ltr'><strong>ἀλλά</strong></span> <span class='ocrx_word' id='word_1_265' title='bbox 2636 1218 2834 1287; x_wconf 82' lang='grc' dir='ltr'>φυγὰς,</span> <span class='ocrx_word' id='word_1_266' title='bbox 2865 1218 3106 1289; x_wconf 89' lang='grc' dir='ltr'>ἀτιμίας,</span> <span class='ocrx_word' id='word_1_267' title='bbox 3138 1218 3450 1289; x_wconf 77' lang='grc' dir='ltr'>δημεύσεις,</span> <span class='ocrx_word' id='word_1_268' title='bbox 3482 1217 3717 1289; x_wconf 78' lang='grc' dir='ltr'>σφαγὰς,</span> 
     </span>
    </p>
   </div>
   <div class='ocr_carea' id='block_1_43' title="bbox 2138 1306 3719 1381">
    <p class='ocr_par' dir='ltr' id='par_1_43' title="bbox 2138 1306 3719 1381">
     <span class='ocr_line' id='line_1_44' title="bbox 2138 1306 3719 1381; baseline 0.001 -21"><span class='ocrx_word' id='word_1_269' title='bbox 2138 1307 2363 1361; x_wconf 78' lang='grc' dir='ltr'>τοιαῦτα</span> <span class='ocrx_word' id='word_1_270' title='bbox 2401 1306 2572 1360; x_wconf 83' lang='grc' dir='ltr'>πολλὰ</span> <span class='ocrx_word' id='word_1_271' title='bbox 2602 1308 2997 1381; x_wconf 82' lang='grc' dir='ltr'>τολμήσαντας,</span> <span class='ocrx_word' id='word_1_272' title='bbox 3027 1309 3121 1361; x_wconf 73' lang='grc' dir='ltr'>καὶ</span> <span class='ocrx_word' id='word_1_273' title='bbox 3150 1308 3269 1361; x_wconf 84' lang='grc' dir='ltr'>οὐδὲ</span> <span class='ocrx_word' id='word_1_274' title='bbox 3316 1307 3719 1379; x_wconf 80' lang='grc' dir='ltr'>μεταμεληθέν-</span> 
     </span>
    </p>
   </div>
   <div class='ocr_carea' id='block_1_44' title="bbox 2138 1399 3720 1473">
    <p class='ocr_par' dir='ltr' id='par_1_44' title="bbox 2138 1399 3720 1473">
     <span class='ocr_line' id='line_1_45' title="bbox 2138 1399 3720 1473; baseline 0.001 -20"><span class='ocrx_word' id='word_1_275' title='bbox 2138 1417 2235 1467; x_wconf 93' lang='grc' dir='ltr'><strong>τας</strong></span> <span class='ocrx_word' id='word_1_276' title='bbox 2273 1400 2425 1465; x_wconf 90' lang='grc' dir='ltr'>ποτέ,</span> <span class='ocrx_word' id='word_1_277' title='bbox 2470 1399 2589 1453; x_wconf 82' lang='grc' dir='ltr'>οὐδέ</span> <span class='ocrx_word' id='word_1_278' title='bbox 2616 1400 2708 1453; x_wconf 82' lang='grc' dir='ltr'><strong>τὸν</strong></span> <span class='ocrx_word' id='word_1_279' title='bbox 2729 1399 2852 1453; x_wconf 75' lang='grc' dir='ltr'>νοῦν</span> <span class='ocrx_word' id='word_1_280' title='bbox 2884 1400 3315 1473; x_wconf 77' lang='grc' dir='ltr'>ἐπιστρέψαντας</span> <span class='ocrx_word' id='word_1_281' title='bbox 3342 1400 3479 1471; x_wconf 81' lang='grc' dir='ltr'>πρὸς</span> <span class='ocrx_word' id='word_1_282' title='bbox 3497 1400 3567 1454; x_wconf 93' lang='grc' dir='ltr'><strong>τά</strong></span> <span class='ocrx_word' id='word_1_283' title='bbox 3588 1400 3720 1455; x_wconf 82' lang='grc' dir='ltr'>καλ-</span> 
     </span>
    </p>
   </div>
   <div class='ocr_carea' id='block_1_45' title="bbox 2120 1491 3718 1569">
    <p class='ocr_par' dir='ltr' id='par_1_45' title="bbox 2120 1491 3718 1569">
     <span class='ocr_line' id='line_1_46' title="bbox 2120 1491 3718 1569; baseline 0.002 -24"><span class='ocrx_word' id='word_1_284' title='bbox 2120 1492 2257 1569; x_wconf 75' lang='grc' dir='ltr'><strong>⁸λίω,</strong></span> <span class='ocrx_word' id='word_1_285' title='bbox 2288 1492 2415 1546; x_wconf 86' lang='grc' dir='ltr'>ῐσων</span> <span class='ocrx_word' id='word_1_286' title='bbox 2443 1492 2537 1546; x_wconf 75' lang='grc' dir='ltr'>καὶ</span> <span class='ocrx_word' id='word_1_287' title='bbox 2560 1491 2669 1545; x_wconf 90' lang='grc' dir='ltr'><strong>τῶν</strong></span> <span class='ocrx_word' id='word_1_288' title='bbox 2698 1493 2996 1563; x_wconf 75' lang='grc' dir='ltr'>ἀμοιϐαίων</span> <span class='ocrx_word' id='word_1_289' title='bbox 3016 1494 3297 1563; x_wconf 85' lang='grc' dir='ltr'>τυχόντας.</span> <span class='ocrx_word' id='word_1_290' title='bbox 3324 1495 3434 1548; x_wconf 79' lang='grc' dir='ltr'><strong>Καὶ</strong></span> <span class='ocrx_word' id='word_1_291' title='bbox 3459 1493 3632 1548; x_wconf 79' lang='grc' dir='ltr'>ταῦτά</span> <span class='ocrx_word' id='word_1_292' title='bbox 3653 1510 3718 1564; x_wconf 83' lang='grc' dir='ltr'><strong>γε</strong></span> 
     </span>
    </p>
   </div>
   <div class='ocr_carea' id='block_1_46' title="bbox 2138 1584 3652 1658">
    <p class='ocr_par' dir='ltr' id='par_1_46' title="bbox 2138 1584 3652 1658">
     <span class='ocr_line' id='line_1_47' title="bbox 2138 1584 3652 1658; baseline 0.002 -20"><span class='ocrx_word' id='word_1_293' title='bbox 2138 1585 2238 1638; x_wconf 78' lang='grc' dir='ltr'>οὐκ</span> <span class='ocrx_word' id='word_1_294' title='bbox 2258 1585 2560 1649; x_wconf 83' lang='grc' dir='ltr'>ἀπεικότως</span> <span class='ocrx_word' id='word_1_295' title='bbox 2593 1585 2725 1655; x_wconf 88' lang='grc'>(70),</span> <span class='ocrx_word' id='word_1_296' title='bbox 2750 1585 2855 1639; x_wconf 77' lang='grc' dir='ltr'>οὐδ’</span> <span class='ocrx_word' id='word_1_297' title='bbox 2883 1584 2950 1639; x_wconf 86' lang='grc' dir='ltr'>ἂν</span> <span class='ocrx_word' id='word_1_298' title='bbox 2976 1585 3084 1641; x_wconf 80' lang='grc' dir='ltr'>ἀπὸ</span> <span class='ocrx_word' id='word_1_299' title='bbox 3109 1585 3269 1656; x_wconf 86' lang='grc' dir='ltr'>λόγου</span> <span class='ocrx_word' id='word_1_300' title='bbox 3298 1586 3606 1658; x_wconf 88' lang='grc' dir='ltr'>συμϐαίνοι.</span> <span class='ocrx_word' id='word_1_301' title='bbox 3631 1605 3652 1640; x_wconf 77' lang='grc' dir='ltr'><strong>ι</strong></span> 
     </span>
    </p>
   </div>
   <div class='ocr_carea' id='block_1_47' title="bbox 2583 1815 3223 1884">
    <p class='ocr_par' dir='ltr' id='par_1_47' title="bbox 2583 1815 3223 1884">
     <span class='ocr_line' id='line_1_48' title="bbox 2583 1815 3223 1884; baseline 0.003 -15"><span class='ocrx_word' id='word_1_302' title='bbox 2583 1830 2589 1839; x_wconf 69' lang='grc' dir='ltr'><strong>ι</strong></span> <span class='ocrx_word' id='word_1_303' title='bbox 2644 1815 3043 1871; x_wconf 76' lang='grc' dir='ltr'><strong>ΚΕΦΑΛΑῙΟΝ</strong></span> <span class='ocrx_word' id='word_1_304' title='bbox 3078 1817 3223 1884; x_wconf 72' lang='grc' dir='ltr'>κεῖν.</span> 
     </span>
    </p>
   </div>
   <div class='ocr_carea' id='block_1_48' title="bbox 2420 1908 3430 1980">
    <p class='ocr_par' dir='ltr' id='par_1_48' title="bbox 2420 1908 3430 1980">
     <span class='ocr_line' id='line_1_49' title="bbox 2420 1908 3430 1980; baseline -0.001 -16"><span class='ocrx_word' id='word_1_305' title='bbox 2420 1908 2562 1979; x_wconf 77' lang='grc' dir='ltr'>Περὶ</span> <span class='ocrx_word' id='word_1_306' title='bbox 2604 1909 2978 1980; x_wconf 76' lang='grc' dir='ltr'>διωχθέγτων</span> <span class='ocrx_word' id='word_1_307' title='bbox 3015 1909 3115 1964; x_wconf 78' lang='grc' dir='ltr'><strong>καί</strong></span> <span class='ocrx_word' id='word_1_308' title='bbox 3147 1908 3430 1963; x_wconf 72' lang='grc' dir='ltr'>διωκτῶν.</span> 
     </span>
    </p>
   </div>
   <div class='ocr_carea' id='block_1_49' title="bbox 2212 2063 3712 2139">
    <p class='ocr_par' dir='ltr' id='par_1_49' title="bbox 2212 2063 3712 2139">
     <span class='ocr_line' id='line_1_50' title="bbox 2212 2063 3712 2139; baseline 0 -18"><span class='ocrx_word' id='word_1_309' title='bbox 2212 2085 2236 2121; x_wconf 73' lang='grc' dir='ltr'><strong>ι</strong></span> <span class='ocrx_word' id='word_1_310' title='bbox 2264 2066 2418 2121; x_wconf 86' lang='grc' dir='ltr'>Ὅσοι</span> <span class='ocrx_word' id='word_1_311' title='bbox 2459 2067 2556 2138; x_wconf 80' lang='grc' dir='ltr'>μὲν</span> <span class='ocrx_word' id='word_1_312' title='bbox 2587 2067 2695 2139; x_wconf 86' lang='grc' dir='ltr'>γὰρ</span> <span class='ocrx_word' id='word_1_313' title='bbox 2737 2067 2847 2138; x_wconf 84' lang='grc'>(71)</span> <span class='ocrx_word' id='word_1_314' title='bbox 2882 2068 3017 2138; x_wconf 88' lang='grc' dir='ltr'><strong>μετά</strong></span> <span class='ocrx_word' id='word_1_315' title='bbox 3039 2067 3251 2130; x_wconf 88' lang='grc' dir='ltr'>δικαίας</span> <span class='ocrx_word' id='word_1_316' title='bbox 3270 2063 3494 2138; x_wconf 82' lang='grc' dir='ltr'>γνώμης</span> <span class='ocrx_word' id='word_1_317' title='bbox 3515 2066 3606 2120; x_wconf 87' lang='grc' dir='ltr'><strong>ἐπί</strong></span> <span class='ocrx_word' id='word_1_318' title='bbox 3629 2084 3712 2121; x_wconf 77' lang='grc' dir='ltr'>τι·</span> 
     </span>
    </p>
   </div>
   <div class='ocr_carea' id='block_1_50' title="bbox 2141 2155 3715 2229">
    <p class='ocr_par' dir='ltr' id='par_1_50' title="bbox 2141 2155 3715 2229">
     <span class='ocr_line' id='line_1_51' title="bbox 2141 2155 3715 2229; baseline -0.001 -19"><span class='ocrx_word' id='word_1_319' title='bbox 2141 2174 2238 2221; x_wconf 92' lang='grc' dir='ltr'><strong>νας</strong></span> <span class='ocrx_word' id='word_1_320' title='bbox 2275 2157 2527 2229; x_wconf 79' lang='grc' dir='ltr'>ἔρχονται</span> <span class='ocrx_word' id='word_1_321' title='bbox 2555 2157 2805 2229; x_wconf 81' lang='grc' dir='ltr'>πράξεις,</span> <span class='ocrx_word' id='word_1_322' title='bbox 2841 2158 2935 2212; x_wconf 74' lang='grc' dir='ltr'>καὶ</span> <span class='ocrx_word' id='word_1_323' title='bbox 2967 2158 3055 2212; x_wconf 83' lang='grc' dir='ltr'>τὸν</span> <span class='ocrx_word' id='word_1_324' title='bbox 3076 2156 3170 2210; x_wconf 80' lang='grc' dir='ltr'><strong>τοῦ</strong></span> <span class='ocrx_word' id='word_1_325' title='bbox 3212 2155 3524 2227; x_wconf 84' lang='grc' dir='ltr'>Κρείττονος</span> <span class='ocrx_word' id='word_1_326' title='bbox 3551 2155 3715 2225; x_wconf 77' lang='grc' dir='ltr'>φόϐον</span> 
     </span>
    </p>
   </div>
   <div class='ocr_carea' id='block_1_51' title="bbox 2137 2246 3716 2321">
    <p class='ocr_par' dir='ltr' id='par_1_51' title="bbox 2137 2246 3716 2321">
     <span class='ocr_line' id='line_1_52' title="bbox 2137 2246 3716 2321; baseline -0.001 -20"><span class='ocrx_word' id='word_1_327' title='bbox 2137 2248 2397 2320; x_wconf 84' lang='grc' dir='ltr'>διηνεκῶς</span> <span class='ocrx_word' id='word_1_328' title='bbox 2430 2248 2642 2321; x_wconf 78' lang='grc' dir='ltr'>ἔχουσιν</span> <span class='ocrx_word' id='word_1_329' title='bbox 2669 2250 2723 2302; x_wconf 80' lang='grc' dir='ltr'><strong>ἐν</strong></span> <span class='ocrx_word' id='word_1_330' title='bbox 2753 2248 2850 2319; x_wconf 82' lang='grc' dir='ltr'>νῷ,</span> <span class='ocrx_word' id='word_1_331' title='bbox 2888 2247 3109 2319; x_wconf 85' lang='grc' dir='ltr'>βεϐαίαν</span> <span class='ocrx_word' id='word_1_332' title='bbox 3140 2246 3237 2319; x_wconf 84' lang='grc' dir='ltr'>τὴν</span> <span class='ocrx_word' id='word_1_333' title='bbox 3264 2247 3395 2318; x_wconf 72' lang='grc' dir='ltr'>περὶ</span> <span class='ocrx_word' id='word_1_334' title='bbox 3421 2246 3582 2301; x_wconf 69' lang='grc' dir='ltr'>αὑτὸν</span> <span class='ocrx_word' id='word_1_335' title='bbox 3613 2262 3716 2315; x_wconf 74' lang='grc' dir='ltr'>φυ-</span> 
     </span>
    </p>
   </div>
   <div class='ocr_carea' id='block_1_52' title="bbox 2138 2336 3716 2411">
    <p class='ocr_par' dir='ltr' id='par_1_52' title="bbox 2138 2336 3716 2411">
     <span class='ocr_line' id='line_1_53' title="bbox 2138 2336 3716 2411; baseline -0.002 -18"><span class='ocrx_word' id='word_1_336' title='bbox 2138 2339 2422 2404; x_wconf 84' lang='grc' dir='ltr'>λάττοντες</span> <span class='ocrx_word' id='word_1_337' title='bbox 2453 2339 2655 2405; x_wconf 89' lang='grc' dir='ltr'>πίστιν,</span> <span class='ocrx_word' id='word_1_338' title='bbox 2698 2342 2792 2394; x_wconf 76' lang='grc' dir='ltr'>καὶ</span> <span class='ocrx_word' id='word_1_339' title='bbox 2828 2340 2954 2403; x_wconf 77' lang='grc' dir='ltr'>τοὺς</span> <span class='ocrx_word' id='word_1_340' title='bbox 2983 2339 3253 2411; x_wconf 86' lang='grc' dir='ltr'>παρόντας</span> <span class='ocrx_word' id='word_1_341' title='bbox 3292 2337 3492 2407; x_wconf 79' lang='grc' dir='ltr'>φόϐους</span> <span class='ocrx_word' id='word_1_342' title='bbox 3516 2354 3577 2391; x_wconf 86' lang='grc' dir='ltr'><strong>τε</strong></span> <span class='ocrx_word' id='word_1_343' title='bbox 3620 2336 3716 2391; x_wconf 76' lang='grc' dir='ltr'>καὶ</span> 
     </span>
    </p>
   </div>
   <div class='ocr_carea' id='block_1_53' title="bbox 2138 2428 3714 2502">
    <p class='ocr_par' dir='ltr' id='par_1_53' title="bbox 2138 2428 3714 2502">
     <span class='ocr_line' id='line_1_54' title="bbox 2138 2428 3714 2502; baseline -0.001 -18"><span class='ocrx_word' id='word_1_344' title='bbox 2138 2430 2417 2495; x_wconf 87' lang='grc' dir='ltr'>κινδύνους</span> <span class='ocrx_word' id='word_1_345' title='bbox 2444 2431 2545 2484; x_wconf 82' lang='grc' dir='ltr'>οὐκ</span> <span class='ocrx_word' id='word_1_346' title='bbox 2580 2432 2773 2500; x_wconf 78' lang='grc' dir='ltr'>ἄγουσι</span> <span class='ocrx_word' id='word_1_347' title='bbox 2812 2431 2922 2485; x_wconf 92' lang='grc' dir='ltr'><strong>τῶν</strong></span> <span class='ocrx_word' id='word_1_348' title='bbox 2959 2430 3263 2502; x_wconf 82' lang='grc' dir='ltr'>μελλουσῶν</span> <span class='ocrx_word' id='word_1_349' title='bbox 3290 2430 3517 2484; x_wconf 77' lang='grc' dir='ltr'>ἐκείνων</span> <span class='ocrx_word' id='word_1_350' title='bbox 3559 2428 3714 2482; x_wconf 82' lang='grc' dir='ltr'>ἐλπί-</span> 
     </span>
    </p>
   </div>
   <div class='ocr_carea' id='block_1_54' title="bbox 2136 2519 3715 2592">
    <p class='ocr_par' dir='ltr' id='par_1_54' title="bbox 2136 2519 3715 2592">
     <span class='ocr_line' id='line_1_55' title="bbox 2136 2519 3715 2592; baseline -0.001 -19"><span class='ocrx_word' id='word_1_351' title='bbox 2136 2520 2242 2573; x_wconf 90' lang='grc' dir='ltr'><strong>δων</strong></span> <span class='ocrx_word' id='word_1_352' title='bbox 2288 2520 2747 2592; x_wconf 83' lang='grc' dir='ltr'>προτιμοτέρους·</span> <span class='ocrx_word' id='word_1_353' title='bbox 2793 2521 2894 2575; x_wconf 75' lang='grc' dir='ltr'>κᾶν</span> <span class='ocrx_word' id='word_1_354' title='bbox 2933 2523 2982 2573; x_wconf 87' lang='grc' dir='ltr'><strong>εί</strong></span> <span class='ocrx_word' id='word_1_355' title='bbox 3023 2520 3159 2591; x_wconf 82' lang='grc' dir='ltr'>πρὸς</span> <span class='ocrx_word' id='word_1_356' title='bbox 3204 2520 3393 2591; x_wconf 84' lang='grc' dir='ltr'>καιρὸν</span> <span class='ocrx_word' id='word_1_357' title='bbox 3439 2519 3715 2590; x_wconf 80' lang='grc' dir='ltr'>δυσχερῶν</span> 
     </span>
    </p>
   </div>
   <div class='ocr_carea' id='block_1_55' title="bbox 2137 2610 3713 2683">
    <p class='ocr_par' dir='ltr' id='par_1_55' title="bbox 2137 2610 3713 2683">
     <span class='ocr_line' id='line_1_56' title="bbox 2137 2610 3713 2683; baseline -0.001 -18"><span class='ocrx_word' id='word_1_358' title='bbox 2137 2629 2298 2667; x_wconf 90' lang='grc' dir='ltr'>τινων</span> <span class='ocrx_word' id='word_1_359' title='bbox 2346 2611 2689 2683; x_wconf 84' lang='grc' dir='ltr'>πειραθεῖεν,</span> <span class='ocrx_word' id='word_1_360' title='bbox 2728 2610 2808 2682; x_wconf 78' lang='grc' dir='ltr'>τῷ</span> <span class='ocrx_word' id='word_1_361' title='bbox 2860 2611 3111 2682; x_wconf 76' lang='grc' dir='ltr'>μείζονας</span> <span class='ocrx_word' id='word_1_362' title='bbox 3143 2612 3352 2674; x_wconf 79' lang='grc' dir='ltr'>ἑαυτοῖς</span> <span class='ocrx_word' id='word_1_363' title='bbox 3389 2610 3713 2664; x_wconf 79' lang='grc' dir='ltr'>ἀποκεῖσθαι</span> 
     </span>
    </p>
   </div>
   <div class='ocr_carea' id='block_1_56' title="bbox 2138 2698 3715 2773">
    <p class='ocr_par' dir='ltr' id='par_1_56' title="bbox 2138 2698 3715 2773">
     <span class='ocr_line' id='line_1_57' title="bbox 2138 2698 3715 2773; baseline -0.003 -18"><span class='ocrx_word' id='word_1_364' title='bbox 2138 2701 2413 2755; x_wconf 86' lang='grc' dir='ltr'>πιστεύειν</span> <span class='ocrx_word' id='word_1_365' title='bbox 2437 2702 2621 2773; x_wconf 87' lang='grc' dir='ltr'>τιμὰς,</span> <span class='ocrx_word' id='word_1_366' title='bbox 2656 2701 2778 2755; x_wconf 76' lang='grc' dir='ltr'>οὐδὲ</span> <span class='ocrx_word' id='word_1_367' title='bbox 2806 2700 2874 2754; x_wconf 84' lang='grc' dir='ltr'><strong>τά</strong></span> <span class='ocrx_word' id='word_1_368' title='bbox 2904 2700 3284 2772; x_wconf 86' lang='grc' dir='ltr'>προσπεσόντα</span> <span class='ocrx_word' id='word_1_369' title='bbox 3317 2698 3526 2769; x_wconf 85' lang='grc' dir='ltr'>βαρέως</span> <span class='ocrx_word' id='word_1_370' title='bbox 3556 2700 3715 2770; x_wconf 79' lang='grc' dir='ltr'>ήνεγ-</span> 
     </span>
    </p>
   </div>
   <div class='ocr_carea' id='block_1_57' title="bbox 2137 2790 3712 2865">
    <p class='ocr_par' dir='ltr' id='par_1_57' title="bbox 2137 2790 3712 2865">
     <span class='ocr_line' id='line_1_58' title="bbox 2137 2790 3712 2865; baseline -0.001 -18"><span class='ocrx_word' id='word_1_371' title='bbox 2137 2810 2267 2859; x_wconf 89' lang='grc' dir='ltr'>καν,</span> <span class='ocrx_word' id='word_1_372' title='bbox 2315 2792 2450 2848; x_wconf 88' lang='grc' dir='ltr'><strong>ἀλλά</strong></span> <span class='ocrx_word' id='word_1_373' title='bbox 2492 2792 2717 2865; x_wconf 84' lang='grc' dir='ltr'>τοιούτῳ</span> <span class='ocrx_word' id='word_1_374' title='bbox 2770 2792 3152 2864; x_wconf 87' lang='grc' dir='ltr'>λαμπροτέρας</span> <span class='ocrx_word' id='word_1_375' title='bbox 3202 2791 3389 2861; x_wconf 80' lang='grc' dir='ltr'>ἔτυχον</span> <span class='ocrx_word' id='word_1_376' title='bbox 3441 2790 3712 2858; x_wconf 83' lang='grc' dir='ltr'>εὐκλείας,</span> 
     </span>
    </p>
   </div>
   <div class='ocr_carea' id='block_1_58' title="bbox 2133 2883 3709 2957">
    <p class='ocr_par' dir='ltr' id='par_1_58' title="bbox 2133 2883 3709 2957">
     <span class='ocr_line' id='line_1_59' title="bbox 2133 2883 3709 2957; baseline -0.003 -17"><span class='ocrx_word' id='word_1_377' title='bbox 2133 2885 2247 2957; x_wconf 77' lang='grc' dir='ltr'><strong>ὅσῳ</strong></span> <span class='ocrx_word' id='word_1_378' title='bbox 2305 2887 2401 2939; x_wconf 76' lang='grc' dir='ltr'>καὶ</span> <span class='ocrx_word' id='word_1_379' title='bbox 2465 2885 2780 2957; x_wconf 85' lang='grc' dir='ltr'>βαρυτέρων</span> <span class='ocrx_word' id='word_1_380' title='bbox 2836 2884 2945 2937; x_wconf 93' lang='grc' dir='ltr'><strong>τῶν</strong></span> <span class='ocrx_word' id='word_1_381' title='bbox 3005 2883 3257 2954; x_wconf 83' lang='grc' dir='ltr'>χαλεπῶν</span> <span class='ocrx_word' id='word_1_382' title='bbox 3320 2883 3709 2955; x_wconf 88' lang='grc' dir='ltr'>ἐπειράθησαν.</span> 
     </span>
    </p>
   </div>
   <div class='ocr_carea' id='block_1_59' title="bbox 2140 2972 3714 3048">
    <p class='ocr_par' dir='ltr' id='par_1_59' title="bbox 2140 2972 3714 3048">
     <span class='ocr_line' id='line_1_60' title="bbox 2140 2972 3714 3048; baseline -0.003 -17"><span class='ocrx_word' id='word_1_383' title='bbox 2140 2976 2295 3031; x_wconf 88' lang='grc' dir='ltr'>Ὅσοι</span> <span class='ocrx_word' id='word_1_384' title='bbox 2347 2976 2406 3030; x_wconf 84' lang='grc' dir='ltr'>δὲ</span> <span class='ocrx_word' id='word_1_385' title='bbox 2445 2976 2480 3047; x_wconf 80' lang='grc' dir='ltr'>ἢ</span> <span class='ocrx_word' id='word_1_386' title='bbox 2511 2975 2573 3029; x_wconf 83' lang='grc' dir='ltr'>τὸ</span> <span class='ocrx_word' id='word_1_387' title='bbox 2604 2976 2813 3031; x_wconf 84' lang='grc' dir='ltr'>δίκαιον</span> <span class='ocrx_word' id='word_1_388' title='bbox 2854 2975 3065 3046; x_wconf 87' lang='grc' dir='ltr'>ἀτίμως</span> <span class='ocrx_word' id='word_1_389' title='bbox 3108 2974 3223 3048; x_wconf 74' lang='grc'>(72)</span> <span class='ocrx_word' id='word_1_390' title='bbox 3264 2972 3607 3047; x_wconf 83' lang='grc' dir='ltr'>παρεῖδον,ἦ</span> <span class='ocrx_word' id='word_1_391' title='bbox 3651 2973 3714 3028; x_wconf 88' lang='grc' dir='ltr'><strong>τδ</strong></span> 
     </span>
    </p>
   </div>
   <div class='ocr_carea' id='block_1_60' title="bbox 461 3059 2039 3138">
    <p class='ocr_par' dir='ltr' id='par_1_60' title="bbox 461 3059 2037 3132">
     <span class='ocr_line' id='line_1_61' title="bbox 461 3059 2037 3132; baseline -0.001 -15"><span class='ocrx_word' id='word_1_392' title='bbox 461 3062 730 3132; x_wconf 86' lang='lat' dir='ltr'><strong>justitiam</strong></span> <span class='ocrx_word' id='word_1_393' title='bbox 758 3071 814 3116; x_wconf 92' lang='lat' dir='ltr'><strong>et</strong></span> <span class='ocrx_word' id='word_1_394' title='bbox 843 3062 1155 3129; x_wconf 69' lang='lat' dir='ltr'><strong>aequitatem</strong></span> <span class='ocrx_word' id='word_1_395' title='bbox 1181 3068 1646 3129; x_wconf 87' lang='lat' dir='ltr'><strong>contempserunt,</strong></span> <span class='ocrx_word' id='word_1_396' title='bbox 1706 3068 1762 3113; x_wconf 91' lang='lat' dir='ltr'><strong>et</strong></span> <span class='ocrx_word' id='word_1_397' title='bbox 1789 3059 1883 3128; x_wconf 89' lang='lat' dir='ltr'><strong>qui</strong></span> <span class='ocrx_word' id='word_1_398' title='bbox 1937 3074 2037 3115; x_wconf 92' lang='lat' dir='ltr'><strong>nec</strong></span> 
     </span>
    </p>
   </div>
   <div class='ocr_carea' id='block_1_61' title="bbox 2134 3059 3713 3138">
    <p class='ocr_par' dir='ltr' id='par_1_61' title="bbox 2138 3063 3713 3138">
     <span class='ocr_line' id='line_1_62' title="bbox 2138 3063 3713 3138; baseline 0 -19"><span class='ocrx_word' id='word_1_399' title='bbox 2138 3068 2401 3138; x_wconf 85' lang='grc' dir='ltr'>Κρεῖττον</span> <span class='ocrx_word' id='word_1_400' title='bbox 2432 3067 2532 3121; x_wconf 83' lang='grc' dir='ltr'>οὐκ</span> <span class='ocrx_word' id='word_1_401' title='bbox 2554 3067 2797 3137; x_wconf 74' lang='grc' dir='ltr'>ἔγνωσαν</span> <span class='ocrx_word' id='word_1_402' title='bbox 2819 3106 2834 3130; x_wconf 99' lang='grc'><strong>,</strong></span> <span class='ocrx_word' id='word_1_403' title='bbox 2865 3067 2958 3120; x_wconf 73' lang='grc' dir='ltr'>καὶ</span> <span class='ocrx_word' id='word_1_404' title='bbox 2995 3067 3123 3130; x_wconf 79' lang='grc' dir='ltr'>τοὺς</span> <span class='ocrx_word' id='word_1_405' title='bbox 3156 3066 3315 3120; x_wconf 83' lang='grc' dir='ltr'>τοῦτο</span> <span class='ocrx_word' id='word_1_406' title='bbox 3344 3063 3553 3129; x_wconf 84' lang='grc' dir='ltr'>πιστῶς</span> <span class='ocrx_word' id='word_1_407' title='bbox 3586 3082 3713 3136; x_wconf 83' lang='grc' dir='ltr'>μετ-</span> 
     </span>
    </p>
   </div>
   <div class='ocr_carea' id='block_1_62' title="bbox 456 3150 2029 3226">
    <p class='ocr_par' dir='ltr' id='par_1_62' title="bbox 456 3150 2029 3226">
     <span class='ocr_line' id='line_1_63' title="bbox 456 3150 2029 3226; baseline -0.003 -15"><span class='ocrx_word' id='word_1_408' title='bbox 456 3157 627 3211; x_wconf 88' lang='lat' dir='ltr'><strong>Dcum</strong></span> <span class='ocrx_word' id='word_1_409' title='bbox 657 3154 758 3226; x_wconf 87' lang='lat' dir='ltr'><strong>ipsi</strong></span> <span class='ocrx_word' id='word_1_410' title='bbox 788 3162 1144 3224; x_wconf 88' lang='lat' dir='ltr'><strong>agnoverunt,</strong></span> <span class='ocrx_word' id='word_1_411' title='bbox 1170 3165 1268 3207; x_wconf 91' lang='lat' dir='ltr'><strong>nec</strong></span> <span class='ocrx_word' id='word_1_412' title='bbox 1305 3166 1398 3207; x_wconf 88' lang='lat' dir='ltr'><strong>eos</strong></span> <span class='ocrx_word' id='word_1_413' title='bbox 1449 3151 1541 3220; x_wconf 93' lang='lat' dir='ltr'><strong>qui</strong></span> <span class='ocrx_word' id='word_1_414' title='bbox 1573 3150 1740 3204; x_wconf 90' lang='lat' dir='ltr'><strong>Deum</strong></span> <span class='ocrx_word' id='word_1_415' title='bbox 1797 3150 2029 3206; x_wconf 78' lang='lat' dir='ltr'><strong>fideliter</strong></span> 
     </span>
    </p>
   </div>
   <div class='ocr_carea' id='block_1_63' title="bbox 454 3240 2029 3314">
    <p class='ocr_par' dir='ltr' id='par_1_63' title="bbox 454 3240 2029 3314">
     <span class='ocr_line' id='line_1_64' title="bbox 454 3240 2029 3314; baseline -0.004 -10"><span class='ocrx_word' id='word_1_416' title='bbox 454 3248 719 3312; x_wconf 84' lang='lat' dir='ltr'><strong>colerent,</strong></span> <span class='ocrx_word' id='word_1_417' title='bbox 752 3244 1099 3302; x_wconf 88' lang='lat' dir='ltr'><strong>contumeliis</strong></span> <span class='ocrx_word' id='word_1_418' title='bbox 1126 3259 1190 3299; x_wconf 88' lang='lat' dir='ltr'><strong>ac</strong></span> <span class='ocrx_word' id='word_1_419' title='bbox 1232 3242 1513 3314; x_wconf 88' lang='lat' dir='ltr'><strong>suppliciis</strong></span> <span class='ocrx_word' id='word_1_420' title='bbox 1550 3242 1919 3297; x_wconf 83' lang='lat' dir='ltr'><strong>acerbissimis</strong></span> <span class='ocrx_word' id='word_1_421' title='bbox 1946 3240 2029 3298; x_wconf 84' lang='lat' dir='ltr'><strong>af-</strong></span> 
     </span>
    </p>
   </div>
   <div class='ocr_carea' id='block_1_64' title="bbox 454 3330 2028 3405">
    <p class='ocr_par' dir='ltr' id='par_1_64' title="bbox 454 3330 2028 3405">
     <span class='ocr_line' id='line_1_65' title="bbox 454 3330 2028 3405; baseline -0.001 -12"><span class='ocrx_word' id='word_1_422' title='bbox 454 3340 618 3395; x_wconf 87' lang='lat' dir='ltr'><strong>ﬁcere</strong></span> <span class='ocrx_word' id='word_1_423' title='bbox 640 3339 960 3394; x_wconf 87' lang='lat' dir='ltr'><strong>dubitarunt</strong></span> <span class='ocrx_word' id='word_1_424' title='bbox 992 3354 1006 3391; x_wconf 89' lang='lat'><strong>:</strong></span> <span class='ocrx_word' id='word_1_425' title='bbox 1039 3345 1097 3391; x_wconf 91' lang='lat' dir='ltr'><strong>et</strong></span> <span class='ocrx_word' id='word_1_426' title='bbox 1139 3335 1231 3404; x_wconf 93' lang='lat' dir='ltr'><strong>qui</strong></span> <span class='ocrx_word' id='word_1_427' title='bbox 1290 3335 1500 3404; x_wconf 87' lang='lat' dir='ltr'><strong>seipsos</strong></span> <span class='ocrx_word' id='word_1_428' title='bbox 1530 3330 1773 3405; x_wconf 84' lang='lat' dir='ltr'><strong>quidem,</strong></span> <span class='ocrx_word' id='word_1_429' title='bbox 1818 3337 1907 3405; x_wconf 87' lang='lat' dir='ltr'><strong>qui</strong></span> <span class='ocrx_word' id='word_1_430' title='bbox 1959 3338 2028 3391; x_wconf 92' lang='lat' dir='ltr'><strong>ob</strong></span> 
     </span>
    </p>
   </div>
   <div class='ocr_carea' id='block_1_65' title="bbox 454 3427 2028 3500">
    <p class='ocr_par' dir='ltr' id='par_1_65' title="bbox 454 3427 2028 3500">
     <span class='ocr_line' id='line_1_66' title="bbox 454 3427 2028 3500; baseline -0.004 -13"><span class='ocrx_word' id='word_1_431' title='bbox 454 3430 766 3500; x_wconf 83' lang='lat' dir='ltr'><strong>hujusmodi</strong></span> <span class='ocrx_word' id='word_1_432' title='bbox 796 3444 1019 3485; x_wconf 86' lang='lat' dir='ltr'><strong>causam</strong></span> <span class='ocrx_word' id='word_1_433' title='bbox 1065 3429 1319 3483; x_wconf 87' lang='lat' dir='ltr'><strong>homines</strong></span> <span class='ocrx_word' id='word_1_434' title='bbox 1348 3428 1402 3482; x_wconf 90' lang='lat' dir='ltr'><strong>in</strong></span> <span class='ocrx_word' id='word_1_435' title='bbox 1445 3427 1713 3498; x_wconf 82' lang='lat' dir='ltr'><strong>judicium</strong></span> <span class='ocrx_word' id='word_1_436' title='bbox 1764 3429 2028 3482; x_wconf 87' lang='lat' dir='ltr'><strong>adductos</strong></span> 
     </span>
    </p>
   </div>
   <div class='ocr_carea' id='block_1_66' title="bbox 453 3519 2028 3591">
    <p class='ocr_par' dir='ltr' id='par_1_66' title="bbox 453 3519 2028 3591">
     <span class='ocr_line' id='line_1_67' title="bbox 453 3519 2028 3591; baseline -0.003 -15"><span class='ocrx_word' id='word_1_437' title='bbox 453 3535 610 3591; x_wconf 66' lang='lat' dir='ltr'><strong>paena</strong></span> <span class='ocrx_word' id='word_1_438' title='bbox 647 3520 943 3586; x_wconf 82' lang='lat' dir='ltr'><strong>aliiccrent,</strong></span> <span class='ocrx_word' id='word_1_439' title='bbox 979 3519 1208 3575; x_wconf 87' lang='lat' dir='ltr'><strong>miseros</strong></span> <span class='ocrx_word' id='word_1_440' title='bbox 1231 3532 1351 3574; x_wconf 85' lang='lat' dir='ltr'><strong>esse</strong></span> <span class='ocrx_word' id='word_1_441' title='bbox 1385 3534 1490 3573; x_wconf 93' lang='lat' dir='ltr'><strong>non</strong></span> <span class='ocrx_word' id='word_1_442' title='bbox 1514 3520 1826 3590; x_wconf 84' lang='lat' dir='ltr'><strong>judicartmt</strong></span> <span class='ocrx_word' id='word_1_443' title='bbox 1854 3562 1870 3586; x_wconf 87' lang='lat'><strong>,</strong></span> <span class='ocrx_word' id='word_1_444' title='bbox 1907 3519 2028 3572; x_wconf 80' lang='lat' dir='ltr'><strong>illos</strong></span> 
     </span>
    </p>
   </div>
   <div class='ocr_carea' id='block_1_67' title="bbox 452 3608 2030 3680">
    <p class='ocr_par' dir='ltr' id='par_1_67' title="bbox 452 3608 2030 3680">
     <span class='ocr_line' id='line_1_68' title="bbox 452 3608 2030 3680; baseline -0.001 -15"><span class='ocrx_word' id='word_1_445' title='bbox 452 3624 582 3665; x_wconf 84' lang='lat' dir='ltr'><strong>vero</strong></span> <span class='ocrx_word' id='word_1_446' title='bbox 610 3609 704 3680; x_wconf 90' lang='lat' dir='ltr'><strong>qui</strong></span> <span class='ocrx_word' id='word_1_447' title='bbox 733 3609 786 3664; x_wconf 88' lang='lat' dir='ltr'><strong>in</strong></span> <span class='ocrx_word' id='word_1_448' title='bbox 822 3610 987 3663; x_wconf 85' lang='lat' dir='ltr'><strong>tantis</strong></span> <span class='ocrx_word' id='word_1_449' title='bbox 1025 3608 1181 3663; x_wconf 87' lang='lat' dir='ltr'><strong>malis</strong></span> <span class='ocrx_word' id='word_1_450' title='bbox 1244 3608 1508 3679; x_wconf 82' lang='lat' dir='ltr'><strong>integram</strong></span> <span class='ocrx_word' id='word_1_451' title='bbox 1550 3625 1680 3679; x_wconf 88' lang='lat' dir='ltr'><strong>erga</strong></span> <span class='ocrx_word' id='word_1_452' title='bbox 1723 3610 1890 3665; x_wconf 91' lang='lat' dir='ltr'><strong>Deum</strong></span> <span class='ocrx_word' id='word_1_453' title='bbox 1915 3609 2030 3680; x_wconf 84' lang='lat' dir='ltr'><strong>pie-</strong></span> 
     </span>
    </p>
   </div>
   <div class='ocr_carea' id='block_1_68' title="bbox 454 3686 2028 3764">
    <p class='ocr_par' dir='ltr' id='par_1_68' title="bbox 454 3686 2028 3764">
     <span class='ocr_line' id='line_1_69' title="bbox 454 3686 2028 3764; baseline -0.002 -9"><span class='ocrx_word' id='word_1_454' title='bbox 454 3710 620 3755; x_wconf 89' lang='lat' dir='ltr'><strong>tatem</strong></span> <span class='ocrx_word' id='word_1_455' title='bbox 666 3686 1017 3754; x_wconf 84' lang='lat' dir='ltr'><strong>nihilominus</strong></span> <span class='ocrx_word' id='word_1_456' title='bbox 1042 3706 1465 3764; x_wconf 84' lang='lat' dir='ltr'><strong>conservarent,</strong></span> <span class='ocrx_word' id='word_1_457' title='bbox 1499 3697 1685 3755; x_wconf 82' lang='lat' dir='ltr'><strong>felices</strong></span> <span class='ocrx_word' id='word_1_458' title='bbox 1731 3715 1796 3755; x_wconf 85' lang='lat' dir='ltr'><strong>ac</strong></span> <span class='ocrx_word' id='word_1_459' title='bbox 1840 3700 2028 3755; x_wconf 89' lang='lat' dir='ltr'><strong>beatos</strong></span> 
     </span>
    </p>
   </div>
   <div class='ocr_carea' id='block_1_69' title="bbox 451 3790 2021 3860">
    <p class='ocr_par' dir='ltr' id='par_1_69' title="bbox 451 3790 2021 3860">
     <span class='ocr_line' id='line_1_70' title="bbox 451 3790 2021 3860; baseline -0.004 -12"><span class='ocrx_word' id='word_1_460' title='bbox 451 3807 575 3848; x_wconf 89' lang='lat' dir='ltr'><strong>esse</strong></span> <span class='ocrx_word' id='word_1_461' title='bbox 602 3809 617 3845; x_wconf 87' lang='lat'><strong>:</strong></span> <span class='ocrx_word' id='word_1_462' title='bbox 647 3791 839 3845; x_wconf 90' lang='lat' dir='ltr'><strong>horum</strong></span> <span class='ocrx_word' id='word_1_463' title='bbox 862 3790 1136 3846; x_wconf 81' lang='lat' dir='ltr'><strong>exercitus</strong></span> <span class='ocrx_word' id='word_1_464' title='bbox 1157 3790 1353 3859; x_wconf 87' lang='lat' dir='ltr'><strong>partim</strong></span> <span class='ocrx_word' id='word_1_465' title='bbox 1383 3791 1527 3856; x_wconf 85' lang='lat' dir='ltr'><strong>c:esi,</strong></span> <span class='ocrx_word' id='word_1_466' title='bbox 1556 3791 1825 3860; x_wconf 87' lang='lat' dir='ltr'><strong>partimin</strong></span> <span class='ocrx_word' id='word_1_467' title='bbox 1844 3790 2021 3860; x_wconf 83' lang='lat' dir='ltr'><strong>fugam</strong></span> 
     </span>
    </p>
   </div>
   <div class='ocr_carea' id='block_1_70' title="bbox 448 3875 2025 3952">
    <p class='ocr_par' dir='ltr' id='par_1_70' title="bbox 448 3875 2025 3952">
     <span class='ocr_line' id='line_1_71' title="bbox 448 3875 2025 3952; baseline -0.002 -15"><span class='ocrx_word' id='word_1_468' title='bbox 448 3884 638 3942; x_wconf 81' lang='lat' dir='ltr'><strong>versi;</strong></span> <span class='ocrx_word' id='word_1_469' title='bbox 675 3882 885 3936; x_wconf 87' lang='lat' dir='ltr'><strong>cunctis</strong></span> <span class='ocrx_word' id='word_1_470' title='bbox 945 3875 1179 3951; x_wconf 76' lang='lat' dir='ltr'><strong>denique</strong></span> <span class='ocrx_word' id='word_1_471' title='bbox 1217 3882 1416 3952; x_wconf 68' lang='lat' dir='ltr'><strong>praeliis</strong></span> <span class='ocrx_word' id='word_1_472' title='bbox 1463 3882 1613 3949; x_wconf 90' lang='lat' dir='ltr'><strong>victi,</strong></span> <span class='ocrx_word' id='word_1_473' title='bbox 1660 3881 1762 3952; x_wconf 88' lang='lat' dir='ltr'><strong>ipsi</strong></span> <span class='ocrx_word' id='word_1_474' title='bbox 1811 3879 2025 3938; x_wconf 80' lang='lat' dir='ltr'><strong>tandem</strong></span> 
     </span>
    </p>
   </div>
   <div class='ocr_carea' id='block_1_71' title="bbox 451 3970 1389 4027">
    <p class='ocr_par' dir='ltr' id='par_1_71' title="bbox 451 3970 1389 4027">
     <span class='ocr_line' id='line_1_72' title="bbox 451 3970 1389 4027; baseline -0.004 0"><span class='ocrx_word' id='word_1_475' title='bbox 451 3970 885 4027; x_wconf 74' lang='lat' dir='ltr'><strong>Succubuerunt.</strong></span> <span class='ocrx_word' id='word_1_476' title='bbox 1384 3984 1389 3989; x_wconf 74' lang='lat'><em>&#39;</em></span> 
     </span>
    </p>
   </div>
   <div class='ocr_carea' id='block_1_72' title="bbox 1003 4056 1477 4116">
    <p class='ocr_par' dir='ltr' id='par_1_72' title="bbox 1003 4056 1477 4116">
     <span class='ocr_line' id='line_1_73' title="bbox 1003 4056 1477 4116; baseline 0.004 -2"><span class='ocrx_word' id='word_1_477' title='bbox 1003 4057 1232 4115; x_wconf 86' lang='lat' dir='ltr'><strong>CAPUT</strong></span> <span class='ocrx_word' id='word_1_478' title='bbox 1263 4056 1477 4116; x_wconf 70' lang='lat' dir='ltr'><strong>XXVII.</strong></span> 
     </span>
    </p>
   </div>
   <div class='ocr_carea' id='block_1_73' title="bbox 455 4148 2027 4233">
    <p class='ocr_par' dir='ltr' id='par_1_73' title="bbox 455 4148 2027 4233">
     <span class='ocr_line' id='line_1_74' title="bbox 455 4148 2027 4233; baseline 0 -28"><span class='ocrx_word' id='word_1_479' title='bbox 455 4151 608 4219; x_wconf 80' lang='lat' dir='ltr'><strong>Quod</strong></span> <span class='ocrx_word' id='word_1_480' title='bbox 646 4151 936 4220; x_wconf 76' lang='lat' dir='ltr'><strong>persecutio</strong></span> <span class='ocrx_word' id='word_1_481' title='bbox 983 4149 1178 4205; x_wconf 80' lang='lat' dir='ltr'><strong>bellum</strong></span> <span class='ocrx_word' id='word_1_482' title='bbox 1204 4151 1536 4233; x_wconf 42' lang='grc' dir='ltr'><strong>Δ,ρειειιιιειίιιιε</strong></span> <span class='ocrx_word' id='word_1_483' title='bbox 1574 4148 1835 4204; x_wconf 82' lang='lat' dir='ltr'><strong>malorum</strong></span> <span class='ocrx_word' id='word_1_484' title='bbox 1864 4166 2027 4205; x_wconf 82' lang='lat' dir='ltr'><strong>causa</strong></span> 
     </span>
    </p>
   </div>
   <div class='ocr_carea' id='block_1_74' title="bbox 1102 4230 1380 4274">
    <p class='ocr_par' dir='ltr' id='par_1_74' title="bbox 1102 4230 1380 4274">
     <span class='ocr_line' id='line_1_75' title="bbox 1102 4230 1380 4274; baseline 0.004 -1"><span class='ocrx_word' id='word_1_485' title='bbox 1102 4230 1380 4274; x_wconf 73' lang='lat' dir='ltr'><strong>exstiterit.</strong></span> 
     </span>
    </p>
   </div>
   <div class='ocr_carea' id='block_1_75' title="bbox 529 4310 2021 4383">
    <p class='ocr_par' dir='ltr' id='par_1_75' title="bbox 529 4310 2021 4383">
     <span class='ocr_line' id='line_1_76' title="bbox 529 4310 2021 4383; baseline -0.001 -16"><span class='ocrx_word' id='word_1_486' title='bbox 529 4333 549 4367; x_wconf 76' lang='grc' dir='ltr'><strong>ι</strong></span> <span class='ocrx_word' id='word_1_487' title='bbox 570 4314 650 4368; x_wconf 81' lang='lat' dir='ltr'><strong>Ex</strong></span> <span class='ocrx_word' id='word_1_488' title='bbox 681 4311 992 4383; x_wconf 76' lang='lat' dir='ltr'><strong>huiusmodi</strong></span> <span class='ocrx_word' id='word_1_489' title='bbox 1026 4312 1323 4368; x_wconf 89' lang='lat' dir='ltr'><strong>sceleribus</strong></span> <span class='ocrx_word' id='word_1_490' title='bbox 1347 4322 1466 4367; x_wconf 89' lang='lat' dir='ltr'><strong>orta</strong></span> <span class='ocrx_word' id='word_1_491' title='bbox 1495 4319 1625 4367; x_wconf 89' lang='lat' dir='ltr'><strong>sunt</strong></span> <span class='ocrx_word' id='word_1_492' title='bbox 1650 4310 1786 4366; x_wconf 89' lang='lat' dir='ltr'><strong>bella</strong></span> <span class='ocrx_word' id='word_1_493' title='bbox 1814 4311 2021 4381; x_wconf 82' lang='lat' dir='ltr'><strong>gravia,</strong></span> 
     </span>
    </p>
   </div>
   <div class='ocr_carea' id='block_1_76' title="bbox 453 4401 2027 4471">
    <p class='ocr_par' dir='ltr' id='par_1_76' title="bbox 453 4401 2027 4471">
     <span class='ocr_line' id='line_1_77' title="bbox 453 4401 2027 4471; baseline -0.003 -11"><span class='ocrx_word' id='word_1_494' title='bbox 453 4415 508 4460; x_wconf 89' lang='lat' dir='ltr'><strong>et</strong></span> <span class='ocrx_word' id='word_1_495' title='bbox 530 4404 777 4460; x_wconf 78' lang='lat' dir='ltr'><strong>exitiales</strong></span> <span class='ocrx_word' id='word_1_496' title='bbox 800 4404 1154 4458; x_wconf 84' lang='lat' dir='ltr'><strong>vastationes.</strong></span> <span class='ocrx_word' id='word_1_497' title='bbox 1183 4401 1322 4457; x_wconf 85' lang='lat' dir='ltr'><strong>Hinc</strong></span> <span class='ocrx_word' id='word_1_498' title='bbox 1351 4415 1533 4457; x_wconf 91' lang='lat' dir='ltr'><strong>rerum</strong></span> <span class='ocrx_word' id='word_1_499' title='bbox 1552 4402 1769 4471; x_wconf 81' lang='lat' dir='ltr'><strong>quidem</strong></span> <span class='ocrx_word' id='word_1_500' title='bbox 1795 4401 1863 4455; x_wconf 90' lang='lat' dir='ltr'><strong>ad</strong></span> <span class='ocrx_word' id='word_1_501' title='bbox 1891 4415 2027 4471; x_wconf 82' lang='lat' dir='ltr'><strong>quo-</strong></span> 
     </span>
    </p>
   </div>
   <div class='ocr_carea' id='block_1_77' title="bbox 454 4490 2021 4560">
    <p class='ocr_par' dir='ltr' id='par_1_77' title="bbox 454 4490 2021 4560">
     <span class='ocr_line' id='line_1_78' title="bbox 454 4490 2021 4560; baseline -0.004 -9"><span class='ocrx_word' id='word_1_502' title='bbox 454 4497 719 4552; x_wconf 88' lang='lat' dir='ltr'><strong>tidianum</strong></span> <span class='ocrx_word' id='word_1_503' title='bbox 752 4495 876 4549; x_wconf 70' lang='lat' dir='ltr'><strong>vita:</strong></span> <span class='ocrx_word' id='word_1_504' title='bbox 902 4509 1061 4549; x_wconf 93' lang='lat' dir='ltr'><strong>usum</strong></span> <span class='ocrx_word' id='word_1_505' title='bbox 1092 4493 1524 4548; x_wconf 80' lang='lat' dir='ltr'><strong>necessariarum</strong></span> <span class='ocrx_word' id='word_1_506' title='bbox 1552 4491 1775 4560; x_wconf 89' lang='lat' dir='ltr'><strong>penuria</strong></span> <span class='ocrx_word' id='word_1_507' title='bbox 1802 4508 1818 4555; x_wconf 85' lang='lat'><strong>;</strong></span> <span class='ocrx_word' id='word_1_508' title='bbox 1851 4490 2021 4545; x_wconf 85' lang='lat' dir='ltr'><strong>malo-</strong></span> 
     </span>
    </p>
   </div>
   <div class='ocr_carea' id='block_1_78' title="bbox 454 4581 2023 4657">
    <p class='ocr_par' dir='ltr' id='par_1_78' title="bbox 454 4581 2023 4657">
     <span class='ocr_line' id='line_1_79' title="bbox 454 4581 2023 4657; baseline -0.003 -15"><span class='ocrx_word' id='word_1_509' title='bbox 454 4603 572 4643; x_wconf 91' lang='lat' dir='ltr'><strong>rum</strong></span> <span class='ocrx_word' id='word_1_510' title='bbox 600 4601 729 4642; x_wconf 88' lang='lat' dir='ltr'><strong>vero</strong></span> <span class='ocrx_word' id='word_1_511' title='bbox 758 4585 1123 4657; x_wconf 85' lang='lat' dir='ltr'><strong>ingruentium</strong></span> <span class='ocrx_word' id='word_1_512' title='bbox 1148 4584 1325 4654; x_wconf 80' lang='lat' dir='ltr'><strong>capia.</strong></span> <span class='ocrx_word' id='word_1_513' title='bbox 1366 4581 1505 4637; x_wconf 83' lang='lat' dir='ltr'><strong>Hinc</strong></span> <span class='ocrx_word' id='word_1_514' title='bbox 1562 4591 1646 4637; x_wconf 86' lang='lat' dir='ltr'><strong>est</strong></span> <span class='ocrx_word' id='word_1_515' title='bbox 1669 4585 1811 4650; x_wconf 89' lang='lat' dir='ltr'><strong>quod</strong></span> <span class='ocrx_word' id='word_1_516' title='bbox 1861 4589 2023 4637; x_wconf 60' lang='lat' dir='ltr'><strong>tanta</strong></span> 
     </span>
    </p>
   </div>
   <div class='ocr_carea' id='block_1_79' title="bbox 455 4671 2020 4746">
    <p class='ocr_par' dir='ltr' id='par_1_79' title="bbox 455 4671 2020 4746">
     <span class='ocr_line' id='line_1_80' title="bbox 455 4671 2020 4746; baseline -0.003 -16"><span class='ocrx_word' id='word_1_517' title='bbox 455 4676 752 4746; x_wconf 88' lang='lat' dir='ltr'><strong>impietatis</strong></span> <span class='ocrx_word' id='word_1_518' title='bbox 776 4686 1025 4732; x_wconf 89' lang='lat' dir='ltr'><strong>auctores</strong></span> <span class='ocrx_word' id='word_1_519' title='bbox 1057 4675 1110 4728; x_wconf 92' lang='lat' dir='ltr'><strong>in</strong></span> <span class='ocrx_word' id='word_1_520' title='bbox 1146 4683 1426 4728; x_wconf 79' lang='lat' dir='ltr'><strong>extremas</strong></span> <span class='ocrx_word' id='word_1_521' title='bbox 1446 4671 1608 4744; x_wconf 63' lang='grc'><strong>457</strong></span> <span class='ocrx_word' id='word_1_522' title='bbox 1634 4672 1840 4742; x_wconf 87' lang='lat' dir='ltr'><strong>delapsi</strong></span> <span class='ocrx_word' id='word_1_523' title='bbox 1868 4675 2020 4727; x_wconf 88' lang='lat' dir='ltr'><strong>cala-</strong></span> 
     </span>
    </p>
   </div>
   <div class='ocr_carea' id='block_1_80' title="bbox 2136 3157 3713 3231">
    <p class='ocr_par' dir='ltr' id='par_1_80' title="bbox 2136 3157 3713 3231">
     <span class='ocr_line' id='line_1_81' title="bbox 2136 3157 3713 3231; baseline -0.001 -19"><span class='ocrx_word' id='word_1_524' title='bbox 2136 3158 2312 3223; x_wconf 90' lang='grc' dir='ltr'>ιόντας</span> <span class='ocrx_word' id='word_1_525' title='bbox 2362 3157 2551 3231; x_wconf 76' lang='grc' dir='ltr'>ὕϐρεσι</span> <span class='ocrx_word' id='word_1_526' title='bbox 2600 3160 2695 3212; x_wconf 76' lang='grc' dir='ltr'>καὶ</span> <span class='ocrx_word' id='word_1_527' title='bbox 2734 3158 3016 3212; x_wconf 85' lang='grc' dir='ltr'>κολάσεσιν</span> <span class='ocrx_word' id='word_1_528' title='bbox 3063 3158 3384 3231; x_wconf 86' lang='grc' dir='ltr'>ἀνηκέστοις</span> <span class='ocrx_word' id='word_1_529' title='bbox 3421 3158 3713 3213; x_wconf 82' lang='grc' dir='ltr'>ὑποϐαλεῖν</span> 
     </span>
    </p>
   </div>
   <div class='ocr_carea' id='block_1_81' title="bbox 2132 3245 3710 3321">
    <p class='ocr_par' dir='ltr' id='par_1_81' title="bbox 2132 3245 3710 3321">
     <span class='ocr_line' id='line_1_82' title="bbox 2132 3245 3710 3321; baseline 0 -17"><span class='ocrx_word' id='word_1_530' title='bbox 2132 3251 2460 3321; x_wconf 86' lang='grc' dir='ltr'>ἐτόλμησαν,</span> <span class='ocrx_word' id='word_1_531' title='bbox 2501 3250 2599 3305; x_wconf 70' lang='grc' dir='ltr'><strong>κιι)¹</strong></span> <span class='ocrx_word' id='word_1_532' title='bbox 2625 3251 2724 3320; x_wconf 83' lang='grc' dir='ltr'>οὐχ</span> <span class='ocrx_word' id='word_1_533' title='bbox 2754 3250 2979 3313; x_wconf 79' lang='grc' dir='ltr'>ἑαυτοὺς</span> <span class='ocrx_word' id='word_1_534' title='bbox 3019 3250 3115 3320; x_wconf 80' lang='grc' dir='ltr'>μὲν</span> <span class='ocrx_word' id='word_1_535' title='bbox 3150 3249 3367 3314; x_wconf 87' lang='grc' dir='ltr'>ἀθλίους</span> <span class='ocrx_word' id='word_1_536' title='bbox 3392 3250 3476 3318; x_wconf 79' lang='grc' dir='ltr'>ἐφ’</span> <span class='ocrx_word' id='word_1_537' title='bbox 3502 3245 3584 3314; x_wconf 73' lang='grc' dir='ltr'>οἷς</span> <span class='ocrx_word' id='word_1_538' title='bbox 3624 3248 3710 3304; x_wconf 78' lang='grc' dir='ltr'><strong>διὰ</strong></span> 
     </span>
    </p>
   </div>
   <div class='ocr_carea' id='block_1_82' title="bbox 2132 3338 3711 3412">
    <p class='ocr_par' dir='ltr' id='par_1_82' title="bbox 2132 3338 3711 3412">
     <span class='ocr_line' id='line_1_83' title="bbox 2132 3338 3711 3412; baseline -0.003 -18"><span class='ocrx_word' id='word_1_539' title='bbox 2132 3342 2230 3404; x_wconf 75' lang='grc' dir='ltr'><strong>τὰς</strong></span> <span class='ocrx_word' id='word_1_540' title='bbox 2254 3340 2507 3403; x_wconf 88' lang='grc' dir='ltr'>τοιαύτας</span> <span class='ocrx_word' id='word_1_541' title='bbox 2539 3338 2796 3404; x_wconf 76' lang='grc' dir='ltr'>ἐκόλαζον</span> <span class='ocrx_word' id='word_1_542' title='bbox 2826 3338 3126 3410; x_wconf 75' lang='grc' dir='ltr'>προφάσεις</span> <span class='ocrx_word' id='word_1_543' title='bbox 3158 3339 3292 3412; x_wconf 70' lang='grc'>(75),</span> <span class='ocrx_word' id='word_1_544' title='bbox 3339 3338 3580 3410; x_wconf 78' lang='grc' dir='ltr'>ἔκριναν,</span> <span class='ocrx_word' id='word_1_545' title='bbox 3622 3338 3711 3389; x_wconf 73' lang='grc' dir='ltr'>εὐε-</span> 
     </span>
    </p>
   </div>
   <div class='ocr_carea' id='block_1_83' title="bbox 2131 3428 3710 3502">
    <p class='ocr_par' dir='ltr' id='par_1_83' title="bbox 2131 3428 3710 3502">
     <span class='ocr_line' id='line_1_84' title="bbox 2131 3428 3710 3502; baseline -0.002 -17"><span class='ocrx_word' id='word_1_546' title='bbox 2131 3432 2390 3502; x_wconf 86' lang='grc' dir='ltr'>δαίμονας</span> <span class='ocrx_word' id='word_1_547' title='bbox 2428 3431 2485 3485; x_wconf 87' lang='grc' dir='ltr'><strong>δέ</strong></span> <span class='ocrx_word' id='word_1_548' title='bbox 2538 3431 2634 3484; x_wconf 74' lang='grc' dir='ltr'>καὶ</span> <span class='ocrx_word' id='word_1_549' title='bbox 2675 3431 3045 3502; x_wconf 82' lang='grc' dir='ltr'>μακαριστοὺς</span> <span class='ocrx_word' id='word_1_550' title='bbox 3087 3431 3214 3494; x_wconf 81' lang='grc' dir='ltr'>τοὺς</span> <span class='ocrx_word' id='word_1_551' title='bbox 3251 3431 3347 3484; x_wconf 79' lang='grc' dir='ltr'>καὶ</span> <span class='ocrx_word' id='word_1_552' title='bbox 3388 3431 3554 3502; x_wconf 85' lang='grc' dir='ltr'>μέχρι</span> <span class='ocrx_word' id='word_1_553' title='bbox 3602 3428 3710 3483; x_wconf 92' lang='grc' dir='ltr'><strong>τῶν</strong></span> 
     </span>
    </p>
   </div>
   <div class='ocr_carea' id='block_1_84' title="bbox 2132 3520 3710 3593">
    <p class='ocr_par' dir='ltr' id='par_1_84' title="bbox 2132 3520 3710 3593">
     <span class='ocr_line' id='line_1_85' title="bbox 2132 3520 3710 3593; baseline -0.001 -17"><span class='ocrx_word' id='word_1_554' title='bbox 2132 3522 2383 3576; x_wconf 88' lang='grc' dir='ltr'>τοιούτων</span> <span class='ocrx_word' id='word_1_555' title='bbox 2413 3521 2510 3593; x_wconf 86' lang='grc' dir='ltr'>τὴν</span> <span class='ocrx_word' id='word_1_556' title='bbox 2544 3522 2679 3593; x_wconf 87' lang='grc' dir='ltr'>πρὸς</span> <span class='ocrx_word' id='word_1_557' title='bbox 2711 3521 2770 3575; x_wconf 86' lang='grc' dir='ltr'>τὸ</span> <span class='ocrx_word' id='word_1_558' title='bbox 2791 3524 3053 3593; x_wconf 83' lang='grc' dir='ltr'>Κρεῖττον</span> <span class='ocrx_word' id='word_1_559' title='bbox 3094 3520 3528 3593; x_wconf 75' lang='grc' dir='ltr'>διασωζομένους</span> <span class='ocrx_word' id='word_1_560' title='bbox 3555 3521 3710 3574; x_wconf 82' lang='grc' dir='ltr'>εὐσέ-</span> 
     </span>
    </p>
   </div>
   <div class='ocr_carea' id='block_1_85' title="bbox 2134 3610 3712 3685">
    <p class='ocr_par' dir='ltr' id='par_1_85' title="bbox 2134 3610 3712 3685">
     <span class='ocr_line' id='line_1_86' title="bbox 2134 3610 3712 3685; baseline 0.002 -20"><span class='ocrx_word' id='word_1_561' title='bbox 2134 3613 2317 3666; x_wconf 85' lang='grc' dir='ltr'>ϐειαν·</span> <span class='ocrx_word' id='word_1_562' title='bbox 2352 3612 2554 3666; x_wconf 90' lang='grc' dir='ltr'>τούτων</span> <span class='ocrx_word' id='word_1_563' title='bbox 2602 3611 2795 3667; x_wconf 68' lang='grc' dir='ltr'>πολλα).</span> <span class='ocrx_word' id='word_1_564' title='bbox 2829 3613 2927 3685; x_wconf 85' lang='grc' dir='ltr'>μὲν</span> <span class='ocrx_word' id='word_1_565' title='bbox 2957 3612 3151 3667; x_wconf 78' lang='grc' dir='ltr'>ἔπεσον</span> <span class='ocrx_word' id='word_1_566' title='bbox 3190 3614 3462 3685; x_wconf 75' lang='grc' dir='ltr'>στρατιαὶ,</span> <span class='ocrx_word' id='word_1_567' title='bbox 3518 3610 3712 3668; x_wconf 65' lang='grc' dir='ltr'>πολλαὶ</span> 
     </span>
    </p>
   </div>
   <div class='ocr_carea' id='block_1_86' title="bbox 2122 3698 3707 3773">
    <p class='ocr_par' dir='ltr' id='par_1_86' title="bbox 2122 3698 3707 3773">
     <span class='ocr_line' id='line_1_87' title="bbox 2122 3698 3707 3773; baseline 0.003 -22"><span class='ocrx_word' id='word_1_568' title='bbox 2122 3698 2175 3751; x_wconf 82' lang='grc' dir='ltr'>δ’</span> <span class='ocrx_word' id='word_1_569' title='bbox 2207 3700 2287 3761; x_wconf 86' lang='grc' dir='ltr'><strong>είς</strong></span> <span class='ocrx_word' id='word_1_570' title='bbox 2332 3698 2509 3770; x_wconf 82' lang='grc' dir='ltr'>φυγὴν</span> <span class='ocrx_word' id='word_1_571' title='bbox 2557 3699 2873 3771; x_wconf 86' lang='grc' dir='ltr'>ἐτράπησαν</span> <span class='ocrx_word' id='word_1_572' title='bbox 2893 3741 2909 3765; x_wconf 93' lang='grc'><strong>,</strong></span> <span class='ocrx_word' id='word_1_573' title='bbox 2944 3702 3096 3755; x_wconf 80' lang='grc' dir='ltr'>πᾶσα</span> <span class='ocrx_word' id='word_1_574' title='bbox 3144 3700 3201 3754; x_wconf 90' lang='grc' dir='ltr'><strong>δέ</strong></span> <span class='ocrx_word' id='word_1_575' title='bbox 3230 3701 3434 3755; x_wconf 84' lang='grc' dir='ltr'>τούτων</span> <span class='ocrx_word' id='word_1_576' title='bbox 3468 3701 3707 3773; x_wconf 80' lang='grc' dir='ltr'>πολέμου</span> 
     </span>
    </p>
   </div>
   <div class='ocr_carea' id='block_1_87' title="bbox 2132 3786 3285 3861">
    <p class='ocr_par' dir='ltr' id='par_1_87' title="bbox 2132 3786 3285 3861">
     <span class='ocr_line' id='line_1_88' title="bbox 2132 3786 3285 3861; baseline 0 -20"><span class='ocrx_word' id='word_1_577' title='bbox 2132 3787 2437 3859; x_wconf 79' lang='grc' dir='ltr'>παράταξις</span> <span class='ocrx_word' id='word_1_578' title='bbox 2466 3790 2545 3852; x_wconf 80' lang='grc' dir='ltr'>εἰς</span> <span class='ocrx_word' id='word_1_579' title='bbox 2576 3790 2812 3861; x_wconf 73' lang='grc' dir='ltr'>ἐσχάτην</span> <span class='ocrx_word' id='word_1_580' title='bbox 2846 3789 3031 3861; x_wconf 74' lang='grc' dir='ltr'>ἔληξεν</span> <span class='ocrx_word' id='word_1_581' title='bbox 3064 3786 3285 3861; x_wconf 69' lang='grc' dir='ltr'><strong>⁴ἧτταν.»</strong></span> 
     </span>
    </p>
   </div>
   <div class='ocr_carea' id='block_1_88' title="bbox 2645 4054 3197 4111">
    <p class='ocr_par' dir='ltr' id='par_1_88' title="bbox 2645 4054 3197 4111">
     <span class='ocr_line' id='line_1_89' title="bbox 2645 4054 3197 4111; baseline 0.007 -5"><span class='ocrx_word' id='word_1_582' title='bbox 2645 4054 3040 4109; x_wconf 78' lang='grc' dir='ltr'><strong>ΚΕΦΑΛΑῙΟΝ</strong></span> <span class='ocrx_word' id='word_1_583' title='bbox 3070 4054 3197 4111; x_wconf 55' lang='lat' dir='ltr'><strong>KZ&quot;.</strong></span> 
     </span>
    </p>
   </div>
   <div class='ocr_carea' id='block_1_89' title="bbox 2133 4145 3706 4267">
    <p class='ocr_par' dir='ltr' id='par_1_89' title="bbox 2133 4145 3706 4267">
     <span class='ocr_line' id='line_1_90' title="bbox 2133 4145 3706 4267; baseline 0 -68"><span class='ocrx_word' id='word_1_584' title='bbox 2133 4146 2330 4213; x_wconf 85' lang='grc' dir='ltr'>Ὅπως</span> <span class='ocrx_word' id='word_1_585' title='bbox 2362 4149 2394 4200; x_wconf 87' lang='lat' dir='ltr'><strong>d</strong></span> <span class='ocrx_word' id='word_1_586' title='bbox 2426 4145 2679 4216; x_wconf 79' lang='grc' dir='ltr'>διωγμὸς</span> <span class='ocrx_word' id='word_1_587' title='bbox 2716 4147 2912 4267; x_wconf 72' lang='grc' dir='ltr'>αττιοὲ</span> <span class='ocrx_word' id='word_1_588' title='bbox 2937 4145 3139 4201; x_wconf 84' lang='grc' dir='ltr'>κακῶν</span> <span class='ocrx_word' id='word_1_589' title='bbox 3167 4146 3291 4211; x_wconf 84' lang='grc' dir='ltr'>τοῖς</span> <span class='ocrx_word' id='word_1_590' title='bbox 3320 4145 3706 4218; x_wconf 66' lang='grc' dir='ltr'>πολεμήσασι</span> 
     </span>
     <span class='ocr_line' id='line_1_91' title="bbox 2771 4232 3031 4267; baseline 0 0"><span class='ocrx_word' id='word_1_591' title='bbox 2771 4233 2879 4267; x_wconf 81' lang='grc' dir='ltr'><strong>κατ</strong></span> <span class='ocrx_word' id='word_1_592' title='bbox 2917 4232 3031 4267; x_wconf 76' lang='grc' dir='ltr'>στυ</span> 
     </span>
    </p>
   </div>
   <div class='ocr_carea' id='block_1_90' title="bbox 2771 4232 3031 4284">
    <p class='ocr_par' dir='ltr' id='par_1_90' title="bbox 2771 4232 3031 4284">
     <span class='ocr_line' id='line_1_92' title="bbox 2771 4232 3031 4284; baseline 0 -16"><span class='ocrx_word' id='word_1_593' title='bbox 2771 4232 3031 4284; x_wconf 64' lang='lat' dir='ltr'><strong>acassam</strong></span> 
     </span>
    </p>
   </div>
   <div class='ocr_carea' id='block_1_91' title="bbox 2207 4305 3705 4377">
    <p class='ocr_par' dir='ltr' id='par_1_91' title="bbox 2207 4305 3705 4377">
     <span class='ocr_line' id='line_1_93' title="bbox 2207 4305 3705 4377; baseline -0.001 -16"><span class='ocrx_word' id='word_1_594' title='bbox 2207 4326 2226 4360; x_wconf 80' lang='grc' dir='ltr'><strong>ι</strong></span> <span class='ocrx_word' id='word_1_595' title='bbox 2268 4308 2363 4361; x_wconf 90' lang='grc' dir='ltr'>Ἐκ</span> <span class='ocrx_word' id='word_1_596' title='bbox 2392 4306 2500 4360; x_wconf 89' lang='grc' dir='ltr'><strong>τῶν</strong></span> <span class='ocrx_word' id='word_1_597' title='bbox 2531 4305 2787 4359; x_wconf 88' lang='grc' dir='ltr'>τοιούτων</span> <span class='ocrx_word' id='word_1_598' title='bbox 2817 4306 3108 4375; x_wconf 81' lang='grc' dir='ltr'>ἀνεφύοντο</span> <span class='ocrx_word' id='word_1_599' title='bbox 3132 4306 3354 4377; x_wconf 84' lang='grc' dir='ltr'>πόλεμοι</span> <span class='ocrx_word' id='word_1_600' title='bbox 3390 4306 3596 4377; x_wconf 60' lang='grc' dir='ltr'>βαρεῖς</span> <span class='ocrx_word' id='word_1_601' title='bbox 3641 4307 3705 4360; x_wconf 80' lang='grc' dir='ltr'><strong>ἐκ</strong></span> 
     </span>
    </p>
   </div>
   <div class='ocr_carea' id='block_1_92' title="bbox 2128 4397 3702 4470">
    <p class='ocr_par' dir='ltr' id='par_1_92' title="bbox 2128 4397 3702 4470">
     <span class='ocr_line' id='line_1_94' title="bbox 2128 4397 3702 4470; baseline -0.002 -18"><span class='ocrx_word' id='word_1_602' title='bbox 2128 4398 2237 4453; x_wconf 91' lang='grc' dir='ltr'><strong>τῶν</strong></span> <span class='ocrx_word' id='word_1_603' title='bbox 2267 4399 2524 4452; x_wconf 89' lang='grc' dir='ltr'>τοιούτων</span> <span class='ocrx_word' id='word_1_604' title='bbox 2557 4397 2850 4469; x_wconf 86' lang='grc' dir='ltr'>πορθήσεις</span> <span class='ocrx_word' id='word_1_605' title='bbox 2877 4397 3239 4470; x_wconf 84' lang='grc' dir='ltr'>πανώλεθροι·</span> <span class='ocrx_word' id='word_1_606' title='bbox 3265 4398 3514 4451; x_wconf 82' lang='grc' dir='ltr'>ἐντεῦθεν</span> <span class='ocrx_word' id='word_1_607' title='bbox 3542 4397 3702 4451; x_wconf 85' lang='grc' dir='ltr'>ἐλατ-</span> 
     </span>
    </p>
   </div>
   <div class='ocr_carea' id='block_1_93' title="bbox 2127 4487 3702 4561">
    <p class='ocr_par' dir='ltr' id='par_1_93' title="bbox 2127 4487 3702 4561">
     <span class='ocr_line' id='line_1_95' title="bbox 2127 4487 3702 4561; baseline -0.003 -17"><span class='ocrx_word' id='word_1_608' title='bbox 2127 4490 2323 4555; x_wconf 86' lang='grc' dir='ltr'>τώσεις</span> <span class='ocrx_word' id='word_1_609' title='bbox 2358 4490 2454 4561; x_wconf 82' lang='grc' dir='ltr'>μὲν</span> <span class='ocrx_word' id='word_1_610' title='bbox 2483 4488 2590 4542; x_wconf 90' lang='grc' dir='ltr'><strong>τῶν</strong></span> <span class='ocrx_word' id='word_1_611' title='bbox 2619 4488 2755 4559; x_wconf 84' lang='grc' dir='ltr'>πρὸς</span> <span class='ocrx_word' id='word_1_612' title='bbox 2784 4488 2883 4551; x_wconf 82' lang='grc' dir='ltr'>τὰς</span> <span class='ocrx_word' id='word_1_613' title='bbox 2915 4489 3105 4559; x_wconf 83' lang='grc' dir='ltr'>χρείας</span> <span class='ocrx_word' id='word_1_614' title='bbox 3135 4489 3468 4558; x_wconf 84' lang='grc' dir='ltr'>ἀναγκαίων,</span> <span class='ocrx_word' id='word_1_615' title='bbox 3498 4487 3702 4560; x_wconf 84' lang='grc' dir='ltr'>πλῆθος</span> 
     </span>
    </p>
   </div>
   <div class='ocr_carea' id='block_1_94' title="bbox 2125 4578 3702 4653">
    <p class='ocr_par' dir='ltr' id='par_1_94' title="bbox 2125 4578 3702 4653">
     <span class='ocr_line' id='line_1_96' title="bbox 2125 4578 3702 4653; baseline -0.001 -18"><span class='ocrx_word' id='word_1_616' title='bbox 2125 4581 2185 4635; x_wconf 80' lang='grc' dir='ltr'>δὲ</span> <span class='ocrx_word' id='word_1_617' title='bbox 2222 4582 2331 4636; x_wconf 90' lang='grc' dir='ltr'><strong>τῶν</strong></span> <span class='ocrx_word' id='word_1_618' title='bbox 2365 4580 2761 4653; x_wconf 80' lang='grc' dir='ltr'>ἐπηρτημένων</span> <span class='ocrx_word' id='word_1_619' title='bbox 2799 4578 2983 4631; x_wconf 84' lang='grc' dir='ltr'>κακῶν</span> <span class='ocrx_word' id='word_1_620' title='bbox 3031 4580 3138 4650; x_wconf 73' lang='grc'>(74)</span> <span class='ocrx_word' id='word_1_621' title='bbox 3160 4596 3174 4610; x_wconf 88' lang='grc'><strong>·</strong></span> <span class='ocrx_word' id='word_1_622' title='bbox 3223 4580 3471 4633; x_wconf 84' lang='grc' dir='ltr'>ἐντεῦθεν</span> <span class='ocrx_word' id='word_1_623' title='bbox 3507 4581 3559 4633; x_wconf 70' lang='lat' dir='ltr'><strong>of.</strong></span> <span class='ocrx_word' id='word_1_624' title='bbox 3600 4579 3702 4649; x_wconf 79' lang='grc' dir='ltr'>τῆς</span> 
     </span>
    </p>
   </div>
   <div class='ocr_carea' id='block_1_95' title="bbox 2124 4670 3703 4744">
    <p class='ocr_par' dir='ltr' id='par_1_95' title="bbox 2124 4670 3703 4744">
     <span class='ocr_line' id='line_1_97' title="bbox 2124 4670 3703 4744; baseline -0.003 -17"><span class='ocrx_word' id='word_1_625' title='bbox 2124 4673 2393 4744; x_wconf 82' lang='grc' dir='ltr'>τοσαύτης</span> <span class='ocrx_word' id='word_1_626' title='bbox 2450 4671 2684 4744; x_wconf 71' lang='grc' dir='ltr'>ἀρχηγοὶ</span> <span class='ocrx_word' id='word_1_627' title='bbox 2742 4670 3092 4738; x_wconf 86' lang='grc' dir='ltr'>δυσσεϐείας,</span> <span class='ocrx_word' id='word_1_628' title='bbox 3156 4672 3190 4743; x_wconf 77' lang='grc' dir='ltr'><strong>ἢ</strong></span> <span class='ocrx_word' id='word_1_629' title='bbox 3251 4672 3577 4735; x_wconf 87' lang='grc' dir='ltr'>ἀνατλάντες</span> <span class='ocrx_word' id='word_1_630' title='bbox 3631 4670 3703 4724; x_wconf 76' lang='grc' dir='ltr'><strong>τὰ</strong></span> 
     </span>
    </p>
   </div>
   <div class='ocr_carea' id='block_1_96' title="bbox 457 4824 3702 4899">
    <p class='ocr_par' dir='ltr' id='par_1_96' title="bbox 457 4824 3702 4899">
     <span class='ocr_line' id='line_1_98' title="bbox 457 4824 3702 4899; baseline -0.002 -14"><span class='ocrx_word' id='word_1_631' title='bbox 457 4830 618 4885; x_wconf 90' lang='lat' dir='ltr'><strong>modo</strong></span> <span class='ocrx_word' id='word_1_632' title='bbox 666 4831 830 4899; x_wconf 65' lang='lat' dir='ltr'><strong>etiam</strong></span> <span class='ocrx_word' id='word_1_633' title='bbox 889 4830 945 4883; x_wconf 92' lang='lat' dir='ltr'><strong>in</strong></span> <span class='ocrx_word' id='word_1_634' title='bbox 1015 4828 1232 4884; x_wconf 80' lang='lat' dir='ltr'><strong>scltedis</strong></span> <span class='ocrx_word' id='word_1_635' title='bbox 1277 4828 1537 4895; x_wconf 87' lang='lat' dir='ltr'><strong>scriptum</strong></span> <span class='ocrx_word' id='word_1_636' title='bbox 1600 4826 1813 4897; x_wconf 87' lang='lat' dir='ltr'><strong>reperi,</strong></span> <span class='ocrx_word' id='word_1_637' title='bbox 1855 4835 1911 4882; x_wconf 87' lang='lat' dir='ltr'><strong>et</strong></span> <span class='ocrx_word' id='word_1_638' title='bbox 1962 4826 2018 4881; x_wconf 92' lang='lat' dir='ltr'><strong>in</strong></span> <span class='ocrx_word' id='word_1_639' title='bbox 2051 4833 2095 4890; x_wconf 82' lang='grc' dir='ltr'><strong>ι)</strong></span> <span class='ocrx_word' id='word_1_640' title='bbox 2124 4828 2313 4899; x_wconf 81' lang='lat' dir='ltr'><strong>codice</strong></span> <span class='ocrx_word' id='word_1_641' title='bbox 2343 4826 2599 4899; x_wconf 70' lang='lat' dir='ltr'><strong>Medicam</strong></span> <span class='ocrx_word' id='word_1_642' title='bbox 2649 4824 2843 4899; x_wconf 74' lang='lat' dir='ltr'><strong>legitur</strong></span> <span class='ocrx_word' id='word_1_643' title='bbox 2898 4826 3005 4899; x_wconf 76' lang='lat' dir='ltr'><strong>hoc</strong></span> <span class='ocrx_word' id='word_1_644' title='bbox 3036 4828 3209 4899; x_wconf 78' lang='lat' dir='ltr'><strong>modo</strong></span> <span class='ocrx_word' id='word_1_645' title='bbox 3250 4844 3264 4880; x_wconf 92' lang='lat'><strong>:</strong></span> <span class='ocrx_word' id='word_1_646' title='bbox 3311 4829 3424 4883; x_wconf 79' lang='grc' dir='ltr'>ὅσοι</span> <span class='ocrx_word' id='word_1_647' title='bbox 3457 4829 3515 4882; x_wconf 84' lang='grc' dir='ltr'>δὲ</span> <span class='ocrx_word' id='word_1_648' title='bbox 3560 4828 3593 4899; x_wconf 83' lang='grc' dir='ltr'>ἢ</span> <span class='ocrx_word' id='word_1_649' title='bbox 3638 4827 3702 4881; x_wconf 77' lang='grc' dir='ltr'>τὸ</span> 
     </span>
    </p>
   </div>
   <div class='ocr_carea' id='block_1_97' title="bbox 453 4897 806 4957">
    <p class='ocr_par' dir='ltr' id='par_1_97' title="bbox 453 4897 806 4957">
     <span class='ocr_line' id='line_1_99' title="bbox 453 4897 806 4957; baseline -0.006 0"><span class='ocrx_word' id='word_1_650' title='bbox 453 4902 653 4957; x_wconf 82' lang='lat' dir='ltr'><strong>codice&#39;</strong></span> <span class='ocrx_word' id='word_1_651' title='bbox 670 4897 806 4955; x_wconf 75' lang='lat' dir='ltr'><strong>Fuk.</strong></span> 
     </span>
    </p>
   </div>
   <div class='ocr_carea' id='block_1_98' title="bbox 527 4964 2019 5037">
    <p class='ocr_par' dir='ltr' id='par_1_98' title="bbox 527 4964 2019 5037">
     <span class='ocr_line' id='line_1_100' title="bbox 527 4964 2019 5037; baseline -0.001 -15"><span class='ocrx_word' id='word_1_652' title='bbox 527 4968 803 5037; x_wconf 83' lang='lat' dir='ltr'><strong>(69)Vulg.</strong></span> <span class='ocrx_word' id='word_1_653' title='bbox 823 4966 923 5021; x_wconf 78' lang='grc' dir='ltr'>καὶ</span> <span class='ocrx_word' id='word_1_654' title='bbox 948 4965 1098 5035; x_wconf 76' lang='grc' dir='ltr'>πρὸς</span> <span class='ocrx_word' id='word_1_655' title='bbox 1120 4964 1187 5019; x_wconf 79' lang='grc' dir='ltr'>τὸ</span> <span class='ocrx_word' id='word_1_656' title='bbox 1202 4964 1574 5037; x_wconf 59' lang='grc' dir='ltr'>ἀνθρώπινον</span> <span class='ocrx_word' id='word_1_657' title='bbox 1588 4964 1781 5035; x_wconf 76' lang='grc' dir='ltr'>γένος.</span> <span class='ocrx_word' id='word_1_658' title='bbox 1800 4965 2019 5021; x_wconf 83' lang='lat' dir='ltr'><strong>Mutilus</strong></span> 
     </span>
    </p>
   </div>
   <div class='ocr_carea' id='block_1_99' title="bbox 453 5035 2013 5105">
    <p class='ocr_par' dir='ltr' id='par_1_99' title="bbox 453 5035 2013 5105">
     <span class='ocr_line' id='line_1_101' title="bbox 453 5035 2013 5105; baseline -0.003 -14"><span class='ocrx_word' id='word_1_659' title='bbox 453 5035 544 5092; x_wconf 82' lang='lat' dir='ltr'><strong>est</strong></span> <span class='ocrx_word' id='word_1_660' title='bbox 562 5035 647 5091; x_wconf 86' lang='lat' dir='ltr'><strong>hic</strong></span> <span class='ocrx_word' id='word_1_661' title='bbox 662 5035 827 5101; x_wconf 83' lang='lat' dir='ltr'><strong>locus,</strong></span> <span class='ocrx_word' id='word_1_662' title='bbox 842 5038 935 5105; x_wconf 85' lang='lat' dir='ltr'><strong>qui</strong></span> <span class='ocrx_word' id='word_1_663' title='bbox 955 5052 1019 5090; x_wconf 84' lang='lat' dir='ltr'><strong>ex</strong></span> <span class='ocrx_word' id='word_1_664' title='bbox 1041 5037 1226 5089; x_wconf 86' lang='lat' dir='ltr'><strong>codice</strong></span> <span class='ocrx_word' id='word_1_665' title='bbox 1246 5035 1498 5089; x_wconf 73' lang='lat' dir='ltr'><strong>Medicam</strong></span> <span class='ocrx_word' id='word_1_666' title='bbox 1515 5038 1584 5088; x_wconf 89' lang='lat' dir='ltr'><strong>ita</strong></span> <span class='ocrx_word' id='word_1_667' title='bbox 1602 5038 1808 5090; x_wconf 84' lang='lat' dir='ltr'><strong>restitui</strong></span> <span class='ocrx_word' id='word_1_668' title='bbox 1826 5038 2013 5091; x_wconf 84' lang='lat' dir='ltr'><strong>debet:</strong></span> 
     </span>
    </p>
   </div>
   <div class='ocr_carea' id='block_1_100' title="bbox 452 5104 2018 5189">
    <p class='ocr_par' dir='ltr' id='par_1_100' title="bbox 452 5104 2018 5189">
     <span class='ocr_line' id='line_1_102' title="bbox 452 5104 2018 5189; baseline -0.003 -28"><span class='ocrx_word' id='word_1_669' title='bbox 452 5107 636 5189; x_wconf 54' lang='lat' dir='ltr'><strong>tantle</strong></span> <span class='ocrx_word' id='word_1_670' title='bbox 653 5106 785 5189; x_wconf 85' lang='grc' dir='ltr'>πρὸς</span> <span class='ocrx_word' id='word_1_671' title='bbox 813 5104 875 5159; x_wconf 71' lang='grc' dir='ltr'><strong>τό</strong></span> <span class='ocrx_word' id='word_1_672' title='bbox 888 5107 1146 5189; x_wconf 64' lang='grc' dir='ltr'>Κρεῖττον</span> <span class='ocrx_word' id='word_1_673' title='bbox 1177 5105 1422 5189; x_wconf 69' lang='grc' dir='ltr'>ἀνοήτως</span> <span class='ocrx_word' id='word_1_674' title='bbox 1441 5104 1793 5189; x_wconf 41' lang='grc' dir='ltr'>ἐκμανέἳτας,</span> <span class='ocrx_word' id='word_1_675' title='bbox 1818 5105 1852 5189; x_wconf 69' lang='grc' dir='ltr'>ᾖ</span> <span class='ocrx_word' id='word_1_676' title='bbox 1882 5106 2018 5189; x_wconf 61' lang='grc' dir='ltr'>πρὸς</span> 
     </span>
    </p>
   </div>
   <div class='ocr_carea' id='block_1_101' title="bbox 452 5175 2017 5249">
    <p class='ocr_par' dir='ltr' id='par_1_101' title="bbox 452 5175 2017 5249">
     <span class='ocr_line' id='line_1_103' title="bbox 452 5175 2017 5249; baseline -0.003 -18"><span class='ocrx_word' id='word_1_677' title='bbox 452 5179 514 5231; x_wconf 88' lang='grc' dir='ltr'>τὸ</span> <span class='ocrx_word' id='word_1_678' title='bbox 541 5175 877 5249; x_wconf 77' lang='grc' dir='ltr'>ἀνθρώπινον</span> <span class='ocrx_word' id='word_1_679' title='bbox 910 5175 1064 5244; x_wconf 86' lang='grc' dir='ltr'>γένος</span> <span class='ocrx_word' id='word_1_680' title='bbox 1106 5175 1361 5245; x_wconf 83' lang='grc' dir='ltr'>λογισμὸν</span> <span class='ocrx_word' id='word_1_681' title='bbox 1395 5175 1541 5227; x_wconf 69' lang='grc' dir='ltr'>ὅσιον</span> <span class='ocrx_word' id='word_1_682' title='bbox 1580 5175 1782 5245; x_wconf 81' lang='grc' dir='ltr'>μηδένα</span> <span class='ocrx_word' id='word_1_683' title='bbox 1821 5175 2017 5229; x_wconf 78' lang='grc' dir='ltr'>λαϐὸν-</span> 
     </span>
    </p>
   </div>
   <div class='ocr_carea' id='block_1_102' title="bbox 452 5254 715 5311">
    <p class='ocr_par' dir='ltr' id='par_1_102' title="bbox 452 5254 715 5311">
     <span class='ocr_line' id='line_1_104' title="bbox 452 5254 715 5311; baseline -0.011 -10"><span class='ocrx_word' id='word_1_684' title='bbox 452 5264 573 5311; x_wconf 86' lang='grc' dir='ltr'>τας,</span> <span class='ocrx_word' id='word_1_685' title='bbox 606 5254 715 5299; x_wconf 84' lang='lat' dir='ltr'><strong>etc.</strong></span> 
     </span>
    </p>
   </div>
   <div class='ocr_carea' id='block_1_103' title="bbox 526 5312 2016 5389">
    <p class='ocr_par' dir='ltr' id='par_1_103' title="bbox 526 5312 2016 5389">
     <span class='ocr_line' id='line_1_105' title="bbox 526 5312 2016 5389; baseline -0.001 -20"><span class='ocrx_word' id='word_1_686' title='bbox 526 5315 639 5389; x_wconf 82' lang='lat'><strong>(70)</strong></span> <span class='ocrx_word' id='word_1_687' title='bbox 674 5318 794 5389; x_wconf 79' lang='grc' dir='ltr'><strong>οὐκ</strong></span> <span class='ocrx_word' id='word_1_688' title='bbox 819 5314 1176 5389; x_wconf 42' lang='grc' dir='ltr'>ἀπεικότως..</span> <span class='ocrx_word' id='word_1_689' title='bbox 1199 5312 2016 5389; x_wconf 60' lang='lat' dir='ltr'><strong>ln_cod_iceMedictgoscribjtur</strong></span> 
     </span>
    </p>
   </div>
   <div class='ocr_carea' id='block_1_104' title="bbox 451 5381 2019 5452">
    <p class='ocr_par' dir='ltr' id='par_1_104' title="bbox 451 5381 2019 5452">
     <span class='ocr_line' id='line_1_106' title="bbox 451 5381 2019 5452; baseline -0.004 -11"><span class='ocrx_word' id='word_1_690' title='bbox 451 5381 553 5441; x_wconf 79' lang='grc' dir='ltr'>οὐκ</span> <span class='ocrx_word' id='word_1_691' title='bbox 582 5381 648 5439; x_wconf 82' lang='grc' dir='ltr'>ἂν</span> <span class='ocrx_word' id='word_1_692' title='bbox 668 5386 992 5447; x_wconf 87' lang='grc' dir='ltr'>ἀπεικότως,</span> <span class='ocrx_word' id='word_1_693' title='bbox 1020 5384 1125 5435; x_wconf 80' lang='grc' dir='ltr'>οὐδ’</span> <span class='ocrx_word' id='word_1_694' title='bbox 1151 5384 1219 5436; x_wconf 86' lang='grc' dir='ltr'>ἂν</span> <span class='ocrx_word' id='word_1_695' title='bbox 1244 5383 1353 5435; x_wconf 87' lang='grc' dir='ltr'>ἀπὸ</span> <span class='ocrx_word' id='word_1_696' title='bbox 1379 5381 1536 5450; x_wconf 80' lang='grc' dir='ltr'>λόγου</span> <span class='ocrx_word' id='word_1_697' title='bbox 1558 5382 1861 5452; x_wconf 88' lang='grc' dir='ltr'>συμϐαίνοι.</span> <span class='ocrx_word' id='word_1_698' title='bbox 1886 5382 2019 5437; x_wconf 89' lang='lat' dir='ltr'><strong>Cer-</strong></span> 
     </span>
    </p>
   </div>
   <div class='ocr_carea' id='block_1_105' title="bbox 457 5453 2016 5525">
    <p class='ocr_par' dir='ltr' id='par_1_105' title="bbox 457 5453 2016 5525">
     <span class='ocr_line' id='line_1_107' title="bbox 457 5453 2016 5525; baseline -0.003 -15"><span class='ocrx_word' id='word_1_699' title='bbox 457 5469 509 5511; x_wconf 93' lang='lat' dir='ltr'><strong>te</strong></span> <span class='ocrx_word' id='word_1_700' title='bbox 537 5460 706 5525; x_wconf 82' lang='lat' dir='ltr'><strong>codex</strong></span> <span class='ocrx_word' id='word_1_701' title='bbox 746 5454 944 5525; x_wconf 83' lang='lat' dir='ltr'><strong>chius</strong></span> <span class='ocrx_word' id='word_1_702' title='bbox 993 5453 1278 5525; x_wconf 82' lang='grc' dir='ltr'>συμϐαίνοι</span> <span class='ocrx_word' id='word_1_703' title='bbox 1299 5467 1513 5525; x_wconf 78' lang='lat' dir='ltr'><strong>quoque</strong></span> <span class='ocrx_word' id='word_1_704' title='bbox 1538 5463 1809 5525; x_wconf 72' lang='lat' dir='ltr'><strong>scriptum</strong></span> <span class='ocrx_word' id='word_1_705' title='bbox 1826 5453 2016 5525; x_wconf 72' lang='lat' dir='ltr'><strong>habet.</strong></span> 
     </span>
    </p>
   </div>
   <div class='ocr_carea' id='block_1_106' title="bbox 525 5521 2023 5596">
    <p class='ocr_par' dir='ltr' id='par_1_106' title="bbox 525 5521 2023 5596">
     <span class='ocr_line' id='line_1_108' title="bbox 525 5521 2023 5596; baseline -0.002 -18"><span class='ocrx_word' id='word_1_706' title='bbox 525 5524 638 5596; x_wconf 74' lang='lat' dir='ltr'><strong>(7i)</strong></span> <span class='ocrx_word' id='word_1_707' title='bbox 672 5521 1125 5596; x_wconf 63' lang='grc' dir='ltr'>Ὅσοῐμένγιιρ.</span> <span class='ocrx_word' id='word_1_708' title='bbox 1176 5524 1253 5581; x_wconf 73' lang='lat' dir='ltr'><strong>Ah</strong></span> <span class='ocrx_word' id='word_1_709' title='bbox 1291 5522 1409 5596; x_wconf 77' lang='lat' dir='ltr'><strong>_liis_</strong></span> <span class='ocrx_word' id='word_1_710' title='bbox 1440 5521 1621 5596; x_wconf 66' lang='lat' dir='ltr'><strong>verbis</strong></span> <span class='ocrx_word' id='word_1_711' title='bbox 1664 5537 1787 5592; x_wconf 87' lang='lat' dir='ltr'><strong>cap.</strong></span> <span class='ocrx_word' id='word_1_712' title='bbox 1818 5521 1890 5576; x_wconf 72' lang='grc'>26</span> <span class='ocrx_word' id='word_1_713' title='bbox 1938 5522 2023 5576; x_wconf 90' lang='lat' dir='ltr'><strong>in-</strong></span> 
     </span>
    </p>
   </div>
   <div class='ocr_carea' id='block_1_107' title="bbox 454 5589 1609 5659">
    <p class='ocr_par' dir='ltr' id='par_1_107' title="bbox 454 5589 1609 5659">
     <span class='ocr_line' id='line_1_109' title="bbox 454 5589 1609 5659; baseline -0.005 -10"><span class='ocrx_word' id='word_1_714' title='bbox 454 5589 645 5649; x_wconf 56' lang='lat' dir='ltr'><strong>etiam</strong></span> <span class='ocrx_word' id='word_1_715' title='bbox 668 5610 735 5648; x_wconf 78' lang='lat' dir='ltr'><strong>ex</strong></span> <span class='ocrx_word' id='word_1_716' title='bbox 767 5589 955 5649; x_wconf 74' lang='lat' dir='ltr'><strong>codice</strong></span> <span class='ocrx_word' id='word_1_717' title='bbox 979 5589 1113 5649; x_wconf 74' lang='lat' dir='ltr'><strong>Fuk.</strong></span> <span class='ocrx_word' id='word_1_718' title='bbox 1143 5603 1200 5647; x_wconf 89' lang='lat' dir='ltr'><strong>et</strong></span> <span class='ocrx_word' id='word_1_719' title='bbox 1229 5591 1444 5647; x_wconf 80' lang='lat' dir='ltr'><strong>schedis</strong></span> <span class='ocrx_word' id='word_1_720' title='bbox 1475 5589 1609 5659; x_wconf 86' lang='lat' dir='ltr'><strong>Reg.</strong></span> 
     </span>
    </p>
   </div>
   <div class='ocr_carea' id='block_1_108' title="bbox 526 5658 2020 5736">
    <p class='ocr_par' dir='ltr' id='par_1_108' title="bbox 526 5658 2020 5736">
     <span class='ocr_line' id='line_1_110' title="bbox 526 5658 2020 5736; baseline 0.002 -21"><span class='ocrx_word' id='word_1_721' title='bbox 526 5664 639 5736; x_wconf 75' lang='lat'><strong>(7‘2)</strong></span> <span class='ocrx_word' id='word_1_722' title='bbox 665 5662 821 5735; x_wconf 76' lang='lat' dir='ltr'><strong>Vulg.</strong></span> <span class='ocrx_word' id='word_1_723' title='bbox 852 5665 987 5719; x_wconf 81' lang='grc' dir='ltr'>ὅσοι</span> <span class='ocrx_word' id='word_1_724' title='bbox 1010 5662 1078 5718; x_wconf 82' lang='grc' dir='ltr'>δὲ</span> <span class='ocrx_word' id='word_1_725' title='bbox 1103 5662 1169 5717; x_wconf 79' lang='grc' dir='ltr'>τὸ</span> <span class='ocrx_word' id='word_1_726' title='bbox 1190 5660 1425 5722; x_wconf 70' lang='grc' dir='ltr'>δίκαιον</span> <span class='ocrx_word' id='word_1_727' title='bbox 1450 5658 1691 5732; x_wconf 58' lang='grc' dir='ltr'>ἀτίμως.</span> <span class='ocrx_word' id='word_1_728' title='bbox 1722 5658 1944 5727; x_wconf 54' lang='lat' dir='ltr'><strong>[tectius</strong></span> <span class='ocrx_word' id='word_1_729' title='bbox 1964 5659 2020 5725; x_wconf 82' lang='lat' dir='ltr'><strong>in</strong></span> 
     </span>
    </p>
   </div>
   <div class='ocr_carea' id='block_1_109' title="bbox 2121 5103 3355 5228">
    <p class='ocr_par' dir='ltr' id='par_1_109' title="bbox 2121 5103 3355 5228">
     <span class='ocr_line' id='line_1_111' title="bbox 2121 5103 3355 5228; baseline 0.003 -73"><span class='ocrx_word' id='word_1_730' title='bbox 2121 5105 2160 5228; x_wconf 58' lang='grc' dir='ltr'>ἒ</span> <span class='ocrx_word' id='word_1_731' title='bbox 2191 5105 2325 5191; x_wconf 54' lang='grc' dir='ltr'>πρός</span> <span class='ocrx_word' id='word_1_732' title='bbox 2352 5103 2411 5155; x_wconf 84' lang='grc' dir='ltr'>τὸ</span> <span class='ocrx_word' id='word_1_733' title='bbox 2436 5103 2688 5174; x_wconf 73' lang='grc' dir='ltr'>Κρείττον</span> <span class='ocrx_word' id='word_1_734' title='bbox 2721 5103 2961 5173; x_wconf 83' lang='grc' dir='ltr'>ἀνοήτως</span> <span class='ocrx_word' id='word_1_735' title='bbox 2992 5103 3355 5193; x_wconf 61' lang='grc' dir='ltr'>ἐκμανέντας,</span> 
     </span>
     <span class='ocr_line' id='line_1_112' title="bbox 2162 5172 3355 5228; baseline 0.002 -2"><span class='ocrx_word' id='word_1_736' title='bbox 2162 5174 2461 5228; x_wconf 84' lang='grc' dir='ltr'>νθοωπινον</span> <span class='ocrx_word' id='word_1_737' title='bbox 2483 5173 2636 5228; x_wconf 84' lang='grc' dir='ltr'>γένος</span> <span class='ocrx_word' id='word_1_738' title='bbox 2665 5172 2919 5228; x_wconf 71' lang='grc' dir='ltr'>λογισμὸν</span> <span class='ocrx_word' id='word_1_739' title='bbox 2946 5177 3091 5228; x_wconf 83' lang='grc' dir='ltr'>ὅσιον</span> <span class='ocrx_word' id='word_1_740' title='bbox 3113 5177 3300 5228; x_wconf 86' lang='grc' dir='ltr'>ουοένα</span> <span class='ocrx_word' id='word_1_741' title='bbox 3323 5178 3355 5228; x_wconf 57' lang='grc' dir='ltr'>λη</span> 
     </span>
    </p>
   </div>
   <div class='ocr_carea' id='block_1_110' title="bbox 2122 4894 3697 4968">
    <p class='ocr_par' dir='ltr' id='par_1_110' title="bbox 2122 4894 3697 4968">
     <span class='ocr_line' id='line_1_113' title="bbox 2122 4894 3697 4968; baseline 0.002 -19"><span class='ocrx_word' id='word_1_742' title='bbox 2122 4897 2327 4968; x_wconf 79' lang='grc' dir='ltr'>δίκαιον</span> <span class='ocrx_word' id='word_1_743' title='bbox 2358 4896 2567 4968; x_wconf 72' lang='grc' dir='ltr'>ἀτίμως</span> <span class='ocrx_word' id='word_1_744' title='bbox 2597 4894 2866 4968; x_wconf 82' lang='grc' dir='ltr'>παρεῖδον,</span> <span class='ocrx_word' id='word_1_745' title='bbox 2894 4895 2927 4964; x_wconf 82' lang='grc' dir='ltr'><strong>ἢ</strong></span> <span class='ocrx_word' id='word_1_746' title='bbox 2954 4895 3017 4948; x_wconf 82' lang='grc' dir='ltr'>τὸ</span> <span class='ocrx_word' id='word_1_747' title='bbox 3034 4898 3295 4967; x_wconf 86' lang='grc' dir='ltr'>Κρεῖττον</span> <span class='ocrx_word' id='word_1_748' title='bbox 3314 4901 3414 4952; x_wconf 78' lang='grc' dir='ltr'>οὐκ</span> <span class='ocrx_word' id='word_1_749' title='bbox 3437 4894 3697 4968; x_wconf 74' lang='grc' dir='ltr'>ἔγνωσαν.</span> 
     </span>
    </p>
   </div>
   <div class='ocr_carea' id='block_1_111' title="bbox 2124 4966 3697 5037">
    <p class='ocr_par' dir='ltr' id='par_1_111' title="bbox 2124 4966 3697 5037">
     <span class='ocr_line' id='line_1_114' title="bbox 2124 4966 3697 5037; baseline 0.001 -16"><span class='ocrx_word' id='word_1_750' title='bbox 2124 4966 2239 5021; x_wconf 83' lang='lat' dir='ltr'><strong>Hoc</strong></span> <span class='ocrx_word' id='word_1_751' title='bbox 2269 4975 2353 5020; x_wconf 88' lang='lat' dir='ltr'><strong>est</strong></span> <span class='ocrx_word' id='word_1_752' title='bbox 2376 4966 2525 5037; x_wconf 67' lang='lat' dir='ltr'><strong>quod</strong></span> <span class='ocrx_word' id='word_1_753' title='bbox 2558 4979 2721 5037; x_wconf 74' lang='lat' dir='ltr'><strong>supra</strong></span> <span class='ocrx_word' id='word_1_754' title='bbox 2747 4966 2887 5037; x_wconf 80' lang='lat' dir='ltr'><strong>dixit</strong></span> <span class='ocrx_word' id='word_1_755' title='bbox 2919 4972 2971 5018; x_wconf 84' lang='lat' dir='ltr'><strong>in</strong></span> <span class='ocrx_word' id='word_1_756' title='bbox 2998 4966 3116 5033; x_wconf 80' lang='lat' dir='ltr'><strong>cap.</strong></span> <span class='ocrx_word' id='word_1_757' title='bbox 3150 4968 3220 5021; x_wconf 72' lang='lat'><strong>‘25</strong></span> <span class='ocrx_word' id='word_1_758' title='bbox 3247 5007 3262 5031; x_wconf 86' lang='lat'><strong>,</strong></span> <span class='ocrx_word' id='word_1_759' title='bbox 3314 4978 3370 5021; x_wconf 86' lang='grc' dir='ltr'><strong>ιιι</strong></span> <span class='ocrx_word' id='word_1_760' title='bbox 3396 4966 3559 5037; x_wconf 85' lang='lat' dir='ltr'><strong>supra</strong></span> <span class='ocrx_word' id='word_1_761' title='bbox 3596 4984 3697 5037; x_wconf 85' lang='lat' dir='ltr'><strong>tto-</strong></span> 
     </span>
    </p>
   </div>
   <div class='ocr_carea' id='block_1_112' title="bbox 2125 5033 3702 5105">
    <p class='ocr_par' dir='ltr' id='par_1_112' title="bbox 2125 5033 3702 5105">
     <span class='ocr_line' id='line_1_115' title="bbox 2125 5033 3702 5105; baseline 0 -16"><span class='ocrx_word' id='word_1_762' title='bbox 2125 5037 2269 5101; x_wconf 86' lang='lat' dir='ltr'><strong>tavi,</strong></span> <span class='ocrx_word' id='word_1_763' title='bbox 2309 5033 2521 5105; x_wconf 30' lang='lat' dir='ltr'><strong>robe”?</strong></span> <span class='ocrx_word' id='word_1_764' title='bbox 2562 5033 2766 5096; x_wconf 86' lang='grc' dir='ltr'>ἀδίκοις</span> <span class='ocrx_word' id='word_1_765' title='bbox 2803 5036 3259 5105; x_wconf 84' lang='grc' dir='ltr'>ἐπιχειρήσαντας</span> <span class='ocrx_word' id='word_1_766' title='bbox 3308 5033 3570 5105; x_wconf 78' lang='grc' dir='ltr'>τόλμαις,</span> <span class='ocrx_word' id='word_1_767' title='bbox 3605 5036 3702 5090; x_wconf 78' lang='grc' dir='ltr'>καὶ</span> 
     </span>
    </p>
   </div>
   <div class='ocr_carea' id='block_1_113' title="bbox 3464 5106 3700 5160">
    <p class='ocr_par' dir='ltr' id='par_1_113' title="bbox 3464 5106 3700 5160">
     <span class='ocr_line' id='line_1_116' title="bbox 3464 5106 3700 5160; baseline -0.004 0"><span class='ocrx_word' id='word_1_768' title='bbox 3464 5108 3601 5160; x_wconf 79' lang='grc' dir='ltr'>πρὸς</span> <span class='ocrx_word' id='word_1_769' title='bbox 3637 5106 3700 5160; x_wconf 86' lang='grc' dir='ltr'>τὸ</span> 
     </span>
    </p>
   </div>
   <div class='ocr_carea' id='block_1_114' title="bbox 2194 5108 3601 5243">
    <p class='ocr_par' dir='ltr' id='par_1_114' title="bbox 2194 5108 3601 5243">
     <span class='ocr_line' id='line_1_117' title="bbox 2194 5108 3601 5179; baseline 0.003 -22"><span class='ocrx_word' id='word_1_770' title='bbox 2194 5108 2325 5176; x_wconf 81' lang='grc' dir='ltr'>πρὸς</span> <span class='ocrx_word' id='word_1_771' title='bbox 2352 5108 2411 5155; x_wconf 85' lang='grc' dir='ltr'>τὸ</span> <span class='ocrx_word' id='word_1_772' title='bbox 2436 5108 2688 5174; x_wconf 73' lang='grc' dir='ltr'>Κρείττον</span> <span class='ocrx_word' id='word_1_773' title='bbox 2721 5108 2961 5173; x_wconf 84' lang='grc' dir='ltr'>ἀνοήτως</span> <span class='ocrx_word' id='word_1_774' title='bbox 2992 5108 3355 5175; x_wconf 84' lang='grc' dir='ltr'>ἐκμανέντας,</span> <span class='ocrx_word' id='word_1_775' title='bbox 3398 5108 3430 5177; x_wconf 85' lang='grc' dir='ltr'>ἢ</span> <span class='ocrx_word' id='word_1_776' title='bbox 3464 5108 3601 5179; x_wconf 81' lang='grc' dir='ltr'>πρὸς</span> 
     </span>
     <span class='ocr_line' id='line_1_118' title="bbox 2194 5172 3601 5243; baseline 0.004 -18"><span class='ocrx_word' id='word_1_777' title='bbox 2194 5173 2461 5243; x_wconf 84' lang='grc' dir='ltr'>θρὼπινον</span> <span class='ocrx_word' id='word_1_778' title='bbox 2483 5173 2636 5243; x_wconf 88' lang='grc' dir='ltr'>γένος</span> <span class='ocrx_word' id='word_1_779' title='bbox 2665 5172 2919 5243; x_wconf 80' lang='grc' dir='ltr'>λογισμὸν</span> <span class='ocrx_word' id='word_1_780' title='bbox 2946 5177 3091 5228; x_wconf 83' lang='grc' dir='ltr'>ὅσιον</span> <span class='ocrx_word' id='word_1_781' title='bbox 3113 5177 3300 5230; x_wconf 79' lang='grc' dir='ltr'>οὐδένα</span> <span class='ocrx_word' id='word_1_782' title='bbox 3323 5178 3601 5241; x_wconf 82' lang='grc' dir='ltr'>λαϐόντας,</span> 
     </span>
    </p>
   </div>
   <div class='ocr_carea' id='block_1_115' title="bbox 2197 5191 3700 5315">
    <p class='ocr_par' dir='ltr' id='par_1_115' title="bbox 2197 5191 3700 5315">
     <span class='ocr_line' id='line_1_119' title="bbox 2197 5191 3601 5243; baseline 0.004 -18"><span class='ocrx_word' id='word_1_783' title='bbox 2197 5191 2222 5225; x_wconf 83' lang='grc' dir='ltr'><strong>υ</strong></span> <span class='ocrx_word' id='word_1_784' title='bbox 2263 5191 2461 5227; x_wconf 89' lang='grc' dir='ltr'>ωπινον</span> <span class='ocrx_word' id='word_1_785' title='bbox 2483 5191 2636 5241; x_wconf 89' lang='grc' dir='ltr'>γενος</span> <span class='ocrx_word' id='word_1_786' title='bbox 2667 5191 2919 5243; x_wconf 81' lang='grc' dir='ltr'>Αογισμον</span> <span class='ocrx_word' id='word_1_787' title='bbox 2946 5191 3091 5228; x_wconf 89' lang='grc' dir='ltr'>οσιον</span> <span class='ocrx_word' id='word_1_788' title='bbox 3113 5191 3300 5230; x_wconf 86' lang='grc' dir='ltr'>ουοενα</span> <span class='ocrx_word' id='word_1_789' title='bbox 3323 5191 3601 5241; x_wconf 76' lang='grc' dir='ltr'>Ααῡοντας,</span> 
     </span>
     <span class='ocr_line' id='line_1_120' title="bbox 2197 5191 3700 5315; baseline 0.003 -18"><span class='ocrx_word' id='word_1_790' title='bbox 2197 5191 2310 5313; x_wconf 65' lang='grc' dir='ltr'>(ξό)</span> <span class='ocrx_word' id='word_1_791' title='bbox 2352 5242 2664 5315; x_wconf 62' lang='grc' dir='ltr'>Ἐκόνίαζοιζ</span> <span class='ocrx_word' id='word_1_792' title='bbox 2711 5245 3060 5315; x_wconf 64' lang='grc' dir='ltr'>προφάσεις.</span> <span class='ocrx_word' id='word_1_793' title='bbox 3115 5247 3168 5299; x_wconf 87' lang='lat' dir='ltr'><strong>In</strong></span> <span class='ocrx_word' id='word_1_794' title='bbox 3209 5250 3396 5301; x_wconf 79' lang='lat' dir='ltr'><strong>codice</strong></span> <span class='ocrx_word' id='word_1_795' title='bbox 3440 5247 3700 5301; x_wconf 73' lang='lat' dir='ltr'><strong>Medicam</strong></span> 
     </span>
    </p>
   </div>
   <div class='ocr_carea' id='block_1_116' title="bbox 2127 5312 3701 5385">
    <p class='ocr_par' dir='ltr' id='par_1_116' title="bbox 2127 5312 3701 5385">
     <span class='ocr_line' id='line_1_121' title="bbox 2127 5312 3701 5385; baseline 0.003 -19"><span class='ocrx_word' id='word_1_796' title='bbox 2127 5312 2319 5383; x_wconf 78' lang='lat' dir='ltr'><strong>legitur</strong></span> <span class='ocrx_word' id='word_1_797' title='bbox 2346 5314 2437 5385; x_wconf 5' lang='grc' dir='ltr'>ἐφ’,</span> <span class='ocrx_word' id='word_1_798' title='bbox 2459 5314 2539 5375; x_wconf 71' lang='grc' dir='ltr'>οζς</span> <span class='ocrx_word' id='word_1_799' title='bbox 2585 5312 2673 5365; x_wconf 76' lang='grc' dir='ltr'><strong>διά</strong></span> <span class='ocrx_word' id='word_1_800' title='bbox 2702 5314 2816 5385; x_wconf 66' lang='grc' dir='ltr'><strong>⁸τςὶις</strong></span> <span class='ocrx_word' id='word_1_801' title='bbox 2859 5315 3112 5385; x_wconf 84' lang='grc' dir='ltr'>τοιαύτας</span> <span class='ocrx_word' id='word_1_802' title='bbox 3140 5317 3449 5380; x_wconf 76' lang='grc' dir='ltr'>κολάζοιντο</span> <span class='ocrx_word' id='word_1_803' title='bbox 3493 5318 3701 5385; x_wconf 83' lang='grc' dir='ltr'>προφά-</span> 
     </span>
    </p>
   </div>
   <div class='ocr_carea' id='block_1_117' title="bbox 2130 5383 3698 5456">
    <p class='ocr_par' dir='ltr' id='par_1_117' title="bbox 2130 5383 3698 5456">
     <span class='ocr_line' id='line_1_122' title="bbox 2130 5383 3698 5456; baseline 0.004 -22"><span class='ocrx_word' id='word_1_804' title='bbox 2130 5399 2279 5456; x_wconf 77' lang='grc' dir='ltr'>σεις,</span> <span class='ocrx_word' id='word_1_805' title='bbox 2314 5384 2560 5456; x_wconf 65' lang='lat' dir='ltr'><strong>rea:tit_ts,_</strong></span> <span class='ocrx_word' id='word_1_806' title='bbox 2581 5383 2863 5456; x_wconf 82' lang='lat' dir='ltr'><strong>ni_fallor.</strong></span> <span class='ocrx_word' id='word_1_807' title='bbox 2898 5384 3022 5439; x_wconf 79' lang='lat' dir='ltr'><strong>Mox</strong></span> <span class='ocrx_word' id='word_1_808' title='bbox 3056 5388 3195 5439; x_wconf 88' lang='lat' dir='ltr'><strong>idem</strong></span> <span class='ocrx_word' id='word_1_809' title='bbox 3226 5392 3393 5456; x_wconf 48' lang='lat' dir='ltr'><strong>cgjtcx</strong></span> <span class='ocrx_word' id='word_1_810' title='bbox 3426 5383 3583 5441; x_wconf 78' lang='lat' dir='ltr'><strong>habet</strong></span> <span class='ocrx_word' id='word_1_811' title='bbox 3613 5390 3698 5452; x_wconf 86' lang='grc' dir='ltr'><strong>είς</strong></span> 
     </span>
    </p>
   </div>
   <div class='ocr_carea' id='block_1_118' title="bbox 2125 5451 2836 5523">
    <p class='ocr_par' dir='ltr' id='par_1_118' title="bbox 2125 5451 2836 5523">
     <span class='ocr_line' id='line_1_123' title="bbox 2125 5451 2836 5523; baseline 0.003 -19"><span class='ocrx_word' id='word_1_812' title='bbox 2125 5452 2414 5523; x_wconf 74' lang='grc' dir='ltr'>αἰσχίστην</span> <span class='ocrx_word' id='word_1_813' title='bbox 2437 5451 2620 5523; x_wconf 78' lang='grc' dir='ltr'>ἔληξεν</span> <span class='ocrx_word' id='word_1_814' title='bbox 2644 5451 2836 5523; x_wconf 78' lang='grc' dir='ltr'>ἧτταν.</span> 
     </span>
    </p>
   </div>
   <div class='ocr_carea' id='block_1_119' title="bbox 2198 5522 3695 5602">
    <p class='ocr_par' dir='ltr' id='par_1_119' title="bbox 2198 5522 3695 5602">
     <span class='ocr_line' id='line_1_124' title="bbox 2198 5522 3695 5602; baseline 0.003 -29"><span class='ocrx_word' id='word_1_815' title='bbox 2198 5522 2309 5602; x_wconf 26' lang='grc' dir='ltr'>(τι.)</span> <span class='ocrx_word' id='word_1_816' title='bbox 2354 5522 2801 5602; x_wconf 58' lang='grc' dir='ltr'>Ἐπῃρτῃμένων</span> <span class='ocrx_word' id='word_1_817' title='bbox 3073 5522 3253 5602; x_wconf 72' lang='lat' dir='ltr'><strong>Codex</strong></span> <span class='ocrx_word' id='word_1_818' title='bbox 3287 5524 3573 5602; x_wconf 73' lang='lat' dir='ltr'><strong>Medicaeus</strong></span> <span class='ocrx_word' id='word_1_819' title='bbox 3594 5526 3695 5602; x_wconf 77' lang='lat' dir='ltr'><strong>lia-</strong></span> 
     </span>
    </p>
   </div>
   <div class='ocr_carea' id='block_1_120' title="bbox 2126 5591 3696 5663">
    <p class='ocr_par' dir='ltr' id='par_1_120' title="bbox 2126 5591 3696 5663">
     <span class='ocr_line' id='line_1_125' title="bbox 2126 5591 3696 5663; baseline 0.004 -17"><span class='ocrx_word' id='word_1_820' title='bbox 2126 5591 2220 5663; x_wconf 78' lang='lat' dir='ltr'><strong>bet</strong></span> <span class='ocrx_word' id='word_1_821' title='bbox 2248 5591 2411 5663; x_wconf 76' lang='grc' dir='ltr'>ἐπηρ.</span> <span class='ocrx_word' id='word_1_822' title='bbox 2449 5591 2657 5663; x_wconf 76' lang='grc' dir='ltr'>δεινῶν.</span> <span class='ocrx_word' id='word_1_823' title='bbox 2689 5592 2777 5663; x_wconf 13' lang='lat' dir='ltr'><strong>‘Et</strong></span> <span class='ocrx_word' id='word_1_824' title='bbox 2824 5594 2983 5661; x_wconf 91' lang='lat' dir='ltr'><strong>paulo</strong></span> <span class='ocrx_word' id='word_1_825' title='bbox 3019 5605 3145 5648; x_wconf 85' lang='lat' dir='ltr'><strong>ante</strong></span> <span class='ocrx_word' id='word_1_826' title='bbox 3184 5595 3236 5647; x_wconf 85' lang='lat' dir='ltr'><strong>in</strong></span> <span class='ocrx_word' id='word_1_827' title='bbox 3281 5600 3471 5652; x_wconf 85' lang='lat' dir='ltr'><strong>eodem</strong></span> <span class='ocrx_word' id='word_1_828' title='bbox 3504 5598 3696 5652; x_wconf 78' lang='lat' dir='ltr'><strong>codice</strong></span> 
     </span>
    </p>
   </div>
   <div class='ocr_carea' id='block_1_121' title="bbox 2128 5661 3342 5732">
    <p class='ocr_par' dir='ltr' id='par_1_121' title="bbox 2128 5661 3342 5732">
     <span class='ocr_line' id='line_1_126' title="bbox 2128 5661 3342 5732; baseline 0.004 -15"><span class='ocrx_word' id='word_1_829' title='bbox 2128 5661 2322 5732; x_wconf 84' lang='lat' dir='ltr'><strong>legitur</strong></span> <span class='ocrx_word' id='word_1_830' title='bbox 2346 5661 2411 5715; x_wconf 78' lang='grc' dir='ltr'><strong>ἐκ</strong></span> <span class='ocrx_word' id='word_1_831' title='bbox 2430 5661 2538 5716; x_wconf 87' lang='grc' dir='ltr'><strong>τῶν</strong></span> <span class='ocrx_word' id='word_1_832' title='bbox 2558 5661 2817 5718; x_wconf 81' lang='grc' dir='ltr'>τοιούτων</span> <span class='ocrx_word' id='word_1_833' title='bbox 2847 5663 3201 5729; x_wconf 82' lang='grc' dir='ltr'>ἀναφύονται.</span> <span class='ocrx_word' id='word_1_834' title='bbox 3235 5676 3342 5722; x_wconf 81' lang='lat' dir='ltr'><strong>etc.</strong></span> 
     </span>
    </p>
   </div>
  </div>
