4210 6390
507 320 642 375 i005

1612 314 1705 372 DE
1745 316 1900 371 VITA
1937 316 2398 376 CONSTANTINI
2432 320 2564 381 LIB.
2603 322 2669 380 ΙΙ.

3627 337 3776 396 I006

500 438 739 510 ἰσχατα,
787 438 1016 493 θάνατον
1066 438 1411 511 πανώλεθρον
1446 438 1556 511 (75)
1613 439 2012 511 ἐδυστύχησαν,
2047 441 2073 510 ἢ

2189 443 2426 509 mitates,
2479 455 2575 500 aut
2600 445 2842 505 funditus
2899 448 3102 508 infelici
3142 455 3290 509 exitu
3318 453 3629 524 perierunt,
3686 471 3773 513 aut

499 527 645 599 ζωὴν
682 529 968 603 αἰσχίστην
999 531 1311 599 διάγοντες,
1342 530 1574 585 θανάτου
1607 531 1816 603 ταύτην
1851 531 2083 603 βαρυτέ-

484 602 603 690 1ραν
635 602 986 688 ἐπέγνωσαν,
1028 621 1121 675 καὶ
1151 617 1264 674 οἷον
1317 620 1638 693 ίσομὲτρους
1682 602 1804 686 ταῖς
1846 602 2083 687 ἀδικίαις

497 708 599 772 τὰς
651 712 920 783 τιμωρίας
970 714 1316 785 ἐκομίσαντο.
1370 713 1637 768 Τοσοῦτον
1689 714 1798 787 γὰρ
1852 715 2082 779 ἕκαστος

499 799 729 871 εὕραντο
769 806 1074 874 συμφορᾶς,
1106 805 1231 857 ὅσον
1267 822 1351 869 τις
1383 806 1477 858 καὶ
1509 805 1958 877 καταπολεμῆσαι
1986 810 2079 859 τὸν

499 889 662 956 θεῖον,
707 891 785 955 ὡς
816 892 972 963 ᾤετο,
1023 893 1187 965 νόμον
1228 895 1319 948 ὑπ’
1350 893 1571 962 ἀλογίας
1621 894 1906 966 προήχθη·
1947 895 2077 949 ὥστ’

497 982 684 1047 αὐτοῖς
732 983 805 1055 μὴ
854 984 922 1038 τὰ
978 984 1103 1057 περὶ
1149 984 1248 1056 τὴν
1295 981 1440 1056 ζωὴν
1474 980 1614 1038 εἶναι
1664 985 1836 1059 βαρέα
1892 988 2073 1058 μόνον,

498 1073 634 1127 ἀλλά
688 1076 778 1129 καὶ
826 1074 935 1129 τῶν
974 1076 1079 1130 ὑπὸ
1123 1077 1228 1147 γῆς
1276 1078 1649 1149 κολαστηρίων
1694 1078 2079 1149 χαλεπώτατον

498 1165 899 1238 προσδοκᾶσθαι
926 1166 1018 1219 τὸν
1044 1167 1227 1237 φόϐον.
1276 1187 1295 1220 ι

2193 536 2359 589 vitam
2391 550 2516 591 cum
2542 553 2755 595 summo
2780 541 3044 598 dedecore
3094 545 3380 610 ducentes,
3411 559 3531 601 eam
3581 549 3774 615 quavis

2191 637 2368 683 morte
2415 630 2752 686 acerbibrem
2798 647 2920 689 esse
2973 636 3207 691 confessi
3256 647 3426 705 sunt;
3481 645 3535 692 et
3575 639 3779 707 injuste

2189 722 2309 769 acta
2340 718 2565 784 paribus
2608 721 3010 788 quodammodo
3064 725 3347 795 suppliciis
3379 728 3772 796 rependerunt.

2189 803 2329 859 Nam
2354 809 2730 879 unusquisque
2758 826 2949 867 eorum
2977 829 3043 869 eo
3071 816 3415 885 gravioribus
3441 816 3667 874 affectus
3691 832 3773 874 est

2188 894 2368 960 malis,
2397 912 2505 967 quo
2528 901 2910 958 vehementius
2940 904 3178 961 divinam
3226 922 3544 978 expugnare
3575 909 3770 979 legem,

2190 996 2249 1042 ut
2282 989 2501 1058 quidem
2523 993 2804 1060 sperabat,
2832 1010 2929 1064 per
2956 1011 3227 1052 summam
3261 998 3590 1054 dementiam
3614 1001 3773 1055 insti-

2187 1088 2391 1137 tuerat.
2423 1082 2577 1139 Adeo
2614 1093 2673 1139 ut
2699 1100 2806 1140 non
2841 1087 3014 1142 solum
3051 1091 3341 1159 praesentis
3367 1090 3494 1145 vitae
3525 1089 3666 1145 mala
3690 1092 3771 1146 eis

2186 1173 2417 1230 molesta
2446 1188 2571 1230 esse
2623 1174 2940 1232 viderentur
2971 1196 2985 1232 :
3020 1194 3211 1235 verum
3262 1181 3427 1237 etiam
3471 1180 3767 1251 supplicio-

500 1274 618 1313 rum
658 1273 778 1327 qnzn
803 1258 944 1328 apud
971 1260 1175 1314 inferos
1203 1270 1332 1314 sunt
1367 1271 1541 1315 metus
1570 1272 1734 1332 atque
1781 1266 2138 1334 exspectatio,
2171 1264 2344 1321 multo
2378 1266 2631 1321 acerbius
2660 1266 2807 1337 ipsos
2832 1277 3139 1338 torqueret.
3179 1287 3200 1322 ι

993 1352 1389 1407 ΚΕΦΑΛΑΙΟΝ
1442 1354 1579 1408 KH'.

505 1436 629 1497 Ὀτι
679 1441 821 1509 Θεὸς
863 1444 980 1499 τῶν
1024 1444 1226 1516 καλῶν
1271 1447 1581 1516 ὑπηρέτην
1622 1447 2078 1503 Κωνσταντῗνον

1111 1514 1433 1580 ἐξελέξατο
1443 1558 1455 1568 .

570 1622 592 1656 ι
625 1604 890 1676 Τοιαύτης
919 1604 982 1677 δὴ
1007 1606 1102 1659 καὶ
1133 1605 1275 1659 οὕτω
1294 1606 1514 1678 βαρείας
1535 1606 1849 1671 δυσσεϐείας
1879 1608 1946 1662 τὰ
1978 1611 2076 1663 ἁν-

2727 1357 2958 1414 CAPUT
3005 1358 3245 1414 XXVIII.

2189 1444 2344 1512 Quod
2365 1445 2507 1500 Deus
2539 1445 2945 1502 Constantinum
2978 1449 3229 1503 bonorum
3256 1451 3560 1507 ministrum
3590 1452 3763 1524 elegit.

2260 1624 2280 1658 ε
2323 1606 2491 1662 Porro
2518 1622 2640 1662 cum
2667 1617 2811 1662 tanta
2852 1618 3069 1679 tamque
3094 1613 3275 1680 gravis
3302 1609 3551 1681 impietas
3573 1612 3766 1667 buma-

495 1693 743 1767 θρώπινα
776 1697 1110 1769 κατεχούσης
1143 1698 1279 1769 (76),
1325 1699 1420 1752 καὶ
1454 1698 1564 1752 τῶν
1596 1699 1790 1753 κοινῶν
1829 1697 1939 1755 οἷον
1969 1702 2073 1755 ὑπὸ

2180 1711 2310 1751 num
2364 1714 2535 1767 genus
2573 1709 2892 1771 occuparet,
2939 1709 2995 1756 et
3040 1700 3367 1770 Respublica
3396 1702 3544 1757 velut
3572 1703 3764 1758 lcthali

493 1784 651 1838 νόσου
703 1784 998 1857 λοιμώδους
1056 1788 1200 1853 τινὸς
1256 1788 1425 1861 ἄρδην
1475 1788 1835 1860 διαφθαρῆναι
1889 1791 2072 1844 κινδυ-

492 1877 775 1945 νευόντων,
810 1880 905 1932 κα).
936 1878 1232 1950 θεραπείας
1268 1880 1535 1953 σωτηρίου
1566 1881 1660 1935 καὶ
1693 1880 1893 1952 πολλῆς
1934 1900 2073 1955 χρῃ-

493 1968 715 2036 ζόντων,
751 1973 872 2025 τίνα
908 1972 969 2025 τὸ
1019 1971 1174 2026 Θεῖον
1196 1975 1402 2026 ἐπινοεῖ
1442 1974 1766 2044 κουφισμὸν,
1800 1974 1920 2029 τίνα
1965 1975 2074 2029 τῶν

490 2063 681 2117 δεινῶν
709 2064 1061 2134 ἀπαλλαγήνς
1103 2066 1280 2117 ἐκεῖνο
1317 2064 1375 2118 δὲ
1402 2064 1620 2129 πάντως
1649 2066 1927 2137 ἐννοητέον
1961 2067 2072 2139 (77)

490 2154 667 2218 Θεῖον,
694 2155 723 2209 ὃ
757 2154 917 2227 μόνον
945 2156 1039 2209 καὶ
1058 2154 1225 2219 ὅντως
1258 2157 1395 2221 ἐστὶ,
1420 2156 1515 2210 καὶ
1541 2158 1735 2229 διαρκῆ
1764 2157 1907 2211 κατά
1939 2175 2076 2211 παν-

490 2247 582 2311 τὸς
611 2247 724 2319 ἔχει
751 2247 844 2302 τοῦ
877 2250 1068 2319 χρόνου
1102 2249 1201 2320 τὴν
1237 2249 1485 2320 δύναμιν.
1515 2250 1741 2315 Πάντως
1769 2250 1828 2305 δὲ
1854 2251 1915 2304 οὐ
1939 2252 2074 2322 κόμ-

490 2354 590 2401 πος
640 2338 706 2393 ἂν
739 2339 825 2410 εἴη
870 2338 1003 2410 (78),
1046 2338 1108 2392 τὸ
1131 2338 1230 2410 τὴν
1274 2338 1426 2411 παρὰ
1463 2339 1559 2393 τοῦ
1607 2341 1931 2413 Κρείττονος
1979 2344 2071 2397 εύ-

491 2429 673 2483 ποιίαν
716 2428 1084 2499 ὁμολογοῦντα
1120 2429 1582 2501 σεμνολογείσθαι.
1620 2429 1731 2503 Τὴν
1776 2432 1884 2504 γάρ
1930 2435 2071 2505 ἐμὴν

490 2520 796 2592 ὑπηρεσίαν
824 2520 935 2592 (79)
967 2521 1103 2593 πρὸς
1130 2522 1228 2593 τὴν
1256 2522 1451 2576 ἑαυτοῦ
1480 2522 1734 2594 βούλησιν
1760 2525 2071 2596 ἐπιτηδείαν

488 2610 721 2689 ἐζήτησὲ
772 2628 832 2664 τε
874 2611 970 2665 καὶ
1015 2611 1262 2683 ἔκρινεν·
1295 2612 1355 2677 ὃς
1382 2613 1491 2667 ἀπὸ
1530 2613 1630 2684 τῆς
1664 2613 1801 2686 πρὸς
1833 2614 2072 2686 Βρεττα-

488 2704 598 2766 νοῖς
627 2704 843 2773 ἐκείνης
896 2702 1174 2776 θαλάσσης
1212 2704 1539 2776 ἀρξάμενος,
1595 2706 1691 2759 καὶ
1727 2705 1837 2760 τῶν
1885 2707 2070 2779 μερῶν

486 2795 614 2851 ἔνθα
643 2795 860 2849 δύεσθαι
900 2796 991 2850 τὸν
1018 2797 1170 2868 ἥλιον
1202 2799 1417 2870 ἀνάγκῃ
1442 2799 1548 2853 τινὶ
1575 2798 1854 2865 τέτακται,
1884 2799 2070 2872 κρείτ-

484 2887 599 2940 τονί
635 2905 741 2941 τινι
771 2888 998 2959 δυνάμει
1032 2889 1143 2961 (80)
1193 2890 1582 2960 ἀπωθούμενος
1628 2892 1723 2945 καὶ
1754 2891 2070 2947 διασκεδαν-

2179 1790 2410 1858 quadam
2465 1790 2554 1844 lue
2606 1802 2919 1862 grassante,
2970 1794 3025 1846 in
3083 1794 3634 1850 extremum‘salutis
3683 1795 3766 1850 tli-

2178 1880 2411 1936 scrimen
2442 1894 2590 1937 esset
2617 1883 2879 1950 adducta,
2916 1895 3080 1953 atque
3109 1885 3313 1942 idcirco
3354 1900 3551 1957 magna
3601 1901 3762 1941 cura.

2180 1970 2325 2025 tione
2353 1979 2407 2025 et
2434 1970 2657 2027 salutari
2684 1987 2791 2041 ope
2820 1974 3125 2043 indigeret;
3159 1974 3435 2044 quodnam
3478 1974 3759 2042 solatium,

2176 2066 2321 2134 quod
2357 2065 2655 2121 remedium
2696 2068 3032 2137 excogitavit
3084 2079 3195 2124 tum
3228 2068 3390 2133 Deus,
3430 2077 3491 2121 ut
3521 2067 3606 2122 bis
3660 2082 3763 2123 nos

2175 2156 2335 2212 malis
2370 2157 2677 2213 liberaret?
2709 2160 2879 2214 Deum
2909 2174 3043 2216 vero
3072 2174 3194 2214 cum
3232 2159 3375 2225 dico,
3404 2158 3556 2213 illum
3590 2157 3756 2213 intel-

2175 2245 2268 2316 ligi
2294 2256 2509 2317 oportet
2536 2248 2629 2317 qui
2660 2248 2810 2303 solus
2840 2263 3027 2304 revera
3060 2259 3144 2305 cst
3173 2250 3334 2314 Deus,
3358 2259 3415 2304 et
3439 2249 3532 2319 qui
3563 2263 3757 2320 perpe-

2174 2345 2322 2392 tuam
2351 2339 2501 2393 omni
2530 2354 2647 2393 mvo
2676 2339 2888 2395 obtinet
2911 2349 3255 2410 potestatem.
3288 2339 3475 2410 Neque
3508 2355 3641 2396 vero
3667 2356 3757 2395 ar-

2175 2432 2439 2501 rogantia:
2471 2431 2658 2497 luerit,
2686 2434 2929 2502 eumqui
2984 2433 3225 2502 praestita
3266 2449 3293 2487 a
3338 2435 3449 2489 Deo
3490 2433 3754 2490 beneficia

2174 2521 2436 2589 fateatur,
2475 2524 2767 2593 magnifice
2786 2524 2955 2593 loqui.
2985 2526 3193 2581 Revera
3228 2527 3374 2581 enim
3412 2526 3553 2582 Deus
3594 2527 3755 2581 mini-

2173 2616 2398 2670 sterium
2430 2630 2632 2682 meum,
2671 2626 2927 2688 tanquam
2979 2618 3235 2673 idoneum
3293 2619 3360 2674 ad
3417 2618 3753 2674 voluntatem

2173 2722 2327 2763 suam
2353 2706 2679 2776 implendam
2719 2708 2978 2776 expetiit,
3011 2719 3312 2780 nostraque
3339 2725 3505 2779 opera
3546 2712 3623 2764 uti
3654 2716 3754 2764 de~

2172 2799 2346 2855 crevit
2377 2817 2391 2853 :
2420 2801 2511 2870 qui
2547 2799 2616 2854 ab
2637 2814 2847 2856 oceano
2873 2802 2968 2857 illo
3010 2802 3349 2864 Britannico,
3385 2812 3441 2856 et
3477 2804 3546 2858 ab
3567 2803 3634 2857 iis
3664 2818 3753 2857 rc-

2170 2889 2426 2962 gionibus
2466 2890 2556 2945 ubi
2589 2889 2758 2945 solem
2796 2891 2966 2963 mergi
3024 2889 3208 2946 fatalis
3256 2893 3556 2947 necessitas
3600 2891 3755 2961 jubet

484 2981 580 3045 νὺς
631 2980 699 3034 τὰ
731 2980 1033 3052 κατέχοντα
1083 2982 1260 3037 πάντα
1302 2983 1452 3037 δεινά
1492 2982 1603 3056 (81)
1636 3015 1653 3042 ν
1696 2984 1764 3038 ἵν’
1814 2984 1932 3056 ἅμα
1967 2985 2066 3056 μὲν

2173 2983 2327 3037 initio
2350 2982 2514 3038 ducto
2537 2982 2796 3047 ,‘cmlesti
2836 2984 3067 3053 quadam
3119 2986 3342 3049 virtute,
3398 2997 3595 3039 cuncta
3630 2999 3752 3055 quze

484 3072 807 3126 ἀνακαλοῖτο
846 3072 909 3126 τὸ
957 3072 1295 3145 ἀνθρώπινον
1345 3075 1502 3143 γένος
1545 3076 1626 3139 είς
1670 3074 1770 3146 τὴν
1799 3075 1930 3147 περ).
1972 3076 2062 3130 τὸν

484 3164 809 3236 σεμνότατον
842 3164 1004 3236 νόμον
1039 3164 1357 3237 θεραπείαν,
1387 3169 1452 3237 τῇ
1486 3168 1617 3238 παρ’
1648 3164 1784 3237 ἐμοῦ
1818 3166 2063 3221 παιδευό-

485 3274 645 3328 μενον
693 3258 990 3329 ὑπουργίᾳ,
1039 3258 1156 3328 ἅμα
1194 3257 1251 3310 δὲ
1290 3261 1325 3329 ἡ
1368 3259 1679 3331 μακαριστὴ
1731 3259 1918 3323 πίστις
1965 3258 2064 3313 αὗ-

484 3350 627 3417 ξοιτο
652 3351 758 3404 ὑπὸ
780 3350 1109 3422 χειραγωγῷ
1135 3349 1214 3421 τῷ
1239 3350 1548 3423 Κρείττονι·

993 3531 1391 3589 ΚΕΦΑΛΑΙΟΝ
1420 3532 1549 3587 ΚΘ.

481 3622 769 3690 Εὐσεϐεῒς
819 3626 908 3691 εις
958 3624 1107 3678 Θεὸν
1158 3624 1617 3679 Κωνσταντίνου
1678 3622 1865 3678 φωναὶ
1884 3662 1900 3689 ,
1959 3623 2056 3677 καί

929 3694 1309 3764 ὀμολογητῶν
1344 3694 1609 3759 ἔπαινος.

557 3805 576 3838 t
605 3787 871 3840 Οὐδέποτε
904 3786 1013 3857 γὰρ
1043 3785 1108 3840 ἂν
1122 3785 1392 3857 ἀγνώμων
1416 3786 1523 3858 (82)
1558 3785 1687 3858 περὶ
1721 3785 1821 3857 τὴν
1849 3785 2059 3855 ὀφειλο-

481 3879 651 3950 μένην
682 3877 941 3948 γενοίμην
981 3879 1168 3949 χάριψ
1199 3877 1403 3949 ταύτην
1442 3877 1673 3949 ἀρίστην
1713 3877 1825 3948 (85)
1872 3877 2055 3930 διακο-

477 3970 596 4025 νίαν
615 4009 633 4036 ,
661 3967 820 4023 τοῦτο
851 3967 1242 4041 κεχαρισμένον
1275 3969 1497 4040 ἐμαυτῷ
1528 3968 1700 4041 δῶρον
1733 3965 2050 4030 πιστεύσας,

552 4136 665 4207 (75)
696 4132 1107 4207 Πανῴλεθρον.
1137 4130 1331 4207 (ἶοειςξχΔ
1358 4128 1647 4207 Mediczcus
1679 4144 1870 4183 vocem
1886 4126 2060 4207 _addit

477 4197 584 4262 hoc
614 4197 810 4260 modo:
837 4197 1065 4257 θάνατον
1093 4200 1436 4272 πανώλεθρον
1460 4198 1852 4272 ἐδυστύχησαν.
1883 4197 2051 4272 Paulo

478 4287 601 4344 post
628 4277 684 4344 in
713 4277 902 4327 eodem
944 4274 1140 4344 codice;
1168 4268 1427 4344 scribitur
1473 4268 1873 4344 «eamagema?
1918 4268 2049 4323 ἐκα-

480 4339 603 4410 στος
633 4343 861 4416 εὕραντο
887 4341 1182 4416 συμφορῶν
1201 4382 1216 4406 ,
1244 4343 1453 4416 rectius
1484 4340 1603 4394 sine
1628 4339 1812 4416 d_ubi_o.

551 4406 664 4487 ('76)
826 4406 1165 4487 ᾀνᾷῥῶπὶνρ
1205 4407 1596 4487 κατεχούσης.
1634 4409 1829 4487 podex
1866 4406 2038 4487 Medi-

2169 3075 2359 3130 orbem
2387 3083 2660 3129 terrarum
2709 3085 3113 3143 occupaverant
3162 3076 3302 3131 mala
3357 3076 3634 3145 expellens
3686 3092 3751 3130 ac

2171 3164 2464 3234 dissipans,
2496 3173 2608 3218 tum
2635 3174 2694 3219 ut
2723 3167 3022 3221 humanum
3046 3182 3218 3239 genus
3238 3168 3540 3223 ministerio
3563 3178 3751 3225 nostro

2171 3253 2478 3308 institutum
2504 3261 2669 3322 atque
2720 3255 3070 3312 informatum
3102 3259 3169 3312 ad
3227 3258 3587 3313 sanctissimae
3615 3260 3749 3329 legis

2168 3345 2568 3402 observantiam
2599 3358 2950 3403 revocaretur
2970 3394 2988 3417 ,
3021 3359 3133 3403 tum
3159 3359 3219 3404 ut
3266 3348 3586 3405 beatissima
3610 3352 3747 3407 fides

2167 3436 2280 3493 Deo
2307 3451 2468 3491 manu
2498 3436 2731 3494 ducente
2757 3440 3153 3496 incrementum
3179 3442 3482 3511 acciperet:

2726 3531 2951 3589 CAPUT
2991 3531 3186 3588 XXIX.

2166 3623 2284 3680 Ρὶω
2334 3627 2392 3681 in
2443 3627 2609 3683 Deum
2656 3642 2803 3682 voces
2860 3626 3215 3692 Constantini,
3266 3635 3318 3681 et
3365 3625 3484 3681 laus
3535 3627 3745 3699 confes-

2850 3713 3048 3751 sarum.

2243 3804 2262 3837 ο
2291 3784 2475 3856 Neque
2497 3792 2643 3843 enim
2668 3790 2914 3858 ingratus
2941 3802 3174 3857 unquam
3205 3795 3261 3844 et
3289 3787 3467 3843 collati
3493 3790 3740 3846 beneficii

2164 3874 2454 3931 immemor
2504 3877 2742 3933 fuerim:
2773 3894 2896 3933 cum
2926 3879 3031 3934 hoc
3087 3880 3592 3949 praestantissimum
3638 3882 3741 3937 mi-

2169 3969 2452 4024 nisterium
2482 3970 2678 4026 summi
2713 3970 2954 4025 muneris
2980 3969 3101 4026 loco
3131 3972 3263 4025 mihi
3313 3971 3577 4026 indultum
3618 3988 3739 4031 esse

2161 4124 2484 4201 ἐποιήσατο,
2514 4128 2691 4198 Atque
2716 4132 2790 4183 ita
2820 4127 2950 4198 legit
2979 4127 3540 4199 Christophorsonns,
3575 4142 3632 4185 ut
3666 4150 3735 4188 σιτ

2160 4197 2412 4254 versione
2440 4197 2556 4265 ejus
2590 4197 2835 4267 apparet,
2865 4197 2987 4268 quae
3021 4202 3071 4252 in
3106 4197 3214 4255 hoc
3242 4201 3361 4254 loco
3392 4202 3549 4257 valde
3581 4202 3735 4256 intri-

2153 4280 2300 4342 cataﬂ
2337 4277 2440 4342 est.
2478 4268 2588 4342 Ego
2615 4284 2743 4342 vero
2766 4270 2930 4342 verba
2962 4268 3133 4342 illa_6_;
3159 4270 3265 4322 ἀπὸ
3291 4270 3393 4340 τῆς
3414 4271 3552 4342 πρὸς
3570 4269 3734 4342 Βρετ-

2149 4341 2331 4402 τανοῖς
2376 4338 2634 4410 ἐκείνοις
2648 4337 2924 4410 θαλάσσης
2969 4337 3295 4410 ἀρξάμενος,
3347 4337 3730 4410 ειο.’(1ο’(ἷοιι-

2149 4410 2390 4463 stantino
2452 4408 2570 4474 ipso
2606 4409 2713 4462 dici
2741 4408 3023 4469 existimo;
3056 4425 3163 4463 non
3190 4422 3370 4462 anth
3404 4409 3468 4462 de
3496 4411 3635 4476 Deo,
3670 4421 3729 4466 nt

478 4476 622 4541 catus
646 4476 729 4538 ’τὰ
757 4476 1090 4555 ἀνθρώπεια.
1129 4482 1191 4536 Ει
1216 4476 1382 4555 paulo
1410 4476 1540 4555 post
1561 4478 1725 4534 habet
1744 4476 2043 4550 θεραπείας

2173 4484 2411 4532 ιυιιιτυηι
2434 4476 2791 4555 Musculuset
2814 4477 3365 4555 Qliristopltorsonus.
3386 4479 3567 4544 Quare
3590 4480 3728 4535 nihil

478 4556 747 4623 σωτηρίου
780 4549 1003 4623 πολλῆς,
1044 4555 1163 4623 sine
1195 4549 1597 4623 conjunctione.

550 4574 589 4610 ιτ
669 4574 747 4609 ιου
780 4574 1003 4623 ποΛΑης,
1044 4574 1163 4606 sme
1195 4574 1597 4617 coruuut'ttuuc.

550 4574 664 4699 (7117‘;
707 4624 1085 4699 _'Ew_-ontéor.
1115 4622 1170 4675 lu
1199 4622 1385 4699 codice
1406 4618 1661 4699 Medicteo
1686 4617 1911 4699 simple}
1947 4632 2042 4699 pro

476 4689 780 4767 composito
827 4689 1324 4767 legitunvoqtéov,
1365 4690 1511 4767 quod
1563 4690 1825 4767 minorem
1881 4689 2040 4767 habet

476 4757 1010 4837 aspe't-itatein._Mox
1041 4757 1180 4818 idem
1207 4757 1573 4817 codex’habet
1600 4757 1630 4811 δ
1661 4757 1822 4829 μόνον
1848 4774 1909 4811 τε
1948 4758 2042 4811 κα)⁸

474 4835 556 4901 ὡς
570 4837 739 4899 ὅντως
760 4835 895 4889 ἐστι.

549 4853 739 4899 ὀντως
760 4853 895 4889 εστι.

549 4908 659 4979 (78)
683 4905 841 4979 Yulg.
870 4904 1108 4979 πάντως
1135 4901 1206 4956 δὲ
1226 4901 1455 4979 κόμπος
1480 4897 1558 4979 ἂρς
1584 4897 1700 4979 etp.
1734 4896 1957 4979 Rectius
1988 4897 2039 4979 in

476 4966 668 5032 codice
699 4966 954 5050 Medican
1004 4966 1200 5042 legitur
1242 4966 1459 5050 πᾶντως
1505 4968 1563 5050 δὲ
1609 4969 1670 5022 ού
1723 4967 1933 5050 κόμπος
1980 4966 2042 5050 to

476 5049 576 5120 τὴν
598 5047 752 5118 παρά
774 5043 893 5112 τοῦ,
919 5053 1026 5099 etc.
1060 5041 1224 5111 Quam
1267 5041 1701 5120 etiiendationem
1726 5041 2042 5120 _couli£mat

481 5106 813 5174 St'tzomenus
845 5106 898 5169 in
935 5116 1029 5168 lib.
1063 5106 1103 5177 ι’,
1142 5126 1263 5181 cap.
1292 5111 1346 5177 8,
1386 5110 1476 5163 ubi
1520 5109 1692 5179 legem
1726 5108 1869 5161 hanc
1900 5106 2041 5161 Cou-

475 5190 701 5258 stantini
733 5189 787 5241 in
816 5182 1437 5258 compendiumredigil.
1564 5248 1583 5258 _
1728 5246 1762 5258 __
1870 5244 1919 5258 __
1978 5245 2009 5258 η

546 5257 660 5330 (79)
694 5258 813 5327 Τὴν
837 5244 963 5330 γὰρ.
991 5252 1148 5330 ἐμὴν
1175 5244 1533 5330 ύπηρὲσίαν.
1564 5248 1621 5303 In
1646 5246 1831 5301 codice
1870 5244 2042 5330 Medi-

472 5314 587 5384 creo
631 5314 781 5383 deest
827 5314 1105 5395 particula
1140 5314 1312 5395 γάρξ
1337 5334 1456 5390 qua:
1508 5333 1731 5390 prorsus
1772 5314 2041 5386 superﬂua

473 5401 605 5452 mihi
627 5398 861 5453 videtur.

545 5467 659 5542 (80)
684 5460 1428 5542 KpSIttOVl__ttrt‘-5D?dy£t.
1452 5459 1592 5542 Duae
1624 5465 1914 5542 postremae
1941 5469 2039 5542 vo-

473 5533 567 5594 ces
599 5533 792 5593 desunt
820 5539 871 5589 in
902 5536 1088 5591 codice
1116 5533 1389 5593 Medicam,
1413 5541 1467 5584 et
1501 5545 1605 5582 vox
1632 5533 1900 5599 κρείττονι
1954 5541 2040 5578 re-

474 5608 646 5664 fertur
672 5611 738 5662 ad
766 5621 951 5662 vocem
973 5619 1096 5674 quae
1129 5602 1423 5674 praecessit,
1451 5599 1687 5674 ἀνάγκη.

544 5662 658 5750 (81)
686 5662 1280 5750 Πὰηαῇδεὶκᾴίιῗοει
1331 5662 1446 5725 haec
1495 5662 1667 5750 verba
1704 5665 1861 5750 codd.
1895 5662 2031 5750 Fuit.

476 5737 713 5806 Tu‘ruébi
780 5762 845 5803 ac
904 5745 1093 5802 Savilii
1135 5745 1285 5815 ,duas
1348 5754 1504 5797 voces
1549 5737 1753 5794 addunt
1792 5737 2034 5790 ἐκποδὼν

2145 4562 2301 4619 opus!
2319 4556 2405 4619 est
2447 4547 2630 4619 verbis
2669 4547 2800 4619 illis,
2839 4547 3097 4619 ἐκποδῶν
3122 4550 3442 4619 ἐποιήσατο,
3475 4563 3593 4618 quat
3625 4565 3728 4605 nec

2148 4617 2199 4670 in
2255 4617 2397 4670 Med.
2460 4630 2559 4687 nec
2613 4618 2668 4670 in
2733 4616 2903 4687 Regio
2964 4617 3121 4671 codd.
3175 4616 3458 4686 leguntur,
3492 4616 3617 4673 'nec
3670 4622 3724 4673 in

2146 4687 2423 4757 veteribus
2456 4686 2673 4757 schedis
2719 4701 2735 4738 :
2766 4686 3065 4757 praesertim
3096 4702 3221 4740 eum
3267 4696 3527 4756 sequatur
3560 4690 3725 4757 paulo

2146 4766 2265 4825 post
2290 4756 2452 4826 μέχρι
2477 4754 2587 4807 τῶν
2607 4752 3033 4826 ἐῴωνπρόειμι.

2215 4773 2265 4809 5t
2290 4773 2452 4879 p.va
2477 4773 2587 4807 των
2607 4773 2756 4809 εωων
2790 4773 3033 4826 προειμι.

2214 4827 2325 4895 (82)
2394 4826 2501 4892 ulg.
2525 4808 2668 4879 οὐδέ
2693 4824 2803 4894 γὰρ
2833 4824 3138 4895 ἀγνώμων.
3162 4824 3218 4878 In
3243 4826 3432 4880 codice
3462 4825 3720 4881 Medictco

2146 4894 2341 4965 legitur
2360 4895 2634 4966 οὐδέποτε
2649 4894 2755 4966 γὰρ
2773 4895 2838 4948 ἂν
2856 4894 3089 4965 γνώμων
3111 4908 3279 4960 recte,
3302 4896 3346 4949 si
3367 4898 3525 4951 modo
3542 4895 3723 4964 ἀγνώ-

2147 4982 2264 5035 μων
2314 4965 2607 5022 rescribas.
2653 4965 2825 5035 Porro
2881 4967 2994 5035 haec
3028 4967 3519 5035 pergparetﬂhesim
3571 4968 3714 5035 dicta

2145 5033 2459 5105 intelligere
2475 5040 2709 5105 oportet.
2753 5034 2807 5105 ln
2852 5034 3013 5089 codd.
3053 5033 3189 5088 Fuk.
3216 5044 3273 5089 et
3305 5033 3544 5091 Turnebi
3575 5034 3715 5105 legi-

2144 5113 2231 5156 tur
2256 5101 2382 5174 ούδέ
2396 5103 2475 5174 xi
2480 5101 2524 5174 ρ
2536 5101 2603 5156 ἂν
2617 5101 2921 5174 ἀγνώμων.

2213 5172 2525 5244 (83)_Vulg.
2569 5172 2686 5240 τὴν
2732 5172 3009 5241 ἀρίστην.
3057 5173 3244 5244 Longe
3276 5175 3479 5229 rectius
3523 5173 3710 5244 inicu-

2142 5242 2265 5298 αισα
2291 5242 2568 5325 μςιάἰοεξσ
2594 5252 2744 5325 totus
2779 5244 2867 5296 hic
2908 5245 3059 5323 locus
3106 5242 3529 5325 itaiscribitur‘:
3561 5242 3710 5325 Tati:

2141 5330 2239 5396 την
2280 5312 2510 5384 ἀρίστην
2539 5311 2831 5373 διακονίαν,
2865 5313 3051 5395 τοῦτο*
3066 5313 3458 5396 κεχαρισμένον
3486 5311 3709 5384 ἐμαυτῷ

2139 5384 2309 5454 δωρον
2338 5380 2653 5446 πιστεύσας,
2678 5381 2837 5453 μέχρι
2870 5385 2963 5436 καὶ
2984 5401 3092 5436 των
3126 5384 3276 5454 ἐῲων
3313 5383 3559 5454 πρόειμι,
3593 5394 3704 5436 clc.

2140 5453 2405 5508 (laterum
2434 5454 2521 5508 his
2548 5454 2730 5506 verbis
2755 5455 3098 5507 concluditur
3129 5453 3240 5506 tcta
3277 5453 3552 5520 periodus,
3583 5465 3707 5516 qua:

2141 5524 2326 5591 incipit
2356 5522 2424 5576 ab
2463 5522 2585 5583 illis,
2608 5522 2790 5575 verbis
2820 5523 3040 5590 capituli
3082 5518 3461 5591 pra)('cdeltlit~,
3502 5518 3562 5582 ὃς
3592 5520 3707 5573 ἀπὸ

2137 5593 2238 5661 τῆς
2258 5590 2397 5663 πρὸς
2414 5592 2759 5672 Βρεττανοῖς,
2785 5592 2925 5659 quod
2946 5607 3051 5645 non
3075 5594 3323 5644 viderunt
3352 5590 3701 5667 interpretes.

2140 5662 2248 5717 Sed
2280 5677 2452 5730 neque
2479 5663 2592 5730 ipse
2616 5663 2667 5715 td
2691 5676 2925 5730 unquam
2958 5660 3361 5729 deprehendere
3401 5667 3701 5727 potuissem

2140 5675 2248 5717 seu
2280 5677 2452 5730 neque
2479 5675 2592 5743 ipse
2616 5675 2667 5715 tu
2691 5676 2925 5743 unquam
2958 5675 3122 5742 vepre

2139 5733 2342 5805 absque
2363 5731 2603 5789 subsidio
2635 5732 2837 5789 codicis
2867 5730 3123 5787 Medicari.
