4210 6382
458 385 589 441 10H
1163 386 1253 445 EU
1264 386 1433 442 SEBll
1473 387 1583 443 CE
1594 387 1952 446 SARIENSIS
1994 388 2010 442 ί

2113 390 2145 442 ⁵.
2188 387 2371 443 PARS
2410 388 2449 443 Ι.
2489 418 2560 429 —
2597 385 2987 443 HISTORICA.
3569 384 3707 440 1012

909 496 1329 570 ιθοοεΑΡυΤ
1368 497 1609 556 xxxw.

2649 499 2920 552 ΚΕΦΑΛΑ
2929 497 3041 551 [ON
3081 498 3199 552 AA'.

457 590 535 645 De
560 590 630 645 iis
658 589 750 661 qui
780 590 848 643 ad
879 606 1125 659 gymecea
1151 591 1229 643 vel
1260 592 1317 643 in
1342 592 1647 647 servitutem
1687 593 1801 648 dati
1850 601 2010 658 erant1

2143 591 2493 656 Ἀπολύσεις
2524 589 2643 661 τῶν
2680 589 2751 661 ἐν
2798 589 3178 661 γυναικείοις,
3221 587 3260 657 ἢ
3294 592 3379 656 είς
3424 587 3708 644 δουλείαν

1087 661 1395 717 liberandis.

2576 659 2872 713 δοθέντων
2901 659 3256 725 ἐλευθέρων.

531 771 551 804 ‹
574 751 893 821 Quicunque
938 751 1064 804 item
1096 750 1378 806 nobilitate
1402 766 1498 806 sua
1529 767 1625 821 per
1649 753 1757 806 vim
1783 755 2010 824 spoliati

2203 768 2222 801 ‹
2245 752 2355 804 Καὶ
2374 750 2479 821 μὴν
2512 752 2625 804 ὅσοι
2654 751 2730 821 (1)
2753 751 2853 822 τῆς
2882 752 3158 819 εὐγενείας
3200 752 3335 823 πρὸς
3366 750 3484 821 βίαν
3520 752 3708 823 στερό-

454 844 824 914 hujuscemodi
850 843 1097 911 judicum
1127 843 1453 896 SCﬂlenlialll
1487 854 1842 912 exceperunt,
1875 855 1936 899 ut
1969 846 2010 898 in

2130 857 2303 911 μενοι,
2333 841 2740 913 τοιουτότροπόν
2778 858 2898 894 τινα
2929 841 3129 909 γνῶσιν
3153 840 3423 895 δικαστῶν
3467 843 3706 913 ὑπέστη-

453 950 705 1009 gynzecea
771 944 868 989 aut
927 934 1172 1005 liuyphia
1249 934 1534 1001 contrusi,
1595 935 1793 990 durum
1862 949 2010 1007 atque

2129 950 2249 995 σαν,
2279 931 2421 985 ὥστε
2456 934 2548 986 καὶ
2582 932 2615 1001 ἢ
2646 934 2981 1001 γυναικείοις
3012 934 3045 1005 ἢ
3084 934 3378 1003 λινοῦφίοις
3402 935 3702 1005 ἐμϐληθέν-

451 1041 815 1081 aerumnosum
850 1025 1090 1079 laborem
1121 1025 1449 1095 perferrent,
1483 1034 1577 1079 aut
1606 1027 1751 1080 servi
1788 1026 1905 1082 fisci
1933 1028 2010 1081 ha.

2122 1041 2233 1087 τες,
2264 1025 2447 1095 ἀπηνῆ
2477 1042 2535 1077 τε
2566 1026 2662 1079 καὶ
2699 1025 2879 1079 ἄθλιον
2910 1026 2985 1097 (2)
3019 1026 3309 1096 ὑπομένειν
3334 1027 3523 1090 κόπον,
3555 1026 3589 1098 ἢ
3620 1029 3701 1081 oi-

452 1119 730 1183 berentur,
763 1115 896 1170 nihil
932 1116 1067 1185 ipsis
1100 1115 1418 1185 proliciente
1452 1118 1685 1186 pristino
1735 1118 2010 1186 splendore

2121 1115 2624 1186 κέταιζνομίζεσθαι
2650 1117 2744 1170 τοῦ
2776 1118 3024 1188 ταμείου,
3054 1117 3205 1171 οὐδὲν
3234 1118 3415 1181 αὐτοῖς
3443 1118 3543 1189 τῆς
3570 1136 3702 1188 προ-

451 1208 706 1263 natalium
732 1247 747 1272 ,
784 1207 840 1262 bi
872 1217 926 1261 ct
957 1208 1223 1260 honorum
1254 1208 1452 1275 quibus
1479 1217 1639 1262 antea
1665 1206 2017 1273 fruebantur,

450 1306 504 1353 et
543 1298 809 1353 libertatis
840 1298 1196 1367 praerogativa
1232 1299 1551 1368 gaudentes,
1577 1299 1803 1369 pristina
1833 1298 2016 1367 digni-

452 1398 564 1443 tate
609 1397 949 1454 recuperata,
1000 1403 1124 1442 cum
1164 1389 1313 1442 omni
1350 1389 1609 1459 deinceps
1634 1389 1913 1444 hilaritate
1943 1390 2020 1442 vi-

450 1489 561 1533 tam
600 1479 903 1533 traducant.
963 1478 1070 1532 Sed
1096 1488 1151 1532 et
1201 1480 1245 1532 is
1292 1480 1385 1548 qui
1413 1479 1717 1534 libertatem
1747 1479 2013 1534 servitute

449 1573 677 1626 mutavit
702 1587 798 1642 per
830 1572 1082 1641 iniustam
1104 1588 1175 1625 .ac
1201 1571 1548 1626 inhumanam
1580 1572 1881 1627 venditoris
1918 1587 2015 1626 au-

446 1664 697 1727 daciam;
730 1670 781 1716 et
810 1662 899 1730 qui
931 1675 1301 1728 saepenumero
1329 1661 1542 1714 insueta
1573 1661 1677 1716 sibi
1712 1662 2011 1716 ministeria

445 1751 683 1813 deﬂevit,
735 1752 882 1806 velut
934 1753 1217 1819 repentina
1268 1751 1568 1807 mutatione
1597 1767 1811 1807 servum
1844 1767 1904 1807 se
1937 1768 2004 1807 ex

2118 1205 2285 1276 τέρας
2312 1207 2694 1278 ἐπαρκεσάσης
2728 1207 2802 1277 (5)
2825 1207 3114 1276 γενέσεως·
3151 1202 3294 1261 οὗτοι
3325 1206 3500 1277 τιμῶν
3532 1223 3593 1259 τε
3623 1200 3698 1261 ὧν

2118 1295 2395 1368 ἀπήλαυσν
2440 1297 2692 1369 πρόσθεν,
2742 1297 2835 1348 καὶ
2875 1299 2987 1359 τοῖς
3028 1297 3126 1366 τῆς
3162 1295 3472 1365 ἐλευθερίας
3515 1296 3698 1360 καλοῖς

2118 1387 2611 1456 ἐνευφραινόμενοι,
2635 1384 3100 1453 ἀνακαλεσάμενοι
3125 1384 3223 1448 τὰς
3244 1385 3493 1456 συνήθεις
3519 1385 3695 1451 ἀξίας,

2118 1476 2256 1547 μετά
2287 1476 2468 1546 πάσης
2505 1475 2689 1528 λοιπὸν
2727 1474 3064 1545 εὐφροσύνης
3089 1473 3344 1544 βιούντων
3363 1491 3378 1505 ·
3411 1476 3504 1527 καὶ
3530 1478 3558 1527 ό
3585 1474 3699 1527 δου-

2111 1566 2258 1620 λείαν
2272 1568 2370 1637 τῆς
2382 1565 2690 1636 ἐλευθερίας
2710 1564 2785 1636 (4)
2802 1563 3188 1633 ἀλλαξάμενος,
3205 1562 3447 1634 ἀθεμίτῳ
3477 1565 3583 1617 τιν).
3602 1566 3697 1618 καὶ

2111 1660 2461 1731 ἀπανθρώπῳ
2479 1659 2646 1731 δήπου
2681 1658 2907 1729 ἀπονοίᾳ
2936 1657 3036 1728 (5),
3059 1657 3316 1719 πολλάκις
3357 1674 3418 1709 τε
3460 1657 3559 1721 τὰς
3595 1659 3697 1729 ἀή-

2111 1750 2224 1814 θεις
2260 1750 2532 1813 διακονίας
2588 1749 2991 1821 ἀποδυράμενος
3032 1748 3131 1819 (ϐ),
3163 1750 3256 1801 καὶ
3289 1742 3399 1800 οἷον
3431 1749 3696 1816 αίφνίδιον

445 1843 621 1899 libero
651 1844 852 1899 factum
878 1843 1182 1911 intelligens
1206 1884 1221 1909 ,
1255 1859 1400 1899 nunc
1422 1859 1486 1899 ex
1512 1854 1784 1915 praecepto
1825 1853 2010 1899 nostro

2113 1843 2333 1914 οἰκέτην
2358 1842 2550 1897 ἐαυτὸν
2570 1844 2683 1896 ἀντ’
2719 1841 3002 1911 ἐλευθέρου
3030 1842 3212 1909 γνοὺς,
3250 1840 3561 1911 ἐλευθερίας
3593 1842 3694 1912 τῆς

447 1936 731 2006 pristinam
765 1950 1094 2003 recuperatis
1125 1935 1457 1999 libertatem,
1486 1937 1723 2005 seipsum
1769 1938 2013 2006 parenti-

443 2027 547 2084 bus
572 2026 786 2094 reddat,
821 2035 875 2082 et
907 2026 1118 2083 labores
1141 2026 1358 2081 homine
1388 2026 1559 2082 libero
1584 2027 1774 2097 dignos
1810 2028 2010 2082 obeat:

443 2117 830 2187 obsequiorum
879 2117 1105 2173 minime
1163 2110 1764 2187 ipsi'convenientium
1819 2120 2014 2188 quibus

440 2217 598 2261 antea
639 2208 959 2275 perfunctus
1006 2220 1110 2273 est,
1157 2210 1419 2266 memoria
1469 2211 1683 2279 penitus
1723 2224 1787 2265 ex
1832 2211 2013 2265 animo

440 2298 614 2354 deleta
649 2315 670 2351 ι

986 2393 1217 2450 CAPUT
1252 2392 1475 2448 XXXV.

440 2477 518 2532 De
538 2481 874 2553 ysceuione
894 2552 901 2553 ί
925 2482 1178 2553 bonorum
1217 2493 1509 2553 martyrum
1542 2493 1589 2537 et
1624 2482 2008 2549 confessorum,

590 2566 773 2604 eorum
797 2552 904 2623 Aqui
936 2552 1154 2622 relegati
1199 2552 1433 2622 fuerant,
1458 2562 1507 2607 et
1530 2569 1750 2623 quarunt
1782 2555 1917 2608 bona
1955 2556 2009 2608 in

504 2620 698 2683 ﬁscum
730 2620 922 2675 relata.

513 2728 536 2763 ι
572 2709 680 2765 Sed
721 2725 825 2767 nec
856 2711 924 2767 de
946 2710 1316 2777 facultatibus,
1351 2712 1549 2783 quibus
1596 2713 1796 2783 singuli
1826 2712 2009 2770 varias

437 2804 509 2856 ob
547 2816 744 2858 causas
776 2803 966 2858 nudati
994 2814 1140 2871 sunt,
1169 2804 1331 2859 silere
1348 2819 1447 2859 nos
1473 2806 1745 2861 convenit.
1776 2805 2009 2860 Proinde

436 2897 481 2950 si
504 2895 599 2965 qui
633 2897 912 2967 egregium
950 2911 1013 2952 ac
1047 2897 1293 2953 divinum
1323 2897 1570 2967 martyrii
1600 2908 1876 2953 certamen
1923 2897 2009 2952 in-

437 2988 653 3057 trepido
683 3003 750 3043 ac
780 2988 966 3043 fidenti
1000 2988 1188 3044 animo
1224 2988 1540 3056 subeuntes,
1568 2990 1726 3045 bonis
1745 2992 1860 3044 suis
1884 3004 2009 3058 spo-

435 3077 551 3133 liati
581 3088 749 3135 sunt:
786 3088 879 3133 aut
906 3080 1247 3135 confessores
1279 3080 1478 3147 effecti,
1526 3089 1857 3135 aeternorum
1898 3079 2005 3136 sibi

2116 1934 2351 2004 πρόσθεν
2384 1934 2506 1987 καθ’
2547 1931 2813 2003 ἡμέτερον
2838 1931 3132 2000 λαϐόμενος
3165 1930 3514 2001 πρόσταγμα,
3561 1931 3692 1984 ἀποο

2114 2025 2300 2078 διδότω
2326 2042 2385 2077 τε
2415 2027 2529 2088 τοῖς
2557 2024 2907 2095 γεννήτορσιν
2946 2022 3158 2086 ἑαυτὸν,
3203 2023 3297 2075 καὶ
3328 2022 3524 2085 πόνους
3565 2023 3691 2085 τοὺς

2115 2117 2387 2190 ἐλευθέρῳ
2418 2117 2728 2188 πρέποντας
2770 2113 3001 2184 μετίτω,
3044 2114 3111 2177 ἃς
3159 2114 3425 2185 πρότερον
3465 2113 3694 2184 ἐμόχθη-

2117 2226 2207 2263 σεν
2230 2209 2305 2282 (7)
2335 2210 2434 2263 οὐκ
2446 2208 2652 2271 οἰκείας
2691 2206 2983 2273 διακονίας,
3014 2205 3255 2261 ἐκϐαλὼν
3282 2206 3377 2278 τῆς
3408 2207 3685 2277 μνήμης.»

2620 2389 3016 2444 ΚΕΦᾹΛᾹΙΟΝ
3054 2389 3179 2443 ΛΕ’.

2111 2482 2251 2551 Περὶ
2303 2481 2707 2551 κληρονομίας
2763 2481 2988 2535 οὐσιῶν
3046 2479 3166 2551 τῶν
3216 2480 3533 2548 μαρτύρων
3589 2479 3691 2534 καί

2181 2549 2584 2676 ἓὲιολογητῶν,
2619 2552 2717 2606 καὶ
2746 2549 3269 2622 μετοικισθέντων.
3308 2551 3404 2603 καί
3448 2565 3687 2620 ταμιευ-

2250 2639 2422 2675 nam

2186 2731 2205 2764 ι
2232 2711 2538 2783 Παρεατέον
2569 2710 2613 2764 δ’
2642 2710 2841 2765 οὐδὲτὸ
2873 2709 2981 2764 τῶν
3012 2708 3228 2777 οὐσιῶν,
3257 2701 3333 2763 ὧν
3361 2709 3579 2765 ἕκαστοι
3608 2711 3687 2783 (8)

2111 2803 2254 2857 κατά
2280 2803 2568 2873 διαφόρους
2594 2800 2965 2873 ἐστερήθησαν
3009 2800 3331 2872 προφάσεις.
3378 2800 3517 2854 Ἀλλ’
3574 2802 3685 2855 εἴτε

2108 2894 2257 2958 τινὲς
2288 2895 2379 2947 τὸν
2421 2896 2641 2965 ἄριστον
2673 2894 3003 2956 ὑποστάντες
3046 2894 3139 2946 καὶ
3171 2893 3311 2947 θεῖον
3354 2893 3540 2962 ἀγῶνα
3589 2893 3685 2948 τοῦ

2114 2988 2434 3061 μαρτυρίου,
2470 2985 2660 3056 ἀφόϐῳ
2690 3002 2751 3038 τε
2789 2986 2883 3038 καὶ
2916 2984 3191 3056 θαρσαλέα
3222 2988 3288 3055 τῇ
3331 2985 3547 3058 γνώμῃ,
3576 2987 3684 3041 τῶν

2107 3076 2277 3131 όντων
2294 3076 2682 3148 ἐστερήθησαν,
2721 3074 2831 3128 είτε
2857 3074 3003 3137 τινὲς
3028 3074 3356 3145 ὁμολογηταὶ
3384 3078 3686 3131 καταστάν-

433 3169 702 3225 bonorum
750 3185 899 3239 spem
953 3180 1376 3240 compararunt:
1428 3186 1524 3226 seu
1569 3171 1661 3240 qui
1711 3185 1779 3225 ex
1827 3170 2002 3240 patria

2113 3186 2197 3232 τες
2226 3168 2323 3239 (9),
2357 3168 2457 3239 τὴν
2490 3164 2705 3221 αἰώνιον
2748 3166 2941 3220 ἐλπίδα
2975 3165 3393 3237 παρεσκεύασαν
3446 3169 3681 3232 ἑαυτοῖς,

437 3260 672 3330 migrare
710 3259 975 3330 compulsi
1030 3274 1097 3315 eo
1139 3263 1285 3331 quod
1337 3262 1493 3316 fidem
1534 3275 1688 3315 suam
1731 3262 2007 3328 prodendo

2113 3259 2223 3312 ὅσοι
2253 3274 2315 3310 τε
2370 3257 2689 3328 μετοικῆσαι
2735 3254 3297 3323 καταναγκασθέντες,
3332 3256 3413 3309 ὅτι
3461 3257 3535 3327 μὴ
3570 3259 3684 3321 τοῖς

435 3352 879 3418 persecutoribus
947 3353 1143 3407 cedere
1200 3353 1430 3418 nollent,
1478 3352 1842 3419 facultatibus
1900 3352 2004 3423 ipsi

2113 3349 2400 3403 διώκουσιν
2434 3343 2583 3414 εἶξαν
2633 3348 2922 3419 προδόντες
2964 3348 3063 3418 τὴν
3107 3348 3308 3412 πίστιν,
3356 3346 3466 3401 τῶν
3514 3347 3685 3402 ὄντων

433 3456 654 3512 quoque
690 3442 837 3498 exuti
871 3451 1037 3497 sunt:
1074 3442 1313 3514 denique
1334 3444 1380 3499 si
1407 3445 1497 3514 qui
1520 3442 1740 3514 capitali
1783 3452 2004 3498 senten-

2113 3441 2391 3513 ἐστέροντο
2423 3441 2518 3494 καὶ
2545 3440 2729 3494 αὐτοί·
2766 3440 2800 3510 ἢ
2835 3441 2887 3493 εί
2914 3438 2978 3508 γέ
3010 3456 3155 3504 τινες
3196 3439 3318 3493 οὐδὲ
3350 3439 3463 3512 (10)
3508 3456 3682 3494 κατα-

507 3616 584 3686 (l)
619 3617 731 3671 Kal
767 3617 897 3687 μὴν
923 3617 1077 3672 ὅσοι.
1117 3617 1298 3674 Codex
1348 3618 1638 3675 Medicmus
1686 3621 1855 3675 habet
1915 3619 2011 3672 καὶ

438 3683 546 3757 μὴν
568 3683 677 3741 ’καὶ
714 3683 851 3740 ὅσοι.

509 3756 585 3824 (2)
627 3756 846 3824 Ἀπηνῆ
899 3773 964 3810 τε
1016 3757 1114 3813 καὶ
1162 3757 1394 3812 ἄθλιον.
1426 3758 1481 3812 In
1529 3759 1719 3814 codice
1752 3757 2009 3813 Medicam

433 3826 696 3894 scriptum
725 3826 903 3881 inveni
933 3825 1072 3898 λήθη
1092 3828 1208 3894 καί,
1233 3844 1296 3883 ex
1322 3844 1425 3897 qua
1456 3829 1585 3883 licet
1611 3839 1862 3896 corrupta
1880 3842 2010 3882 voce

433 3909 622 3949 veram
658 3910 722 3950 ac
751 3909 1066 3964 germanam
1118 3898 1277 3967 hujus
1316 3898 1417 3951 loci
1463 3900 1788 3965 scripturam
1824 3899 2007 3951 statim

433 3964 697 4019 odoratus
723 3980 867 4019 sum.
894 3964 1087 4019 Scriba
1110 3966 1275 4020 iaitur
1290 3966 1430 4020 ἀήθη
1454 3966 1549 4020 καὶ
1573 3966 1778 4020 ἄθλιον.
1801 3966 2007 4020 Ouinoe

435 3966 697 4019 odoratus
723 3980 867 4019 sum.
894 3966 1087 4019 Scribo
1110 3966 1275 4035 igitur
1290 3966 1433 4037 ἀήθη
1454 3966 1549 4020 καὶ
1573 3966 1778 4021 ἄθλιον.
1801 3966 2007 4034 Quippe

435 4034 746 4102 huiusmodi
798 4035 1104 4106 ministeria
1138 4037 1192 4089 in
1229 4038 1498 4106 gynaeceis
1523 4049 1579 4091 et
1613 4036 2010 4106 textrinis,in-

433 4111 589 4177 sueta
619 4113 750 4159 sunt
798 4104 1115 4177 hominibus
1149 4104 1417 4177 ingenuis.
1452 4105 1597 4162 Idem
1634 4106 1809 4162 codex
1848 4105 2013 4161 πόνον

433 4172 620 4238 habet,
647 4189 751 4227 non
777 4172 968 4226 κόπον.

502 4242 583 4313 (5)
613 4242 788 4314 vulg.
819 4241 1001 4314 οὐδὲν
1033 4245 1224 4313 αὐτῆς
1240 4244 1685 4314 ἑπαρκεσάσης.
1714 4245 1933 4302 Rectius
1959 4244 2014 4298 in

431 4312 623 4384 codice
651 4312 909 4369 Medicam
952 4313 1152 4383 legitur
1184 4315 1335 4369 οὐδὲν
1351 4312 1561 4378 αὐτοῖς.
1599 4315 1668 4384 Et
1704 4314 1867 4382 paulo
1894 4323 2017 4384 post

431 4382 716 4458 scri_bo_ex_
730 4384 919 4458 eodem
946 4382 1088 4458 libro
1110 4385 1299 4458 καλοῖςΔ
1314 4383 1805 4458 ἐνευφραινόμενοι.

2115 3618 2282 3688 gitur,
2305 3627 2359 3671 et
2383 3617 2436 3670 in
2463 3616 2654 3673 Fuket.
2696 3618 2903 3672 codice.
2928 3618 3099 3675 Porro
3121 3636 3188 3676 ex
3219 3622 3307 3676 his
3337 3619 3516 3675 verbis
3550 3622 3685 3675 satis

2115 3698 2363 3755 apparet.
2388 3703 2573 3740 verum
2605 3702 2727 3741 esse
2753 3689 2898 3755 quod
2936 3690 3071 3753 dixi,
3105 3690 3523 3747 Constantinum
3576 3690 3681 3745 hoc

2114 3759 2418 3829 posteriore
2449 3757 2566 3811 loco
2594 3758 2749 3829 loqui
2784 3758 2848 3829 de
2868 3757 3152 3829 vilioribus
3180 3776 3240 3815 ac
3270 3759 3475 3829 plebeis
3502 3759 3683 3829 homi-

2114 3828 2298 3889 nibus,
2323 3828 2413 3895 qui
2442 3830 2708 3882 sententia
2732 3827 2932 3895 judicis
2956 3830 3244 3884 venundati
3276 3827 3517 3885 fuerant.
3546 3828 3680 3881 Nam

2113 3895 2180 3966 de
2212 3897 2484 3963 prioribus
2510 3897 2729 3964 quidem
2758 3899 2848 3965 qui
2880 3899 3139 3951 natalium
3167 3900 3451 3966 splendore
3475 3900 3683 3951 emine-

2114 3964 2266 4031 bant,
2296 3966 2373 4020 ait
2393 3964 2815 4037 constantinus’,
2840 3967 3123 4035 pristinam
3166 3964 3482 4037 dignitatem
3526 3983 3681 4021 recu-

2114 4049 2309 4157 rerare
2331 4038 2411 4089 eis
2442 4034 2556 4104 jam
2583 4034 2767 4089 licere.
2802 4034 3138 4091 Posteriores
3169 4034 3300 4091 vero
3327 4038 3393 4089 ad
3422 4048 3680 4092 consueta

2138 4104 2304 4157 iberis
2332 4105 2642 4157 hominibus
2676 4104 2972 4157 ministeria
3007 4121 3071 4157 ac
3096 4107 3307 4157 labores
3336 4106 3570 4157 ableaat.

2138 4104 2304 4160 iberis
2332 4105 2642 4173 hominibus
2676 4104 2972 4159 ministeria
3007 4121 3071 4158 ac
3096 4107 3307 4162 labores
3336 4106 3570 4173 ablegat.

2188 4173 2264 4244 (8)
2297 4174 2451 4244 \lulg.
2489 4173 2564 4227 δι’
2606 4171 2680 4239 ἀς
2725 4173 2985 4228 ἕκαστοι.
3031 4174 3223 4231 Scribe
3259 4193 3323 4230 ex
3357 4171 3543 4230 codice
3566 4175 3680 4229 Me-

2118 4237 2284 4318 dicaeo
2305 4237 2625 4318 tbvﬁxaa‘rot
2656 4237 2809 4296 κατά
2825 4244 3121 4318 ’διαφόρους
3139 4245 3508 4318 ἐστερήθησαν
3543 4262 3679 4318 προ-

2120 4313 2333 4387 φάσεις,
2369 4314 2624 4387 _Et_paul9
2646 4325 2767 4387 post
2789 4314 2881 4367 τὸν
2910 4313 3133 4387 ἀριστὸν
3158 4334 3216 4387 τε
3232 4313 3351 4387 καὶ,
3374 4313 3514 4387 θεῖον
3549 4313 3684 4368 ὑπο-

2121 4384 2345 4455 στάντες
2358 4383 2563 4455 ἀγῶνα.
2593 4382 2699 4455 S_ed
2713 4398 2886 4455 neque
2908 4382 2964 4455 in
2985 4386 3201 4455 schedis
3228 4386 3410 4453 Regiis
3432 4385 3683 4455 leguntur

502 4451 581 4524 (4)
611 4452 722 4509 Καὶ
755 4456 787 4507 d
821 4452 1108 4509 δουλείαν
1130 4453 1241 4523 τῆς
1275 4450 1647 4523 ἐλευθερίας.
1682 4454 1865 4524 Codex
1904 4451 2010 4507 Me-

2119 4454 2202 4507 baz
2232 4469 2389 4509 voces
2409 4450 3032 4524 Bt’ﬁcaPorro’initium
3084 4454 3245 4522 hujus
3286 4450 3682 4524 periodi'ivarie

432 4516 636 4593 diezeus
663 4539 859 4593 vocem
888 4524 1040 4578 addit
1061 4525 1163 4580 hoc
1189 4516 1363 4580 ἰὶιοιιο
1402 4542 1417 4579 :
1450 4516 1544 4579 atat
1575 4516 1611 4577 ό
1632 4516 1874 4593 δουλείαν
1910 4524 2010 4593 μὲν

429 4589 747 4666 ἐλευθερίας
776 4592 1169 4664 ἀλλαξάμενος,
1204 4605 1353 4650 recte
1383 4596 1437 4649 ni
1469 4595 1651 4648 fallor.
1705 4592 1824 4659 Duo
1864 4589 2009 4666 enim

431 4660 715 4734 hominum
739 4678 942 4734 genera
978 4660 1271 4734 distinguit
1292 4666 1589 4734 imperator
1614 4681 1629 4717 :
1657 4678 1887 4734 quorum
1919 4663 2008 4719 alii

427 4733 651 4812 quidem
674 4732 885 4788 nobiles
913 4732 1189 4804 gynaceis
1216 4732 1418 4789 addicti
1462 4734 1705 4795 fuerant,
1735 4742 1829 4786 aut
1853 4733 2013 4787 fisca-

429 4798 569 4873 butn
613 4801 943 4873 pradiorum
996 4802 1188 4858 famuli
1247 4805 1402 4866 facti,
1460 4817 1581 4873 qua:
1627 4803 1862 4857 nobilior
1892 4812 2014 4873 erat

429 4871 843 4941 servitus_:_alii
871 4881 1050 4926 autem
1082 4873 1327 4936 viliores.
1363 4871 1589 4941 privatis
1608 4873 1924 4927 venundati.
1953 4872 2008 4927 In

429 4938 954 5025 codiceftt’ketiano
1000 4942 1204 5012 legitur
1232 4945 1325 4997 καὶ
1350 4938 1380 4996 ό
1416 4942 1635 5014 δουλείᾳ
1666 4942 1767 5015 τὴν
1797 4942 2012 4997 ἐλευθε-

433 5008 553 5080 ρίαν
581 5008 769 5076 ἁλλαξ.
1056 5008 1081 5012 ⁷
1609 5008 1622 5014 ’
1722 5008 1734 5015 ’

500 5078 580 5149 (5)
622 5080 775 5148 Vulg.
816 5081 1068 5135 πολίτου
1115 5082 1390 5150 ἀπονοίᾳ.
1432 5083 1488 5136 in
1542 5081 1729 5137 codice
1753 5080 2010 5138 Medicaeo

428 5150 691 5224 scribitur
712 5150 887 5224 δήπου
920 5151 1172 5224 ἀπονοίᾳ.
1208 5152 1469 5224 Intelligit
1491 5153 2008 5224 autemaudaciam

427 5226 484 5273 et
516 5218 917 5292 immanitatem
951 5218 1175 5292 judici's,
1225 5223 1317 5292 qui
1357 5218 1631 5278 hominem
1683 5221 1907 5292 liberum
1939 5221 2010 5292 ob

427 5289 541 5361 veri
565 5287 823 5361 Numinis
855 5287 1259 5361 confessionem
1300 5291 1553 5346 libertate
1591 5291 1901 5361 spoliasset.
1949 5291 2007 5344 In

424 5359 681 5439 sch‘edis-~
671 5357 857 5429 Regiis
886 5360 1155 5431 scriptum
1188 5363 1364 5430 reperi
1389 5357 1663 5432 πωλήτου.
1682 5359 1819 5417 Fuk.
1845 5361 2009 5416 habet

428 5428 769 5570 θξίῗίιις.
817 5498 1293 5570 ἀποδυρόμενος.
1355 5499 1412 5557 In
1485 5501 1672 5556 codice
1750 5498 2008 5557 Medicam

426 5570 633 5640 rectius
669 5568 874 5640 legitur
906 5568 1341 5640 ἀποδυράμενος.

501 5636 578 5711 (7.)
613 5639 710 5704 “Ac
734 5636 1431 5711 ίαζρότεροννέμόχθησεν.
1488 5638 1800 5708 Elegantius
1834 5639 2007 5711 codex

429 5704 714 5783 hledi'cteus
768 5704 1299 5783 Ec‘rrpoepdithaev,
1326 5720 1381 5783 et
1423 5704 1740 5783 paulo—post
1762 5708 2008 5783 ἐκβαλῲν

425 5775 526 5845 τῆς
548 5778 791 5849 μνήμης.
822 5775 1111 5846 Quomodo
1139 5775 1192 5837 in
1226 5775 1635 5852 Regiis’etiam‘
1663 5779 1882 5838 schedis
1932 5780 2009 5838 leo

2117 4524 2381 4593 scriptum
2412 4526 2463 4577 in
2498 4522 2655 4593 libris
2680 4524 2959 4593 veteribus
2991 4524 3191 4578 inveni.
3239 4522 3369 4578 Nam
3416 4525 3466 4577 in
3513 4523 3682 4577 Medi-

2115 4591 2474 4664 ca-o'quidem
2519 4592 2705 4664 codice
2750 4591 2946 4664 legitur
2980 4594 3317 4664 παρεαστέον
3368 4593 3426 4647 δὲ
3462 4594 3584 4664 οὐδέ
3620 4594 3684 4647 τὸ

2113 4662 2224 4735 τῶν
2264 4661 2483 4735 οὐσιῶν,
2514 4671 2622 4735 etc.
2656 4661 2711 4735 in
2741 4663 2966 4735 δεὴεόίε
2983 4661 3109 4719 vero
3145 4664 3417 4735 παρατέον
3465 4663 3521 4716 δὲ
3560 4664 3682 4735 οὐδὲ

2108 4733 2191 4798 τό,
2219 4744 2327 4787 etc.
2356 4731 2707 4786 'l‘nrnebusin
2734 4746 2833 4786 suo
2851 4733 3038 4787 codice
3054 4731 3370 4788 emendarat
3391 4734 3678 4798 παρετέον.

2110 4804 2170 4875 In
2200 4803 2386 4875 codice
2413 4800 2871 4875 Fuk._scrlptutn'
2913 4800 3095 4875 inveni
3133 4804 3433 4875 παρεατέον
3468 4800 3524 4855 δὲ
3560 4804 3682 4857 οὐδὲ

2109 4872 2172 4925 τὸ
2202 4871 2310 4925 τῶν
2331 4872 2535 4943 οὐσιῶν
2553 4863 2628 4925 ὧν
2662 4863 2901 4943 ἕκαστοι,
2926 4881 3031 4927 etc.
3066 4872 3171 4927 Sed
3198 4863 3253 4928 et
3284 4875 3482 4943 Regius
3507 4874 3682 4928 codex

2112 4943 2278 4997 habet
2299 4941 2618 5013 παρεατέον.
2649 4941 2828 5007 Quare
2853 4956 2956 4995 non
2973 4943 3216 5013 _dubium
3237 4941 3386 5013 quin'
3412 4944 3527 4997 haec
3548 4959 3679 4997 vera

2110 5014 2183 5065 sit
2213 5011 2398 5075 lectio,
2425 5027 2586 5081 quam
2616 5013 2801 5066 nescio
2832 5026 2931 5065 cur
2968 5011 3107 5068 Rob.
3133 5011 3443 5082 Stephanus
3479 5013 3680 5066 immu-

2113 5083 2259 5136 tarit.

2181 5151 2258 5222 (9)
2274 5147 2446 5222 Χίης.
2491 5150 2591 5204 καί
2624 5150 2983 5222 ὀμολογηταὶ
3023 5151 3447 5217 καταστάντες.
3487 5149 3543 5204 In
3588 5166 3683 5203 co-

2109 5220 2246 5293 dice
2272 5220 2536 5293 Medicaeo
2568 5222 2760 5293 legitur
2788 5222 2839 5273 εῐ
2862 5221 2923 5273 τὲ
2956 5237 3101 5285 τινες
3148 5222 3477 5293 ὁμολογηταὶ
3514 5238 3683 5276 καταο

2111 5289 2355 5354 στάντες,
2396 5290 2537 5358 quod
2575 5291 2778 5344 rectius
2815 5306 2938 5345 esse
2973 5306 3080 5344 non
3110 5289 3484 5347 dubito.Cum
3534 5294 3677 5344 enim

2109 5370 2270 5413 antea
2302 5361 2519 5414 locutus
2549 5360 2619 5429 sit
2648 5360 2715 5414 de
2737 5360 3091 5429 martyribus,
3119 5377 3264 5415 nunc
3304 5362 3372 5416 de
3403 5359 3682 5415 confesso-

2109 5430 2263 5484 ribus
2292 5430 2554 5498 loquitur.
2588 5428 2756 5483 Paulo
2793 5428 2917 5497 post
2952 5432 3139 5484 scribe
3165 5445 3231 5486 ex
3261 5432 3450 5498 eodem
3491 5431 3681 5485 codice

2108 5495 2651 5571 καταναγκασθεντες
2674 5499 2756 5571 ὅτι
2911 5502 3025 5563 τοῖς
3075 5498 3329 5571 διώξασιν
3359 5495 3508 5564 εἶξαν
3545 5516 3681 5571 παρ-

2112 5569 2311 5641 ιδόντες
2335 5570 2432 5641 τὴν
2454 5568 2659 5641 πίστιν,
2685 5568 2801 5621 τῶν
2820 5568 3310 5641 όντων-ἐστέροντο,
3341 5581 3450 5625 etc.

2180 5639 2289 5711 (10)
2314 5638 2462 5712 Ἠέἵ
2500 5638 2567 5709 γέ
2587 5655 2745 5706 τινες
2773 5638 2936 5712 οὐδέ.
2976 5638 3187 5712 Omisit?
3205 5644 3344 5712 hanc
3371 5640 3680 5712 περικοπήν

2107 5708 2757 5780 ChristophorSOnus,7eo
2795 5708 2939 5776 quod
2964 5709 3099 5763 nihil
3116 5710 3269 5780 aliud
3295 5708 3460 5778 quani
3486 5708 3677 5780 super-

2105 5780 2209 5837 ﬂua
2234 5778 2476 5850 priorum
2511 5779 2762 5847 repetitio
2788 5780 3084 5835 videretur.
3109 5778 3216 5836 Sed
3234 5794 3354 5835 cum
3380 5780 3493 5834 hmo
3516 5779 3678 5833 verba
