4210 6408
529 442 668 497 1015

1618 437 1708 494 DE
1751 438 1907 494 VITA
1949 433 2416 494 CONSTANTINI
2454 432 2583 488 LIB.
2623 431 2688 490 ll.

3647 428 3783 482 1οη

527 562 862 635 γνωσθέντες
895 562 1144 624 θάνατον,
1181 561 1434 632 στέρησιν
1477 559 1847 629 ὲδυστύῃησαν
1875 559 1986 612 τῶν
2020 559 2096 612 ὅν-

2217 557 2294 610 tia
2322 555 2548 610 minime
2573 552 2832 615 damnati,
2867 553 3134 608 bonorum
3167 558 3345 604 tamen
3371 547 3641 617 jacturam
3660 564 3784 603 sus-

524 673 662 708 των·
705 654 911 707 τούτων
961 657 1072 717 τοῖς
1108 654 1244 724 πρὸς
1293 653 1483 720 γένους
1530 649 1932 722 προσνέμεσθαι
1983 649 2108 712 τους

526 747 762 818 κλήρους
814 745 1244 818 προστάττομεν.
1295 745 1519 806 Πάντως
1570 744 1627 797 δὲ
1675 743 2106 814 διαγορευόντων

524 836 634 892 τῶν
680 837 860 908 νόμων
913 837 1020 890 τῶν
1070 836 1370 906 ἀγχιστέων
1429 835 1552 896 τοὺς
1599 835 1932 905 ὲγγυτέρους
1971 832 2104 902 (Η),

531 931 710 1002 ῥᾴδιον
743 917 1120 997 διαγινώσκειν
1154 924 1234 992 οἷς
1269 929 1636 999 προσήκουσιν
1665 929 1712 980 οἱ
1742 927 1933 999 κλῆροι
1956 944 1968 956 ·
2012 925 2107 978 καὶ

527 1023 608 1075 ὅτι
645 1023 756 1090 (12)
789 1017 935 1074 οὗτοι
977 1021 1118 1074 κατὰ
1150 1021 1308 1089 λόγον
1339 1021 1430 1074 ἐπὶ
1468 1021 1567 1090 τὴν
1605 1021 1856 1091 διαδοχὴν
1904 1018 2106 1072 ἔλθοιεν

529 1108 615 1172 ἂν,
645 1110 804 1180 οἷπερ
848 1106 987 1180 ἦσαν
1012 1109 1353 1181 οἰκειότεροι,
1378 1110 1472 1162 καὶ
1504 1111 1792 1180 αὐτομάτῳ
1825 1109 2105 1181 χρησαμέ-

525 1217 632 1252 νων
655 1199 876 1253 ἐκείνων
902 1198 979 1268 τῷ
1002 1199 1144 1250 τέλει
1171 1199 1301 1268 (l5).
1347 1218 1364 1248 ι

1015 1289 1412 1342 ΚΕΦΑΛΑῘΟΝ
1466 1289 1600 1356 Acr.

533 1381 655 1434 Τῶν
695 1380 780 1448 μὴ
833 1380 1098 1447 ἐχόντων
1143 1380 1459 1447 συγγενεῖς
1517 1381 1894 1447 κληρονόμον
1955 1375 2105 1432 εἶναι

595 1449 711 1514 τὴν
749 1451 1136 1515 Ἐκκλησίαν,
1171 1451 1265 1502 καὶ
1296 1449 1368 1502 τὰ
1392 1452 1493 1504 ὑπ’
1521 1450 1720 1503 αὐτῶν
1747 1449 2100 1518 δωρηθέντα,

589 1519 806 1585 ,βέϐαια
834 1519 1062 1588 μένειν.

599 1627 619 1660 ι
657 1609 720 1660 Εἰ
748 1607 805 1667 δὲ
833 1607 940 1660 τῶν
979 1607 1281 1678 ἁγχιστέων
1319 1607 1506 1678 μηδεὶς
1523 1607 1864 1661 ὑπολείποιτο
1883 1607 2104 1678 μηδενὸς

523 1696 632 1750 τῶν
665 1698 1076 1768 προειρημένων
1113 1696 1256 1750 κατὰ
1284 1697 1440 1764 λόγον
1471 1697 1537 1750 ἂν
1571 1697 1938 1768 γενησόμενος
1965 1696 2102 1768 κλη-

527 1787 770 1860 ρονόμος,
811 1789 948 1858 μήτε
981 1788 1088 1842 τῶν
1120 1787 1414 1860 μαρτύρων
1443 1789 1607 1858 φημὶ,
1665 1789 1803 1858 μήτε
1831 1787 1939 1840 τῶν
1967 1788 2100 1858 ὁμο-

523 1879 889 1954 λογησάντων,
931 1880 1067 1950 μήτε
1091 1878 1200 1931 τῶν
1233 1879 1498 1949 μετοίκων
1524 1878 1633 1932 τῶν
1658 1879 1750 1931 ἐπὶ
1778 1880 1842 1950 τῇ
1873 1879 2100 1954 τοιαύτῃ

526 1970 908 2042 μεταστάντων
940 1970 1230 2040 προφάσει,
1269 1971 1302 2039 ἡ
1337 1969 1458 2022 καθ’
1494 1968 1759 2033 ἑκάστους
1789 1969 1876 2021 ἀεὶ
1907 1969 2104 2032 τόπους

533 2059 828 2130 Ἐκκλησία
843 2059 1181 2130 διαδέχεσθαι
1201 2059 1447 2130 τετάχθω
1461 2059 1552 2113 τὸν
1578 2060 1798 2132 κλῆρον’
1829 2059 1928 2119 οὐκ
1951 2058 2103 2112 ἕσται

517 2153 574 2207 δὲ
605 2152 766 2207 τοῦτο
798 2153 1017 2216 πάντως
1050 2152 1159 2224 (14)
1193 2153 1313 2206 οὐδὲ
1349 2155 1464 2216 τοῖς
1499 2151 1796 2208 ἀπελθοῦσι
1831 2151 1991 2222 βαρὺ,
2027 2153 2102 2204 εῖ-

519 2263 626 2317 περ
649 2240 717 2316 ἦς
749 2245 914 2298 ἕνεκα
947 2244 1154 2308 πάντας
1185 2244 1496 2315 ὑπέστησαν
1527 2243 1742 2306 πόνους,
1769 2242 2102 2314 κληρονόμον

517 2337 791 2406 εὐτυχοῖεν
811 2334 1035 2404 ταύτην.
1060 2335 1431 2406 Προσκεῖσθαί,
1447 2351 1510 2404 γε
1540 2335 1644 2406 μὴν
1669 2335 1779 2406 (15)
1802 2336 2100 2404 ἀναγκαῖον

518 2427 613 2480 καὶ
643 2427 783 2489 τόδε,
811 2425 886 2490 ὡς
912 2425 1020 2478 τῶν
1055 2426 1469 2497 προειρημένων
1500 2425 1554 2478 ετ
1581 2443 1725 2489 τινες
1757 2427 2101 2497 ἐδωρήσαντό

517 2532 570 2570 τι
606 2516 716 2571 τῶν
750 2517 918 2571 ὄντων
950 2513 1031 2582 οἷς
1063 2516 1362 2583 ἐϐούλοντο,
1397 2517 1608 2582 τούτοις
1642 2519 1740 2589 τὴν
1785 2518 2101 2572 δεσποτείαν

522 2607 746 2681 εὔλογον
774 2609 972 2682 κυρίαν
1009 2610 1213 2680 μένειν.
1254 2627 1272 2661 ι

1028 2701 1425 2754 ΚΕΦΑΛΑῘΟΝ
1461 2702 1581 2755 AZ'.

529 2785 904 2880 Ἀπρδιδόναι
923 2788 1047 2880 ςοῖς
1074 2789 1397 2880 κατέχουσι
1417 2791 1488 2880 cf}
1505 2791 1748 2880 τοιαῦτα
1769 2795 1974 2880 χωρία,
2000 2795 2100 2850 καὶ

583 2857 820 2924 κήπους
856 2859 957 2912 καὶ
987 2856 1414 2929 οἰκίας,’χωρὶς
1439 2856 1528 2915 ὧν
1569 2856 2016 2930 ἐκαρπῶσὶιντο.

591 2965 612 2999 ι
642 2949 827 3013 Ὅπως
857 2950 914 3003 δὲ
939 2950 1075 3022 μηδὲ
1109 2950 1284 3021 πλάνη
1314 2969 1399 3015 τις
1433 2954 1749 3023 ἐμφαίνοιτο
1763 2954 2097 3026 τῷπροστά-

511 3053 703 3108 γμοιτι,
735 3039 848 3091 ἀλλ’
878 3039 1096 3111 ἕτοιμον
1178 3042 1238 3094 τὸ
1261 3042 1368 3111 (16)
1394 3041 1599 3096 δίκαιον
1628 3045 1760 3104 πᾶσι
1784 3045 2092 3113 γινώσκειν,

517 3127 772 3183 ἰδέτωσαν
823 3130 1080 3196 ἅπαντες,
1135 3133 1243 3184 εἴτε
1295 3132 1513 3204 χωρίον,
1568 3134 1664 3187 εἶτ’
1715 3135 1918 3200 οὶκίαν,
1983 3137 2093 3189 εἴτε

2219 647 2507 701 tinuerunt
2537 663 2552 699 :
2607 643 3072 698 horumomnium
3119 640 3488 695 haereditatem
3525 640 3783 709 proximis

2214 738 2379 793 tribui
2397 737 2675 806 jubemus.
2701 734 2873 788 Porro
2897 749 3020 788 cum
3051 731 3196 802 leges
3213 731 3416 784 diserte
3443 730 3814 798 praecipianm

2211 839 2270 881 ut
2313 844 2376 882 ex
2411 825 2656 897 cognatis
2686 824 3049 894 proximiores
3076 821 3449 875 ltznreditatem
3487 819 3782 888 accipiant,

2213 921 2378 975 facile
2426 928 2511 974 est
2535 918 2858 988 dignoscere
2903 914 3122 969 cuinam
3171 913 3461 968 lizercditas
3498 899 3811 966 debeatur.f

2217 1013 2421 1066 Adhtec
2455 1009 2650 1064 rationi
2681 1016 3106 1064 consentaneum
3137 1013 3242 1069 est,
3275 1011 3334 1057 ut
3374 1004 3410 1056 ii
3455 1002 3519 1056 ad
3563 1015 3785 1056 succes-

2212 1104 2420 1158 sionem
2478 1103 2721 1164 veniant,
2759 1101 2848 1168 qui
2884 1098 3300 1170 pr0pinquiores
3335 1103 3494 1152 erant
3534 1092 3700 1147 futuri
3737 1091 3782 1146 si

2208 1194 2283 1249 illi
2308 1209 2403 1248 sua
2443 1201 2616 1248 morte
2645 1192 2926 1247 obiissent.
2965 1210 2985 1243 ι

2636 1282 2796 1353 1,61
2859 1279 3090 1335 CAPUT
3119 1276 3359 1332 xxxvr.

2211 1396 2284 1451 Ut
2336 1396 2700 1465 deﬁcientibus
2756 1393 2994 1462 cognatis
3040 1391 3278 1465 Ecclesia
3313 1393 3780 1446 Iurreditatcmca-

2477 1468 2612 1534 piat,
2648 1475 2806 1535 utque
2831 1465 3009 1534 legata
3042 1463 3200 1532 ﬁrma
3236 1473 3508 1516 maneant.

2281 1625 2300 1657 ι
2326 1604 2478 1671 Quod
2521 1603 2566 1658 si
2607 1602 2788 1656 nullus
2815 1609 3076 1669 cognatus
3113 1598 3349 1667 supersit
3379 1599 3468 1666 qui
3498 1607 3654 1667 prout.
3693 1613 3782 1651 ra-

2205 1697 2340 1750 tioni
2387 1703 2812 1749 consentaneum
2862 1701 2946 1746 est
2989 1691 3359 1746 ltmreditatem
3398 1697 3650 1760 capessat
3689 1705 3781 1744 eo-

2205 1804 2324 1843 rum
2355 1803 2493 1855 quos
2535 1801 2697 1856 supra
2734 1785 3057 1848 memoravi,
3110 1793 3413 1854 martyrum
3474 1783 3682 1837 scilicet
3724 1793 3780 1838 et

2134 1894 2174 1948 B
2203 1879 2594 1943 cupressorum,
2627 1887 2723 1932 aut
2749 1879 2966 1932 illorum
2999 1877 3090 1946 qui
3120 1877 3190 1930 ob
3219 1875 3528 1943 hujusmodi
3556 1891 3777 1929 causam

2206 1987 2274 2027 ex
2305 1971 2478 2040 patria
2509 1971 2904 2040 migraverunt,
2937 1967 3197 2037 cujusque
3222 1967 3327 2022 loci
3351 1966 3652 2021 Ecclesiam
3676 1970 3782 2021 hae-

2207 2063 2495 2117 reditatem
2533 2062 2686 2117 adire
2716 2061 3082 2116 decernimus.
3123 2061 3234 2114 Nec
3267 2060 3540 2114 defunctis
3590 2069 3779 2128 utique

2205 2152 2489 2206 molestum
2513 2153 2642 2215 erit,
2667 2151 2710 2206 si
2748 2153 2902 2219 cujus
2931 2150 3101 2221 gratia
3122 2151 3324 2203 nullum
3349 2165 3460 2205 non
3479 2150 3778 2204 discrimen

2202 2243 2509 2306 subierunt,
2543 2257 2663 2296 eam
2714 2242 2846 2311 ipsis
2889 2243 3160 2296 lueredem
3212 2242 3416 2296 habere
3467 2241 3774 2309 contingat.

2203 2332 2334 2388 Illud
2364 2350 2579 2404 quoque
2603 2333 2912 2388 necessario
2941 2334 3306 2402 adjiciendum
3351 2342 3456 2397 est,
3503 2342 3562 2386 ut.
3605 2333 3650 2387 si
3683 2333 3776 2402 qui

2203 2439 2270 2477 ex
2293 2437 2454 2491 supra
2493 2421 2814 2476 memoratis
2850 2420 3054 2490 aliquid
3087 2421 3153 2474 de
3191 2419 3348 2474 bonis
3399 2420 3513 2473 suis
3552 2418 3778 2472 cuilibet

2201 2513 2544 2579 donaverint,
2573 2513 2621 2566 ei
2645 2512 2965 2578 dominium,
2998 2519 3159 2580 prout
3182 2525 3395 2580 :equum
3419 2517 3525 2574 est,
3558 2508 3774 2564 ﬁrmum

2198 2614 2487 2675 ratumque
2519 2613 2852 2672 permaneat.
2891 2621 2910 2655 ι

2729 2691 2956 2748 CAPUT
2997 2689 3262 2746 XXXVII.

2203 2784 2273 2840 Ut
2297 2787 2385 2858 qui
2411 2785 2718 2855 Imjusmodi
2747 2785 2882 2848 loca,
2912 2784 3272 2858 wdes,_lto_rtos
3297 2781 3686 2858 occupaverint,
3716 2797 3775 2834 ca

2553 2858 2857 2920 restituant,
2889 2855 3117 2920 exceptis
3148 2852 3429 2920 fructibus.

2273 2967 2294 3002 ι
2325 2949 2492 3004 Porro
2526 2957 2585 3002 ut
2611 2948 2664 3002 in
2701 2957 2968 3016 praecepto
2990 2957 3178 3000 nostro
3209 2943 3356 2997 nulla
3391 2944 3646 3014 ambages
3681 2959 3777 3014 ap-

2198 3050 2412 3111 pareat,
2444 3040 2538 3096 scd
2571 3039 2796 3094 cuilibet
2821 3039 2875 3094 in
2905 3044 3158 3107 promptu
3189 3036 3262 3090 sit
3287 3035 3339 3089 id
3371 3036 3668 3104 quodjuris
3693 3045 3778 3090 est

2199 3145 2566 3201 pernoscere;
2597 3144 2791 3185 omnes
2834 3128 3153 3198 intelligant,
3214 3127 3328 3180 sive
3375 3125 3622 3190 fundum,
3660 3128 3776 3183 sive

512 3219 712 3290 κῆπον,
748 3222 856 3273 εἴτε
890 3222 1075 3294 ἕτερόν
1104 3240 1156 3276 τι
1186 3223 1294 3276 τῶν
1332 3225 1744 3296 προειρημένων
1785 3227 2087 3296 κατέχοιεν,

2193 3223 2358 3290 aedes,
2385 3222 2501 3278 sive
2541 3223 2782 3284 hortum,
2812 3219 2924 3273 sive
2949 3217 3094 3272 aliud
3136 3217 3266 3287 quid
3297 3233 3363 3272 ex
3392 3219 3551 3272 bonis
3584 3231 3774 3271 eorum

512 3311 678 3365 καλὸν
713 3312 808 3366 καὶ
853 3311 1130 3377 λυσιτελὲς
1159 3315 1342 3377 αὐτοῖς
1374 3310 1514 3368 εἶναι
1545 3315 1638 3368 καὶ
1683 3315 1964 3386 ὁμολογεῖν
1991 3317 2090 3370 αὑ-

511 3465 676 3519 etiam
735 3466 790 3519 in
819 3466 1028 3536 codice
1076 3466 1332 3521 Medicaeo
1379 3465 1653 3534 legantur,
1712 3484 1817 3536 non
1873 3470 2079 3523 temere

511 3535 866 3608 expungenda
891 3545 1038 3608 sunt.
1055 3536 1344 3608 Postquam
1367 3541 1510 3608 enim
1550 3538 1846 3608 imperator
1869 3538 2096 3608 locutus

513 3615 597 3659 est
627 3605 691 3658 de
713 3605 1064 3675 martyribus,
1091 3607 1155 3658 de
1186 3605 1693 3671 confessoribus,'et
1719 3609 1785 3660 de
1804 3607 2086 3663 exsulibus

512 3675 604 3742 qui
635 3685 776 3726 metu
811 3675 1057 3743 capitalis
1085 3676 1371 3729 sementim
1409 3677 1461 3729 in
1516 3691 1574 3729 se
1611 3676 1854 3746 prolatze,
1905 3677 2083 3731 solum

515 3752 814 3814 verterant,
849 3760 990 3798 nunc
1019 3746 1087 3799 de
1133 3747 1199 3798 iis
1246 3746 1376 3814 agit,
1417 3745 1508 3813 qui
1541 3745 1662 3800 cuin
1697 3747 1914 3814 capitali
1959 3763 2087 3801 sen-

517 3815 687 3866 tentia
713 3813 954 3884 damnati
999 3831 1103 3870 non
1150 3813 1402 3878 fuissent,
1451 3815 1606 3870 bonis
1646 3813 1823 3870 tamen
1870 3816 2086 3884 spoliati

517 3882 860 3957 l’uerant._Hi
908 3884 1052 3937 enim
1084 3899 1192 3957 non
1225 3894 1386 3938 erant
1417 3884 1476 3957 in
1519 3901 1755 3957 numero
1789 3882 2082 3957 martyrum

517 3967 617 4006 nec
648 3952 1061 4024 confessorum;
1104 3955 1307 4023 quippe
1337 3955 1428 4023 qui
1465 3954 1532 4006 ad
1559 3954 1824 4024 judicium
1868 3952 2085 4010 adducti

515 4038 623 4075 non
681 4022 927 4077 fuissent.
982 4022 1210 4078 Exsulcs’
1250 4022 1377 4077 item
1427 4038 1532 4076 non
1562 4022 1817 4089 ‘l’uerant,
1873 4025 1984 4079 sed.
2027 4024 2094 4078 in

513 4092 686 4164 patria
719 4103 1021 4164 manentes,
1051 4093 1486 4164 possessionibus
1519 4094 1635 4148 suis
1675 4109 1776 4164 per
1815 4096 1923 4150 vim
1956 4111 2085 4164 spo-

512 4161 624 4214 liati
655 4160 892 4215 fuerant.
937 4160 1098 4216 Certe
1141 4163 1193 4216 in
1238 4163 1397 4232 hujus
1427 4164 1621 4231 capitis
1658 4160 1813 4219 titulo
1859 4160 2092 4232 quatuor

512 4245 760 4300 persona:
787 4244 1158 4288 recensentur.
1185 4233 1290 4286 Sed
1319 4231 2092 4301 Christopltorsonusquartas

513 4301 634 4354 illos
661 4301 865 4355 omisit.
894 4301 951 4354 In
979 4305 1226 4371 sequenti
1257 4313 1436 4355 tamen
1461 4304 1638 4370 capite
1661 4304 1956 4372 imperator
1981 4313 2092 4358 tres

512 4378 1022 4442 tantumpersonas
1050 4381 1320 4438 recenset,
1349 4373 1436 4427 his
1467 4372 1669 4426 ultimis
1711 4374 1926 4442 penitus
1948 4389 2088 4442 prae-

513 4440 806 4495 termissis.

582 4509 701 4583 (ll),
725 4511 1198 4583 Διαγορευόνιςων
1225 4509 1345 4571 τῶν
1380 4511 1580 4583 νόμων
1609 4511 1726 4572 τῶν
1762 4511 2096 4582 ἀτχιστέων

510 4577 655 4650 τοὺς
676 4577 1056 4650 ἐγγυτέρπς.
1095 4579 1151 4634 lu
1207 4577 1644 4636 sttccessionibus
1687 4577 2086 4648 intestatorum,

509 4649 592 4704 lex
610 4653 910 4718 proximum
937 4665 1205 4720 quemque
1217 4666 1284 4720 ex
1304 4653 1517 4720 agnatis
1531 4654 1592 4705 ad
1612 4653 1982 4707 htercditatem
1997 4668 2090 4706 v0-

511 4730 623 4781 cat,
655 4721 700 4772 si
735 4722 816 4773 sui
860 4718 1107 4775 literedes
1132 4718 1428 4784 defuerint,
1458 4731 1514 4774 ut
1535 4724 1698 4776 docet
1720 4721 1887 4783 Gaius
1925 4722 1975 4775 in
1995 4725 2090 4779 ln-

510 4789 1069 4860 stitutionibus,titulo
1117 4790 1328 4860 decimo
1357 4801 1532 4844 sexto.
1567 4791 1706 4856 llinc
1737 4792 1916 4860 agnati
1948 4791 2085 4860 legi-

511 4859 626 4930 timi
656 4859 895 4930 haeredes
929 4861 1187 4912 dicuntur
1210 4861 1271 4930 in
1298 4859 1444 4928 jure,
1471 4875 1535 4914 eo
1561 4861 1705 4930 quod
1737 4859 1821 4915 his
1841 4861 2085 4930 solisilex

509 4928 744 5001 deferret
778 4928 1172 4985 luereditatem.
1197 4929 1431 5001 Cognati,
1459 4928 1602 4984 enim
1628 4932 1749 5001 jure
1781 4931 1929 4984 civili
1975 4929 2085 4984 lue-

507 4999 667 5070 re_d_es
693 5011 812 5070 esse
840 5015 944 5056 non
987 5008 1260 5070 poterant,
1284 4999 1376 5053 sed
1415 4999 1544 5065 jure
1578 4999 1789 5054 tantum
1830 5004 2084 5070 praetorio

506 5067 572 5140 ad
600 5068 968 5140 hmreditatem
989 5069 1352 5140 vocabantur,
1374 5070 1447 5122 uti
1464 5071 1663 5124 docent
1685 5067 2080 5140 jurisconsulti.

505 5135 676 5207 Porro
706 5137 759 5190 in
787 5139 1051 5207 cognatis,
1085 5139 1131 5191 is
1159 5139 1247 5204 qui
1275 5135 2080 5207 proximuserat'haereditatem

503 5206 776 5277 capiebat,
806 5206 1030 5276 perinde
1065 5216 1124 5261 ut
1154 5209 1211 5260 in
1243 5206 1470 5277 agnatis.
1505 5210 1610 5264 Sed
1650 5210 1940 5263 dillicultas
1998 5221 2082 5264 est.

505 5276 610 5348 hoc
651 5276 797 5348 loco,
829 5281 1048 5345 quinam
1101 5276 1326 5348 intelligi
1362 5279 1599 5348 debeant
1645 5279 1949 5348 ἀγχιστέων
1983 5297 2081 5334 vo-

503 5345 722 5418 cabulo,
759 5358 938 5418 utrum
978 5348 1158 5418 agnati
1192 5363 1258 5418 an
1283 5345 1753 5418 'cognati.77Certe‘
1794 5353 1839 5404 si
1897 5350 2074 5418 legum

504 5416 726 5469 nomine
769 5417 915 5488 leges
947 5414 1396 5488 lZ'tabularum'
1427 5417 1816 5488 intelligamus,
1852 5414 2080 5488 agnatos

502 5501 732 5560 necesse
753 5486 859 5540 erit
893 5487 1148 5557 intelligi.
1192 5486 1530 5542 Sozomenus
1562 5486 1728 5543 habet
1751 5491 1861 5554 τοῖς
1890 5486 2080 5560 Ἔγγυ-

498 5554 655 5627 τέρω-
671 5555 880 5627 γένους,

572 5625 685 5693 (12)
715 5626 968 5708 Καὶῄὄτι.
1012 5627 1083 5708 1η⁹
1119 5625 1307 5708 codice
1361 5625 1528 5708 Regio
1577 5626 1774 5697 legitur
1825 5627 1921 5682 καὶ
1971 5628 2074 5693 ἔτι,

501 5707 676 5765 quam
695 5698 1021 5765 scripturam
1070 5698 1122 5750 in
1156 5699 1603 5765 interpretatione
1627 5712 1746 5750 mea
1771 5713 1886 5751 sum
1919 5714 2076 5753 secu-

503 5762 1020 5836 tus.7lg’ri_us'tamen
1058 5767 1121 5820 in-
1153 5781 1220 5821 eo
1266 5762 1454 5822 codice
1492 5767 1756 5834 scriptum
1793 5778 1916 5821 erat
1968 5770 2070 5836 ὅτι,

500 5846 565 5886 ac
597 5834 788 5890 deinde
813 5836 1118 5894 recentiore
1155 5851 1318 5892 manu
1354 5837 1705 5894 emendatum
1737 5849 1817 5894 est
1845 5836 1951 5895 ἔτι.

2200 3330 2341 3387 quos
2374 3329 2538 3386 supra
2569 3313 2864 3368 memoravi
2893 3313 3158 3378 detinent,
3193 3320 3339 3365 recte
3386 3320 3549 3379 atque
3581 3311 3776 3364 ordine

2260 3463 2896 3540 (15)νιι18ηοῖπερῆοῖαν
2922 3466 3024 3540 erat
3036 3467 3393 3540 οἰκειότεροι,
3405 3465 3774 3540 *καὶςξὺῑςομά-

2191 3535 2942 3608 τῴχρησαλιένωνέκείνων
2952 3536 3032 3602 τῷ
3043 3537 3220 3608 τέλει.
3237 3537 3292 3590 In
3321 3537 3505 3590 codice
3518 3535 3774 3608 Mediczeo

2200 3603 2399 3682 leg-itur
2427 3603 2586 3682 οἵπερ
2615 3603 2757 3682 ἦσαν
2773 3607 3134 3682 *οἰκειότεροιχβ
3156 3607 3251 3682 Εει
3274 3608 3452 3682 autem
3481 3607 3773 3682 admodum

2193 3676 2462 3734 ob'seurus
2497 3676 2656 3744 hujus
2683 3678 2786 3732 loci
2819 3693 3034 3732 sensus.
3078 3676 3604 3744 Cltristophorsonus
3651 3677 3773 3743 qui-

2193 3750 2318 3803 dem
2352 3749 2425 3801 ita
2453 3749 2619 3802 vertit
2647 3765 2662 3801 :
2696 3747 2763 3800 Et
2796 3751 2935 3816 quod
2985 3748 3190 3800 ratione
3223 3746 3381 3799 etiam
3434 3753 3770 3816 oportetgeos

2195 3822 2500 3880 succedere,
2531 3820 2620 3886 qui
2661 3818 2764 3870 sint
2800 3814 3085 3871 domestica
3126 3816 3508 3886 consuetudine
3548 3814 3772 3882 conjun-

2191 3890 2406 3952 ctiores,
2434 3885 2638 3941 constat
2676 3904 2695 3942 :
2727 3887 3020 3956 prwsertim
3057 3902 3174 3938 cum
3220 3885 3302 3956 illi
3340 3886 3440 3952 ipsi
3475 3895 3768 3956 martyres,

2191 3973 2297 4010 non
2333 3957 2569 4010 criminis
2591 3954 2751 4010 ullius
2779 3957 3020 4021 convicti,
3043 3958 3133 4008 sed
3155 3971 3251 4009 sua
3279 3955 3483 4008 inducti
3508 3954 3771 4008 voluntate

2190 4037 2415 4080 mortem
2442 4027 2805 4096 appetiverint.
2849 4026 2954 4080 Sed
3007 4025 3174 4096 multa
3209 4026 3436 4096 suntin
3471 4025 3770 4096 hacinter-

2199 4093 3002 4165 pretationereprehendenda.
3051 4093 3234 4150 Primo
3279 4094 3423 4165 enim
3463 4094 3768 4164 αὐτόματον

2198 4163 2353 4228 τέλος
2371 4166 2440 4221 de
2468 4163 2795 4235 martyribus
2827 4167 2931 4219 dici
2962 4179 3068 4219 non
3097 4174 3296 4232 potest.
3336 4163 3662 4235 Deindenmt
3701 4166 3768 4217 de

2199 4237 2333 4289 solis
2359 4233 2691 4304 martyribus
2733 4235 2822 4289 hic
2866 4251 3046 4289 sermo
3073 4247 3176 4301 est,
3210 4235 3302 4288 sed
3337 4236 3498 4288 etiam
3528 4233 3595 4287 de
3629 4249 3763 4304 con-

2199 4303 2868 4375 fessoribus’etprol'ugis,
2893 4305 2985 4374 qui
3018 4320 3115 4358 sua
3147 4313 3318 4358 morte
3349 4304 3621 4375 obierant.
3653 4303 3765 4375 Ita-

2199 4390 2305 4445 que
2331 4383 2560 4445 praestat
2588 4374 2680 4445 hic
2713 4373 2927 4429 vertere
2949 4390 3045 4428 sua
3083 4385 3130 4426 et
3175 4373 3409 4445 naturali
3443 4373 3650 4445 marte.
3674 4373 3765 4445 Sic

2199 4439 2348 4499 enim
2393 4444 2565 4501 Graeci
2620 4444 2762 4514 loqui
2811 4445 3005 4508 solent,
3037 4453 3092 4514 et
3124 4443 3441 4514 nominatim
3496 4441 3764 4514 Eusebius

2200 4524 2408 4578 noster,
2450 4515 2504 4568 ni
2535 4512 2711 4570 fallor.
2742 4513 2982 4583 Denique
3012 4512 3374 4584 οἰκειοτέρους
3419 4513 3651 4584 pessime
3681 4514 3763 4566 in-

2197 4593 2528 4654 terpretatus
2553 4592 2634 4638 est
2650 4581 2933 4637 domestica
2951 4581 3332 4654 consueLudine
3355 4581 3759 4654 conjunctiores,

2189 4650 2314 4708 cum
2367 4653 2788 4723 propinquiores
2823 4653 3111 4723 signiticet.
3150 4651 3342 4705 Totum
3384 4650 3549 4720 igitur
3581 4651 3761 4706 locum

2187 4723 2266 4778 ita
2295 4731 2446 4778 verto
2471 4721 2487 4777 ἒ
2513 4721 2728 4776 Rationi
2751 4721 3156 4778 consintaneum
3185 4731 3280 4784 est,
3306 4732 3363 4774 ut
3385 4723 3439 4775 lii
3461 4723 3530 4774 ad
3551 4737 3762 4775 succes-

2187 4795 2388 4847 sionem
2415 4795 2646 4855 veniant,
2672 4794 2760 4862 qui
2783 4793 3183 4861 propinquiores
3210 4801 3358 4845 erant
3383 4791 3574 4860 futuri,
3605 4794 3650 4845 si
3681 4793 3762 4846 illi

2186 4880 2285 4916 sua
2308 4872 2478 4916 morte
2512 4863 2783 4916 obiissent.
2822 4862 3185 4916 Conlirmatnr
3213 4870 3394 4914 autem
3436 4871 3619 4916 nostra
3668 4864 3760 4916 iu-

2187 4934 2532 4999 terpretatio,
2559 4942 2670 4986 tum
2701 4947 2770 4988 ex
2797 4930 3008 5001 iisquae
3054 4946 3216 5001 supra
3264 4931 3394 4994 dixi,
3423 4940 3532 4984 tum
3579 4947 3643 4986 ex
3694 4947 3761 4986 eo

2185 4996 2330 5070 quod
2358 5003 2492 5073 dicit
2519 4996 2857 5073 imperator,
2899 4996 3058 5073 οἵπερ
3077 4996 3218 5073 ἦσαν
3255 5001 3597 5072 οἰκειότεροι,
3650 5018 3758 5056 ιιοιι

2186 5087 2316 5126 vero
2344 5072 2500 5127 εἰσίν.
2536 5071 2639 5125 Per
2676 5071 2798 5130 illos
2819 5081 2998 5142 autem
3028 5071 3304 5140 intelligit
3328 5071 3618 5142 martyres.

2255 5142 2530 5214 (H)Vulg.
2543 5143 2657 5214 οὐκ
2673 5142 2842 5214 ἔσται
2867 5139 3124 5214 πάντως)
3145 5139 3334 5214 Scribe
3351 5158 3418 5196 ex
3436 5139 3624 5214 codice
3649 5142 3760 5197 Mc-

2183 5210 2370 5278 dicaeo',
2399 5210 2502 5274 οὐκ
2527 5213 2677 5264 ἔσται
2735 5211 2792 5264 δὲ
2821 5210 3056 5275 πάντως.
3087 5212 3256 5266 Paulo
3279 5222 3403 5267 ante
3423 5213 3562 5266 idem
3585 5214 3754 5266 codex

2181 5284 2374 5354 scribit
2410 5282 2688 5354 pﬁ'rsjrtbv
2708 5281 3079 5354 ὁμολογητῷν,
3117 5285 3320 5354 rectius
3343 5293 3400 5336 ut
3431 5284 3484 5336 in
3517 5295 3640 5350 cap.
3661 5282 3752 5336 55.

2179 5351 2321 5425 Item
2342 5351 2481 5425 μήτε
2503 5353 2610 5425 τῶν
2639 5351 2904 5424 μετοίκων
2935 5351 3312 5425 ⁷μέντοι,γτῶν,
3333 5363 3440 5425 etc.

2251 5371 2311 5405 :m
2384 5371 2480 5425 ητε
2503 5371 2610 5406 των
2639 5371 2904 5424 μετοικων
3021 5371 3153 5416 ντοι,
3181 5371 3312 5416 των,
3333 5371 3440 5407 etc.

2251 5371 2380 5494 (ιδῗ
2404 5424 2758 5493 Προκεῖσθαι
2785 5439 2854 5492 γε
2883 5371 3029 5492 nisi:
3053 5422 3264 5478 Mallem
3314 5423 3557 5494 scribere
3590 5437 3756 5494 προσ-

2179 5491 2505 5563 missae-nt
2542 5491 2826 5548 Turnebus
2848 5491 3156 5563 etSu_vilius
3181 5493 3557 5563 emendarunt.
3576 5491 3752 5563 Atque

2180 5566 2253 5648 ita
2283 5561 2633 5648 scribiturth
2663 5564 2852 5648 cpdice
2900 5561 3037 5643 fuit.
3081 5563 3248 5618 Paulo
3289 5571 3417 5648 post
3457 5561 3510 5613 in
3549 5562 3752 5648 codice

2177 5633 2434 5706 Medicam
2461 5635 2658 5706 legitur
2682 5632 2759 5706 ᾡς
2782 5635 2834 5706 εἰ
2863 5632 2970 5685 τῶν
2997 5629 3415 5706 προειρημένων
3454 5629 3619 5692 τινές.

2247 5705 2365 5776 (lii)
2394 5697 2555 5776 Vulg.
2587 5703 2724 5776 ᾀλλῗ
2773 5703 3010 5776 ἕτοιμον
3045 5697 3179 5756 ’τό.’
3211 5697 3397 5759 Scribe
3421 5715 3506 5772 Lex
3562 5697 3751 5753 codice

2175 5769 2429 5834 Medicteo
2453 5769 2567 5831 ἀλλ’
2599 5775 2814 5846 ἕτοιμον
2847 5769 2999 5846 ᾖ’·τό,
3030 5781 3134 5828 etc.
