  <div class='ocr_page' id='page_1' title='image "/cluster/home/n/w/nwhite01/storage/ocr_20150623/20:no.2/coo.31924054873009/519.png"; bbox 0 0 4210 6424; ppageno 0'>
   <div class='ocr_carea' id='block_1_1' title="bbox 421 418 558 475">
    <p class='ocr_par' dir='ltr' id='par_1_1' title="bbox 421 418 558 475">
     <span class='ocr_line' id='line_1_1' title="bbox 421 418 558 475; baseline 0 -2"><span class='ocrx_word' id='word_1_1' title='bbox 421 418 558 475; x_wconf 74' lang='lat' dir='ltr'><strong>I015</strong></span> 
     </span>
    </p>
   </div>
   <div class='ocr_carea' id='block_1_2' title="bbox 1124 412 2947 474">
    <p class='ocr_par' dir='ltr' id='par_1_2' title="bbox 1124 412 2947 474">
     <span class='ocr_line' id='line_1_2' title="bbox 1124 412 2947 474; baseline -0.002 -3"><span class='ocrx_word' id='word_1_2' title='bbox 1124 414 1400 473; x_wconf 87' lang='lat' dir='ltr'><strong>EUSEBII</strong></span> <span class='ocrx_word' id='word_1_3' title='bbox 1438 414 1917 474; x_wconf 65' lang='lat' dir='ltr'><strong>CESARIENSIS</strong></span> <span class='ocrx_word' id='word_1_4' title='bbox 1953 415 2109 472; x_wconf 85' lang='lat' dir='ltr'><strong>OPP.</strong></span> <span class='ocrx_word' id='word_1_5' title='bbox 2150 414 2333 470; x_wconf 79' lang='lat' dir='ltr'><strong>PARS</strong></span> <span class='ocrx_word' id='word_1_6' title='bbox 2370 414 2409 469; x_wconf 95' lang='grc' dir='ltr'>Ι.</span> <span class='ocrx_word' id='word_1_7' title='bbox 2449 444 2519 455; x_wconf 92' lang='lat'><strong>-—-</strong></span> <span class='ocrx_word' id='word_1_8' title='bbox 2557 412 2947 471; x_wconf 78' lang='lat' dir='ltr'><strong>HISTOBICA.</strong></span> 
     </span>
    </p>
   </div>
   <div class='ocr_carea' id='block_1_3' title="bbox 3529 412 3671 468">
    <p class='ocr_par' dir='ltr' id='par_1_3' title="bbox 3529 412 3671 468">
     <span class='ocr_line' id='line_1_3' title="bbox 3529 412 3671 468; baseline 0.007 -2"><span class='ocrx_word' id='word_1_9' title='bbox 3529 412 3671 468; x_wconf 69' lang='lat' dir='ltr'><strong>H‘IG</strong></span> 
     </span>
    </p>
   </div>
   <div class='ocr_carea' id='block_1_4' title="bbox 420 530 2021 608">
    <p class='ocr_par' dir='ltr' id='par_1_4' title="bbox 420 535 2021 608">
     <span class='ocr_line' id='line_1_4' title="bbox 420 535 2021 608; baseline 0.001 -15"><span class='ocrx_word' id='word_1_10' title='bbox 420 555 482 593; x_wconf 79' lang='lat' dir='ltr'><strong>se</strong></span> <span class='ocrx_word' id='word_1_11' title='bbox 507 552 631 595; x_wconf 77' lang='lat' dir='ltr'><strong>esse</strong></span> <span class='ocrx_word' id='word_1_12' title='bbox 657 541 920 603; x_wconf 78' lang='lat' dir='ltr'><strong>facturos,</strong></span> <span class='ocrx_word' id='word_1_13' title='bbox 961 538 1010 592; x_wconf 80' lang='lat' dir='ltr'><strong>si</strong></span> <span class='ocrx_word' id='word_1_14' title='bbox 1063 537 1273 608; x_wconf 84' lang='lat' dir='ltr'><strong>seipsos</strong></span> <span class='ocrx_word' id='word_1_15' title='bbox 1298 535 1447 592; x_wconf 81' lang='lat' dir='ltr'><strong>ultr-0</strong></span> <span class='ocrx_word' id='word_1_16' title='bbox 1476 536 1749 605; x_wconf 80' lang='lat' dir='ltr'><strong>deferant,</strong></span> <span class='ocrx_word' id='word_1_17' title='bbox 1786 548 1842 593; x_wconf 87' lang='lat' dir='ltr'><strong>et</strong></span> <span class='ocrx_word' id='word_1_18' title='bbox 1874 553 1991 592; x_wconf 89' lang='lat' dir='ltr'><strong>rem</strong></span> <span class='ocrx_word' id='word_1_19' title='bbox 2020 592 2021 595; x_wconf 44' lang='grc' dir='ltr'><strong>η</strong></span> 
     </span>
    </p>
   </div>
   <div class='ocr_carea' id='block_1_5' title="bbox 2106 530 3672 608">
    <p class='ocr_par' dir='ltr' id='par_1_5' title="bbox 2106 530 3672 605">
     <span class='ocr_line' id='line_1_5' title="bbox 2106 530 3672 605; baseline -0.004 -16"><span class='ocrx_word' id='word_1_20' title='bbox 2106 538 2207 600; x_wconf 83' lang='grc' dir='ltr'>ιοϊς</span> <span class='ocrx_word' id='word_1_21' title='bbox 2240 536 2336 589; x_wconf 83' lang='grc' dir='ltr'><strong>καὶ</strong></span> <span class='ocrx_word' id='word_1_22' title='bbox 2365 532 2796 589; x_wconf 77' lang='grc' dir='ltr'><strong>ἀποκαθιστάναι</strong></span> <span class='ocrx_word' id='word_1_23' title='bbox 2847 533 2944 587; x_wconf 77' lang='grc' dir='ltr'>σὺν</span> <span class='ocrx_word' id='word_1_24' title='bbox 2987 530 3137 605; x_wconf 84' lang='grc' dir='ltr'>πάσῃ</span> <span class='ocrx_word' id='word_1_25' title='bbox 3179 533 3247 603; x_wconf 76' lang='grc' dir='ltr'>τῇ</span> <span class='ocrx_word' id='word_1_26' title='bbox 3283 530 3564 602; x_wconf 74' lang='grc' dir='ltr'><strong>ταχυτῆτι.</strong></span> <span class='ocrx_word' id='word_1_27' title='bbox 3606 530 3672 582; x_wconf 80' lang='lat' dir='ltr'><strong>Et</strong></span> 
     </span>
    </p>
   </div>
   <div class='ocr_carea' id='block_1_6' title="bbox 419 626 1990 698">
    <p class='ocr_par' dir='ltr' id='par_1_6' title="bbox 419 626 1990 698">
     <span class='ocr_line' id='line_1_6' title="bbox 419 626 1990 698; baseline -0.001 -14"><span class='ocrx_word' id='word_1_28' title='bbox 419 626 628 698; x_wconf 76' lang='lat' dir='ltr'><strong>alisque</strong></span> <span class='ocrx_word' id='word_1_29' title='bbox 661 628 768 684; x_wconf 89' lang='lat' dir='ltr'><strong>ulla</strong></span> <span class='ocrx_word' id='word_1_30' title='bbox 812 629 1070 684; x_wconf 76' lang='lat' dir='ltr'><strong>dilatione</strong></span> <span class='ocrx_word' id='word_1_31' title='bbox 1112 629 1430 686; x_wconf 89' lang='lat' dir='ltr'><strong>restituant.</strong></span> <span class='ocrx_word' id='word_1_32' title='bbox 1482 628 1560 684; x_wconf 82' lang='lat' dir='ltr'><strong>Ac</strong></span> <span class='ocrx_word' id='word_1_33' title='bbox 1594 628 1812 684; x_wconf 79' lang='lat' dir='ltr'><strong>tametsi</strong></span> <span class='ocrx_word' id='word_1_34' title='bbox 1855 644 1990 683; x_wconf 86' lang='lat' dir='ltr'><strong>non-</strong></span> 
     </span>
    </p>
   </div>
   <div class='ocr_carea' id='block_1_7' title="bbox 421 719 1994 790">
    <p class='ocr_par' dir='ltr' id='par_1_7' title="bbox 421 719 1994 790">
     <span class='ocr_line' id='line_1_7' title="bbox 421 719 1994 790; baseline -0.001 -15"><span class='ocrx_word' id='word_1_35' title='bbox 421 719 555 775; x_wconf 83' lang='lat' dir='ltr'><strong>nulli</strong></span> <span class='ocrx_word' id='word_1_36' title='bbox 581 720 997 789; x_wconf 86' lang='lat' dir='ltr'><strong>haudquaquam</strong></span> <span class='ocrx_word' id='word_1_37' title='bbox 1024 733 1091 774; x_wconf 91' lang='lat' dir='ltr'><strong>ex</strong></span> <span class='ocrx_word' id='word_1_38' title='bbox 1116 719 1259 790; x_wconf 85' lang='lat' dir='ltr'><strong>justa</strong></span> <span class='ocrx_word' id='word_1_39' title='bbox 1289 719 1653 790; x_wconf 80' lang='lat' dir='ltr'><strong>possessionis</strong></span> <span class='ocrx_word' id='word_1_40' title='bbox 1683 734 1849 775; x_wconf 88' lang='lat' dir='ltr'><strong>causa</strong></span> <span class='ocrx_word' id='word_1_41' title='bbox 1881 734 1994 773; x_wconf 81' lang='lat' dir='ltr'><strong>ma-</strong></span> 
     </span>
    </p>
   </div>
   <div class='ocr_carea' id='block_1_8' title="bbox 422 808 1992 883">
    <p class='ocr_par' dir='ltr' id='par_1_8' title="bbox 422 808 1992 883">
     <span class='ocr_line' id='line_1_8' title="bbox 422 808 1992 883; baseline -0.003 -16"><span class='ocrx_word' id='word_1_42' title='bbox 422 829 558 883; x_wconf 74' lang='lat' dir='ltr'><strong>gnos</strong></span> <span class='ocrx_word' id='word_1_43' title='bbox 595 813 804 868; x_wconf 83' lang='lat' dir='ltr'><strong>fructus</strong></span> <span class='ocrx_word' id='word_1_44' title='bbox 852 827 1041 867; x_wconf 90' lang='lat' dir='ltr'><strong>earum</strong></span> <span class='ocrx_word' id='word_1_45' title='bbox 1087 825 1269 865; x_wconf 86' lang='lat' dir='ltr'><strong>rerum</strong></span> <span class='ocrx_word' id='word_1_46' title='bbox 1322 808 1632 879; x_wconf 85' lang='lat' dir='ltr'><strong>percepisse</strong></span> <span class='ocrx_word' id='word_1_47' title='bbox 1680 808 1992 873; x_wconf 84' lang='lat' dir='ltr'><strong>videantur,</strong></span> 
     </span>
    </p>
   </div>
   <div class='ocr_carea' id='block_1_9' title="bbox 422 901 1994 971">
    <p class='ocr_par' dir='ltr' id='par_1_9' title="bbox 422 901 1994 971">
     <span class='ocr_line' id='line_1_9' title="bbox 422 901 1994 971; baseline -0.003 -11"><span class='ocrx_word' id='word_1_48' title='bbox 422 920 518 960; x_wconf 90' lang='lat' dir='ltr'><strong>eos</strong></span> <span class='ocrx_word' id='word_1_49' title='bbox 558 916 737 959; x_wconf 75' lang='lat' dir='ltr'><strong>tamen</strong></span> <span class='ocrx_word' id='word_1_50' title='bbox 780 904 990 959; x_wconf 78' lang='lat' dir='ltr'><strong>fructus</strong></span> <span class='ocrx_word' id='word_1_51' title='bbox 1017 902 1086 957; x_wconf 89' lang='lat' dir='ltr'><strong>ab</strong></span> <span class='ocrx_word' id='word_1_52' title='bbox 1119 901 1226 957; x_wconf 83' lang='lat' dir='ltr'><strong>illis</strong></span> <span class='ocrx_word' id='word_1_53' title='bbox 1268 902 1467 970; x_wconf 84' lang='lat' dir='ltr'><strong>repeti,</strong></span> <span class='ocrx_word' id='word_1_54' title='bbox 1515 901 1738 956; x_wconf 89' lang='lat' dir='ltr'><strong>minime</strong></span> <span class='ocrx_word' id='word_1_55' title='bbox 1780 915 1994 971; x_wconf 63' lang='lat' dir='ltr'><strong>aequum</strong></span> 
     </span>
    </p>
   </div>
   <div class='ocr_carea' id='block_1_10' title="bbox 424 995 824 1052">
    <p class='ocr_par' dir='ltr' id='par_1_10' title="bbox 424 995 824 1052">
     <span class='ocr_line' id='line_1_10' title="bbox 424 995 824 1052; baseline -0.008 -2"><span class='ocrx_word' id='word_1_56' title='bbox 424 995 824 1052; x_wconf 53' lang='lat' dir='ltr'><strong>arbitramur.)</strong></span> 
     </span>
    </p>
   </div>
   <div class='ocr_carea' id='block_1_11' title="bbox 929 1082 1490 1141">
    <p class='ocr_par' dir='ltr' id='par_1_11' title="bbox 929 1082 1490 1141">
     <span class='ocr_line' id='line_1_11' title="bbox 929 1082 1490 1141; baseline -0.011 0"><span class='ocrx_word' id='word_1_57' title='bbox 929 1082 1159 1141; x_wconf 79' lang='lat' dir='ltr'><strong>CAPUT</strong></span> <span class='ocrx_word' id='word_1_58' title='bbox 1195 1082 1490 1137; x_wconf 79' lang='lat' dir='ltr'><strong>XXXVIII.</strong></span> 
     </span>
    </p>
   </div>
   <div class='ocr_carea' id='block_1_12' title="bbox 598 1174 1818 1246">
    <p class='ocr_par' dir='ltr' id='par_1_12' title="bbox 598 1174 1818 1246">
     <span class='ocr_line' id='line_1_12' title="bbox 598 1174 1818 1246; baseline -0.004 -14"><span class='ocrx_word' id='word_1_59' title='bbox 598 1178 875 1245; x_wconf 81' lang='lat' dir='ltr'><strong>Quomodo</strong></span> <span class='ocrx_word' id='word_1_60' title='bbox 897 1191 1052 1246; x_wconf 77' lang='lat' dir='ltr'><strong>super</strong></span> <span class='ocrx_word' id='word_1_61' title='bbox 1074 1176 1154 1230; x_wconf 78' lang='lat' dir='ltr'><strong>his</strong></span> <span class='ocrx_word' id='word_1_62' title='bbox 1188 1174 1389 1229; x_wconf 74' lang='lat' dir='ltr'><strong>libellos</strong></span> <span class='ocrx_word' id='word_1_63' title='bbox 1415 1175 1537 1229; x_wconf 82' lang='lat' dir='ltr'><strong>dari</strong></span> <span class='ocrx_word' id='word_1_64' title='bbox 1560 1182 1818 1243; x_wconf 81' lang='lat' dir='ltr'><strong>oporteat.</strong></span> 
     </span>
    </p>
   </div>
   <div class='ocr_carea' id='block_1_13' title="bbox 501 1265 1998 1337">
    <p class='ocr_par' dir='ltr' id='par_1_13' title="bbox 501 1265 1998 1337">
     <span class='ocr_line' id='line_1_13' title="bbox 501 1265 1998 1337; baseline -0.003 -15"><span class='ocrx_word' id='word_1_65' title='bbox 501 1288 520 1322; x_wconf 77' lang='grc' dir='ltr'>ι</span> <span class='ocrx_word' id='word_1_66' title='bbox 554 1269 750 1324; x_wconf 86' lang='lat' dir='ltr'><strong>Verum</strong></span> <span class='ocrx_word' id='word_1_67' title='bbox 791 1267 893 1337; x_wconf 84' lang='lat' dir='ltr'><strong>ipsi</strong></span> <span class='ocrx_word' id='word_1_68' title='bbox 918 1268 1060 1323; x_wconf 91' lang='lat' dir='ltr'><strong>unde</strong></span> <span class='ocrx_word' id='word_1_69' title='bbox 1085 1277 1142 1322; x_wconf 92' lang='lat' dir='ltr'><strong>et</strong></span> <span class='ocrx_word' id='word_1_70' title='bbox 1168 1275 1404 1336; x_wconf 87' lang='lat' dir='ltr'><strong>quantos</strong></span> <span class='ocrx_word' id='word_1_71' title='bbox 1436 1265 1648 1321; x_wconf 79' lang='lat' dir='ltr'><strong>fructus</strong></span> <span class='ocrx_word' id='word_1_72' title='bbox 1683 1265 1998 1335; x_wconf 79' lang='lat' dir='ltr'><strong>collegerint</strong></span> 
     </span>
    </p>
   </div>
   <div class='ocr_carea' id='block_1_14' title="bbox 426 1358 1996 1431">
    <p class='ocr_par' dir='ltr' id='par_1_14' title="bbox 426 1358 1996 1431">
     <span class='ocr_line' id='line_1_14' title="bbox 426 1358 1996 1431; baseline -0.003 -14"><span class='ocrx_word' id='word_1_73' title='bbox 426 1364 661 1430; x_wconf 73' lang='lat' dir='ltr'><strong>ingenue</strong></span> <span class='ocrx_word' id='word_1_74' title='bbox 688 1361 1028 1431; x_wconf 89' lang='lat' dir='ltr'><strong>proﬁtentes,</strong></span> <span class='ocrx_word' id='word_1_75' title='bbox 1061 1359 1242 1415; x_wconf 84' lang='lat' dir='ltr'><strong>delicti</strong></span> <span class='ocrx_word' id='word_1_76' title='bbox 1287 1358 1370 1414; x_wconf 88' lang='lat' dir='ltr'><strong>sui</strong></span> <span class='ocrx_word' id='word_1_77' title='bbox 1404 1359 1616 1412; x_wconf 81' lang='lat' dir='ltr'><strong>veniam</strong></span> <span class='ocrx_word' id='word_1_78' title='bbox 1646 1374 1676 1411; x_wconf 88' lang='lat' dir='ltr'><strong>a</strong></span> <span class='ocrx_word' id='word_1_79' title='bbox 1702 1358 1861 1414; x_wconf 87' lang='lat' dir='ltr'><strong>nobis</strong></span> <span class='ocrx_word' id='word_1_80' title='bbox 1893 1358 1996 1413; x_wconf 82' lang='lat' dir='ltr'><strong>sibi</strong></span> 
     </span>
    </p>
   </div>
   <div class='ocr_carea' id='block_1_15' title="bbox 424 1449 2001 1521">
    <p class='ocr_par' dir='ltr' id='par_1_15' title="bbox 424 1449 2001 1521">
     <span class='ocr_line' id='line_1_15' title="bbox 424 1449 2001 1521; baseline -0.001 -14"><span class='ocrx_word' id='word_1_81' title='bbox 424 1453 654 1508; x_wconf 85' lang='lat' dir='ltr'><strong>concedi</strong></span> <span class='ocrx_word' id='word_1_82' title='bbox 685 1451 1004 1521; x_wconf 87' lang='lat' dir='ltr'><strong>postulent:</strong></span> <span class='ocrx_word' id='word_1_83' title='bbox 1063 1458 1124 1505; x_wconf 89' lang='lat' dir='ltr'><strong>ut</strong></span> <span class='ocrx_word' id='word_1_84' title='bbox 1169 1460 1225 1504; x_wconf 90' lang='lat' dir='ltr'><strong>et</strong></span> <span class='ocrx_word' id='word_1_85' title='bbox 1269 1450 1500 1518; x_wconf 87' lang='lat' dir='ltr'><strong>pristina</strong></span> <span class='ocrx_word' id='word_1_86' title='bbox 1539 1451 1769 1504; x_wconf 89' lang='lat' dir='ltr'><strong>avaritia</strong></span> <span class='ocrx_word' id='word_1_87' title='bbox 1812 1449 2001 1517; x_wconf 88' lang='lat' dir='ltr'><strong>hujus-</strong></span> 
     </span>
    </p>
   </div>
   <div class='ocr_carea' id='block_1_16' title="bbox 425 1539 1995 1609">
    <p class='ocr_par' dir='ltr' id='par_1_16' title="bbox 425 1539 1995 1609">
     <span class='ocr_line' id='line_1_16' title="bbox 425 1539 1995 1609; baseline 0.001 -16"><span class='ocrx_word' id='word_1_88' title='bbox 425 1539 576 1594; x_wconf 88' lang='lat' dir='ltr'><strong>modi</strong></span> <span class='ocrx_word' id='word_1_89' title='bbox 608 1539 989 1595; x_wconf 85' lang='lat' dir='ltr'><strong>emendatione</strong></span> <span class='ocrx_word' id='word_1_90' title='bbox 1014 1539 1369 1603; x_wconf 83' lang='lat' dir='ltr'><strong>dissolvatur,</strong></span> <span class='ocrx_word' id='word_1_91' title='bbox 1406 1547 1461 1593; x_wconf 91' lang='lat' dir='ltr'><strong>et</strong></span> <span class='ocrx_word' id='word_1_92' title='bbox 1508 1540 1649 1594; x_wconf 87' lang='lat' dir='ltr'><strong>Deus</strong></span> <span class='ocrx_word' id='word_1_93' title='bbox 1690 1539 1815 1609; x_wconf 88' lang='lat' dir='ltr'><strong>Opt.</strong></span> <span class='ocrx_word' id='word_1_94' title='bbox 1849 1539 1995 1594; x_wconf 80' lang='lat' dir='ltr'><strong>Max.</strong></span> 
     </span>
    </p>
   </div>
   <div class='ocr_carea' id='block_1_17' title="bbox 428 1628 1996 1700">
    <p class='ocr_par' dir='ltr' id='par_1_17' title="bbox 428 1628 1996 1700">
     <span class='ocr_line' id='line_1_17' title="bbox 428 1628 1996 1700; baseline 0.001 -17"><span class='ocrx_word' id='word_1_95' title='bbox 428 1631 569 1685; x_wconf 87' lang='lat' dir='ltr'><strong>hanc</strong></span> <span class='ocrx_word' id='word_1_96' title='bbox 609 1628 757 1685; x_wconf 85' lang='lat' dir='ltr'><strong>velut</strong></span> <span class='ocrx_word' id='word_1_97' title='bbox 803 1631 1138 1700; x_wconf 61' lang='lat' dir='ltr'><strong>paenitentiae</strong></span> <span class='ocrx_word' id='word_1_98' title='bbox 1188 1629 1463 1700; x_wconf 86' lang='lat' dir='ltr'><strong>cujusdam</strong></span> <span class='ocrx_word' id='word_1_99' title='bbox 1508 1632 1625 1685; x_wconf 93' lang='lat' dir='ltr'><strong>loco</strong></span> <span class='ocrx_word' id='word_1_100' title='bbox 1662 1631 1996 1686; x_wconf 81' lang='lat' dir='ltr'><strong>satisfactio-</strong></span> 
     </span>
    </p>
   </div>
   <div class='ocr_carea' id='block_1_18' title="bbox 426 1705 2014 1792">
    <p class='ocr_par' dir='ltr' id='par_1_18' title="bbox 426 1705 2014 1792">
     <span class='ocr_line' id='line_1_18' title="bbox 426 1705 2014 1792; baseline 0.003 -19"><span class='ocrx_word' id='word_1_101' title='bbox 426 1734 549 1774; x_wconf 89' lang='lat' dir='ltr'><strong>nem</strong></span> <span class='ocrx_word' id='word_1_102' title='bbox 573 1720 867 1789; x_wconf 87' lang='lat' dir='ltr'><strong>accipiens,</strong></span> <span class='ocrx_word' id='word_1_103' title='bbox 902 1720 1100 1775; x_wconf 85' lang='lat' dir='ltr'><strong>erratis</strong></span> <span class='ocrx_word' id='word_1_104' title='bbox 1131 1721 1398 1791; x_wconf 83' lang='lat' dir='ltr'><strong>benignus</strong></span> <span class='ocrx_word' id='word_1_105' title='bbox 1431 1721 1697 1792; x_wconf 77' lang='lat' dir='ltr'><strong>ignoscat.</strong></span> <span class='ocrx_word' id='word_1_106' title='bbox 1734 1721 1839 1778; x_wconf 88' lang='lat' dir='ltr'><strong>Sed</strong></span> <span class='ocrx_word' id='word_1_107' title='bbox 1885 1705 2014 1778; x_wconf 71' lang='grc' dir='ltr'><strong>[οι-αι’</strong></span> 
     </span>
    </p>
   </div>
   <div class='ocr_carea' id='block_1_19' title="bbox 427 1809 1996 1884">
    <p class='ocr_par' dir='ltr' id='par_1_19' title="bbox 427 1809 1996 1884">
     <span class='ocr_line' id='line_1_19' title="bbox 427 1809 1996 1884; baseline 0.004 -22"><span class='ocrx_word' id='word_1_108' title='bbox 427 1818 574 1863; x_wconf 88' lang='lat' dir='ltr'><strong>tasse</strong></span> <span class='ocrx_word' id='word_1_109' title='bbox 603 1824 701 1879; x_wconf 90' lang='lat' dir='ltr'><strong>pro</strong></span> <span class='ocrx_word' id='word_1_110' title='bbox 723 1809 1039 1865; x_wconf 76' lang='lat' dir='ltr'><strong>defensione</strong></span> <span class='ocrx_word' id='word_1_111' title='bbox 1061 1825 1161 1864; x_wconf 89' lang='lat' dir='ltr'><strong>sua</strong></span> <span class='ocrx_word' id='word_1_112' title='bbox 1195 1812 1593 1879; x_wconf 62' lang='lat' dir='ltr'><strong>prmtendentes</strong></span> <span class='ocrx_word' id='word_1_113' title='bbox 1622 1813 1675 1866; x_wconf 88' lang='lat' dir='ltr'><strong>id</strong></span> <span class='ocrx_word' id='word_1_114' title='bbox 1703 1813 1996 1884; x_wconf 87' lang='lat' dir='ltr'><strong>dicentqui</strong></span> 
     </span>
    </p>
   </div>
   <div class='ocr_carea' id='block_1_20' title="bbox 2093 620 3674 699">
    <p class='ocr_par' dir='ltr' id='par_1_20' title="bbox 2093 620 3674 699">
     <span class='ocr_line' id='line_1_20' title="bbox 2093 620 3674 699; baseline -0.006 -18"><span class='ocrx_word' id='word_1_115' title='bbox 2093 627 2202 699; x_wconf 87' lang='grc' dir='ltr'><strong>γὰρ</strong></span> <span class='ocrx_word' id='word_1_116' title='bbox 2233 628 2327 680; x_wconf 75' lang='grc' dir='ltr'><strong>καὶ</strong></span> <span class='ocrx_word' id='word_1_117' title='bbox 2356 626 2426 680; x_wconf 87' lang='grc' dir='ltr'><strong>τά</strong></span> <span class='ocrx_word' id='word_1_118' title='bbox 2453 625 2688 697; x_wconf 90' lang='grc' dir='ltr'>μάλιστα</span> <span class='ocrx_word' id='word_1_119' title='bbox 2715 622 2827 694; x_wconf 85' lang='lat' dir='ltr'><strong>(I7)</strong></span> <span class='ocrx_word' id='word_1_120' title='bbox 2856 623 3076 693; x_wconf 83' lang='grc' dir='ltr'>φανεῖέν</span> <span class='ocrx_word' id='word_1_121' title='bbox 3102 627 3247 686; x_wconf 75' lang='grc' dir='ltr'>τινες</span> <span class='ocrx_word' id='word_1_122' title='bbox 3270 622 3330 687; x_wconf 79' lang='grc' dir='ltr'>ἐξ</span> <span class='ocrx_word' id='word_1_123' title='bbox 3359 620 3542 675; x_wconf 85' lang='grc' dir='ltr'>αὐτῶν</span> <span class='ocrx_word' id='word_1_124' title='bbox 3565 620 3674 673; x_wconf 77' lang='grc' dir='ltr'><strong>ἀπὸ</strong></span> 
     </span>
    </p>
   </div>
   <div class='ocr_carea' id='block_1_21' title="bbox 2092 709 3674 782">
    <p class='ocr_par' dir='ltr' id='par_1_21' title="bbox 2092 709 3674 782">
     <span class='ocr_line' id='line_1_21' title="bbox 2092 709 3674 782; baseline -0.003 -15"><span class='ocrx_word' id='word_1_125' title='bbox 2092 713 2193 782; x_wconf 81' lang='grc' dir='ltr'>τῆς</span> <span class='ocrx_word' id='word_1_126' title='bbox 2226 712 2287 765; x_wconf 84' lang='grc' dir='ltr'><strong>οὐ</strong></span> <span class='ocrx_word' id='word_1_127' title='bbox 2318 712 2538 775; x_wconf 79' lang='grc' dir='ltr'><strong>δικαίας</strong></span> <span class='ocrx_word' id='word_1_128' title='bbox 2565 711 2883 773; x_wconf 73' lang='grc' dir='ltr'><strong>δεσποτείας</strong></span> <span class='ocrx_word' id='word_1_129' title='bbox 2904 710 3076 765; x_wconf 85' lang='grc' dir='ltr'>πολλὰ</span> <span class='ocrx_word' id='word_1_130' title='bbox 3099 709 3545 782; x_wconf 83' lang='grc' dir='ltr'>καρπωσάμενοι,</span> <span class='ocrx_word' id='word_1_131' title='bbox 3580 711 3674 762; x_wconf 78' lang='grc' dir='ltr'>καὶ</span> 
     </span>
    </p>
   </div>
   <div class='ocr_carea' id='block_1_22' title="bbox 2092 799 3673 874">
    <p class='ocr_par' dir='ltr' id='par_1_22' title="bbox 2092 799 3673 874">
     <span class='ocr_line' id='line_1_22' title="bbox 2092 799 3673 874; baseline -0.003 -17"><span class='ocrx_word' id='word_1_132' title='bbox 2092 803 2347 874; x_wconf 85' lang='grc' dir='ltr'>γενέσθαι</span> <span class='ocrx_word' id='word_1_133' title='bbox 2397 801 2601 857; x_wconf 83' lang='grc' dir='ltr'>τούτων</span> <span class='ocrx_word' id='word_1_134' title='bbox 2645 802 2745 868; x_wconf 78' lang='grc' dir='ltr'>τὴν</span> <span class='ocrx_word' id='word_1_135' title='bbox 2798 801 3096 874; x_wconf 78' lang='grc' dir='ltr'>ἀπαίτησιν</span> <span class='ocrx_word' id='word_1_136' title='bbox 3141 803 3305 873; x_wconf 82' lang='grc' dir='ltr'><strong>ἡμεῖς</strong></span> <span class='ocrx_word' id='word_1_137' title='bbox 3347 800 3409 854; x_wconf 84' lang='grc' dir='ltr'>οὐ</span> <span class='ocrx_word' id='word_1_138' title='bbox 3458 799 3673 857; x_wconf 73' lang='grc' dir='ltr'>δικαίαν</span> 
     </span>
    </p>
   </div>
   <div class='ocr_carea' id='block_1_23' title="bbox 2094 896 2404 968">
    <p class='ocr_par' dir='ltr' id='par_1_23' title="bbox 2094 896 2404 968">
     <span class='ocr_line' id='line_1_23' title="bbox 2094 896 2404 968; baseline -0.006 -17"><span class='ocrx_word' id='word_1_139' title='bbox 2094 896 2370 968; x_wconf 80' lang='grc' dir='ltr'><strong>κρίνομεν.</strong></span> <span class='ocrx_word' id='word_1_140' title='bbox 2385 915 2404 948; x_wconf 75' lang='grc' dir='ltr'><strong>ι</strong></span> 
     </span>
    </p>
   </div>
   <div class='ocr_carea' id='block_1_24' title="bbox 2598 1081 3163 1135">
    <p class='ocr_par' dir='ltr' id='par_1_24' title="bbox 2598 1081 3163 1135">
     <span class='ocr_line' id='line_1_24' title="bbox 2598 1081 3163 1135; baseline 0.002 -1"><span class='ocrx_word' id='word_1_141' title='bbox 2598 1081 2995 1135; x_wconf 77' lang='grc' dir='ltr'><strong>ΚΕΦΑΛΑΙΟΝ</strong></span> <span class='ocrx_word' id='word_1_142' title='bbox 3034 1081 3163 1135; x_wconf 78' lang='grc' dir='ltr'><strong>ΑΠ’.</strong></span> 
     </span>
    </p>
   </div>
   <div class='ocr_carea' id='block_1_25' title="bbox 2098 1170 3672 1241">
    <p class='ocr_par' dir='ltr' id='par_1_25' title="bbox 2098 1170 3672 1241">
     <span class='ocr_line' id='line_1_25' title="bbox 2098 1170 3672 1241; baseline 0.001 -16"><span class='ocrx_word' id='word_1_143' title='bbox 2098 1172 2253 1238; x_wconf 86' lang='grc' dir='ltr'>Ποίφ</span> <span class='ocrx_word' id='word_1_144' title='bbox 2277 1172 2474 1240; x_wconf 81' lang='grc' dir='ltr'>τρόπῳ</span> <span class='ocrx_word' id='word_1_145' title='bbox 2505 1170 2601 1225; x_wconf 82' lang='grc' dir='ltr'><strong>δεῖ</strong></span> <span class='ocrx_word' id='word_1_146' title='bbox 2630 1172 2763 1240; x_wconf 74' lang='grc' dir='ltr'>περὶ</span> <span class='ocrx_word' id='word_1_147' title='bbox 2801 1173 3029 1226; x_wconf 73' lang='grc' dir='ltr'>τούτων</span> <span class='ocrx_word' id='word_1_148' title='bbox 3050 1172 3380 1228; x_wconf 75' lang='grc' dir='ltr'><strong>ἐπιδιδόναι</strong></span> <span class='ocrx_word' id='word_1_149' title='bbox 3409 1172 3672 1241; x_wconf 78' lang='grc' dir='ltr'><strong>δεήσεις.</strong></span> 
     </span>
    </p>
   </div>
   <div class='ocr_carea' id='block_1_26' title="bbox 2172 1262 3676 1334">
    <p class='ocr_par' dir='ltr' id='par_1_26' title="bbox 2172 1262 3676 1334">
     <span class='ocr_line' id='line_1_26' title="bbox 2172 1262 3676 1334; baseline 0.001 -19"><span class='ocrx_word' id='word_1_150' title='bbox 2172 1283 2191 1315; x_wconf 74' lang='grc' dir='ltr'>ι</span> <span class='ocrx_word' id='word_1_151' title='bbox 2205 1264 2397 1334; x_wconf 83' lang='grc' dir='ltr'>Ὅμως</span> <span class='ocrx_word' id='word_1_152' title='bbox 2415 1280 2477 1332; x_wconf 92' lang='grc' dir='ltr'><strong>γε</strong></span> <span class='ocrx_word' id='word_1_153' title='bbox 2499 1262 2603 1334; x_wconf 80' lang='grc' dir='ltr'><strong>μὴν</strong></span> <span class='ocrx_word' id='word_1_154' title='bbox 2627 1264 2779 1317; x_wconf 76' lang='grc' dir='ltr'>αὐτοὶ</span> <span class='ocrx_word' id='word_1_155' title='bbox 2794 1264 2969 1318; x_wconf 87' lang='grc' dir='ltr'>όπόσα</span> <span class='ocrx_word' id='word_1_156' title='bbox 2988 1282 3048 1318; x_wconf 88' lang='grc' dir='ltr'><strong>τε</strong></span> <span class='ocrx_word' id='word_1_157' title='bbox 3070 1265 3165 1319; x_wconf 77' lang='grc' dir='ltr'>καὶ</span> <span class='ocrx_word' id='word_1_158' title='bbox 3177 1264 3371 1318; x_wconf 80' lang='grc' dir='ltr'>ὁπόθεν</span> <span class='ocrx_word' id='word_1_159' title='bbox 3390 1263 3676 1329; x_wconf 75' lang='grc' dir='ltr'><strong>συνέλεξαν</strong></span> 
     </span>
    </p>
   </div>
   <div class='ocr_carea' id='block_1_27' title="bbox 2097 1351 3674 1424">
    <p class='ocr_par' dir='ltr' id='par_1_27' title="bbox 2097 1351 3674 1424">
     <span class='ocr_line' id='line_1_27' title="bbox 2097 1351 3674 1424; baseline 0.001 -19"><span class='ocrx_word' id='word_1_160' title='bbox 2097 1352 2429 1421; x_wconf 77' lang='grc' dir='ltr'>ἐπιγνόντες,</span> <span class='ocrx_word' id='word_1_161' title='bbox 2456 1351 2534 1423; x_wconf 84' lang='grc' dir='ltr'>τῷ</span> <span class='ocrx_word' id='word_1_162' title='bbox 2564 1354 2920 1424; x_wconf 82' lang='grc' dir='ltr'><strong>ἁμαρτήματι</strong></span> <span class='ocrx_word' id='word_1_163' title='bbox 2949 1353 3126 1424; x_wconf 86' lang='grc' dir='ltr'>τούτῳ</span> <span class='ocrx_word' id='word_1_164' title='bbox 3161 1351 3506 1424; x_wconf 80' lang='grc' dir='ltr'><strong>συγχώρησιν</strong></span> <span class='ocrx_word' id='word_1_165' title='bbox 3520 1353 3674 1422; x_wconf 83' lang='grc' dir='ltr'>γενέ-</span> 
     </span>
    </p>
   </div>
   <div class='ocr_carea' id='block_1_28' title="bbox 2098 1443 3678 1517">
    <p class='ocr_par' dir='ltr' id='par_1_28' title="bbox 2098 1443 3678 1517">
     <span class='ocr_line' id='line_1_28' title="bbox 2098 1443 3678 1517; baseline 0.001 -21"><span class='ocrx_word' id='word_1_166' title='bbox 2098 1443 2219 1497; x_wconf 92' lang='grc' dir='ltr'>σθαι</span> <span class='ocrx_word' id='word_1_167' title='bbox 2237 1445 2366 1515; x_wconf 86' lang='grc' dir='ltr'>παρ’</span> <span class='ocrx_word' id='word_1_168' title='bbox 2382 1443 2540 1515; x_wconf 83' lang='grc' dir='ltr'>ἡμῶν</span> <span class='ocrx_word' id='word_1_169' title='bbox 2559 1443 2924 1515; x_wconf 73' lang='grc' dir='ltr'>δεηθήτωσαψ</span> <span class='ocrx_word' id='word_1_170' title='bbox 2944 1446 3092 1510; x_wconf 84' lang='grc' dir='ltr'>ὅπως</span> <span class='ocrx_word' id='word_1_171' title='bbox 3110 1447 3226 1511; x_wconf 72' lang='grc' dir='ltr'>ἅμα</span> <span class='ocrx_word' id='word_1_172' title='bbox 3246 1445 3344 1517; x_wconf 82' lang='grc' dir='ltr'><strong>μὲν</strong></span> <span class='ocrx_word' id='word_1_173' title='bbox 3366 1447 3433 1517; x_wconf 81' lang='grc' dir='ltr'><strong>τῇ</strong></span> <span class='ocrx_word' id='word_1_174' title='bbox 3451 1443 3678 1517; x_wconf 82' lang='grc' dir='ltr'>τοιαύτῃ</span> 
     </span>
    </p>
   </div>
   <div class='ocr_carea' id='block_1_29' title="bbox 2094 1534 3675 1608">
    <p class='ocr_par' dir='ltr' id='par_1_29' title="bbox 2094 1534 3675 1608">
     <span class='ocr_line' id='line_1_29' title="bbox 2094 1534 3675 1608; baseline -0.001 -19"><span class='ocrx_word' id='word_1_175' title='bbox 2094 1534 2441 1608; x_wconf 87' lang='grc' dir='ltr'>διορθώσειή</span> <span class='ocrx_word' id='word_1_176' title='bbox 2499 1535 2754 1605; x_wconf 83' lang='grc' dir='ltr'><strong>φθάσασα</strong></span> <span class='ocrx_word' id='word_1_177' title='bbox 2801 1537 2924 1608; x_wconf 80' lang='grc' dir='ltr'>ἰαθῇ</span> <span class='ocrx_word' id='word_1_178' title='bbox 2971 1536 3246 1603; x_wconf 82' lang='grc' dir='ltr'>πλεονεξία</span> <span class='ocrx_word' id='word_1_179' title='bbox 3304 1536 3436 1608; x_wconf 88' lang='grc'><strong>(18),</strong></span> <span class='ocrx_word' id='word_1_180' title='bbox 3476 1535 3675 1607; x_wconf 54' lang='lat' dir='ltr'><strong>suae:</strong></span> 
     </span>
    </p>
   </div>
   <div class='ocr_carea' id='block_1_30' title="bbox 2094 1624 3680 1700">
    <p class='ocr_par' dir='ltr' id='par_1_30' title="bbox 2094 1624 3680 1700">
     <span class='ocr_line' id='line_1_30' title="bbox 2094 1624 3680 1700; baseline -0.001 -19"><span class='ocrx_word' id='word_1_181' title='bbox 2094 1629 2124 1681; x_wconf 84' lang='grc' dir='ltr'><strong><em>ὁ</em></strong></span> <span class='ocrx_word' id='word_1_182' title='bbox 2169 1628 2425 1698; x_wconf 83' lang='grc' dir='ltr'>μέγιστος</span> <span class='ocrx_word' id='word_1_183' title='bbox 2457 1627 2610 1692; x_wconf 83' lang='grc' dir='ltr'>Θεὸς,</span> <span class='ocrx_word' id='word_1_184' title='bbox 2651 1624 2761 1686; x_wconf 74' lang='grc' dir='ltr'>οἷον</span> <span class='ocrx_word' id='word_1_185' title='bbox 2793 1630 2915 1683; x_wconf 78' lang='grc' dir='ltr'>ἀντὶ</span> <span class='ocrx_word' id='word_1_186' title='bbox 2951 1628 3309 1700; x_wconf 86' lang='grc' dir='ltr'>μεταμελείας</span> <span class='ocrx_word' id='word_1_187' title='bbox 3339 1628 3485 1693; x_wconf 77' lang='grc' dir='ltr'>τινὸς</span> <span class='ocrx_word' id='word_1_188' title='bbox 3520 1626 3680 1681; x_wconf 80' lang='grc' dir='ltr'>τοῦτο</span> 
     </span>
    </p>
   </div>
   <div class='ocr_carea' id='block_1_31' title="bbox 2096 1717 3677 1793">
    <p class='ocr_par' dir='ltr' id='par_1_31' title="bbox 2096 1717 3677 1793">
     <span class='ocr_line' id='line_1_31' title="bbox 2096 1717 3677 1793; baseline 0.002 -21"><span class='ocrx_word' id='word_1_189' title='bbox 2096 1721 2475 1791; x_wconf 84' lang='grc' dir='ltr'>προσιέμενος,</span> <span class='ocrx_word' id='word_1_190' title='bbox 2510 1720 2744 1792; x_wconf 80' lang='grc' dir='ltr'>εὐμενὴς</span> <span class='ocrx_word' id='word_1_191' title='bbox 2783 1722 2876 1774; x_wconf 79' lang='grc' dir='ltr'>ἐπὶ</span> <span class='ocrx_word' id='word_1_192' title='bbox 2909 1717 3023 1785; x_wconf 86' lang='grc' dir='ltr'>τοῖς</span> <span class='ocrx_word' id='word_1_193' title='bbox 3057 1720 3418 1793; x_wconf 87' lang='grc' dir='ltr'>άμαρτηθεῖσι</span> <span class='ocrx_word' id='word_1_194' title='bbox 3446 1721 3677 1790; x_wconf 86' lang='grc' dir='ltr'>γένοιτο.</span> 
     </span>
    </p>
   </div>
   <div class='ocr_carea' id='block_1_32' title="bbox 2108 1811 3683 1885">
    <p class='ocr_par' dir='ltr' id='par_1_32' title="bbox 2108 1811 3683 1885">
     <span class='ocr_line' id='line_1_32' title="bbox 2108 1811 3683 1885; baseline 0.001 -19"><span class='ocrx_word' id='word_1_195' title='bbox 2108 1812 2325 1885; x_wconf 80' lang='grc' dir='ltr'><strong>Ἐροῦσι</strong></span> <span class='ocrx_word' id='word_1_196' title='bbox 2356 1814 2453 1885; x_wconf 83' lang='grc' dir='ltr'><strong>μὲν</strong></span> <span class='ocrx_word' id='word_1_197' title='bbox 2486 1812 2596 1885; x_wconf 84' lang='grc' dir='ltr'>γὰρ</span> <span class='ocrx_word' id='word_1_198' title='bbox 2631 1811 2763 1877; x_wconf 88' lang='grc' dir='ltr'>ῐσως</span> <span class='ocrx_word' id='word_1_199' title='bbox 2806 1813 2922 1867; x_wconf 83' lang='grc' dir='ltr'>ἀντ’</span> <span class='ocrx_word' id='word_1_200' title='bbox 2965 1813 3263 1884; x_wconf 82' lang='grc' dir='ltr'>ἀπολογίας</span> <span class='ocrx_word' id='word_1_201' title='bbox 3296 1812 3683 1884; x_wconf 80' lang='grc' dir='ltr'><strong>προϊσχόμενοι</strong></span> 
     </span>
    </p>
   </div>
   <div class='ocr_carea' id='block_1_33' title="bbox 424 1900 2021 1977">
    <p class='ocr_par' dir='ltr' id='par_1_33' title="bbox 424 1900 1998 1977">
     <span class='ocr_line' id='line_1_33' title="bbox 424 1900 1998 1977; baseline 0.002 -21"><span class='ocrx_word' id='word_1_202' title='bbox 424 1900 620 1956; x_wconf 88' lang='lat' dir='ltr'><strong>horum</strong></span> <span class='ocrx_word' id='word_1_203' title='bbox 661 1901 927 1957; x_wconf 90' lang='lat' dir='ltr'><strong>bonorum</strong></span> <span class='ocrx_word' id='word_1_204' title='bbox 969 1903 1177 1958; x_wconf 91' lang='lat' dir='ltr'><strong>domini</strong></span> <span class='ocrx_word' id='word_1_205' title='bbox 1229 1903 1515 1957; x_wconf 88' lang='lat' dir='ltr'><strong>constituti</strong></span> <span class='ocrx_word' id='word_1_206' title='bbox 1554 1912 1680 1959; x_wconf 90' lang='lat' dir='ltr'><strong>sunt</strong></span> <span class='ocrx_word' id='word_1_207' title='bbox 1716 1904 1783 1977; x_wconf 89' lang='lat' dir='ltr'><strong>(si</strong></span> <span class='ocrx_word' id='word_1_208' title='bbox 1819 1915 1998 1961; x_wconf 88' lang='lat' dir='ltr'><strong>tamen</strong></span> 
     </span>
    </p>
   </div>
   <div class='ocr_carea' id='block_1_34' title="bbox 2106 1900 3679 1977">
    <p class='ocr_par' dir='ltr' id='par_1_34' title="bbox 2106 1902 3679 1972">
     <span class='ocr_line' id='line_1_34' title="bbox 2106 1902 3679 1972; baseline -0.001 -15"><span class='ocrx_word' id='word_1_209' title='bbox 2106 1906 2152 1957; x_wconf 81' lang='lat' dir='ltr'><strong>oi</strong></span> <span class='ocrx_word' id='word_1_210' title='bbox 2186 1904 2294 1958; x_wconf 85' lang='grc' dir='ltr'><strong>τῶν</strong></span> <span class='ocrx_word' id='word_1_211' title='bbox 2325 1904 2584 1958; x_wconf 77' lang='grc' dir='ltr'><strong>τοιούτων</strong></span> <span class='ocrx_word' id='word_1_212' title='bbox 2615 1902 2811 1958; x_wconf 83' lang='grc' dir='ltr'>ούσιῶν</span> <span class='ocrx_word' id='word_1_213' title='bbox 2838 1906 3205 1969; x_wconf 85' lang='grc' dir='ltr'>καταστάντες</span> <span class='ocrx_word' id='word_1_214' title='bbox 3230 1905 3507 1969; x_wconf 78' lang='grc' dir='ltr'>δεσπόται,</span> <span class='ocrx_word' id='word_1_215' title='bbox 3535 1905 3589 1957; x_wconf 77' lang='grc' dir='ltr'>εἴ</span> <span class='ocrx_word' id='word_1_216' title='bbox 3612 1920 3679 1972; x_wconf 89' lang='grc' dir='ltr'><strong>γε</strong></span> 
     </span>
    </p>
   </div>
   <div class='ocr_carea' id='block_1_35' title="bbox 425 1992 1998 2065">
    <p class='ocr_par' dir='ltr' id='par_1_35' title="bbox 425 1992 1998 2065">
     <span class='ocr_line' id='line_1_35' title="bbox 425 1992 1998 2065; baseline 0.001 -20"><span class='ocrx_word' id='word_1_217' title='bbox 425 1992 532 2046; x_wconf 88' lang='lat' dir='ltr'><strong>hoc</strong></span> <span class='ocrx_word' id='word_1_218' title='bbox 582 1993 804 2047; x_wconf 88' lang='lat' dir='ltr'><strong>nomine</strong></span> <span class='ocrx_word' id='word_1_219' title='bbox 848 1992 1058 2047; x_wconf 88' lang='lat' dir='ltr'><strong>censeri</strong></span> <span class='ocrx_word' id='word_1_220' title='bbox 1106 2002 1203 2046; x_wconf 88' lang='lat' dir='ltr'><strong>aut</strong></span> <span class='ocrx_word' id='word_1_221' title='bbox 1252 2001 1533 2046; x_wconf 90' lang='lat' dir='ltr'><strong>merentur</strong></span> <span class='ocrx_word' id='word_1_222' title='bbox 1585 2001 1679 2047; x_wconf 91' lang='lat' dir='ltr'><strong>aut</strong></span> <span class='ocrx_word' id='word_1_223' title='bbox 1723 1993 1998 2065; x_wconf 90' lang='lat' dir='ltr'><strong>possunt),</strong></span> 
     </span>
    </p>
   </div>
   <div class='ocr_carea' id='block_1_36' title="bbox 427 2081 2004 2151">
    <p class='ocr_par' dir='ltr' id='par_1_36' title="bbox 427 2081 2004 2151">
     <span class='ocr_line' id='line_1_36' title="bbox 427 2081 2004 2151; baseline 0.002 -17"><span class='ocrx_word' id='word_1_224' title='bbox 427 2081 545 2135; x_wconf 90' lang='lat' dir='ltr'><strong>ﬁeri</strong></span> <span class='ocrx_word' id='word_1_225' title='bbox 576 2083 803 2137; x_wconf 91' lang='lat' dir='ltr'><strong>omnino</strong></span> <span class='ocrx_word' id='word_1_226' title='bbox 837 2097 942 2136; x_wconf 93' lang='lat' dir='ltr'><strong>non</strong></span> <span class='ocrx_word' id='word_1_227' title='bbox 969 2082 1213 2151; x_wconf 89' lang='lat' dir='ltr'><strong>potuisse</strong></span> <span class='ocrx_word' id='word_1_228' title='bbox 1248 2092 1307 2134; x_wconf 90' lang='lat' dir='ltr'><strong>ut</strong></span> <span class='ocrx_word' id='word_1_229' title='bbox 1337 2082 1405 2137; x_wconf 93' lang='lat' dir='ltr'><strong>ab</strong></span> <span class='ocrx_word' id='word_1_230' title='bbox 1445 2081 1511 2136; x_wconf 91' lang='lat' dir='ltr'><strong>iis</strong></span> <span class='ocrx_word' id='word_1_231' title='bbox 1554 2085 1716 2136; x_wconf 84' lang='lat' dir='ltr'><strong>rebus</strong></span> <span class='ocrx_word' id='word_1_232' title='bbox 1750 2092 1882 2137; x_wconf 91' lang='lat' dir='ltr'><strong>tunc</strong></span> <span class='ocrx_word' id='word_1_233' title='bbox 1911 2084 2004 2137; x_wconf 82' lang='lat' dir='ltr'><strong>ah-</strong></span> 
     </span>
    </p>
   </div>
   <div class='ocr_carea' id='block_1_37' title="bbox 423 2173 2000 2248">
    <p class='ocr_par' dir='ltr' id='par_1_37' title="bbox 423 2173 2000 2248">
     <span class='ocr_line' id='line_1_37' title="bbox 423 2173 2000 2248; baseline 0.001 -20"><span class='ocrx_word' id='word_1_234' title='bbox 423 2174 713 2237; x_wconf 77' lang='lat' dir='ltr'><strong>stinerent.</strong></span> <span class='ocrx_word' id='word_1_235' title='bbox 741 2189 864 2230; x_wconf 92' lang='lat' dir='ltr'><strong>eum</strong></span> <span class='ocrx_word' id='word_1_236' title='bbox 889 2175 1130 2228; x_wconf 87' lang='lat' dir='ltr'><strong>omnium</strong></span> <span class='ocrx_word' id='word_1_237' title='bbox 1165 2174 1427 2244; x_wconf 86' lang='lat' dir='ltr'><strong>cujusque</strong></span> <span class='ocrx_word' id='word_1_238' title='bbox 1456 2175 1676 2245; x_wconf 78' lang='lat' dir='ltr'><strong>generis</strong></span> <span class='ocrx_word' id='word_1_239' title='bbox 1701 2173 1864 2248; x_wconf 65' lang='grc'><strong>462</strong></span> <span class='ocrx_word' id='word_1_240' title='bbox 1881 2191 2000 2229; x_wconf 86' lang='lat' dir='ltr'><strong>ma-</strong></span> 
     </span>
    </p>
   </div>
   <div class='ocr_carea' id='block_1_38' title="bbox 428 2265 2000 2335">
    <p class='ocr_par' dir='ltr' id='par_1_38' title="bbox 428 2265 2000 2335">
     <span class='ocr_line' id='line_1_38' title="bbox 428 2265 2000 2335; baseline 0.001 -18"><span class='ocrx_word' id='word_1_241' title='bbox 428 2265 606 2322; x_wconf 78' lang='lat' dir='ltr'><strong>lorum</strong></span> <span class='ocrx_word' id='word_1_242' title='bbox 655 2266 934 2335; x_wconf 82' lang='lat' dir='ltr'><strong>multiplex</strong></span> <span class='ocrx_word' id='word_1_243' title='bbox 982 2266 1349 2335; x_wconf 87' lang='lat' dir='ltr'><strong>spectaculmn</strong></span> <span class='ocrx_word' id='word_1_244' title='bbox 1385 2266 1817 2321; x_wconf 81' lang='lat' dir='ltr'><strong>obversaretur:</strong></span> <span class='ocrx_word' id='word_1_245' title='bbox 1876 2282 2000 2320; x_wconf 89' lang='lat' dir='ltr'><strong>cum</strong></span> 
     </span>
    </p>
   </div>
   <div class='ocr_carea' id='block_1_39' title="bbox 426 2358 2001 2429">
    <p class='ocr_par' dir='ltr' id='par_1_39' title="bbox 426 2358 2001 2429">
     <span class='ocr_line' id='line_1_39' title="bbox 426 2358 2001 2429; baseline 0.001 -17"><span class='ocrx_word' id='word_1_246' title='bbox 426 2358 688 2413; x_wconf 87' lang='lat' dir='ltr'><strong>atrociter</strong></span> <span class='ocrx_word' id='word_1_247' title='bbox 748 2358 1155 2429; x_wconf 80' lang='lat' dir='ltr'><strong>expellerentur</strong></span> <span class='ocrx_word' id='word_1_248' title='bbox 1208 2359 1478 2422; x_wconf 88' lang='lat' dir='ltr'><strong>homines,</strong></span> <span class='ocrx_word' id='word_1_249' title='bbox 1534 2367 1590 2412; x_wconf 91' lang='lat' dir='ltr'><strong>et</strong></span> <span class='ocrx_word' id='word_1_250' title='bbox 1641 2359 1849 2428; x_wconf 87' lang='lat' dir='ltr'><strong>absque</strong></span> <span class='ocrx_word' id='word_1_251' title='bbox 1891 2359 2001 2413; x_wconf 89' lang='lat' dir='ltr'><strong>ulla</strong></span> 
     </span>
    </p>
   </div>
   <div class='ocr_carea' id='block_1_40' title="bbox 426 2448 2003 2521">
    <p class='ocr_par' dir='ltr' id='par_1_40' title="bbox 426 2448 2003 2521">
     <span class='ocr_line' id='line_1_40' title="bbox 426 2448 2003 2521; baseline 0.001 -17"><span class='ocrx_word' id='word_1_252' title='bbox 426 2450 777 2505; x_wconf 87' lang='lat' dir='ltr'><strong>miseratione</strong></span> <span class='ocrx_word' id='word_1_253' title='bbox 811 2450 1254 2515; x_wconf 85' lang='lat' dir='ltr'><strong>trucidarentur;</strong></span> <span class='ocrx_word' id='word_1_254' title='bbox 1297 2448 1421 2504; x_wconf 86' lang='lat' dir='ltr'><strong>cum</strong></span> <span class='ocrx_word' id='word_1_255' title='bbox 1472 2450 1771 2521; x_wconf 68' lang='lat' dir='ltr'><strong>proﬂigatae</strong></span> <span class='ocrx_word' id='word_1_256' title='bbox 1808 2462 1863 2507; x_wconf 92' lang='lat' dir='ltr'><strong>et</strong></span> <span class='ocrx_word' id='word_1_257' title='bbox 1898 2453 2003 2506; x_wconf 86' lang='lat' dir='ltr'><strong>hac</strong></span> 
     </span>
    </p>
   </div>
   <div class='ocr_carea' id='block_1_41' title="bbox 426 2539 2002 2611">
    <p class='ocr_par' dir='ltr' id='par_1_41' title="bbox 426 2539 2002 2611">
     <span class='ocr_line' id='line_1_41' title="bbox 426 2539 2002 2611; baseline 0.003 -17"><span class='ocrx_word' id='word_1_258' title='bbox 426 2541 556 2597; x_wconf 88' lang='lat' dir='ltr'><strong>illae</strong></span> <span class='ocrx_word' id='word_1_259' title='bbox 578 2551 783 2596; x_wconf 89' lang='lat' dir='ltr'><strong>temere</strong></span> <span class='ocrx_word' id='word_1_260' title='bbox 811 2541 1069 2611; x_wconf 70' lang='lat' dir='ltr'><strong>dispersae</strong></span> <span class='ocrx_word' id='word_1_261' title='bbox 1088 2541 1335 2608; x_wconf 76' lang='lat' dir='ltr'><strong>iacerent</strong></span> <span class='ocrx_word' id='word_1_262' title='bbox 1361 2539 1685 2597; x_wconf 76' lang='lat' dir='ltr'><strong>facultates:</strong></span> <span class='ocrx_word' id='word_1_263' title='bbox 1719 2558 1843 2598; x_wconf 90' lang='lat' dir='ltr'><strong>cum</strong></span> <span class='ocrx_word' id='word_1_264' title='bbox 1880 2559 2002 2598; x_wconf 88' lang='lat' dir='ltr'><strong>cre-</strong></span> 
     </span>
    </p>
   </div>
   <div class='ocr_carea' id='block_1_42' title="bbox 426 2633 2002 2704">
    <p class='ocr_par' dir='ltr' id='par_1_42' title="bbox 426 2633 2002 2704">
     <span class='ocr_line' id='line_1_42' title="bbox 426 2633 2002 2704; baseline 0.002 -18"><span class='ocrx_word' id='word_1_265' title='bbox 426 2633 540 2687; x_wconf 68' lang='lat' dir='ltr'><strong>brae</strong></span> <span class='ocrx_word' id='word_1_266' title='bbox 567 2633 922 2688; x_wconf 90' lang='lat' dir='ltr'><strong>innocentum</strong></span> <span class='ocrx_word' id='word_1_267' title='bbox 954 2633 1409 2703; x_wconf 88' lang='lat' dir='ltr'><strong>proscriptiones,</strong></span> <span class='ocrx_word' id='word_1_268' title='bbox 1439 2642 1493 2688; x_wconf 85' lang='lat' dir='ltr'><strong>et</strong></span> <span class='ocrx_word' id='word_1_269' title='bbox 1525 2634 1850 2689; x_wconf 89' lang='lat' dir='ltr'><strong>insatiabilis</strong></span> <span class='ocrx_word' id='word_1_270' title='bbox 1878 2650 2002 2704; x_wconf 88' lang='lat' dir='ltr'><strong>per-</strong></span> 
     </span>
    </p>
   </div>
   <div class='ocr_carea' id='block_1_43' title="bbox 429 2723 1998 2789">
    <p class='ocr_par' dir='ltr' id='par_1_43' title="bbox 429 2723 1998 2789">
     <span class='ocr_line' id='line_1_43' title="bbox 429 2723 1998 2789; baseline 0.002 -12"><span class='ocrx_word' id='word_1_271' title='bbox 429 2724 766 2778; x_wconf 88' lang='lat' dir='ltr'><strong>secutionum</strong></span> <span class='ocrx_word' id='word_1_272' title='bbox 796 2723 948 2778; x_wconf 78' lang='lat' dir='ltr'><strong>furor</strong></span> <span class='ocrx_word' id='word_1_273' title='bbox 972 2763 988 2789; x_wconf 92' lang='lat'><strong>,</strong></span> <span class='ocrx_word' id='word_1_274' title='bbox 1021 2733 1075 2779; x_wconf 93' lang='lat' dir='ltr'><strong>et</strong></span> <span class='ocrx_word' id='word_1_275' title='bbox 1100 2724 1369 2779; x_wconf 91' lang='lat' dir='ltr'><strong>bonorum</strong></span> <span class='ocrx_word' id='word_1_276' title='bbox 1411 2726 1756 2780; x_wconf 90' lang='lat' dir='ltr'><strong>venditiones</strong></span> <span class='ocrx_word' id='word_1_277' title='bbox 1803 2741 1998 2781; x_wconf 88' lang='lat' dir='ltr'><strong>cerne-</strong></span> 
     </span>
    </p>
   </div>
   <div class='ocr_carea' id='block_1_44' title="bbox 428 2814 2001 2885">
    <p class='ocr_par' dir='ltr' id='par_1_44' title="bbox 428 2814 2001 2885">
     <span class='ocr_line' id='line_1_44' title="bbox 428 2814 2001 2885; baseline 0.001 -17"><span class='ocrx_word' id='word_1_278' title='bbox 428 2824 640 2870; x_wconf 79' lang='lat' dir='ltr'><strong>rentur.</strong></span> <span class='ocrx_word' id='word_1_279' title='bbox 699 2815 989 2870; x_wconf 89' lang='lat' dir='ltr'><strong>Enimvero</strong></span> <span class='ocrx_word' id='word_1_280' title='bbox 1026 2815 1076 2870; x_wconf 89' lang='lat' dir='ltr'><strong>si</strong></span> <span class='ocrx_word' id='word_1_281' title='bbox 1119 2816 1211 2885; x_wconf 89' lang='lat' dir='ltr'><strong>qui</strong></span> <span class='ocrx_word' id='word_1_282' title='bbox 1272 2814 1415 2870; x_wconf 89' lang='lat' dir='ltr'><strong>l&#39;orte</strong></span> <span class='ocrx_word' id='word_1_283' title='bbox 1442 2815 1750 2885; x_wconf 71' lang='lat' dir='ltr'><strong>huiusmodi</strong></span> <span class='ocrx_word' id='word_1_284' title='bbox 1787 2832 2001 2873; x_wconf 88' lang='lat' dir='ltr'><strong>sermo-</strong></span> 
     </span>
    </p>
   </div>
   <div class='ocr_carea' id='block_1_45' title="bbox 428 2904 2002 2972">
    <p class='ocr_par' dir='ltr' id='par_1_45' title="bbox 428 2904 2002 2972">
     <span class='ocr_line' id='line_1_45' title="bbox 428 2904 2002 2972; baseline 0.002 -13"><span class='ocrx_word' id='word_1_285' title='bbox 428 2905 589 2959; x_wconf 90' lang='lat' dir='ltr'><strong>nibus</strong></span> <span class='ocrx_word' id='word_1_286' title='bbox 640 2904 908 2972; x_wconf 92' lang='lat' dir='ltr'><strong>nituntur,</strong></span> <span class='ocrx_word' id='word_1_287' title='bbox 939 2915 994 2961; x_wconf 91' lang='lat' dir='ltr'><strong>et</strong></span> <span class='ocrx_word' id='word_1_288' title='bbox 1028 2907 1083 2961; x_wconf 87' lang='lat' dir='ltr'><strong>in</strong></span> <span class='ocrx_word' id='word_1_289' title='bbox 1113 2906 1359 2961; x_wconf 80' lang='lat' dir='ltr'><strong>avaritiae</strong></span> <span class='ocrx_word' id='word_1_290' title='bbox 1392 2920 1504 2961; x_wconf 68' lang='lat' dir='ltr'><strong>sua:</strong></span> <span class='ocrx_word' id='word_1_291' title='bbox 1553 2908 2002 2963; x_wconf 86' lang='lat' dir='ltr'><strong>excusationibus</strong></span> 
     </span>
    </p>
   </div>
   <div class='ocr_carea' id='block_1_46' title="bbox 429 2997 1997 3068">
    <p class='ocr_par' dir='ltr' id='par_1_46' title="bbox 429 2997 1997 3068">
     <span class='ocr_line' id='line_1_46' title="bbox 429 2997 1997 3068; baseline 0.003 -17"><span class='ocrx_word' id='word_1_292' title='bbox 429 3007 801 3065; x_wconf 76' lang='lat' dir='ltr'><strong>perseverant,</strong></span> <span class='ocrx_word' id='word_1_293' title='bbox 862 3014 971 3053; x_wconf 91' lang='lat' dir='ltr'><strong>non</strong></span> <span class='ocrx_word' id='word_1_294' title='bbox 1017 2999 1237 3068; x_wconf 89' lang='lat' dir='ltr'><strong>impune</strong></span> <span class='ocrx_word' id='word_1_295' title='bbox 1292 2998 1345 3052; x_wconf 92' lang='lat' dir='ltr'><strong>id</strong></span> <span class='ocrx_word' id='word_1_296' title='bbox 1397 2997 1504 3052; x_wconf 88' lang='lat' dir='ltr'><strong>sibi</strong></span> <span class='ocrx_word' id='word_1_297' title='bbox 1552 2999 1672 3055; x_wconf 79' lang='lat' dir='ltr'><strong>fore</strong></span> <span class='ocrx_word' id='word_1_298' title='bbox 1721 3002 1997 3056; x_wconf 84' lang='lat' dir='ltr'><strong>sentient:</strong></span> 
     </span>
    </p>
   </div>
   <div class='ocr_carea' id='block_1_47' title="bbox 429 3087 1997 3162">
    <p class='ocr_par' dir='ltr' id='par_1_47' title="bbox 429 3087 1997 3162">
     <span class='ocr_line' id='line_1_47' title="bbox 429 3087 1997 3162; baseline 0.003 -21"><span class='ocrx_word' id='word_1_299' title='bbox 429 3087 730 3157; x_wconf 72' lang='lat' dir='ltr'><strong>prmsertim</strong></span> <span class='ocrx_word' id='word_1_300' title='bbox 771 3104 895 3143; x_wconf 90' lang='lat' dir='ltr'><strong>cum</strong></span> <span class='ocrx_word' id='word_1_301' title='bbox 963 3092 1065 3146; x_wconf 85' lang='lat' dir='ltr'><strong>hac</strong></span> <span class='ocrx_word' id='word_1_302' title='bbox 1116 3092 1459 3162; x_wconf 89' lang='lat' dir='ltr'><strong>potissimum</strong></span> <span class='ocrx_word' id='word_1_303' title='bbox 1521 3092 1735 3148; x_wconf 87' lang='lat' dir='ltr'><strong>ratione</strong></span> <span class='ocrx_word' id='word_1_304' title='bbox 1777 3107 1997 3162; x_wconf 88' lang='lat' dir='ltr'><strong>operam</strong></span> 
     </span>
    </p>
   </div>
   <div class='ocr_carea' id='block_1_48' title="bbox 428 3180 1999 3252">
    <p class='ocr_par' dir='ltr' id='par_1_48' title="bbox 428 3180 1999 3252">
     <span class='ocr_line' id='line_1_48' title="bbox 428 3180 1999 3252; baseline 0.005 -21"><span class='ocrx_word' id='word_1_305' title='bbox 428 3190 671 3234; x_wconf 85' lang='lat' dir='ltr'><strong>nostram</strong></span> <span class='ocrx_word' id='word_1_306' title='bbox 710 3195 774 3236; x_wconf 92' lang='lat' dir='ltr'><strong>ac</strong></span> <span class='ocrx_word' id='word_1_307' title='bbox 799 3180 1164 3237; x_wconf 85' lang='lat' dir='ltr'><strong>ministerium</strong></span> <span class='ocrx_word' id='word_1_308' title='bbox 1195 3184 1305 3239; x_wconf 92' lang='lat' dir='ltr'><strong>Deo</strong></span> <span class='ocrx_word' id='word_1_309' title='bbox 1328 3183 1534 3252; x_wconf 88' lang='lat' dir='ltr'><strong>optimo</strong></span> <span class='ocrx_word' id='word_1_310' title='bbox 1566 3183 1810 3237; x_wconf 83' lang='lat' dir='ltr'><strong>maximo</strong></span> <span class='ocrx_word' id='word_1_311' title='bbox 1840 3184 1999 3239; x_wconf 83' lang='lat' dir='ltr'><strong>exhi-</strong></span> 
     </span>
    </p>
   </div>
   <div class='ocr_carea' id='block_1_49' title="bbox 2100 1995 3679 2068">
    <p class='ocr_par' dir='ltr' id='par_1_49' title="bbox 2100 1995 3679 2068">
     <span class='ocr_line' id='line_1_49' title="bbox 2100 1995 3679 2068; baseline 0 -20"><span class='ocrx_word' id='word_1_312' title='bbox 2100 1995 2260 2049; x_wconf 84' lang='grc' dir='ltr'>τοῦτο</span> <span class='ocrx_word' id='word_1_313' title='bbox 2293 1999 2519 2068; x_wconf 88' lang='grc' dir='ltr'>κρατεῖν</span> <span class='ocrx_word' id='word_1_314' title='bbox 2547 1995 2696 2061; x_wconf 83' lang='grc' dir='ltr'>ἄξιον</span> <span class='ocrx_word' id='word_1_315' title='bbox 2740 1998 2827 2050; x_wconf 78' lang='grc' dir='ltr'><strong>ἐπ’</strong></span> <span class='ocrx_word' id='word_1_316' title='bbox 2860 1995 3048 2051; x_wconf 78' lang='grc' dir='ltr'>αὐτῶν</span> <span class='ocrx_word' id='word_1_317' title='bbox 3076 1996 3110 2068; x_wconf 80' lang='grc' dir='ltr'><strong>ἢ</strong></span> <span class='ocrx_word' id='word_1_318' title='bbox 3138 1996 3360 2050; x_wconf 82' lang='grc' dir='ltr'>δυνατὸν</span> <span class='ocrx_word' id='word_1_319' title='bbox 3401 1996 3464 2050; x_wconf 83' lang='grc' dir='ltr'>τὸ</span> <span class='ocrx_word' id='word_1_320' title='bbox 3508 1996 3679 2068; x_wconf 88' lang='grc' dir='ltr'>πρόσ-</span> 
     </span>
    </p>
   </div>
   <div class='ocr_carea' id='block_1_50' title="bbox 2106 2080 3687 2173">
    <p class='ocr_par' dir='ltr' id='par_1_50' title="bbox 2106 2080 3687 2173">
     <span class='ocr_line' id='line_1_50' title="bbox 2106 2080 3687 2173; baseline 0.001 -36"><span class='ocrx_word' id='word_1_321' title='bbox 2106 2101 2277 2155; x_wconf 88' lang='grc' dir='ltr'>ρημα,</span> <span class='ocrx_word' id='word_1_322' title='bbox 2329 2086 2404 2149; x_wconf 88' lang='grc' dir='ltr'><strong>ώς</strong></span> <span class='ocrx_word' id='word_1_323' title='bbox 2451 2086 2551 2139; x_wconf 83' lang='grc' dir='ltr'><strong>οὐκ</strong></span> <span class='ocrx_word' id='word_1_324' title='bbox 2595 2081 2664 2157; x_wconf 77' lang='grc' dir='ltr'><strong>ἦν</strong></span> <span class='ocrx_word' id='word_1_325' title='bbox 2704 2080 2816 2139; x_wconf 80' lang='grc' dir='ltr'>οἷόν</span> <span class='ocrx_word' id='word_1_326' title='bbox 2855 2103 2913 2140; x_wconf 84' lang='grc' dir='ltr'><strong>τε</strong></span> <span class='ocrx_word' id='word_1_327' title='bbox 2960 2085 3260 2173; x_wconf 75' lang='grc' dir='ltr'>ἀπέχεσθαι</span> <span class='ocrx_word' id='word_1_328' title='bbox 3311 2086 3454 2153; x_wconf 86' lang='grc' dir='ltr'>τότε,</span> <span class='ocrx_word' id='word_1_329' title='bbox 3520 2085 3687 2156; x_wconf 79' lang='grc' dir='ltr'>ἡνίκα.</span> 
     </span>
    </p>
   </div>
   <div class='ocr_carea' id='block_1_51' title="bbox 2104 2173 3686 2248">
    <p class='ocr_par' dir='ltr' id='par_1_51' title="bbox 2104 2173 3686 2248">
     <span class='ocr_line' id='line_1_51' title="bbox 2104 2173 3686 2248; baseline 0.001 -21"><span class='ocrx_word' id='word_1_330' title='bbox 2104 2173 2445 2246; x_wconf 76' lang='grc' dir='ltr'>πολύτροπος</span> <span class='ocrx_word' id='word_1_331' title='bbox 2479 2176 2733 2230; x_wconf 83' lang='grc' dir='ltr'>ἁπάντων</span> <span class='ocrx_word' id='word_1_332' title='bbox 2765 2176 2873 2230; x_wconf 90' lang='grc' dir='ltr'><strong>τῶν</strong></span> <span class='ocrx_word' id='word_1_333' title='bbox 2903 2177 3091 2230; x_wconf 86' lang='grc' dir='ltr'>δεινῶν</span> <span class='ocrx_word' id='word_1_334' title='bbox 3131 2173 3199 2248; x_wconf 84' lang='grc' dir='ltr'>ἧν</span> <span class='ocrx_word' id='word_1_335' title='bbox 3228 2177 3346 2243; x_wconf 82' lang='grc' dir='ltr'>θέα,</span> <span class='ocrx_word' id='word_1_336' title='bbox 3385 2177 3554 2248; x_wconf 85' lang='grc' dir='ltr'><strong>ὠμῶς</strong></span> <span class='ocrx_word' id='word_1_337' title='bbox 3580 2176 3686 2228; x_wconf 87' lang='grc' dir='ltr'>ἀπ-</span> 
     </span>
    </p>
   </div>
   <div class='ocr_carea' id='block_1_52' title="bbox 2103 2266 3686 2342">
    <p class='ocr_par' dir='ltr' id='par_1_52' title="bbox 2103 2266 3686 2342">
     <span class='ocr_line' id='line_1_52' title="bbox 2103 2266 3686 2342; baseline -0.001 -21"><span class='ocrx_word' id='word_1_338' title='bbox 2103 2268 2450 2339; x_wconf 85' lang='grc' dir='ltr'>ελαυνόμενοι</span> <span class='ocrx_word' id='word_1_339' title='bbox 2486 2268 2619 2342; x_wconf 81' lang='grc'><strong>(19),</strong></span> <span class='ocrx_word' id='word_1_340' title='bbox 2649 2269 2884 2340; x_wconf 83' lang='grc' dir='ltr'>ἀφειδῶς</span> <span class='ocrx_word' id='word_1_341' title='bbox 2922 2268 3304 2340; x_wconf 76' lang='grc' dir='ltr'>ἀπολλύμενοι,</span> <span class='ocrx_word' id='word_1_342' title='bbox 3350 2266 3572 2338; x_wconf 82' lang='grc' dir='ltr'>ἀμελῶς</span> <span class='ocrx_word' id='word_1_343' title='bbox 3595 2268 3686 2339; x_wconf 77' lang='grc' dir='ltr'><strong>ἑρ-</strong></span> 
     </span>
    </p>
   </div>
   <div class='ocr_carea' id='block_1_53' title="bbox 2104 2358 3685 2432">
    <p class='ocr_par' dir='ltr' id='par_1_53' title="bbox 2104 2358 3685 2432">
     <span class='ocr_line' id='line_1_53' title="bbox 2104 2358 3685 2432; baseline -0.001 -20"><span class='ocrx_word' id='word_1_344' title='bbox 2104 2360 2380 2431; x_wconf 79' lang='grc' dir='ltr'>ριμμένοι,</span> <span class='ocrx_word' id='word_1_345' title='bbox 2409 2360 2701 2432; x_wconf 85' lang='grc' dir='ltr'>δημεύσεις</span> <span class='ocrx_word' id='word_1_346' title='bbox 2720 2361 2828 2416; x_wconf 86' lang='grc' dir='ltr'><strong>τῶν</strong></span> <span class='ocrx_word' id='word_1_347' title='bbox 2860 2362 3011 2415; x_wconf 80' lang='grc' dir='ltr'>οὐδὲν</span> <span class='ocrx_word' id='word_1_348' title='bbox 3036 2361 3220 2415; x_wconf 82' lang='grc' dir='ltr'>αἰτίων</span> <span class='ocrx_word' id='word_1_349' title='bbox 3238 2362 3448 2432; x_wconf 72' lang='grc' dir='ltr'>συχναὶ,</span> <span class='ocrx_word' id='word_1_350' title='bbox 3475 2358 3685 2425; x_wconf 77' lang='grc' dir='ltr'>διώξεις</span> 
     </span>
    </p>
   </div>
   <div class='ocr_carea' id='block_1_54' title="bbox 2102 2449 3691 2522">
    <p class='ocr_par' dir='ltr' id='par_1_54' title="bbox 2102 2449 3691 2522">
     <span class='ocr_line' id='line_1_54' title="bbox 2102 2449 3691 2522; baseline 0.002 -21"><span class='ocrx_word' id='word_1_351' title='bbox 2102 2449 2150 2501; x_wconf 88' lang='grc' dir='ltr'><strong>τ’</strong></span> <span class='ocrx_word' id='word_1_352' title='bbox 2185 2449 2469 2521; x_wconf 87' lang='grc' dir='ltr'>άκόρεστοι</span> <span class='ocrx_word' id='word_1_353' title='bbox 2516 2452 2611 2505; x_wconf 73' lang='grc' dir='ltr'>καὶ</span> <span class='ocrx_word' id='word_1_354' title='bbox 2641 2450 2749 2505; x_wconf 88' lang='grc' dir='ltr'><strong>τῶν</strong></span> <span class='ocrx_word' id='word_1_355' title='bbox 2776 2452 2944 2506; x_wconf 79' lang='grc' dir='ltr'>όντων</span> <span class='ocrx_word' id='word_1_356' title='bbox 2981 2452 3331 2522; x_wconf 79' lang='grc' dir='ltr'>διαπράσεις·</span> <span class='ocrx_word' id='word_1_357' title='bbox 3375 2455 3423 2505; x_wconf 84' lang='grc' dir='ltr'><strong>εί</strong></span> <span class='ocrx_word' id='word_1_358' title='bbox 3464 2452 3527 2522; x_wconf 79' lang='grc' dir='ltr'>δὴ</span> <span class='ocrx_word' id='word_1_359' title='bbox 3571 2454 3691 2514; x_wconf 82' lang='grc' dir='ltr'>τοῖς</span> 
     </span>
    </p>
   </div>
   <div class='ocr_carea' id='block_1_55' title="bbox 2103 2539 3684 2615">
    <p class='ocr_par' dir='ltr' id='par_1_55' title="bbox 2103 2539 3684 2615">
     <span class='ocr_line' id='line_1_55' title="bbox 2103 2539 3684 2615; baseline 0.003 -24"><span class='ocrx_word' id='word_1_360' title='bbox 2103 2539 2366 2603; x_wconf 86' lang='grc' dir='ltr'>τοιούτοις</span> <span class='ocrx_word' id='word_1_361' title='bbox 2391 2540 2807 2615; x_wconf 77' lang='grc' dir='ltr'>διισχυρίζοιντο</span> <span class='ocrx_word' id='word_1_362' title='bbox 2834 2544 3012 2613; x_wconf 79' lang='grc' dir='ltr'>λόγοις</span> <span class='ocrx_word' id='word_1_363' title='bbox 3041 2545 3203 2611; x_wconf 74' lang='grc' dir='ltr'>τινὲς,</span> <span class='ocrx_word' id='word_1_364' title='bbox 3239 2543 3335 2597; x_wconf 72' lang='grc' dir='ltr'>καὶ</span> <span class='ocrx_word' id='word_1_365' title='bbox 3359 2544 3481 2606; x_wconf 90' lang='grc' dir='ltr'>ταῖς</span> <span class='ocrx_word' id='word_1_366' title='bbox 3508 2541 3684 2612; x_wconf 81' lang='grc' dir='ltr'>ἀπλή-</span> 
     </span>
    </p>
   </div>
   <div class='ocr_carea' id='block_1_56' title="bbox 2107 2633 3686 2708">
    <p class='ocr_par' dir='ltr' id='par_1_56' title="bbox 2107 2633 3686 2708">
     <span class='ocr_line' id='line_1_56' title="bbox 2107 2633 3686 2708; baseline 0.003 -25"><span class='ocrx_word' id='word_1_367' title='bbox 2107 2648 2253 2695; x_wconf 90' lang='grc' dir='ltr'>στοις</span> <span class='ocrx_word' id='word_1_368' title='bbox 2283 2633 2593 2703; x_wconf 80' lang='grc' dir='ltr'>ὲπιμένοιεν</span> <span class='ocrx_word' id='word_1_369' title='bbox 2621 2636 3006 2708; x_wconf 85' lang='grc' dir='ltr'>προαιρέσεσιν</span> <span class='ocrx_word' id='word_1_370' title='bbox 3036 2637 3171 2707; x_wconf 79' lang='lat'><strong>(‘20),</strong></span> <span class='ocrx_word' id='word_1_371' title='bbox 3204 2636 3305 2688; x_wconf 85' lang='grc' dir='ltr'><strong>ούκ</strong></span> <span class='ocrx_word' id='word_1_372' title='bbox 3338 2633 3686 2706; x_wconf 82' lang='grc' dir='ltr'>ἀτιμώρητον</span> 
     </span>
    </p>
   </div>
   <div class='ocr_carea' id='block_1_57' title="bbox 2107 2724 3685 2800">
    <p class='ocr_par' dir='ltr' id='par_1_57' title="bbox 2107 2724 3685 2800">
     <span class='ocr_line' id='line_1_57' title="bbox 2107 2724 3685 2800; baseline 0.003 -23"><span class='ocrx_word' id='word_1_373' title='bbox 2107 2724 2320 2789; x_wconf 77' lang='grc' dir='ltr'>ἑαυτοῖς</span> <span class='ocrx_word' id='word_1_374' title='bbox 2351 2726 2412 2779; x_wconf 89' lang='grc' dir='ltr'>τὸ</span> <span class='ocrx_word' id='word_1_375' title='bbox 2440 2727 2679 2782; x_wconf 84' lang='grc' dir='ltr'>τοιοῦτον</span> <span class='ocrx_word' id='word_1_376' title='bbox 2714 2727 3096 2799; x_wconf 76' lang='grc' dir='ltr'>αἰσθήσονται·</span> <span class='ocrx_word' id='word_1_377' title='bbox 3131 2729 3224 2782; x_wconf 79' lang='grc' dir='ltr'><strong>καὶ</strong></span> <span class='ocrx_word' id='word_1_378' title='bbox 3275 2727 3490 2800; x_wconf 83' lang='grc' dir='ltr'>μάλισθ’</span> <span class='ocrx_word' id='word_1_379' title='bbox 3522 2727 3685 2781; x_wconf 80' lang='grc' dir='ltr'>ὁπότε</span> 
     </span>
    </p>
   </div>
   <div class='ocr_carea' id='block_1_58' title="bbox 2104 2817 3683 2893">
    <p class='ocr_par' dir='ltr' id='par_1_58' title="bbox 2104 2817 3683 2893">
     <span class='ocr_line' id='line_1_58' title="bbox 2104 2817 3683 2893; baseline 0.001 -23"><span class='ocrx_word' id='word_1_380' title='bbox 2104 2817 2247 2871; x_wconf 81' lang='grc' dir='ltr'>οὕτω</span> <span class='ocrx_word' id='word_1_381' title='bbox 2293 2818 2361 2872; x_wconf 78' lang='grc' dir='ltr'><strong>τά</strong></span> <span class='ocrx_word' id='word_1_382' title='bbox 2411 2821 2542 2892; x_wconf 85' lang='grc' dir='ltr'>παρ’</span> <span class='ocrx_word' id='word_1_383' title='bbox 2590 2821 2747 2892; x_wconf 79' lang='grc' dir='ltr'>ἡμῶν</span> <span class='ocrx_word' id='word_1_384' title='bbox 2790 2821 2869 2892; x_wconf 84' lang='grc' dir='ltr'><strong>τῷ</strong></span> <span class='ocrx_word' id='word_1_385' title='bbox 2919 2823 3161 2893; x_wconf 85' lang='grc' dir='ltr'>μεγίστῳ</span> <span class='ocrx_word' id='word_1_386' title='bbox 3192 2822 3521 2875; x_wconf 80' lang='grc' dir='ltr'>διακονεῖται</span> <span class='ocrx_word' id='word_1_387' title='bbox 3545 2818 3683 2890; x_wconf 83' lang='grc' dir='ltr'>Θεῷ.</span> 
     </span>
    </p>
   </div>
   <div class='ocr_carea' id='block_1_59' title="bbox 2117 2911 3683 2985">
    <p class='ocr_par' dir='ltr' id='par_1_59' title="bbox 2117 2911 3683 2985">
     <span class='ocr_line' id='line_1_59' title="bbox 2117 2911 3683 2985; baseline -0.001 -20"><span class='ocrx_word' id='word_1_388' title='bbox 2117 2911 2257 2965; x_wconf 89' lang='grc' dir='ltr'><strong>Ὅσα</strong></span> <span class='ocrx_word' id='word_1_389' title='bbox 2289 2911 2421 2980; x_wconf 79' lang='grc' dir='ltr'>γοῦν</span> <span class='ocrx_word' id='word_1_390' title='bbox 2479 2913 2746 2984; x_wconf 84' lang='grc' dir='ltr'>πρότερον</span> <span class='ocrx_word' id='word_1_391' title='bbox 2789 2912 2900 2983; x_wconf 76' lang='grc'>(21)</span> <span class='ocrx_word' id='word_1_392' title='bbox 2933 2915 2967 2983; x_wconf 82' lang='grc' dir='ltr'>ἠ</span> <span class='ocrx_word' id='word_1_393' title='bbox 3013 2913 3254 2985; x_wconf 86' lang='grc' dir='ltr'>ὀλέθριος</span> <span class='ocrx_word' id='word_1_394' title='bbox 3298 2912 3513 2982; x_wconf 82' lang='grc' dir='ltr'>ἀνάγκη</span> <span class='ocrx_word' id='word_1_395' title='bbox 3559 2927 3683 2964; x_wconf 56' lang='grc' dir='ltr'><strong>συν-</strong></span> 
     </span>
    </p>
   </div>
   <div class='ocr_carea' id='block_1_60' title="bbox 2118 3002 3689 3076">
    <p class='ocr_par' dir='ltr' id='par_1_60' title="bbox 2118 3002 3689 3076">
     <span class='ocr_line' id='line_1_60' title="bbox 2118 3002 3689 3076; baseline -0.001 -20"><span class='ocrx_word' id='word_1_396' title='bbox 2118 3002 2400 3073; x_wconf 79' lang='grc' dir='ltr'>ηνάγκαζε</span> <span class='ocrx_word' id='word_1_397' title='bbox 2428 3004 2744 3076; x_wconf 77' lang='grc' dir='ltr'>λαμϐάνειν,</span> <span class='ocrx_word' id='word_1_398' title='bbox 2778 3005 2950 3059; x_wconf 80' lang='grc' dir='ltr'>ταῦτα</span> <span class='ocrx_word' id='word_1_399' title='bbox 2982 3005 3078 3059; x_wconf 85' lang='grc' dir='ltr'>νῦν</span> <span class='ocrx_word' id='word_1_400' title='bbox 3109 3005 3360 3075; x_wconf 78' lang='grc' dir='ltr'>κατέχειν</span> <span class='ocrx_word' id='word_1_401' title='bbox 3393 3002 3689 3072; x_wconf 76' lang='grc' dir='ltr'>ἐπισφαλὲς</span> 
     </span>
    </p>
   </div>
   <div class='ocr_carea' id='block_1_61' title="bbox 2111 3095 3689 3169">
    <p class='ocr_par' dir='ltr' id='par_1_61' title="bbox 2111 3095 3689 3169">
     <span class='ocr_line' id='line_1_61' title="bbox 2111 3095 3689 3169; baseline -0.001 -21"><span class='ocrx_word' id='word_1_402' title='bbox 2111 3095 2365 3165; x_wconf 82' lang='grc' dir='ltr'>ὑπάρχει·</span> <span class='ocrx_word' id='word_1_403' title='bbox 2385 3096 2561 3161; x_wconf 82' lang='grc' dir='ltr'>ἄλλως</span> <span class='ocrx_word' id='word_1_404' title='bbox 2577 3116 2636 3151; x_wconf 86' lang='grc' dir='ltr'><strong>τε</strong></span> <span class='ocrx_word' id='word_1_405' title='bbox 2656 3099 2712 3153; x_wconf 79' lang='grc' dir='ltr'>δὲ</span> <span class='ocrx_word' id='word_1_406' title='bbox 2730 3099 2892 3153; x_wconf 74' lang='grc' dir='ltr'>παντὶ</span> <span class='ocrx_word' id='word_1_407' title='bbox 2923 3099 3110 3169; x_wconf 85' lang='grc' dir='ltr'>τρόπῳ</span> <span class='ocrx_word' id='word_1_408' title='bbox 3141 3097 3239 3160; x_wconf 84' lang='grc' dir='ltr'>τὰς</span> <span class='ocrx_word' id='word_1_409' title='bbox 3266 3095 3570 3167; x_wconf 79' lang='grc' dir='ltr'>ἀπληστίας</span> <span class='ocrx_word' id='word_1_410' title='bbox 3595 3096 3689 3149; x_wconf 60' lang='grc' dir='ltr'><strong>και</strong></span> 
     </span>
    </p>
   </div>
   <div class='ocr_carea' id='block_1_62' title="bbox 2120 3185 3687 3263">
    <p class='ocr_par' dir='ltr' id='par_1_62' title="bbox 2120 3185 3687 3263">
     <span class='ocr_line' id='line_1_62' title="bbox 2120 3185 3687 3263; baseline -0.003 -20"><span class='ocrx_word' id='word_1_411' title='bbox 2120 3185 2400 3259; x_wconf 83' lang='grc' dir='ltr'>λογισμοῖς</span> <span class='ocrx_word' id='word_1_412' title='bbox 2425 3189 2520 3243; x_wconf 80' lang='grc' dir='ltr'><strong>καὶ</strong></span> <span class='ocrx_word' id='word_1_413' title='bbox 2562 3191 2996 3263; x_wconf 86' lang='grc' dir='ltr'>παραδείγμασιν</span> <span class='ocrx_word' id='word_1_414' title='bbox 3023 3188 3279 3244; x_wconf 79' lang='grc' dir='ltr'>ἐλαττοῦν</span> <span class='ocrx_word' id='word_1_415' title='bbox 3310 3189 3624 3257; x_wconf 85' lang='grc' dir='ltr'>ἀναγκαῖον.</span> <span class='ocrx_word' id='word_1_416' title='bbox 3665 3206 3687 3239; x_wconf 70' lang='grc' dir='ltr'><strong>ι</strong></span> 
     </span>
    </p>
   </div>
   <div class='ocr_carea' id='block_1_63' title="bbox 429 3276 3687 3355">
    <p class='ocr_par' dir='ltr' id='par_1_63' title="bbox 429 3276 3687 3355">
     <span class='ocr_line' id='line_1_63' title="bbox 429 3276 3687 3355; baseline 0.003 -25"><span class='ocrx_word' id='word_1_417' title='bbox 429 3277 674 3331; x_wconf 86' lang='lat' dir='ltr'><strong>beamus.</strong></span> <span class='ocrx_word' id='word_1_418' title='bbox 724 3276 1069 3349; x_wconf 65' lang='lat' dir='ltr'><strong>Quaecunque</strong></span> <span class='ocrx_word' id='word_1_419' title='bbox 1117 3280 1280 3350; x_wconf 77' lang='lat' dir='ltr'><strong>igitur</strong></span> <span class='ocrx_word' id='word_1_420' title='bbox 1333 3279 1570 3335; x_wconf 81' lang='lat' dir='ltr'><strong>exitialis</strong></span> <span class='ocrx_word' id='word_1_421' title='bbox 1616 3280 1917 3335; x_wconf 89' lang='lat' dir='ltr'><strong>necessitas</strong></span> <span class='ocrx_word' id='word_1_422' title='bbox 1984 3284 2164 3353; x_wconf 76' lang='lat' dir='ltr'><strong>coegit</strong></span> <span class='ocrx_word' id='word_1_423' title='bbox 2231 3286 2516 3355; x_wconf 90' lang='lat' dir='ltr'><strong>accipere,</strong></span> <span class='ocrx_word' id='word_1_424' title='bbox 2567 3302 2630 3342; x_wconf 85' lang='lat' dir='ltr'><strong>ea</strong></span> <span class='ocrx_word' id='word_1_425' title='bbox 2683 3304 2828 3343; x_wconf 91' lang='lat' dir='ltr'><strong>nunc</strong></span> <span class='ocrx_word' id='word_1_426' title='bbox 2878 3288 3121 3343; x_wconf 88' lang='lat' dir='ltr'><strong>retinere</strong></span> <span class='ocrx_word' id='word_1_427' title='bbox 3169 3284 3535 3355; x_wconf 87' lang='lat' dir='ltr'><strong>periculosum</strong></span> <span class='ocrx_word' id='word_1_428' title='bbox 3583 3293 3687 3340; x_wconf 82' lang='lat' dir='ltr'><strong>est.</strong></span> 
     </span>
    </p>
   </div>
   <div class='ocr_carea' id='block_1_64' title="bbox 430 3368 3324 3452">
    <p class='ocr_par' dir='ltr' id='par_1_64' title="bbox 430 3368 3324 3452">
     <span class='ocr_line' id='line_1_64' title="bbox 430 3368 3324 3452; baseline 0.004 -31"><span class='ocrx_word' id='word_1_429' title='bbox 430 3368 581 3424; x_wconf 79' lang='lat' dir='ltr'><strong>Adde</strong></span> <span class='ocrx_word' id='word_1_430' title='bbox 609 3371 753 3437; x_wconf 87' lang='lat' dir='ltr'><strong>quod</strong></span> <span class='ocrx_word' id='word_1_431' title='bbox 781 3371 1119 3428; x_wconf 88' lang='lat' dir='ltr'><strong>insatiabiles</strong></span> <span class='ocrx_word' id='word_1_432' title='bbox 1145 3374 1494 3443; x_wconf 86' lang='lat' dir='ltr'><strong>cupiditates,</strong></span> <span class='ocrx_word' id='word_1_433' title='bbox 1525 3385 1722 3444; x_wconf 87' lang='lat' dir='ltr'><strong>parum</strong></span> <span class='ocrx_word' id='word_1_434' title='bbox 1755 3374 1988 3443; x_wconf 88' lang='lat' dir='ltr'><strong>ratione,</strong></span> <span class='ocrx_word' id='word_1_435' title='bbox 2008 3379 2206 3447; x_wconf 88' lang='lat' dir='ltr'><strong>partim</strong></span> <span class='ocrx_word' id='word_1_436' title='bbox 2237 3382 2499 3452; x_wconf 90' lang='lat' dir='ltr'><strong>exemplis</strong></span> <span class='ocrx_word' id='word_1_437' title='bbox 2526 3383 2751 3438; x_wconf 85' lang='lat' dir='ltr'><strong>omnino</strong></span> <span class='ocrx_word' id='word_1_438' title='bbox 2779 3383 3085 3438; x_wconf 74' lang='lat' dir='ltr'><strong>minuenda:</strong></span> <span class='ocrx_word' id='word_1_439' title='bbox 3113 3390 3261 3436; x_wconf 90' lang='lat' dir='ltr'><strong>sunt.</strong></span> <span class='ocrx_word' id='word_1_440' title='bbox 3303 3399 3324 3433; x_wconf 72' lang='grc' dir='ltr'>ι</span> 
     </span>
    </p>
   </div>
   <div class='ocr_carea' id='block_1_65' title="bbox 956 3464 1470 3522">
    <p class='ocr_par' dir='ltr' id='par_1_65' title="bbox 956 3464 1470 3522">
     <span class='ocr_line' id='line_1_65' title="bbox 956 3464 1470 3522; baseline 0.006 -4"><span class='ocrx_word' id='word_1_441' title='bbox 956 3464 1188 3521; x_wconf 81' lang='lat' dir='ltr'><strong>CAPUT</strong></span> <span class='ocrx_word' id='word_1_442' title='bbox 1227 3465 1470 3522; x_wconf 75' lang='lat' dir='ltr'><strong>XXXIX.</strong></span> 
     </span>
    </p>
   </div>
   <div class='ocr_carea' id='block_1_66' title="bbox 431 3552 1999 3623">
    <p class='ocr_par' dir='ltr' id='par_1_66' title="bbox 431 3552 1999 3623">
     <span class='ocr_line' id='line_1_66' title="bbox 431 3552 1999 3623; baseline 0.007 -18"><span class='ocrx_word' id='word_1_443' title='bbox 431 3552 498 3606; x_wconf 80' lang='lat' dir='ltr'><strong>Ut</strong></span> <span class='ocrx_word' id='word_1_444' title='bbox 537 3554 698 3623; x_wconf 76' lang='lat' dir='ltr'><strong>ﬁscus</strong></span> <span class='ocrx_word' id='word_1_445' title='bbox 723 3555 937 3623; x_wconf 81' lang='lat' dir='ltr'><strong>fundos,</strong></span> <span class='ocrx_word' id='word_1_446' title='bbox 970 3557 1106 3612; x_wconf 70' lang='lat' dir='ltr'><strong>cdes</strong></span> <span class='ocrx_word' id='word_1_447' title='bbox 1139 3567 1188 3611; x_wconf 91' lang='lat' dir='ltr'><strong>et</strong></span> <span class='ocrx_word' id='word_1_448' title='bbox 1222 3559 1403 3613; x_wconf 79' lang='lat' dir='ltr'><strong>hortos</strong></span> <span class='ocrx_word' id='word_1_449' title='bbox 1447 3560 1689 3615; x_wconf 75' lang='lat' dir='ltr'><strong>restituat</strong></span> <span class='ocrx_word' id='word_1_450' title='bbox 1724 3558 1999 3616; x_wconf 77' lang='lat' dir='ltr'><strong>Ecclesiis.</strong></span> 
     </span>
    </p>
   </div>
   <div class='ocr_carea' id='block_1_67' title="bbox 506 3737 2004 3813">
    <p class='ocr_par' dir='ltr' id='par_1_67' title="bbox 506 3737 2004 3813">
     <span class='ocr_line' id='line_1_67' title="bbox 506 3737 2004 3813; baseline 0.004 -22"><span class='ocrx_word' id='word_1_451' title='bbox 506 3755 530 3791; x_wconf 68' lang='grc' dir='ltr'>ι</span> <span class='ocrx_word' id='word_1_452' title='bbox 554 3737 738 3807; x_wconf 80' lang='lat' dir='ltr'><strong>Neque</strong></span> <span class='ocrx_word' id='word_1_453' title='bbox 769 3740 911 3795; x_wconf 90' lang='lat' dir='ltr'><strong>enim</strong></span> <span class='ocrx_word' id='word_1_454' title='bbox 939 3741 1023 3794; x_wconf 86' lang='lat' dir='ltr'><strong>vel</strong></span> <span class='ocrx_word' id='word_1_455' title='bbox 1051 3741 1183 3797; x_wconf 83' lang='lat' dir='ltr'><strong>ﬁsco</strong></span> <span class='ocrx_word' id='word_1_456' title='bbox 1209 3743 1565 3809; x_wconf 90' lang='lat' dir='ltr'><strong>concedetur,</strong></span> <span class='ocrx_word' id='word_1_457' title='bbox 1595 3745 1640 3799; x_wconf 91' lang='lat' dir='ltr'><strong>si</strong></span> <span class='ocrx_word' id='word_1_458' title='bbox 1664 3743 1793 3813; x_wconf 86' lang='lat' dir='ltr'><strong>quid</strong></span> <span class='ocrx_word' id='word_1_459' title='bbox 1815 3757 2004 3798; x_wconf 88' lang='lat' dir='ltr'><strong>eorum</strong></span> 
     </span>
    </p>
   </div>
   <div class='ocr_carea' id='block_1_68' title="bbox 436 3830 2008 3902">
    <p class='ocr_par' dir='ltr' id='par_1_68' title="bbox 436 3830 2008 3902">
     <span class='ocr_line' id='line_1_68' title="bbox 436 3830 2008 3902; baseline 0.006 -21"><span class='ocrx_word' id='word_1_460' title='bbox 436 3844 556 3898; x_wconf 65' lang='lat' dir='ltr'><strong>qua!</strong></span> <span class='ocrx_word' id='word_1_461' title='bbox 582 3844 745 3899; x_wconf 88' lang='lat' dir='ltr'><strong>supra</strong></span> <span class='ocrx_word' id='word_1_462' title='bbox 778 3830 889 3884; x_wconf 89' lang='lat' dir='ltr'><strong>dixi</strong></span> <span class='ocrx_word' id='word_1_463' title='bbox 917 3832 1212 3902; x_wconf 89' lang='lat' dir='ltr'><strong>possideat,</strong></span> <span class='ocrx_word' id='word_1_464' title='bbox 1250 3833 1302 3886; x_wconf 92' lang='lat' dir='ltr'><strong>id</strong></span> <span class='ocrx_word' id='word_1_465' title='bbox 1333 3833 1565 3889; x_wconf 87' lang='lat' dir='ltr'><strong>ﬁrmiter</strong></span> <span class='ocrx_word' id='word_1_466' title='bbox 1609 3834 1866 3890; x_wconf 87' lang='lat' dir='ltr'><strong>retinere.</strong></span> <span class='ocrx_word' id='word_1_467' title='bbox 1903 3834 2008 3890; x_wconf 82' lang='lat' dir='ltr'><strong>Ve-</strong></span> 
     </span>
    </p>
   </div>
   <div class='ocr_carea' id='block_1_69' title="bbox 433 3922 2008 3995">
    <p class='ocr_par' dir='ltr' id='par_1_69' title="bbox 433 3922 2008 3995">
     <span class='ocr_line' id='line_1_69' title="bbox 433 3922 2008 3995; baseline 0.003 -19"><span class='ocrx_word' id='word_1_468' title='bbox 433 3936 551 3976; x_wconf 90' lang='lat' dir='ltr'><strong>rum</strong></span> <span class='ocrx_word' id='word_1_469' title='bbox 580 3922 838 3977; x_wconf 89' lang='lat' dir='ltr'><strong>adversus</strong></span> <span class='ocrx_word' id='word_1_470' title='bbox 880 3936 1261 3980; x_wconf 75' lang='lat' dir='ltr'><strong>sacrosanctos</strong></span> <span class='ocrx_word' id='word_1_471' title='bbox 1290 3923 1565 3981; x_wconf 81' lang='lat' dir='ltr'><strong>Ecclesias</strong></span> <span class='ocrx_word' id='word_1_472' title='bbox 1610 3926 1748 3980; x_wconf 91' lang='lat' dir='ltr'><strong>nihil</strong></span> <span class='ocrx_word' id='word_1_473' title='bbox 1786 3926 2008 3995; x_wconf 87' lang='lat' dir='ltr'><strong>obloqui</strong></span> 
     </span>
    </p>
   </div>
   <div class='ocr_carea' id='block_1_70' title="bbox 431 4013 2008 4083">
    <p class='ocr_par' dir='ltr' id='par_1_70' title="bbox 431 4013 2008 4083">
     <span class='ocr_line' id='line_1_70' title="bbox 431 4013 2008 4083; baseline 0.003 -18"><span class='ocrx_word' id='word_1_474' title='bbox 431 4027 616 4075; x_wconf 88' lang='lat' dir='ltr'><strong>ausus,</strong></span> <span class='ocrx_word' id='word_1_475' title='bbox 634 4026 697 4066; x_wconf 89' lang='lat' dir='ltr'><strong>ea</strong></span> <span class='ocrx_word' id='word_1_476' title='bbox 720 4027 840 4080; x_wconf 66' lang='lat' dir='ltr'><strong>qua:</strong></span> <span class='ocrx_word' id='word_1_477' title='bbox 869 4013 1179 4081; x_wconf 89' lang='lat' dir='ltr'><strong>aliquandiu</strong></span> <span class='ocrx_word' id='word_1_478' title='bbox 1214 4014 1414 4083; x_wconf 87' lang='lat' dir='ltr'><strong>injuste</strong></span> <span class='ocrx_word' id='word_1_479' title='bbox 1456 4015 1712 4083; x_wconf 86' lang='lat' dir='ltr'><strong>detinuit,</strong></span> <span class='ocrx_word' id='word_1_480' title='bbox 1742 4015 2008 4071; x_wconf 86' lang='lat' dir='ltr'><strong>Ecclesiis</strong></span> 
     </span>
    </p>
   </div>
   <div class='ocr_carea' id='block_1_71' title="bbox 435 4099 2005 4175">
    <p class='ocr_par' dir='ltr' id='par_1_71' title="bbox 435 4099 2005 4175">
     <span class='ocr_line' id='line_1_71' title="bbox 435 4099 2005 4175; baseline 0.004 -22"><span class='ocrx_word' id='word_1_481' title='bbox 435 4099 654 4154; x_wconf 88' lang='lat' dir='ltr'><strong>tandem</strong></span> <span class='ocrx_word' id='word_1_482' title='bbox 696 4099 823 4169; x_wconf 83' lang='lat' dir='ltr'><strong>jure</strong></span> <span class='ocrx_word' id='word_1_483' title='bbox 865 4102 1132 4157; x_wconf 89' lang='lat' dir='ltr'><strong>restituet.</strong></span> <span class='ocrx_word' id='word_1_484' title='bbox 1163 4103 1357 4160; x_wconf 88' lang='lat' dir='ltr'><strong>Omnia</strong></span> <span class='ocrx_word' id='word_1_485' title='bbox 1389 4119 1519 4175; x_wconf 84' lang='lat' dir='ltr'><strong>ergo</strong></span> <span class='ocrx_word' id='word_1_486' title='bbox 1553 4120 1676 4175; x_wconf 67' lang='lat' dir='ltr'><strong>quae</strong></span> <span class='ocrx_word' id='word_1_487' title='bbox 1718 4106 1786 4160; x_wconf 89' lang='lat' dir='ltr'><strong>ad</strong></span> <span class='ocrx_word' id='word_1_488' title='bbox 1817 4104 2005 4161; x_wconf 87' lang='lat' dir='ltr'><strong>Eccle-</strong></span> 
     </span>
    </p>
   </div>
   <div class='ocr_carea' id='block_1_72' title="bbox 438 4190 2009 4264">
    <p class='ocr_par' dir='ltr' id='par_1_72' title="bbox 438 4190 2009 4264">
     <span class='ocr_line' id='line_1_72' title="bbox 438 4190 2009 4264; baseline 0.005 -19"><span class='ocrx_word' id='word_1_489' title='bbox 438 4191 551 4245; x_wconf 89' lang='lat' dir='ltr'><strong>sias</strong></span> <span class='ocrx_word' id='word_1_490' title='bbox 606 4201 754 4246; x_wconf 89' lang='lat' dir='ltr'><strong>recte</strong></span> <span class='ocrx_word' id='word_1_491' title='bbox 788 4193 906 4249; x_wconf 90' lang='lat' dir='ltr'><strong>visa</strong></span> <span class='ocrx_word' id='word_1_492' title='bbox 953 4190 1156 4249; x_wconf 79' lang='lat' dir='ltr'><strong>fuerint</strong></span> <span class='ocrx_word' id='word_1_493' title='bbox 1198 4196 1494 4264; x_wconf 87' lang='lat' dir='ltr'><strong>pertinere,</strong></span> <span class='ocrx_word' id='word_1_494' title='bbox 1562 4198 1678 4253; x_wconf 89' lang='lat' dir='ltr'><strong>sive</strong></span> <span class='ocrx_word' id='word_1_495' title='bbox 1714 4198 1907 4253; x_wconf 88' lang='lat' dir='ltr'><strong>domus</strong></span> <span class='ocrx_word' id='word_1_496' title='bbox 1941 4213 2009 4253; x_wconf 88' lang='lat' dir='ltr'><strong>ac</strong></span> 
     </span>
    </p>
   </div>
   <div class='ocr_carea' id='block_1_73' title="bbox 434 4283 2010 4359">
    <p class='ocr_par' dir='ltr' id='par_1_73' title="bbox 434 4283 2010 4359">
     <span class='ocr_line' id='line_1_73' title="bbox 434 4283 2010 4359; baseline 0.006 -24"><span class='ocrx_word' id='word_1_497' title='bbox 434 4284 704 4351; x_wconf 79' lang='lat' dir='ltr'><strong>possessio</strong></span> <span class='ocrx_word' id='word_1_498' title='bbox 729 4283 820 4347; x_wconf 88' lang='lat' dir='ltr'><strong>sit,</strong></span> <span class='ocrx_word' id='word_1_499' title='bbox 858 4284 973 4339; x_wconf 86' lang='lat' dir='ltr'><strong>sive</strong></span> <span class='ocrx_word' id='word_1_500' title='bbox 1005 4285 1146 4355; x_wconf 81' lang='lat' dir='ltr'><strong>agri,</strong></span> <span class='ocrx_word' id='word_1_501' title='bbox 1176 4287 1292 4343; x_wconf 88' lang='lat' dir='ltr'><strong>sive</strong></span> <span class='ocrx_word' id='word_1_502' title='bbox 1340 4289 1506 4354; x_wconf 87' lang='lat' dir='ltr'><strong>horti,</strong></span> <span class='ocrx_word' id='word_1_503' title='bbox 1543 4304 1638 4345; x_wconf 89' lang='lat' dir='ltr'><strong>seu</strong></span> <span class='ocrx_word' id='word_1_504' title='bbox 1668 4304 2010 4359; x_wconf 67' lang='lat' dir='ltr'><strong>quaecunque</strong></span> 
     </span>
    </p>
   </div>
   <div class='ocr_carea' id='block_1_74' title="bbox 507 4523 2021 4599">
    <p class='ocr_par' dir='ltr' id='par_1_74' title="bbox 507 4524 2008 4599">
     <span class='ocr_line' id='line_1_74' title="bbox 507 4524 2008 4599; baseline 0.001 -21"><span class='ocrx_word' id='word_1_505' title='bbox 507 4526 621 4595; x_wconf 80' lang='lat' dir='ltr'><strong>(I7)</strong></span> <span class='ocrx_word' id='word_1_506' title='bbox 642 4524 803 4599; x_wconf 50' lang='lat' dir='ltr'><strong>Vulg.</strong></span> <span class='ocrx_word' id='word_1_507' title='bbox 839 4525 936 4599; x_wconf 77' lang='grc' dir='ltr'><strong>Διὸ</strong></span> <span class='ocrx_word' id='word_1_508' title='bbox 961 4529 1015 4581; x_wconf 82' lang='grc' dir='ltr'><strong>εί</strong></span> <span class='ocrx_word' id='word_1_509' title='bbox 1047 4527 1145 4582; x_wconf 78' lang='grc' dir='ltr'><strong>καὶ</strong></span> <span class='ocrx_word' id='word_1_510' title='bbox 1184 4528 1257 4583; x_wconf 80' lang='grc' dir='ltr'>τὰ</span> <span class='ocrx_word' id='word_1_511' title='bbox 1274 4526 1561 4599; x_wconf 71' lang='grc' dir='ltr'>μάλιστα.</span> <span class='ocrx_word' id='word_1_512' title='bbox 1600 4527 1655 4581; x_wconf 96' lang='lat' dir='ltr'><strong>In</strong></span> <span class='ocrx_word' id='word_1_513' title='bbox 1677 4527 1877 4599; x_wconf 62' lang='lat' dir='ltr'><strong>codice</strong></span> <span class='ocrx_word' id='word_1_514' title='bbox 1902 4526 2008 4599; x_wconf 85' lang='lat' dir='ltr'><strong>Me-</strong></span> 
     </span>
    </p>
   </div>
   <div class='ocr_carea' id='block_1_75' title="bbox 2106 4523 2606 4599">
    <p class='ocr_par' dir='ltr' id='par_1_75' title="bbox 2181 4523 2606 4599">
     <span class='ocr_line' id='line_1_75' title="bbox 2181 4523 2606 4599; baseline -0.007 -19"><span class='ocrx_word' id='word_1_515' title='bbox 2181 4524 2293 4599; x_wconf 71' lang='lat'><strong>(20)</strong></span> <span class='ocrx_word' id='word_1_516' title='bbox 2310 4523 2481 4599; x_wconf 13' lang='grc' dir='ltr'>ένοις.</span> <span class='ocrx_word' id='word_1_517' title='bbox 2509 4523 2606 4599; x_wconf 68' lang='grc' dir='ltr'>ἐπι</span> 
     </span>
    </p>
   </div>
   <div class='ocr_carea' id='block_1_76' title="bbox 434 4595 2008 4670">
    <p class='ocr_par' dir='ltr' id='par_1_76' title="bbox 434 4595 2008 4670">
     <span class='ocr_line' id='line_1_76' title="bbox 434 4595 2008 4670; baseline 0.001 -21"><span class='ocrx_word' id='word_1_518' title='bbox 434 4595 604 4670; x_wconf 62' lang='lat' dir='ltr'><strong>dicam</strong></span> <span class='ocrx_word' id='word_1_519' title='bbox 642 4595 839 4670; x_wconf 68' lang='lat' dir='ltr'><strong>legitur</strong></span> <span class='ocrx_word' id='word_1_520' title='bbox 862 4598 911 4650; x_wconf 79' lang='grc' dir='ltr'><strong>εί</strong></span> <span class='ocrx_word' id='word_1_521' title='bbox 941 4599 1051 4670; x_wconf 74' lang='grc' dir='ltr'><strong>γάρ</strong></span> <span class='ocrx_word' id='word_1_522' title='bbox 1077 4598 1173 4652; x_wconf 74' lang='grc' dir='ltr'>καὶ</span> <span class='ocrx_word' id='word_1_523' title='bbox 1202 4595 1287 4670; x_wconf 67' lang='grc' dir='ltr'><strong>τά</strong></span> <span class='ocrx_word' id='word_1_524' title='bbox 1307 4598 1544 4668; x_wconf 88' lang='grc' dir='ltr'>μάλιστα</span> <span class='ocrx_word' id='word_1_525' title='bbox 1576 4600 1792 4670; x_wconf 75' lang='grc' dir='ltr'>φανεῖεν</span> <span class='ocrx_word' id='word_1_526' title='bbox 1821 4596 1881 4662; x_wconf 78' lang='grc' dir='ltr'>ἐξ</span> <span class='ocrx_word' id='word_1_527' title='bbox 1911 4597 2008 4650; x_wconf 81' lang='grc' dir='ltr'><strong>αὐ-</strong></span> 
     </span>
    </p>
   </div>
   <div class='ocr_carea' id='block_1_77' title="bbox 436 4663 2008 4740">
    <p class='ocr_par' dir='ltr' id='par_1_77' title="bbox 436 4663 2008 4740">
     <span class='ocr_line' id='line_1_77' title="bbox 436 4663 2008 4740; baseline 0.001 -23"><span class='ocrx_word' id='word_1_528' title='bbox 436 4663 545 4740; x_wconf 83' lang='grc' dir='ltr'><strong>τῶν</strong></span> <span class='ocrx_word' id='word_1_529' title='bbox 579 4663 745 4730; x_wconf 73' lang='grc' dir='ltr'>τινες.</span> <span class='ocrx_word' id='word_1_530' title='bbox 777 4666 843 4740; x_wconf 68' lang='lat' dir='ltr'><strong>Et</strong></span> <span class='ocrx_word' id='word_1_531' title='bbox 872 4663 1042 4740; x_wconf 65' lang='lat' dir='ltr'><strong>paulo</strong></span> <span class='ocrx_word' id='word_1_532' title='bbox 1065 4678 1183 4737; x_wconf 90' lang='lat' dir='ltr'><strong>post</strong></span> <span class='ocrx_word' id='word_1_533' title='bbox 1221 4663 1361 4740; x_wconf 80' lang='lat' dir='ltr'><strong>idem</strong></span> <span class='ocrx_word' id='word_1_534' title='bbox 1393 4670 1562 4740; x_wconf 82' lang='lat' dir='ltr'><strong>codex</strong></span> <span class='ocrx_word' id='word_1_535' title='bbox 1589 4663 1752 4740; x_wconf 81' lang='lat' dir='ltr'><strong>habet</strong></span> <span class='ocrx_word' id='word_1_536' title='bbox 1782 4683 2008 4740; x_wconf 80' lang='grc' dir='ltr'>καρπωο</span> 
     </span>
    </p>
   </div>
   <div class='ocr_carea' id='block_1_78' title="bbox 437 4735 2005 4810">
    <p class='ocr_par' dir='ltr' id='par_1_78' title="bbox 437 4735 2005 4810">
     <span class='ocr_line' id='line_1_78' title="bbox 437 4735 2005 4810; baseline 0.001 -21"><span class='ocrx_word' id='word_1_537' title='bbox 437 4735 682 4810; x_wconf 72' lang='grc' dir='ltr'>σάμενοι,</span> <span class='ocrx_word' id='word_1_538' title='bbox 731 4735 825 4790; x_wconf 75' lang='grc' dir='ltr'>καὶ</span> <span class='ocrx_word' id='word_1_539' title='bbox 865 4735 1112 4810; x_wconf 81' lang='grc' dir='ltr'>γίνεσθαι</span> <span class='ocrx_word' id='word_1_540' title='bbox 1156 4736 1363 4810; x_wconf 72' lang='grc' dir='ltr'>τούτων</span> <span class='ocrx_word' id='word_1_541' title='bbox 1408 4738 1507 4810; x_wconf 83' lang='grc' dir='ltr'><strong>τὴν</strong></span> <span class='ocrx_word' id='word_1_542' title='bbox 1533 4735 1870 4810; x_wconf 83' lang='grc' dir='ltr'>ἀπαίτησιν,’</span> <span class='ocrx_word' id='word_1_543' title='bbox 1899 4747 2005 4810; x_wconf 83' lang='lat' dir='ltr'><strong>etc.</strong></span> 
     </span>
    </p>
   </div>
   <div class='ocr_carea' id='block_1_79' title="bbox 436 4806 2007 4873">
    <p class='ocr_par' dir='ltr' id='par_1_79' title="bbox 436 4806 2007 4873">
     <span class='ocr_line' id='line_1_79' title="bbox 436 4806 2007 4873; baseline -0.001 -13"><span class='ocrx_word' id='word_1_544' title='bbox 436 4806 652 4873; x_wconf 88' lang='lat' dir='ltr'><strong>Optime</strong></span> <span class='ocrx_word' id='word_1_545' title='bbox 676 4814 734 4858; x_wconf 89' lang='lat' dir='ltr'><strong>ut</strong></span> <span class='ocrx_word' id='word_1_546' title='bbox 762 4808 1012 4873; x_wconf 89' lang='lat' dir='ltr'><strong>equidem</strong></span> <span class='ocrx_word' id='word_1_547' title='bbox 1041 4822 1258 4863; x_wconf 88' lang='lat' dir='ltr'><strong>censeo.</strong></span> <span class='ocrx_word' id='word_1_548' title='bbox 1283 4808 1382 4862; x_wconf 86' lang='lat' dir='ltr'><strong>Est</strong></span> <span class='ocrx_word' id='word_1_549' title='bbox 1412 4806 1557 4863; x_wconf 84' lang='lat' dir='ltr'><strong>enim</strong></span> <span class='ocrx_word' id='word_1_550' title='bbox 1583 4809 1689 4863; x_wconf 88' lang='lat' dir='ltr'><strong>hoc</strong></span> <span class='ocrx_word' id='word_1_551' title='bbox 1711 4806 2007 4862; x_wconf 79' lang='lat' dir='ltr'><strong>secundum</strong></span> 
     </span>
    </p>
   </div>
   <div class='ocr_carea' id='block_1_80' title="bbox 442 4875 2012 4945">
    <p class='ocr_par' dir='ltr' id='par_1_80' title="bbox 442 4875 2012 4945">
     <span class='ocr_line' id='line_1_80' title="bbox 442 4875 2012 4945; baseline 0.001 -18"><span class='ocrx_word' id='word_1_552' title='bbox 442 4875 745 4928; x_wconf 89' lang='lat' dir='ltr'><strong>membrum</strong></span> <span class='ocrx_word' id='word_1_553' title='bbox 786 4876 1017 4945; x_wconf 88' lang='lat' dir='ltr'><strong>periodi.</strong></span> <span class='ocrx_word' id='word_1_554' title='bbox 1066 4875 1323 4932; x_wconf 90' lang='lat' dir='ltr'><strong>Ultimum</strong></span> <span class='ocrx_word' id='word_1_555' title='bbox 1357 4888 1538 4932; x_wconf 87' lang='lat' dir='ltr'><strong>autem</strong></span> <span class='ocrx_word' id='word_1_556' title='bbox 1582 4879 1884 4933; x_wconf 90' lang='lat' dir='ltr'><strong>membrum</strong></span> <span class='ocrx_word' id='word_1_557' title='bbox 1925 4885 2012 4930; x_wconf 87' lang='lat' dir='ltr'><strong>est</strong></span> 
     </span>
    </p>
   </div>
   <div class='ocr_carea' id='block_1_81' title="bbox 438 4945 2012 5017">
    <p class='ocr_par' dir='ltr' id='par_1_81' title="bbox 438 4945 2012 5017">
     <span class='ocr_line' id='line_1_81' title="bbox 438 4945 2012 5017; baseline -0.002 -16"><span class='ocrx_word' id='word_1_558' title='bbox 438 4945 586 5017; x_wconf 70' lang='grc' dir='ltr'>ὅμως</span> <span class='ocrx_word' id='word_1_559' title='bbox 610 4958 675 5011; x_wconf 89' lang='grc' dir='ltr'><strong>γε</strong></span> <span class='ocrx_word' id='word_1_560' title='bbox 712 4946 842 5016; x_wconf 81' lang='grc' dir='ltr'>μήν,</span> <span class='ocrx_word' id='word_1_561' title='bbox 865 4947 1147 5017; x_wconf 75' lang='lat' dir='ltr'><strong>etc.,quod</strong></span> <span class='ocrx_word' id='word_1_562' title='bbox 1179 4947 1232 5001; x_wconf 93' lang='lat' dir='ltr'><strong>in</strong></span> <span class='ocrx_word' id='word_1_563' title='bbox 1261 4947 1495 5017; x_wconf 77' lang='lat' dir='ltr'><strong>vulgatis</strong></span> <span class='ocrx_word' id='word_1_564' title='bbox 1515 4948 1851 5002; x_wconf 90' lang='lat' dir='ltr'><strong>editionibus</strong></span> <span class='ocrx_word' id='word_1_565' title='bbox 1872 4945 2012 5000; x_wconf 87' lang='lat' dir='ltr'><strong>male</strong></span> 
     </span>
    </p>
   </div>
   <div class='ocr_carea' id='block_1_82' title="bbox 438 5014 1833 5084">
    <p class='ocr_par' dir='ltr' id='par_1_82' title="bbox 438 5014 1833 5084">
     <span class='ocr_line' id='line_1_82' title="bbox 438 5014 1833 5084; baseline 0.004 -17"><span class='ocrx_word' id='word_1_566' title='bbox 438 5014 842 5084; x_wconf 46' lang='lat' dir='ltr'><strong>divulsutn&#39;e&#39;St,</strong></span> <span class='ocrx_word' id='word_1_567' title='bbox 871 5026 927 5068; x_wconf 91' lang='lat' dir='ltr'><strong>et</strong></span> <span class='ocrx_word' id='word_1_568' title='bbox 962 5014 1272 5083; x_wconf 88' lang='lat' dir='ltr'><strong>insequens</strong></span> <span class='ocrx_word' id='word_1_569' title='bbox 1295 5014 1456 5084; x_wconf 75' lang='lat' dir='ltr'><strong>caput</strong></span> <span class='ocrx_word' id='word_1_570' title='bbox 1491 5018 1833 5073; x_wconf 81' lang='lat' dir='ltr'><strong>translatum.</strong></span> 
     </span>
    </p>
   </div>
   <div class='ocr_carea' id='block_1_83' title="bbox 510 5082 2016 5151">
    <p class='ocr_par' dir='ltr' id='par_1_83' title="bbox 510 5082 2016 5151">
     <span class='ocr_line' id='line_1_83' title="bbox 510 5082 2016 5151; baseline 0.003 -15"><span class='ocrx_word' id='word_1_571' title='bbox 510 5083 621 5151; x_wconf 84' lang='lat' dir='ltr'><strong>(I8)</strong></span> <span class='ocrx_word' id='word_1_572' title='bbox 656 5082 809 5151; x_wconf 79' lang='lat' dir='ltr'><strong>Vulg.</strong></span> <span class='ocrx_word' id='word_1_573' title='bbox 859 5085 1069 5150; x_wconf 81' lang='grc' dir='ltr'>λυθείη</span> <span class='ocrx_word' id='word_1_574' title='bbox 1100 5082 1440 5150; x_wconf 72' lang='grc' dir='ltr'>πλεονεξία.</span> <span class='ocrx_word' id='word_1_575' title='bbox 1483 5086 1706 5142; x_wconf 74' lang='lat' dir='ltr'><strong>Rectius</strong></span> <span class='ocrx_word' id='word_1_576' title='bbox 1744 5089 1795 5141; x_wconf 88' lang='lat' dir='ltr'><strong>in</strong></span> <span class='ocrx_word' id='word_1_577' title='bbox 1831 5085 2016 5141; x_wconf 85' lang='lat' dir='ltr'><strong>codice</strong></span> 
     </span>
    </p>
   </div>
   <div class='ocr_carea' id='block_1_84' title="bbox 439 5153 1404 5227">
    <p class='ocr_par' dir='ltr' id='par_1_84' title="bbox 439 5153 1404 5227">
     <span class='ocr_line' id='line_1_84' title="bbox 439 5153 1404 5227; baseline 0.002 -19"><span class='ocrx_word' id='word_1_578' title='bbox 439 5153 696 5227; x_wconf 63' lang='lat' dir='ltr'><strong>Medicmg</strong></span> <span class='ocrx_word' id='word_1_579' title='bbox 729 5154 925 5227; x_wconf 77' lang='lat' dir='ltr'><strong>legitur</strong></span> <span class='ocrx_word' id='word_1_580' title='bbox 952 5153 1079 5227; x_wconf 67' lang='grc' dir='ltr'><strong>⁸ἰαθῇ</strong></span> <span class='ocrx_word' id='word_1_581' title='bbox 1106 5154 1404 5227; x_wconf 72' lang='grc' dir='ltr'>πλεονεξία.</span> 
     </span>
    </p>
   </div>
   <div class='ocr_carea' id='block_1_85' title="bbox 511 5221 2017 5296">
    <p class='ocr_par' dir='ltr' id='par_1_85' title="bbox 511 5221 2017 5296">
     <span class='ocr_line' id='line_1_85' title="bbox 511 5221 2017 5296; baseline 0.001 -20"><span class='ocrx_word' id='word_1_582' title='bbox 511 5221 810 5296; x_wconf 54' lang='lat' dir='ltr'><strong>(19)_Vulg&#39;.</strong></span> <span class='ocrx_word' id='word_1_583' title='bbox 839 5224 965 5296; x_wconf 75' lang='grc' dir='ltr'>καθ’</span> <span class='ocrx_word' id='word_1_584' title='bbox 990 5221 1362 5296; x_wconf 53' lang='grc' dir='ltr'>ὃῐύπῆρχον</span> <span class='ocrx_word' id='word_1_585' title='bbox 1382 5227 1808 5295; x_wconf 72' lang='grc' dir='ltr'>ἀπολλύμενοι.</span> <span class='ocrx_word' id='word_1_586' title='bbox 1836 5224 2017 5293; x_wconf 78' lang='lat' dir='ltr'><strong>Longe</strong></span> 
     </span>
    </p>
   </div>
   <div class='ocr_carea' id='block_1_86' title="bbox 440 5291 2019 5351">
    <p class='ocr_par' dir='ltr' id='par_1_86' title="bbox 440 5291 2019 5351">
     <span class='ocr_line' id='line_1_86' title="bbox 440 5291 2019 5351; baseline 0.003 -8"><span class='ocrx_word' id='word_1_587' title='bbox 440 5291 612 5347; x_wconf 80' lang='lat' dir='ltr'><strong>aliter</strong></span> <span class='ocrx_word' id='word_1_588' title='bbox 631 5291 685 5345; x_wconf 91' lang='lat' dir='ltr'><strong>in</strong></span> <span class='ocrx_word' id='word_1_589' title='bbox 714 5291 838 5348; x_wconf 77' lang='lat' dir='ltr'><strong>cod.</strong></span> <span class='ocrx_word' id='word_1_590' title='bbox 875 5294 1132 5350; x_wconf 77' lang='lat' dir='ltr'><strong>Medich</strong></span> <span class='ocrx_word' id='word_1_591' title='bbox 1158 5291 1326 5349; x_wconf 75' lang='lat' dir='ltr'><strong>scrib.</strong></span> <span class='ocrx_word' id='word_1_592' title='bbox 1367 5298 1454 5350; x_wconf 87' lang='lat' dir='ltr'><strong>hic</strong></span> <span class='ocrx_word' id='word_1_593' title='bbox 1482 5291 1634 5351; x_wconf 76' lang='lat' dir='ltr'><strong>locus</strong></span> <span class='ocrx_word' id='word_1_594' title='bbox 1662 5298 1714 5350; x_wconf 88' lang='lat' dir='ltr'><strong>in</strong></span> <span class='ocrx_word' id='word_1_595' title='bbox 1734 5297 1877 5349; x_wconf 89' lang='lat' dir='ltr'><strong>hunc</strong></span> <span class='ocrx_word' id='word_1_596' title='bbox 1902 5291 2019 5347; x_wconf 76' lang='lat' dir='ltr'><strong>mo-</strong></span> 
     </span>
    </p>
   </div>
   <div class='ocr_carea' id='block_1_87' title="bbox 438 5362 2018 5436">
    <p class='ocr_par' dir='ltr' id='par_1_87' title="bbox 438 5362 2018 5436">
     <span class='ocr_line' id='line_1_87' title="bbox 438 5362 2018 5436; baseline 0.002 -23"><span class='ocrx_word' id='word_1_597' title='bbox 438 5362 565 5436; x_wconf 68' lang='lat' dir='ltr'><strong>dunt</strong></span> <span class='ocrx_word' id='word_1_598' title='bbox 593 5379 617 5436; x_wconf 55' lang='grc' dir='ltr'>Ξ</span> <span class='ocrx_word' id='word_1_599' title='bbox 632 5362 800 5436; x_wconf 86' lang='grc' dir='ltr'>ὠμῶς</span> <span class='ocrx_word' id='word_1_600' title='bbox 841 5363 1300 5436; x_wconf 79' lang='grc' dir='ltr'>ἀπελαυνόμενοι·</span> <span class='ocrx_word' id='word_1_601' title='bbox 1353 5366 1585 5434; x_wconf 83' lang='grc' dir='ltr'>ἀφειδῶς</span> <span class='ocrx_word' id='word_1_602' title='bbox 1615 5366 1976 5435; x_wconf 86' lang='grc' dir='ltr'>ἀπολλύμενοι</span> <span class='ocrx_word' id='word_1_603' title='bbox 1999 5383 2018 5399; x_wconf 80' lang='grc' dir='ltr'><strong><em>ο</em></strong></span> 
     </span>
    </p>
   </div>
   <div class='ocr_carea' id='block_1_88' title="bbox 439 5432 2023 5560">
    <p class='ocr_par' dir='ltr' id='par_1_88' title="bbox 439 5432 2023 5560">
     <span class='ocr_line' id='line_1_88' title="bbox 439 5432 2023 5507; baseline 0.003 -24"><span class='ocrx_word' id='word_1_604' title='bbox 439 5432 658 5501; x_wconf 87' lang='grc' dir='ltr'>ἀμελῶς</span> <span class='ocrx_word' id='word_1_605' title='bbox 682 5432 1003 5505; x_wconf 73' lang='grc' dir='ltr'>ἐρριμμένοι</span> <span class='ocrx_word' id='word_1_606' title='bbox 1022 5452 1036 5465; x_wconf 91' lang='grc'><strong>·</strong></span> <span class='ocrx_word' id='word_1_607' title='bbox 1070 5432 1133 5507; x_wconf 83' lang='grc' dir='ltr'><strong>δη</strong></span> <span class='ocrx_word' id='word_1_608' title='bbox 1185 5437 1364 5499; x_wconf 86' lang='grc' dir='ltr'>εύσεις</span> <span class='ocrx_word' id='word_1_609' title='bbox 1388 5432 1497 5490; x_wconf 82' lang='grc' dir='ltr'>τῶν</span> <span class='ocrx_word' id='word_1_610' title='bbox 1530 5436 1683 5490; x_wconf 83' lang='grc' dir='ltr'>οὐδὲν</span> <span class='ocrx_word' id='word_1_611' title='bbox 1707 5432 1896 5491; x_wconf 84' lang='grc' dir='ltr'>αἰτίων</span> <span class='ocrx_word' id='word_1_612' title='bbox 1929 5451 2023 5487; x_wconf 77' lang='lat' dir='ltr'><strong>cu-</strong></span> 
     </span>
     <span class='ocr_line' id='line_1_89' title="bbox 439 5454 2022 5560; baseline 0.005 -8"><span class='ocrx_word' id='word_1_613' title='bbox 439 5501 595 5560; x_wconf 66' lang='grc' dir='ltr'>γναίο</span> <span class='ocrx_word' id='word_1_614' title='bbox 619 5502 830 5560; x_wconf 81' lang='grc' dir='ltr'>διώξεις</span> <span class='ocrx_word' id='word_1_615' title='bbox 869 5516 977 5559; x_wconf 90' lang='lat' dir='ltr'><strong>etc.</strong></span> <span class='ocrx_word' id='word_1_616' title='bbox 1000 5454 1180 5560; x_wconf 64' lang='grc' dir='ltr'><strong>Οιιούι</strong></span> <span class='ocrx_word' id='word_1_617' title='bbox 1185 5508 1383 5560; x_wconf 86' lang='lat' dir='ltr'><strong>rectius</strong></span> <span class='ocrx_word' id='word_1_618' title='bbox 1417 5521 1561 5560; x_wconf 89' lang='lat' dir='ltr'><strong>esse.</strong></span> <span class='ocrx_word' id='word_1_619' title='bbox 1601 5522 1758 5560; x_wconf 90' lang='lat' dir='ltr'><strong>nemo</strong></span> <span class='ocrx_word' id='word_1_620' title='bbox 1794 5516 1877 5560; x_wconf 83' lang='lat' dir='ltr'><strong>est</strong></span> <span class='ocrx_word' id='word_1_621' title='bbox 1930 5507 2022 5560; x_wconf 88' lang='lat' dir='ltr'><strong>aui</strong></span> 
     </span>
    </p>
   </div>
   <div class='ocr_carea' id='block_1_89' title="bbox 438 5501 2022 5574">
    <p class='ocr_par' dir='ltr' id='par_1_89' title="bbox 438 5501 2022 5574">
     <span class='ocr_line' id='line_1_90' title="bbox 438 5501 2022 5574; baseline 0.005 -22"><span class='ocrx_word' id='word_1_622' title='bbox 438 5501 830 5574; x_wconf 50' lang='lat' dir='ltr'><strong>xvalﬁdub&#39;ﬁ&#39;sté</strong></span> <span class='ocrx_word' id='word_1_623' title='bbox 854 5501 977 5559; x_wconf 56' lang='lat' dir='ltr'><strong>&#39;ctc.</strong></span> <span class='ocrx_word' id='word_1_624' title='bbox 1000 5501 1153 5572; x_wconf 71' lang='lat' dir='ltr'><strong>Quod</strong></span> <span class='ocrx_word' id='word_1_625' title='bbox 1185 5508 1383 5561; x_wconf 85' lang='lat' dir='ltr'><strong>rectius</strong></span> <span class='ocrx_word' id='word_1_626' title='bbox 1417 5521 1561 5567; x_wconf 89' lang='lat' dir='ltr'><strong>esse,</strong></span> <span class='ocrx_word' id='word_1_627' title='bbox 1601 5522 1758 5561; x_wconf 90' lang='lat' dir='ltr'><strong>nemo</strong></span> <span class='ocrx_word' id='word_1_628' title='bbox 1794 5516 1877 5561; x_wconf 84' lang='lat' dir='ltr'><strong>est</strong></span> <span class='ocrx_word' id='word_1_629' title='bbox 1930 5507 2022 5574; x_wconf 90' lang='lat' dir='ltr'><strong>qui</strong></span> 
     </span>
    </p>
   </div>
   <div class='ocr_carea' id='block_1_90' title="bbox 441 5573 2025 5648">
    <p class='ocr_par' dir='ltr' id='par_1_90' title="bbox 441 5573 2025 5648">
     <span class='ocr_line' id='line_1_91' title="bbox 441 5573 2025 5648; baseline 0.005 -26"><span class='ocrx_word' id='word_1_630' title='bbox 441 5587 546 5623; x_wconf 88' lang='lat' dir='ltr'><strong>non</strong></span> <span class='ocrx_word' id='word_1_631' title='bbox 568 5573 766 5648; x_wconf 56' lang='lat' dir='ltr'><strong>videat.</strong></span> <span class='ocrx_word' id='word_1_632' title='bbox 794 5575 928 5628; x_wconf 81' lang='lat' dir='ltr'><strong>Nam</strong></span> <span class='ocrx_word' id='word_1_633' title='bbox 944 5590 1122 5648; x_wconf 86' lang='lat' dir='ltr'><strong>_v_oces_</strong></span> <span class='ocrx_word' id='word_1_634' title='bbox 1156 5574 1261 5629; x_wconf 66' lang='lat' dir='ltr'><strong>illae</strong></span> <span class='ocrx_word' id='word_1_635' title='bbox 1281 5574 1411 5648; x_wconf 82' lang='grc' dir='ltr'>καθ’</span> <span class='ocrx_word' id='word_1_636' title='bbox 1439 5575 1498 5629; x_wconf 82' lang='grc' dir='ltr'><strong>ὃν</strong></span> <span class='ocrx_word' id='word_1_637' title='bbox 1534 5577 1776 5648; x_wconf 83' lang='grc' dir='ltr'>ὑπῆρχον</span> <span class='ocrx_word' id='word_1_638' title='bbox 1803 5573 2025 5648; x_wconf 87' lang='lat' dir='ltr'><strong>prorsus</strong></span> 
     </span>
    </p>
   </div>
   <div class='ocr_carea' id='block_1_91' title="bbox 440 5642 2025 5708">
    <p class='ocr_par' dir='ltr' id='par_1_91' title="bbox 440 5642 2025 5708">
     <span class='ocr_line' id='line_1_92' title="bbox 440 5642 2025 5708; baseline 0.006 -19"><span class='ocrx_word' id='word_1_639' title='bbox 440 5642 725 5708; x_wconf 71' lang='lat' dir='ltr'><strong>superﬂuae</strong></span> <span class='ocrx_word' id='word_1_640' title='bbox 754 5655 901 5697; x_wconf 89' lang='lat' dir='ltr'><strong>sunt.</strong></span> <span class='ocrx_word' id='word_1_641' title='bbox 944 5644 1063 5698; x_wconf 85' lang='lat' dir='ltr'><strong>Mox</strong></span> <span class='ocrx_word' id='word_1_642' title='bbox 1111 5646 1163 5698; x_wconf 92' lang='lat' dir='ltr'><strong>in</strong></span> <span class='ocrx_word' id='word_1_643' title='bbox 1193 5646 1381 5699; x_wconf 82' lang='lat' dir='ltr'><strong>eodem</strong></span> <span class='ocrx_word' id='word_1_644' title='bbox 1438 5642 1922 5702; x_wconf 53' lang='lat' dir='ltr'><strong>codice&#39;sc&#39;rihitur</strong></span> <span class='ocrx_word' id='word_1_645' title='bbox 1977 5648 2025 5699; x_wconf 78' lang='grc' dir='ltr'>εἰ</span> 
     </span>
    </p>
   </div>
   <div class='ocr_carea' id='block_1_92' title="bbox 440 5708 2029 5835">
    <p class='ocr_par' dir='ltr' id='par_1_92' title="bbox 440 5708 2029 5835">
     <span class='ocr_line' id='line_1_93' title="bbox 440 5708 2029 5835; baseline 0.008 -74"><span class='ocrx_word' id='word_1_646' title='bbox 440 5708 502 5834; x_wconf 50' lang='lat' dir='ltr'><strong>iii]</strong></span> <span class='ocrx_word' id='word_1_647' title='bbox 520 5712 925 5835; x_wconf 50' lang='lat' dir='ltr'><strong>Eoiifefiowti&#39;mtq</strong></span> <span class='ocrx_word' id='word_1_648' title='bbox 958 5713 1371 5786; x_wconf 76' lang='grc' dir='ltr'>διισχυρίξοιντο</span> <span class='ocrx_word' id='word_1_649' title='bbox 1388 5715 1583 5788; x_wconf 88' lang='grc' dir='ltr'>λόγοις,</span> <span class='ocrx_word' id='word_1_650' title='bbox 1614 5726 1716 5773; x_wconf 89' lang='lat' dir='ltr'><strong>etc.</strong></span> <span class='ocrx_word' id='word_1_651' title='bbox 1749 5717 1838 5773; x_wconf 87' lang='lat' dir='ltr'><strong>Sic</strong></span> <span class='ocrx_word' id='word_1_652' title='bbox 1862 5717 2029 5775; x_wconf 85' lang='lat' dir='ltr'><strong>etiam</strong></span> 
     </span>
     <span class='ocr_line' id='line_1_94' title="bbox 568 5796 835 5835; baseline 0.015 -3"><span class='ocrx_word' id='word_1_653' title='bbox 568 5798 595 5832; x_wconf 82' lang='grc' dir='ltr'>υ</span> <span class='ocrx_word' id='word_1_654' title='bbox 621 5796 631 5804; x_wconf 92' lang='grc'>·</span> <span class='ocrx_word' id='word_1_655' title='bbox 715 5799 835 5835; x_wconf 81' lang='lat' dir='ltr'><strong>uno.</strong></span> 
     </span>
    </p>
   </div>
   <div class='ocr_carea' id='block_1_93' title="bbox 568 5796 835 5837">
    <p class='ocr_par' dir='ltr' id='par_1_93' title="bbox 568 5796 835 5837">
     <span class='ocr_line' id='line_1_95' title="bbox 568 5796 835 5837; baseline 0.019 -5"><span class='ocrx_word' id='word_1_656' title='bbox 568 5796 835 5837; x_wconf 74' lang='grc' dir='ltr'>ιιιίοιιιιιιο.</span> 
     </span>
    </p>
   </div>
   <div class='ocr_carea' id='block_1_94' title="bbox 2026 3472 2073 3535">
    <p class='ocr_par' dir='ltr' id='par_1_94' title="bbox 2026 3472 2073 3535">
     <span class='ocr_line' id='line_1_96' title="bbox 2026 3472 2073 3535; baseline 0 0"><span class='ocrx_word' id='word_1_657' title='bbox 2026 3472 2073 3535; x_wconf 86' lang='lat' dir='ltr'><strong><em>C</em></strong></span> 
     </span>
    </p>
   </div>
   <div class='ocr_carea' id='block_1_95' title="bbox 2613 3476 3185 3531">
    <p class='ocr_par' dir='ltr' id='par_1_95' title="bbox 2613 3476 3185 3531">
     <span class='ocr_line' id='line_1_97' title="bbox 2613 3476 3185 3531; baseline -0.003 0"><span class='ocrx_word' id='word_1_658' title='bbox 2613 3478 3013 3531; x_wconf 79' lang='grc' dir='ltr'><strong>ΚΕΦΑΛΑῙΟΝ</strong></span> <span class='ocrx_word' id='word_1_659' title='bbox 3060 3476 3185 3530; x_wconf 75' lang='lat' dir='ltr'><strong>AG’.</strong></span> 
     </span>
    </p>
   </div>
   <div class='ocr_carea' id='block_1_96' title="bbox 2111 3566 3697 3639">
    <p class='ocr_par' dir='ltr' id='par_1_96' title="bbox 2111 3566 3697 3639">
     <span class='ocr_line' id='line_1_98' title="bbox 2111 3566 3697 3639; baseline 0.001 -17"><span class='ocrx_word' id='word_1_660' title='bbox 2111 3566 2243 3634; x_wconf 81' lang='grc' dir='ltr'>Ταῖς</span> <span class='ocrx_word' id='word_1_661' title='bbox 2300 3567 2684 3637; x_wconf 64' lang='grc' dir='ltr'>Ἐκκλησίαις</span> <span class='ocrx_word' id='word_1_662' title='bbox 2724 3568 3054 3624; x_wconf 76' lang='grc' dir='ltr'>ἀποδοῦναι</span> <span class='ocrx_word' id='word_1_663' title='bbox 3100 3567 3170 3621; x_wconf 83' lang='grc' dir='ltr'>τὸ</span> <span class='ocrx_word' id='word_1_664' title='bbox 3219 3567 3481 3639; x_wconf 78' lang='grc' dir='ltr'>ταμεῖον,</span> <span class='ocrx_word' id='word_1_665' title='bbox 3507 3567 3697 3637; x_wconf 71' lang='grc' dir='ltr'>χωρία</span> 
     </span>
    </p>
   </div>
   <div class='ocr_carea' id='block_1_97' title="bbox 2532 3639 3275 3708">
    <p class='ocr_par' dir='ltr' id='par_1_97' title="bbox 2532 3639 3275 3708">
     <span class='ocr_line' id='line_1_99' title="bbox 2532 3639 3275 3708; baseline -0.001 -15"><span class='ocrx_word' id='word_1_666' title='bbox 2532 3639 2631 3693; x_wconf 79' lang='grc' dir='ltr'><strong>καὶ</strong></span> <span class='ocrx_word' id='word_1_667' title='bbox 2670 3639 2905 3708; x_wconf 80' lang='grc' dir='ltr'>κήπους</span> <span class='ocrx_word' id='word_1_668' title='bbox 2932 3641 3029 3693; x_wconf 82' lang='grc' dir='ltr'>καὶ</span> <span class='ocrx_word' id='word_1_669' title='bbox 3061 3639 3275 3705; x_wconf 70' lang='grc' dir='ltr'>οἰκίας.</span> 
     </span>
    </p>
   </div>
   <div class='ocr_carea' id='block_1_98' title="bbox 2185 3730 3693 3803">
    <p class='ocr_par' dir='ltr' id='par_1_98' title="bbox 2185 3730 3693 3803">
     <span class='ocr_line' id='line_1_100' title="bbox 2185 3730 3693 3803; baseline 0 -22"><span class='ocrx_word' id='word_1_670' title='bbox 2185 3748 2205 3781; x_wconf 80' lang='grc' dir='ltr'>ι</span> <span class='ocrx_word' id='word_1_671' title='bbox 2227 3730 2362 3784; x_wconf 80' lang='grc' dir='ltr'>Οὐδὲ</span> <span class='ocrx_word' id='word_1_672' title='bbox 2378 3731 2487 3803; x_wconf 87' lang='grc' dir='ltr'>γὰρ</span> <span class='ocrx_word' id='word_1_673' title='bbox 2510 3730 2573 3784; x_wconf 78' lang='grc' dir='ltr'><strong>τὸ</strong></span> <span class='ocrx_word' id='word_1_674' title='bbox 2605 3733 2828 3801; x_wconf 82' lang='grc' dir='ltr'>ταμεῖον</span> <span class='ocrx_word' id='word_1_675' title='bbox 2845 3730 2953 3801; x_wconf 67' lang='lat'><strong>(22)</strong></span> <span class='ocrx_word' id='word_1_676' title='bbox 2969 3730 3025 3784; x_wconf 74' lang='grc' dir='ltr'>εἴ</span> <span class='ocrx_word' id='word_1_677' title='bbox 3045 3748 3098 3783; x_wconf 91' lang='grc' dir='ltr'>τι</span> <span class='ocrx_word' id='word_1_678' title='bbox 3129 3730 3348 3801; x_wconf 84' lang='grc' dir='ltr'>κατέχοι</span> <span class='ocrx_word' id='word_1_679' title='bbox 3372 3730 3480 3783; x_wconf 92' lang='grc' dir='ltr'><strong>τῶν</strong></span> <span class='ocrx_word' id='word_1_680' title='bbox 3505 3745 3693 3801; x_wconf 69' lang='grc' dir='ltr'>προειει</span> 
     </span>
    </p>
   </div>
   <div class='ocr_carea' id='block_1_99' title="bbox 2117 3821 3691 3896">
    <p class='ocr_par' dir='ltr' id='par_1_99' title="bbox 2117 3821 3691 3896">
     <span class='ocr_line' id='line_1_101' title="bbox 2117 3821 3691 3896; baseline -0.003 -18"><span class='ocrx_word' id='word_1_681' title='bbox 2117 3824 2390 3896; x_wconf 88' lang='grc' dir='ltr'>ρημένων,</span> <span class='ocrx_word' id='word_1_682' title='bbox 2441 3824 2674 3895; x_wconf 76' lang='grc' dir='ltr'>βεϐαίως</span> <span class='ocrx_word' id='word_1_683' title='bbox 2722 3824 2973 3895; x_wconf 80' lang='grc' dir='ltr'>κατέχειν</span> <span class='ocrx_word' id='word_1_684' title='bbox 3025 3822 3531 3895; x_wconf 84' lang='grc' dir='ltr'>συγχωρηθήσεται,</span> <span class='ocrx_word' id='word_1_685' title='bbox 3575 3821 3691 3875; x_wconf 81' lang='grc' dir='ltr'>ἀλλ’</span> 
     </span>
    </p>
   </div>
   <div class='ocr_carea' id='block_1_100' title="bbox 2115 3911 3690 3987">
    <p class='ocr_par' dir='ltr' id='par_1_100' title="bbox 2115 3911 3690 3987">
     <span class='ocr_line' id='line_1_102' title="bbox 2115 3911 3690 3987; baseline -0.003 -18"><span class='ocrx_word' id='word_1_686' title='bbox 2115 3911 2228 3970; x_wconf 71' lang='grc' dir='ltr'>οἷον</span> <span class='ocrx_word' id='word_1_687' title='bbox 2258 3917 2378 3970; x_wconf 83' lang='grc' dir='ltr'>οὐδὲ</span> <span class='ocrx_word' id='word_1_688' title='bbox 2395 3915 2855 3986; x_wconf 77' lang='grc' dir='ltr'>ἀντιφθέγξασθαι</span> <span class='ocrx_word' id='word_1_689' title='bbox 2883 3915 3020 3987; x_wconf 83' lang='grc' dir='ltr'>πρὸς</span> <span class='ocrx_word' id='word_1_690' title='bbox 3052 3915 3151 3978; x_wconf 76' lang='grc' dir='ltr'>τὰς</span> <span class='ocrx_word' id='word_1_691' title='bbox 3177 3915 3327 3987; x_wconf 82' lang='grc' dir='ltr'>ἱερὰς</span> <span class='ocrx_word' id='word_1_692' title='bbox 3365 3912 3690 3983; x_wconf 88' lang='grc' dir='ltr'>Ἐκκλησίας</span> 
     </span>
    </p>
   </div>
   <div class='ocr_carea' id='block_1_101' title="bbox 2112 4003 3689 4081">
    <p class='ocr_par' dir='ltr' id='par_1_101' title="bbox 2112 4003 3689 4081">
     <span class='ocr_line' id='line_1_103' title="bbox 2112 4003 3689 4081; baseline -0.004 -17"><span class='ocrx_word' id='word_1_693' title='bbox 2112 4008 2386 4081; x_wconf 83' lang='grc' dir='ltr'>τολμῆσαν</span> <span class='ocrx_word' id='word_1_694' title='bbox 2428 4009 2561 4080; x_wconf 72' lang='lat'><strong>(25),</strong></span> <span class='ocrx_word' id='word_1_695' title='bbox 2608 4003 2682 4062; x_wconf 84' lang='grc' dir='ltr'><strong>ὧν</strong></span> <span class='ocrx_word' id='word_1_696' title='bbox 2734 4009 2828 4061; x_wconf 70' lang='grc' dir='ltr'><strong>ἐπὶ</strong></span> <span class='ocrx_word' id='word_1_697' title='bbox 2862 4008 3053 4079; x_wconf 89' lang='grc' dir='ltr'>χρόνον</span> <span class='ocrx_word' id='word_1_698' title='bbox 3080 4010 3142 4061; x_wconf 81' lang='grc' dir='ltr'><strong>οὐ</strong></span> <span class='ocrx_word' id='word_1_699' title='bbox 3176 4008 3401 4071; x_wconf 86' lang='grc' dir='ltr'>δικαίως</span> <span class='ocrx_word' id='word_1_700' title='bbox 3432 4006 3689 4075; x_wconf 83' lang='grc' dir='ltr'>κατέσχε,</span> 
     </span>
    </p>
   </div>
   <div class='ocr_carea' id='block_1_102' title="bbox 2113 4100 3693 4176">
    <p class='ocr_par' dir='ltr' id='par_1_102' title="bbox 2113 4100 3693 4176">
     <span class='ocr_line' id='line_1_104' title="bbox 2113 4100 3693 4176; baseline -0.003 -21"><span class='ocrx_word' id='word_1_701' title='bbox 2113 4103 2319 4157; x_wconf 90' lang='grc' dir='ltr'>τούτων</span> <span class='ocrx_word' id='word_1_702' title='bbox 2339 4105 2665 4176; x_wconf 85' lang='grc' dir='ltr'>ὲκστήσεται</span> <span class='ocrx_word' id='word_1_703' title='bbox 2684 4103 2906 4166; x_wconf 82' lang='grc' dir='ltr'>δικαίως</span> <span class='ocrx_word' id='word_1_704' title='bbox 2930 4105 3047 4165; x_wconf 81' lang='grc' dir='ltr'>ταῖς</span> <span class='ocrx_word' id='word_1_705' title='bbox 3063 4100 3693 4168; x_wconf 75' lang='grc' dir='ltr'>Ἐκκλησίαις.“Απαντει</span> 
     </span>
    </p>
   </div>
   <div class='ocr_carea' id='block_1_103' title="bbox 2115 4188 3801 4267">
    <p class='ocr_par' dir='ltr' id='par_1_103' title="bbox 2115 4188 3801 4267">
     <span class='ocr_line' id='line_1_105' title="bbox 2115 4188 3801 4267; baseline -0.005 -18"><span class='ocrx_word' id='word_1_706' title='bbox 2115 4195 2181 4267; x_wconf 80' lang='grc' dir='ltr'>δὴ</span> <span class='ocrx_word' id='word_1_707' title='bbox 2229 4196 2330 4249; x_wconf 79' lang='grc' dir='ltr'><strong>ὅσα</strong></span> <span class='ocrx_word' id='word_1_708' title='bbox 2372 4196 2486 4257; x_wconf 81' lang='grc' dir='ltr'>ταῖς</span> <span class='ocrx_word' id='word_1_709' title='bbox 2548 4192 2899 4263; x_wconf 79' lang='grc' dir='ltr'>Ἐκκλησίαις</span> <span class='ocrx_word' id='word_1_710' title='bbox 2947 4193 3247 4262; x_wconf 76' lang='grc' dir='ltr'>προσήκειν</span> <span class='ocrx_word' id='word_1_711' title='bbox 3276 4190 3451 4260; x_wconf 78' lang='grc' dir='ltr'>ὀρθῶς</span> <span class='ocrx_word' id='word_1_712' title='bbox 3494 4188 3559 4242; x_wconf 84' lang='grc' dir='ltr'><strong>ἂν</strong></span> <span class='ocrx_word' id='word_1_713' title='bbox 3586 4204 3693 4255; x_wconf 88' lang='grc' dir='ltr'><strong>φα-</strong></span> <span class='ocrx_word' id='word_1_714' title='bbox 3795 4252 3801 4260; x_wconf 34' lang='grc' dir='ltr'>ι</span> 
     </span>
    </p>
   </div>
   <div class='ocr_carea' id='block_1_104' title="bbox 2115 4277 3685 4358">
    <p class='ocr_par' dir='ltr' id='par_1_104' title="bbox 2115 4277 3685 4358">
     <span class='ocr_line' id='line_1_106' title="bbox 2115 4277 3685 4358; baseline -0.006 -18"><span class='ocrx_word' id='word_1_715' title='bbox 2115 4287 2232 4358; x_wconf 88' lang='grc' dir='ltr'>νείη</span> <span class='ocrx_word' id='word_1_716' title='bbox 2257 4286 2390 4358; x_wconf 70' lang='grc'><strong>(24),</strong></span> <span class='ocrx_word' id='word_1_717' title='bbox 2419 4285 2517 4339; x_wconf 78' lang='grc' dir='ltr'>εἴτ’</span> <span class='ocrx_word' id='word_1_718' title='bbox 2545 4285 2712 4338; x_wconf 75' lang='grc' dir='ltr'>οἰκίαι</span> <span class='ocrx_word' id='word_1_719' title='bbox 2736 4284 2796 4337; x_wconf 82' lang='grc' dir='ltr'><strong>τὸ</strong></span> <span class='ocrx_word' id='word_1_720' title='bbox 2821 4284 3006 4355; x_wconf 84' lang='grc' dir='ltr'>κτῆμα</span> <span class='ocrx_word' id='word_1_721' title='bbox 3032 4283 3370 4353; x_wconf 85' lang='grc' dir='ltr'>τυγχάνοιεν,</span> <span class='ocrx_word' id='word_1_722' title='bbox 3400 4280 3500 4335; x_wconf 79' lang='grc' dir='ltr'>εἶτ’</span> <span class='ocrx_word' id='word_1_723' title='bbox 3526 4277 3685 4351; x_wconf 86' lang='grc' dir='ltr'>ἀγροί</span> 
     </span>
    </p>
   </div>
   <div class='ocr_carea' id='block_1_105' title="bbox 2605 4520 3695 4593">
    <p class='ocr_par' dir='ltr' id='par_1_105' title="bbox 2605 4520 3695 4593">
     <span class='ocr_line' id='line_1_107' title="bbox 2605 4520 3695 4593; baseline -0.005 -16"><span class='ocrx_word' id='word_1_724' title='bbox 2605 4522 2848 4593; x_wconf 77' lang='grc' dir='ltr'>μένοιεν</span> <span class='ocrx_word' id='word_1_725' title='bbox 2863 4524 3276 4591; x_wconf 72' lang='grc' dir='ltr'>παραινέσεσι.</span> <span class='ocrx_word' id='word_1_726' title='bbox 3321 4521 3475 4578; x_wconf 86' lang='lat' dir='ltr'><strong>lIunc</strong></span> <span class='ocrx_word' id='word_1_727' title='bbox 3518 4520 3695 4593; x_wconf 86' lang='lat' dir='ltr'><strong>locum</strong></span> 
     </span>
    </p>
   </div>
   <div class='ocr_carea' id='block_1_106' title="bbox 2109 4592 3696 4665">
    <p class='ocr_par' dir='ltr' id='par_1_106' title="bbox 2109 4592 3696 4665">
     <span class='ocr_line' id='line_1_108' title="bbox 2109 4592 3696 4665; baseline -0.008 -10"><span class='ocrx_word' id='word_1_728' title='bbox 2109 4592 2320 4655; x_wconf 73' lang='lat' dir='ltr'><strong>correxi</strong></span> <span class='ocrx_word' id='word_1_729' title='bbox 2362 4592 2464 4662; x_wconf 76' lang='lat' dir='ltr'><strong>ope</strong></span> <span class='ocrx_word' id='word_1_730' title='bbox 2493 4592 2697 4649; x_wconf 85' lang='lat' dir='ltr'><strong>codicis</strong></span> <span class='ocrx_word' id='word_1_731' title='bbox 2728 4593 2992 4661; x_wconf 71' lang='lat' dir='ltr'><strong>Medicmi,</strong></span> <span class='ocrx_word' id='word_1_732' title='bbox 3013 4596 3064 4648; x_wconf 90' lang='lat' dir='ltr'><strong>in</strong></span> <span class='ocrx_word' id='word_1_733' title='bbox 3087 4609 3196 4665; x_wconf 91' lang='lat' dir='ltr'><strong>quo</strong></span> <span class='ocrx_word' id='word_1_734' title='bbox 3215 4596 3416 4649; x_wconf 88' lang='lat' dir='ltr'><strong>diserte</strong></span> <span class='ocrx_word' id='word_1_735' title='bbox 3437 4592 3696 4649; x_wconf 90' lang='lat' dir='ltr'><strong>scribitur</strong></span> 
     </span>
    </p>
   </div>
   <div class='ocr_carea' id='block_1_107' title="bbox 2111 4666 2521 4743">
    <p class='ocr_par' dir='ltr' id='par_1_107' title="bbox 2111 4666 2521 4743">
     <span class='ocr_line' id='line_1_109' title="bbox 2111 4666 2521 4743; baseline -0.005 -24"><span class='ocrx_word' id='word_1_736' title='bbox 2111 4666 2521 4743; x_wconf 61' lang='grc' dir='ltr'>προαιρέσεσιν.</span> 
     </span>
    </p>
   </div>
   <div class='ocr_carea' id='block_1_108' title="bbox 2182 4730 3696 4810">
    <p class='ocr_par' dir='ltr' id='par_1_108' title="bbox 2182 4730 3696 4810">
     <span class='ocr_line' id='line_1_110' title="bbox 2182 4730 3696 4810; baseline -0.007 -18"><span class='ocrx_word' id='word_1_737' title='bbox 2182 4730 2298 4810; x_wconf 71' lang='grc'><strong>(21)</strong></span> <span class='ocrx_word' id='word_1_738' title='bbox 2335 4736 2483 4810; x_wconf 77' lang='grc' dir='ltr'><strong>’⁸0ρά</strong></span> <span class='ocrx_word' id='word_1_739' title='bbox 2513 4731 2664 4804; x_wconf 73' lang='grc' dir='ltr'>γοῦν</span> <span class='ocrx_word' id='word_1_740' title='bbox 2689 4736 2995 4805; x_wconf 79' lang='grc' dir='ltr'>πρότερον.</span> <span class='ocrx_word' id='word_1_741' title='bbox 3021 4731 3203 4810; x_wconf 79' lang='lat' dir='ltr'><strong>C_odex</strong></span> <span class='ocrx_word' id='word_1_742' title='bbox 3228 4732 3510 4810; x_wconf 51' lang='lat' dir='ltr'><strong>hledicmus</strong></span> <span class='ocrx_word' id='word_1_743' title='bbox 3533 4730 3696 4783; x_wconf 84' lang='lat' dir='ltr'><strong>habet</strong></span> 
     </span>
    </p>
   </div>
   <div class='ocr_carea' id='block_1_109' title="bbox 2110 4801 3689 4878">
    <p class='ocr_par' dir='ltr' id='par_1_109' title="bbox 2110 4801 3689 4878">
     <span class='ocr_line' id='line_1_111' title="bbox 2110 4801 3689 4878; baseline -0.009 -12"><span class='ocrx_word' id='word_1_744' title='bbox 2110 4801 2998 4878; x_wconf 48' lang='lat' dir='ltr'><strong>tbg‘d&#39;rcpé&#39;ts[;ov,_etc.:_et&#39;tnox</strong></span> <span class='ocrx_word' id='word_1_745' title='bbox 3053 4802 3350 4878; x_wconf 80' lang='grc' dir='ltr'>ἐπισφαλὲς</span> <span class='ocrx_word' id='word_1_746' title='bbox 3404 4801 3689 4872; x_wconf 82' lang='grc' dir='ltr'>ὑπάρχειν.</span> 
     </span>
    </p>
   </div>
   <div class='ocr_carea' id='block_1_110' title="bbox 2113 4875 3695 4950">
    <p class='ocr_par' dir='ltr' id='par_1_110' title="bbox 2113 4875 3695 4950">
     <span class='ocr_line' id='line_1_112' title="bbox 2113 4875 3695 4950; baseline -0.009 -14"><span class='ocrx_word' id='word_1_747' title='bbox 2113 4875 2269 4950; x_wconf 84' lang='lat' dir='ltr'><strong>Quod</strong></span> <span class='ocrx_word' id='word_1_748' title='bbox 2304 4875 2689 4950; x_wconf 28' lang='lat' dir='ltr'><strong>Inagis’probo.</strong></span> <span class='ocrx_word' id='word_1_749' title='bbox 2728 4876 2851 4950; x_wconf 51' lang='lat' dir='ltr'><strong>Hice</strong></span> <span class='ocrx_word' id='word_1_750' title='bbox 2881 4877 3024 4950; x_wconf 77' lang='lat' dir='ltr'><strong>enim</strong></span> <span class='ocrx_word' id='word_1_751' title='bbox 3055 4876 3457 4950; x_wconf 33' lang='lat' dir='ltr'><strong>periodus‘cum</strong></span> <span class='ocrx_word' id='word_1_752' title='bbox 3489 4886 3695 4950; x_wconf 57' lang='lat' dir='ltr'><strong>praece-</strong></span> 
     </span>
    </p>
   </div>
   <div class='ocr_carea' id='block_1_111' title="bbox 2113 4938 3692 5017">
    <p class='ocr_par' dir='ltr' id='par_1_111' title="bbox 2113 4938 3692 5017">
     <span class='ocr_line' id='line_1_113' title="bbox 2113 4938 3692 5017; baseline -0.011 -9"><span class='ocrx_word' id='word_1_753' title='bbox 2113 4938 2259 5007; x_wconf 63' lang='lat' dir='ltr'><strong>denti</strong></span> <span class='ocrx_word' id='word_1_754' title='bbox 2314 4938 2590 5017; x_wconf 56' lang='lat' dir='ltr'><strong>jun&#39;gcnda</strong></span> <span class='ocrx_word' id='word_1_755' title='bbox 2628 4956 2730 4999; x_wconf 76' lang='lat' dir='ltr'><strong>est.</strong></span> <span class='ocrx_word' id='word_1_756' title='bbox 2773 4946 2895 5017; x_wconf 81' lang='lat' dir='ltr'><strong>Mox</strong></span> <span class='ocrx_word' id='word_1_757' title='bbox 2929 4947 3018 5000; x_wconf 89' lang='lat' dir='ltr'><strong>ubi</strong></span> <span class='ocrx_word' id='word_1_758' title='bbox 3056 4938 3271 5017; x_wconf 56' lang='lat' dir='ltr'><strong>:Iegitur</strong></span> <span class='ocrx_word' id='word_1_759' title='bbox 3301 4938 3578 5017; x_wconf 51' lang='lat' dir='ltr'><strong>diiungas</strong></span> <span class='ocrx_word' id='word_1_760' title='bbox 3612 4938 3692 5006; x_wconf 74' lang='grc' dir='ltr'><strong>εέ,</strong></span> 
     </span>
    </p>
   </div>
   <div class='ocr_carea' id='block_1_112' title="bbox 2116 5014 3533 5080">
    <p class='ocr_par' dir='ltr' id='par_1_112' title="bbox 2116 5014 3533 5080">
     <span class='ocr_line' id='line_1_114' title="bbox 2116 5014 3533 5080; baseline -0.01 -2"><span class='ocrx_word' id='word_1_761' title='bbox 2116 5014 2328 5077; x_wconf 79' lang='lat' dir='ltr'><strong>rectius</strong></span> <span class='ocrx_word' id='word_1_762' title='bbox 2351 5018 2402 5069; x_wconf 90' lang='lat' dir='ltr'><strong>in</strong></span> <span class='ocrx_word' id='word_1_763' title='bbox 2425 5014 2625 5073; x_wconf 74' lang='lat' dir='ltr'><strong>codice</strong></span> <span class='ocrx_word' id='word_1_764' title='bbox 2659 5017 2797 5071; x_wconf 86' lang='lat' dir='ltr'><strong>Med.</strong></span> <span class='ocrx_word' id='word_1_765' title='bbox 2830 5015 2988 5070; x_wconf 87' lang='lat' dir='ltr'><strong>abest</strong></span> <span class='ocrx_word' id='word_1_766' title='bbox 3022 5014 3211 5067; x_wconf 88' lang='lat' dir='ltr'><strong>ultima</strong></span> <span class='ocrx_word' id='word_1_767' title='bbox 3246 5016 3533 5080; x_wconf 77' lang='lat' dir='ltr'><strong>particula.</strong></span> 
     </span>
    </p>
   </div>
   <div class='ocr_carea' id='block_1_113' title="bbox 2189 5080 3701 5161">
    <p class='ocr_par' dir='ltr' id='par_1_113' title="bbox 2189 5080 3701 5161">
     <span class='ocr_line' id='line_1_115' title="bbox 2189 5080 3701 5161; baseline -0.007 -18"><span class='ocrx_word' id='word_1_768' title='bbox 2189 5089 2304 5161; x_wconf 66' lang='lat'><strong>(12)</strong></span> <span class='ocrx_word' id='word_1_769' title='bbox 2339 5086 2494 5161; x_wconf 81' lang='lat' dir='ltr'><strong>Vulg.</strong></span> <span class='ocrx_word' id='word_1_770' title='bbox 2543 5086 2695 5161; x_wconf 64' lang='lat' dir='ltr'><strong>Obdé</strong></span> <span class='ocrx_word' id='word_1_771' title='bbox 2748 5085 2860 5155; x_wconf 75' lang='grc' dir='ltr'>γὰρ</span> <span class='ocrx_word' id='word_1_772' title='bbox 2921 5084 2989 5161; x_wconf 72' lang='grc' dir='ltr'>τὸ</span> <span class='ocrx_word' id='word_1_773' title='bbox 3035 5083 3319 5161; x_wconf 71' lang='grc' dir='ltr'>ταμιεῖον.</span> <span class='ocrx_word' id='word_1_774' title='bbox 3359 5082 3447 5161; x_wconf 90' lang='lat' dir='ltr'><strong>_In</strong></span> <span class='ocrx_word' id='word_1_775' title='bbox 3509 5080 3701 5161; x_wconf 77' lang='lat' dir='ltr'><strong>codice</strong></span> 
     </span>
    </p>
   </div>
   <div class='ocr_carea' id='block_1_114' title="bbox 2117 5149 3701 5229">
    <p class='ocr_par' dir='ltr' id='par_1_114' title="bbox 2117 5149 3701 5229">
     <span class='ocr_line' id='line_1_116' title="bbox 2117 5149 3701 5229; baseline -0.008 -13"><span class='ocrx_word' id='word_1_776' title='bbox 2117 5149 2372 5215; x_wconf 48' lang='lat' dir='ltr'><strong>Medicina</strong></span> <span class='ocrx_word' id='word_1_777' title='bbox 2394 5149 2698 5229; x_wconf 63' lang='grc' dir='ltr'>ἀεξοειγάρ,</span> <span class='ocrx_word' id='word_1_778' title='bbox 2730 5149 2788 5229; x_wconf 72' lang='grc' dir='ltr'><strong>οἰ</strong></span> <span class='ocrx_word' id='word_1_779' title='bbox 2820 5149 2984 5229; x_wconf 71' lang='lat' dir='ltr'><strong>paulo</strong></span> <span class='ocrx_word' id='word_1_780' title='bbox 3012 5149 3135 5223; x_wconf 68' lang='lat' dir='ltr'><strong>post</strong></span> <span class='ocrx_word' id='word_1_781' title='bbox 3173 5157 3226 5208; x_wconf 90' lang='lat' dir='ltr'><strong>in</strong></span> <span class='ocrx_word' id='word_1_782' title='bbox 3273 5152 3465 5209; x_wconf 89' lang='lat' dir='ltr'><strong>eodem</strong></span> <span class='ocrx_word' id='word_1_783' title='bbox 3509 5149 3701 5206; x_wconf 88' lang='lat' dir='ltr'><strong>codice</strong></span> 
     </span>
    </p>
   </div>
   <div class='ocr_carea' id='block_1_115' title="bbox 2124 5225 3658 5301">
    <p class='ocr_par' dir='ltr' id='par_1_115' title="bbox 2124 5225 3658 5301">
     <span class='ocr_line' id='line_1_117' title="bbox 2124 5225 3658 5301; baseline 0.001 -18"><span class='ocrx_word' id='word_1_784' title='bbox 2124 5229 2385 5301; x_wconf 74' lang='lat' dir='ltr'><strong>scribitur</strong></span> <span class='ocrx_word' id='word_1_785' title='bbox 2414 5226 2536 5301; x_wconf 79' lang='grc' dir='ltr'>οὐδὲ</span> <span class='ocrx_word' id='word_1_786' title='bbox 2565 5225 3044 5301; x_wconf 51' lang='grc' dir='ltr'>ἀντιφθέγξασθαι.</span> <span class='ocrx_word' id='word_1_787' title='bbox 3175 5293 3191 5301; x_wconf 87' lang='lat'><strong><em>_</em></strong></span> <span class='ocrx_word' id='word_1_788' title='bbox 3254 5295 3281 5301; x_wconf 87' lang='lat'><em>_</em></span> <span class='ocrx_word' id='word_1_789' title='bbox 3485 5298 3495 5301; x_wconf 20' lang='grc' dir='ltr'><em>Α</em></span> <span class='ocrx_word' id='word_1_790' title='bbox 3604 5298 3613 5301; x_wconf 24' lang='grc' dir='ltr'><em>Α</em></span> <span class='ocrx_word' id='word_1_791' title='bbox 3645 5291 3658 5301; x_wconf 42' lang='grc' dir='ltr'><strong>ε</strong></span> 
     </span>
    </p>
   </div>
   <div class='ocr_carea' id='block_1_116' title="bbox 2191 5293 3697 5372">
    <p class='ocr_par' dir='ltr' id='par_1_116' title="bbox 2191 5293 3697 5372">
     <span class='ocr_line' id='line_1_118' title="bbox 2191 5293 3697 5372; baseline -0.008 -18"><span class='ocrx_word' id='word_1_792' title='bbox 2191 5299 2304 5369; x_wconf 74' lang='lat'><strong>(‘25)</strong></span> <span class='ocrx_word' id='word_1_793' title='bbox 2329 5296 2488 5372; x_wconf 52' lang='grc' dir='ltr'>Ἶρις.</span> <span class='ocrx_word' id='word_1_794' title='bbox 2519 5293 2874 5372; x_wconf 55' lang='grc' dir='ltr'><strong>τῳῖιιιῖᾷσαιο.Δ</strong></span> <span class='ocrx_word' id='word_1_795' title='bbox 2902 5297 3093 5350; x_wconf 86' lang='lat' dir='ltr'><strong>Scribo</strong></span> <span class='ocrx_word' id='word_1_796' title='bbox 3113 5293 3421 5372; x_wconf 51' lang='lat' dir='ltr'><strong>eokuﬁgav,</strong></span> <span class='ocrx_word' id='word_1_797' title='bbox 3444 5298 3503 5343; x_wconf 90' lang='lat' dir='ltr'><strong>ut</strong></span> <span class='ocrx_word' id='word_1_798' title='bbox 3536 5298 3621 5343; x_wconf 89' lang='lat' dir='ltr'><strong>est</strong></span> <span class='ocrx_word' id='word_1_799' title='bbox 3644 5293 3697 5372; x_wconf 72' lang='lat' dir='ltr'><strong>in</strong></span> 
     </span>
    </p>
   </div>
   <div class='ocr_carea' id='block_1_117' title="bbox 2122 5363 3700 5435">
    <p class='ocr_par' dir='ltr' id='par_1_117' title="bbox 2122 5363 3700 5435">
     <span class='ocr_line' id='line_1_119' title="bbox 2122 5363 3700 5435; baseline -0.009 -10"><span class='ocrx_word' id='word_1_800' title='bbox 2122 5363 2309 5425; x_wconf 81' lang='lat' dir='ltr'><strong>codice</strong></span> <span class='ocrx_word' id='word_1_801' title='bbox 2354 5366 2491 5423; x_wconf 84' lang='lat' dir='ltr'><strong>Fuk.</strong></span> <span class='ocrx_word' id='word_1_802' title='bbox 2552 5363 2705 5435; x_wconf 79' lang='lat' dir='ltr'><strong>Quod</strong></span> <span class='ocrx_word' id='word_1_803' title='bbox 2741 5368 3030 5421; x_wconf 86' lang='lat' dir='ltr'><strong>conﬁrmat</strong></span> <span class='ocrx_word' id='word_1_804' title='bbox 3079 5363 3249 5419; x_wconf 81' lang='lat' dir='ltr'><strong>codex</strong></span> <span class='ocrx_word' id='word_1_805' title='bbox 3275 5363 3595 5421; x_wconf 58' lang='lat' dir='ltr'><strong>&#39;Mediczeus,</strong></span> <span class='ocrx_word' id='word_1_806' title='bbox 3644 5363 3700 5411; x_wconf 92' lang='lat' dir='ltr'><strong>in</strong></span> 
     </span>
    </p>
   </div>
   <div class='ocr_carea' id='block_1_118' title="bbox 2123 5435 3701 5510">
    <p class='ocr_par' dir='ltr' id='par_1_118' title="bbox 2123 5435 3701 5510">
     <span class='ocr_line' id='line_1_120' title="bbox 2123 5435 3701 5510; baseline -0.007 -19"><span class='ocrx_word' id='word_1_807' title='bbox 2123 5456 2230 5510; x_wconf 88' lang='lat' dir='ltr'><strong>quo</strong></span> <span class='ocrx_word' id='word_1_808' title='bbox 2255 5438 2513 5510; x_wconf 78' lang='lat' dir='ltr'><strong>scribitur</strong></span> <span class='ocrx_word' id='word_1_809' title='bbox 2533 5438 2856 5509; x_wconf 75' lang='grc' dir='ltr'>ἐτόλμησαν.</span> <span class='ocrx_word' id='word_1_810' title='bbox 2893 5437 3176 5510; x_wconf 81' lang='lat' dir='ltr'><strong>In_e0det_n_</strong></span> <span class='ocrx_word' id='word_1_811' title='bbox 3200 5435 3339 5489; x_wconf 84' lang='lat' dir='ltr'><strong>libro</strong></span> <span class='ocrx_word' id='word_1_812' title='bbox 3361 5440 3485 5510; x_wconf 82' lang='lat' dir='ltr'><strong>post</strong></span> <span class='ocrx_word' id='word_1_813' title='bbox 3511 5444 3701 5483; x_wconf 78' lang='lat' dir='ltr'><strong>vocem</strong></span> 
     </span>
    </p>
   </div>
   <div class='ocr_carea' id='block_1_119' title="bbox 2124 5505 3703 5579">
    <p class='ocr_par' dir='ltr' id='par_1_119' title="bbox 2124 5505 3703 5579">
     <span class='ocr_line' id='line_1_121' title="bbox 2124 5505 3703 5579; baseline -0.009 -16"><span class='ocrx_word' id='word_1_814' title='bbox 2124 5505 2243 5573; x_wconf 77' lang='grc' dir='ltr'>ταῖς</span> <span class='ocrx_word' id='word_1_815' title='bbox 2276 5508 2617 5579; x_wconf 76' lang='grc' dir='ltr'>ἐκκλησίαις,</span> <span class='ocrx_word' id='word_1_816' title='bbox 2640 5505 2855 5563; x_wconf 81' lang='lat' dir='ltr'><strong>additur</strong></span> <span class='ocrx_word' id='word_1_817' title='bbox 2870 5505 3087 5571; x_wconf 75' lang='grc' dir='ltr'>λείπει,</span> <span class='ocrx_word' id='word_1_818' title='bbox 3126 5505 3179 5559; x_wconf 92' lang='lat' dir='ltr'><strong>id</strong></span> <span class='ocrx_word' id='word_1_819' title='bbox 3207 5514 3308 5570; x_wconf 90' lang='lat' dir='ltr'><strong>est,</strong></span> <span class='ocrx_word' id='word_1_820' title='bbox 3341 5505 3539 5558; x_wconf 84' lang='lat' dir='ltr'><strong>desunt</strong></span> <span class='ocrx_word' id='word_1_821' title='bbox 3564 5514 3703 5553; x_wconf 88' lang='lat' dir='ltr'><strong>non-</strong></span> 
     </span>
    </p>
   </div>
   <div class='ocr_carea' id='block_1_120' title="bbox 2126 5581 2290 5634">
    <p class='ocr_par' dir='ltr' id='par_1_120' title="bbox 2126 5581 2290 5634">
     <span class='ocr_line' id='line_1_122' title="bbox 2126 5581 2290 5634; baseline -0.006 0"><span class='ocrx_word' id='word_1_822' title='bbox 2126 5581 2290 5634; x_wconf 84' lang='lat' dir='ltr'><strong>nulla.</strong></span> 
     </span>
    </p>
   </div>
   <div class='ocr_carea' id='block_1_121' title="bbox 2199 5638 3707 5722">
    <p class='ocr_par' dir='ltr' id='par_1_121' title="bbox 2199 5638 3707 5722">
     <span class='ocr_line' id='line_1_123' title="bbox 2199 5638 3707 5722; baseline -0.009 -18"><span class='ocrx_word' id='word_1_823' title='bbox 2199 5651 2313 5722; x_wconf 72' lang='grc'><strong>(24)</strong></span> <span class='ocrx_word' id='word_1_824' title='bbox 2346 5649 2501 5721; x_wconf 81' lang='lat' dir='ltr'><strong>Vulg.</strong></span> <span class='ocrx_word' id='word_1_825' title='bbox 2547 5646 3118 5722; x_wconf 59' lang='lat' dir='ltr'><strong>dpodigﬁrggparsln.</strong></span> <span class='ocrx_word' id='word_1_826' title='bbox 3163 5644 3387 5703; x_wconf 81' lang='lat' dir='ltr'><strong>Rectius</strong></span> <span class='ocrx_word' id='word_1_827' title='bbox 3431 5641 3487 5698; x_wconf 89' lang='lat' dir='ltr'><strong>in</strong></span> <span class='ocrx_word' id='word_1_828' title='bbox 3512 5638 3707 5697; x_wconf 76' lang='lat' dir='ltr'><strong>codice</strong></span> 
     </span>
    </p>
   </div>
   <div class='ocr_carea' id='block_1_122' title="bbox 2131 5716 3137 5792">
    <p class='ocr_par' dir='ltr' id='par_1_122' title="bbox 2131 5716 3137 5792">
     <span class='ocr_line' id='line_1_124' title="bbox 2131 5716 3137 5792; baseline -0.007 -16"><span class='ocrx_word' id='word_1_829' title='bbox 2131 5716 2382 5778; x_wconf 54' lang='lat' dir='ltr'><strong>Medicago</strong></span> <span class='ocrx_word' id='word_1_830' title='bbox 2410 5716 2603 5792; x_wconf 54' lang='lat' dir='ltr'><strong>Ie&#39;gitur</strong></span> <span class='ocrx_word' id='word_1_831' title='bbox 2630 5717 2803 5790; x_wconf 86' lang='grc' dir='ltr'>ὀρθῶς</span> <span class='ocrx_word' id='word_1_832' title='bbox 2835 5717 2898 5771; x_wconf 82' lang='grc' dir='ltr'>ἂν</span> <span class='ocrx_word' id='word_1_833' title='bbox 2927 5716 3137 5789; x_wconf 73' lang='grc' dir='ltr'>φανείη.</span> 
     </span>
    </p>
   </div>
  </div>
