4210 6428
441 431 578 486 1017

1537 432 1626 488 DE
1664 434 1826 489 VITA
1867 433 2331 490 CONSTANTINI
2368 437 2498 491 LIB.
2540 437 2605 494 ll.

3566 427 3698 484 illis

435 565 579 612 τινες
607 547 702 601 καὶ
733 546 922 618 κῆποι,
957 549 1054 601 εἴθ’
1091 551 1250 604 ὁποῖα
1287 550 1350 620 δή
1387 569 1519 604 ποτε
1553 551 1717 623 ἕτερά
1745 569 1887 615 τινα,
1933 552 2016 604 οὒ-

2134 555 2238 609 alia
2272 595 2286 620 ,
2351 557 2496 612 nullo
2539 554 2659 624 iure
2695 555 2838 626 quod
2889 554 2954 607 ad
2999 553 3294 608 dominium
3335 553 3566 622 pertinet
3598 555 3700 606 im-

440 643 586 706 Ssqu
613 643 724 696 τῶν
761 647 841 708 εἰς
871 645 968 717 τὴν
1002 645 1317 701 δεσποτείαν
1350 649 1460 720 (25)
1504 650 1901 721 ἐλαττουμένου
1933 651 2014 703 δι·-

440 735 615 799 ιαίου,
659 735 777 789 ἀλλ’
828 737 1104 808 ἀκεραίων
1167 739 1386 792 πάντων
1433 740 1718 812 μενόντων,
1767 741 2015 795 ἀποκαθ-

440 826 688 880 ίστασθαι
715 828 1144 900 προστάττομεν.
1181 850 1200 883 ι

967 921 1365 974 ΚΕΦΑΛΑῙΟΝ
1397 920 1486 974 Μ’.

441 1004 519 1060 Τὰ
549 1008 845 1076 μαρτύρια
873 1008 1058 1062 καὶτὰ
1091 1009 1441 1078 κοιμητήρια
1469 1009 1599 1076 ταῖς
1635 1009 2018 1080 Ἐκκλησίαις

799 1103 1154 1166 ἐξίστασθαι
1184 1103 1653 1173 προστάττομεν.

511 1212 533 1247 ι
562 1195 673 1248 Καὶ
699 1193 807 1266 μὴν
839 1195 933 1248 καὶ
956 1194 1064 1264 (26)
1090 1195 1216 1258 τοὺς
1235 1194 1434 1259 τόπους
1458 1196 1655 1259 αὐτοὺς
1685 1197 1735 1249 οἳ
1765 1197 1878 1258 τοῖς
1912 1194 2018 1247 σώ-

443 1301 574 1355 μασι
600 1284 709 1337 τῶν
759 1283 1054 1355 μαρτύρων
1087 1285 1432 1357 τετίμηνται,
1464 1287 1559 1340 καὶ
1593 1287 1692 1358 τῆς
1726 1288 2018 1358 ἀναχωρή-

440 1393 579 1438 σεως
622 1377 722 1447 τῆς
769 1375 979 1440 ἐνδόξου
1031 1377 1408 1448 ὑπομνήματα
1454 1377 1767 1443 καθεστᾶσι,
1825 1379 1908 1443 τίς
1953 1379 2020 1433 ἂν

438 1465 734 1537 ἅμφιὸάλοι
761 1465 835 1537 μὴ
855 1467 974 1538 οὐχ).
995 1470 1114 1532 ταῖς
1150 1468 1497 1542 Ἐκκλησίαις
1510 1471 1872 1543 προσήκειν,ἣ
1899 1471 2021 1542 οὐχ).

439 1559 533 1612 διαὶ
579 1557 935 1630 προστάξειεν
980 1558 1082 1625 ἇν;
1133 1561 1297 1631 ἡνίκα
1353 1561 1490 1632 μήτε
1550 1561 1724 1633 δῶρον
1775 1563 2017 1633 ἄμεινον,

439 1651 576 1724 μήτε
628 1650 876 1723 κάματος
925 1652 1279 1724 χαριέστερος
1336 1654 1431 1707 καὶ
1474 1652 1645 1708 πλείω
1694 1652 1834 1725 ἔχων
1877 1654 2022 1725 ὠφέ-

437 1752 584 1796 λειαν
613 1743 725 1816 (27)
765 1743 954 1817 ἔτερος
991 1745 1057 1800 ἂν
1100 1745 1332 1814 γένοιτο,
1371 1745 1405 1813 ἢ
1452 1745 1547 1799 τοῦ
1593 1745 1738 1800 θείου
1786 1748 2020 1820 προτρέ-

438 1852 632 1899 ποντος
665 1833 983 1907 Πνεύματος
1010 1835 1144 1908 (28),
1186 1837 1286 1908 τὴν
1336 1837 1464 1907 περὶ
1506 1836 1712 1894 τούτων
1749 1838 2020 1894 ποιεῖσθαι

439 1927 696 1996 σπουδὴν,
733 1927 828 1980 καὶ
859 1926 895 1982 ἃ
932 1927 1071 1999 μετὰ
1113 1927 1364 2001 πονηρῶν
1407 1929 1655 2002 ἀφῃρέθη
1694 1931 2018 2001 προφάσεων

438 2017 542 2071 ὑπὸ
563 2017 670 2071 τῶν
691 2017 891 2073 ἀδίκων
916 2021 1011 2074 καὶ
1035 2021 1212 2092 μοχθη
1222 2021 1462 2092 ροτάτων
1489 2021 1598 2093 (29)
1627 2022 1858 2093 ἀνδρῶν,
1891 2026 2020 2077 ἀπο-

436 2107 841 2161 καταπαθέντα
875 2109 1120 2177 δικαίως,
1155 2114 1276 2175 ταῖς
1315 2111 1569 2180 εύαγέσιν
1598 2107 1753 2174 αὖθις
1783 2113 2016 2185 Ἐκκλη-

437 2199 582 2262 σίαις
607 2200 1012 2272 ἀποσωθῆναι.»

942 2294 1335 2348 ΚΕΦΑΛΑΙΟΝ
1371 2294 1511 2351 MA'.

442 2381 586 2447 Τοὺς
618 2381 1035 2456 ἀγοράσαντας
1070 2384 1586 2456 Ῠέκκλησιαστικὰ,
1637 2386 1678 2456 ἢ
1727 2385 1876 2440 κατὰ
1907 2387 2017 2440 δω-

779 2453 932 2520 ρεὰν
968 2455 1268 2519 λαϐόντας
1311 2455 1662 2510 ἀποδοῦναι.

511 2561 530 2594 ι
562 2545 712 2597 Ἐπεὶ
745 2543 802 2596 δὲ
846 2543 1140 2616 ὁλοκλήρου
1175 2546 1288 2617 (50)
1334 2547 1590 2618 προνοίας
1623 2549 1689 2602 ἂν
1723 2549 1829 2615 εἴη,
1881 2549 2016 2620 μηδὲ

435 2635 659 2698 τούτους
715 2639 890 2708 σιωπῇ
976 2638 1293 2709 παρελθεῖν,
1366 2641 1592 2713 ὅσοιπερ
1646 2641 1679 2714 ἢ
1737 2641 1884 2711 ὠνῆς
1939 2643 2018 2695 δι-

435 2729 578 2799 καίῳ
619 2730 727 2800 (5i)
778 2729 1039 2801 ὲπρίαντό
1078 2748 1132 2784 τι
1183 2732 1334 2804 παρὰ
1376 2733 1470 2788 τοῦ
1502 2735 1752 2806 ταμείου,
1792 2734 1824 2804 ἢ
1871 2733 2014 2788 κατὰ

434 2822 644 2895 δωρεὰν
695 2822 962 2893 κατέσχον
1011 2826 1363 2896 συγχωρηθὲν
1417 2825 1615 2897 μάτην,
1660 2829 1755 2880 καὶ
1804 2827 1897 2880 ἐπὶ
1946 2827 2014 2881 τὰ

433 2912 659 2964 τοιαῦτα
708 2911 819 2984 (52)
869 2911 970 2976 τὰς
1019 2913 1328 2986 ἀπλήστους
1396 2915 1690 2987 ἐπιθυμίας
1743 2915 2015 2972 ἐκτείναν-

433 3020 523 3066 τες
555 3003 690 3074 (55),
721 3003 1161 3072 γινωσκέτωσαν,
1206 3005 1284 3061 ὼε
1311 3006 1563 3074 τοιοῦτοι,
1594 3009 1643 3062 εί
1668 3009 1763 3062 καὶ
1795 3010 1876 3062 ὅτι
1907 3011 2012 3080 μά-

433 3095 590 3147 λιστα
635 3091 716 3158 οἷς
754 3095 1057 3166 ἐτόλμησαν
1101 3097 1386 3168 πρίασθαι,
1419 3099 1705 3172 ἀλλοτρίαν
1737 3101 1835 3172 τὴν
1880 3103 2010 3172 παρ’

434 3182 591 3253 ἡμῶν
616 3186 701 3248 εἰς
724 3184 921 3248 αὐτοὺς
954 3186 1320 3258 ἐπειράθησαν
1344 3191 1684 3262 καταστῆσαι
1710 3192 2012 3264 φιλανθρω-

2117 649 2349 714 minuto,
2383 649 2480 703 sed
2534 647 2696 702 salvis
2737 647 2990 702 omnibus
3019 655 3181 716 atque
3222 645 3444 716 integris
3473 658 3697 698 manen-

2121 739 2282 806 tibus,
2317 740 2528 795 restitui
2565 739 2840 807 iubemus.
2875 758 2894 791 ι

2723 920 2952 975 CAPUT
2991 919 3105 974 XL.

2191 1009 2261 1064 Ut
2303 1012 2563 1081 martyrio
2590 1022 2638 1064 et
2681 1013 2970 1065 caemeteria
3011 1011 3262 1066 Ecclesiis
3311 1012 3622 1066 reddantur.

2195 1210 2216 1244 ι
2255 1190 2363 1246 Sed
2393 1198 2449 1245 et
2483 1190 2603 1245 loca
2642 1191 2731 1244 illa
2765 1206 2884 1259 quae
2928 1203 3228 1264 martyrum
3258 1192 3504 1261 reliquiis
3529 1193 3698 1247 hono-

2119 1291 2242 1338 rata
2273 1291 2422 1348 sunt,
2453 1290 2510 1336 et
2537 1297 2661 1350 quave
2693 1281 2914 1351 gloriosi
2949 1282 3163 1336 illorum
3198 1283 3459 1336 interitus
3487 1296 3697 1335 memo-

2121 1375 2258 1428 riam
2283 1380 2524 1437 servant,
2560 1373 2682 1441 quis
2710 1371 2952 1440 ambigat
2982 1374 3048 1426 ad
3079 1371 3355 1427 Ecclesias
3387 1371 3698 1441 pertinere?

2119 1466 2232 1520 lmo
2307 1479 2438 1520 vero
2507 1465 2632 1535 quis
2675 1480 2782 1518 non
2832 1465 2886 1518 id
2935 1465 3272 1534 praacipiat?
3324 1466 3540 1533 quando
3598 1479 3697 1520 nec

2121 1573 2318 1613 munus
2347 1555 2518 1610 ullum
2561 1555 2932 1626 pratstantius,
2977 1572 3078 1611 nec
3116 1557 3273 1610 labor
3320 1555 3464 1610 ullus
3502 1556 3698 1622 iucun-

2119 1650 2242 1706 dior
2277 1658 2438 1720 atque
2481 1649 2669 1702 utilior
2706 1662 2830 1702 esse
2882 1657 3084 1718 potest,
3127 1663 3315 1718 quam,
3357 1647 3542 1702 divino
3577 1646 3700 1716 Spi-

2122 1741 2228 1796 ritu
2269 1740 2604 1810 impellente,
2658 1741 2855 1794 harum
2909 1755 3095 1794 rerum
3139 1740 3459 1808 diligentem
3509 1753 3698 1793 curam

2122 1847 2353 1904 gerere;
2391 1845 2450 1888 ut
2481 1848 2602 1903 quae
2632 1833 2891 1904 improbo
2925 1833 3161 1902 quodam
3193 1840 3462 1901 praetextu
3501 1831 3570 1885 ab
3618 1830 3697 1884 in-

2051 1918 2281 1994 Bjustis
2328 1939 2394 1980 ac
2445 1925 2796 1996 nequissimis
2847 1923 3162 1979 hominibus
3211 1923 3391 1977 ablata
3437 1929 3587 1988 sunt,
3632 1935 3698 1976 ea

2114 2015 2414 2083 iustissime
2444 2017 2698 2071 restituta
2728 2016 2935 2072 sanctis
2965 2014 3058 2069 Dei
3084 2013 3343 2070 Ecclesiis
3370 2015 3550 2069 denuo
3580 2013 3701 2067 red-

2119 2107 2424 2162 hibeantur.
2449 2125 2469 2158 ι

2605 2289 2768 2361 463
2805 2287 3036 2345 CAPUT
3075 2287 3214 2343 xu.

2121 2379 2189 2435 Ut
2217 2383 2306 2452 qui
2339 2399 2418 2436 res
2461 2379 2717 2435 Ecclesia:
2749 2389 3008 2462 emerunt,
3043 2388 3136 2432 aut
3175 2379 3317 2432 dono
3363 2389 3696 2449 acceperunt,

2704 2466 2794 2504 eas
2835 2459 3134 2503 restituant.

2199 2563 2218 2596 ι
2249 2545 2516 2611 Quoniam
2538 2558 2667 2598 vero
2694 2542 2946 2612 perfectae
2975 2548 3030 2595 et
3053 2539 3315 2595 absolutae
3346 2539 3698 2608 providentiae

2116 2645 2220 2702 est,
2247 2652 2314 2691 ne
2352 2635 2475 2691 illos
2517 2636 2738 2705 quidem
2771 2633 2990 2688 silentio
3035 2632 3315 2701 praeterire
3341 2631 3433 2701 qui
3467 2632 3695 2699 emptio-

2117 2729 2201 2783 nis
2247 2727 2368 2797 iure
2419 2725 2622 2795 aliquid
2659 2740 2689 2778 a
2725 2725 2858 2778 ﬁsco
2889 2721 3365 2791 comparaverint,
3407 2731 3498 2774 aut
3529 2722 3700 2774 dona-

2116 2819 2280 2875 tionis
2310 2817 2469 2873 titulo
2501 2817 2606 2872 sibi
2638 2828 2963 2870 concessum
2990 2812 3353 2881 possederint,
3399 2810 3600 2865 frustra
3630 2814 3697 2864 ad

2117 2910 2422 2979 huiusmodi
2473 2909 2614 2964 bona
2667 2904 3047 2975 inexplebilem
3109 2903 3456 2972 cupiditatem
3510 2911 3702 2958 exten-

2115 3004 2339 3058 dentes:
2373 3001 2549 3055 sciant
2601 3013 2792 3054 omnes
2845 2993 3158 3064 huiusmodi
3189 3032 3206 3058 ,
3262 2995 3476 3050 etiamsi
3510 2995 3580 3050 ob
3634 3010 3696 3049 ea

2113 3109 2235 3163 qua:
2280 3107 2462 3148 emere
2515 3100 2642 3146 sunt
2693 3088 2846 3152 ausi,
2881 3096 3122 3142 nostram
3167 3102 3198 3141 a
3243 3102 3303 3143 se
3353 3087 3698 3141 clementiam

2114 3185 2355 3240 alienare
2385 3197 2713 3255 magnopere
2739 3180 3084 3246 studuerunt,
3123 3189 3364 3234 nostram
3389 3188 3569 3233 tamen
3603 3179 3698 3233 be-

434 3251 586 3341 πίαν,
628 3276 778 3346 ὅμως
819 3277 1023 3347 ταύτης
1067 3251 1147 3342 εἰς
1185 3251 1278 3332 τὸν
1323 3281 1545 3335 δυνατὸν
1578 3251 1681 3355 ’καὶ
1721 3251 2008 3353 πρέποντα

2117 3277 2439 3346 nignitatem
2483 3251 2518 3338 ὴ,
2577 3251 2759 3340 quoad
2804 3268 2920 3324 ﬁeri
2995 3269 3197 3338 poterit
3226 3285 3292 3324 ac
3323 3269 3558 3337 decebit,
3594 3271 3696 3324 sibi

433 3361 636 3430 τρόπον
665 3362 768 3414 οὑκ
798 3362 1152 3435 ἀτυχήσουσι.
1185 3365 1371 3421 Ταῦτα
1401 3368 1502 3440 μὲν
1531 3365 1623 3422 οὖν
1650 3371 1731 3435 είς
1757 3373 2008 3428 τοσοῦτον

434 3451 677 3522 ἁνήχθω.
707 3470 729 3504 ι

930 3543 1330 3602 ΚΕΦΑΛΑΙΟΝ
1366 3547 1503 3603 MB’.

595 3630 800 3685 Σέόειν
830 3631 939 3687 τὸν
970 3634 1120 3689 Θεὸν
1141 3637 1444 3692 σπουδαία
1468 3642 1839 3710 παραίνεσις.

512 3739 532 3772 ι
569 3723 786 3796 Ἐπειδὴ
834 3725 892 3779 δὲ
947 3725 1055 3796 (54)
1102 3728 1437 3794 ἀποδείξεσιν
1468 3733 1888 3805 ὲναργεστάταις
1913 3737 2015 3808 [EE-

435 3813 630 3887 εφὰνη,
676 3817 846 3888 ἀρετῇ
886 3834 945 3870 τε
982 3817 1094 3889 (55)
1124 3822 1218 3872 τοῦ
1263 3822 1438 3876 πάντα
1468 3824 1695 3879 δυνατοῦ
1728 3826 1886 3892 Θεοῦ,
1921 3828 2014 3882 καὶ

510 3974 627 4052 (9.5)
659 3973 813 4052 νοις.
851 3977 948 4052 κείς
984 3976 1168 4052 τήνδε
1206 3977 1320 4052 {ipf
1357 3981 1683 4036 πολιτείαν.
1715 3981 1881 4052 liuius
1913 3985 2012 4039 loci

435 4046 745 4119 emendatio
777 4047 1004 4119 debetur
1051 4048 1224 4119 codici
1270 4049 1542 4119 Medicam.
1582 4053 1632 4104 in
1667 4069 1776 4119 quo
1793 4046 2014 4108 vdiserte

435 4115 696 4190 scriptum
725 4115 1033 4172 invenimus
1066 4120 1146 4181 είς
1173 4117 1274 4187 τὴν
1296 4118 1609 4190 δεαποτείαν
1634 4115 1854 4190 optime.
1890 4123 2016 4178 Vult

437 4186 582 4262 enim
625 4185 956 4262 imperator,
1024 4197 1086 4262 ut
1137 4185 1331 4242 cuncta
1391 4189 1502 4262 loca
1561 4201 1614 4262 et
1661 4185 1857 4259 praedia
1893 4209 2012 4262 qua:

438 4254 763 4325 Christianis
813 4264 998 4324 erepta
1030 4255 1264 4318 fuerant,
1315 4273 1435 4312 cum
1465 4254 1679 4325 juribus
1719 4264 1831 4316 suis
1871 4254 2010 4318 bona

442 4325 545 4380 (ide
579 4323 769 4399 iisdem
809 4323 1190 4399 restituantur.
1241 4327 1316 4380 lta
1359 4337 1419 4381 ttt
1457 4323 1500 4382 si
1541 4331 1626 4384 cui
1682 4332 1884 4399 praedio
1930 4333 2012 4387 vel

439 4407 570 4465 agro
601 4393 834 4465 servitus
869 4393 1181 4465 deberetur,
1207 4408 1330 4464 puta
1370 4407 1541 4463 actus,
1581 4393 1701 4461 iter,
1743 4403 1848 4465 via,
1886 4419 2008 4456 cum

438 4464 630 4517 eodem
654 4463 777 4533 iure
810 4463 950 4516 nulla
976 4479 1041 4518 ex
1064 4463 1218 4533 parte
1253 4466 1538 4522 imminuto
1567 4463 2014 4526 reddaturChri-

438 4534 650 4588 stianis.
704 4531 890 4600 Itaque
930 4534 973 4587 si
1016 4531 1139 4601 quis
1183 4535 1402 4588 fundum
1451 4537 1756 4593 Christiano
1807 4541 2008 4596 homini

440 4612 685 4670 ereptum
703 4603 1134 4677 oppignerasset,
1159 4605 1239 4656 vel
1267 4607 1317 4658 in
1340 4609 1732 4676 emphyteusitn
1752 4609 2010 4677 dedisset,

440 4682 534 4751 aut
577 4673 858 4751 vendendo
898 4688 1034 4751 onus
1069 4675 1282 4751 aliquod
1311 4692 1373 4728 ac
1400 4673 1714 4751 servitutem
1757 4680 1803 4732 ei
1841 4673 2015 4751 impos

441 4741 658 4805 suisset,
715 4741 831 4794 Ι]ωο
857 4744 1035 4795 omnia
1082 4747 1184 4796 hoc
1218 4744 1556 4799 Constantini
1591 4749 1769 4802 edicto
1806 4741 2016 4805 rescin-

441 4812 658 4892 duntur.
707 4809 874 4864 Paulo
914 4821 1035 4892 post
1072 4813 1159 4866 ubi
1193 4812 1394 4892 legitur
1438 4814 1796 4892 ἀνθίστασθαι
1845 4839 2014 4892 προσ-

439 4881 725 4944 τάττομεν,
775 4895 840 4933 ex
885 4882 1072 4935 eodem
1107 4882 1292 4936 codice
1331 4887 1733 4943 entendavimns
1775 4881 2017 4944 a‘tmicaﬂ-

441 4948 708 5004 ίστασθαι.
739 4948 908 5003 Codd.
955 4959 1129 5006 tamen
1164 4950 1322 5018 Fuk.,
1353 4954 1521 5009 Turn.
1558 4974 1620 5012 ac
1651 4959 1776 5014 Sav.
1813 4962 2015 5015 habent

445 5020 780 5086 ἐξίστασθαι,
817 5034 924 5072 non
963 5020 1124 5072 male.

512 5090 629 5166 (26)
660 5092 771 5145 Καὶ
791 5088 919 5166 μῂν
940 5089 1060 5166 atat.
1099 5090 1152 5166 l_n
1214 5089 1396 5166 Μοζωὶ
1442 5089 1680 5166 libro_ad
1713 5097 2009 5166 marginem

439 5159 757 5229 emendatur
781 5160 871 5212 val.
907 5159 1012 5229 μὴν
1035 5159 1152 5224 καὶ,
1186 5160 1329 5229 quod
1364 5161 1530 5229 magis
1559 5162 1753 5227 placet.

511 5229 623 5298 (‘27)
659 5227 810 5298 Vulg.
829 5227 1071 5296 πολλὴν
1093 5232 1250 5298 έχων
1278 5227 1390 5296 τὴν
1407 5227 1717 5299 ὠφέλειαν.
1751 5234 1870 5288 Post
1900 5239 2013 5292 htec

441 5303 603 5352 verba
639 5301 689 5351 in
722 5301 913 5353 codice
956 5299 1211 5354 Medicam
1257 5311 1557 5366 sequuntur
1592 5304 1674 5355 ha:
1704 5319 1863 5358 voces
1896 5306 2012 5358 ἓτε-

443 5385 532 5437 ρος
566 5369 632 5421 ἂν
667 5368 893 5436 γένοιτο,
928 5385 1049 5439 qua:
1081 5371 1135 5424 in
1181 5369 1410 5439 vulgatis
1445 5369 1773 5428 editiouibus
1801 5378 2013 5431 deside-

441 5450 655 5492 l'ﬂllllll'.

507 5509 619 5581 (2.8)
646 5507 756 5561 Τοῦ
777 5509 938 5581 θείου
962 5507 1404 5581 προτρέποντος
1437 5508 1492 5560 Π
1503 5511 1814 5581 νεύματος.
1832 5513 2009 5570 Codex

438 5575 724 5652 Medicinas
779 5580 940 5652 habet
980 5575 1279 5652 νεύματος,
1306 5586 1404 5651 τὴν
1448 5575 1734 5652 περὶςτῶν
1757 5575 2011 5639 τοιούτων

438 5645 708 5718 ποιεῖσθαι
740 5649 997 5718 σπουδήν.
1034 5645 1140 5703 δέει]
1174 5661 1230 5705 et
1266 5651 1322 5704 in
1361 5645 1534 5706 'codd.
1569 5651 1729 5717 Fuk.,
1755 5651 1920 5710 Turn.
1950 5673 2012 5711 ac

442 5721 565 5768 δην.
597 5717 791 5784 legitur
819 5717 1108 5772 ποιεῖσθαι.

661 5786 792 5874 ’Υξτὸ
957 5788 1434 5874 μοχθηροτάτωις.
1462 5790 1515 5845 In
1545 5793 1726 5851 codice
1757 5795 2009 5853 Medich

443 5867 635 5918 tegitur
668 5872 774 5910 των
810 5867 1007 5913 αοῐκων
1035 5867 1126 5916 καὶ
1151 5867 1550 5927 πονηροτάτων.

2115 3382 2223 3422 non
2245 3367 2564 3422 defuturam.
2589 3363 2695 3418 Sed
2722 3363 2788 3418 de
2815 3361 2898 3416 his
2916 3361 3173 3415 hactenus
3185 3362 3387 3417 dixisse
3405 3361 3651 3416 sumciat.
3667 3377 3689 3413 ι

2678 3547 2906 3603 CAPUT
2940 3547 3096 3603 XLII.

2295 3642 2494 3698 Sedulo
2538 3644 2838 3696 exhortatio
2892 3644 2962 3696 ad
3007 3644 3283 3700 colendum
3329 3644 3512 3697 Deum.

2196 3755 2214 3788 ι
2240 3737 2538 3790 Porrocum
2558 3734 2978 3788 evidentissimis
2995 3750 3058 3789 ac
3070 3735 3388 3790 certissimis
3405 3747 3696 3803 argumen-

2122 3829 2192 3883 tis
2222 3825 2548 3882 declaratum
2571 3827 2871 3895 sit,partim
2897 3826 3283 3896 omnipotentis
3306 3827 3398 3881 ltei
3428 3827 3475 3879 vi
3495 3841 3560 3879 ac
3587 3826 3695 3878 vir-

2194 3982 2305 4054 (50)
2342 3982 2518 4054 _'E:tel
2555 3982 2608 4033 δ’
2644 3983 3002 4054 ὁλοκλήρου.
3056 3983 3138 4035 Ah
3173 3981 3258 4034 his
3292 3981 3473 4054 verbis
3497 3997 3694 4054 novum

2122 4052 2285 4122 caput
2341 4052 2587 4105 inchoavi
2634 4067 2647 4102 :
2687 4053 2902 4122 titulum
2956 4067 3170 4122 quoque
3221 4053 3442 4122 apposui
3493 4053 3582 4120 qui
3642 4053 3697 4104 in

2118 4119 2423 4179 Génevensi
2470 4131 2525 4176 et
2577 4122 2628 4174 in
2687 4119 2986 4176 Parisiensi
3029 4121 3249 4174 lloherti
3289 4119 3548 4187 Stephani
3578 4123 3697 4173 cdio

2119 4195 2266 4248 tione
2295 4194 2498 4246 deerat.
2531 4191 2638 4245 Nos
2669 4205 2820 4252 vero,
2857 4202 2966 4243 tum
2995 4207 3058 4244 ex
3096 4192 3283 4244 codice
3317 4191 3449 4243 Fnk.
3486 4201 3595 4242 tum
3623 4204 3692 4245 ex

2115 4263 2392 4318 veteribus
2423 4261 2643 4317 schedis
2667 4259 3018 4315 Bibliotheca:
3047 4259 3227 4331 Regia:
3266 4275 3389 4314 eum
3421 4261 3694 4327 supplevi-

2115 4348 2258 4387 111115.

2185 4401 2297 4471 (⁵51)
2329 4401 2485 4470 Vulg.
2521 4401 2558 4469 ἢ
2583 4399 2708 4468 ὠνῇ
2737 4400 2957 4467 δικαίᾳ.
2981 4402 3198 4471 _Veram
3230 4400 3389 4468 huius
3418 4398 3518 4471 loci
3557 4399 3690 4450 scri-

2113 4469 2325 4538 pturam
2351 4469 2505 4524 nobis
2542 4471 2755 4538 aperuit
2779 4473 2950 4524 codex
2980 4469 3343 4532 Medicacns,in
3367 4485 3474 4536 quo
3495 4469 3691 4536 legitur

2043 4581 2088 4635 ι)
2115 4543 2148 4613 ἦ
2173 4543 2316 4625 ᾠνῆς
2349 4540 2590 4621 δικαίων.
2641 4539 2831 4635 Scribi)
2869 4539 3076 4635 ﬁlt‘bvﬁ;
3105 4539 3317 4635 διῖιαίῳ,
3356 4540 3406 4592 id
3435 4552 3538 4617 est,
3573 4553 3689 4591 em-

2118 4609 2316 4680 ptionis
2362 4613 2486 4676 jure
2546 4621 2638 4663 ant
2692 4609 3080 4664 titulo.’Certe
3158 4609 3686 4680 hancuemptionem

2111 4677 2315 4750 iustam
2341 4680 2612 4750 appellare
2652 4680 2888 4732 alienum
2917 4689 2998 4732 est
3033 4697 3061 4730 a
3093 4689 3270 4750 mente
3311 4677 3684 4750 Constantini,

2116 4748 2208 4822 qui
2242 4754 2339 4806 has
2365 4748 2664 4822 emptiones
2690 4750 2914 4817 iniustas
2946 4764 3010 4803 ac
3033 4749 3270 4802 nefarias
3305 4748 3686 4816 prtesnmptio-

2115 4821 2211 4877 nes
2240 4821 2490 4890 appellat.

2183 4885 2540 4962 (52)’Μάτην
2576 4887 2672 4940 καὶ
2716 4886 2814 4939 ἐπὶ
2858 4887 2930 4962 τέι
2966 4886 3462 4962 τοιαῦταηῡιιιιιιιη
3499 4885 3686 4955 conje-

2113 4957 2296 5014 ceram
2318 4960 2602 5014 delendam
2635 4974 2754 5011 esse
2791 4959 3107 5026 particulam
3143 4957 3259 5019 καί,
3296 4974 3455 5026 quium
3498 4973 3683 5023 conie-

2114 5041 2322 5083 cturam
2352 5039 2593 5084 nostram
2617 5028 2786 5079 codex
2820 5025 3105 5080 Mcdicmus
3145 5025 3343 5080 diserte
3374 5029 3680 5080 conﬁrmat.

2112 5100 2378 5167 Loquitur
2407 5098 2918 5167 autetniimperator
2967 5099 3033 5149 de
3071 5099 3134 5150 iis
3171 5099 3260 5165 qni
3300 5099 3414 5148 ha~e
3453 5098 3564 5150 loca
3615 5099 3682 5151 ab

2113 5165 2530 5236 imperatoribus
2572 5166 2673 5220 sibi
2719 5165 2908 5236 donari
2934 5167 3218 5234 petierant.
3252 5169 3404 5232 Quod
3432 5168 3677 5220 Christo-

2112 5235 2418 5306 phorsonus
2443 5252 2556 5306 (non
2586 5237 2740 5306 vidit.
2780 5235 2919 5306 MoxL
2949 5237 3000 5288 in
3034 5239 3223 5290 eodem
3259 5238 3447 5290 codice
3487 5237 3678 5290 scribi-

2114 5304 2198 5358 tur
2221 5305 2634 5374 γινωσκὲτωσαν
2672 5305 2748 5367 ὡς
2777 5304 3029 5366 τοιοῦτοι,
3061 5317 3168 5360 etc.
3217 5309 3416 5360 rectius
3439 5323 3596 5370 quam
3622 5306 3678 5361 in

2113 5377 2345 5445 vulgatis
2364 5377 2694 5429 editionihns
2724 5376 2840 5427 ὅσοι
2865 5375 3116 5445 τοιοῦτοι.
3145 5377 3198 5429 In
3237 5379 3424 5430 codice
3456 5375 3587 5428 Fuk.
3623 5385 3678 5428 et

2111 5443 2347 5500 Turnebi
2375 5445 2636 5500 scribitur
2659 5445 2771 5496 ὅσοι
2803 5444 2982 5497 τοίνυν
3017 5446 3246 5499 τοιοῦτοι
3281 5447 3530 5514 pessime.

2179 5517 2290 5586 (55)
2325 5515 2480 5583 Vulg.
2511 5515 2873 5580 ἐκτίνοντες.
2923 5517 3103 5571 Codex
3147 5516 3285 5569 Fuk.
3320 5517 3481 5569 habet
3503 5514 3678 5567 ἐκτεί-

2109 5601 2297 5638 ναντες
2305 5625 2317 5638 .

2112 5604 2476 5754 :Tl’gii'vmg.
2517 5653 2724 5724 ἐπειδὴ
2777 5651 2911 5711 οὖν.
2949 5655 3129 5712 Codex
3172 5654 3456 5709 Medic-alus
3487 5652 3674 5723 ἐπειδὴ

2107 5739 2186 5778 οε.

2180 5795 2291 5864 (55)
2322 5795 2477 5863 Vulg.
2517 5790 2782 5864 ἐξεφάνη
2811 5797 2849 5864 ἡ
2893 5795 3093 5863 ἀρετή.
3134 5792 3376 5854 Rectius,
3409 5794 3460 5846 ni
3503 5792 3680 5864 fallor,

2111 5866 2165 5925 in
2190 5862 2380 5922 Codice
2407 5862 2676 5938 Medicago
2701 5862 2896 5935 legitur
2929 5862 3197 5933 ἐξεφάνη,
3251 5864 3417 5933 ἀρετῇ
3457 5879 3515 5915 τε
3560 5862 3677 5931 τοῦι
