4210 6386
358 329 499 388 ³025

1461 322 1548 379 DE
1591 322 1747 380 VITA
1787 323 2250 381 CONSTANTINI
2289 322 2419 380 LIB.
2464 324 2531 382 Il.

3489 327 3629 384 1026

351 447 537 511 τοείας
551 445 662 516 (55)
680 444 886 517 πλάνης
916 445 1025 499 τῶν
1055 445 1163 517 πρὸ
1194 443 1359 497 αὑτοῦ
1388 444 1807 515 κεκρατηκότων
1826 443 1937 512 (5i)

2045 442 2303 498 vinciales
2349 443 2649 497 orationem
2690 440 2942 510 misitfde
2986 455 3174 496 errore
3203 440 3382 497 cultus
3415 442 3628 497 simula-

352 542 465 604 τοῖς
488 537 631 594 κατά
657 539 765 592 πᾶν
793 537 944 602 ἔθνος
977 535 1349 608 ὲπαρχεὼταις
1377 535 1721 606 κατέπεμπε,
1746 533 1940 603 λογιὼε-

351 645 509 702 τερον
546 628 673 692 τοὺς
707 628 1039 701 ἀρχομένους
1084 626 1430 699 προτρέπων,
1473 623 1565 679 τὸν
1596 624 1687 678 ἐπὶ
1719 624 1938 676 πάντων

349 721 482 775 Θεὸν
512 720 818 792 γνωρίζειν,
848 720 1009 773 αὐτόν
1037 735 1097 771 τε
1128 718 1219 770 τὸν
1253 715 1489 789 Χριστὸν
1518 713 1683 768 αὐτοῦ
1713 714 1939 784 διαρρή-

351 812 447 885 δην
475 811 870 883 ὲπιγράφεσθαι
900 810 1140 881 σωτῆρα.
1162 809 1271 862 Kal
1292 807 1498 878 ταύτην
1521 806 1578 859 δὲ
1600 805 1697 877 τὴν
1719 805 1936 876 γραφὴν

352 904 694 974 αὐτόγραφον
731 899 895 956 οὖσαν
941 901 1130 965 αὐτοῦ,
1173 902 1238 954 ὲκ
1269 899 1370 970 τῆς
1414 898 1700 970 Ῥωμαίων
1749 896 1935 967 φωνῆς

351 994 641 1049 ἀπολαϐεῖν
670 996 965 1063 ἀναγκαῖον
997 992 1074 1063 τῷ
1105 991 1332 1063 παρόντι
1358 990 1521 1061 λόγῳ,
1554 990 1630 1053 ὼς
1662 988 1729 1042 ἂν
1760 989 1935 1042 δοκοῖ-

354 1104 453 1158 μεν
478 1086 642 1141 αὑτοῦ
678 1086 938 1158 βασιλέως
972 1083 1285 1149 ἐπακούειν,
1320 1085 1440 1145 ταῖς
1471 1082 1687 1136 πάντων
1722 1079 1935 1152 ἀνθρώ-

350 1197 468 1235 πων
501 1180 691 1241 ἀκοαῖς
724 1176 911 1232 τοῦτον
945 1175 1243 1240 ὲκϐοῶντος
1267 1174 1359 1229 τὸν
1388 1174 1612 1247 τρόπον.

842 1466 1026 1520 ΚΕΦΑ
1034 1466 1240 1520 ΛΑῐΟΝ
1279 1466 1400 1519 MH'
1411 1503 1425 1519 .

349 1560 807 1617 Komrtmlrov
850 1559 1001 1627 πρὸς
1035 1558 1143 1627 τὰς
1178 1558 1471 1627 ἐπαρχίας
1502 1557 1636 1624 περὶ
1675 1557 1787 1625 τῆς
1821 1570 1928 1613 πο-

418 1631 639 1685 λυθέου
682 1626 920 1696 πλάνης
955 1626 1264 1699 διάταγμα·
1294 1626 1393 1682 καὶ
1438 1630 1747 1697 προοίμιιν
1791 1630 1925 1697 περὶ

419 1699 637 1769 ἀρετῆς
675 1700 770 1753 καὶ
811 1699 1043 1765 κακίας.

426 1812 444 1844 ι
472 1793 716 1863 Νικητὴς
731 1793 1156 1854 Κωνσταντϊνος,
1177 1789 1431 1862 μέγιστος
1454 1787 1733 1853 σεϐαστδς,
1757 1790 1930 1863 ὲπαρ-
1962 1786 2007 1841 Β

348 1884 582 1956 χεώταις
613 1883 970 1946 ἀνατολικοῖς.

426 1993 443 2027 ι
469 1975 652 2028 Πάντα
701 1974 798 2045 μὲν
846 1975 948 2027 ὅσα
995 1974 1108 2037 τοῖς
1157 1973 1518 2045 κυριωτάτοις
1564 1973 1664 2043 τῆς
1714 1972 1930 2042 φύσεως

347 2067 662 2138 περιέχεται
695 2066 902 2137 νόμοις,
928 2065 1028 2135 τῆς
1060 2064 1203 2120 κατά
1228 2065 1328 2135 τὴν
1356 2064 1506 2118 θείαν
1531 2063 1768 2129 διάταξιν
1795 2081 1929 2136 προ-

348 2159 494 2223 νοίας
524 2174 585 2212 τε
615 2159 709 2212 καὶ
741 2158 973 2230 Θεωρίας
1009 2157 1200 2228 ἱκανὴν
1224 2155 1475 2228 αἴσθησιν
1492 2158 1601 2220 τοῖς
1621 2159 1753 2210 πᾶσι
1790 2174 1929 2229 παρ-

351 2251 485 2323 έχει,
531 2250 653 2304 οὐδέ
698 2250 813 2303 ὲστξ
849 2267 932 2312 τις
961 2248 1263 2319 ἀμφιϐολία
1293 2243 1375 2313 οἷς
1401 2248 1521 2301 κατ’
1548 2249 1762 2302 εὐθεῖαν
1790 2246 1934 2317 γνώ-

349 2358 488 2406 σεως
535 2340 652 2394 ὁδὸν
686 2340 720 2410 ἡ
753 2339 958 2394 διάνοια
991 2338 1077 2391 ἐπ’
1118 2340 1327 2392 ἐκεῖνον
1362 2338 1553 2405 ἄγεται
1580 2335 1671 2390 τὸν
1706 2336 1929 2399 σκοπὸν,

348 2430 425 2494 ὡς
468 2433 502 2500 ἡ
545 2429 640 2482 τοῦ
688 2428 875 2497 ὑγιοῦς
915 2427 1176 2499 λογισμοῦ
1206 2428 1301 2480 καὶ
1339 2428 1439 2497 τῆς
1476 2427 1653 2497 ὅψεως
1698 2428 1866 2499 αὐτῆς
1897 2429 1931 2498 ἡ

349 2519 584 2593 ἀκριϐὴς
629 2518 966 2589 κατάληψις,
1033 2519 1132 2589 μιᾷ
1185 2520 1323 2589 ῥοπῇ
1373 2518 1472 2588 τῆς
1523 2516 1758 2588 ἀληθοῦς
1805 2518 1934 2589 ἁρε-

349 2612 449 2683 τῆς
474 2610 585 2683 (55)
634 2612 727 2664 ἐπὶ
758 2612 856 2681 τὴν
888 2609 1088 2679 γνῶσιν
1121 2609 1382 2681 ἀναφέρει
1415 2609 1508 2662 τοῦ
1533 2608 1689 2662 Θεοῦ.
1733 2609 1933 2682 Διόπερ

350 2706 459 2767 πᾶς
492 2703 710 2766 συνετὸς
738 2703 876 2773 ἀνὴρ
906 2703 1006 2757 οὑκ
1031 2702 1097 2756 ἄν
1129 2719 1259 2755 ποτε
1291 2700 1613 2773 ταραχθείη,
1643 2702 1771 2765 τοὺς
1802 2701 1933 2755 πολ-

350 2793 476 2858 λοὺς
507 2792 650 2864 ὁρῶν
692 2793 963 2857 ἐναντίαις
1013 2792 1369 2864 προαιρέσεσι
1423 2791 1773 2863 φερομένους.
1824 2793 1936 2844 Ἀν-

348 2882 537 2956 όνητος
564 2883 675 2955 (56)
708 2884 818 2955 γὰρ
849 2882 914 2937 ἂν
943 2886 976 2955 ἡ
1009 2885 1108 2952 τῆς
1145 2883 1349 2955 ἀρετῆς
1378 2882 1635 2937 ἐλάνθανε
1667 2883 1848 2955 χάρις,
1884 2885 1934 2938 εί

352 2975 430 3048 μὴ
454 2978 786 3048 καταντικρὺ
811 2976 903 3029 τὸν
927 2976 1029 3046 τῆς
1052 2974 1496 3047 διεστραμμένης
1526 2976 1788 3039 ἀπονοίας
1821 2975 1935 3046 βίον

353 3068 388 3136 ἠ
414 3069 583 3124 κακία
613 3068 1005 3141 προύϐέϐλητο.
1041 3069 1133 3122 Διὸ
1177 3068 1274 3138 τῆς
1307 3067 1406 3138 μὲν
1439 3068 1641 3139 ἀρετῆς
1670 3068 1935 3137 στέφανος

2038 547 2282 600 crormn,
2315 549 2425 604 quo
2470 535 2828 602 imperatores
2862 532 3095 588 Romani
3128 542 3257 587 ante
3296 533 3465 603 ipsius
3495 545 3626 589 teta-

2041 632 2148 677 tem
2184 624 2409 678 involuti
2449 624 2703 680 fuissent.
2743 626 2810 680 Et
2859 626 3107 679 subditos
3132 624 3300 697 466
3338 642 3467 681 suos
3504 642 3627 680 cmn

2038 714 2339 769 admirabili
2393 716 2649 771 facundia
2701 719 3025 772 exhortatus
3077 728 3199 782 est,
3238 731 3297 770 ut
3357 733 3629 772 summum

2036 806 2279 861 omnium
2308 806 2475 860 Deum
2536 817 2917 878 agnoscerent,
2972 808 3200 877 ejusque
3234 807 3431 862 Filium
3466 809 3629 862 Chri-

2036 903 2178 950 stum
2210 895 2312 950 sibi
2339 906 2671 952 servatorem
2711 898 3098 953 adsciscerent.
3135 898 3306 952 Porro
3335 899 3430 952 has
3461 901 3628 953 etiam

2035 987 2246 1043 litteras
2278 1005 2440 1043 manu
2468 990 2639 1059 ipsius
2679 993 2937 1061 scriptas,
2965 1009 3029 1047 ex
3064 992 3258 1047 Latino
3284 1007 3537 1047 sermone
3574 990 3627 1044 in

2033 1078 2283 1135 Grzecum
2314 1081 2639 1146 transferre,
2670 1090 2726 1136 et
2753 1084 3008 1152 praesenti
3051 1085 3202 1151 operi
3233 1084 3478 1137 intexere
3524 1096 3625 1135 ne-

2033 1171 2331 1225 cessarium
2362 1172 2491 1225 duxi
2521 1190 2533 1226 :
2573 1181 2630 1226 ut
2681 1173 2858 1243 ipsum
2904 1174 3307 1242 quodammodo
3337 1176 3627 1243 imperato-

2032 1276 2149 1316 rem
2181 1263 2341 1318 nobis
2398 1265 2590 1320 audire
2618 1265 2923 1331 videamur,
2952 1275 3279 1320 cunctorum
3312 1264 3627 1320 mortalium

2031 1354 2253 1409 auribus
2286 1356 2339 1410 in
2376 1358 2493 1411 haec
2539 1358 2702 1411 verba
2740 1357 3157 1412 inclamantem.

2591 1466 2823 1523 CAPUT
2862 1466 3092 1523 XLVIII.

2029 1557 2363 1614 Constantini
2404 1560 2633 1612 edictum
2695 1561 2766 1611 ad
2801 1558 3148 1622 provinciales
3200 1559 3266 1611 de
3312 1558 3450 1627 falso
3482 1559 3627 1613 cultu

2098 1629 2387 1683 multorum
2414 1628 2663 1683 Deorum.
2686 1628 2992 1683 Exordium
3021 1631 3086 1682 de
3115 1631 3309 1683 uirtute
3335 1638 3386 1682 et
3410 1631 3555 1683 vitio.

2118 1798 2137 1833 ι
2168 1779 2359 1835 Victor
2392 1778 2785 1835 Constantinus
2819 1778 3087 1835 Maximus
3107 1780 3382 1851 Augustus
3412 1781 3626 1851 provin-

2046 1872 2277 1937 cialibus
2309 1870 2575 1926 Orientis.

2125 1962 2515 2031 «Quaecunque
2548 1962 2876 2017 firmissimis
2934 1971 3140 2017 naturae
3207 1961 3413 2032 legibus
3461 1961 3631 2018 conti-

1996 2064 2250 2121 ‘nentur,
2306 2051 2503 2108 divinae
2562 2054 2913 2123 providentiae
2960 2063 3123 2123 atque
3163 2053 3531 2124 intelligentiae
3573 2053 3626 2108 in

2033 2144 2244 2199 cunctis
2288 2143 2449 2197 rebus
2479 2144 2802 2199 ordinandis
2841 2143 3197 2198 sufﬁcientem
3223 2146 3471 2199 notitiam
3506 2160 3628 2199 om-

2035 2236 2194 2291 nibus
2225 2234 2486 2304 prmbent.
2508 2233 2617 2289 Nec
2639 2234 2744 2289 ulla
2773 2235 2991 2290 exsistit
3020 2235 3282 2290 dubitatio
3301 2235 3366 2290 iis
3395 2249 3625 2305 quorum

2035 2336 2244 2381 mentes
2277 2334 2425 2380 recto
2451 2324 2690 2380 scientia:
2719 2325 2915 2379 itinere
2945 2324 3012 2378 ad
3042 2339 3168 2379 eum
3191 2339 3412 2394 scopum
3443 2322 3629 2378 ferun-

2038 2423 2145 2481 tur,
2172 2414 2300 2484 quin
2342 2429 2488 2469 sana:
2521 2415 2716 2470 mentis
2742 2416 3019 2485 ipsiustIue
3048 2415 3325 2471 oculorum
3355 2416 3506 2471 visus
3533 2430 3628 2471 ac-

2035 2517 2219 2560 curata
2277 2508 2714 2575 comprehensio,
2747 2522 2891 2562 verae
2910 2508 3124 2561 virtutis
3145 2508 3332 2561 eodem
3375 2517 3630 2577 vergente

2037 2607 2203 2669 atque
2254 2598 2546 2655 inclinante
2603 2608 2836 2667 natura,
2916 2600 2984 2655 ad
3067 2600 3315 2655 notitiam
3356 2599 3451 2655 Dei
3504 2616 3629 2671 per-

2037 2690 2222 2745 ducat.
2261 2690 2531 2757 Quocirca
2597 2707 2759 2746 nemo
2808 2707 3048 2753 unquam
3098 2694 3179 2747 vir
3239 2692 3477 2763 prudens
3508 2694 3632 2745 an:-

2036 2800 2126 2840 mo
2145 2786 2728 2850 conturbabitur,cum
2773 2784 3064 2855 plerosque
3112 2786 3357 2840 homines
3412 2797 3630 2840 contra-

2046 2877 2128 2932 ria
2152 2877 2297 2932 inter
2316 2878 2531 2944 sevitze
2555 2878 2805 2933 instituta
2824 2880 3023 2933 sectari
3060 2878 3462 2933 animadvertit.
3493 2877 3629 2932 Nam

2035 2970 2253 3023 virtutis
2275 2969 2447 3040 gratia
2471 2984 2696 3037 prorsus
2739 2969 2945 3024 inutilis
2978 2969 3168 3024 lateret
3195 3009 3210 3035 ,
3241 2970 3347 3024 nisi
3370 2967 3631 3038 improbi-

2036 3070 2121 3117 tas
2157 3076 2472 3131 perversam
2535 3076 2600 3116 ac
2652 3062 2992 3131 desperatam
3027 3061 3240 3115 vivendi
3272 3062 3534 3115 rationem
3560 3076 3628 3115 ex

349 3126 669 3235 πρόκειταί
701 3162 802 3232 τῆς
834 3161 890 3215 δὲ
912 3126 1170 3234 ’κρίσεως
1198 3126 1494 3214 αῦθεντετό
1524 3126 1748 3229 ὕψιστος
1778 3126 1930 3223 haec.

2038 3155 2269 3209 adverso
2321 3164 2640 3223 opponeret.
2690 3151 2902 3207 Idcirco
2956 3152 3138 3206 virtuti
3176 3151 3393 3222 quidem
3429 3165 3629 3207 corona

362 3250 504 3320 Ἐγὼ
543 3252 590 3305 δ’
631 3251 707 3316 ὡς
741 3250 821 3306 ενι
872 3252 1108 3323 μάλιστα
1157 3251 1429 3323 φανερῶς,
1485 3251 1614 3321 περὶ
1655 3250 1766 3303 τῶν
1812 3251 1934 3304 κατ’

348 3347 588 3408 ἐμαυτὸν
628 3345 858 3400 ἐλπίδων
902 3348 1069 3400 πᾶσιν
1120 3346 1249 3417 ὑμῖν
1294 3343 1628 3415 ὁμολογῆσαι
1676 3343 1936 3416 πειράσο-

355 3454 473 3510 μαι.
499 3456 519 3489 ι

857 3682 1250 3740 ΚΕΦᾹΛΑΙΟΝ
1286 3684 1422 3739 MO’.

352 3780 493 3848 Περὶ
538 3778 647 3833 τοῦ
698 3776 982 3847 φιλο(ιέου
1033 3777 1255 3848 πατρός
1300 3775 1786 3848 Κωνᾳτᾳντίνου,
1807 3778 1931 3848 *καὶ

388 3844 520 3919 περὶ
538 3844 962 3915 Διοκλητιανοῦ
977 3847 1076 3901 καὶ
1091 3845 1464 3916 Μαξιμιανοῦ
1480 3845 1600 3899 τῶν
1613 3844 1897 3900 διωκτῶν.

427 3959 447 3992 ι
480 3940 676 4011 Ἔσχον
707 3938 882 4007 ἔγωγε
911 3939 1039 4001 τοὺς
1066 3936 1174 4009 πρὸ
1198 3937 1388 3991 τούτου
1417 3936 1743 4008 γενομένους
1776 3938 1934 3991 αὐτο-

351 4031 646 4104 κράτορας,
680 4028 770 4083 διά
814 4029 876 4082 τὸ
907 4028 1015 4082 τῶν
1066 4029 1282 4100 τρόπων
1333 4028 1550 4099 ἄγριον,
1566 4027 1928 4100 ἀποκλήρους·

355 4124 513 4195 μόνος
538 4123 582 4177 δ’
613 4125 641 4176 ὁ
662 4121 846 4193 πατὴρ
870 4123 900 4174 ὁ
924 4120 1056 4191 ἐμὸς
1092 4119 1432 4191 ἡμερότητος
1464 4118 1602 4191 ἔργα
1630 4120 1934 4191 μετεχειρί-

351 4214 495 4280 ζετο,
530 4214 668 4285 μετά
692 4212 1011 4283 θαυμαστῆς
1035 4210 1321 4274 εὐλαϐείας
1353 4212 1411 4264 ἐν
1433 4211 1637 4274 πάσαις
1664 4214 1786 4275 ταῖς
1811 4212 1938 4264 tau-

350 4307 443 4360 τοῦ
481 4306 712 4378 πράξεσι
742 4306 832 4359 τὸν
877 4303 1100 4378 Πατέρα
1128 4304 1259 4357 Θεὸν
1297 4302 1747 4375 ἐπικαλούμενος.
1784 4305 1936 4358 Ὅσοι

350 4395 404 4447 δὲ
446 4395 763 4466 latitet,on
812 4395 1145 4464 ὑγιαίνοντες
1186 4394 1286 4457 τὰς
1330 4394 1553 4465 φρένας,
1609 4394 1937 4465 ἀγριότητος

424 4549 538 4621 (55)
598 4548 750 4618 Vulg.
791 4548 1192 4621 διδασκαλίαν
1226 4543 1362 4621 τῆς

355 4615 722 4675 Scribendunf
761 4630 845 4674 est
867 4619 966 4673 διδ.
1020 4617 1163 4671 κατά
1184 4619 1285 4688 τῆς
1322 4615 1764 4688 εἰδωλολατρείας
1804 4617 1942 4671 πλά-

354 4707 473 4762 νης,
523 4699 579 4762 ut
623 4691 681 4762 in
735 4690 918 4744 Morari
959 4689 1100 4762 libro
1144 4687 1543 4762 :tt_l_matginetu
1591 4687 1938 4762 emendatum

355 4755 560 4814 in'veni.
619 4760 709 4815 Est
744 4769 924 4814 autern
953 4755 1273 4812 διδασκαλία
1312 4772 1503 4818 sermo,
1553 4759 1755 4818 concio,
1792 4755 1938 4809 διδα-

356 4829 614 4893 σκαλικὸς
645 4829 819 4898 λόγος.
873 4829 929 4882 lu
968 4829 1155 4898 codice
1196 4825 1344 4898 Fltk._
1371 4828 1457 4898 hic
1501 4826 1652 4898 locus
1692 4828 1760 4898 ita
1803 4831 1939 4898 scri-

354 4899 519 4962 bitur,
549 4894 891 4954 διδασκαλίαν
920 4897 1061 4952 κατά
1084 4899 1181 4968 τῆς
1206 4894 1648 4966 εἰδωλολατρείας
1676 4895 1771 4948 καὶ⁵
1798 4894 1933 4948 πλά-

354 4987 479 5042 νηςι
499 4981 614 5042 ,θεοῖ

428 5038 539 5112 (54)
710 5036 823 5112 πρὸ
844 5037 1030 5092 αὑτοῦ
1053 5034 1518 5112 κεκρατηκότων.
1551 5032 1792 5112 [lessime
1814 5035 1927 5088 haec

356 5104 529 5166 vertit
557 5104 1078 5177 Christophorsonus
1104 5108 1218 5175 qui,
1243 5118 1300 5177 ut
1320 5104 1790 5177 opinor,_Porjtesii
1814 5120 1928 5156 ver-

357 5182 560 5236 sionem
591 5195 694 5233 non
731 5174 958 5231 viderat.
986 5174 1155 5230 Recte
1181 5175 1324 5229 enim
1350 5174 1628 5229 Portcsius
1657 5175 1771 5227 hace
1800 5189 1925 5227 ver-

356 5250 426 5306 ba
454 5254 839 5318 interpretatus
867 5258 969 5311 est,
1018 5247 1264 5315 quamvis
1289 5258 1507 5300 sensum
1538 5260 1643 5298 non
1678 5245 1748 5297 sit
1777 5258 1929 5298 asse-

357 5331 536 5376 cutus.

429 5389 541 5461 (55)
579 5385 1009 5461 Mtq'iponﬁzﬁc
1037 5384 1309 5461 ἀληθοῦς
1335 5382 1574 5453 ἀρετῆς.
1616 5381 1799 5435 Virtus
1835 5383 1928 5461 hic

358 5454 457 5528 pro
491 5454 820 5528 perfectione
845 5454 1003 5511 sumi
1042 5458 1422 5528 vi_detur,_tam
1472 5470 1535 5507 ea
1580 5467 1699 5528 quae
1730 5462 1815 5528 est
1866 5454 1917 5505 in

360 5523 685 5596 visu'quam
718 5543 839 5595 quae
865 5528 917 5582 in
966 5524 1261 5596 intellectu.
1292 5524 1534 5596 Utraque
1563 5523 1709 5596 enim
1740 5523 1826 5575 vis
1856 5536 1919 5596 ac

357 5592 615 5667 perfectio
652 5592 840 5651 eodem
888 5594 1190 5667 tendit,_ad
1224 5594 1468 5667 veritatis
1517 5592 1729 5646 scilicet
1770 5592 1917 5667 noti-

361 5662 511 5721 iiam.
555 5668 760 5720 Sensus
791 5668 1009 5735 quidem
1044 5665 1426 5735 adveritatem
1456 5677 1646 5735 rerum
1679 5662 1914 5735 sensibi-

361 5739 520 5798 lium,
550 5731 853 5790 intellectus
890 5751 1017 5792 vero
1069 5734 1135 5789 ad
1173 5733 1583 5799 iutclligibilium
1630 5731 1916 5786 veritatem

2038 3242 2315 3312 proposita
2364 3250 2491 3296 est:
2530 3241 2867 3310 improbitati
2924 3249 3106 3295 autem
3151 3240 3514 3306 dijudicandaa
3564 3255 3633 3294 ac

2033 3332 2327 3403 punienda:
2357 3341 2555 3401 przeest
2589 3330 2732 3385 Deus
2778 3332 3102 3386 altissnnus.
3139 3332 3254 3401 Ego
3288 3346 3420 3387 vero
3448 3331 3517 3386 de
3565 3348 3629 3387 ea

2035 3438 2133 3493 spe
2169 3432 2332 3493 atque
2363 3422 2779 3492 exspectatione
2836 3437 3001 3491 quam
3034 3435 3165 3492 gero
3204 3435 3386 3476 rerum
3422 3420 3629 3475 futura-

2033 3528 2179 3577 rum,
2201 3514 2381 3582 quoad
2412 3520 2605 3582 potero
2650 3512 3000 3583 apertissime
3027 3510 3182 3567 vobis
3226 3511 3504 3566 disserere
3538 3526 3630 3565 co—

2036 3602 2231 3656 nabor.
2259 3620 2280 3654 ι

2602 3691 2833 3749 CAPUT
2874 3690 3063 3747 XLIX.

2040 3781 2114 3836 De
2153 3781 2347 3852 piogac
2404 3783 2496 3836 Dei
2539 3785 2906 3836 amantissimo
2976 3782 3313 3837 Constantini
3365 3792 3545 3852 patre.
3581 3792 3630 3839 tt

2141 3859 2206 3903 de
2238 3850 2571 3907 Diocletiano
2595 3863 2643 3907 et
2697 3852 3031 3906 Maximiano
3071 3850 3519 3920 persecutoribus.

2119 3960 2137 3993 ι
2169 3944 2247 3996 Ac
2290 3944 2602 4011 superiores
2630 3942 2845 4013 quidem
2885 3944 3339 4013 imperatores,ob
3358 3944 3628 3999 feritatem

2036 4040 2197 4100 atque
2240 4034 2633 4088 immanitatem
2685 4049 2915 4100 morum,
2968 4034 3178 4089 alienos
3216 4050 3433 4103 semper
3464 4044 3629 4105 atque

2036 4132 2332 4178 extraneos
2362 4124 2545 4178 habui.
2577 4124 2736 4179 Solus
2773 4136 2933 4195 pater
2964 4140 3116 4179 meus
3148 4124 3361 4179 lenitati
3389 4140 3452 4179 ac
3482 4143 3629 4179 litau-

2036 4214 2309 4268 snetudiui
2347 4216 2574 4278 studuit,
2605 4231 2730 4269 cum
2784 4216 3103 4270 admiramla
3155 4215 3417 4285 religione
3458 4215 3626 4269 Demn

2037 4303 2258 4358 Patrem
2300 4304 2353 4358 in
2396 4305 2651 4361 onmibus
2689 4307 2805 4360 suis
2846 4305 3060 4359 actibus
3096 4304 3377 4360 invocans.
3414 4304 3628 4373 Reliqui

2038 4412 2171 4452 vero
2220 4399 2641 4468 haudquaquam
2674 4413 2806 4453 sana
2846 4410 3029 4452 mente
3076 4397 3311 4467 praediti,
3369 4397 3625 4451 immani-

1424 4545 1937 4621 e18_w.10.1§ttpeigg.

2056 4564 2118 4621 ex
2154 4550 2267 4619 ipsa
2302 4565 2478 4605 rerum
2514 4549 2853 4621 sensibilium
2886 4551 3126 4621 veritate
3178 4550 3539 4619 progreditur,
3571 4557 3629 4604 et

2055 4620 2179 4674 hinc
2235 4622 2301 4673 ad
2349 4622 2544 4674 sutnmi
2591 4620 2679 4674 Dei
2737 4619 2987 4672 notitiam
3041 4621 3305 4686 gradatim
3356 4621 3625 4673 ascendit.

2041 4687 2231 4743 Potest
2264 4692 2426 4744 etiam
2459 4693 2559 4745 hoc
2595 4690 2737 4750 loco,
2773 4690 2942 4761 ἁρετὴ
2972 4691 3068 4743 τοῦ
3108 4688 3343 4761 ἀληθοῦς
3390 4690 3496 4761 dici
3543 4691 3628 4743 vis

2037 4773 2102 4811 ac
2132 4762 2304 4814 virtus
2338 4761 2606 4814 veritatis.
2657 4760 2785 4825 Qum
2814 4771 3119 4828 sequuntur
3159 4769 3365 4822 tamen,
3410 4760 3476 4813 de
3508 4775 3629 4811 mo-

2037 4830 2138 4882 rali
2182 4831 2381 4883 virtute
2418 4831 2566 4885 hunc
2617 4829 2793 4883 locum
2843 4829 3220 4898 accipiendum
3252 4844 3373 4883 esse
3420 4833 3627 4883 contir-

2034 4911 2206 4954 Illalll,

2105 4970 2416 5041 (56)}‘nlg.
2465 4967 2939 5041 drdqwglegp
2995 4968 3288 5041 ἀνόνητος,
3340 4978 3396 5041 ttt
3437 4976 3519 5041 est
3569 4969 3623 5023 in

2031 5038 2385 5107 Fuk.,Mor:ei
2403 5050 2455 5093 et
2480 5042 2697 5094 Grutert
2723 5038 2880 5110 libro.
2909 5039 3072 5091 l‘aulo
3097 5038 3216 5108 post
3244 5040 3426 5092 scribo
3453 5038 3533 5091 διὸ
3555 5041 3621 5110 τῇ

2034 5114 2132 5184 μὲν
2177 5112 2345 5183 ἀρετῇ
2394 5110 2658 5184 στέφανος
2705 5109 3021 5184 πρόκειται.
3061 5113 3446 5184 _Sunt‘ant_etn
3504 5111 3622 5161 ha-c

2031 5179 2188 5236 valde
2217 5179 2453 5235 obscura
2494 5193 2549 5233 et
2593 5179 2882 5242 intricata;
2929 5179 3071 5246 quod
3110 5180 3305 5246 partim
3352 5180 3623 5231 Constan-

2033 5254 2147 5305 tino
2197 5253 2297 5317 ipsi
2336 5251 2679 5303 tribuendum
2710 5257 2817 5312 est,
2856 5250 2951 5318 qui
2995 5258 3181 5315 utpote
3225 5246 3526 5318 ὀψιμαθὴς,
3566 5250 3616 5318 in

2033 5316 2265 5377 dicendo
2303 5329 2424 5372 erat
2471 5318 2786 5384 obscurior;
2834 5316 3035 5376 partim
3087 5316 3344 5381 Eusebio,
3381 5316 3474 5370 seu
3526 5316 3615 5368 cui

2032 5391 2188 5445 alteri
2213 5389 2304 5459 qui
2321 5404 2387 5443 ex
2402 5387 2611 5459 Latinis
2630 5389 2880 5459 obscuris
2904 5388 3097 5459 Graeca
3126 5388 3253 5441 fecit
3277 5385 3615 5459 obscuriora.

2025 5459 2084 5529 In
2129 5456 2500 5529 manuscripto
2544 5456 2767 5529 Fuketii
2812 5457 2953 5529 libro
2998 5457 3262 5529 ἀνόνητος
3307 5457 3523 5527 tegitur,
3563 5461 3620 5506 et

2022 5528 2105 5583 διὸ
2133 5529 2233 5600 τῆς
2266 5528 2365 5601 μὲν
2401 5528 2626 5601 ἀρετῆς,
2657 5527 3027 5599 etc.,optime.
