4210 6424
603 348 739 402 war
1306 349 1581 409 EUSEBD
1617 334 2095 408 CESARtENSlS
2132 350 2284 409 ore.
2326 352 2508 408 rans
2541 355 2587 408 ι.
2626 385 2698 396 -
2736 356 3127 416 HISTORICA.
3732 365 3872 420 rosa

599 500 764 545 tatem
813 491 991 562 potius
1041 492 1343 548 consectati
1385 501 1512 548 sunt
1564 508 1727 562 quam
1778 492 2124 548 clementiam

2247 543 2248 550 η
2282 493 2482 563 μᾶλλον
2514 494 2547 567 ἢ
2584 496 2892 568 πραότητος
2923 497 3303 570 ἐπεμελοῦντο,
3356 501 3449 556 καὶ
3476 501 3682 576 ταύτην
3716 503 3874 576 ἐτρε-

595 601 825 656 eamque
859 588 1052 640 mirum
1092 587 1144 641 in
1187 587 1405 643 modum
1432 587 1596 660 467
1634 588 1904 653 aluerunt,
1943 591 2149 643 totoim

2283 598 2383 651 φον
2410 582 2678 652 ἀφθόνως,
2710 585 2937 640 ἐπὶτῶν
2965 587 3108 641 ἰδίων
3143 589 3353 661 καιρῶν
3388 591 3480 647 τὸν
3512 593 3686 665 ἀληθῆ
3714 593 3872 663 λόγον

596 679 730 743 perii
760 679 841 733 sui
876 687 1119 747 tempore
1159 694 1345 733 veram
1402 681 1709 734 doctrinam
1772 680 2154 736 subvertentes

2279 671 2717 744 διαστρέφοντες,
2750 676 2850 747 τῆς
2875 677 2931 730 δὲ
2962 680 3228 750 πονηρίας
3251 681 3435 746 αὐτοῖς
3461 685 3493 753 ἡ
3521 683 3766 754 δεινότης
3790 689 3873 752 είς

592 770 763 823 Porro
795 769 1159 838 improbitatis
1181 771 1421 840 ipsorum
1456 781 1743 842 tantopere
1768 771 1920 826 furor
1946 774 2151 828 exarsit

2277 764 2532 817 τοσοῦτον
2575 765 2860 837 ἐξήπτετο,
2900 768 2977 832 ὠς
3024 770 3241 824 πάντων
3286 773 3422 843 ὁμοῦ
3462 773 3572 827 τῶν
3605 774 3766 829 θείων
3808 794 3871 831 τε

592 869 650 916 ut
700 863 913 917 cunctis
966 870 1075 916 tam
1130 862 1328 916 divinis
1368 877 1532 930 quam
1588 863 1845 917 immanis
1903 865 2065 919 rebus
2123 865 2154 919 it

2278 856 2373 910 καὶ
2412 857 2769 929 ἀνθρωπίνων
2813 860 3157 931 πραγμάτων
3205 865 3659 935 είρηνευομένων,
3691 868 3871 937 ἐμφυ-

589 969 795 1007 summa
837 968 969 1024 pace
1019 955 1352 1023 constitutis,
1395 955 1498 1024 ipsi
1545 954 1688 1011 bella
1735 956 1915 1010 civilia
1968 957 2154 1012 excitat

2276 945 2423 1010 λίους
2453 948 2543 1001 ὑπ’
2574 949 2798 1003 ἐκείνων
2827 949 3097 1021 πολέμους
3131 950 3243 1021 (57)
3283 953 3763 1026 ἀναῤῥιπίζεσθαι,
3809 976 3829 1010 ι

588 1058 724 1102 rent.
741 1065 760 1099 ι

2804 1132 3201 1187 ΚΕΦΑΛΑΙΟΝ
3242 1134 3326 1188 N'.

2277 1220 2404 1303 ὀςι
2442 1221 2704 1303 διὰιτὴν
2733 1221 2842 1276 τοῦ
2900 1224 3272 1303 navaturo;
3309 1228 3624 1303 μαντείαν.
3662 1232 3749 1303 ὡς
3771 1230 3863 1303 μὴ

2340 1292 2678 1370 δυναμένου
2712 1295 3114 1370 μανζεξύεσθαι
3161 1293 3259 1349 διὰ
3309 1292 3453 1364 τοὺς
3505 1292 3797 1370 δικαίως,
3827 1292 3863 1360 ὅ

2339 1361 2596 1431 διωγμὸς
2624 1362 2975 1431 ὰνεκινήθη.

660 1485 679 1514 ι
702 1463 912 1532 Quippe
935 1462 1241 1530 Apollinem
1277 1471 1403 1516 tunc
1444 1463 1703 1533 temporis
1727 1479 1793 1517 ex
1820 1472 1977 1517 antro
2006 1474 2061 1517 et
2097 1473 2154 1518 te-

2345 1454 2480 1507 ιΤὺν
2513 1455 2755 1509 Ἀπόλλω
2774 1456 2837 1509 τὸ
2862 1456 3164 1527 τηνικαῦτα
3184 1457 3391 1528 ἔφασαν
3412 1460 3471 1526 ἐξ
3496 1462 3691 1535 ἄντρου
3717 1463 3861 1529 τινὸς

583 1556 818 1609 nebioso
849 1555 1083 1622 quodam
1114 1570 1308 1623 specu,
1341 1569 1445 1608 non
1478 1570 1543 1609 ex
1576 1555 1813 1608 hominis
1839 1570 1935 1610 ore
1968 1569 2154 1609 oracu-

2266 1546 2363 1599 καὶ
2392 1546 2609 1601 σκοτίου
2642 1546 2836 1618 μυχοῦ,
2871 1549 2993 1618 οὐχὶ
3028 1549 3073 1602 δ’
3109 1547 3170 1614 ἐξ
3206 1550 3496 1621 ἀνθρώπου
3526 1555 3751 1624 χρῆσαι,
3782 1554 3859 1619 ὡς

582 1647 692 1700 lum
721 1646 956 1701 edidisse
1003 1646 1315 1711 ferebatur,
1352 1662 1461 1715 quo
1498 1645 1677 1714 jnstos
1716 1647 1865 1700 viros
1906 1648 1959 1700 in
2001 1648 2154 1702 terris

2265 1635 2373 1707 ἄρα
2420 1640 2470 1691 οἱ
2515 1640 2608 1693 ἐπὶ
2639 1640 2741 1710 τῆς
2774 1641 2878 1710 γῆς
2907 1640 3397 1712 δίκαιοιτέμπόδιον
3434 1640 3542 1698 εἷεν
3586 1645 3680 1699 τοῦ
3725 1646 3858 1717 ἀλη-

582 1737 840 1807 degentes
866 1739 1086 1791 obstare
1111 1737 1213 1791 sibi
1249 1737 1431 1789 aiebat
1457 1751 1563 1804 quo
1600 1737 1778 1791 minus
1807 1751 1932 1790 vera
1959 1736 2154 1806 przedi-

2265 1726 2442 1782 θεύειν
2473 1731 2633 1785 αὐτόν
2657 1748 2671 1761 ⁸
2728 1734 2822 1786 καὶ
2851 1733 2940 1786 διὰ
2990 1732 3150 1786 τοῦτο
3185 1735 3401 1804 ψευδεῖς
3437 1735 3544 1789 τῶν
3582 1738 3855 1808 τριπόδων

582 1839 770 1892 ceret,
805 1837 969 1896 atque
999 1827 1201 1881 idcirco
1230 1826 1363 1880 falsa
1389 1842 1456 1879 ex
1487 1827 1702 1894 tripode
1730 1827 1950 1881 oracula
1984 1827 2154 1881 reddi.

2263 1821 2363 1885 τὰς
2398 1822 2656 1893 μαντείας
2698 1823 2989 1877 ποιεῖσθαι.
3028 1824 3200 1878 Τοῦτο
3244 1827 3411 1881 αὐτοῦ
3443 1832 3709 1898 κατηφεῖς
3738 1829 3851 1900 (58)

1209 1139 1440 1195 CAPUT
1489 1140 1553 1195 L.

589 1233 743 1297 Quod
793 1248 857 1285 ea:
907 1232 1168 1294 Apollinis
1224 1232 1467 1294 oraculo,
1499 1232 1590 1301 qui
1636 1232 1699 1284 ob
1737 1232 1905 1297 justas
1935 1232 2171 1287 homines

658 1318 908 1382 respousa
940 1301 1169 1367 amplius
1199 1302 1350 1354 edere
1381 1319 1482 1354 non
1514 1311 1744 1371 poterat,
1772 1313 1916 1355 mota
1953 1304 2017 1356 sit
2049 1318 2169 1373 per-

655 1382 879 1426 secutto.

583 1919 739 1974 Hanc
766 1919 837 1973 ob
870 1934 1093 1973 causam
1130 1918 1218 1972 ille
1258 1933 1472 1973 comam
1518 1916 1777 1971 incultam
1812 1917 2034 1971 demisit
2080 1928 2163 1980 ,et

579 2009 801 2078 expulsa
843 2009 1118 2063 divinandi
1150 2019 1294 2072 arte,
1327 2017 1536 2062 tantum
1582 2005 1730 2061 inter
1757 2006 2009 2060 homines
2041 2022 2160 2059 ma-

579 2100 693 2155 lum
727 2099 1149 2156 iamentabalnr.
1183 2101 1288 2155 Sed
1320 2101 1605 2155 videamus
1638 2113 1797 2168 quem
1822 2098 1923 2153 ista
1952 2098 2161 2153 exitum

578 2194 889 2248 habuerint.
918 2213 936 2245 ι

1198 2281 1428 2338 CAPUT
1470 2281 1557 2338 Li.

579 2398 856 2465 Quomodo
887 2398 1271 2452 Constantinus
1314 2398 1487 2449 adhuc
1514 2395 1820 2449 adolescens
1854 2395 2021 2456 iustos
2048 2412 2160 2452 esse

777 2478 787 2491 ’
1077 2465 1406 2519 Christianos
1433 2466 1657 2520 audivit.

657 2623 675 2653 ι
704 2602 779 2657 Te
796 2616 940 2654 nunc
963 2609 1152 2653 testem
1175 2599 1407 2667 appello,
1434 2598 1573 2653 Deus
1586 2598 1871 2654 altissime.
1887 2598 2006 2655 Scis
2022 2614 2159 2669 qua-

575 2694 704 2748 liter
738 2707 840 2762 ego
870 2701 998 2746 tunc
1029 2691 1291 2759 temporis
1319 2690 1606 2743 admodum
1631 2689 1972 2755 adolescens,
1999 2686 2154 2744 illum

575 2786 667 2854 qui
703 2785 844 2838 inter
864 2783 1222 2852 imperatores
1244 2780 1520 2835 Romanos
1537 2783 1799 2849 potiorem
1826 2782 2001 2836 locum
2029 2791 2157 2837 tunc

575 2876 879 2940 obtinebat,
915 2874 1203 2939 miserum,
1230 2873 1474 2945 profecto
1489 2874 1770 2939 miserum,
1798 2873 1933 2930 falso
1960 2876 2157 2930 mentis

572 2982 766 3021 errore
797 2966 1115 3033 deceptum,
1142 2980 1210 3020 ex
1236 2965 1639 3034 protectoribus
1665 2966 1776 3019 suis
1803 2966 2017 3020 curiose
2047 2966 2155 3020 sci-

571 3060 861 3112 scitantem
889 3057 1177 3121 audierim,
1198 3057 1418 3125 quinam
1446 3056 1518 3109 illi
1547 3055 1879 3123 essentjnsti
1904 3055 1960 3109 in
1987 3057 2151 3111 terris

2264 1914 2390 1977 τοὺς
2423 1913 2735 1985 πλοκάμους
2776 1915 2981 1969 ἀνεῖναι
3023 1918 3312 1987 πεποίηκε,
3358 1919 3457 1988 τῆς
3510 1922 3771 1990 μαντείας
3800 1922 3850 1976 τ’

2264 2004 2644 2077 ὲλαυνομένης,
2698 2006 2761 2059 τὸ
2817 2009 2875 2059 ἐν
2925 2006 3232 2077 ἀνθρώποις
3280 2011 3449 2063 κακὸν
3509 2013 3848 2085 ἀπωδύρετο.

2276 2096 2416 2149 Ἀλλ’
2443 2096 2642 2168 ἴδωμεν
2678 2098 2851 2151 ταῦτα
2882 2101 2961 2163 είς
2994 2102 3178 2154 ὁποῖον
3212 2103 3361 2166 τέλος
3395 2102 3667 2169 ἐξώκειλε.
3718 2129 3738 2158 ι

2785 2280 3183 2333 ΚΕΦΑΛΑΙΟΝ
3209 2281 3339 2337 NA'.

2262 2369 2387 2442 Ὅτι
2421 2367 2580 2442 νέοςί
2605 2367 2692 2420 ὢν
2741 2370 2829 2423 ἔτι
2868 2373 3325 2442 Κωνσταντῖνος
3381 2373 3526 2437 τοὺς
3574 2373 3843 2442 δικαίους

2328 2434 2481 2514 εἶναι
2533 2440 2929 2514 ζρισιζιανοὺς
2980 2441 3273 2510 ἤκουσεν,
3301 2434 3392 2497 ⁷ἐκ
3435 2434 3542 2497 τοῦ
3589 2445 3662 2499 τὰ
3707 2434 3842 2514 περὶ

2328 2507 2586 2578 διωγμοῦ
2613 2508 2978 2579 γράψαντος.

2335 2617 2354 2649 ι
2383 2599 2450 2651 Σὲ
2491 2599 2607 2663 νῦν,
2642 2600 2731 2653 τὸν
2763 2599 2984 2669 ὕψιστον
3030 2602 3362 2668 Θεὸν,καλῶ,
3397 2603 3695 2676 ἠκροώμην
3721 2605 3843 2659 τότε

2258 2691 2453 2762 κομιδῆ
2491 2694 2621 2755 παῖς
2644 2693 2905 2764 ὑπάρχων
2928 2693 3060 2763 (59),
3093 2694 3210 2757 πῶς
3236 2696 3264 2746 ὁ
3295 2696 3415 2748 κατ’
3446 2698 3621 2750 ἐκεῖνο
3646 2694 3838 2768 καιροῦ

2257 2778 2408 2850 παρὰ
2442 2782 2555 2843 τοῖς
2606 2781 2889 2852 Ῥωμαίων
2934 2783 3361 2856 αὐτοκράτορσιν
3406 2783 3543 2855 ἔχων
3590 2785 3659 2839 τὰ
3686 2804 3838 2856 πρω-

2254 2873 2394 2935 τεῖα,
2446 2870 2699 2934 δείλαιος,
2756 2872 2971 2943 ἀληθῶς
3006 2874 3261 2939 δείλαιος,
3304 2875 3480 2948 πλάνῃ
3527 2877 3624 2946 τὴν
3660 2876 3838 2948 ψυχὴν

2254 2961 2627 3032 ¹Ῑῃπαειημιένος,
2658 2962 2808 3033 παρὰ
2849 2963 2956 3016 τῶν
2985 2963 3429 3036 δορυφορούντων
3475 2966 3659 3030 αὑτὸν,
3695 2965 3837 3028 τίνες

2253 3051 2319 3107 ἂν
2353 3049 2463 3106 εἷεν
2491 3055 2540 3106 οἱ
2572 3052 2709 3124 πρὸς
2739 3057 2803 3125 τῇ
2832 3057 2902 3127 γῇ
2927 3054 3145 3117 δίκαιοι,
3166 3055 3637 3128 πολυπραγμονῶν
3670 3058 3837 3109 ἐπυν-

572 3152 928 3220 ιΙιιςοιιιοειει
949 3151 1235 3218 quemdam
1265 3163 1329 3201 ex
1355 3148 1683 3202 saeriliculis
1705 3150 1795 3216 qui
1826 3149 1972 3203 circa
2000 3148 2150 3202 illum

2254 3143 2478 3197 θάνετοο
2520 3143 2613 3196 καί
2645 3160 2731 3207 τις
2772 3144 2880 3197 τῶν
2925 3144 3053 3215 περὶ
3086 3144 3248 3199 αὐτὸν
3285 3144 3568 3216 θυηπόλων
3602 3146 3832 3217 ἀποκρι-

570 3253 747 3305 erant,
799 3241 1145 3310 respondisse
1188 3254 1284 3295 eos
1354 3254 1474 3294 esse
1503 3238 1859 3294 Christianos.
1907 3238 1998 3293 Ille
2031 3255 2147 3293 res-

571 3346 742 3399 ponso
773 3332 1013 3386 hominis
1040 3330 1193 3399 quasi
1226 3328 1384 3384 melle
1417 3331 1652 3397 quodam
1680 3328 1835 3382 avide
1863 3328 2145 3395 absorpto,

568 3423 778 3490 gladios
801 3423 867 3475 ad
886 3422 1156 3489 punienda
1186 3421 1415 3476 crimina
1442 3431 1687 3489 paratos,
1706 3421 1963 3473 adversus
1986 3434 2147 3473 sanc-

569 3510 777 3562 titatem
840 3508 988 3562 omni
1050 3509 1473 3577 reprehensione
1547 3524 1776 3562 vacuam
1838 3508 2143 3561 distrinxit.

567 3599 765 3652 Statim
798 3598 965 3665 igitur
1009 3598 1422 3667 sanguinolenta
1470 3598 1647 3652 edicta
1688 3598 1950 3662 cruentis,
1978 3609 2037 3651 ut
2069 3599 2144 3651 ita

568 3691 822 3752 dixerim,
856 3688 1212 3742 mucronibus
1242 3688 1461 3755 scripsit
1495 3706 1509 3741 :
1539 3696 1594 3741 et
1629 3687 1902 3756 judicibus
1942 3704 2146 3757 praece-

566 3781 667 3848 pit,
710 3790 770 3832 ut
799 3780 996 3849 ingenii
1024 3779 1302 3833 solertiam
1339 3779 1444 3833 sibi
1489 3796 1518 3830 a
1553 3789 1744 3832 natura
1790 3780 2036 3842 insitam,
2075 3781 2144 3835 ad

566 3873 849 3927 acerbiora
884 3872 1145 3941 supplicia
1174 3871 1529 3938 excogitanda
1557 3871 1928 3926 intenderent.
1967 3890 1988 3923 ι

1169 3961 1395 4017 CAPUT
1438 3961 1543 4018 Lli.

567 4056 706 4121 Quot
751 4064 1129 4108 tormentorum
1163 4065 1210 4106 et
1254 4054 1629 4121 suppliciorum
1673 4071 1862 4122 genera
1888 4057 2143 4111 adrcrsus

943 4126 1273 4179 Christianos
1311 4124 1606 4191 excogitata
1635 4129 1762 4177 sint.

642 4235 661 4267 ι
688 4215 865 4271 Licuit
892 4228 1039 4282 tunc,
1079 4215 1248 4278 licuit,
1275 4214 1518 4283 inquam,
1547 4215 1751 4279 videre,
1785 4227 1988 4284 quanta
2017 4233 2139 4271 cum

563 4309 817 4363 libertate
839 4308 1181 4363 venerabiles
1205 4306 1295 4360 Dei
1324 4306 1565 4360 cultores
1588 4309 1658 4361 ob
1682 4312 1992 4361 continuam
2017 4324 2141 4362 cru-

562 4401 845 4456 delitatem
879 4398 1232 4471 gravissimas
1267 4397 1515 4469 quotidie
1542 4398 1896 4454 contumelias
1931 4399 2129 4454 tolera-

632 4578 746 4652 (57)
789 4578 1215 4652 Ἐμφυλζους...
1249 4574 1477 4647 πολέμο

561 4647 970 4721 persecutimtes
1013 4648 1660 4721 Cltristiatio_rui_it._Nihil
1708 4647 1849 4721 enim
1894 4647 2129 4721 similius

562 4716 706 4774 civili
740 4719 897 4785 bello,
932 4732 1254 4787 quamcum
1297 4717 1591 4787 Christiani
1647 4718 1698 4770 in
1734 4716 1963 4784 singulis
1988 4717 2125 4771 civi-

566 4791 786 4853 tatibus,
833 4786 1209 4842 non’hostinm
1239 4796 1333 4839 aut
1362 4786 1752 4851 Barbarornnt,
1791 4788 1886 4839 sed
1921 4787 2123 4840 civium

563 4875 785 4913 suorum
816 4859 1131 4911 incursione
1162 4855 1492 4924 fugabantur
1524 4872 1588 4910 ac
1615 4856 2017 4910 mactabantur.

625 4931 748 5011 $58)
793 4924 972 5011 Τοξτο
1032 4924 1219 5006 aiin
1266 4926 1590 5011 κατηφεῖς..
1629 4925 1985 5011 §cribendutn
2046 4934 2127 5011 est

558 4995 718 5054 τοῦτο
751 4996 914 5051 αὑτοῦ
945 4995 1235 5068 προφῆτις,
1272 4997 1353 5051 vel
1376 5012 1419 5050 sn
1457 4998 1625 5050 mavis
1649 4995 1824 5066 ἱέρεια
1853 4999 2128 5068 κατηφής,

560 5088 721 5139 «piant
753 5067 1036 5123 lectiOneni
1077 5069 1127 5119 in
1171 5067 1619 5139 interpretatione
1658 5081 1939 5139 nica_sunt_
1965 5067 2120 5119 secu-

564 5134 666 5195 tus.
714 5138 993 5195 Portesius
1025 5150 1241 5204 quoque
1278 5145 1334 5189 et
1377 5135 1620 5190 Morinus
1666 5137 1733 5189 de
1779 5134 1975 5205 Pythia
2025 5151 2118 5190 seu

559 5207 1158 5277 sacerdote_,Apollittis
1205 5207 1320 5258 haec
1358 5205 1768 5277 intellexerunt.
1812 5204 1870 5257 in
1911 5206 2124 5277 optimo

562 5293 743 5333 tamen
780 5275 989 5332 Fuket’ii
1038 5276 1177 5329 libro
1222 5283 1370 5329 totus
1407 5277 1495 5328 hic
1530 5276 1683 5328 locns
1715 5275 1787 5327 ita
1816 5275 2075 5327 scribitur
2107 5291 2121 5328 :

557 5349 728 5402 Τοῦτο
760 5345 923 5403 αὐτοῦ
969 5347 1233 5414 κατηφεῖς
1269 5344 1395 5415 τοὺς
1439 5344 1750 5415 πλοκάμους
1784 5346 1990 5397 ἀνεῖναι
2032 5360 2131 5397 πε-

559 5421 776 5489 ποίηκε’
812 5417 912 5487 τῆς
946 5416 1279 5489 μαντείας-τ’
1309 5414 1692 5489 ὲλλαυνομένης,
1723 5427 1828 5489 etc.
1870 5415 1967 5489 (lui
1996 5427 2127 5489 con-

559 5485 911 5544 scnthcodeLx
941 5485 1152 5539 Savilii.
1180 5485 1296 5536 Mox
1332 5486 1384 5537 in
1410 5486 1598 5539 iisdem
1630 5485 2125 5551 t-tuticibuslegitur

558 5561 639 5619 εἰς
663 5559 843 5611 ὁποῖον
871 5557 1023 5619 τέλος
1043 5552 1354 5622 κατέληξεν.

631 5629 744 5699 (59)
772 5626 994 5697 Κομιδῆ
1023 5625 1164 5699 παῖς
1188 5621 1494 5699 ὑπάρχων.
1533 5621 1808 5699 luMGrzecu
1840 5622 2012 5699 lt_njns_
2031 5638 2124 5676 ca-

564 5692 691 5765 pilis
720 5692 874 5751 titulo
905 5692 1103 5751 rectius
1129 5696 1385 5749 scribitur
1418 5693 1556 5756 νέος.
1591 5692 1776 5765 Neque
1798 5693 1945 5765 enim
1975 5694 2120 5747 Con-

562 5763 834 5824 stantinus
879 5783 1012 5838 puer
1043 5776 1169 5822 tunc
1200 5774 1341 5833 erat,
1371 5780 1493 5820 cum
1526 5766 1579 5818 in
1625 5763 1749 5817 aula
1792 5763 2118 5821 Diocletiani

2255 3234 2388 3299 θεὶς,
2425 3236 2740 3306 Χριστιανοὶ
2787 3235 3076 3307 δήπουθεν,
3121 3236 3249 3307 ἔφη.
3292 3237 3349 3291 Ὁ
3392 3237 3448 3290 δὲ
3479 3238 3578 3309 τὴν
3611 3239 3838 3310 ἀπόκρι-

2256 3345 2339 3381 σιν
2379 3327 2566 3400 ὢσπερ
2608 3346 2662 3381 τι
2703 3327 2995 3400 βροχθίσας
3028 3329 3147 3399 μέλι
3169 3329 3301 3400 (60),
3330 3330 3398 3384 τὰ
3427 3331 3567 3384 κατὰ
3596 3331 3702 3385 τῶν
3726 3333 3812 3388 est

2253 3421 2513 3490 κημάτων
2558 3419 2848 3491 εὑρεθέντα
2905 3420 3056 3491 ξίφη,
3110 3423 3253 3475 κατὰ
3312 3422 3415 3492 τῆς
3464 3422 3830 3495 άνεπιλήπτου

2251 3514 2528 3583 ὁσιότητος
2574 3512 2856 3576 ἐξέτεινεν.
2886 3512 3096 3566 Αὐτίκα
3142 3512 3206 3584 δὴ
3256 3507 3349 3566 οὖν
3375 3513 3721 3585 διατάγματα
3746 3514 3836 3569 λύ-

2254 3603 2398 3675 θρων
2429 3604 2756 3676 μιαιφόνοις,
2774 3603 2850 3667 ὡς
2878 3604 3074 3669 εἰπεῖν,
3105 3605 3350 3668 ἀκωκαῖς
3370 3604 3480 3676 (61)
3518 3606 3828 3667 συνέταττε,

2250 3698 2364 3758 τοῖς
2391 3712 2452 3748 τε
2484 3696 2766 3758 δικασταῖς
2817 3694 2918 3766 τὴν
2952 3695 3093 3749 κατὰ
3121 3695 3282 3765 φύσιν
3316 3696 3594 3767 ἀγχίνοιαν
3631 3700 3710 3761 εἰς
3737 3698 3830 3750 εὖ·-

2255 3803 2405 3859 ρεσιν
2458 3785 2835 3857 κολαστηρίων
2886 3785 3202 3857 δεινοτέρων
3272 3786 3533 3841 ἐκτείνειν
3592 3804 3832 3859 παρεκε-

2250 3879 2434 3933 λεύετο
2458 3878 2591 3951 (62).
2643 3897 2662 3929 ι

2759 3969 3157 4022 ΚΕΦΑΛΑΙΟΝ
3188 3969 3312 4025 NB’.

2252 4061 2400 4116 Ὅσά
2426 4060 2555 4129 εἴδη
2579 4058 2877 4125 βασάνων
2909 4060 3007 4113 καὶ
3041 4059 3330 4128 τιμωριῶν
3362 4060 3511 4114 κατὰ
3547 4062 3827 4127 Χριστια-

2796 4129 2920 4183 νῶν
2949 4129 3272 4198 ἐτολμήθη.
3374 4136 3378 4140 ’

2319 4218 2427 4274 Ἦν
2462 4222 2604 4288 τότε,
2636 4216 2705 4293 ἦν
2738 4221 2886 4286 ἰδεῖν,
2929 4219 3047 4292 μεθ’
3074 4222 3205 4291 ὅσης
3223 4219 3471 4285 ἐξουσίας
3495 4222 3530 4290 ἡ
3565 4220 3830 4291 σεμνότης

2248 4312 2427 4385 ἐκείνη
2471 4312 2571 4383 τῆς
2618 4312 2947 4377 θεοσεϐείας,
2983 4315 3048 4383 τῇ
3085 4312 3188 4382 τῆς
3238 4313 3516 4384 ὠμότητος
3551 4313 3823 4383 συνεχείᾳ,

2248 4404 2310 4456 οὐ
2360 4403 2459 4466 τὰς
2499 4402 2772 4474 τυχούσας
2809 4403 2893 4471 ἐφ’
2943 4402 3183 4473 ἑκάστης
3227 4402 3440 4475 ἡμέρας
3482 4401 3668 4474 ὖόρεις
3725 4403 3829 4471 ὑφ-

1480 4575 1783 4645 vc.Civilia
1806 4574 1943 4631 bella
1982 4584 2141 4632 vocat
2170 4582 2215 4637 D
2245 4579 2452 4634 obsidis
2482 4578 2603 4634 loco
2636 4591 2792 4631 versa
2805 4586 2976 4631 retur.
3016 4575 3226 4645 Quippe
3256 4591 3283 4629 a
3317 4584 3472 4643 patre
3495 4574 3821 4629 Constantio

2246 4651 2479 4703 traditus
2524 4658 2610 4703 est
2658 4648 3016 4710 Diocletiano,
3065 4662 3211 4700 anno
3251 4646 3456 4700 Christi
3515 4645 3643 4708 291,
3694 4661 3816 4697 cum

2233 4719 2588 4773 Consrantius
2617 4733 2649 4771 a
2687 4717 3024 4770 Diocletiano
3051 4718 3234 4770 Ctesar
3256 4716 3431 4769 iactus
3461 4714 3670 4769 fuisset.
3699 4715 3819 4779 Quo

2233 4789 2454 4856 quidem
2487 4797 2732 4857 tempore
2764 4787 3169 4857 Constantinus
3198 4802 3397 4857 annum
3440 4786 3619 4839 altatis
3647 4784 3815 4857 circi-

2235 4854 2317 4911 ter
2358 4854 2615 4927 quintum
2655 4856 2929 4927 decimum
2962 4856 3196 4927 agebat.
3254 4855 3497 4909 Mortuus
3535 4865 3616 4908 est
3669 4854 3814 4907 enini

2236 4925 2388 5007 anno
2412 4925 2618 4981 Christi
2651 4926 2778 4991 557,
2824 4925 3159 4980 actatis‘suze
3204 4926 3451 4979 secundo
3490 4938 3555 4978 ac
3582 4937 3816 4993 sexage-

2235 5013 2397 5051 Simo.

2304 5066 2414 5137 (60)
2465 5062 2631 5137 Vulg.
2674 5064 3034 5134 βροχθήσας
3081 5064 3245 5137 μέλι,
3319 5062 3373 5137 In
3426 5062 3815 5137 manuscriptis

2230 5131 2507 5190 codicibus
2539 5131 2750 5188 Fukctii
2788 5131 2840 5189 et
2872 5137 3060 5190 Savilli
3083 5131 3313 5188 _rectius
3341 5133 3552 5202 legitur
3591 5131 3805 5202 βροχθί-

2232 5222 2332 5269 σας
2356 5247 2370 5270 ,
2402 5220 2582 5267 neque
2606 5208 2765 5258 aliter
2788 5207 3047 5272 Scriptum
3079 5205 3303 5257 exhibet
3339 5201 3537 5272 Regius
3558 5201 3751 5256 codex.

2304 5278 2415 5339 (tit)
2446 5276 2817 5344 Μιαιφόνοις.
2832 5316 2867 5329 ..
2888 5274 3170 5339 ἀκωκαῖς.
3186 5272 3389 5327 Alindit
3403 5273 3471 5344 ad
3495 5287 3807 5344 mucronem

2236 5347 2383 5415 styli.
2412 5341 2604 5398 Porro
2635 5348 2916 5415 eleganter
2949 5345 3365 5415 Constantinus,
3400 5341 3549 5415 leges
3581 5342 3808 5415 illasde

2240 5411 2620 5483 persecutione
2659 5411 3095 5469 Christianorum
3148 5414 3380 5483 scriptas
3442 5411 3614 5483 fuisse
3664 5411 3807 5483 dicit

2231 5480 2474 5539 cruentis
2504 5485 2805 5553 gladiorum
2832 5485 3200 5537 nmcronibus.
3237 5484 3326 5553 Sic
3352 5480 3615 5553 Draconis
3664 5480 3808 5549 leges

2172 5615 2177 5619 ,
2233 5551 2529 5624 Sanguine;
2554 5570 2657 5607 non
2683 5563 2989 5618 atramento
3012 5553 3244 5621 scriptas
3268 5552 3438 5606 fuisse
3459 5551 3681 5620 quidam
3713 5563 3806 5604 ve-

2232 5635 2405 5679 terum
2438 5627 2705 5678 dixerunt.

2301 5694 2414 5765 (62)
2476 5693 2801 5749 Ἐκτείνειν
2840 5692 3293 5765 παρεκελεύετο.
3352 5689 3564 5746 Mallem
3620 5689 3806 5744 dicere

2228 5764 2539 5833 ἐπιτείνειν,
2570 5774 2623 5821 ιιι
2654 5766 2797 5834 loqui
2831 5769 2972 5821 solet
2998 5764 3291 5818 Eusebius.
