4210 6398
333 358 474 415 1029

1426 346 1514 401 DE
1554 345 1717 403 V'iTA
1753 340 2213 400 CONSTANTINI
2252 342 2384 399 LIB.
2420 341 2485 398 II.

3444 338 3584 395 1050

333 474 535 527 ίστατο’
561 469 880 543 σωφροσύνη
901 469 945 522 δ’
964 470 1031 541 ἢν
1062 467 1170 522 τῶν
1191 465 1464 537 πολεμίων
1492 465 1666 528 οὐδεὶς
1692 463 1916 534 ἠδίκησε

2023 452 2403 530 τεηι.’ριιίρρο
2463 459 2802 523 modestiam,
2836 472 2998 527 quam
3035 454 3204 528 5.68
3249 469 3349 511 nec
3403 456 3586 511 hostes

333 564 572 628 πώποτε,
607 562 838 635 ὀργίλων
886 560 1120 614 πολιτῶν
1166 559 1454 630 παροινίας
1498 559 1775 629 πάρεργον
1805 555 1913 623 ἐγί-

218 652 225 659 ’
333 672 450 710 νετο
472 656 604 725 (65).
641 655 801 706 Ποῖον
833 651 965 722 πῦρ,
1002 654 1149 708 ποῖαι
1185 650 1428 721 βάσανοι,
1464 651 1613 702 ποῖον
1643 645 1910 718 στρεϐλω-

332 750 534 820 τηρίων
566 744 703 810 εἶδος
724 746 846 817 ούχὶ
867 745 1033 798 παντὶ
1055 742 1266 813 σώματι
1294 743 1388 796 καὶ
1412 740 1599 812 ἡλικία
1629 740 1777 810 πάσῃ
1798 738 1909 809 (64)

333 840 660 911 ἁδιακρίτως
694 838 1035 909 προσήγετο;
1084 835 1157 888 Τὸ
1205 832 1508 906 τηνικαῦτα
1547 831 1774 901 ἐδάκρυε
1812 830 1911 901 μέν

333 930 716 1004 ἀναμφιϐόλως
773 932 808 1001 ἡ
860 930 956 998 γῆ,
990 931 1019 983 ό
1061 928 1118 981 δέ
1174 927 1245 980 τά
1301 925 1591 995 σύμπαντα
1639 923 1911 996 περιέχων

333 1024 537 1095 κόσμος
583 1021 661 1092 τῷ
684 1021 864 1095 λύθρῳ
884 1020 1240 1093 χραινὸμενος
1270 1017 1605 1087 ἀπεκλᾴετο’
1638 1016 1673 1086 ἥ
1708 1032 1771 1084 γε
1805 1014 1911 1086 μὴν

335 1114 514 1186 ἡμέρα
544 1113 681 1185 αὐτὴ
714 1110 793 1182 τῷ
825 1111 1012 1165 πένθει
1047 1108 1140 1163 τοῦ
1160 1107 1439 1180 θαύματος
1461 1106 1906 1161 ἐνεκαλύπτετο.»

841 1374 1239 1429 ΚΕΦΑΛΑΙΟΝ
1280 1373 1407 1425 NI".

480 1467 605 1520 Ὅτι
626 1464 916 1535 ,ϐάρϐαροι
949 1463 1343 1532 Χριστιανοὺς
1375 1460 1768 1527 ὑπεδέξαντο.

411 1581 430 1613 ι
464 1562 623 1615 Ἀλλὰ
654 1559 917 1623 τίταῦτα;
953 1557 1187 1628 Αύχοῦσι
1202 1556 1295 1611 νῦν
1328 1559 1415 1610 ἐπ’
1454 1556 1682 1619 ἐκείνοις
1710 1557 1760 1608 οἱ
1791 1554 1917 1625 βάρ-

339 1652 517 1721 ϐαροι,
546 1654 595 1705 οί
622 1654 747 1715 τοὺς
773 1652 893 1705 κατ’
921 1652 1096 1702 ἐκεῖνο
1122 1647 1315 1719 καιροῦ
1345 1645 1405 1712 ἐξ
1432 1650 1465 1718 ὴ
1476 1646 1589 1718 μῶν
1616 1646 1915 1715 φεύγοντας

340 1743 787 1813 ὑποδεδεγμένοι,
854 1743 949 1795 καὶ
1025 1738 1511 1811 φιλανθρωποτάτη
1576 1739 1917 1808 τηρήσαντες

338 1798 713 1906 αἰχμαλωσίᾳ·
748 1798 826 1887 ὅτι
865 1835 921 1887 οὐ
975 1798 1134 1904 μόνον
1183 1798 1283 1902 τθην
1320 1798 1609 1901 σωτηρίαν,
1633 1798 1779 1881 ¹ἀλλὰ
1824 1828 1916 1880 καὶ
1948 1798 1991 1853 Β

336 1927 408 1979 τὰ
445 1927 543 1995 τῆς
595 1926 920 1996 σεμνότητος
972 1924 1154 1987 αὐτοῖς
1186 1921 1525 1992 κατέστησαν
1558 1924 1615 1974 ἐν
1649 1918 1918 1989 ἀσφαλείᾳ

340 2016 503 2087 ἔχειν.
560 2018 671 2070 Καὶ
711 2016 807 2070 νῦν
855 2016 915 2069 τὸ
960 2014 1244 2087 Ῥωμαίων
1293 2012 1451 2082 γένος
1492 2011 1684 2082 κηλῖδα
1714 2009 1917 2076 ταύτην

339 2107 559 2178 διηνεκῆ
600 2107 776 2179 φέρει,
824 2108 890 2179 ἣν
916 2108 967 2160 οἱ
1013 2108 1134 2161 κατ’
1187 2107 1365 2159 ἐκεῖνο
1405 2103 1599 2174 καιροῦ
1636 2102 1735 2172 τῆς
1787 2101 1919 2153 Ῥω-

342 2198 541 2268 μαῖκῆς
568 2198 893 2269 οἰκουμένης
920 2197 1267 2267 ἐλαυνόμενοι
1307 2193 1624 2266 Χριστιανοὶ
1672 2192 1766 2247 καὶ⁸
1788 2191 1920 2263 βαρ-

341 2286 529 2357 ϐάροις
562 2286 997 2358 προσφεύγοντες
1025 2284 1477 2357 προσετρίψαντο.
1514 2301 1534 2335 ι

852 2461 1251 2515 ΚΕΦΑΛΑΙΟΝ
1277 2461 1401 2512 ΝΔ’.

342 2554 491 2608 Ποία
514 2552 778 2623 μετῆλθε
810 2553 945 2621 δίκη
981 2553 1122 2618 τοὺς
1169 2550 1268 2605 διὰ
1306 2552 1423 2620 τὴν
1459 2551 1750 2619 μαντείαν
1791 2548 1922 2603 διώ-

1010 2640 1172 2688 mag.

417 2732 435 2764 ι
480 2713 639 2766 Ἀλλά
668 2714 720 2766 τί
749 2714 855 2766 τῶν
885 2713 1096 2786 θρήνων
1118 2713 1337 2767 ἐκείνων
1366 2712 1567 2768 καὶτοῦ
1598 2713 1778 2768 κοινοῦ
1818 2714 1921 2784 τῆς

342 2804 668 2874 οἰκουμένης
700 2804 952 2868 πένθους,
989 2805 1081 2858 ἐπὶ
1117 2805 1277 2858 πλέον
1329 2803 1640 2876 μεμνῆσθαί
1690 2822 1758 2875 με
1804 2804 1918 2871 δεῖ;

344 2896 595 2965 Οἴχονται
624 2895 809 2949 λοιπὸν
839 2898 933 2949 καὶ¹
955 2899 1151 2949 ἐκεῖνοι
1186 2899 1234 2949 οί
1270 2896 1366 2949 τοῦ
1410 2896 1612 2967 μύσους
1645 2895 1918 2955 αύθένται,

344 2986 481 3056 πρὸς
503 2985 727 3057 διηνεκῆ
756 2986 976 3040 κόλασιν
1003 2991 1115 3052 τοῖς
1151 2988 1463 3059 Ἀχέροντος
1498 2988 1791 3061 βαράθροις
1830 2992 1924 3043 ἐκ·

342 3075 607 3140 δοθέντες,
638 3077 735 3130 σὺν
763 3077 974 3150 αἰσχρῷ
1004 3079 1167 3133 τέλει.
1205 3080 1469 3151 Πολέμοις
1499 3080 1608 3152 γὰρ
1638 3080 1922 3151 ἐμφυλίοις

344 3166 761 3235 καταμιγέντες,
793 3166 904 3220 οὔτ’
934 3168 1122 3239 ὄνομα,
1144 3167 1268 3222 οὗτε
1299 3170 1455 3238 γένος
1480 3169 1659 3223 αὐτῶν
1687 3170 1919 3224 καταλε-

343 3253 613 3308 λοίπασιν.
654 3257 720 3308 Ὃ
747 3257 811 3328 δὴ
843 3259 942 3310 οὐκ
973 3258 1039 3311 ἂν
1077 3259 1262 3322 αὐτοῖς
1299 3260 1657 3331 συμϐεϐήκει,
1686 3262 1736 3313 εί
1775 3260 1849 3331 μὴ
1885 3262 1918 3333 ἡ

343 3345 548 3416 ἀσεϐὴς
580 3347 763 3418 ἐκείνη
793 3349 902 3401 τῶν
933 3348 1027 3401 τοῦ
1062 3349 1263 3403 Πυθίου
1306 3351 1655 3422 χρηστηρίων
1696 3352 1921 3427 μαντεία

345 3435 597 3507 κίϐδηλον
617 3437 843 3508 δύναμιν
873 3440 1116 3510 ἐσχήκει.
1131 3459 1150 3490 ι

861 3527 1258 3581 ΚΕΦΛΛΑΙΟΝ
1296 3528 1421 3581 ΝΕ’.

343 3617 1157 3692 ΔοξολργίαιΚωνσταντίνρυ
1190 3621 1278 3684 εὶς
1305 3620 1471 3692 Getice,
1506 3621 1603 3692 καὶ
1634 3624 1921 3692 ὁμολογία

418 3687 554 3761 περὶ
589 3688 694 3741 τοῦ
725 3689 979 3761 σημείου
1007 3688 1114 3761 τοῦ
1153 3689 1440 3758 σταυροῦ,
1467 3691 1566 3743 καὶ
1593 3687 1745 3760 εὐχὴ
1786 3687 1921 3761 περὶ

430 3756 807 3826 Ἐκκλησιῶν
828 3756 927 3811 καὶ
951 3756 1134 3810 λαῶν.
1306 3756 1317 3758 ’
1660 3756 1670 3807 ξ

424 3866 441 3897 ι
471 3847 539 3899 Σὲ
562 3847 677 3912 νῦν,
704 3848 794 3903 τὸν
820 3848 1073 3919 μέγιστον
1091 3849 1570 3923 Θεὸν,παρακαλῶ,
1604 3852 1723 3923 εἴης
1747 3855 1921 3926 πρᾶός

346 3956 406 3991 τε
433 3938 527 3991 καὶ
558 3939 793 4011 εὐμενὴς
821 3942 933 4002 τοῖς
968 3942 1081 4003 σοῖς
1113 3941 1451 4005 ἀνατολικοῖς
1470 3959 1485 3972 ο
1516 3942 1634 4013 εἴης
1658 3944 1791 3996 πᾶσι
1808 3948 1921 4009 τοῖς

348 4034 461 4094 σοῖς
515 4030 911 4101 ἐπαρχεώταις,
948 4032 1053 4084 ὑπὸ
1111 4034 1327 4103 χρονίου
1378 4037 1659 4106 συμφορᾶς
1708 4053 1922 4109 συντρι-

346 4122 508 4186 6εἰσι,
528 4122 594 4176 δι’
621 4122 756 4193 ἐμοῦ
785 4122 878 4176 τοῦ
901 4122 995 4176 σοῦ
1030 4122 1356 4195 θεράποντος
1384 4126 1590 4197 ὀρέγων
1623 4128 1787 4183 τασιν.
1810 4132 1922 4184 Καὶ

344 4215 519 4269 ταῦτά
544 4232 609 4284 γε
637 4215 773 4268 αἰτῶ
804 4215 905 4268 ούκ
934 4217 1260 4282 ἀπεικότως,
1290 4212 1335 4271 ὦ
1374 4220 1619 4273 Δέσποτα
1649 4221 1755 4274 τῶν
1783 4222 1921 4277 ὅλων

347 4304 470 4374 ἆγιε
518 4305 619 4358 Θεέ
643 4321 658 4336 ο
697 4308 819 4368 ταῖς
848 4307 965 4368 σαῖς
1016 4305 1124 4378 γάρ
1158 4306 1497 4379 ύφηγήσεσιν
1538 4310 1919 4384 ἐνεστησάμην

350 4395 663 4467 σωτηριὼδη
714 4397 1016 4468 πράγματα
1049 4398 1143 4451 καὶ
1173 4398 1426 4470 διήνυσα·
1462 4399 1564 4472 τὴν
1597 4401 1697 4472 σὴν
1748 4419 1920 4473 σφρα-

345 4489 466 4559 γῖδα
488 4489 759 4559 πανταχοῦ
789 4489 1244 4561 προϐαλλόμενος,
1287 4492 1594 4545 καλλινίκου
1626 4495 1920 4566 ἡγησάμην

347 4578 579 4651 στρατοῦ
599 4596 613 4611 ο
640 4580 742 4634 κᾶν
765 4580 867 4632 πού
887 4596 971 4643 τις
996 4579 1104 4632 τῶν
1137 4580 1409 4651 δημοσίων
1437 4583 1575 4654 καλῇ
1604 4584 1782 4656 χρεία,
1812 4589 1924 4649 τοῖς

346 4672 530 4735 αὐτοῖς
567 4670 669 4741 τῆς
703 4671 804 4742 σῆς
855 4670 1056 4741 ἀρετῆς
1099 4672 1364 4742 ἑπόμενος
1411 4673 1777 4744 συνθήμασιν,
1828 4677 1923 4729 ἐπὶ

345 4763 473 4826 τοὺς
506 4762 797 4834 πολεμίους
820 4764 1065 4834 πρόειμι.
1104 4762 1202 4815 Διὰ
1233 4763 1408 4817 ταῦτά
1436 4781 1519 4817 τοι
1564 4765 1806 4838 ἀνέθηκα
1840 4784 1921 4821 σοι

344 4853 445 4925 τὴν
466 4854 702 4925 ἐμαυτοῦ
726 4854 925 4925 ψυχὴν,
948 4852 1109 4924 ἔρωτι
1132 4856 1225 4907 καὶ
1240 4855 1389 4927 φόϐῳ
1410 4856 1666 4929 καθαρῶς
1690 4858 1925 4930 ἀνακρα-

349 4946 566 5000 θεῖσανο
602 4945 662 4998 τὸ
692 4944 791 5016 μὲν
819 4944 929 5016 γὰρ
959 4944 1131 5016 ὃνομά
1169 4962 1260 4999 σου
1290 4947 1528 5017 γνησίως
1560 4949 1780 5017 ἀγαπῶ,
1822 4951 1921 5022 τὴν

346 5035 402 5090 δὲ
449 5035 676 5109 δύναμιν
714 5036 1070 5108 εὐλαϐοῦμαι,
1095 5037 1162 5109 ἢν
1194 5037 1407 5102 πολλοῖς
1436 5042 1757 5114 τεκμηρίοις
1789 5042 1923 5097 ἔδει·

349 5126 445 5191 ξας
469 5167 486 5191 ,
530 5128 623 5180 καὶ
664 5127 763 5200 τὴν
812 5127 952 5198 ἐμὴν
1005 5128 1191 5181 πίστιν
1248 5128 1600 5202 βεϐαιοτέραν
1656 5133 1920 5204 εἰργάσω.

360 5218 679 5291 Ἐπείγομαι
710 5219 840 5288 γοῦν
858 5220 953 5273 καὶ
977 5222 1103 5284 τοὺς
1130 5219 1313 5291 ὤμους
1338 5223 1500 5286 αὐτὸς
1524 5224 1777 5296 ὑποσχὼν
1796 5228 1922 5291 τοὺς

346 5310 533 5383 ἐμοὺς,
567 5312 658 5367 τὸν
706 5311 1006 5379 ἁγιώτατόν
1040 5329 1123 5365 σοι
1150 5309 1297 5367 οἷκον
1325 5313 1438 5385 (65)
1489 5315 1921 5383 ἀνανεώσασθαι,

419 5465 530 5536 (65)
568 5467 890 5535 Παροινιας
923 5465 1223 5537 πάρεργον
1260 5467 1512 5538 ἐγίνετο,
1546 5466 1637 5523 Sic
1670 5484 1831 5538 supra
1863 5442 1917 5525 in

347 5535 491 5590 libro
518 5538 692 5610 primo
716 5539 783 5591 de
809 5538 1012 5610 Severo
1045 5535 1261 5610 Caesare
1290 5535 1440 5610 dixit
1477 5535 1749 5610 Eusebius
1768 5539 1918 5610 πάρ-

347 5621 509 5675 εργον
542 5606 759 5674 ἐγένετο
803 5606 1056 5677 θανάτου,
1089 5606 1177 5660 ubi
1211 5607 1337 5662 vide
1366 5622 1488 5677 qua:
1532 5608 1598 5677 de
1628 5607 1733 5677 hac
1765 5606 1915 5662 locn-

350 5677 497 5798 tiione
525 5677 947 5800 ladnotavimus.
992 5675 1125 5731 Nam
1160 5675 1485 5747 interpretes
1526 5675 1658 5731 nihil
1705 5678 1796 5734 hic
1829 5679 1913 5733 vi-

387 5760 518 5799 erun
548 5782 565 5800 .

387 5760 565 5800 ΕΙἪΙΙΙ..

1944 3125 1993 3189 0

2014 551 2114 619 ipsi
2173 552 2275 604 ulla
2331 566 2566 618 unquam
2597 549 2899 604 affecerunt
2934 556 3154 617 nqurra;
3199 544 3406 599 elfcrati
3438 545 3585 597 cives

2012 643 2226 710 probris
2284 641 2537 695 omnibus
2592 641 2866 695 incessere
2914 653 3012 708 pro
3065 637 3233 692 nihilo
3288 638 3581 691 duxerunt.

2012 730 2295 798 Quodnam
2328 731 2661 794 incendium,
2693 731 2835 800 quod
2867 729 3207 784 crnciatnum
3246 738 3302 783 et
3343 740 3587 781 tormen-

2015 832 2190 877 torum
2222 836 2392 891 genus
2420 822 2595 876 cuivis
2621 823 2834 890 corpori
2856 832 2910 874 et
2939 822 3082 875 aetati
3114 820 3320 888 absque
3342 818 3453 873 ullo
3474 820 3588 873 dis-

2013 912 2243 967 crimine
2282 912 2560 965 admotum
2612 926 2719 965 non
2768 911 2908 964 fuit?
2958 910 3030 964 Ea
3064 918 3382 980 tempestate
3426 909 3588 963 tellus

2012 1002 2228 1071 quidem
2263 1002 2377 1071 ipsa
2407 1002 2591 1071 procul
2637 1002 2802 1057 dubio
2836 1001 3107 1072 lacrymas
3141 1002 3312 1056 edidit
3341 1019 3356 1056 :
3386 1000 3584 1055 caelum

2011 1108 2143 1147 vero
2163 1094 2306 1162 quod
2329 1092 2580 1147 universa
2605 1106 2704 1147 suo
2729 1093 2934 1147 ambitu
2964 1091 3365 1161 complectitur,
3389 1104 3587 1145 cruore

2012 1185 2354 1253 inquinatum
2412 1185 2700 1255 ingemuit.
2760 1184 2879 1254 Ipsa
2922 1198 3141 1253 quoque
3192 1182 3297 1237 diei
3337 1182 3425 1236 lux
3475 1198 3586 1252 prae

2013 1273 2161 1329 luctu
2193 1284 2355 1345 atque
2378 1275 2608 1330 horrore
2632 1273 2763 1327 tanti
2794 1272 3024 1342 prodigii
3053 1272 3344 1327 obscurata
3382 1279 3488 1325 est.
3531 1288 3551 1321 ι

2590 1361 2820 1416 CAPUT
2875 1360 3009 1414 LIII.

2174 1454 2450 1520 Quomodo
2478 1453 2706 1507 Barbari
2737 1452 3069 1507 Christianos
3100 1459 3432 1520 exceperunt.

2089 1565 2109 1598 ι
2140 1546 2242 1600 Sed
2295 1548 2425 1615 quid
2459 1547 2560 1599 ista
2606 1544 3006 1599 commemoro?
3032 1543 3346 1598 GIuriattlut‘
3377 1543 3446 1597 ob
3475 1541 3593 1596 haec

2017 1655 2159 1695 nunc
2209 1639 2456 1704 Barbari,
2486 1638 2577 1705 qui
2612 1639 2859 1692 homines
2903 1653 2967 1691 ex
3024 1634 3228 1689 nostris
3281 1634 3593 1703 regionibus

2018 1729 2279 1799 profugos
2312 1737 2439 1782 tunc
2470 1729 2731 1797 temporis
2759 1735 3114 1796 exceperunt,
3142 1732 3198 1778 et
3226 1726 3471 1794 captivos
3493 1711 3594 1778 hit-

2020 1822 2255 1876 maniter
2311 1820 2617 1874 habuerunt
2650 1837 2664 1873 :
2698 1819 2894 1888 quippe
2945 1833 3067 1871 cum
3121 1817 3229 1870 illis
3282 1831 3387 1870 non
3432 1819 3593 1867 modo

2018 1913 2272 1976 salutem,
2317 1926 2506 1964 verum
2536 1911 2699 1964 etiam
2734 1909 3013 1977 religionis
3066 1921 3177 1962 sua:
3205 1905 3408 1960 cultum
3454 1906 3595 1958 inte-

2019 2024 2174 2079 grum
2212 2007 2350 2075 apud
2394 2020 2451 2059 se
2487 2006 2723 2059 retinere
2754 2004 3123 2072 permiserint.
3166 2001 3353 2070 Itaque
3393 2014 3593 2069 perpe-

2020 2108 2165 2153 tuam
2201 2099 2338 2151 hanc
2387 2096 2624 2149 infamia:
2656 2105 2839 2149 nutam
2894 2094 3120 2148 Romani
3169 2107 3311 2146 nunc
3353 2102 3590 2159 gestant,

2018 2206 2181 2261 quam
2232 2189 2528 2245 Christiani
2563 2204 2631 2243 ex
2666 2189 2800 2243 orbe
2848 2188 3092 2242 Romano
3142 2200 3238 2256 per
3293 2185 3345 2239 id
3384 2194 3593 2253 tempus

2018 2282 2211 2350 fugati,
2246 2290 2301 2336 et
2332 2282 2415 2351 ad,
2445 2282 2712 2337 Barbaros
2758 2280 3167 2348 confugientes,
3204 2278 3339 2349 ipsis
3377 2277 3592 2332 inusse-

2019 2382 2168 2429 runt.
2218 2390 2240 2427 ι

2602 2461 2832 2517 CAPUT
2873 2459 3006 2516 LIV.

2021 2558 2296 2625 Quomodo
2340 2557 2517 2611 divina
2560 2555 2761 2608 ultione
2801 2554 2973 2623 puniti
3000 2553 3128 2612 sint.
3162 2551 3253 2622 qui
3280 2567 3344 2605 ea:
3376 2547 3595 2604 oraculo

2373 2627 2783 2696 persecutionem
2831 2631 3240 2677 commoverant.

2102 2733 2121 2767 ι
2151 2715 2256 2771 Sed
2292 2716 2418 2785 quid
2447 2730 2581 2783 opus
2596 2722 2678 2768 est
2709 2712 3043 2766 lamentailla
3068 2723 3123 2765 et
3151 2725 3488 2766 communem
3514 2717 3597 2762 to-

2023 2809 2128 2864 tius
2178 2809 2329 2863 orbis
2373 2806 2578 2861 lnctum
2626 2806 2874 2876 pluribus
2914 2805 3095 2858 verbis
3129 2802 3598 2859 commemorare?

2022 2900 2103 2954 Illi
2161 2898 2294 2953 tanti
2383 2896 2608 2951 sceleris
2644 2903 2924 2957 auctores,
2974 2894 3213 2962 posthac
3265 2894 3406 2961 turpi
3447 2892 3595 2946 exitu

2021 2991 2256 3060 periere,
2289 2989 2342 3042 in
2366 2986 2690 3042 Acherontis
2714 2984 3030 3039 barathrum
3059 2985 3127 3038 ad
3153 2993 3440 3054 perpetuos
3465 2999 3598 3038 cru-

2023 3084 2195 3137 ciatus
2228 3079 2458 3136 detrusi.
2490 3078 2623 3131 Nam
2655 3076 2909 3131 civilibus
2936 3076 3079 3129 inter
3112 3090 3171 3130 se
3213 3075 3388 3129 collisi
3415 3076 3594 3138 bellis,

2025 3188 2125 3226 nec
2153 3171 2406 3233 nominis.
2428 3183 2527 3223 nec
2548 3169 2764 3238 generis
2786 3167 2869 3221 sui
2892 3166 3209 3220 memoriam
3238 3165 3593 3234 reliquerunt.

2021 3264 2176 3329 Quod
2202 3260 2446 3332 profecto
2479 3274 2755 3328 nunquam
2786 3258 2916 3328 ipsis
2938 3256 3275 3327 contigisset,
3297 3258 3401 3310 nisi
3431 3257 3594 3325 impia

2022 3353 2115 3408 illa
2144 3352 2407 3421 Apollinis
2429 3350 2606 3421 Pythii
2642 3348 2982 3412 vaticinatio,
3004 3346 3198 3402 falsam
3224 3348 3517 3416 quamdam
3542 3358 3598 3404 et

2022 3443 2384 3497 adulterinam
2420 3444 2527 3496 vim
2562 3442 2811 3495 haberet.
2848 3459 2868 3493 ο

2608 3529 2837 3587 CAPUT
2899 3528 3013 3585 LV.

2079 3644 2465 3701 Constantinus
2495 3643 2606 3699 Deo
2635 3645 2862 3715 gloriam
2889 3640 3330 3715 tribuithignum
3360 3641 3532 3695 crucis

2282 3715 2585 3784 conﬁtetur,
2621 3707 2668 3768 ἐι
2690 3726 2939 3785 precatur
2968 3730 3060 3777 pro
3076 3707 3345 3766 Ecclesiis.

2096 3868 2115 3901 ‹
2153 3848 2306 3904 Nunc
2336 3848 2563 3910 te,Deus
2588 3846 2713 3917 Opt.
2733 3846 2988 3908 Max.,nro
3014 3856 3179 3916 atque
3223 3849 3469 3911 obsecro,
3521 3848 3594 3903 sis

2023 3940 2266 3995 clemens
2297 3955 2361 3993 ac
2392 3940 2661 4009 propitius
2686 3954 2811 4007 erga
2843 3948 2963 3993 tuos
2985 3939 3280 3993 orientales
3310 3956 3326 3994 :
3361 3939 3437 3993 sis
3467 3953 3594 4010 erga

2021 4043 2249 4089 cunctos
2294 4032 2662 4101 provinciales
2705 4032 2979 4087 diuturnis
3009 4033 3409 4087 calamitatibus
3439 4036 3591 4086 attri-

2020 4133 2105 4178 tos
2133 4142 2148 4179 :
2180 4125 2353 4192 iisque
2383 4138 2479 4194 per
2508 4139 2594 4178 me
2629 4122 2891 4177 famulum
2923 4135 3073 4177 tuum
3100 4123 3328 4198 salutem
3349 4122 3596 4178 conferre

2021 4217 2174 4271 velis.
2224 4217 2403 4284 Atque
2447 4216 2562 4270 haec
2609 4230 2715 4269 non
2761 4215 2880 4270 sine
2927 4229 3090 4270 causa
3137 4216 3235 4271 abs
3272 4225 3325 4270 te
3358 4215 3590 4285 postulo,

2022 4310 2264 4362 Omnium
2316 4307 2544 4361 Domine
2572 4306 2739 4379 469
2765 4316 2820 4362 et
2866 4318 3054 4362 sancte
3093 4307 3259 4362 Deus.
3291 4305 3408 4362 Tuo
3448 4306 3592 4361 enim

2025 4404 2188 4455 ductu
2240 4410 2401 4469 atque
2452 4402 2695 4470 auspicio
2730 4414 2818 4453 res
2867 4399 3131 4453 salutares
3176 4398 3388 4468 suscepi
3430 4408 3594 4467 atque

2026 4491 2254 4561 perfeci.
2282 4491 2455 4545 Tnum
2486 4492 2702 4561 signum
2743 4491 2943 4560 ubique
2976 4489 3292 4560 praeferens,
3331 4488 3592 4543 victorem

2025 4584 2330 4638 exercitum
2380 4583 2529 4637 duxi.
2587 4582 2654 4636 Et
2697 4582 3128 4651 quotiescunque
3165 4579 3380 4649 publica
3428 4578 3596 4649 exigit

2026 4672 2363 4734 necessitas,
2402 4681 2505 4724 tua:
2532 4670 2755 4725 virtutis
2790 4669 3023 4739 insignia
3053 4681 3310 4739 sequens,
3337 4667 3596 4723 adversus

2025 4764 2209 4817 hostes
2233 4762 2574 4832 progredior.
2595 4759 2701 4815 Has
2722 4761 2791 4816 ob
2815 4774 3007 4815 causas
3025 4759 3122 4814 tibi
3146 4758 3385 4813 animum
3413 4773 3594 4815 meum

2024 4854 2222 4917 dicavi,
2255 4865 2441 4905 amore
2481 4851 2645 4905 simul
2674 4865 2739 4906 ac
2776 4852 2970 4907 timore
2995 4850 3165 4923 probe
3212 4860 3592 4918 temperatum.

2024 4947 2158 5001 Nam
2208 4959 2408 5001 nomen
2462 4945 2679 5014 quidem
2716 4952 2866 4999 tuum
2905 4947 3116 5001 sincere
3159 4945 3323 5014 diligo
3355 4963 3369 5000 :
3404 4956 3599 5017 poten-

2027 5043 2156 5096 tiam
2200 5048 2379 5093 autem
2424 5051 2588 5105 quam
2618 5036 2801 5092 multis
2837 5037 3173 5093 documentis
3200 5039 3515 5107 declarasti,
3542 5050 3597 5092 et

2026 5147 2129 5203 qua
2190 5130 2349 5184 fidem
2402 5143 2579 5182 meam
2631 5129 2986 5193 confirmasti,
3042 5129 3293 5200 religiose
3338 5129 3595 5187 formido.

2030 5224 2251 5280 Festino
2282 5222 2464 5289 itaque
2497 5230 2645 5275 meos
2669 5222 2783 5290 ipse
2808 5223 3061 5276 humeros
3090 5224 3239 5292 operi
3262 5225 3596 5292 sbpponens,

2032 5327 2095 5372 ut
2134 5314 2542 5370 sanctissimam
2575 5312 2792 5367 domum
2855 5321 3022 5380 tuam,
3084 5329 3243 5385 quam
3274 5315 3469 5371 nefarii
3519 5314 3598 5370 illi

2096 5467 2212 5538 (64)
2241 5468 2353 5522 Καὶ
2384 5469 2595 5539 ἡλικίᾳ
2633 5464 3046 5539 adaquari“
3082 5467 3291 5523 Fuketii
3327 5468 3598 5537 scriptum

2021 5535 2242 5611 exhibet
2265 5539 2367 5611 οὐχ
2402 5535 2796 5611 ἡλικία-πάσης
2837 5535 3005 5611 Paulo
3041 5548 3162 5611 post
3191 5540 3243 5592 in
3266 5535 3465 5611 eodem
3500 5551 3604 5611 co-

2018 5609 2140 5678 di_ce
2177 5609 2315 5678 etin
2334 5604 2779 5678 'Scl'ieilis'ﬂegiis
2806 5604 3066 5661 scribitur
3097 5608 3132 5678 ἦ
3163 5624 3227 5675 γε
3254 5604 3435 5678 ἡμέρα
3456 5606 3526 5661 αὑ

2020 5675 2098 5747 τῷ
2123 5676 2313 5747 πένθει
2339 5676 2432 5730 τοῦ
2462 5674 2520 5747 θ,
2546 5674 2960 5747 ἐνεκαλύπτετο.

2093 5746 2208 5817 (65)
2252 5746 2365 5803 Τὸν
2390 5745 2714 5816 ἁγιώτατόν
2738 5761 2837 5803 σοι
2860 5742 3047 5803 οἷκον.
3078 5743 3376 5803 Ecclesiam
3407 5743 3625 5817 (ιιιιιιο-⁸
