4210 6452
608 351 747 407 1051
1322 352 1594 409 EUSEBII
1630 351 2110 409 CIESABIENSIS
2145 352 2301 408 OPP.
2345 352 2527 409 PARS
2564 355 2606 408 I.
2646 384 2716 397 ο-
2751 353 3149 412 HISTORICA.
3733 361 3882 416 105‘!

608 478 770 538 atque
822 468 969 538 impii
1006 468 1269 525 scelerata
1322 484 1615 526 eversione
1661 478 1967 534 vastarunt,
2007 473 2158 524 denu!

2291 468 2352 522 ὃν
2374 471 2421 523 οἱ
2460 473 2694 542 μυσαροὶ
2722 472 2922 526 ἐκεῖνοι
2946 475 3039 527 καὶ
3069 473 3423 527 ἀσεϐέστατοι
3450 472 3532 544 τῷ
3567 473 3742 547 ἀτοπή
3755 493 3890 547 ματι

608 559 928 613 instaurem.
976 575 997 610 ι

2288 561 2390 633 τῆς
2416 560 2789 632 καθαιρέσεως
2812 563 3171 635 ἐλυμήναντο.
3215 584 3233 617 ι

2806 655 3204 708 ΚΕΦΑΔΑΙΟΝ
3238 658 3378 723 Νςσ.

2289 740 2420 795 Ὅτι
2445 743 2845 812 προσεύχεται
2871 743 2989 812 μὲν
3013 746 3409 813 Χριστιανοὺς
3433 743 3589 801 εἶναι
3619 746 3879 814 πάντας,

1186 648 1415 705 CAPUT
1469 649 1604 705 LVI.

642 740 920 806 Quomodo
948 757 1126 795 omnes
1154 742 1368 811 quidem
1409 740 1746 796 Christianos
1779 757 1892 795 esse
1931 742 2149 810 optauit,

1045 814 1306 865 neminem
1338 825 1516 864 autem
1550 812 1740 881 coegit.

2782 815 2893 867 οὐκ
2930 814 3245 884 ἀναγκάζει
3271 816 3359 870 δέ.

686 926 705 958 ι
732 904 992 975 Equidem
1024 902 1278 971 populum
1316 912 1463 957 tuum
1497 913 1689 971 pacate
1717 917 1783 958 ac
1815 904 1932 959 sine
1965 904 2070 958 ulla
2104 921 2158 962 se

2363 922 2382 955 ι
2409 903 2726 974 Εἰρηνεύειν
2763 922 2857 958 σου
2884 904 2978 959 τὸν
3004 906 3132 961 λαὸν
3167 909 3262 962 καὶ
3300 910 3663 964 ἀστασίαστον
3693 910 3878 982 μένειν

605 998 810 1054 ditione
848 997 1067 1066 degere,
1096 1010 1195 1064 pro
1236 995 1515 1049 communi
1551 995 1718 1050 totius
1746 998 1896 1051 orbis
1927 1007 1984 1052 et
2015 1013 2158 1053 cnnc‘

2285 994 2560 1066 ἐπιθυμῶ,
2601 996 2742 1067 ὑπὲρ
2784 995 2878 1050 τοῦ
2926 998 3110 1052 κοινοῦ
3154 1000 3257 1070 τῆς
3297 1003 3624 1074 οἰκουμένης
3655 1005 3749 1058 καὶ
3779 1005 3875 1060 τοῦ

602 1097 782 1143 torum
815 1087 1122 1142 mortalium
1152 1086 1391 1140 utilitate
1420 1086 1690 1143 desidero.
1719 1086 1819 1154 Qui
1846 1098 2025 1143 autem
2053 1104 2154 1159 gen

2286 1087 2503 1142 πάντων
2535 1085 2837 1158 ἀνθρώπων
2872 1089 3165 1161 χρησίμου.
3199 1092 3422 1162 Ὀμοίαν
3440 1097 3555 1158 τοῖς
3586 1095 3874 1150 πιστεύου-

602 1179 810 1235 tilitatis
837 1192 1024 1233 errore
1061 1175 1322 1244 implicati
1349 1184 1499 1239 sunt,
1547 1177 1644 1245 ipsi
1681 1191 1897 1247 quoque
1936 1181 2158 1234 eamdcu

2287 1194 2372 1231 σιν
2411 1180 2459 1231 οἱ
2493 1177 2834 1249 πλανώμενοι
2870 1180 3154 1260 χαίροντες
3198 1181 3624 1253 λαμϐανέτωσαν
3648 1188 3872 1260 εἰρήνης

601 1287 724 1328 cum
754 1270 1005 1326 ﬁdelibus
1058 1269 1212 1338 pacis
1256 1275 1312 1320 et
1357 1268 1560 1337 quietis
1609 1268 2028 1325 oblectationem
2074 1270 2158 1324 lmt

2281 1286 2343 1322 τε
2370 1270 2465 1322 κα)¹
2490 1271 2720 1341 ἡσυχίας
2741 1270 3063 1327 ἀπόλαυσιν.
3090 1271 3240 1344 Αὕτη
3261 1275 3423 1347 γὰρὴ
3454 1276 3555 1347 τῆς
3586 1280 3868 1344 κοινωνίας

598 1362 927 1432 percipiant.
981 1359 1109 1414 Haec
1156 1358 1302 1413 enim
1358 1360 1761 1416 communionis
1802 1376 1865 1416 ac
1900 1362 2158 1417 societati:

2285 1360 2692 1432 ἐπανόρθωσις,
2752 1363 2848 1416 καὶ
2892 1363 3031 1433 πρὸς
3085 1366 3185 1436 τὴν
3230 1366 3447 1421 εὐθεῖαν
3495 1369 3722 1437 ἀγαγεῖν
3753 1370 3870 1424 ὁδὸν

600 1461 799 1506 mutuae
831 1449 1128 1518 reparatio,
1169 1447 1237 1502 ad
1282 1448 1533 1502 homines
1565 1449 1618 1502 in
1657 1460 1860 1504 rectam
1915 1450 2058 1505 viam
2090 1466 2158 1506 re-

2285 1452 2458 1522 ίσχύει
2499 1453 2631 1525 (66).
2667 1455 2879 1526 Μηδεὶς
2912 1456 3004 1511 τὸν
3049 1458 3234 1530 ἕτερον
3268 1460 3700 1532 παρενοχλείτω·
3743 1463 3871 1516 ’ἐκα-

598 1543 877 1596 ducendos
921 1541 1214 1610 plurimum
1256 1542 1422 1594 valet.
1469 1538 1642 1595 Nemo
1674 1541 1831 1596 alteri
1870 1542 2158 1598 molestia-

2283 1562 2405 1609 στος
2429 1548 2566 1618 ὅπερ
2594 1549 2626 1617 ἡ
2648 1548 2791 1620 ψυχὴ
2814 1549 3083 1619 βούλεται,
3115 1553 3273 1606 τοῦτο
3297 1555 3392 1607 καὶ
3417 1557 3704 1627 πραττέτω
3734 1558 3866 1629 (67).

596 1631 850 1687 facessat.
883 1630 1037 1695 Quod
1067 1628 1266 1696 cuique
1296 1628 1510 1684 libitum
1547 1630 1742 1697 fuerit,
1775 1631 1827 1685 id
1863 1639 2006 1701 agat.
2044 1631 2158 1685 IIIIIt

2280 1637 2419 1701 Τοὺς
2443 1638 2489 1692 δ’
2517 1635 2577 1692 εὖ
2610 1643 2941 1712 φρονοῦντας
2967 1645 3258 1699 πεπεῖσθαι
3282 1647 3409 1718 χρὴ,
3439 1648 3515 1712 ὡς
3543 1643 3688 1703 οὗτοι
3718 1628 3868 1720 μόνοι

599 1733 778 1777 tamen
809 1723 951 1791 apud
984 1736 1080 1776 eos
1111 1724 1202 1790 qui
1232 1733 1378 1777 recte
1405 1722 1651 1775 sentiunt
1678 1720 1845 1776 ﬁxum
1890 1731 2158 1792 ratumque

2281 1728 2450 1797 άγίως
2501 1731 2597 1785 καὶ
2654 1732 2910 1805 καθαρῶς
2967 1735 3279 1806 βιώσονται,
3329 1738 3422 1801 οὓς
3472 1740 3636 1803 αὐτὸς
3683 1741 3869 1805 καλεῖς

597 1826 720 1867 esse
740 1821 981 1879 oportet,
1014 1811 1163 1866 solos
1187 1812 1307 1867 illos
1338 1821 1530 1869 sancte
1552 1822 1814 1881 casteque
1848 1827 1968 1868 esse
1996 1816 2158 1868 victa-

2279 1817 2725 1874 ἐπαναπαύεσθαι
2756 1827 2866 1887 τοῖς
2902 1827 3014 1888 σοῖς
3048 1825 3222 1894 ἁγίοις
3252 1828 3457 1897 νόμοις.
3484 1830 3547 1882 Oi
3573 1829 3617 1881 δ’
3640 1831 3867 1896 ἐαυτοὺς

596 1919 709 1968 ros,
735 1917 870 1971 quos
909 1912 963 1956 tu
999 1905 1115 1972 ipse
1144 1906 1210 1958 ad
1243 1904 1346 1958 hoc
1388 1904 1677 1967 vocavisti,
1715 1913 1775 1957 ut
1803 1905 2158 1958 sacrosancti:

2280 1909 2628 1977 ἀφέλκοντες,
2665 1914 2899 1985 ἐχόντων
2932 1916 3243 1988 βουλόμενοι
3278 1921 3346 1974 τὰ
3384 1920 3485 1990 τῆς
3516 1921 3867 1991 ψευδολογίας

593 1996 702 2051 tuis
742 1996 946 2065 legibus
979 1997 1353 2066 acquiescant.
1380 1996 1482 2064 Qui
1520 2012 1656 2052 vero
1703 1996 1912 2064 seipsos
1958 1996 2158 2052 subtra.

2278 1999 2480 2071 τεμένη
2498 2018 2511 2030 ·
2547 2004 2711 2072 ἡμεῖς
2745 2004 2940 2076 ἔχομεν
2972 2007 3063 2060 τὸν
3098 2008 3456 2080 φαιδρότατον
3483 2012 3581 2081 τῆς
3609 2013 3709 2083 σῆς
3737 2012 3866 2083 ἁλη-

590 2089 750 2152 lmnl,
783 2090 1024 2143 habeant
1062 2088 1166 2142 sibi
1213 2089 1627 2142 mendaciorum
1678 2087 1925 2153 delubra,
1958 2087 2158 2156 quandc

2280 2089 2433 2156 θείας
2457 2089 2625 2160 οἷκον,
2656 2097 2824 2169 ὅνπερ
2850 2099 2991 2151 κατὰ
3020 2099 3182 2168 φύσιν
3203 2100 3463 2165 δέδωκας.
3487 2102 3658 2156 Τοῦτο
3686 2104 3863 2157 κάκεί·

590 2181 666 2234 ita
717 2181 920 2235 volunt.
957 2180 1067 2235 Nos
1110 2178 1608 2248 splendidissimam
1654 2178 1876 2233 domum
1924 2180 2158 2234 veritati:

2277 2201 2392 2247 νοις
2423 2186 2716 2259 εὐχόμεθα,
2748 2191 2835 2245 ἵνα
2858 2191 3061 2263 δηλαδὴ
3099 2192 3189 2246 διὰ
3235 2194 3335 2264 τῆς
3379 2195 3570 2265 κοινῆς
3612 2196 3865 2267 ὁμονοίας

589 2281 693 2328 tua:
725 2288 889 2344 quam
922 2274 1278 2329 nascentibus
1307 2271 1469 2326 nobis
1499 2270 1737 2334 donaSti,
1766 2271 2086 2325 retinemus.
2114 2270 2158 2325 In

2277 2276 2374 2329 καὶ
2406 2279 2559 2332 αὐτοὶ
2586 2281 2682 2353 τὴν
2716 2282 2982 2355 θυμηδίαν
3015 2286 3418 2357 άναφέρωνται.
3459 2307 3479 2339 ι

586 2363 761 2435 ipsum
793 2365 901 2420 illis
922 2381 1142 2435 quoque
1180 2374 1457 2435 Optamus,
1501 2372 1562 2418 ut
1614 2364 1825 2419 scilicet
1848 2378 1915 2447 es
1961 2366 2235 2419 communi
2293 2372 2533 2425 onmimn
2576 2389 2842 2429 consensu
2893 2385 3059 2446 atque
3091 2379 3410 2443 concordia,
3447 2377 3737 2432 niaximam
3766 2395 3859 2432 ca-

594 2459 752 2529 piant
779 2460 1133 2530 voluptatem.
1162 2479 1180 2511 ι

1165 2548 1398 2605 CAPUT
1444 2547 1602 2605 LVII.

587 2641 824 2697 Cioriam
873 2640 1058 2694 tribuit
1099 2639 1209 2695 Deo
1236 2642 1327 2708 qui
1364 2657 1457 2705 per
1503 2639 1708 2694 Filium
1737 2656 1894 2695 suum
1931 2650 2169 2697 errantes

1201 2710 1547 2763 illuminavit.

1201 2727 1547 2765 utumtnavu.

661 2821 681 2855 ι
705 2801 894 2873 Neque
919 2801 1067 2857 enim
1099 2816 1234 2856 nova
1266 2818 1330 2857 ac
1377 2817 1569 2857 recens
1593 2809 1675 2857 est
1708 2810 1895 2856 nostra
1929 2801 2121 2871 religio
2148 2818 2164 2855 :

586 2896 680 2952 sed
709 2911 779 2950 ex
808 2908 918 2965 quo
945 2892 1107 2964 hujus
1141 2896 1329 2950 mundi
1361 2894 1631 2949 fabricam
1663 2903 1791 2962 apte
1839 2893 2162 2963 dispositam

581 2984 802 3040 stetisse
828 2983 1126 3049 credimus,
1176 2992 1234 3036 tu
1282 2982 1422 3038 hanc
1456 2982 1775 3053 religionem
1809 2998 1932 3035 cum
1978 2983 2162 3037 debita

2792 2557 3191 2611 ΚΕΦΑΛΑΙΟΝ
3235 2558 3361 2610 NZ’.

2273 2644 2604 2716 Δοξολοτία
2643 2648 2730 2713 είς
2772 2647 2922 2701 Θεὸν
2966 2648 3041 2702 δι’
3095 2646 3235 2704 Υἰοῦ
3296 2650 3672 2719 φωτίσαντος
3722 2651 3863 2719 τοὺς

2833 2722 3285 2787 πλανωμένους.

2353 2818 2372 2851 ι
2405 2802 2539 2855 Οὐδὲ
2561 2803 2668 2874 γάρ
2687 2805 2802 2857 ἐστι
2826 2805 3009 2859 καινὸν
3027 2807 3138 2877 (68)
3160 2808 3281 2860 οὐδέ
3296 2826 3348 2862 τι
3364 2809 3625 2882 νεώτερον
3649 2811 3712 2865 τδ
3736 2813 3860 2865 καθ’

2271 2891 2439 2962 ἡμᾶς’
2453 2891 2566 2945 ἀλλ’
2587 2893 2644 2959 ἐξ
2665 2887 2798 2948 οὖπε
2807 2913 2837 2966 ρ
2850 2895 2948 2967 τὴν
2968 2896 3076 2950 τῶν
3091 2897 3230 2952 ὅλων
3257 2899 3621 2973 διακόσμησιν
3640 2905 3857 2971 παγίως

2269 2983 2597 3053 γεγενῆσθαι
2627 2986 3092 3058 πεπιστεύκαμεν,
3129 2990 3267 3059 μετὰ
3292 2989 3387 3044 τοῦ
3421 2992 3723 3063 πρέποντός
3756 3009 3854 3044 σου

582 3078 655 3130 tui
687 3075 928 3130 numinis
944 3074 1293 3131 observantia
1322 3073 1633 3129 instituisti.
1663 3072 1839 3127 Porro
1869 3073 2158 3127 humanum

2269 3078 2611 3148 πϐάσματος
2642 3077 2802 3133 τοῦτο
2845 3079 3266 3150 παρεκελεύσωο
3299 3083 3509 3153 ἐσφάλη
3553 3083 3611 3137 δὲ
3654 3084 3717 3136 τὸ
3758 3084 3857 3136 ἀν-

580 3181 749 3236 genus
780 3165 951 3221 variis
974 3165 1257 3221 seductum
1283 3164 1563 3219 erroribus
1585 3162 1753 3235 470
1785 3164 2025 3232 impegit.
2055 3164 2160 3218 Sed

580 3266 636 3309 tu
667 3271 734 3311 ne
765 3257 867 3311 hoc
902 3255 1104 3310 malum
1136 3253 1372 3325 amplius
1403 3254 1828 3324 ingravesceret,
1854 3251 2158 3322 perFilium

581 3357 733 3402 tuum
779 3346 1276 3417 splendidissimam
1307 3344 1564 3401 attollens
1604 3345 1804 3427 facem,
1836 3352 2068 3400 cunctos
2094 3346 2160 3398 de

579 3443 820 3497 numinis
853 3443 930 3498 tui
962 3441 1110 3499 cultu
1142 3441 1497 3496 admonuisti.
1527 3458 1548 3494 ι

1140 3532 1373 3589 CAPUT
1410 3531 1592 3587 LVIII.

611 3628 815 3685 Iterum
852 3627 964 3683 Deo
1009 3625 1242 3695 gloriam
1286 3625 1470 3747 tribzltit
1522 3641 1588 3679 ea:
1624 3626 1916 3682 ministerio
1961 3625 2124 3679 totius

1261 3712 1385 3747 muu
1427 3711 1466 3747 ι.

1261 3711 1466 3749 mumu.
1555 3747 1558 3752 .

650 3806 672 3842 ι
700 3786 872 3857 Hujus
898 3788 977 3843 rei
1010 3786 1171 3842 ﬁdem
1211 3786 1417 3840 faciunt
1445 3800 1608 3854 opera
1643 3796 1754 3841 tua.
1785 3783 1900 3840 Tua
1940 3800 2037 3840 nos
2061 3799 2160 3854 ρος

581 3890 753 3936 testas
788 3881 1105 3933 innocentes
1128 3876 1295 3931 cllicit
1319 3892 1384 3930 ac
1411 3878 1619 3932 ﬁdeles.
1651 3878 1744 3934 Sol
1774 3887 1831 3932 et
1858 3877 1985 3931 luna
2021 3878 2159 3931 ratis

578 3987 643 4026 ac
672 3968 911 4024 deﬁnitis
940 3967 1197 4023 cursibus
1228 3967 1510 4033 feruntur;
1535 3982 1635 4023 nec
1658 3969 1777 4022 sine
1797 3968 1990 4022 ordine
2011 3967 2158 4022 circa

576 4061 764 4116 mundi
800 4060 967 4115 totius
990 4072 1148 4112 axem
1179 4057 1360 4112 sidera
1386 4059 1698 4113 volvuntur.
1731 4058 1893 4113 Certa
1925 4057 2043 4128 lege
2068 4072 2158 4111 νεα

575 4165 796 4210 currunt
832 4164 1137 4223 temporum
1170 4152 1344 4205 vices.
1375 4149 1493 4206 Tuo
1526 4152 1693 4207 verbo
1731 4161 1841 4207 stat
1880 4160 2043 4206 terra:
2067 4152 2160 4204 lir-

577 4264 663 4303 ma
700 4247 972 4312 soliditas,
996 4255 1053 4301 et
1078 4244 1227 4299 venti
1252 4244 1557 4313 praestituto
1583 4255 1824 4314 tempore
1849 4253 2154 4307 moventur,

571 4355 626 4398 et
676 4356 937 4413 aquarum
980 4340 1223 4408 impetus
1278 4336 1578 4406 irrcquieto
1630 4335 1782 4390 ﬂuxu
1820 4335 2154 4405 prolabitur.

2271 3169 2541 3241 θρώπινον
2595 3170 2784 3239 γένος,
2844 3172 3074 3235 πλάναις
3130 3173 3415 3237 παντοίαις
3467 3172 3855 3245 παρηγμένονο

2268 3261 2405 3316 ἀλλὰ
2437 3261 2500 3314 σύ
2546 3278 2610 3330 γε
2660 3260 2749 3315 διὰ
2792 3261 2888 3315 τοῦ
2925 3263 3019 3317 σοῦ
3054 3265 3209 3328 Υίοῦ,
3239 3265 3328 3318 ἵνα
3368 3264 3443 3336 μὴ
3463 3265 3524 3320 τὸ
3554 3266 3726 3319 κακὸν
3763 3267 3860 3321 ἐπὶ

2269 3353 2432 3408 πλέον
2461 3354 2741 3427 ἐπιϐρίσῃ,
2773 3355 3013 3427 καθαρὸν
3062 3356 3178 3426 φῶς
3209 3357 3485 3430 ἀνασχὼν,
3534 3358 3859 3430 ὑπέμνησας

2269 3446 2399 3517 περὶ
2431 3444 2659 3499 σεαυτοῦ
2691 3449 2818 3511 τοὺς
2846 3446 3073 3511 πάντας.
3102 3466 3120 3500 ι

2774 3540 3171 3594 ΚΕΦΑΛΔΙΟΝ
3200 3540 3336 3593 NH'.

2268 3650 2595 3722 Δοξολογία
2622 3650 2809 3705 πάλιν
2832 3651 2901 3704 ἐκ
2929 3650 3040 3719 τῆς
3060 3651 3169 3706 τοῦ
3190 3653 3424 3722 κόσμου
3450 3654 3852 3724 λειτοιιρτίιις.

2345 3800 2364 3830 σ
2389 3783 2454 3835 Δί
2480 3783 2571 3836 σαὶ
2594 3781 2823 3854 πράξεις
2853 3781 3026 3837 ταῦτα
3055 3783 3402 3838 πιστοῦνταιο
3442 3785 3503 3839 τὸ
3533 3786 3625 3839 σὺν
3652 3788 3855 3858 κράτος

2269 3872 2480 3938 άθὼους
2508 3876 2654 3946 ἡμᾶς
2690 3875 2783 3928 καὶ
2825 3877 3051 3939 πιστοὺς
3087 3876 3382 3947 ἐργάζεται
3401 3892 3415 3907 ο
3441 3877 3598 3948 ἥλιος
3629 3880 3725 3932 καὶ
3754 3895 3848 3933 σε-

2268 3965 2400 4038 λήνη
2453 3966 2675 4037 ἔννομον
2721 3966 2905 4037 έχουσι
2938 3966 3037 4033 τὴν
3082 3968 3330 4039 πορείαν,
3385 3969 3508 4022 οὐδὲ
3554 3968 3626 4023 τὰ
3673 3970 3849 4043 ἄστρα

2269 4057 2502 4111 ἄτακτον
2533 4057 2646 4128 ἔχει
2674 4058 2775 4128 τὴν
2812 4055 2906 4110 τοῦ
2955 4058 3223 4128 κοσμικοῦ
3270 4059 3472 4113 κύκλου
3508 4061 3810 4134 περιφοράν
3831 4079 3844 4092 ·

2270 4152 2324 4203 αἱ
2359 4150 2467 4203 τῶν
2514 4149 2722 4220 καιρῶν
2754 4149 2983 4219 ἀμοιϐαὶ
3029 4150 3276 4221 νομίμως
3323 4152 3847 4225 ἀνακυκλοῦνται·ὴ

2269 4243 2368 4313 τῆς
2401 4242 2507 4312 γῆς
2548 4240 2737 4312 ἐδραία
2770 4241 2959 4304 στάσις
2982 4240 3060 4312 τῷ
3089 4241 3166 4312 σῷ
3197 4241 3340 4311 λόγῳ
3388 4242 3719 4314 συνέστηκεο
3755 4244 3848 4298 καὶ

2270 4335 2330 4388 τὸ
2354 4334 2569 4404 πνεῦμα
2598 4334 2742 4388 κατὰ
2761 4333 2855 4387 τὸν
2881 4332 3244 4403 ἐπιταχθέντα
3267 4334 3458 4405 καιρὸν
3477 4334 3588 4406 (69)
3615 4338 3847 4389 ποιεῖται

572 4435 721 4490 Mare
750 4433 990 4489 immotis
1020 4431 1335 4487 c0ntinetur
1369 4428 1639 4483 terminis.
1668 4427 1736 4482 Et
1761 4428 2026 4498 quidquid
2065 4443 2158 4497 per

2265 4428 2363 4498 τὴν
2391 4426 2627 4497 κίνησιν,
2661 4426 2696 4496 ἦ
2726 4442 2790 4478 τε
2821 4425 2929 4479 τῶν
2961 4425 3169 4479 ὑδάτων
3204 4424 3348 4497 φορὰ
3377 4426 3574 4479 θέουσα
3603 4426 3846 4497 πρόεισιν

574 4537 750 4581 terras
794 4538 999 4595 perque
1038 4538 1307 4578 oceanum
1336 4519 1688 4583 diﬁ‘nnditur,
1722 4520 1828 4574 hoc
1875 4520 1941 4572 ad
1988 4520 2161 4573 maxi-

573 4630 691 4672 mos
729 4627 782 4671 et
811 4615 1092 4671 mirabiles
1118 4629 1251 4670 usus
1277 4614 1600 4667 fabricatum
1627 4621 1730 4666 est.
1754 4611 1907 4677 Quod
1935 4610 2158 4680 quidem

573 4709 674 4763 nisi
704 4724 772 4763 ex
801 4708 1101 4764 voluntatis
1135 4721 1245 4763 tua:
1273 4707 1502 4763 arbitrio
1534 4705 1606 4759 ita
1633 4713 1941 4773 gereretur,
1969 4702 2155 4772 procul

574 4860 737 4916 licam
766 4861 1037 4930 intelligit,
1071 4878 1229 4930 quam
1263 4878 1383 4931 cap.
1409 4861 1478 4915 56
1534 4861 1751 4914 domum
1790 4860 2036 4913 veritatis
2063 4875 2160 4928 ap-

573 4931 757 4999 pellat.
809 4931 863 4983 ln
902 4935 1076 4986 sacris
1112 4934 1263 4986 libris
1298 4952 1317 4982 ‹
1362 4931 1624 4989 Columna
1665 4943 1717 4984 et
1751 4931 2156 4999 IIl‘lllalllenLlltll

572 4997 818 5070 veritatis
852 5019 870 5051 ι
910 5003 1130 5057 dicitur.
1164 5001 1331 5055 Paulo
1368 5012 1488 5070 post
1512 5002 1793 5070 scrihedcx
1820 5000 2009 5053 codice
2038 4997 2154 5070 Fu-

570 5068 724 5126 Itetii.
771 5068 960 5123 Savilii
1008 5080 1063 5124 et
1094 5086 1160 5125 ex
1206 5067 1424 5126 sclicd‘is
1468 5071 1656 5138 Regiis
1701 5068 1763 5123 ὃν
1809 5070 1858 5122 οἱ
1910 5067 2147 5139 μυσαροὶ

570 5140 792 5201 ἐκεῖνοι,
826 5153 932 5196 etc.

642 5211 732 5277 (66
736 5221 760 5279 )
799 5208 950 5279 Πρὸς
973 5207 1099 5277 ζτὴν
1128 5208 1366 5263 εὐθεῖαν
1389 5208 1635 5279 ἀγαγεῖν
1658 5206 1803 5279 ὁδὸν
1831 5206 2048 5275 ίσχύει.
2085 5204 2143 5259 In

568 5277 940 5334 ZZbranketii
974 5279 1167 5347 legitur
1190 5280 1360 5349 ἰσχύς.
1396 5277 1501 5332 Sed
1517 5277 1651 5331 vera
1686 5278 1847 5331 lectio
1869 5287 2143 5349 estquam

573 5349 627 5402 in
657 5354 929 5418 veteribus
961 5343 1176 5401 schedis
1204 5343 1544 5403 bibliothecae
1574 5348 1757 5418 Regia:
1781 5343 2147 5416 ίιινθηὶ,ίσχύ·

570 5433 672 5470 σει.
704 5417 856 5484 Quod
896 5419 1138 5482 profecto
1169 5422 1325 5486 longe
1353 5430 1437 5472 est
1464 5417 1789 5487 CIPgaIIUIIS.

644 5483 757 5552 (67)
801 5488 1093 5553 ’Ἕκαστος
1125 5483 1275 5556 ὅπερ
1319 5488 1356 5555 ἠ
1389 5483 1575 5556 ψυχῆ
1602 5488 1917 5550 βούλεται,
1965 5483 2142 5537 τοῦτο

569 5556 667 5610 καί
688 5557 1004 5625 πραττέτω.
1043 5556 1096 5610 Id
1126 5571 1228 5620 εει,
1252 5573 1412 5625 quam
1448 5573 1665 5626 quisque
1688 5556 1795 5609 uult
1834 5556 2136 5622 religionem

571 5628 730 5679 colat.
774 5628 983 5694 Quibus
1023 5629 1204 5681 verbis
1246 5628 1656 5690 Constantinus,
1711 5629 1980 5692 integram
2037 5639 2135 5676 co-

2268 4518 2500 4572 ἁπλέτου
2550 4517 2818 4590 ῥεύματος
2854 4518 3069 4589 μέτρῳο
3102 4521 3135 4589 ἡ
3185 4517 3426 4573 θάλασσα
3475 4519 3625 4590 ὅροις
3675 4520 3846 4588 ἐμπε-

2273 4610 2514 4683 ριέχεται
2560 4609 2870 4679 πεπηγόσι·
2921 4611 3016 4663 καὶ
3059 4610 3088 4662 ὅ
3156 4627 3210 4665 τι
3269 4610 3335 4663 ἂν
3383 4612 3448 4681 τῇ
3496 4612 3567 4681 γῇ
3624 4610 3718 4663 καὶ
3764 4609 3845 4679 τῷ

2267 4699 2496 4771 ὠκεανῷ
2535 4701 3093 4772 συμπαρεκτείνεται,
3148 4700 3306 4754 τοῦτο
3349 4702 3457 4754 πᾶν
3506 4701 3845 4772 θαυμασταῖς

2261 4873 2391 4927 ceps
2421 4871 2613 4910 omnes
2629 4859 2845 4926 quidem
2872 4857 3130 4914 mortales
3154 4857 3220 4911 ad
3251 4857 3452 4912 Christi
3474 4856 3636 4913 ﬁdem
3665 4867 3844 4912 trans-

2260 4928 2343 4982 ire
2407 4928 2645 4982 maxime
2695 4930 3009 4998 concupivit
3053 4945 3067 4981 :
3120 4929 3393 4998 neminem
3452 4937 3632 4982 tamen
3679 4932 3747 4981 ad
3785 4928 3841 4982 id

2259 5013 2499 5068 unquam
2533 4999 2733 5066 coegit.
2767 5002 2844 5052 Ac
2867 4997 3099 5068 gentiles
3128 4997 3347 5065 quidem
3389 4998 3619 5065 pristino
3651 5011 3842 5052 errore

2259 5067 2515 5121 liberatos
2547 5070 2756 5132 voluit;
2797 5067 3124 5136 templorum
3167 5076 3348 5119 tamen
3386 5068 3744 5120 cmrenionias
3785 5077 3841 5120 et

2258 5137 2530 5191 sacriﬁcia
2555 5153 2662 5189 non
2698 5138 3463 5205 prohibuit,titlipsetesiatnr.
3495 5138 3635 5189 intra
3664 5150 3714 5189 c.
3745 5136 3837 5191 59.

2325 5207 2441 5277 (68)
2476 5205 2632 5261 Οὐδὲ
2683 5207 2795 5276 γάρ
2844 5207 2974 5261 ἐστι
3011 5207 3248 5260 καινόν.
3295 5206 3369 5261 De
3400 5206 3611 5274 urigine
3643 5215 3699 5277 et.
3738 5223 3843 5260 an-

2261 5275 2512 5347 tiquitate
2548 5279 2829 5347 religionis
2858 5277 3191 5347 Christianae
3224 5277 3365 5329 idem
3413 5277 3612 5329 Scribit
3662 5275 3836 5329 Euse-

2253 5345 2377 5415 bius
2407 5348 2459 5399 in
2489 5345 2757 5415 principio
2783 5346 3040 5400 Historiae
3070 5345 3478 5409 Ecclesiasticte,
3504 5355 3561 5399 et
3596 5347 3649 5399 in
3678 5347 3839 5400 libris

2266 5411 2344 5469 De
2365 5411 2682 5483 euangelica
2697 5419 3174 5469 demonstratione.

2323 5486 2436 5555 (69)
2478 5482 2632 5553 Vulg.
2660 5488 2807 5540 κατὰ
2834 5487 2933 5540 τὸν
2968 5484 3406 5555 ὲπεισαχθέντα
3432 5486 3660 5553 καιρόν.
3689 5482 3763 5539 Le
3776 5500 3844 5554 go

2252 5557 2396 5611 κατὰ
2411 5556 2503 5609 τὸν
2516 5557 2903 5626 ἐπιταχθέντα,
2934 5569 2992 5609 ιιι
3010 5558 3202 5625 legisse
3219 5556 3742 5626 videtur_(}hris_t0pb
3753 5571 3840 5608 0r-

2246 5641 2435 5681 sonus.
2470 5628 2647 5696 Atque
2681 5622 2753 5682 iia
2787 5622 3737 5697 scriptum'exliibentcodd.Fuketii
3786 5640 3838 5676 ιιι

573 5696 741 5758 leudi,
770 5693 928 5765 prout
948 5700 1177 5767 quisque
1206 5697 1383 5755 vellet.
1418 5696 1665 5750 Numinis
1690 5697 1994 5767 libertatem
2020 5693 2140 5746 sub-
2247 5697 2469 5752 Savilii.

574 5768 698 5823 ilius
739 5772 851 5823 suis
899 5766 1205 5840 dereliquit.
1255 5768 1464 5835 Quippe
1504 5766 1949 5834 religiosissimus
1988 5779 2137 5832 prm-
