4210 6422
484 391 621 444 1053

1577 395 1666 450 DE
1711 396 1867 452 VITA
1905 393 2366 452 CONSTANTINI
2409 394 2533 448 LIB.
2578 396 2641 450 ll.

3597 396 3732 459 toti

477 523 587 559 τισι
636 507 728 562 καὶ
774 509 1062 582 χρησίμοις
1101 513 1419 582 τεχνάζεται
1458 514 1838 579 λυσιτελείαις.
1879 515 2049 585 Ὅπερ

2111 521 2132 574 t
2161 513 2321 567 dubio
2344 520 2494 566 tanta
2529 514 2831 575 diversitas,
2874 523 2930 569 et
2954 515 3229 584 multiplex
3258 516 3451 572 divisio
3486 529 3730 588 potesta-

477 615 526 651 ει
577 601 650 672 μὴ
699 602 840 655 κατά
881 603 1062 674 κρίσιν
1098 604 1199 675 τῆς
1254 606 1352 675 σῆς
1393 604 1699 676 βουλήσεως
1731 606 2051 678 ἐπράττετο,

478 691 865 761 ἀναμφιϐόλως
895 695 960 748 ἂν
992 695 1026 766 ὴ
1051 695 1284 767 τοσαύτη
1316 696 1566 768 διαφορὰ,
1598 697 1690 750 καὶ
1715 698 1748 768 ἡ
1769 697 1934 768 πολλὴ
1957 699 2056 766 τῆς

478 782 723 848 ἐξουσίας
749 785 1019 858 διάκρισις
1053 786 1164 858 (70)
1202 785 1365 841 παντὶ
1401 788 1476 858 τῷ
1508 789 1607 859 βίῳ
1639 789 1732 842 καὶ
1767 792 1878 853 τοῖς
1911 791 2052 860 πρά-

477 889 680 942 γμασιν
712 875 1031 946 ἐλυμήνατο.
1068 879 1132 931 Οἱ
1164 878 1272 950 γὰρ
1302 879 1437 951 πρὸς
1491 881 1718 944 ἑαυτοὺς
1757 881 2053 952 μαχεσθένέ

476 979 566 1025 τες
596 961 728 1033 (7|),
763 965 1138 1037 χαλεπώτερον
1171 967 1236 1022 ἀν
1269 967 1346 1038 τῷ
1366 968 1686 1040 ἀνθρωπίνῳ
1717 969 2055 1040 ἐμαχέσαντο

475 1051 653 1119 γένει·
689 1055 826 1126 ὅπερ
857 1057 950 1110 καὶ
984 1057 1058 1128 μὴ
1083 1057 1346 1129 ὁρώμενοι
1384 1059 1702 1128 πράττουσι.
1747 1078 1766 1111 ι

987 1146 1382 1198 ΚΕΦΑΛΑΙΟΝ
1419 1145 1546 1198 NG’.

523 1232 855 1306 Δοξολογια
883 1239 970 1304 εὶς
994 1237 1162 1301 Θεὸν,
1195 1236 1288 1291 ἀεὶ
1313 1235 1697 1292 -διδάσκοντα
1723 1236 1800 1292 τὰ
1823 1239 1999 1293 καλά.

551 1343 571 1376 ι
599 1324 773 1398 Χάρις
792 1344 874 1380 σοι
902 1329 1399 1398 πλείστη,Δέσποτα
1413 1329 1519 1383 τῶν
1538 1330 1808 1394 ἁπάντων,
1831 1331 2052 1402 μέγιστε

472 1413 605 1468 Θεέ·
639 1417 762 1470 ὅσον
795 1417 902 1490 γὰρ
945 1418 1222 1490 διαφόροις
1270 1420 1675 1490 σπουδάσμασιν
1710 1423 1743 1492 ἡ
1773 1421 2054 1492 ἀνθρωπό-

470 1521 572 1575 της
605 1504 947 1577 γνωρίζεται,
965 1507 1217 1561 τοσοῦτον
1244 1507 1443 1578 μᾶλλον
1468 1512 1580 1573 τοῖς
1613 1511 1897 1582 ὀρθότερον
1927 1528 2053 1582 φρο-

470 1595 622 1650 νοῦσι
647 1599 741 1651 καὶ
763 1598 995 1669 γνησίας
1019 1601 1436 1670 ἐπιμελομένοις
1464 1601 1664 1672 ἀρετῆς
1689 1602 1824 1670 (7‘2),
1859 1601 1928 1654 τά
1954 1601 2047 1654 τοῦ

471 1688 615 1743 θείου
655 1689 812 1759 λόγου
847 1691 1144 1762 μαθήματα
1167 1693 1495 1747 συνίσταταιι
1528 1694 1676 1766 Πλὴν
1702 1696 1850 1759 ὅστις
1889 1697 2048 1750 αὑτὸν

470 1778 866 1852 θεραπεύεσθαι
901 1782 1117 1847 κωλύει,
1138 1783 1281 1855 ἄλλῳ
1310 1785 1466 1839 τοῦτο
1495 1787 1567 1857 μὴ
1597 1787 2040 1858 λογιζέσθω(75)·

2162 604 2252 666 tis,
2273 603 2523 658 universo
2552 602 2667 656 orbi
2703 619 2764 658 ac
2796 604 2957 660 rebus
2984 605 3237 661 humanis
3259 607 3556 676 perniciem
3585 619 3729 662 attu-

2159 694 2327 748 lisset.
2360 693 2492 747 Nam
2525 694 2619 763 qui
2663 695 2920 750 adversus
2952 711 3071 751 sese
3106 698 3337 752 invicem
3377 697 3572 752 bellum
3608 715 3731 768 ges-

2157 795 2364 846 serunt,
2416 785 2600 852 utique
2644 786 2864 853 gravius
2904 787 3167 843 adversus
3211 783 3506 844 humanum
3555 807 3729 861 genus

2157 874 2546 942 depugnarent.
2575 874 2724 941 Quod
2760 877 3004 946 profecto
3043 878 3275 944 faciunt,
3300 882 3511 937 tametsi
3554 884 3729 938 oculis

2160 979 2263 1019 non
2291 980 2494 1021 cernun
2505 978 2554 1021 tu
2565 983 2608 1023 l‘.
2642 985 2662 1019 ι

2741 1147 2967 1208 CAPUT
3006 1153 3140 1208 LIX.

2153 1238 2320 1294 Deum
2362 1240 2570 1302 laudat,
2600 1243 2688 1310 qui
2723 1261 2926 1312 semper
2949 1246 3083 1298 bona
3114 1258 3267 1313 atque
3302 1250 3517 1302 honesta
3547 1250 3719 1304 docet.

2232 1351 2250 1382 ι
2282 1332 2500 1388 Gratias
2521 1334 2614 1388 tibi
2635 1335 2896 1403 plurimas
2918 1339 3144 1408 agimus,
3163 1341 3400 1394 omnium
3423 1341 3643 1396 Domine
3660 1358 3723 1396 ac

2153 1438 2362 1478 summe
2392 1423 2554 1478 Deus.
2583 1424 2717 1480 Nam
2748 1438 2951 1496 quanto
2982 1433 3152 1500 magis
3186 1446 3252 1485 ex
3286 1433 3721 1501 discrepantibus

2152 1516 2347 1570 studiis
2391 1517 2626 1572 humana
2684 1529 2880 1574 natura
2935 1523 3301 1593 cognoscitur,
3340 1534 3490 1588 tanto
3550 1531 3722 1597 magis

2150 1607 2290 1674 apud
2341 1615 2493 1662 recte
2526 1610 2826 1665 sentientes
2863 1620 2917 1666 et
2953 1627 3096 1667 verae
3148 1613 3369 1668 virtutis
3421 1615 3715 1678 studiosos,

2151 1697 2346 1750 divinae
2401 1698 2677 1769 religionis
2749 1699 3031 1767 disciplina
3091 1702 3387 1756 stabilitur.
3447 1703 3713 1757 Caeterum

2149 1789 2398 1859 quisquis
2453 1791 2630 1845 curari
2684 1806 2744 1846 se
2784 1808 2890 1848 nou
2941 1793 3091 1857 sinit,
3141 1809 3208 1848 ne
3251 1795 3305 1849 id
3347 1793 3438 1848 alii
3467 1794 3714 1863 imputet.

468 1871 503 1940 ἠ
536 1871 644 1943 γὰρ
704 1873 923 1944 ἰατρικὴ
952 1873 1060 1926 τῶν
1103 1876 1344 1946 ἰαμάτων
1374 1876 1792 1948 προκαθέζεται,
1840 1878 2042 1932 ἅπασιν

2111 1873 2116 1915 ί
2147 1880 2354 1951 Quippe
2386 1881 2654 1936 medicina
2684 1898 2806 1952 qua:
2841 1895 3038 1953 praeest
3072 1885 3364 1949 curationi,
3390 1887 3568 1954 palam
3601 1903 3718 1941 om-

467 1962 549 2023 είς
605 1961 918 2032 τούμφανὲς
972 1965 1326 2036 προκειμένηι
1383 1965 1560 2019 Μόνον
1619 1967 1692 2038 μή
1747 1983 1832 2029 τις
1875 1984 2042 2021 κατα-

467 2049 753 2106 6λαπτέτω
790 2053 935 2106 τοῦθ’
963 2054 1102 2124 ὅπερ
1152 2054 1419 2126 ἄχραντον
1461 2052 1599 2111 εἶναι
1646 2056 1714 2110 τὰ
1744 2057 2043 2129 πράγματα

466 2147 774 2217 παρεγγυᾷ.
809 2145 1156 2218 Χρησώμεθα
1182 2147 1365 2201 τοίνυν
1387 2147 1622 2211 ἅπαντες
1669 2147 1945 2220 ἄνθρωποι
1972 2151 2038 2218 τῇ

465 2237 559 2290 τοῦ
607 2237 851 2302 δοθέντος
901 2239 1106 2308 ἀγαθοῦ
1153 2238 1477 2310 συγκληρίᾳ,
1525 2239 1770 2292 τουτέστι
1819 2239 1898 2309 τῷ
1943 2241 2040 2310 τῆς

465 2328 687 2399 εἰρήνης
712 2329 882 2399 καλῷ,
919 2330 1242 2401 χωρίζοντες
1260 2329 1456 2402 δηλαδὴ
1485 2330 1581 2400 τὴν
1613 2329 1914 2399 συνείδησιν
1937 2330 2043 2382 ἀπὸ

465 2420 666 2484 παντὸς
691 2420 956 2473 ἐναντίου.
997 2441 1016 2471 ι

992 2513 1386 2566 ΚΕΦΑΛΑΙΟΝ
1420 2511 1493 2566 Ξ’.

467 2603 826 2670 Παραίνεσις
863 2602 963 2656 ἐπὶ
991 2603 1145 2656 τέλει
1189 2603 1296 2656 τοῦ
1342 2601 1753 2672 διατάγματος,
1801 2600 2034 2670 μηδένα

945 2673 1162 2741 μηδενὶ
1193 2673 1296 2726 ἐνο
1300 2672 1489 2740 κλεῖν.

539 2761 713 2832 «Πλὴν
729 2761 956 2826 ἕκαστος
965 2764 1100 2834 ὅπερ
1117 2763 1306 2824 πείσας
1324 2763 1511 2816 ἐαυτὸν
1524 2760 1889 2815 ἀναδέδεικται
1904 2760 2037 2832 (74),

461 2853 634 2924 τούτῳ
664 2855 754 2906 τὸν
800 2855 986 2926 ἕτερον
1030 2856 1103 2926 μὴ
1144 2855 1570 2909 καταϐλαπτέτω
1593 2871 1607 2884 ·
1644 2855 1780 2925 ὅπερ
1814 2853 2040 2926 θάτερος

459 2939 568 2996 εἷδὲ
599 2961 657 2996 τε
692 2945 786 2997 καὶ
831 2945 1040 3016 ἐνόησε,
1087 2945 1258 3016 τούτῳ
1294 2945 1384 2999 τὸν
1423 2936 1670 3017 πλησίον,
1713 2947 1762 2998 εί
1810 2946 1907 3016 μὲν
1941 2963 2035 3014 γε-

458 3035 644 3089 νέσθαι
690 3034 932 3100 δυνατὸν,
987 3035 1286 3106 ὠφελείτω·
1332 3038 1381 3089 εἰ
1431 3035 1474 3088 δ’
1507 3035 1796 3099 ἀδύνατον,
1856 3053 2009 3108 παρα

457 3125 779 3196 πεμπὲσθω.
801 3126 960 3180 Ἀλλο
975 3127 1082 3199 γάρ
1114 3131 1250 3191 ἐστι,
1273 3127 1361 3180 τὸν
1390 3127 1531 3199 ὑπὲρ
1551 3125 1847 3190 ἀθανασίας
1876 3123 2035 3180 ἆθλον

2147 1973 2306 2027 nibus
2337 1973 2605 2041 proposita
2651 1985 2755 2030 est.
2790 1973 2921 2029 lllud
2948 1985 3154 2030 tantum
3185 1978 3488 2032 cavendum
3519 1987 3624 2041 est,
3648 1994 3716 2033 ne

2145 2063 2267 2131 quis
2305 2077 2423 2115 eam
2457 2062 2771 2133 religionem
2799 2064 2985 2128 violet,
3014 2081 3172 2134 quam
3218 2081 3406 2134 puram
3430 2075 3486 2122 et
3523 2067 3716 2121 imma—

2146 2148 2378 2202 culatam
2427 2163 2548 2203 esse
2578 2165 2662 2205 res
2696 2150 2825 2220 ipsa:
2870 2163 3150 2207 testantur.
3189 2153 3423 2210 Proinde
3477 2157 3712 2212 universi

2147 2236 2392 2290 fruamur
2428 2236 2587 2305 hujus
2617 2239 2743 2294 boni
2771 2241 2928 2294 nobis
2956 2241 3148 2296 indulti
3175 2244 3476 2306 consortio,
3503 2245 3604 2298 hoc
3629 2259 3714 2298 est

2144 2327 2293 2397 pacis
2324 2329 2676 2396 amoenitate;
2704 2338 2758 2384 et
2800 2331 2964 2385 animi
3009 2334 3177 2387 nostri
3209 2334 3600 2388 conscientiam
3645 2341 3712 2387 ab

2143 2418 2396 2475 omnibus
2420 2434 2542 2488 quae
2577 2420 2649 2473 illi
2679 2423 2954 2476 contraria
2987 2432 3114 2478 sunt
3142 2424 3526 2480 abducamus.»

2637 2510 2796 2582 47],
2839 2511 3066 2568 CAPUT
3107 2512 3216 2566 LX.

2143 2596 2456 2652 Adhortalio
2485 2599 2580 2654 sub
2603 2600 2760 2668 ﬁnem
2785 2601 2965 2737 e’dicti,
2989 2612 3044 2654 ut
3069 2618 3217 2656 nemo
3242 2603 3395 2657 alteri
3420 2602 3706 2657 molestiam

2825 2680 3050 2724 ncessat.

2825 2680 3050 2724 ncessat.

2215 2777 2233 2806 ε
2263 2757 2531 2814 Caeterum
2565 2777 2722 2814 nemo
2749 2777 2813 2814 ex
2853 2777 2918 2815 eo
2945 2762 3086 2829 quod
3126 2763 3238 2832 ipse
3267 2766 3447 2820 animo
3475 2766 3710 2829 imbibit,

2141 2848 2296 2904 alteri
2322 2867 2515 2905 noxam
2549 2853 2744 2920 pariat.
2789 2852 2892 2907 Sed
2927 2857 3241 2923 quicunque
3291 2856 3494 2924 aliquid
3551 2857 3709 2910 intel-

2140 2941 2330 2997 lexerit
2354 2958 2417 2998 ac
2441 2944 2779 3008 noverit,eo,
2803 2944 3082 3014 siquidem
3133 2945 3248 3001 fieri
3291 2956 3488 3016 potest,
3522 2951 3709 3020 proxi~

2140 3048 2283 3087 mum
2305 3033 2459 3102 juvet
2488 3051 2503 3099 ;
2537 3035 2621 3089 sin
2647 3030 2698 3090 id
2729 3035 2844 3089 fieri
2879 3049 2983 3090 non
3016 3044 3212 3104 potest,
3258 3039 3499 3096 omittat.
3546 3040 3708 3094 Aliud

2137 3135 2220 3178 est
2257 3127 2424 3192 enim,
2453 3137 2730 3182 certamen
2760 3141 2859 3195 pro
2886 3127 3293 3183 immortalita‘e
3313 3141 3505 3198 sponte
3537 3133 3682 3185 susci

380 3277 384 3282 _
459 3218 719 3281 ἑκουσίως
780 3219 1207 3290 ἐπαναιρεῖσθαι,
1261 3219 1388 3273 ἄλλο
1440 3219 1501 3272 τὸ
1563 3218 1700 3288 μετὰ
1759 3219 2030 3290 τιμωρίας

2135 3229 2260 3284 pere
2299 3233 2311 3269 :
2350 3216 2932 3287 aliud,suppliciorum
2964 3218 3013 3272 vl
3044 3218 3282 3287 adigere.
3323 3218 3450 3274 llaec
3493 3220 3626 3284 dixi,
3653 3231 3711 3273 et

457 3309 877 3378 ἐπαναγκάζειν.
914 3310 1076 3363 Ταῦτ’
1107 3304 1280 3374 εἷπον,
1309 3309 1480 3364 ταῦτα
1509 3309 1783 3380 διεξῆλθον
1825 3310 2030 3380 μακρό-

456 3417 634 3472 τερον,
655 3402 688 3472 il
712 3405 739 3454 ὁ
762 3403 861 3472 τῆς
886 3402 1025 3472 ἐμῆς
1055 3402 1354 3465 ἐπιεικείας
1384 3403 1580 3474 ἀπῄτει
1602 3403 1820 3465 σκοπὸς,
1841 3401 2027 3473 ἐπειδὴ

452 3491 552 3562 τὴν
610 3493 707 3563 τῆς
740 3492 997 3561 ἀληθείας
1057 3493 1477 3564 ἀποκρύψασθαι
1534 3489 1714 3546 πίστιν
1750 3494 1862 3564 (75)
1929 3493 2029 3546 οὐκ

453 3583 756 3655 ἐϐουλόμην
776 3601 790 3615 ο
828 3585 1042 3655 μάλισθ’
1077 3587 1158 3638 ὅτι
1209 3585 1374 3650 τινες,
1425 3585 1500 3649 ὼς
1525 3585 1729 3647 ἀκούω,
1762 3587 1895 3655 φασὶ
1921 3585 2027 3638 τῶν

453 3676 596 3729 ναῶν
630 3675 997 3749 περιῃρῆσθαι
1027 3676 1096 3730 τὰ
1129 3677 1221 3746 ἔθη
1257 3677 1352 3729 καὶ
1371 3673 1466 3730 τοῦ
1499 3677 1720 3740 σκότους
1744 3677 1842 3746 τὴν
1875 3677 2059 3748 ἐξουη

453 3769 574 3822 σίαν
601 3767 742 3838 (76)·
786 3770 922 3840 ὅπερ
953 3768 1344 3822 συνεϐούλευσα
1379 3767 1445 3822 ἂν
1487 3769 1653 3822 πᾶσιν
1685 3768 2023 3840 ἀνθρώποις,

450 3862 500 3914 εἰ
524 3861 596 3930 μὴ
622 3860 720 3929 τῆς
738 3859 1017 3930 μοχθηρᾶς
1033 3860 1241 3932 πλάνης
1259 3862 1291 3931 ἡ
1311 3859 1482 3930 βίαιος
1500 3861 1866 3924 ἐπανάστασις
1889 3861 2022 3931 (77),

450 3949 544 4000 ἐπὶ
568 3947 740 4020 βλάϐῃ
775 3950 874 4019 τῆς
897 3949 1084 4018 κοινῆς
1108 3949 1458 4014 ἀναστάσεως
1482 3949 1595 4022 (78)
1623 3950 1877 4022 ἀμέτρως
1901 3954 2022 4016 ταῖς

450 4039 606 4094 ἐνίων
638 4039 836 4111 ψυχαῖς
867 4041 1200 4112 ἐμπεπήγει.
1232 4060 1251 4095 ι

447 4197 496 4282 εξ·
521 4197 634 4322 (70)
650 4197 858 4281 [latuit
887 4196 997 4268 τῆς
1020 4197 1304 4279 ἐξουσίας
1328 4195 1646 4266 διάκρισις,
1676 4196 1728 4251 id
1755 4206 1862 4260 est,
1881 4195 2012 4249 mul~

451 4277 528 4322 tto
551 4284 617 4322 ex
655 4270 930 4322 divinitas.
967 4279 1092 4322 nuta
1126 4269 1277 4322 solis.
1311 4269 1471 4322 lunae.
1507 4278 1781 4322 astrorum
1815 4277 1869 4320 et
1894 4267 2008 4320 ele-

451 4267 619 4337 tiplex
655 4270 930 4333 divinitas,
952 4267 1092 4338 puta
1126 4269 1277 4334 solis,
1311 4269 1471 4331 lunae,
1507 4278 1789 4338 astrorum,
1815 4277 1869 4320 et
1894 4267 2008 4338 ele-

450 4335 775 4406 mentorum,
807 4338 876 4392 de
909 4335 1105 4408 quibus
1148 4352 1307 4405 supra
1351 4339 1506 4392 dixit.
1547 4339 1671 4392 llzec
1706 4337 1850 4392 enim
1893 4335 2006 4390 sin-

449 4409 596 4476 gula,
630 4408 733 4462 nisi
781 4409 941 4462 unius
989 4410 1079 4460 Dei
1113 4416 1243 4461 nutu
1287 4423 1350 4462 ac
1376 4415 1644 4476 potestate
1671 4416 2006 4476 regerentur,

451 4479 637 4547 utique
669 4479 738 4531 dii
777 4489 979 4533 essent.
1012 4477 1259 4544 Ἐξουσία
1299 4478 1463 4546 igitur
1498 4489 1582 4532 est
1604 4485 1839 4545 potestas
1896 4476 2012 4547 nul-

451 4545 563 4601 lius
579 4547 934 4602 dominationi
967 4550 1229 4616 subjecta,
1263 4545 1427 4616 quam
1455 4547 1613 4616 vulgo
1658 4545 2010 4612 independen-

445 4619 576 4670 tiam
624 4632 902 4682 vocamus,
939 4633 1060 4686 qua;
1089 4617 1256 4670 solius
1299 4616 1390 4686 Dei
1419 4618 1630 4685 propria
1656 4625 1759 4686 est.

518 4686 629 4758 (7i)
675 4689 738 4742 Οἱ
779 4687 888 4758 γὰρ
921 4684 1068 4756 πρὸς
1106 4685 1359 4752 ἑαυτοὺς
1403 4684 2014 4758 μαχεσθέντεςηρθοε

450 4753 734 4826 gentilium
780 4753 1047 4826 intelligit,
1085 4767 1144 4810 ut
1183 4772 1344 4825 supra
1376 4753 1513 4820 dixi,
1563 4756 1732 4810 solem
1775 4753 2011 4826 scilicet,

451 4824 630 4880 lunam
675 4838 728 4880 et
758 4824 976 4895 reliqua
995 4827 1177 4880 mundi
1202 4829 1468 4879 elementa
1493 4840 1614 4894 quae
1644 4839 1749 4895 pro
1776 4824 1880 4895 diis
1915 4839 2009 4876 co-

453 4897 550 4949 luit
606 4893 922 4965 antiquitas.
978 4897 1097 4949 Mox
1140 4896 1321 4965 scribe
1369 4910 1435 4948 ex
1485 4897 1672 4965 codice
1713 4893 2012 4947 Fuketiano

445 4967 507 5018 τὸ
539 4963 876 5038 ἀνθρώπινον
923 4969 1188 5036 ἐμάχοντο
1223 4963 1397 5032 γένος,
1431 4975 1490 5019 ιιι
1519 4964 1715 5034 legitur
1746 4965 1908 5017 etiam
1959 4979 2010 5017 In

445 5035 631 5090 Regiis
661 5038 900 5090 schedis.

498 5039 631 5091 eziis
661 5038 900 5090 scltedis.

661 5053 940 5174 Ἠῖῗίὲῗάς
1000 5103 1448 5174 ἐπιμελομένοις
1477 5101 1717 5170 ἀρετῆς.
1764 5101 1821 5156 In
1851 5102 2009 5156 codd.

446 5174 746 5230 Fuketiano
778 5187 831 5228 et
864 5176 1048 5228 Savilii
1084 5177 1278 5242 legitur
1314 5174 1571 5243 γνησίως.

519 5249 632 5315 (75)
677 5247 878 5309 Ἀλλῳ
897 5243 1073 5298 τοῦτο
1093 5241 1179 5312 μὴ
1201 5241 1540 5315 λογιζέσθω,
1558 5243 1623 5315 id
1647 5251 1753 5315 est,
1778 5241 2011 5315 quisquis

448 5313 625 5370 curari
660 5332 714 5369 se
743 5332 849 5368 non
883 5315 1029 5377 sinit,
1064 5329 1161 5367 nec
1191 5315 1380 5367 morbo
1409 5313 1728 5366 idololatria:
1763 5313 2008 5381 liberari,

447 5389 545 5438 sibi
591 5388 832 5453 imputet,
881 5400 1002 5438 cum
1053 5382 1318 5437 medicina
1361 5385 1413 5435 in
1443 5394 1695 5453 promptu
1747 5378 1834 5434 sit.
1873 5378 2010 5435 Male

446 5452 974 5522 Christophorsonus
1025 5454 1168 5506 hunc
1233 5455 1409 5506 locum
1459 5452 2012 5522 interpretatur__hoc

448 5529 629 5594 modo,
662 5519 814 5578 alteri
843 5525 930 5594 qui
958 5525 1134 5576 sanari
1162 5525 1289 5594 vult,
1338 5537 1452 5594 non_
1481 5522 1606 5594 uitio
1644 5531 1825 5573 vertat.
1878 5519 2008 5572 Nam

446 5597 510 5648 de
543 5593 788 5649 Portesio
813 5591 946 5646 nihil
970 5595 1112 5656 dico,
1143 5595 1235 5660 qui
1267 5593 1379 5645 fere
1403 5591 1604 5660 ubique
1633 5606 1660 5643 a
1697 5605 1822 5643 vero
1847 5604 2009 5644 sensu

445 5666 680 5717 deerrat.
718 5662 992 5717 Musculus
1022 5659 1174 5715 certe
1198 5665 1311 5716 haec
1347 5676 1450 5714 non
1496 5659 1786 5713 infeliciter
1821 5661 2006 5712 vertit.

514 5733 626 5808 (Ἱρ)
667 5735 849 5808 Ὅπερ
877 5731 1093 5808 πείσας
1116 5731 1334 5785 ἑαυτὸν
1364 5729 1792 5808 ἀναδέδεικται.
1825 5729 1878 5808 lu
1911 5745 2008 5808 eo-

444 5797 562 5858 dic'e
593 5804 762 5871 Hegio
793 5797 1226 5870 superscr-imum
1254 5812 1338 5855 est
1385 5803 1571 5858 eadem
1605 5815 1763 5855 manu
1814 5797 2004 5852 ἀναδέ-

721 5896 986 5954 ΡΑτιιοι..
1033 5894 1148 5955 CIR.
1199 5893 1334 5954 XX.

2137 3307 2357 3361 uberius
2402 3323 2465 3361 ac
2505 3309 2768 3376 prolixius
2811 3326 2972 3381 quam
3024 3311 3459 3365 mansuetudinis
3503 3321 3706 3366 nostra:

2136 3399 2467 3467 pmpositum
2505 3401 2846 3468 postulabat,
2903 3403 3022 3456 ideo
3067 3403 3319 3466 disserui,
3376 3404 3524 3472 quod
3582 3403 3705 3457 fidei

2135 3490 2420 3544 veritatem
2449 3491 2626 3546 celare
2651 3491 3073 3547 acdissimulare
3102 3492 3369 3547 nolebam.
3397 3493 3706 3546 Praesertim

2135 3597 2258 3637 cum
2290 3582 2554 3648 nonnulli,
2594 3591 2650 3636 ut
2672 3582 2853 3647 audio,
2884 3592 3153 3646 asserant,
3185 3583 3323 3637 ritus
3354 3599 3418 3637 ac
3448 3599 3704 3638 cmi-eme.

2133 3674 2257 3728 nias
2281 3673 2605 3741 templorum
2641 3684 2696 3730 et
2743 3683 3060 3743 potestatem
3108 3673 3457 3728 tenebrarum
3487 3675 3707 3742 penitus

2131 3779 2255 3820 esse
2304 3765 2532 3820 sublata.
2590 3765 2743 3833 Quod
2815 3765 3062 3836 profecto
3119 3764 3410 3820 suasissem
3455 3763 3708 3818 omnibus

2132 3856 2476 3924 hominibus,
2518 3859 2618 3912 nisi
2658 3859 2804 3928 pravi
2832 3857 3032 3912 erroris
3083 3856 3318 3911 violenta
3357 3854 3706 3924 prmsuiiiptio

2130 3947 2185 4002 in
2220 3947 2427 4003 cladem
2457 3958 2623 4018 atque
2661 3951 2714 4003 in
2767 3951 3024 4003 damnum
3077 3949 3437 4018 reparationis
3487 3947 3705 4016 generi:

2135 4043 2378 4107 humani,
2411 4043 2769 4112 quorumdam
2803 4042 3074 4096 mentibus
3097 4042 3258 4095 nimis
3292 4042 3569 4095 insideret.
3605 4057 3626 4092 δ

2114 4197 2322 4251 δεκται.
2361 4195 2660 4264 Utrumque
2720 4205 2870 4250 certe
2923 4195 3050 4249 ferri
3103 4203 3281 4264 potest
3319 4221 3388 4230 —-
3421 4193 3486 4244 At
3514 4193 3701 4264 nobis

2115 4267 2272 4388 laongc
2291 4261 2638 4388 prEstantior
2661 4267 2870 4320 videtur
2886 4261 3152 4319 correctio
3197 4265 3325 4333 llrg.
3355 4268 3473 4314 eod.
3501 4261 3698 4314 ἀναδέ-

2147 4353 2321 4388 εκται.
2406 4352 2522 4388 Dl'l‘.

2147 4353 2321 4390 εκται.
2362 4352 2522 4390 Ιὲιῡιτ.
3562 4387 3564 4389 .

2191 4407 2303 4475 (75)
2337 4405 2448 4475 Τῆς
2474 4406 2823 4472 ἀληθείας...
2850 4403 3154 4475 πίστινηίἀ
3191 4413 3271 4475 est
3295 4417 3483 4475 veram
3504 4401 3695 4475 fidem.

2120 4469 2265 4531 idem
2288 4469 2436 4531 enini
2479 4469 2586 4540 est,
2616 4491 2679 4528 ac
2705 4469 2746 4528 si
2790 4475 3016 4539 diceret,
3047 4473 3148 4543 τὴν
3178 4471 3434 4543 ἀλήθειαν
3467 4471 3567 4541 τῆς
3607 4469 3690 4526 πί-

2123 4561 2311 4609 στεως.
2346 4547 2438 4600 Sic
2473 4546 2670 4598 iterum
2703 4543 3018 4612 loquiturin
3054 4542 3173 4607 cap.
3200 4543 3288 4612 ϐξ),
3318 4542 3475 4594 infra.

2189 4617 2300 4688 (76)
2325 4616 2433 4669 Τοῦ
2455 4610 2874 4688 σκότους-τὴν
2907 4610 3416 4688 ἐξουσίαιςηνςειιιι
3448 4616 3579 4688 sunt
3600 4610 3695 4660 de-
3759 4659 3762 4662 .

2113 4677 2329 4754 sumpta
2358 4702 2424 4740 ex
2454 4677 2890 4754 EpistolaVPatiili.
2909 4683 3079 4735 Porro
3101 4691 3157 4754 ut
3181 4681 3268 4754 hic
3289 4677 3689 4754 llellenismutn

2112 4746 2272 4810 voca't
2317 4746 2642 4823 potestatem
2692 4753 3064 4814 tenebrarum,
3092 4753 3173 4803 sic
3221 4749 3384 4814 infra,
3429 4746 3693 4823 cap.__65,

2111 4814 2596 4880 Christianismum
2652 4833 2804 4876 vocat
2842 4823 2984 4875 lucis
3029 4829 3352 4888 pctestatetn
3399 4828 3456 4873 et
3499 4814 3694 4872 enica-

2112 4911 2275 4950 etam.

2181 4964 2296 5035 (77)
2350 4959 2816 5035 Ἐπανάστασις.
2854 4959 2980 5035 llaec
3011 4974 3112 5010 vox
3150 4958 3371 5035 proprie
3413 4956 3690 5035 significat

2111 5027 2572 5102 conspirationem
2616 5046 2682 5083 ac
2728 5032 3080 5102 rebellionem
3109 5047 3142 5102 ι
3181 5027 3321 5102 quod
3376 5027 3592 5102 quidem
3624 5027 3691 5076 de

2111 5097 2379 5159 idolo-rum
2416 5104 2562 5154 cultu
2597 5101 2800 5168 optime
2832 5101 3050 5152 dicitur.
3104 5099 3200 5153 Est
3232 5097 3378 5151 enim
3417 5097 3688 5152 idolorum

2110 5173 2307 5238 cultus,
2350 5170 2584 5224 defectio
2618 5188 2654 5238 ιι
2677 5185 2805 5223 vero
2841 5168 2974 5238 Deo.

2181 5235 2302 5313 (⁸78)
2329 5241 2463 5313 ΤῆςΔ
2493 5237 2702 5313 κοινῆς
2731 5236 3154 5313 ἀναστάσεως.
3199 5235 3585 5313 Scribendnm‘
3613 5235 3691 5285 vi-

2111 5304 2682 5382 ϐοὐκ-’ἀνθ’ρθώσεως.
2727 5309 2860 5382 Nam
2904 5309 3123 5382 vulgata
3158 5322 3276 5382 vox_
3303 5304 3689 5382 ex_supe_riore

2110 5385 2254 5436 line\
2313 5375 2540 5449 repetita
2595 5394 2718 5433 esse
2764 5375 3020 5451 _vide_tu_r_[
3050 5375 3221 5451 Porro
3266 5379 3318 5451 in
3372 5376 3480 5451 flne
3509 5375 3688 5451 _hujt_ts

2108 5452 2269 5508 edicti
2303 5443 2548 5520 apposita
2583 5459 2702 5520 erat
2732 5448 2849 5520 sine
2873 5447 3044 5520 dubio
3071 5449 3202 5520 haec
3230 5443 3580 5520 subscriptio,
3619 5443 3687 5520 de

2109 5507 2214 5590 qua
2242 5507 2494 5590 sup'e'rius
2532 5518 2696 5590 multa
2728 5515 3213 5590 (ΙίιῙηΠροτεθήτω
3247 5517 3306 5567 ἐν
3335 5507 3460 5590 τοῖς
3480 5507 3687 5590 ῄμετέ-

2113 5585 2226 5664 ῥοις
2259 5585 2593 5664 ἀθατολικοῖς
2623 5587 2834 5664 μέρεσι.
2869 5588 2992 5640 Haec
3024 5590 3168 5640 enim
3199 5585 3534 5664 subscriptio
3550 5595 3685 5664 pro:

2110 5654 2228 5732 prie
2268 5662 2527 5732 convenit
2572 5654 2710 5732 huic'
2728 5659 2928 5732 edicto,
2961 5667 3146 5726 utpote
3168 5654 3311 5718 quod
3342 5654 3568 5706 missum
3599 5655 3683 5701 est

2111 5727 2177 5788 ad
2211 5731 2572 5803 provinciales
2603 5727 2864 5784 Orientis.

3296 5874 3373 5935 33
