4186 6394
497 386 635 441 1055
1252 379 1521 436 EUSEBII
1560 375 2038 435 CESARIENSIS
2079 377 2150 432 01

2080 376 2227 432 OPP.
2273 375 2453 430 PARS
2490 375 2603 431 l.—
2643 377 3036 435 HISTORICA.
3599 381 3733 434 i036

1083 497 1308 554 CAPUT
1351 496 1488 552 LXI.
2091 501 2136 557 Α
2673 497 2736 548 Κ]

2091 501 2136 557 Α
2673 496 3063 550 ΚΕΦΑΛΑΙυΝ
3102 497 3219 550 ΞΑο.

493 592 771 661 Quomodo
794 593 856 644 ab
898 591 1022 644 urbe
1067 589 1389 642 Alexandria
1429 590 1746 661 qiuaistiones
1786 597 2061 641 commota:

2171 585 2356 650 Ὅπως
2379 584 2495 639 ἀπὸ
2525 583 2636 653 τῆς
2657 585 3091 661 _'A.1££_ar6pemr
3105 586 3213 661 Δδιὰ
3239 586 3312 639 τὰ
3336 586 3484 640 κατὰ
3509 587 3738 656 Ἀρειον

975 662 1078 714 sint
1123 669 1340 727 propter
1371 655 1584 713 Arium.

2643 655 2952 709 ἐκινοῦντο
2981 655 3271 723 ζητήσεις.

563 754 690 810 llaec
719 753 1012 823 imperator
1041 752 1187 806 velut
1222 751 1444 822 quidam
1491 749 1584 805 Dei
1619 763 1796 819 praeco
1829 748 2061 802 maxima

2236 743 2470 798 Τοιαῦτα
2505 745 2778 815 βασιλεὺς,
2821 746 3018 799 ὡσανεὶ
3039 745 3175 801 Θεοῦ
3224 746 3736 817 μεγαλοφωνότατος

493 847 750 917 praeditus
779 859 934 910 voce,
967 845 1182 898 cunctis
1203 838 1629 912 provincialibus
1649 854 1743 909 per
1768 853 1894 893 suas
1919 838 2065 893 litte-

2166 837 2360 909 κῆρυξ,
2393 839 2502 901 τοῖς
2541 838 2917 909 ἐπαρχεώταις
2947 839 3118 892 ἅπασι
3135 839 3199 891 δι’
3230 840 3428 892 οἰκείου
3459 839 3737 910 προσεφώ-

493 956 580 994 ras
613 937 946 1000 inclamavit,
984 936 1109 990 dum
1155 935 1400 990 subditos
1450 948 1479 987 a
1529 932 1832 986 daemonum
1877 944 2065 985 errore

2202 944 2243 980 ει
2268 927 2613 998 γράμματος,
2648 929 2966 1000 δαιμονικῆς
2990 933 3089 1000 μὲν
3111 931 3391 1001 ἁπείργων
3419 933 3546 994 τοὺς
3567 932 3735 1002 ἀρχο-
3845 931 3855 950 ¹

489 1046 773 1097 revocare,
815 1039 870 1086 et
898 1031 964 1083 ad
996 1043 1182 1084 verum
1238 1027 1334 1082 Dei
1376 1026 1581 1082 cultum
1624 1023 2060 1094 amplectendum

2167 1019 2360 1091 μένους
2401 1021 2636 1092 πλάνης,
2693 1021 2790 1092 τὴν
2829 1023 2873 1076 δ’
2903 1023 3078 1093 ἀληθῆ
3134 1023 3374 1092 μετιέναι
3428 1023 3735 1080 θεοσέϐειαν

488 1123 719 1178 incitare
755 1130 1012 1176 conatur.
1066 1119 1215 1186 Quas
1245 1119 1315 1173 ob
1353 1133 1443 1174 res
1473 1131 1598 1172 cum
1638 1115 1898 1184 singulari
1933 1130 2062 1185 gau-

2164 1111 2602 1182 ἐγκελευόμενος.
2645 1113 3062 1186 Φαιδρυνομένῳ
3105 1115 3150 1168 δ’
3176 1114 3323 1186 αὐτῷ
3368 1115 3461 1168 ἐπὶ
3502 1115 3730 1182 τούτοις,

487 1214 576 1268 dio
608 1211 850 1283 gestiret,
879 1210 1102 1264 nuntius
1125 1207 1192 1262 ad
1221 1222 1345 1263 eum
1367 1206 1607 1276 perlatus
1626 1214 1706 1261 est
1739 1205 1806 1259 de
1827 1206 2060 1274 quodam

2163 1203 2318 1272 φήμη
2348 1219 2433 1265 τις
2465 1203 2839 1272 διαγγέλλεται
2866 1205 3007 1275 ἀμφὶ
3035 1205 3280 1276 ταραχῆς
3305 1206 3365 1258 ού
3408 1207 3609 1276 μικρᾶς
3635 1205 3733 1268 τὰς

488 1320 595 1358 non
644 1301 903 1358 mediocri
965 1299 1198 1354 tumultu
1249 1297 1340 1368 qui
1363 1297 1636 1354 Ecclesias
1673 1303 2059 1364 occupaverat.

2174 1293 2497 1364 Ἐκκλησίας
2525 1294 2903 1368 διαλαὸούσης·
2943 1299 3027 1366 ἐφ’
3061 1292 3095 1371 ᾖ
3148 1299 3247 1368 τὴν
3276 1297 3445 1368 ἀκοὴν
3477 1298 3730 1368 πληγεὶς,

485 1395 604 1463 Quo
645 1393 828 1448 audito
861 1390 1165 1461 perculsus,
1204 1387 1505 1444 remedium
1528 1386 1841 1453 excogitare
1871 1385 2058 1454 cmpit.

2163 1383 2302 1438 ῐασιν
2337 1387 2626 1457 περιενόει.
2673 1387 2746 1440 Τὸ
2786 1388 2831 1441 δ’
2859 1384 2928 1459 ἦν
2965 1389 3072 1462 ἄρα
3105 1390 3324 1443 τοιόνδε.
3380 1389 3735 1461 Ἐσεμνύνετο

485 1488 657 1542 Porro
693 1483 957 1540 tumultus
1005 1482 1156 1552 origo
1203 1482 1322 1534 hazc
1359 1477 1499 1532 fuit:
1538 1475 1793 1532 Florebat
1827 1477 2061 1546 populus

2164 1475 2262 1545 μὲν
2283 1477 2312 1528 ὁ
2334 1476 2428 1530 τοῦ
2452 1476 2588 1530 Θεοῦ
2629 1477 2784 1543 λεὼς,
2817 1482 2938 1543 ταῖς
2960 1480 3068 1532 τῶν
3102 1480 3283 1534 καλῶν
3322 1480 3735 1551 καλλωπιζόμε-

486 1573 605 1637 Dei,
627 1581 683 1626 et
710 1586 834 1626 cum
872 1569 1158 1624 alacritate
1193 1565 1424 1636 quadam
1457 1580 1521 1619 ac
1555 1565 1789 1635 tripudio
1815 1566 2059 1622 honestis

2158 1585 2248 1633 νος
2287 1570 2550 1641 πράξεσιν
2569 1588 2583 1602 ο
2617 1571 2725 1624 οὐδ’
2751 1569 2820 1643 ἦν
2850 1590 2935 1636 τις
2985 1572 3184 1638 ἔξωθεν
3216 1573 3378 1643 φόϐος
3428 1575 3732 1642 ταράττων,

484 1664 695 1719 actibus
723 1660 1086 1717 incumbebat.
1123 1657 1316 1712 Nullus
1344 1666 1464 1712 erat
1496 1655 1652 1713 l‘ortis
1699 1667 1913 1724 metus,
1964 1657 2059 1726 qui

2157 1658 2232 1722 ὡς
2254 1661 2345 1713 καὶ
2370 1663 2623 1732 λαμπρᾶς
2652 1663 2745 1716 καὶ
2777 1663 3082 1733 βαθυτάτης
3110 1665 3332 1736 εἰρήνης
3361 1663 3736 1735 ἁπανταχόθεν

483 1755 943 1827 perturbationem
995 1751 1217 1806 all‘erret
1245 1768 1259 1803 :
1292 1749 1493 1820 quippe
1555 1763 1678 1804 cum
1721 1749 1815 1803 Dei
1863 1749 2056 1818 optimi

2156 1755 2254 1826 τὴν
2285 1756 2606 1828 Ἐκκλησίαν
2618 1759 2751 1812 Θεοῦ
2777 1759 2958 1830 χάριτι
2981 1760 3467 1830 περιφραττούσης·
3487 1758 3735 1828 φθόνοςδ’

484 1846 706 1901 maximi
766 1844 1051 1908 beneﬁcio,
1116 1855 1330 1897 ammna
1384 1850 1439 1896 et
1493 1840 1914 1911 profundissima
1949 1854 2054 1910 pax
2085 1849 2131 1910 Β

2085 1849 2131 1910 Β
2158 1848 2265 1918 ἄρα
2303 1849 2396 1902 καὶ.
2422 1852 2534 1913 τοῖς
2574 1851 2860 1922 ἡμετέροις
2904 1851 3167 1922 ἐφήδρευε
3217 1852 3422 1918 καλοῖς,
3475 1853 3604 1905 εἴσω
3636 1851 3735 1922 μὲν

483 1936 779 1992 Ecclesiam
828 1934 1067 2004 undique
1108 1932 1495 1988 communiret.
1536 1930 1642 1986 Sed
1672 1933 1817 1986 enim
1854 1931 2056 1986 invidia

2159 1939 2518 2010 είσδυόμενος,
2569 1941 2732 2011 μέσος
2791 1941 2835 1993 δ’
2875 1944 2934 1995 ἐν
2984 1943 3166 2006 αὐτοῖς
3196 1944 3436 2015 χορεύων
3480 1946 3592 2007 τοῖς
3628 1943 3737 1996 τῶν

482 2029 687 2086 nostris
730 2028 887 2082 bonis
953 2026 1177 2080 insidias
1241 2032 1459 2078 struens
1529 2022 1868 2079 subsederat.
1929 2021 2060 2089 Qua:

2160 2032 2329 2100 ἁγίων
2377 2033 2602 2103 ὁμίλοις.
2657 2033 2960 2104 Συμϐάλλει
3002 2034 3138 2104 δῆτα
3183 2037 3307 2098 τοὺς
3361 2034 3733 2100 ἐπισκόπους,

483 2123 713 2192 primum
777 2118 994 2188 quidem
1053 2116 1197 2170 intro
1241 2117 1506 2183 irrepens,
1559 2123 1744 2184 postea
1786 2113 1840 2167 in
1883 2113 2061 2168 medio

2162 2123 2348 2176 στάσιν
2395 2123 2646 2194 ἐμϐαλὼν
2698 2124 3010 2196 ἐρεσχελίας
3062 2125 3207 2195 (79),
3262 2124 3416 2177 θείων
3465 2125 3736 2197 προφάσει

481 2221 792 2268 sanctorum
819 2219 963 2265 ctetu
1003 2207 1341 2275 tripudiavit.
1369 2206 1608 2261 Tandem
1631 2220 1763 2260 vero
1779 2205 2061 2275 episcopos

2158 2212 2442 2284 δογμάτων
2463 2230 2476 2243 ·
2520 2213 2734 2267 κᾶπειθ’
2767 2215 2843 2278 ὼς
2871 2215 2978 2268 ἀπὸ
3013 2215 3211 2287 μικροῦ
3250 2216 3548 2288 σπινθῆρος
3593 2216 3735 2286 μέγα

482 2304 626 2359 inter
653 2317 711 2358 se
731 2298 1040 2363 commisit,
1068 2295 1353 2350 tumultum
1388 2307 1445 2352 et
1475 2295 1885 2352 altercationem
1918 2296 2062 2351 inter

2160 2303 2272 2376 πῦρ
2304 2305 2574 2378 ἐξεκᾴετο,
2601 2306 2776 2376 ἄκρας
2809 2307 2904 2377 μὲν
2938 2307 3125 2380 ὥσπερ
3155 2307 3265 2361 ἀπὸ
3288 2307 3534 2379 κορυφῆς
3569 2307 3737 2378 ἀρξάμ

481 2411 576 2452 eos
601 2395 868 2458 excitans,
902 2391 1210 2446 divinorum
1245 2390 1558 2458 dogmatum
1587 2389 1832 2444 obtentu.
1855 2388 2060 2443 Exinde

2163 2412 2322 2465 μενον
2385 2396 2486 2467 τῆς
2535 2397 2927 2471 Ἀλεξανδρέων
2959 2394 3306 2466 Ἐκκλησιαςς
3329 2399 3628 2472 διαδραμὸν
3677 2399 3733 2454 δὲ

484 2498 744 2557 tanquam
796 2499 864 2538 ex
901 2481 1008 2536 levi
1063 2481 1295 2549 quadam
1353 2479 1622 2542 scintilla,
1677 2479 2059 2550 gravissimum

2160 2486 2257 2556 τὴν
2319 2487 2614 2557 σύμπασαν
2652 2491 2925 2558 Αἴγυπτόν
2950 2506 3008 2542 τε
3040 2488 3135 2541 καὶ
3171 2488 3401 2558 Λιϐύην,
3433 2489 3532 2558 τήν
3567 2491 3616 2540 τ’
3640 2490 3736 2542 ἐπ-

480 2578 688 2634 exarsit
706 2575 1037 2630 incendium.
1065 2573 1215 2638 Quod
1233 2573 1453 2641 quidem
1483 2572 1549 2626 ab
1567 2570 1806 2626 Ecclesia
1827 2571 2061 2625 Alexan-

2161 2579 2344 2632 έκεινα
2387 2579 2657 2651 Θηϐαΐδα’
2680 2581 2780 2652 ήδη
2803 2581 2859 2634 δὲ
2910 2580 3004 2632 καὶ
3043 2578 3142 2642 τὰς
3194 2579 3387 2642 λοιπὰς
3438 2577 3736 2649 ἐπενέμετο

481 2669 638 2725 drina
686 2665 831 2721 velut
880 2664 1043 2737 472
1105 2678 1136 2716 a
1193 2661 1374 2732 capite
1419 2674 1708 2725 exorsum,
1753 2661 2059 2714 universam

2161 2669 2432 2740 ἐπαρχίας
2467 2688 2524 2723 τε
2542 2672 2634 2725 καὶ
2657 2671 2861 2735 πόλεις,
2887 2669 2997 2725 ὥστ
3015 2672 3027 2692 ’
3059 2671 3118 2723 οὐ
3154 2671 3347 2741 μόνους
3367 2665 3434 2740 ἦν
3458 2670 3587 2723 ἰδεῖν
3611 2671 3736 2734 τοὺς

483 2761 728 2832 posthac
762 2757 1081 2828 Egyptum,
1111 2763 1165 2809 et
1189 2753 1444 2824 Libyam,
1490 2760 1543 2806 et
1565 2750 1880 2806 ulteriorem
1912 2749 2058 2804 The-

2161 2759 2270 2814 τῶν
2295 2759 2626 2835 Ἐκκλησιῶν
2643 2763 2938 2835 προέδρους
2957 2763 3134 2831 λόγοις
3151 2761 3732 2833 διαπληκτιζομένους,

479 2849 697 2907 baidem
719 2846 1046 2919 peragravit.
1080 2845 1186 2900 Sed
1212 2853 1265 2898 et
1293 2843 1530 2912 reliquas
1551 2847 1715 2898 urbes
1747 2855 1810 2896 ac
1841 2842 2061 2911 provin-

2164 2850 2298 2904 ἀλλὰ
2340 2853 2434 2906 καὶ
2477 2853 2545 2907 τὰ
2591 2854 2772 2926 πλήθη
2821 2853 3293 2924 κατατεμνόμενα,
3343 2853 3453 2906 τῶν
3513 2852 3613 2923 μὲν
3659 2851 3735 2914 ὡς

479 2945 598 3001 cias
622 2943 904 3012 depastum
940 2947 1024 2994 est
1056 2957 1068 2993 :
1097 2936 1231 2992 adeo
1260 2945 1323 2989 ut
1351 2949 1457 2988 non
1486 2933 1658 2989 solum
1689 2933 1834 3002 ipsos
1877 2930 2062 2989 Eccle-

2161 2943 2371 3008 τούσδε,
2396 2944 2504 2997 τῶν
2529 2946 2585 3000 δὲ
2619 2947 2868 3018 θατέροις
2892 2947 3338 3018 ἐπικλινομένων.
3362 2947 3457 3008 Είς
3483 2945 3735 2998 τοσοῦτον

482 3038 685 3094 siarum
757 3029 1032 3088 antistites
1095 3028 1278 3084 verbis
1341 3026 1483 3083 inter
1551 3040 1612 3081 se
1660 3023 2057 3095 digladiantes,

2161 3033 2218 3088 δέ
2257 3033 2536 3106 διήλαυνεν
2587 3037 2699 3108 (86)
2734 3039 2963 3103 ἀτοπίας
3004 3041 3038 3110 ἡ
3075 3039 3184 3092 τῶν
3242 3039 3543 3108 γινομένων
3600 3036 3732 3100 θέα.

481 3145 671 3186 verum
709 3129 872 3183 etiam
902 3123 1117 3195 plebem
1152 3123 1328 3192 ipsam
1360 3119 1642 3175 discissam
1680 3131 1908 3174 cernere
1932 3117 2061 3172 lice-

2164 3123 2293 3178 ὥστ’
2316 3127 2416 3197 ἥδη
2449 3128 2507 3182 ἐν
2537 3129 2720 3193 αὐτοῖς
2746 3131 2933 3201 μέσοις
2957 3130 3065 3185 τῶν
3095 3130 3339 3185 ἀπίστων
3371 3129 3642 3201 θεάτροις,
3665 3129 3733 3184 τὰ

479 3233 607 3289 ret,
637 3219 762 3274 aliis
797 3219 1014 3282 borum,
1041 3214 1162 3269 aliis
1197 3213 1415 3268 illorum
1454 3219 1638 3282 partes
1669 3209 2051 3281 amplectenti-
2081 3223 2123 3282 ο

2082 3223 2123 3282 c
2159 3217 2331 3286 σεμνὰ
2357 3218 2456 3289 τῆς
2487 3219 2669 3274 ἐνθέου
2706 3221 3054 3287 διδασκαλίας
3081 3224 3180 3296 τὴν
3214 3223 3501 3295 αἰσχίστην
3529 3220 3735 3293 ὑπομέ-

479 3316 605 3372 bus.
631 3311 805 3368 Porro
841 3322 1021 3363 rerum
1052 3321 1175 3376 quae
1212 3303 1539 3375 gerebantur
1580 3301 1950 3373 spectaculum
1980 3313 2044 3356 eo

852 3322 1021 3363 rerum
1052 3321 1175 3376 quae
1212 3303 1539 3375 gerebantur
1580 3301 1950 3373 spectaculum
1980 3313 2044 3356 eo
2153 3323 2264 3359 νειν
2291 3307 2505 3379 χλεύην.

481 3424 653 3481 usque
682 3408 945 3480 processit
974 3406 1333 3477 indignitatis,
1363 3414 1422 3460 ut
1463 3403 1518 3458 in
1577 3401 1768 3458 mediis
1819 3401 2112 3458 infidelium
2161 3405 2408 3473 theatris,
2439 3408 2633 3464 divinae
2684 3411 3087 3480 praedicationis
3131 3409 3454 3465 venerabilis
3493 3409 3736 3465 doctrina

484 3505 803 3578 turpissimo
831 3505 942 3558 risu
973 3519 1036 3558 ac
1073 3501 1307 3556 ludibrio
1334 3499 1735 3555 traduceretur.

1053 3590 1282 3648 CAPUT
1332 3589 1492 3644 LXII.
2677 3593 2706 3644 ll

2677 3591 3072 3646 ΚΕΦΑΛΑΙΟΝ
3099 3589 3214 3645 ΞΒ.

917 3683 993 3739 De
1033 3683 1166 3737 Ario
1206 3691 1254 3738 et
1297 3682 1618 3736 Meletianis.
2422 3684 2563 3752 Περὶ

2422 3684 2563 3752 Περὶ
2593 3681 2701 3737 τοῦ
2732 3683 2920 3737 αὐτοῦ
2942 3683 3038 3737 καὶ
3072 3681 3461 3736 Μελιτιανῶν.

555 3781 621 3836 Et
653 3781 707 3835 hi
741 3779 959 3849 quidem
1013 3779 1065 3832 in
1103 3777 1216 3846 ipsa
1259 3778 1393 3830 urbe
1431 3773 1760 3830 Alexandria
1793 3775 1860 3830 de
1887 3773 2059 3830 subli-

2231 3777 2294 3830 Οἱ
2330 3775 2428 3847 μὲν
2447 3772 2540 3828 οῦν
2567 3776 2687 3829 κατ’
2703 3775 2874 3845 αὐτὴν
2892 3774 2991 3845 τὴν
3027 3774 3452 3845 Ἀλεξάνδρειαν,
3476 3775 3737 3840 νεανικῶς

486 3871 746 3927 missimis
786 3868 950 3924 rebus
980 3867 1336 3939 pertinaciter
1368 3867 1717 3922 dimicabant.
1773 3867 1876 3922 Alii
1925 3882 2058 3923 vero

2163 3867 2408 3940 περὶτῶν
2423 3867 2679 3921 ἀνωτάτω
2694 3865 3148 3936 διεπληκτίζοντο,
3166 3867 3214 3918 οἱ
3231 3865 3275 3918 δ’
3288 3867 3428 3934 ἀμφὶ
3448 3868 3628 3920 πᾶσαν
3642 3866 3737 3938 τὴν

486 3980 584 4035 per
616 3973 782 4017 totam
821 3959 1112 4031 Egyptum
1145 3967 1200 4012 et
1231 3958 1566 4028 superiorem
1606 3957 1962 4023 Thebaidem,
1989 3959 2058 4015 ob

2161 3961 2431 4027 Αἴγυπτον
2453 3957 2564 4028 (81)
2586 3957 2680 4009 καὶ
2711 3956 2808 4027 τὴν
2835 3957 2948 4011 ἄνω
2969 3955 3228 4026 Θηϐαΐδα,
3265 3957 3738 4027 προϋποκειμένης

486 4053 918 4113 controversiam
937 4051 1224 4122 quamdam
1251 4064 1372 4120 quas
1396 4050 1545 4118 prius
1564 4060 1836 4104 commota
1862 4049 2052 4112 fuerat,

2163 4051 2521 4122 παλαιοτέρας
2549 4048 2857 4111 ὑποθέσεως
2892 4047 3050 4119 χάριν
3087 4047 3480 4113 διεστασίαζον,
3503 4049 3578 4112 ὡς
3605 4067 3739 4102 παν-

490 4149 704 4204 interim
727 4144 1090 4207 dissidebant;
1123 4141 1256 4195 adeo
1278 4149 1336 4195 ut
1355 4139 1554 4209 ubique
1570 4139 1852 4209 discerptae
1872 4149 2058 4195 essent

2161 4145 2325 4216 ταχοῦ
2363 4143 2651 4215 διῃρῆσθαι
2681 4139 2778 4202 τὰς
2813 4140 3158 4212 Ἐκκλησίας.
3202 4141 3423 4205 Τούτοις
3469 4142 3514 4195 δ’
3551 4143 3738 4216 ὥσπερ

497 4232 778 4291 Ecclesiae.
800 4235 936 4292 Cum
977 4243 1158 4288 autem
1205 4231 1466 4287 Ecclesia:
1509 4245 1707 4300 corpus
1751 4230 2058 4297 huiusmodi

2163 4234 2411 4305 σώματος
2441 4231 2846 4302 κεκακωμένου,
2881 4231 3142 4301 σύμπασα
3176 4231 3348 4304 Λιϐύη
3394 4233 3697 4304 συνέκαμνε
3721 4251 3733 4264 ·

493 4327 682 4384 morbo
705 4327 999 4389 laboraret,
1022 4323 1271 4378 universa
1301 4321 1469 4392 Libya
1497 4321 1657 4376 simul
1694 4322 1856 4377 etiam
1888 4336 2060 4392 aegro-

2163 4326 2432 4379 συνενόσει
2463 4325 2519 4376 δὲ
2547 4325 2640 4377 καὶ
2665 4325 2732 4377 τὰ
2759 4324 2920 4378 λοιπὰ
2947 4325 3085 4396 μέρη
3125 4326 3230 4379 τῶν
3261 4327 3416 4390 ἐκτὸς
3439 4325 3733 4395 ἐπαρχιῶν.

494 4423 652 4486 .avit,
700 4430 754 4475 et
799 4417 1022 4486 reliquae
1057 4423 1367 4469 exterarum
1422 4411 1826 4481 provinciarum
1881 4421 2060 4481 partes

2162 4419 2224 4471 Οἱ
2257 4417 2355 4487 μὲν
2395 4416 2502 4488 γὰρ
2551 4417 2657 4470 ἀπὸ
2695 4417 2792 4487 τῆς
2839 4415 3244 4488 Ἀλεξανδρείας
3296 4418 3738 4489 διεπρεσϐεύοντο

489 4514 681 4570 eodem
706 4511 898 4568 morbo
919 4517 1184 4574 correptae
1211 4513 1356 4560 sunt.
1405 4502 1540 4560 Nam
1587 4503 1678 4572 qui
1719 4503 2061 4559 Alexandriae

2163 4512 2297 4581 πρὸς
2324 4512 2447 4573 τοὺς
2488 4511 2608 4563 κατ’
2637 4510 2902 4579 ἐπαρχίαν
2955 4509 3304 4576 ἐπισκόπους,
3340 4512 3389 4563 οἱ
3430 4510 3473 4563 δ’
3525 4513 3604 4574 εἰς
3639 4510 3735 4564 θά-

487 4617 668 4672 erant,
693 4605 899 4677 legatos
932 4602 1000 4658 ad
1033 4600 1371 4672 singularum
1405 4597 1810 4667 provinciarum
1843 4596 2059 4666 episco-

2161 4617 2316 4672 τερον
2344 4598 2662 4669 τεμνόμενοι
2707 4598 2890 4668 μέρος,
2928 4599 3025 4667 τῆς
3044 4597 3232 4668 ὁμοίας
3265 4599 3582 4654 ἐκοινώνουν
3609 4600 3735 4654 στά-

488 4715 586 4770 pos
643 4697 985 4767 dirigebant;
1032 4693 1121 4748 isti
1181 4706 1311 4745 vero
1362 4691 1414 4744 in
1473 4688 1789 4744 alterutram
1846 4697 2058 4758 partem
2164 4709 2318 4753 σεως.

489 4790 726 4854 discissi,
761 4789 1013 4844 seditioni
1052 4799 1269 4853 quoque
1297 4781 1750 4865 adj'tgtgebantur.

1039 4838 1267 4933 eam
1325 4838 1505 4927 ιῖιῆῖ.
2091 4884 2136 4938 ι)
2657 4868 2692 4920 ις

2091 4884 2136 4938 ι)
2657 4867 3049 4921 ΚΕΦΑΛΑΙΟΝ
3104 4867 3219 4921 ειη.

489 4972 765 5043 Quomodo
845 4969 1070 5041 legatum
1134 4983 1251 5021 cum
1305 4967 1493 5019 litteris
1563 4963 1704 5016 misit
1756 4963 1825 5014 ad
1876 4977 2058 5028 pacem

1055 5037 1481 5088 componendam.

2167 4960 2510 5030 'Ozwgvrapl
2524 4961 2767 5030 εἰρήνης
2781 4960 3020 5030 πέμψας
3029 4960 3482 5026 Κωνσταντῖνος
3490 4960 3735 5028 ἔγραψε.

1055 5053 1481 5108 εοηῳοηεηααηι.

561 5137 657 5191 His
698 5131 896 5190 auditis
929 5129 1220 5196 imperator
1255 5123 1576 5196 gravissimo
1621 5120 1805 5176 dolore
1847 5115 2067 5190 percul-

2236 5115 2420 5169 Ταῦτα
2464 5115 2522 5169 δὲ
2573 5116 2872 5187 πυθόμενος
2913 5117 2940 5167 ό
2979 5114 3226 5184 βασιλεὺς
3258 5117 3352 5168 καὶ
3412 5114 3510 5185 τὴν
3564 5111 3740 5183 ψυχὴν

487 5250 619 5297 sus,
677 5241 906 5299 eamque
957 5239 1070 5279 rem
1121 5223 1308 5294 |instar
1371 5216 1680 5272 domesticae
1730 5210 2062 5268 calamitatis

2167 5208 2570 5278 ὑπεραλγήσας,
2600 5208 2880 5278 συμφοράν
2900 5224 2957 5259 τε
2996 5207 3201 5261 οἰκείαν
3232 5207 3293 5260 τὸ
3320 5208 3548 5276 πρᾶγμα
3580 5204 3741 5274 θέμε-

555 5434 675 5501 (79)
715 5430 939 5486 Στάσιν
968 5431 1241 5498 ἐμϐαλὼν
1260 5427 1650 5501 gracula/itm.
1700 5422 2062 5501 _Scrihendum
2168 5415 2208 5501 lc

2168 5415 2327 5501 locus
2357 5414 2436 5468 sic
2465 5413 2796 5501 iscritben-dus
2839 5422 2959 5501 est:
2997 5413 3076 5475 εἰς
3119 5409 3373 5501 τοσοῦτον
3411 5409 3474 5501 δὴ
3515 5408 3743 5501 ἤλαυνεν

491 5479 1215 5574 vaiéfdrlﬁ'épaéﬁiﬁg
1260 5479 1674 5574 Ιξδιῖιῖοέξρθόνος
1699 5493 1954 5574 ltocloco
1985 5500 2067 5574 est

2166 5483 2533 5563 ἀτοπίαςμειο.
2576 5483 2737 5538 Certe
2768 5484 2821 5536 in
2863 5481 3165 5536 Fukettauo
3205 5485 3397 5536 codice
3429 5479 3625 5548 légttur
3658 5479 3738 5542 εις

495 5554 965 5627 iiiiaiiniasmoh.
999 5554 1092 5625 Sic
1117 5554 1260 5623 enim
1295 5568 1443 5637 loqui
1470 5554 1604 5622 solet
1637 5554 1903 5619 Eusebius
1929 5560 2068 5615 mul-
2169 5554 2458 5637 τοσρῦτοίκ
2596 5623 2609 5637 θ
2710 5623 2720 5637 ι
2826 5621 2849 5630 _
3045 5621 3056 5637 ‘
3161 5621 3218 5637 ﬂ
3335 5633 3343 5637 _
3516 5617 3680 5637 mm

495 5647 566 5697 tis
602 5644 654 5696 iu
687 5643 837 5696 locis.
1352 5617 1378 5637 Ἰ

2239 5627 2352 5693 (81)
2395 5624 2550 5697 Old"
2578 5623 2725 5692 ἀμφὶ
2768 5621 2974 5675 πᾶσαν
2999 5621 3472 5697 τὴν-Αῐγυπζον.
3516 5617 3741 5697 λιριὶιίίιέ

563 5689 1014 5783 (έδγῖοοίοῦτον
1049 5708 1118 5762 δὲ
1151 5707 1503 5783 διήλαυνεν.
1543 5705 1598 5783 In
1649 5702 1837 5783 codice
1895 5699 2066 5783 Degio
2171 5712 2216 5783 tt:

2171 5689 2268 5783 nos
2311 5689 2591 5783 intelligit,
2615 5689 2706 5783 ἐκ
2758 5709 2988 5773 quorum
3021 5689 3312 5748 sebismate
3355 5689 3617 5745 videndus
3660 5696 3741 5742 est

493 5762 690 5852 ιυέῖιῶ
716 5762 781 5850 δή
803 5762 1058 5853 ἤλαυνεν,
1099 5762 1245 5850 quod
1288 5780 1456 5846 magis
1484 5777 1672 5844 probo.
1705 5771 1878 5830 Totus
1902 5762 2065 5838 igitur
2169 5765 2504 5835 Epiphanius
2536 5773 2589 5819 et
2621 5762 2912 5818 Baronius.
2939 5807 2952 5822 ,
