4186 6390
426 419 559 473 1057

1519 407 1607 459 DE
1647 404 1806 458 VITA
1847 397 2307 457 CONSTANTINI
2340 397 2467 452 LIB.
2517 395 2578 450 ll.

3548 389 3686 440 ιυδιι

417 556 526 601 νος,
591 535 931 606 παραχρῆμα
964 533 1070 587 τῶν
1121 534 1258 602 ἀμφ’
1302 529 1465 583 αὐτὸν
1508 526 1795 590 θεοσεΰῶν,
1843 524 1901 577 ὃν
1943 520 2002 578 εὖ

2111 523 2413 576 habendam
2450 530 2599 577 ratus
2665 516 2941 575 :ont’esta'm
2987 532 3054 571 ex
3090 515 3185 570 Dei
3222 512 3522 569 cultoribus
3543 525 3682 580 quos

419 631 686 700 ἠπίστατο
742 627 974 698 σώφρονι
1033 625 1269 686 πίστεως
1319 623 1486 692 ἀρετῇ
1547 617 2002 688 δεδοκιμασμένον

419 725 587 794 ἄνδρα
613 721 747 791 (82),
779 717 1227 790 λαμπρυνόμενον
1256 718 1375 778 ταῖς
1408 713 1547 783 ὑπὲρ
1575 710 1854 773 εὐσεϐείας
1872 710 2002 779 ὁμο-

420 815 628 884 λογίαις
666 812 807 866 κατὰ
851 813 974 874 τοὺς
1003 807 1310 880 ἔμπροσθεν
1330 805 1570 878 χρόνους,
1603 801 1899 874 βραϐεῦσαι
1923 801 2002 852 εί⁴

425 909 593 979 ρήνην
629 907 740 969 τοῖς
769 903 908 957 κατὰ
933 902 1032 973 τὴν
1069 899 1472 969 Ἀλεξάνδρειαν
1494 897 1774 950 διεστωσιν
1802 892 2004 962 ἐκπέμ-

424 1014 535 1052 πει·
572 997 805 1067 γράμμα
855 996 899 1046 τ’
957 991 1380 1060 ἀναγκαιότατον
1421 989 1487 1042 δι’
1523 986 1686 1041 αὐτοῦ
1743 987 1856 1048 τοῖς
1903 983 2002 1054 τῆς

423 1088 736 1160 ὲρεσχελίας
761 1086 953 1148 αἰτίοις
980 1082 1301 1152 ἐπιτίθησιν·
1325 1080 1352 1133 ὃ
1370 1079 1434 1150 δὴ
1461 1079 1554 1133 καὶ
1574 1077 1702 1131 αὐτὸ
1719 1075 2002 1146 γνώρισμα

425 1179 675 1249 περιέχον
703 1175 846 1248 ἀμφὶ
872 1175 961 1228 τὸν
993 1173 1120 1226 λαον
1146 1170 1242 1224 τοῦ
1269 1169 1402 1224 Θεοῦ
1429 1168 1771 1240 κηδεμονίας,
1795 1167 1861 1236 τῇ
1875 1168 2002 1234 περὶ⁵

424 1269 590 1324 αὐτοῦ
643 1267 898 1339 φέρεσθαι
950 1267 1197 1336 διηγήσει
1247 1263 1444 1328 καλὸν,
1496 1261 1617 1332 ἔχον
1675 1259 1862 1314 τοῦτον
1913 1259 2001 1311 τὸν

425 1361 646 1432 τρόπον.

944 1534 1338 1590 ΚΕΦΑΛΛΙΟΝ
1363 1530 1476 1585 EA’.

427 1630 885 1688 Κωνσταντίνου
925 1625 1216 1693 ἐπιστολὴ
1263 1624 1410 1692 πρὸς
1467 1619 1855 1693 Ἀλέξανδρον
1897 1619 2003 1671 τὸν

535 1704 891 1763 ἐπίσκοπον,
935 1699 1034 1752 καὶ
1079 1692 1311 1765 Ἀρειον
1345 1696 1450 1747 τὸν
1472 1692 1892 1761 πρεσϐύτερον.

502 1813 524 1848 ι
545 1793 787 1864 Νικητὴς
804 1792 1228 1854 Κωνσταντῖνος,
1252 1788 1521 1856 Μέγιστος
1536 1783 1820 1846 Σεϐαστὸς,
1851 1780 2000 1832 Ἀλε-

429 1887 636 1958 ξάνδρῳ
663 1888 754 1939 καὶ
786 1883 1003 1955 Ἀρείῳ.

501 1997 520 2029 ι
549 1976 750 2047 Διπλῆν
776 1993 863 2045 μοι
885 1971 1209 2044 γεγενῆσθαι
1235 1969 1502 2040 πρόφασιν
1530 1965 1733 2019 τούτων
1759 1959 1833 2018 ὧν
1856 1963 2002 2034 ἔργῳ

423 2069 520 2140 τὴν
542 2069 730 2141 χρείαν
756 2068 1014 2138 ὑπέστην,
1043 2064 1224 2126 αὐτὸν,
1263 2062 1338 2125 ὡς
1368 2061 1532 2122 εἰκὸς,
1570 2058 1658 2111 τὸν
1702 2055 1810 2108 τῶν
1854 2053 2002 2124 ὲμῶν

423 2161 838 2233 ἐγχειρημάτων
892 2156 1082 2229 βοηθὸν
1115 2155 1210 2208 καί
1265 2152 1486 2223 σωτῆρα
1533 2149 1639 2203 τῶν
1692 2148 1827 2201 ὅλων
1871 2146 2002 2199 Θεὸν

425 2255 682 2325 ποιοῦμαι
707 2253 976 2322 μάρτυρα.
1009 2267 1028 2301 ι

935 2335 1332 2393 ΚΕΦΑΛΑΙΟΝ
1375 2333 1494 2389 EE'.

533 2435 662 2487 Ὅτι
693 2431 824 2500 περὶ
859 2429 968 2498 τῆς
998 2428 1244 2497 εἰρήνης
1274 2425 1554 2495 ἐμερίμνα
1593 2421 1889 2490 συνήθως.

503 2544 520 2575 ι
556 2523 779 2595 Πρῶτον
800 2522 897 2592 μὲν
917 2520 1025 2590 γὰρ
1049 2519 1161 2591 έτὴν
1185 2518 1439 2573 ἁπάντων
1466 2516 1574 2570 τῶν
1598 2514 1768 2569 ἐθνῶν
1793 2516 1919 2584 περὶ
1944 2513 2003 2567 τὸ

420 2618 574 2670 Θεῖον
593 2614 846 2685 πρόθεσιν
871 2614 1002 2684 (85),
1029 2611 1104 2674 ὡς
1137 2611 1264 2682 μίαν
1291 2610 1456 2674 ἕξεως
1493 2608 1751 2663 σύστασιν
1781 2609 1998 2662 ένίιύσαι⁸

422 2706 671 2776 δεύτερον
693 2705 770 2771 δὲ,
799 2705 858 2758 τὸ
885 2704 982 2774 τῆς
1011 2704 1193 2774 κοινῆς
1219 2700 1541 2772 οἰκουμένης
1568 2700 1727 2770 σῶμα
1753 2699 2002 2770 καθάπερ

423 2797 644 2869 χαλεπῷ
679 2815 784 2851 τινι
820 2797 930 2868 (84)
965 2796 1230 2866 νοσήματι
1283 2793 1488 2864 πάσχον
1535 2791 1752 2856 κακῶς,
1782 2789 2004 2863 διορθώ-

425 2890 621 2944 σασθαι
643 2887 1052 2962 προύθυμήθην.
1086 2889 1154 2939 ’Ἀ
1185 2887 1248 2957 δὴ
1279 2884 1635 2958 προσκοπῶν,
1665 2884 1851 2955 ἕτερον
1904 2883 2004 2954 μὲν

423 2982 720 3053 ἀπορρήτῳ
745 2980 982 3043 διανοίας
1013 2977 1275 3049 ὀφθαλμῷ
1324 2976 1765 3048 συνελογιζόμην,
1817 2975 2002 3046 ἕτερον

421 3069 480 3123 δὲ
512 3072 577 3140 τῇ
624 3070 724 3140 τῆς
775 3069 1168 3138 στρατιωτικῆς
1215 3069 1395 3140 χειρὸς
1441 3067 1659 3138 ἐξουσίᾳ
1707 3066 2003 3139 κατορθοῦν

425 3159 763 3231 ἐπειρώμην.
795 3157 951 3223 εἰδὼς
978 3160 1054 3222 ὡς
1088 3161 1136 3211 εί
1172 3157 1353 3229 κοινὴν
1382 3158 1554 3212 ἆπασι
1582 3160 1694 3220 τοῖς
1734 3156 1828 3210 τοῦ
1865 3154 2001 3210 Θεοῦ

425 3253 748 3324 θεράπουσιν
781 3253 865 3304 ἐπ’
898 3252 1084 3322 εὐχαῖς
1115 3252 1233 3313 ταῖς
1264 3252 1423 3320 ὲμαῖς
1451 3250 1703 3320 ὁμόνοιαν
1731 3247 2004 3318 καταστή-

428 3362 603 3414 σαιμι,
631 3344 726 3396 καὶ
754 3346 788 3414 ἡ
816 3342 923 3395 τῶν
951 3343 1225 3414 δημοσίων
1251 3342 1586 3413 πραγμάτων
1609 3340 1764 3411 χρεία
1790 3337 2003 3410 σύνδρο-

426 3452 528 3506 μον
560 3439 678 3496 ταῖς
723 3434 976 3488 ἁπάντων
1000 3433 1246 3487 εὐσεϐέσι
1293 3435 1539 3505 γνώμαις
1569 3432 1666 3504 τὴν
1701 3430 2000 3502 μεταϐολὴν

435 3525 809 3597 καρπώσεται.
857 3545 876 3576 ι

933 3700 1328 3753 ΚΕΦΑΛΑΙΟΝ
1353 3696 1487 3766 Ξζῗ.

430 3799 551 3851 Ὅτι
603 3795 701 3850 καί
743 3794 850 3859 τὰς
875 3793 944 3846 ἐν
998 3792 1236 3861 Ἀφρικῇ
1294 3791 1567 3860 ζητήσεις
1605 3787 1995 3858 διωρθώσατο.

505 3907 523 3940 ι
574 3887 787 3949 Μανίας
843 3885 971 3953 γοῦν
1011 3883 1279 3954 δήπουθεν
1325 3885 1424 3937 οὐκ
1490 3883 1720 3953 ἀνεκτῆς
1781 3881 1998 3935 ἃπασαν

427 3983 526 4051 τὴν
553 3977 814 4050 Ἀφρικὴν
841 3976 1218 4046 ἐπιλαϐούσης.
1241 3976 1328 4028 διὰ
1351 3977 1474 4039 τοὺς
1505 3974 1615 4045 (85)
1637 3973 1850 4044 ἀϐοὐλῳ
1876 3991 2001 4027 κου-

429 4071 619 4141 φότητι
639 4070 736 4141 τὴν
767 4068 874 4123 τῶν
901 4069 964 4139 δή
975 4086 1088 4139 μων
1115 4066 1410 4139 θρησκείαν
1432 4069 1512 4129 είς
1542 4067 1826 4138 διαφόρους
1849 4067 2000 4138 αἱρέ-

432 4183 545 4228 σεις
567 4165 747 4234 σχίσαι
775 4160 1198 4232 τετολμηκότας,
1223 4159 1426 4230 ταύτην
1454 4159 1565 4228 ἐγὼ
1591 4161 1690 4230 τὴν
1718 4160 1870 4213 νόσον
1900 4177 2000 4212 κα-

428 4256 702 4310 ταστεῖλαι
747 4253 1045 4324 βουληθεὶς,
1095 4252 1346 4322 οὐδεμίαν
1391 4253 1583 4323 έτέραν
1617 4251 1892 4323 ἀρκοῦσαν
1924 4252 2001 4322 τῷ

430 4351 710 4422 πράγματι
749 4347 1041 4418 θεραπείαν
1084 4345 1355 4417 εὕρισκον,
1395 4345 1428 4416 ἢ
1471 4348 1519 4398 εἰ
1557 4346 1648 4399 τὸν
1678 4345 1852 4399 κοινὸν
1901 4344 2002 4414 τῆς

429 4442 751 4511 οἰκουμένης
801 4438 992 4510 ἐχθρὸν
1025 4437 1219 4504 ἐξελὼν
1243 4438 1373 4510 (86),
1403 4437 1462 4502 ὃς
1502 4441 1621 4501 ταῖς
1652 4437 1823 4508 ἱεραῖς
1849 4437 2001 4507 ὐμῶν

431 4536 665 4598 συνόδοις
695 4534 791 4604 τὴν
845 4532 1100 4603 ἀθέμιτον
1148 4533 1339 4586 ἑαυτοῦ
1384 4533 1607 4602 γνώμην
1653 4531 1998 4600 ἁντέστησεν,

2104 614 2252 668 circa
2296 626 2356 666 se
2388 610 2655 677 habebat,
2693 611 3018 681 quemdam,
3055 621 3218 677 quem
3257 607 3326 660 ob
3361 604 3682 658 modestiam

2105 704 2227 760 fidei
2268 711 2592 770 spectatum,
2624 711 2678 755 et
2697 703 2768 754 ob
2792 699 3076 770 religionis
3103 695 3499 754 confessionem
3528 707 3683 762 snpe-

2106 795 2241 851 riori
2276 805 2517 863 tempore
2552 809 2662 862 prae
2687 793 2898 847 caeteris
2929 792 3270 846 nobilitatum
3318 804 3438 844 esse
3482 801 3682 857 cogno-

2097 898 2277 960 uerat,
2330 887 2714 942 Alexandriam
2766 887 2975 954 dirigit,
3028 893 3087 938 ut
3128 884 3272 938 inter
3319 897 3414 937 eos
3452 881 3543 948 qui
3573 879 3682 934 illic

2103 977 2438 1033 dissidebant
2480 992 2670 1047 pacem
2715 975 3410 1045 componeret,eidemque
3467 971 3680 1024 litteras

2104 1070 2196 1124 dat
2258 1071 2325 1124 ad
2365 1069 2735 1124 contentionis
2788 1077 3062 1133 auctores,
3107 1067 3348 1124 utilesin
3377 1064 3567 1135 primis
3614 1079 3679 1117 ac

2105 1164 2463 1216 necessarias.
2496 1161 2625 1228 Quae
2656 1176 2779 1215 cum
2827 1160 3035 1215 illustre
3071 1160 3343 1228 specimen
3384 1156 3679 1212 exhibeant

2103 1268 2250 1308 curae
2275 1267 2340 1307 ac
2363 1252 2750 1308 sollicitudinis
2778 1251 2928 1307 illius
2961 1266 3123 1320 quam
3149 1267 3248 1318 pro
3288 1250 3548 1305 Ecclesiis
3579 1248 3677 1303 Dei

2104 1347 2352 1415 gerebat,
2385 1361 2490 1400 non
2526 1346 2824 1400 absurdum
2855 1343 3048 1408 fuerit,
3082 1344 3210 1398 huic
3244 1345 3310 1398 de
3349 1343 3440 1398 illo
3462 1342 3679 1398 institu-

2104 1446 2170 1490 tae
2196 1435 2499 1490 narrationi
2531 1436 2674 1503 ipsas
2703 1435 2966 1489 inserere.
2996 1436 3136 1488 Sunt
3167 1445 3346 1488 autem
3386 1434 3673 1503 ejusmodi.

2565 1525 2730 1598 473
2769 1525 2996 1582 CAPUT
3040 1526 3222 1580 wa.

2102 1620 2434 1676 Constantini
2472 1623 2694 1690 epistola
2746 1625 2815 1676 ad
2862 1621 3220 1676 Alexandrum
3266 1620 3677 1688 episcopum,“

2575 1693 2758 1746 Arium
2820 1695 3202 1762 presbyterum.

2179 1804 2196 1836 ε
2232 1785 2419 1840 Victor
2433 1785 2820 1840 Constantinus
2842 1785 3416 1853 MaximusAugustus,
3443 1782 3678 1836 Alexan-

2033 1876 2075 1928 B
2101 1877 2198 1928 dro
2223 1887 2273 1929 et
2297 1877 2447 1929 Ario.

2180 1985 2198 2017 ι
2240 1968 2454 2021 Duabus
2496 1983 2581 2022 me
2611 1968 2792 2022 causis
2831 1967 3116 2037 impulsum
3145 1967 3316 2020 fuisse
3370 1967 3434 2020 ad
3489 1981 3676 2022 earum

2107 2073 2286 2113 rerum
2346 2075 2486 2128 quas
2531 2061 2672 2129 gessi
2722 2059 3088 2114 ministerium
3141 2059 3450 2113 obeundum
3483 2097 3498 2122 ,
3561 2058 3680 2127 ipse

2104 2163 2392 2206 conatuum
2445 2167 2688 2206 meorum
2736 2152 2952 2219 adjutor
2998 2159 3052 2204 et
3108 2161 3354 2206 servator
3409 2150 3676 2216 omnium,

2106 2247 2234 2299 mihi
2260 2247 2411 2300 testis
2437 2255 2523 2301 est
2557 2246 2713 2298 Deus.
2755 2263 2772 2294 ι

2667 2333 2896 2390 CAPUT
2947 2333 3109 2388 LXV.

2357 2429 2512 2494 Quod
2556 2445 2652 2498 pro
2681 2444 2806 2496 pace
2842 2430 3089 2480 continue
3132 2429 3424 2496 satagebat.

2181 2538 2198 2574 ι
2225 2521 2358 2575 Nam
2390 2525 2620 2591 primum
2639 2521 2861 2590 quidem
2887 2519 3127 2572 omnium
3162 2520 3402 2587 gentium
3436 2519 3678 2574 inolitam

2105 2616 2170 2669 de
2206 2616 2313 2670 Deo
2343 2615 2653 2682 opinionem
2690 2613 2742 2666 in
2787 2627 2946 2666 unam
3001 2611 3157 2680 quasi
3195 2610 3566 2666 habitudinem
3616 2628 3681 2666 ac

2106 2699 2332 2754 formam
2367 2701 2715 2770 compingere
2761 2699 3101 2769 propositum
3149 2698 3292 2753 fuit;
3327 2699 3521 2754 deinde
3551 2717 3679 2755 vero

2103 2806 2302 2861 corpus
2332 2792 2480 2845 orbis
2512 2801 2779 2844 terrarum
2812 2791 2966 2861 quasi
3009 2793 3159 2860 gravi
3205 2791 3443 2862 quodam
3489 2791 3680 2847 morbo

2106 2882 2408 2951 tyrannidis
2461 2898 2806 2952 oppressum,
2857 2883 2912 2936 in
2975 2882 3262 2952 pristinam
3313 2885 3678 2940 valetudinem

2106 2975 2412 3030 restituere.
2466 2975 2596 3042 Quae
2630 2991 2753 3030 cum
2800 2976 2933 3030 mihi
2979 2976 3154 3030 instar
3182 2977 3327 3046 scopi
3367 2980 3676 3047 proposuis-

2104 3084 2240 3135 sem,
2295 3069 2528 3122 alterum
2585 3067 2801 3137 quidem
2851 3082 3054 3121 arcano
3108 3069 3460 3136 cogitationis
3523 3070 3681 3126 oculo

2107 3157 2448 3226 inquirebam
2478 3173 2492 3222 ;
2520 3155 2749 3212 alterum
2783 3172 2913 3212 vero
2939 3157 3132 3211 bellica
3157 3159 3209 3213 vi
3236 3168 3398 3228 atque
3439 3163 3678 3228 potentia

2106 3249 2365 3316 perlicere
2386 3249 2649 3303 conabar.
2685 3248 2897 3318 Quippe
2929 3249 3317 3319 intelligebam,
3355 3252 3398 3305 si
3429 3266 3679 3306 commu-

2107 3357 2228 3396 nem
2268 3343 2412 3395 inter
2431 3355 2620 3394 omnes
2657 3341 2746 3394 Dei
2790 3340 3027 3395 cultores
3086 3338 3474 3405 Concordiam,
3537 3342 3680 3397 sicut

2107 3431 2237 3484 mihi
2271 3433 2321 3483 in
2355 3431 2494 3487 votis
2523 3443 2662 3494 erat,
2685 3429 2929 3484 stabilire
2956 3429 3298 3500 potuissem,
3333 3431 3448 3488 fore
3479 3444 3537 3488 ut
3570 3436 3679 3490 rei-

2107 3523 2332 3592 publicae
2379 3521 2807 3584 administratio,
2871 3523 3229 3576 mutationem
3287 3525 3392 3594 piis
3429 3527 3674 3582 omnium

2106 3615 2358 3670 sensibus
2387 3624 2780 3683 congruentem
2819 3613 3283 3667 nancisceretur.»

2663 3703 2891 3760 CAPUT
2929 3703 3112 3759 LXVI.

2107 3793 2384 3863 Quomodo
2411 3797 2734 3868 quastione:
2766 3800 2821 3850 in
2850 3797 3035 3867 Africa
3067 3797 3324 3851 excitatas
3353 3800 3678 3866 compressit.

2180 3909 2200 3943 ι
2230 3890 2416 3960 Itaque
2449 3905 2572 3945 cum
2603 3888 2967 3944 intolerabilis
2990 3891 3234 3958 quaedam
3266 3889 3474 3945 insania
3509 3901 3678 3946 totam

2106 3981 2344 4035 Africam
2389 3981 2784 4050 corripuisset,
2821 3982 2891 4036 ob
2940 3982 3202 4050 quosdam
3253 3982 3345 4051 qui
3389 3985 3678 4038 temeraria

2106 4073 2326 4128 levitate
2374 4073 2692 4143 religionem
2752 4073 3077 4144 populorum
3153 4076 3208 4130 in
3257 4075 3440 4130 varias
3498 4087 3680 4133 sectas

2106 4165 2418 4220 discindere
2453 4166 2569 4221 ausi
2604 4167 2854 4231 lueraut;
2888 4167 3032 4221 hunc
3068 4181 3170 4235 ego
3214 4167 3455 4222 morbum
3489 4169 3682 4223 sedare

2107 4256 2352 4326 cupiens,
2379 4256 2583 4311 nullum
2604 4256 2750 4312 aliud
2783 4258 3082 4312 remedium
3107 4258 3174 4311 ad
3194 4257 3311 4327 ejus
3341 4259 3680 4314 curationem

2108 4349 2360 4402 idoneum
2393 4349 2752 4417 reperiebam,
2787 4364 2950 4417 quam
2988 4350 3356 4410 ut,communi
3389 4352 3545 4404 hoste
3585 4365 3682 4420 ge-

2109 4441 2254 4495 neris
2300 4441 2523 4494 humani
2572 4456 2603 4495 e
2661 4443 2836 4496 medio
2875 4441 3118 4505 sublato,
3171 4442 3258 4510 qui
3313 4441 3682 4495 sacrosanctis

2108 4531 2328 4601 synodis
2354 4532 2554 4587 vestris
2596 4532 2816 4604 impiam
2849 4547 3000 4588 suam
3025 4534 3348 4589 sententiam
3385 4548 3449 4588 ac
3478 4533 3682 4601 jussio-

504 4735 616 4806 (82)
654 4735 1174 4805 Δεδοκιμασμένον
1218 4734 1427 4806 ᾆνδρα.
1463 4734 1646 4806 Gaium
1694 4731 2002 4806 Corduben-

2111 4733 2304 4806 Verum
2332 4749 2453 4788 cum
2490 4735 2544 4788 in
2575 4735 2792 4801 optimis
2832 4733 3109 4788 codicibus
3146 4731 3447 4806 Fuketiano
3485 4741 3540 4787 et
3581 4733 3680 4788 Sa-

432 4802 547 4860 sem
586 4802 869 4874 intelligit,
897 4817 948 4858 ut
985 4802 1180 4859 scribit
1219 4803 1466 4859 Gelasius
1504 4803 1802 4874 Cyzicenus
1847 4802 1899 4855 in
1943 4804 2003 4856 li-

437 4879 534 4929 bro
581 4891 621 4930 ti
673 4886 730 4930 et
770 4871 898 4940 post
948 4875 1096 4928 illum
1147 4874 1369 4929 Pliotius
1413 4877 1465 4928 in
1517 4871 1860 4936 Bibliotheca,
1906 4888 1999 4927 ca-

435 4948 544 5012 pite
571 4945 749 5009 l2'7,et
777 4943 1139 5013 Nicephorus,
1179 4951 1235 4998 et
1254 4955 1381 5000 ante
1405 4949 1504 4998 hos
1526 4957 1716 4997 omnes
1743 4942 2001 4997 Socrates

433 5027 596 5081 atque
623 5018 976 5068 Snzomenus.

505 5079 618 5157 (85)
647 5084 838 5157 Τὴν...
858 5085 990 5152 περὶ
1020 5085 1085 5136 τὸ
1112 5082 1272 5157 θεῖον
1295 5085 1601 5157 πρόθεσιν.
1623 5079 1840 5157 Mallem
1867 5083 2001 5157 scri-

434 5152 561 5210 bere
600 5152 861 5218 διάθεσιν,
911 5165 1005 5208 aut
1043 5152 1329 5221 πρόληψιν.
1377 5153 1576 5206 Contra
1622 5152 1674 5204 in
1736 5153 2001 5220 principio

434 5170 561 5210 nere
603 5170 861 5218 οιαυεσιν,
911 5170 1005 5208 aut
1043 5170 1084 5204 π
1122 5170 1329 5221 οΑηψιν.
1377 5170 1576 5206 contra
1622 5170 1674 5204 in
1736 5170 1997 5220 prtncrpio

434 5225 593 5296 hujus
645 5226 888 5292 epistolae
937 5239 1036 5296 pro
1090 5170 1282 5296 Ξιπλῆν
1345 5239 1446 5296 μοι-
1479 5221 1769 5296 πρόφασιν,
1811 5224 1997 5296 malim

434 5289 615 5364 legere
647 5289 952 5366 πρόθεσιν.’
975 5293 1092 5366 Mox
1119 5289 1317 5366 scribo
1345 5289 1490 5365 πρὸς
1526 5289 1660 5366 ’μίαν
1694 5289 1999 5366 ἕξεωςμσύ-

438 5361 627 5418 σπιῖασιν
656 5361 858 5418 ένῶσαι
885 5380 948 5418 ex
991 5364 1151 5417 codd.
1182 5361 1481 5416 Fuketia'no
1523 5373 1578 5416 et
1615 5361 1826 5415 Savdii.
1863 5361 1994 5414 Mal-

434 5435 540 5489 lem
577 5443 755 5488 tamen
787 5435 1027 5490 scribere
1053 5433 1188 5504 πρὸς
1215 5435 1362 5503 μιᾶς.

506 5504 622 5573 (84)
658 5504 934 5570 Καθάπερ
951 5500 1195 5572 χαλεπῷ
1218 5500 1357 5573 τινι.
1390 5501 1588 5555 Desunt
1616 5501 1708 5573 hic
1727 5500 2001 5573 nonnulla,

436 5570 556 5640 qua:
591 5570 645 5627 iu
676 5577 816 5628 libro
840 5570 1025 5628 norm
1057 5575 1130 5642 ita
1165 5571 1482 5642 supplentur
1504 5570 1764 5642 {xulem}:
1787 5587 1893 5623 τινι
1921 5587 2008 5622 νο-

441 5647 652 5715 σήματι
703 5644 912 5714 πάσχον
964 5641 1150 5715 κακῶς
1211 5640 1801 5715 διόρθώσασθαιὲεξιίὲ..Δ
1849 5650 2010 5715 prout

439 5711 603 5766 etiam
643 5711 921 5782 legitur—iu
964 5713 1207 5767 editione
1250 5711 1574 5782 Genevensi.
1604 5712 1716 5780 Ego
1749 5711 2007 5782 libentius

442 5783 586 5835 hunc
626 5780 800 5836 locum
827 5785 900 5836 ita
937 5782 1298 5852 suppleveriiu
1337 5780 1591 5852 ιχαλεπῷ
1609 5799 1716 5852 τινι
1743 5780 2007 5852 νοσήματι

439 5853 538 5915 τῆς
555 5852 868 5922 τυραννίδος
889 5851 1207 5921 πιεζόμενον
1224 5850 1581 5923 ἐλευθερῶσαι
1596 5850 2004 5922 προύθυμήθην.

2108 4804 2218 4857 vilii
2251 4806 2401 4860 locus
2434 4807 2505 4857 ita
2540 4813 2877 4872 suppleatur,
2903 4813 2960 4856 ut
2991 4818 3152 4870 snpra
3189 4805 3366 4872 posui,
3395 4819 3514 4857 eam
3547 4807 3681 4859 scri-

2104 4883 2317 4942 pturam
2352 4877 2507 4956 sequi
2541 4871 2787 4944 praestat.
2828 4875 2996 4927 Porro
3019 4875 3073 4927 in
3108 4871 3322 4928 Fuketii
3356 4874 3497 4929 libro
3523 4878 3678 4930 deest

2103 4958 2204 4996 Vox
2236 4961 2441 5007 κοινης.
2519 4993 2522 4996 .

2176 4962 2483 5083 ἷδέἵ
2503 4993 2737 5079 Μανίας
2757 5013 2865 5082 γὰρ
2890 5013 3256 5078 δήπουθεν...
3279 5013 3377 5066 καὶ
3401 5012 3499 5066 διὰ
3515 5017 3674 5081 τούς.

2107 5079 2466 5154 Scribendum
2494 5085 2716 5154 otttnino
2731 5079 3027 5154 θείμεν-νίας
3055 5084 3205 5151 γοῦν.
3234 5085 3401 5138 Paulo
3433 5098 3550 5152 post
3585 5079 3674 5140 tibi

2108 5151 2302 5218 legitur
2325 5155 2422 5206 καὶ
2450 5151 2540 5205 διὰ
2568 5151 3075 5222 τούςοθχμίιιιεθηιιςι
3116 5165 3200 5209 est
3239 5151 3505 5222 particula
3556 5157 3672 5208 καί.

2109 5223 2417 5279 Donatistas
2471 5233 2650 5275 autem
2700 5224 2970 5291 intelligit,
3003 5225 3093 5294 qui
3136 5235 3257 5294 post
3289 5223 3589 5278 Romanam
3622 5237 3678 5279 et

2102 5296 2474 5349 Arelatensem
2527 5294 2811 5361 synodum,
2861 5305 2982 5362 post
3015 5293 3277 5362 judicium
3326 5297 3490 5362 ipsius
3531 5297 3678 5350 uou-

2105 5363 2353 5423 Stantini,
2389 5362 2568 5416 adhuc
2599 5363 2652 5414 in
2684 5361 2872 5415 Africa
2899 5361 3391 5420 tttmiiltuabantut'.

2171 5433 2282 5503 (86)
2323 5431 2434 5485 Τὸν
2455 5431 2660 5503 κοινὸν
2677 5431 2788 5499 τῆς
2813 5433 3169 5502 οἰκουμένης
3189 5434 3406 5502 ἐχθρὸν
3426 5430 3673 5496 ἐξελών.

2101 5501 2368 5558 Licinium
2407 5501 2592 5570 procul
2623 5503 2786 5555 dubio
2829 5501 3099 5569 intelligit,
3143 5501 3516 5557 utnec-latrant
3554 5519 3674 5566 qmu

2104 5571 2589 5644 seqttuttttrrrverba
2615 5589 2627 5623 :
2654 5570 2711 5634 ὃς
2741 5575 2860 5644 ταῖς
2888 5574 3060 5644 ἱεραῖς
3087 5573 3238 5644 ὑμῶν
3271 5570 3616 5644 συνόδοιςηει
3655 5607 3670 5634 ε

2103 5641 2237 5696 Nam
2311 5641 2552 5695 Licinius
2603 5643 2840 5711 synodos
2892 5641 3314 5698 Christianorum
3366 5642 3672 5711 antistitum

2103 5713 2556 5784 proliibuerat,ut
2581 5710 2813 5765 testatur
2843 5714 3102 5765 Eusebius
3123 5715 3176 5764 in
3195 5713 3342 5784 libro
3364 5725 3407 5784 t._
3436 5726 3554 5776 cap.
3580 5710 3668 5764 5i.

2104 5782 2172 5838 At
2224 5783 2748 5850 Christopborsdnus
2798 5795 3140 5838 cotnimiuem
3191 5782 3409 5833 humani
3459 5792 3675 5845 generis

2108 5856 2318 5908 hostem
2382 5853 2483 5905 hoc
2535 5853 2588 5905 in
2657 5851 2775 5905 loco
2837 5850 3104 5904 diabolum
3161 5865 3279 5904 esse
3326 5850 3662 5904 existimavit
