4186 6404
471 385 477 394 ’
494 380 633 438 1059

1196 375 1460 432 EUSEBII
1501 371 1972 430 CESABIENSIS
2008 371 2158 428 OPP.
2202 371 2379 427 PARS
2415 373 2458 428 1.
2499 402 2567 414 -—
2605 371 2992 430 HISTOBICA.

3597 377 3735 430 1010

495 512 616 550 nem
649 502 997 566 opposuerat,
1043 495 1306 562 quosdam
1344 507 1584 548 vestrum
1628 495 1692 548 ad
1725 493 2057 548 sarciendam

2164 491 2336 554 ἐνίους
2370 492 2522 562 ὑμῶν
2561 492 2695 566 πρὸς
2731 493 2830 563 τὴν
2855 491 2965 545 τῶν
3001 491 3135 562 πρὸς
3163 490 3422 564 ἀλλήλους
3453 493 3740 562 διχονοούν-

494 586 631 638 inter
699 585 1024 639 dissidentes
1085 585 1471 650 concordiam,
1541 585 1821 640 ministros
1903 595 2066 649 atque

493 677 766 746 adjutores
803 677 1090 730 mitterem.
1118 695 1136 726 ι

1043 766 1269 824 CAPUT
1303 766 1390 820 LX
1406 766 1512 820 VII.

632 857 788 924 Quod
815 857 996 928 religio
1031 860 1096 912 ab
1130 857 1367 913 Orientis
1413 858 1648 925 partibus
1690 869 1920 926 coeperit.

567 969 586 1002 ι
623 950 758 1004 Nam
807 951 1064 1020 quoniam
1093 952 1206 1003 veri
1241 949 1459 1003 luminis
1502 949 1599 1012 vis,
1636 959 1691 1003 et
1742 950 1824 1003 lex
1878 922 2101 1003 sacro!

491 1050 694 1094 sancta:
731 1040 1031 1107 religionis,
1089 1039 1181 1093 Dei
1239 1040 1507 1094 beneﬁcio
1547 1055 1615 1094 ex
1676 1041 1795 1094 sinu
1855 1039 1947 1110 (ut
1990 1041 2061 1093 ita

489 1131 704 1203 dicam)
732 1131 968 1186 Orientis
991 1130 1156 1203 474
1186 1132 1347 1194 edita,
1393 1133 1706 1187 universum
1736 1131 1895 1185 simul
1954 1140 2064 1185 ter-

489 1231 671 1276 rarum
706 1224 894 1277 orbem
921 1226 1092 1278 sacris
1137 1223 1302 1277 radiis
1332 1223 1738 1288 illustraverat;
1781 1237 1886 1276 non
1944 1223 2064 1276 sine

489 1327 651 1366 causa
683 1327 777 1366 vos
803 1322 1119 1367 cunctarum
1159 1312 1402 1381 gentium
1450 1313 1642 1366 salutis
1693 1323 1946 1366 auctores
1996 1323 2060 1364 ac

487 1406 653 1459 duces
684 1405 802 1459 fore
825 1404 1129 1469 conlidens,
1157 1416 1213 1461 et
1247 1407 1445 1462 mentis
1466 1403 1658 1460 affectu
1693 1414 1746 1458 et
1773 1405 2056 1459 oculorum

488 1499 607 1551 acie
636 1498 927 1566 exquirere
969 1498 1298 1556 laborabam.
1352 1498 1543 1554 Statim
1589 1498 1755 1565 igitur
1785 1504 1902 1566 post
1945 1511 2059 1549 ma-

488 1603 648 1658 gnam
670 1587 812 1641 illam
842 1588 1140 1655 victoriam,
1183 1598 1236 1642 et
1267 1598 1386 1656 post
1410 1585 1773 1641 certissimum
1804 1585 1869 1640 de
1895 1587 2057 1640 hosti-

487 1679 588 1732 bus
623 1675 986 1746 triumphum,
1019 1687 1144 1731 aute
1202 1678 1383 1731 omnia
1429 1676 1555 1730 illud
1595 1691 1786 1729 rursus
1830 1675 2060 1729 scrutari

489 1770 899 1833 constitueram,
925 1771 1068 1838 quod
1093 1771 1423 1841 praecipuum
1460 1779 1514 1823 et
1543 1768 1765 1822 maximi
1799 1769 2057 1822 momenti

488 1878 607 1918 esse
626 1861 954 1932 judicabant.
977 1880 996 1913 ι

1029 1951 1256 2008 CAPUT
1295 1951 1522 2009 LXVIII.

489 2043 766 2111 Quomodo
793 2043 1101 2098 seditionem
1148 2043 1361 2096 moleste
1402 2044 1596 2111 ferens,
1641 2060 1820 2114 pacem
1867 2044 2059 2098 suasit.

564 2218 584 2253 ι
609 2200 832 2268 Verum,
862 2215 895 2254 ο
917 2198 1115 2254 eximia
1141 2198 1234 2254 Dei
1261 2200 1633 2270 providentia!
1670 2202 1792 2270 quis
1814 2211 1867 2256 et
1885 2201 2062 2271 qualis

485 2292 709 2347 nuntius
732 2305 893 2347 aures
915 2306 1086 2356 meas,
1114 2307 1205 2346 seu
1225 2291 1408 2360 potius
1441 2292 1680 2345 animum
1713 2293 1885 2360 ipsum
1915 2309 2063 2348 acer-

483 2384 708 2439 bissime
735 2383 1002 2438 sauciavit
1024 2423 1040 2448 ,
1073 2397 1194 2436 cum
1221 2382 1350 2436 mihi
1383 2382 1746 2452 signiﬁcatum
1775 2392 1860 2438 est
1892 2384 2061 2439 multo

485 2475 738 2546 graviora
773 2474 918 2528 inter
958 2487 1054 2528 vos
1087 2482 1205 2528 orta
1254 2487 1374 2528 esse
1407 2474 1665 2535 dissidia,
1725 2489 1884 2542 quam
1934 2485 2061 2530 sunt

483 2567 574 2622 illa
610 2581 734 2636 quat
777 2567 830 2621 in
879 2566 1061 2621 Africa
1105 2573 1487 2620 remanserunt
1523 2580 1538 2617 :
1577 2565 1713 2620 adeo
1772 2576 1829 2620 ut
1878 2578 2058 2636 partes

483 2667 701 2723 vestrm,
728 2671 758 2709 a
805 2656 1005 2725 quibus
1043 2655 1304 2710 medelam
1348 2655 1470 2708 aliis
1517 2656 1849 2724 suppeditari
1899 2671 2058 2724 posse

486 2749 799 2819 sperabam,
851 2745 1057 2816 majore
1100 2747 1222 2817 jam
1277 2747 1559 2800 curatione
1613 2747 1909 2817 indigeant.
1976 2751 2058 2803 Ac

483 2841 617 2896 mihi
645 2841 865 2912 quidem
895 2840 961 2895 de
991 2841 1185 2895 barum
1222 2853 1404 2892 rerum
1448 2839 1603 2894 initio
1649 2849 1811 2908 atque
1843 2841 2056 2912 origine

485 2929 800 2987 accuratius
857 2930 1142 3001 cogitanti,
1191 2929 1328 2985 levis
1381 2928 1672 2985 admodum
1717 2946 1880 2986 causa
1937 2947 2056 2988 esse

484 3022 600 3077 visa
640 3031 748 3087 est,
783 3036 882 3076 nec
922 3030 1068 3075 tanta
1115 3021 1418 3074 animorum
1472 3021 1825 3077 contentione
1870 3022 2050 3092 digna.

484 3112 674 3183 Itaque
722 3112 790 3168 ad
825 3111 991 3183 hujus
1038 3113 1278 3182 epistolae
1321 3111 1625 3168 scribenda:
1675 3113 2052 3170 necessitatem

2172 599 2278 636 των
2297 581 2546 653 δμόνοιαν
2577 583 2808 654 βοηθοὺς
2836 584 3219 654 ἀποστείλαιμι
3248 583 3382 656 (87).
3425 603 3444 636 ι

2682 761 3077 814 ΚΕΦΑΛΑΙΟΝ
3126 757 3244 813 ΞΖ’.

2174 851 2291 903 Ὅτι
2316 851 2384 904 ἐκ
2411 849 2512 920 τῆς
2541 851 2906 918 ἀνατολικῆς
2937 852 3009 904 τὰ
3028 849 3136 917 τῆς
3173 850 3483 914 εὐσεϐείας
3504 847 3748 917 ἤρξατο.

2251 944 2466 1015 Ἐπειδὴ
2490 944 2598 1016 γὰρ
2627 945 2660 1014 ἡ
2691 943 2784 996 τοῦ
2808 941 2984 1011 φωτὸς
3011 941 3260 1010 δύναμις,
3297 941 3392 994 καὶ
3423 943 3452 993 ὁ
3478 940 3576 1009 τῆς
3600 940 3750 1009 ἱερᾶς

2169 1033 2460 1106 θρησκείας
2491 1035 2672 1106 νόμος,
2699 1035 2804 1088 ὑπὸ
2827 1036 2927 1105 τῆς
2955 1034 3049 1088 τοῦ
3083 1035 3387 1106 κρείττονος
3407 1033 3746 1104 εὐεργεσίας,

2167 1124 2277 1180 οἷον
2305 1127 2368 1180 ἐκ
2388 1145 2544 1182 τινων
2573 1127 2672 1198 τῆς
2701 1128 2983 1196 Ἀνατολῆς
3012 1127 3228 1180 κόλπων
3253 1127 3510 1192 ἐκδοθεὶς,
3535 1129 3750 1181 ἅπασαν

2168 1218 2301 1289 ὁμοῦ
2334 1218 2432 1290 τὴν
2473 1219 2797 1290 οἰκουμένην
2830 1218 2960 1289 ἱερῷ
3013 1217 3295 1290 λαμπτῆρι
3343 1219 3747 1291 κατήστραψεν,

2169 1310 2390 1372 εἰκότως
2423 1310 2567 1380 ὑμᾶς
2614 1309 2803 1380 ὥσπερ
2833 1309 2985 1371 τινὰς
3018 1309 3294 1380 ἀρχηγοὺς
3339 1308 3450 1380 (88)
3496 1308 3595 1378 τῆς
3643 1325 3748 1364 των

2169 1397 2338 1452 ἐθνῶν
2367 1397 2637 1470 σωτηρίας
2660 1397 2922 1468 ὑπάρξειν
2956 1395 3248 1461 πιστεύων,
3274 1395 3410 1467 ὁμοῦ
3442 1397 3535 1450 καὶ
3575 1395 3750 1468 ψυχῆς

2168 1488 2393 1560 νεύματι
2441 1492 2534 1543 καὶ
2565 1489 2857 1560 ὀφθαλμῶν
2909 1488 3155 1560 ἐνεργείᾳ
3197 1487 3380 1559 ζητεῖν
3408 1488 3746 1560 ἐπειρώμην.

2171 1581 2321 1652 Ἅμα
2347 1580 2475 1650 γοῦν
2504 1585 2571 1652 τῇ
2613 1583 2822 1653 μεγάλῃ
2867 1583 2991 1653 νίκῃ
3019 1582 3132 1650 (89)
3160 1584 3255 1635 καὶ
3282 1585 3348 1653 τῇ
3378 1581 3484 1636 τῶν
3538 1580 3748 1654 ἐχθρῶν

2167 1673 2686 1746 ἀληθείθριαμϐείᾳ,
2711 1674 2956 1728 τουτέστι
2979 1675 3192 1747 πρῶτον
3214 1675 3436 1746 εἱλόμην
3460 1676 3569 1745 (90)
3593 1678 3748 1747 ἐρευ-

2167 1767 2284 1835 νᾷν,
2317 1765 2347 1818 δ
2371 1765 2434 1836 δὴ
2457 1765 2672 1837 πρῶτόν
2705 1784 2794 1838 μοι
2819 1767 2913 1820 καὶ
2936 1766 3261 1838 τιμιώτατον
3295 1768 3552 1821 ἁπάντων
3571 1767 3746 1839 ὑπάρ-

2099 1861 2137 1914 Β
2167 1871 2282 1923 χειν
2307 1855 2572 1926 ἡγούμην.
2625 1875 2642 1907 ι

2686 1946 3080 1998 ΚΕΦΑΛΑῘΟΝ
3107 1946 3230 1998 ΞΗ’.

2172 2037 2298 2090 Ὅτι
2327 2036 2617 2105 λυπηθεὶς
2659 2037 2755 2090 διὰ
2801 2037 2915 2104 τὴν
2959 2037 3200 2102 στάσιν,
3238 2034 3308 2090 τὰ
3345 2035 3478 2103 περὶ
3505 2033 3746 2104 εζρήνης

2742 2109 3162 2176 συμϐουλεύει.

2242 2214 2260 2247 ι
2283 2194 2442 2260 Ἀλλ’,
2473 2189 2517 2248 ὦ
2555 2194 2810 2266 καλλίστη
2845 2197 2937 2249 καὶ
2959 2195 3077 2248 θεία
3113 2192 3356 2266 πρόνοιαῐ
3381 2187 3491 2246 οἷόν
3521 2209 3620 2264 μου
3649 2191 3746 2262 τῆς

2165 2288 2350 2359 ἀκοῆς,
2392 2287 2588 2359 μᾶλλον
2637 2287 2694 2340 δὲ
2724 2288 2824 2359 τῆς
2881 2286 3108 2357 καρδίας
3155 2287 3327 2356 αὐτῆς
3382 2285 3492 2356 (91)
3526 2284 3744 2356 τραῦμα

2165 2381 2376 2452 καίριον
2405 2379 2600 2451 ἥψατο,
2627 2379 2806 2450 πολλῷ
2836 2377 3220 2450 χαλεπωτέραν
3264 2377 3372 2430 τῶν
3416 2379 3534 2430 ἐκεῖ
3572 2393 3741 2429 κατα-

2164 2470 2485 2540 λειφθέντων
2513 2471 2621 2541 (92)
2650 2471 2747 2542 τὴν
2799 2473 2856 2523 ἐν
2889 2472 3018 2541 ὑμῖν
3067 2468 3353 2541 γινομένην
3401 2468 3743 2540 διχοστασίαν

2167 2565 2446 2634 σημαῖνονο
2479 2563 2553 2626 ὡς
2591 2563 2832 2626 πλείονος
2860 2563 2960 2633 ἤδη
2993 2562 3061 2614 τά
3086 2563 3206 2615 καθ’
3241 2563 3386 2632 ὑμᾶς
3413 2562 3551 2632 μέρη
3578 2561 3742 2632 θερα-

2163 2653 2321 2716 πείας
2345 2653 2582 2717 δέεσθαι,
2622 2653 2754 2724 παρ’
2780 2646 2854 2704 ὧν
2894 2656 3000 2716 τοῖς
3033 2652 3214 2716 ἄλλοις
3246 2652 3346 2723 τὴν
3393 2652 3535 2704 ίασιν
3562 2650 3738 2723 ὑπάρ-

2163 2744 2272 2811 ξειν
2297 2744 2518 2815 ἤλπισα.
2574 2743 3004 2814 Διαλογιζομένῳ
3051 2743 3114 2815 δή
3159 2761 3248 2814 μοι
3287 2743 3383 2814 τὴν
3416 2743 3590 2815 ἀρχὴν
3647 2744 3739 2797 καὶ

2161 2834 2257 2907 τὴν
2282 2835 2536 2888 ὑπόθεσιν
2567 2836 2790 2898 τούτων,
2815 2835 2954 2904 ἄγαν
2986 2835 3207 2906 εὐτελὴς
3235 2837 3329 2889 καὶ
3351 2835 3599 2905 οὐδαμῶς
3615 2835 3738 2903 ἀξία

2159 2928 2259 2998 τῆς
2285 2927 2549 2998 τοσαύτης
2590 2925 2919 2996 φιλονεικίας
2950 2927 2983 2997 ἡ
3023 2927 3294 2997 πρόφασις
3315 2926 3592 2998 ἐφωράθη.
3625 2928 3737 2980 Διό-

2161 3038 2266 3092 περ
2292 3023 2384 3076 ἐπὶ
2409 3021 2506 3092 τὴν
2531 3022 2630 3092 τῆς
2653 3020 2937 3089 ἐπιστολῆς
2958 3019 3158 3089 ταύτης
3174 3015 3419 3088 ἀνάγκην
3445 3019 3736 3089 ἐπειχθεὶς,

2160 3115 2254 3168 καὶ
2281 3114 2415 3186 πρὸς
2447 3112 2828 3184 τὴνὸμόψυχον
2858 3111 3012 3183 ὑμῶν
3037 3111 3316 3177 ἀγχίνοιαν
3350 3109 3461 3181 (95)
3489 3110 3736 3182 γράφων,

481 3285 635 3356 gravi
669 3300 874 3341 errore.
909 3287 1003 3341 Est
1035 3287 1199 3356 igitur
1243 3286 1333 3342 hic
1366 3287 1525 3354 hujus
1551 3285 1652 3342 loci
1695 3302 1929 3342 sensus:
1953 3287 2059 3342 (ιο-
2086 3295 2127 3354 c
2163 3288 2292 3341 lium
2328 3286 2870 3356 Adriauopolitanum
2913 3296 2965 3340 et
3001 3284 3466 3356 Chalcedonense,
3497 3299 3729 3356 quorum

480 3355 740 3422 gitabam,
774 3357 951 3426 inquit
977 3355 1384 3423 ConStantiuns,
1408 3356 1620 3412 devicto
1650 3356 2046 3427 Licinio,quos-

481 3430 605 3496 dam
660 3440 726 3479 ex
782 3429 936 3482 vobis
987 3427 1344 3481 orientalibus
1394 3427 1660 3496 episcopis
1710 3428 1928 3482 mittere
2001 3429 2052 3481 in

481 3494 742 3561 Africam,
776 3496 843 3550 ad
881 3511 1066 3564 pacem
1098 3496 1209 3549 illic
1243 3496 1384 3548 inter
1419 3494 1733 3551 Douaiistas
1759 3505 1810 3552 et
1847 3497 2053 3551 Catho—

436 3626 449 3644 ,
482 3567 615 3620 licos
649 3567 1098 3644 componendam:
1125 3565 1258 3619 Cum
1290 3565 1434 3618 enim
1465 3574 1519 3620 et
1554 3567 1724 3644 Italiae
1763 3575 1818 3620 et
1844 3565 2050 3644 Gallia-

480 3649 599 3687 rum
629 3634 870 3703 episcopi
905 3636 958 3688 id
1006 3633 1221 3704 eﬂicere
1259 3649 1362 3689 non
1401 3637 1694 3704 potuerint,
1730 3644 1910 3690 vestra
1955 3637 2049 3689 de-

482 3719 630 3758 mum
680 3718 842 3772 opera
891 3705 944 3757 id
995 3703 1294 3774 perfectum
1351 3703 1416 3758 iri
1469 3705 1775 3773 sperabam.
1821 3705 1950 3774 Sed,
1997 3715 2056 3758 ut

481 3774 662 3843 video,
695 3789 792 3826 vos
825 3775 923 3842 ipsi
960 3773 1402 3843 pacilicatoribus
1435 3776 1628 3843 egetis.

554 3841 888 3914 (87)_Vulg.,
925 3841 1414 3914 hxoorequlhjte.
1435 3841 1627 3914 scribo
1661 3844 2048 3914 ἀποστείλαιμι

481 3911 606 3966 cum
648 3911 890 3966 'Crutero
928 3925 982 3965 et
1031 3913 1210 3966 Μοιιεὶ
1261 3912 1421 3974 libro,
1463 3913 1660 3980 quibus
1697 3911 2046 3968 consentiunt

479 3982 644 4035 codd.
692 3981 910 4036 Fuketii
935 3991 988 4034 et
1015 3983 1199 4035 Savilii
1232 3991 1286 4035 et
1319 3981 1496 4049 ltegize
1523 3983 1752 4036 scliedte.

549 4051 661 4121 (88)
705 4052 882 4121 Vulg.,
941 4049 1116 4120 Ἠμᾶς
1138 4049 1338 4116 ὥσπερ
1368 4051 1532 4116 τινὰς
1556 4052 1878 4120 ἀρχηγοὺς.
1913 4052 2044 4106 Pro-

479 4122 566 4174 cul
594 4121 759 4176 dubio
793 4121 1133 4175 scribendum
1177 4131 1259 4174 est
1285 4121 1450 4189 bodi;
1486 4132 1542 4174 ut
1585 4123 1637 4174 in
1672 4121 1849 4176 Morzei
1895 4121 2039 4177 libro

479 4193 544 4242 ad
605 4192 903 4260 marginem
971 4186 1476 4260 emendiatur.'iNec
1527 4190 1678 4243 aliter
1745 4191 1940 4260 legitur
1987 4193 2037 4244 in

476 4260 636 4315 codd.
668 4259 803 4315 Fuk.
833 4259 1119 4330 etisavilii.
1150 4259 1317 4330 Porro
1345 4259 1730 4313 Constantinus
1760 4259 2038 4330 Egyptios

477 4333 682 4384 diserte
708 4331 848 4384 inter
873 4329 1114 4384 Orientis
1160 4329 1386 4398 populos
1420 4339 1726 4393 enumerat,
1756 4329 1898 4398 quod
1931 4346 2034 4382 non

477 4400 610 4479 vidit
644 4396 1191 4479 Christophorsonus.
1231 4396 1505 4479 Egyptus
1537 4409 1704 4479 certe_
1729 4396 1856 4453 tunc
1893 4409 2033 4479 tem-

2164 3358 2296 3411 illud
2342 3353 2797 3424 contigit—quinto
2838 3355 3018 3409 Nonas
3064 3355 3265 3414 Julias,
3313 3353 3416 3411 hoc
3454 3353 3706 3424 've'roxrv

2164 3374 2296 3411 mnu
2342 3374 2484 3412 001111
2529 3374 2569 3410 ιι
2608 3374 2797 3424 (11111110
2838 3374 3018 3409 ΠΟΠἍΒ
3064 3374 3265 3414 JlIIIBS,
3316 3374 3416 3411 HOC
3462 3374 3586 3406 νειό
3617 3374 3706 3409 XIV

2162 3428 2435 3482 Kalendas
2485 3374 2751 3482 gctobres
2800 3441 2945 3479 anno
2995 3423 3198 3479 Christi
3241 3423 3366 3476 524.
3416 3424 3526 3477 Sub
3567 3423 3727 3478 linem

2159 3507 2342 3552 autem
2374 3496 2532 3564 hujus
2565 3496 2691 3548 anui
2731 3496 2854 3564 data
2887 3509 3005 3548 esse
3035 3496 3249 3548 videtur
3269 3494 3396 3564 haec
3423 3493 3670 3564 epistola.

2231 3567 2357 3638 (91))Δ
2389 3562 2669 3638 Τόιέτέστι
2699 3563 2937 3638 πρῶτον
2964 3564 3234 3638 εἱλόμην.
3268 3562 3726 3638 Legendumputo

2156 3633 2300 3690 τοῦτ’
2328 3633 2435 3690 ἔτι..
2470 3635 2722 3689 Fortasse
2744 3633 2914 3689 etiam
2946 3633 3382 3704 προειλόμηνήά
3433 3640 3538 3696 est,
3570 3634 3730 3704 disci-

2157 3709 2302 3760 dium
2337 3706 2462 3758 illud
2503 3705 2903 3759 Donatistarum
2945 3703 3135 3756 rursus
3176 3703 3460 3772 inquirere
3495 3717 3558 3772 ac
3585 3703 3726 3770 diju-

2156 3777 2340 3829 dicare
2367 3777 2730 3828 decreveram.
2758 3774 2812 3827 In
2842 3773 3046 3841 optimo
3077 3771 3286 3827 Fuketii
3317 3771 3504 3826 codice
3531 3771 3726 3841 legitur

2154 3846 2208 3898 τί
2241 3845 2358 3897 ποτ’
2395 3844 2511 3897 ἐστὶ
2537 3842 2775 3915 πρῶτον,
2807 3847 2913 3896 etc.
2946 3852 3110 3915 atque
3136 3843 3210 3896 ita
3242 3843 3304 3915 in_
3326 3841 3468 3915 libro
3490 3841 3725 3915 Turnehi
3802 3845 3804 3847 ’

2155 3925 2210 3969 et
2255 3916 2435 3968 Mortei
2464 3917 2530 3967 ad
2566 3911 2865 3983 marginem
2899 3912 3239 3983 emendatur.
3270 3911 3503 3983 Omnino
3531 3913 3714 3966 viden-

2157 3994 2247 4037 tur
2278 3985 2367 4038 hic
2397 3984 2586 4037 deesse
2631 3981 2912 4036 nonnulla.
2951 3981 3157 4035 Sensus
3198 3991 3378 4035 tamen
3416 3981 3460 4034 is
3505 3996 3726 4049 prorsus

2154 4063 2256 4119 est,
2286 4067 2444 4122 quem
2479 4053 2625 4122 dixi.
2651 4053 2818 4122 Porro
2848 4050 3048 4104 collata
3086 4051 3247 4122 simul
3287 4051 3524 4122 omnium
3561 4053 3723 4122 cedis

2149 4138 2273 4176 cum
2302 4119 2562 4183 lectione,
2617 4121 2764 4176 locus
2800 4121 2872 4175 ita
2920 4121 3200 4175 sanandus
3255 4119 3570 4175 videturnt
3603 4121 3724 4173 ποτ’

2145 4192 2262 4244 ἐστὶ
2285 4191 2443 4244 τοῦτο
2470 4207 2567 4262 πρ.

2211 4263 2326 4330 (91)
2366 4256 2548 4330 νυιεξ.
2582 4259 2667 4329 Τῇ
2723 4257 3198 4330 καρδίᾳίαὼρῆς.
3236 4256 3368 4326 Quis
3420 4272 3524 4311 non
3551 4259 3722 4330 ividet

2139 4329 2493 4384 scribendum
2535 4344 2655 4384 esse
2686 4331 2786 4400 τῆς
2838 4329 3115 4400 καρδίαςῖ
3151 4329 3594 4400 Nec_damnanda
3639 4339 3724 4400 est

2137 4401 2616 4471 Cliristophorsoni
2654 4397 2989 4468 conjectura,
3018 4401 3108 4467 qui
3134 4398 3360 4471 τραῦμα
3389 4397 3622 4471 καίριον
3647 4399 3722 4471 le-

477 4470 622 4549 poris
677 4470 836 4549 in_ter_
862 4468 1102 4549 orientis
1157 4468 1480 4549 provincias
1522 4470 1869 4549 censebatur,
1891 4469 2032 4549 .jam
2067 4491 2111 4549 υ
2137 4471 2233 4549 git:
2267 4470 2360 4549 Sic
2388 4468 3319 4549 enimup_lane_‘5criptum_exhibeut
3366 4468 3558 4536 optimi
3591 4468 3715 4523 libri

475 4539 604 4593 inde
635 4552 666 4591 a
698 4539 976 4593 Maximini
1014 4539 1364 4606 temporibus,
1393 4537 1703 4605 qui,Caesar
1727 4541 1778 4592 in
1813 4539 2033 4593 Oriente
2067 4537 2105 4549 “’
2139 4539 2384 4602 Fuketii,
2419 4537 2604 4591 Savilii
2633 4550 2687 4592 et
2722 4539 2856 4606 Reg.
2884 4540 3116 4592 scliedte.

474 4607 1130 4679 constitutusﬁiflgyptum
1175 4609 1384 4679 sub__se
1436 4607 1716 4679 habuerat.
1769 4607 1906 4679 llich
1954 4617 2037 4662 est

475 4677 618 4743 quod
643 4676 822 4732 Amm.
855 4676 1192 4744 Marcellinus
1215 4677 1268 4730 in
1297 4676 1436 4730 libro
1469 4691 1581 4739 xw,
1617 4677 1705 4729 ubi
1733 4678 2035 4744 provincias

471 4748 713 4803 Orientis
764 4751 1062 4808 recenset,
1109 4743 1414 4818 ﬁlgyptum
1478 4762 1542 4800 ac
1605 4743 2048 4818 MesOpotamiam

469 4833 538 4870 ex
586 4831 776 4871 earum
803 4826 1056 4879 [numero
1103 4813 1278 4868 fuisse
1322 4823 1572 4870 testatur.
1627 4813 1806 4874 Locus
1862 4829 1946 4874 est
1993 4822 2047 4875 in

472 4901 599 4954 pag.
636 4885 701 4939 i9
728 4884 985 4957 editionis
1014 4893 1234 4957 nostra.
1267 4882 1380 4957 Sed
1400 4900 1584 4941 comes
1613 4886 1850 4943 Orientis
1873 4889 2050 4957 Egy-

473 4951 714 5021 ptuntac
742 4951 1178 5021 Mesopotamiam
1214 4955 1314 5006 sub
1353 4956 1706 5021 disposittone
1737 4967 1833 5006 sua
1871 4951 2034 5010 liabe-

475 5016 571 5070 bat
599 5016 942 5090 Constantini
995 5029 1052 5073 et
1097 5021 1404 5075 Constantii
1441 5016 1799 5090 temporibus,
1839 5032 1898 5076 nt
1933 5025 2028 5078 do-

476 5099 564 5140 cet
590 5098 744 5142 vetus
784 5089 897 5142 hzec
943 5089 1221 5158 inscriptio
1252 5105 1266 5142 :
1299 5104 1356 5144 it.
1400 5089 1594 5144 MARCIO
1633 5105 1841 5146 uento
1875 5108 2034 5146 FURIO

473 5172 736 5214 ΒΑιευιιιο
765 5173 1078 5214 οεειιιλιιο.
1113 5173 1355 5213 Ριλειυο.
1396 5176 1445 5214 C.
1483 5176 1534 5212 V.
1569 5175 1753 5215 COIITI
1783 5176 2033 5217 ORIENTIS

473 5241 682 5283 EGYP'I'I
729 5243 801 5282 ΕΤ
838 5243 1244 5283 ιεεονοτΑΙιΑ-ξ.
1284 5244 1501 5285 CONSULI
1559 5245 1874 5295 οιιυιΝΑιιιο,
1923 5241 2028 5286 etc.

471 5299 616 5368 Quin
655 5301 822 5353 etiam
867 5301 968 5352 sub
1004 5301 1394 5366 posterioribus
1439 5301 1874 5368 imperatoribus,
1908 5301 2033 5356 licet

469 5367 795 5438 Aiayptiaca
845 5369 1096 5422 diceeesis
1141 5371 1211 5422 ab
1262 5367 1527 5423 Orientali
1574 5371 1816 5436 sejuncta
1865 5380 2028 5436 esset,

468 5454 683 5508 semper
718 5448 895 5492 tamen
925 5442 1024 5508 sub
1061 5439 1316 5508 praefecto
1352 5441 1588 5507 praetorii
1632 5454 1724 5508 per
1755 5438 2029 5494 Orientem

469 5507 599 5578 luit,
623 5517 680 5562 ut
709 5523 778 5562 ex
811 5507 1022 5576 imperii
1054 5507 1252 5560 Notitia
1284 5517 1515 5562 constat.
1552 5507 1718 5564 Paulo
1743 5519 1856 5578 post
1889 5511 2029 5564 scri-

466 5577 700 5647 bendum
741 5579 949 5632 videtur
983 5579 1164 5647 ζητεῖν
1195 5578 1517 5647 ἠπειγόμην.

537 5646 652 5717 (89)
696 5648 841 5717 Ἅμα
866 5645 1116 5716 γοῦντῇ
1149 5645 1580 5716 pertundite".
1624 5646 1736 5701 Hoc
1775 5657 1858 5702 est
1885 5648 2026 5715 quod

465 5717 611 5789 dixit
647 5721 910 5789 superiori
949 5720 1164 5789 capite,
1196 5717 1286 5769 τὸν
1336 5717 1512 5789 κοινὸν
1556 5718 1655 5787 τῆς
1701 5719 2026 5789 οἰκουμένης

465 5785 656 5856 ἐχθρὸν
697 5786 912 5851 ἐξελών.
947 5785 1192 5858 Intelltgit
1247 5798 1424 5845 autent
1453 5785 2022 5859 Constantinusprae-

2207 4609 2322 4677 (92)
2365 4608 2486 4661 Τῶν
2513 4607 2644 4661 ἐκεῖ
2688 4605 3226 4675 καταλειφθέντων.
3278 4605 3420 4660 Nihil
3455 4607 3544 4662 hic
3580 4607 3717 4663 vidit

2136 4678 2696 4744 Christophorsonus,
2746 4678 2836 4744 qui
2907 4693 3014 4731 non
3068 4677 3459 4731 animadvertit
3528 4691 3716 4733 vocem

2137 4748 2275 4802 hanc
2312 4749 2429 4800 ἐκεῖ
2461 4748 2800 4801 referendam
2847 4761 2969 4801 esse
3002 4747 3070 4800 ad
3118 4747 3357 4800 schisma
3409 4745 3720 4802 Donatista-

2137 4832 2288 4884 rum,
2320 4819 2388 4872 de
2431 4831 2538 4885 quo
2590 4831 2752 4886 supra
2787 4816 3004 4870 locutus
3036 4826 3118 4869 est
3170 4815 3584 4886 Constantinus.
3623 4821 3714 4871 Ait

2135 4887 2299 4955 igitur
2334 4887 2628 4956 imperator
2656 4885 2758 4940 hoc
2783 4887 3018 4940 schisuia
3054 4885 3288 4956 maxima
3313 4885 3425 4954 jam
3456 4900 3522 4940 ex
3559 4898 3715 4954 parte

2135 4957 2384 5008 sedatum
2413 4955 2568 5019 esse,
2602 4971 2669 5009 ac
2704 4956 2850 5011 leves
2883 4957 3149 5010 duntaxat
3194 4955 3314 5024 ejus
3351 4955 3612 5025 reliquias
3657 4958 3712 5011 in

2133 5025 2321 5079 Africa
2354 5026 2702 5080 remansisse.

2205 5094 2322 5164 (95)
2381 5094 2537 5162 Πρὸς
2598 5094 2712 5162 τὴν
2771 5091 3309 5164 όμόψυχονγύμῶν
3373 5095 3708 5164 ἀγχίνοιαν.

2137 5163 2334 5217 Vocem
2387 5164 2658 5234 ὁμόψυχον
2707 5163 2960 5219 consulto
3014 5163 3201 5218 omisit
3252 5163 3706 5234 Christophorso-

2135 5249 2256 5293 nus,
2285 5235 2410 5287 cbm
2441 5235 2801 5288 Alexandrum
2831 5244 2886 5289 et
2912 5234 3102 5286 Arium
3135 5235 3434 5288 concordes
3461 5235 3571 5288 dici
3603 5252 3708 5289 non

2134 5318 2291 5370 posse
2322 5305 2691 5365 exiStimaret,
2727 5306 2929 5372 quippe
2955 5304 3048 5372 qui
3087 5304 3153 5358 de
3183 5303 3350 5358 tantis
3380 5307 3544 5358 rebus
3572 5305 3716 5360 inter

2132 5387 2192 5425 se
2240 5374 2609 5428 dissentirent.
2650 5374 2851 5428 Verum
2917 5373 3311 5428 Constantinus
3355 5387 3451 5428 eos
3509 5373 3714 5428 nihilo-

2132 5442 2310 5497 minus
2341 5444 2624 5497 unanimes
2664 5453 2855 5506 vocat,
2900 5459 3022 5497 cum
3054 5443 3121 5496 de
3155 5453 3385 5511 utroque
3419 5445 3557 5498 bene
3589 5460 3717 5499 sen-

2133 5512 2286 5576 tiret,
2328 5528 2530 5580 eosque
2565 5513 2744 5567 verbis
2779 5514 2956 5581 potius
3002 5527 3163 5579 quam
3216 5513 3390 5580 reipsa
3427 5523 3484 5567 et
3529 5519 3712 5570 animo

2130 5581 2394 5636 dissidere
2423 5583 2687 5637 crederet.
2724 5581 2833 5636 Vox
2865 5594 3044 5637 autem
3073 5581 3324 5651 ἀγχίνοια
3358 5598 3548 5650 parum
3578 5599 3707 5638 con-

2131 5652 2318 5722 venire
2373 5652 2586 5705 videtur
2631 5652 2986 5722 antistitibus.
3047 5652 3288 5706 Utuntur
3338 5653 3559 5722 quidem
3603 5654 3710 5708 hac

2129 5734 2263 5793 voce
2294 5721 2649 5793 imperatores
2695 5723 2748 5774 iu
2803 5721 2998 5775 litteris
3035 5723 3147 5775 suis
3192 5727 3258 5793 ad
3300 5721 3540 5777 rectores
3579 5739 3709 5793 pro-

2130 5791 2449 5846 vinciarum.
2495 5791 2600 5846 Sed
2632 5807 2754 5846 cum
2805 5793 3121 5854 sacerdotes
3161 5791 3535 5862 altoquuntur,
3581 5791 3712 5848 sau-
