4186 6392
411 379 543 436 to.“

1507 369 1591 425 DE
1632 369 1791 424 VITA
1827 362 2288 424 CONSTANTINI
2328 363 2454 418 LIB.
2496 361 2559 416 ﬂ.

3514 354 3655 412 ιοιιι

411 501 510 568 τήν
535 511 594 546 τε
625 492 776 548 θείαν
803 490 1059 563 πρόνοιαν
1085 489 1322 550 καλέσας
1341 484 1554 558 ἀρωγὸν
1571 484 1649 555 τῷ
1674 485 1977 568 πράγματι,

2086 481 2353 544 redactus,
2406 477 2533 534 etad
2560 475 2885 532 concordem
2905 481 3192 543 utriusque
3220 482 3458 528 vesnum
3487 469 3656 525 soler-

413 567 575 657 μέσον
596 585 693 656 τῆς
720 584 856 656 πρὸς
885 582 1148 653 ἀλλήλους
1179 581 1208 634 ύ
1217 578 1331 650 μῶν
1363 576 1846 648 ἀμφισϐητήσεως,
1871 567 1983 626 οἷον

407 679 628 748 εἰρήνης
661 674 924 747 πρύτανιν
961 672 1199 744 ἐμαυτὸν
1233 669 1494 741 προσάγω
1524 667 1766 728 εἰκότως.
1807 665 1984 734 Ὅπερ

407 769 516 839 γὰρ
544 768 608 837 δὴ
640 766 1027 839 συναιρομένου
1070 763 1164 818 τοῦ
1201 763 1528 834 κρείττονος,
1571 759 1665 812 καὶ
1700 760 1750 811 εἰ
1786 753 1984 826 μείζων

408 855 474 932 ἦν
496 877 580 924 τις
607 859 830 932 ἀφορμὴ
879 858 1166 928 διχονοίας,
1195 857 1256 908 ού
1299 853 1550 926 χαλεπῶς
1581 851 1646 904 ἂν
1689 849 1979 920 ἠδυνήθην,

406 953 581 1016 ὁσίαις
603 953 709 1005 τῶν
737 950 1041 1005 ἀκουόντων
1068 947 1312 1018 γνώμαις
1343 945 1657 1016 ἐγχειρίζων
1685 942 1774 996 τὸν
1805 941 1980 1009 λόγον,

407 1049 486 1109 είς
503 1046 564 1098 τὸ
589 1042 1001 1116 χρησιμώτερον
1027 1041 1256 1094 ἕκαστον
1296 1035 1631 1108 μεταστῆσαι
1660 1033 1791 1106 (94),
1825 1031 1982 1085 τοῦτο

411 1137 610 1206 μικρᾶς
662 1135 756 1187 καὶ
783 1133 903 1185 λίαν
945 1129 1196 1191 εὐτελοῦς
1233 1127 1487 1198 ἀφορμῆς
1543 1123 1913 1198 ὑπαρχούσης,
1945 1122 1980 1193 ἢ

407 1227 542 1297 πρὸς
558 1225 617 1279 τὸ
635 1225 753 1278 ὅλον
773 1221 1022 1294 ἐμποδὼν
1048 1221 1286 1283 ἵσταται,
1322 1219 1440 1282 πῶς
1458 1218 1559 1271 οὑκ
1591 1213 1981 1288 εὐχερεστέραν

404 1318 498 1370 καὶ
523 1315 702 1387 πολλῷ
733 1313 1066 1387 ρᾳδιωτέραν
1097 1329 1185 1382 μοι
1211 1310 1304 1364 τοῦ
1335 1309 1660 1381 πράγματος
1687 1306 1784 1378 τὴν
1814 1308 1980 1359 ἐπαν-

404 1406 636 1478 όρθωσιν
668 1402 1024 1476 μνηστεύσεις
1057 1419 1075 1453 ι

925 1578 1319 1632 ΚΕΦΑΛΑῙΟΝ
1349 1574 1465 1630 ΞΘ’.

404 1671 645 1740 Πόθενξή
682 1669 1070 1738 Ἀλεξάνδρου
1092 1668 1192 1740 καὶ
1226 1670 1466 1740 Ἀρείου
1477 1665 1718 1740 ζήτησις
1735 1665 1977 1734 ἤρξατο,

645 1743 742 1795 καὶ
770 1741 858 1794 ὅτι
881 1736 968 1810 μή
1002 1737 1194 1808 ἐχρῆν
1223 1737 1500 1806 συζητεῖν
1530 1736 1736 1790 ταῦτα.

2089 574 2216 625 tiam
2245 571 2516 635 scribens,
2551 567 2806 621 invocato
2837 565 2903 620 ad
2934 565 3036 619 hoc
3068 579 3204 634 opus
3233 562 3435 617 auxilio
3461 561 3657 615 divinte

2085 662 2471 728 Providentiae,
2504 659 2768 714 arbitrum
2807 671 2895 711 me
2930 656 3289 711 dissensionis
3326 663 3525 708 vestrae
3548 692 3564 716 ,
3597 659 3656 707 et

2085 755 2243 826 quasi
2269 753 2420 822 pacis
2454 751 2855 805 moderatorem
2900 749 3096 802 merito
3132 747 3440 817 interpono.
3520 744 3656 799 Nam

2087 843 2421 914 qui,etiamsi
2447 842 2666 911 gravior
2693 841 2938 895 subesset
2959 854 3121 895 causa
3145 838 3448 902 discordize,
3471 845 3649 889 tamen

2086 939 2195 992 Deo
2224 936 2470 1006 juvante,
2518 933 2622 1002 piis
2672 931 3004 984 audientium
3058 931 3332 985 mentibus
3382 927 3651 982 rationem

2085 1028 2391 1090 insinuans,
2421 1024 2564 1078 haud
2615 1021 2830 1076 difﬁcile
2863 1036 3080 1092 possem
3113 1020 3353 1092 singulos
3392 1019 3460 1074 ad
3505 1018 3654 1074 salu-

2086 1121 2264 1176 briora
2321 1117 2553 1174 consilia
2615 1128 2910 1180 revocare;
2943 1113 3245 1177 idem,cum
3287 1111 3424 1166 levis
3467 1111 3656 1165 admo-

2084 1219 2208 1271 dum
2243 1223 2292 1270 et
2317 1215 2514 1284 exigua
2558 1226 2704 1266 nunc
2740 1225 2905 1264 causa
2935 1210 3027 1273 sit,
3058 1223 3178 1278 quae
3216 1207 3378 1263 totius
3407 1207 3655 1278 corporis

2083 1305 2426 1364 consensioni
2467 1303 2672 1368 obstat,
2730 1316 2830 1356 cur
2879 1315 2983 1353 non
3035 1298 3204 1352 multo
3256 1297 3554 1353 faciliorem
3601 1302 3657 1351 et

2083 1396 2479 1466 expeditiorem
2541 1392 2703 1460 hujus
2757 1390 2837 1446 rei
2897 1388 3295 1447 correctionem
3359 1387 3489 1442 mihi
3543 1386 3657 1456 ipse

2085 1487 2456 1559 spondeam?»

2645 1569 2873 1626 CAPUT
2915 1569 3102 1625 LXIX.

2086 1666 2234 1722 Unde
2267 1677 2393 1722 nata
2440 1667 2508 1720 sit
2555 1665 2910 1719 controversia
2949 1665 3088 1716 inter
3126 1662 3310 1714 Arium
3342 1671 3389 1714 et
3428 1660 3660 1716 Alexan-

2233 1739 2411 1803 drum,
2439 1747 2488 1790 et
2515 1736 2654 1806 quod
2677 1737 2806 1787 (alia
2841 1750 2945 1787 non
2975 1742 3123 1786 erant
3148 1733 3511 1802 disquirenda.

478 1855 498 1888 ι
531 1834 800 1890 Μανθάνω
835 1834 1014 1886 τοίνυν
1060 1831 1268 1886 ἐκεῖθεν
1297 1829 1535 1901 ύπῆρξαι
1580 1828 1674 1883 τοῦ
1722 1829 1977 1900 παρόντος

2162 1847 2181 1881 ι
2210 1828 2378 1883 Porro
2396 1827 2676 1896 praesentis
2689 1823 3077 1879 controversiae
3109 1823 3320 1876 initium
3339 1823 3463 1876 hinc
3487 1821 3658 1875 exsti-

403 1928 710 1999 ζητήματος
736 1926 836 1997 τὴν
864 1923 1187 1994 καταϐολήν.
1227 1924 1356 1976 Ὅτε
1387 1922 1496 1994 γάρ
1542 1923 1629 1987 σὺ,
1655 1915 1700 1974 ὧ
1735 1919 1982 1984 Ἀλέξαν-

399 2020 514 2089 δρε,
546 2017 697 2088 παρά
731 2017 840 2070 τῶν
867 2016 1252 2090 πρεσϐυτέρων
1291 2015 1522 2085 ἐζήτεις,
1557 2013 1608 2066 τί
1659 2013 1857 2085 δήποτε
1888 2013 1986 2066 αὑ-

398 2107 508 2160 τῶν
527 2107 756 2170 ἕκαστος
779 2105 891 2177 (95)
921 2106 1062 2178 ὑπέρ
1104 2122 1248 2168 τινος
1273 2104 1440 2157 τόπου
1481 2103 1588 2158 τῶν
1634 2105 1691 2156 ὲν
1729 2102 1807 2173 τῷ
1835 2101 1985 2173 νόμῳ

398 2198 816 2270 γεγραμμένων,
839 2197 1035 2267 μᾶλλον
1060 2197 1102 2248 δ’
1123 2196 1262 2266 ὑπὲρ
1291 2196 1518 2266 ματαίου
1546 2193 1687 2256 τινὸς
1708 2193 1984 2265 ζητήσεως

405 2290 601 2360 μέρους
646 2289 966 2351 ὲπυνθάνου,
1004 2287 1074 2340 σύ¹
1115 2304 1196 2350 τε,
1245 2281 1290 2339 ὦ
1322 2288 1528 2358 Ἀρειε,
1585 2285 1728 2339 τοῦθ’
1771 2286 1906 2358 ὅπερ
1948 2287 1982 2358 ἢ

407 2385 542 2450 μήτε
564 2381 662 2452 τὴν
709 2381 883 2452 ἀρχὴν
921 2378 1311 2449 ἐνθυμηθῆναι,
1337 2379 1370 2448 ἢ
1411 2377 1780 2448 ἐνθυμηθέντα
1805 2380 1982 2449 σιωπῇ

405 2470 737 2540 παραδοῦναι
764 2469 1036 2540 προσῆκον
1053 2465 1139 2540 ἦν,
1163 2468 1488 2540 ἀπροόπτως
1517 2468 1828 2531 ὲντέθεικας
1847 2467 1989 2538 (96),

402 2557 521 2613 ὅθεν
543 2559 639 2628 τῆς
665 2559 720 2610 ἐν
756 2559 884 2628 ὑμῖν
906 2557 1168 2627 διχονοίας
1196 2557 1304 2626 (97)
1333 2555 1719 2627 ἐγερθείσης,ή
1746 2555 1844 2626 μὲν
1861 2555 1985 2609 σύν-

400 2651 519 2714 οδος
547 2650 756 2722 ἠρνήθη
774 2650 907 2722 (98),
925 2651 1024 2705 ὁδὲ
1056 2650 1358 2720 άγιῶτατος
1385 2651 1510 2714 λαὸς
1535 2651 1615 2714 εἰς
1639 2650 1984 2721 ἀμφοτέρους

401 2741 661 2810 σχισθεὶς,
692 2745 756 2794 ὲκ
795 2743 893 2813 τῆς
925 2742 1020 2796 τοῦ
1053 2742 1234 2796 κοινοῦ
1277 2742 1524 2814 σώματος
1555 2742 1822 2814 ἁρμονίας
1848 2745 1984 2814 ἐχω-

403 2832 580 2906 ρίσθη.
608 2833 813 2886 Οὐκοῦν
839 2833 1098 2904 ἑκάτερος
1143 2833 1297 2903 ὑμῶν
1322 2834 1500 2900 agam
1529 2835 1627 2907 τὴν
1654 2833 1982 2907 συγγνώμην

400 2920 696 2993 παρασχὼν
740 2921 872 2992 (99),
916 2924 1053 2995 ὅπερ
1091 2922 1157 2976 ἂν
1208 2923 1336 2994 ὑμῖν
1369 2927 1398 2977 ό
1431 2922 1785 2995 συνθεράπων
1829 2921 1983 2994 ὑμῶν

397 3012 621 3075 δικαίως
663 3017 939 3084 παραινεῖ,
987 3013 1257 3078 δεξάσθω.
1290 3015 1355 3068 Ἰί
1378 3014 1434 3069 δὲ
1455 3013 1824 3081 τοῦτό’ὲστιν;
1859 3013 1983 3067 οὔτε

2090 1921 2220 1976 tisse
2242 1919 2538 1990 comperio.
2583 1918 2717 1971 Cum
2751 1915 2896 1970 enim
2937 1913 3403 1978 tu,Alexander,a
3437 1912 3662 1982 presby-

2088 2015 2222 2070 teris
2249 2013 2356 2068 tuis
2390 2010 2719 2081 requireres,
2751 2009 2879 2078 quid
2915 2009 3147 2078 quisque
3188 2021 3376 2061 eorum
3419 2007 3486 2061 de
3523 2020 3662 2076 quo-

2087 2107 2208 2160 dam
2241 2104 2374 2174 legis
2403 2102 2522 2156 loco
2555 2101 2804 2165 sentiret,
2835 2115 2927 2154 seu
2959 2099 3141 2168 petius
3163 2098 3228 2153 de
3245 2099 3474 2169 quadam
3504 2109 3661 2166 parte

2088 2197 2263 2253 inanis
2294 2193 2609 2265 quaestionis
2638 2207 2733 2247 eos
2758 2193 3126 2261 interrogares
3153 2208 3166 2244 :
3192 2203 3421 2258 cumque
3439 2197 3514 2250 tu,
3539 2188 3659 2253 Ari,

2086 2289 2141 2343 id
2179 2287 2320 2357 quod
2347 2284 2433 2340 vel
2467 2297 2744 2352 nunquam
2773 2280 2938 2353 475
2964 2280 3222 2350 cogitare,
3253 2278 3337 2334 vel
3363 2293 3495 2333 sane
3516 2281 3661 2349 cogi-

2087 2389 2256 2434 tatum
2312 2375 2532 2432 silentio
2579 2389 2826 2444 premere
2888 2373 3156 2426 debueras
3189 2370 3226 2440 ,1
3283 2370 3661 2439 imprudenter

2085 2470 2430 2542 protulisses,
2462 2469 2696 2522 excitata
2732 2468 2875 2519 inter
2903 2479 2999 2520 vos
3023 2463 3314 2528 discordia,
3347 2463 3662 2518 communio

2083 2564 2305 2636 quidem
2334 2561 2599 2632 denegata
2639 2567 2758 2623 est;
2813 2558 3195 2612 sanctissimus
3224 2565 3401 2611 autem
3430 2554 3660 2626 populus

2085 2657 2140 2710 in
2175 2657 2309 2710 duas
2349 2662 2534 2724 partes
2561 2651 2840 2717 discissus,
2889 2665 2920 2703 a
2968 2650 3132 2705 totius
3173 2649 3422 2718 corporis
3453 2649 3664 2703 uuitata

2083 2747 2354 2804 discessit.
2393 2746 2660 2814 Quocirca
2707 2754 2942 2814 uterque
2971 2753 3212 2800 vestrum
3242 2742 3456 2796 veniam
3501 2741 3664 2796 vicis-

2084 2841 2187 2894 sim
2211 2835 2366 2892 alteri
2393 2836 2636 2891 tribuens
2662 2876 2676 2900 ,
2710 2833 2762 2889 id
2789 2834 3170 2903 amplectatur,
3193 2831 3335 2902 quod
3367 2847 3664 2892 conservus

2082 2943 2264 2987 vester
2292 2928 2444 2986 vobis
2461 2926 2766 2996 iustissime
2794 2925 3010 2981 suadet.
3056 2925 3324 2992 Quidnam
3355 2939 3490 2980 vero
3529 2923 3664 2980 illud

2082 3025 2200 3080 est?
2237 3022 2346 3079 Nec
2365 3022 2708 3096 interrogare
2740 3020 2806 3074 de
2840 3017 3150 3088 hujusmodi
3191 3017 3358 3073 rebus
3390 3017 3663 3089 principio

396 3103 606 3173 ἐρωτᾷν
631 3104 769 3174 ὑπὲρ
784 3103 891 3158 τῶν
915 3103 1168 3158 τοιούτων
1183 3105 1241 3172 ἐξ
1261 3106 1434 3176 ἀρχῆς
1457 3105 1731 3176 προσῆκον
1745 3101 1834 3176 ἦν,
1857 3101 1977 3158 οὔτε

2085 3117 2330 3182 decebat,
2362 3129 2466 3170 nec
2485 3115 2882 3182 interrogatum
2917 3111 3271 3182 respondere.
3325 3109 3485 3166 Tales
3513 3111 3662 3166 enim

396 3195 750 3267 ἐρωτώμενον
787 3198 1198 3270 ἀποκρίνεσθαι.
1231 3197 1343 3261 Τάς
1375 3198 1484 3270 γὰρ
1520 3196 1772 3260 τοιαύτας
1818 3195 1977 3266 ζητή-

2087 3205 2454 3275 quazstiones,
2495 3216 2635 3273 quas
2666 3200 2869 3256 nullius
2903 3199 3036 3270 legis
3079 3200 3380 3255 necessitas
3414 3200 3663 3271 praescri-

399 3310 530 3356 σεις,
563 3291 772 3353 ὁπόσας
798 3291 871 3361 μὴ
898 3291 1062 3360 νόμου
1083 3290 1229 3354 τινὸς
1250 3290 1462 3360 ἀνάγκη
1493 3290 1838 3362 προστάττει,
1869 3287 1982 3342 ἀλλ’

395 3383 704 3454 ἀνωφελοῦς
728 3385 924 3456 ἀργίας
945 3383 1228 3454 ἐρεσχελία
1255 3383 1593 3454 προτίθησιν,
1629 3385 1678 3436 εί
1705 3383 1800 3436 καὶ
1834 3401 1986 3453 φυσι·

397 3480 501 3548 κῆς
523 3493 667 3539 τινος
710 3475 1018 3545 γυμνασίας
1053 3474 1129 3545 (1)
1163 3473 1326 3527 ἓνεκα
1364 3474 1622 3542 γίγνοιτο,
1658 3475 1805 3546 ὅμως
1836 3474 1984 3543 ὀφεί-

397 3569 560 3639 λομεν
588 3566 719 3620 είσω
743 3567 839 3637 τῆς
865 3565 1104 3629 διανοίας
1141 3565 1428 3633 ἐγκλείειν,
1449 3568 1543 3619 καὶ
1577 3566 1651 3638 μὴ
1676 3567 1982 3639 προχείρως

397 3663 477 3726 εἰς
510 3661 776 3733 δημοσίας
810 3658 1058 3722 συνόδους
1079 3658 1354 3730 ἐκφέρειν,
1378 3658 1513 3729 μηδὲ
1533 3661 1653 3723 ταῖς
1668 3659 1775 3713 τῶν
1794 3661 1980 3730 δήμων

397 3758 587 3819 ἀκοαῖς
610 3757 959 3828 ἀπρονοήτως
999 3753 1294 3808 πιστεύειν.
1326 3753 1499 3816 Πόσος
1543 3753 1652 3826 γάρ
1684 3754 1830 3807 ἐστιν
1851 3755 1980 3808 ἕκα-

399 3863 542 3910 στος,
571 3845 648 3908 ὼς
681 3843 1022 3916 πραγμάτων
1051 3842 1194 3896 οὕτω
1226 3841 1478 3913 μεγάλων
1515 3845 1607 3897 καὶ
1639 3842 1759 3898 λίαν
1785 3843 1976 3914 δυσχε-

401 3937 508 4009 ρῶν
541 3937 790 4008 δύναμιν,
844 3934 876 4006 ἢ
936 3935 1073 4004 πρὸς
1122 3933 1183 3988 τὸ
1231 3934 1457 4006 ἀκριϐὲς
1491 3934 1738 4000 συνιδεῖν,
1776 3936 1808 4008 ἢ
1856 3940 1975 3993 κατ’

397 4029 552 4095 ἀξίαν
573 4027 936 4100 ἑρμηνεῦσαι;
966 4027 1028 4079 El
1046 4027 1102 4079 δὲ
1132 4025 1226 4079 καὶ
1250 4025 1404 4078 τοῦτό
1431 4043 1514 4090 τις
1536 4027 1774 4100 εὐχερῶς
1803 4032 1975 4084 ποιεῖν

396 4117 698 4190 νομισθείη,
735 4117 897 4171 πόσον
929 4115 1098 4189 δήπου
1133 4117 1296 4188 μέρος
1334 4114 1427 4168 τοῦ
1484 4114 1656 4186 δήμου
1691 4118 1902 4184 πείσει;
1937 4119 1970 4190 ἢ

395 4209 478 4273 τίς
505 4211 623 4272 ταῖς
642 4207 749 4262 τῶν
772 4207 1030 4261 τοιούτων
1069 4208 1142 4278 (2)
1178 4207 1505 4279 ζητημάτων
1529 4207 1836 4278 ἀκριϐείαις
1869 4210 1973 4279 ἔξω

394 4403 686 4474 ctitatem1
725 4403 1046 4472 gravitatem
1099 4403 1182 4456 vel
1237 4403 1582 4472 prudentiam
1628 4403 1968 4474 frequentius

2085 3300 2188 3363 bit,
2219 3298 2315 3353 sed
2345 3295 2553 3352 inutilis
2583 3293 2680 3350 otii
2705 3293 2988 3348 altercatio
3023 3293 3316 3361 proponit,
3354 3293 3483 3348 licet
3511 3293 3662 3362 inge-

2083 3392 2162 3445 nii
2185 3387 2482 3444 exercendi
2518 3400 2685 3442 causa
2715 3385 3094 3451 instituantur,
3122 3395 3298 3439 tamen
3334 3385 3475 3439 intra
3504 3399 3659 3438 meu—

2086 3482 2155 3536 tis
2190 3488 2392 3534 nostrae
2429 3476 2732 3548 penetralia
2765 3474 3049 3530 continere
3086 3475 3374 3539 debemus,
3417 3489 3517 3530 nec
3565 3490 3661 3529 eas

2085 3573 2244 3630 facile
2283 3572 2338 3626 in
2378 3569 2624 3640 publicos
2667 3567 2887 3631 efferre:
2914 3574 3236 3629 conventus,
3283 3581 3384 3621 nec
3435 3565 3660 3620 auribus

2083 3665 2228 3736 vulgi
2261 3661 2570 3718 inconsulte
2609 3661 2970 3717 committere.
3027 3658 3468 3728 Quotusquisque
3510 3659 3658 3712 enim

2081 3766 2190 3822 est,
2242 3756 2334 3826 qui
2383 3761 2658 3809 tantarum
2705 3765 2886 3807 rerum
2937 3761 3157 3821 tamque
3217 3749 3513 3805 diﬂicilium
3549 3750 3659 3804 vim

2079 3858 2244 3916 atque
2295 3857 2552 3902 naturam
2584 3851 2679 3898 aut
2715 3852 2974 3899 accurate
3017 3843 3509 3912 comprehendere,
3565 3855 3660 3896 aut

2081 3953 2182 4007 pro
2209 3937 2476 4005 dignitate
2499 3933 2778 4003 explicare
2815 3931 3083 3988 sufficiat?
3133 3931 3288 3999 Quod
3343 3932 3388 3986 si
3449 3931 3571 4002 quis
3605 3931 3660 3985 id

2079 4029 2243 4085 facile
2279 4026 2540 4095 consequi
2594 4039 2751 4096 posse
2799 4025 3166 4089 existimetur,
3211 4033 3391 4093 quotae
3441 4023 3657 4078 tandem

2077 4121 2216 4191 parti
2249 4119 2394 4190 vulgi
2432 4119 2484 4172 id
2517 4133 2880 4188 persuasurus
2904 4118 3017 4174 est?
3043 4117 3148 4172 Aut
3169 4116 3292 4187 quis
3317 4116 3368 4170 in
3389 4113 3658 4182 ejusmodi

2077 4212 2444 4282 quaesdonum
2481 4209 2668 4266 subtili
2708 4219 2763 4266 et
2795 4219 3054 4270 accurata
3094 4207 3495 4279 disputatione,
3518 4206 3658 4262 citra

2076 4419 2259 4466 tamen
2297 4408 2502 4464 habent
2539 4423 2732 4465 omnes
2769 4409 2922 4476 libri,
2968 4419 3024 4464 et
3061 4405 3396 4477 Epiphanius
3443 4408 3656 4465 schola-

394 4475 601 4554 dicunt.
649 4472 854 4529 Glossae
911 4484 1122 4528 veteres
1172 4474 1454 4544 ἀγχίνοια,
1507 4472 1757 4542 solertia,
1817 4499 1970 4554 εχρε-

2081 4483 2251 4554 sticus
2275 4478 2613 4554 inﬂversione
2640 4495 2739 4554 sua
2752 4472 3018 4554 _retin'_uit.

397 4545 608 4596 rientia.

465 4613 596 4695 (94‘).
617 4614 722 4695 Εἰς
764 4611 829 4665 τὸ
870 4612 1312 4695 χρησιμώτερον
1363 4613 1628 4695 ἓκαστοτς
1666 4625 1966 4695 pergam-

392 4682 516 4753 σαι.
555 4682 666 4736 Vox
699 4684 928 4737 ἕκαστον
969 4686 1020 4736 ἱη
1054 4695 1246 4737 neutro
1274 4700 1474 4753 genere
1515 4682 1688 4752 posita
1732 4682 1965 4749 videtur.

398 4751 651 4825 ltefertur
703 4755 878 4825 etrim_
906 4753 972 4805 ad
1025 4751 1310 4825 articulum
1380 4751 1669 4825 ὄπερίηςιιί
1711 4773 1837 4814 mox
1883 4781 1970 4818 re-

394 4823 620 4891 spondet
650 4821 826 4894 τοῦτο.
846 4821 1209 4894 Rectehigitur
1240 4825 1293 4876 in
1328 4821 1518 4879 codice
1549 4823 1714 4894 Regio
1743 4837 1796 4882 et
1831 4830 1966 4889 Fuk.

394 4903 514 4972 post
552 4891 774 4945 verbum
811 4892 1148 4972 μεταστῆσαι
1189 4891 1743 4972 appopiturvirgula.
1782 4897 1970 4972 Neque

390 4963 532 5014 enim
585 4977 778 5015 sensus
816 4961 1113 5016 absolutus
1173 4961 1276 5016 cst.
1317 4963 1407 5034 At,
1436 4961 1969 5034 Chrisiophorsouus

390 5041 580 5102 contra
614 5045 1029 5102 moremsuum,
1057 5047 1120 5085 ex
1155 5046 1260 5102 una
1297 5033 1518 5102 periodo
1547 5033 1681 5089 duas
1715 5037 1858 5095 fecit.

462 5100 578 5170 (95)
637 5101 698 5154 Τί
770 5099 995 5166 δήποτε
1053 5100 1250 5155 αὐτῶν
1297 5099 1595 5169 ἕκαστος.
1648 5107 1966 5166 Addendum

386 5173 610 5247 omnino
646 5180 740 5247 est
786 5174 975 5247 φρονεῖ
1020 5172 1097 5226 ex'
1131 5170 1346 5247 Gelasio
1372 5174 1638 5247 Qyziceno
1668 5174 1720 5228 in
1774 5179 1868 5234 lib.
1897 5199 1965 5247 ιι,

386 5255 509 5316 cap.
548 5243 600 5294 4.
646 5239 994 5316 Nicephorus
1030 5252 1214 5316 autem
1267 5244 1319 5295 iu
1376 5239 1466 5316 lib.
1514 5259 1640 5307 νιιι,
1695 5262 1814 5316 cap.
1865 5239 1965 5316 45,

389 5311 551 5380 habet
589 5311 718 5363 νοεῖ.
750 5310 868 5364 Mox
909 5313 996 5365 ubi
1030 5311 1225 5380 legitur
1268 5312 1579 5376 πυνθάνοιο,
1615 5310 1776 5371 codd.
1819 5310 1955 5378 Fuk.

385 5391 441 5432 et
473 5379 640 5434 Savil.
670 5383 930 5448 scriptum
969 5379 1168 5434 habent
1195 5382 1495 5436 ἐπυνθάνου
1531 5385 1751 5442 rectius.

411 5448 576 5530 "(96)
626 5451 991 5530 ’ᾼπροᾷπτως
1025 5451 1383 5530 magno
1419 5453 1736 5530 Rectiusiu
1764 5455 1964 5514 Gelasii

386 5519 528 5600 libro
554 5519 774 5600 legitur-
794 5520 1099 5600 ἀντέθηκας
1118 5561 1156 5600 ,Ὦ
1193 5524 1402 5600 idest,
1449 5526 1767 5600 opposuisti,
1817 5530 1965 5597 obje-

385 5591 531 5644 ci’sti.
557 5591 731 5658 Atque
761 5591 832 5665 ita
851 5591 1452 5665 _lc_g¢rat_Epiphaniu5
1489 5591 1965 5665 scholasticus,"ut

389 5667 545 5730 patet
563 5674 629 5713 ex
662 5675 782 5729 cap.
813 5659 1492 5730 197Historiw’tripartitw.

459 5725 570 5808 (97)
614 5725 791 5785 ὀθέν
831 5729 942 5798 τῆς
970 5731 1040 5783 ἐν
1079 5731 1223 5800 ὑμῖν
1262 5725 1591 5808 διχονοίας.
1629 5733 1966 5808 Nicephorus

389 5802 619 5865 primam
659 5815 843 5856 vocem
879 5810 1064 5870 utpote
1107 5802 1434 5872 superfluam
1468 5802 1777 5879 expunxit,‘
1799 5823 1961 5878 quam

2149 4549 2261 4622 (98)
2305 4549 2376 4605 Ἡ
2410 4547 2548 4622 μὲνΔ
2585 4549 2846 4616 σύνοδος
2892 4546 3142 4622 ἠρνήθη.
3193 4545 3410 4622 Langus
3455 4553 3652 4617 vertit,

2078 4617 2361 4688 corivehtus
2422 4619 2633 4686 quidem
2689 4617 2940 4673 solemnis
2978 4619 3291 4688 quibusdam
3344 4617 3650 4688 denegatus.

2077 4687 2611 4758 Christophorsonu's
2642 4702 2774 4742 vero
2805 4691 2884 4743 sic
2919 4687 3345 4758 interpretatur:
3371 4687 3654 4758 conuentus

2075 4762 2165 4829 qui
2204 4763 2259 4812 in
2303 4755 2531 4839 ecclesia
2562 4757 2682 4825 ﬁeri
2711 4763 2867 4823 solet,
2893 4759 3193 4826 impeditus.
3229 4755 3455 4810 Σύνοδον
3489 4760 3656 4830 igitur

2075 4845 2174 4899 pro
2211 4833 2404 4897 synaxi
2439 4833 2526 4881 hic
2555 4839 2910 4896 acceperunt,
2957 4843 3066 4896 quo
3096 4841 3258 4881 sensu
3289 4842 3350 4880 ea
3391 4843 3490 4882 vox
3542 4846 3652 4885 nou

2075 4898 2452 4967 infrequenter
2475 4910 2787 4967 usurpatur.
2815 4898 2906 4952 Sic
2930 4914 3121 4952 rursus
3148 4898 3202 4951 in
3225 4897 3549 4967 hoccapite,
3571 4903 3654 4965 εἰς

2071 4965 2336 5049 δημοσίας
2369 4966 2618 5049 συνόδους
2663 4967 2936 5049 ἐκφέρειν,
2975 4977 3031 5048 et
3063 4968 3116 5020 in
3166 4981 3284 5049 cap.
3317 4965 3552 5047 .68.'Sed
3594 4981 3652 5024 et

2074 5037 2407 5106 Epiphanius
2453 5037 2814 5091 scholasticus
2863 5039 3060 5104 vertit,
3110 5039 3362 5107 mysteria
3413 5049 3646 5095 content-

2071 5117 2290 5162 nuntur.

2142 5178 2254 5248 (99)
2299 5175 2416 5248 Thy
2463 5175 3226 5248 συγγνώμηνμπαρασχών.
3277 5176 3531 5235 Socrates
3584 5198 3648 5236 ae

2069 5245 2318 5302 Gelasius
2363 5245 2666 5316 Cyziceuus
2704 5245 2768 5301 et
2833 5245 3170 5316 Nicephorus
3233 5249 3435 5304 habent
3505 5252 3604 5316 γνά

2071 5334 2201 5388 μην,
2233 5333 2387 5388 aures
2415 5328 2462 5369 et
2495 5318 2729 5388 animum
2763 5318 2890 5370 mihi
2919 5320 3347 5372 accommodans.
3380 5321 3484 5374 Sed
3521 5318 3643 5374 vul-

2068 5387 2193 5456 gata
2239 5387 2401 5440 lectio
2442 5387 2640 5439 rectior
2672 5396 2772 5440 est.
2814 5388 2906 5441 Sic
2937 5389 3080 5440 enim
3125 5388 3518 5444 Constantinus
3564 5392 3642 5442 lo-

2067 5460 2253 5526 quitur
2287 5456 2424 5509 infra
2471 5457 2524 5528 in
2569 5457 2668 5511 hoc
2702 5459 2901 5526 capite.
2939 5456 3268 5528 Epiphanius
3315 5460 3507 5520 vertit.
3556 5476 3645 5514 vo-

2069 5524 2328 5581 luntatem
2362 5527 2614 5592 prebeat.
2774 5524 2787 5526 “
2941 5524 2952 5534 “

2137 5601 2156 5668 (
2163 5598 2214 5666 1)
2251 5598 2322 5649 Et
2353 5597 2449 5649 καὶ
2492 5593 2759 5668 φυσικῆς
2788 5613 2966 5662 τινος·
2996 5597 3352 5666 γυμνασίας.
3387 5596 3642 5668 Scribon-

2067 5665 2202 5751 duin’
2221 5668 2431 5721 videtur
2459 5665 2814 5743 φιλοσοφικῇς
2845 5672 2928 5723 vel
2969 5665 3284 5737 σοφιστικῆς
3313 5683 3447 5736 γυμ.
3475 5667 3643 5727 ἕνεκα

2109 5753 2335 5791 ιγνοιντο
2342 5781 2355 5790 .

2067 5754 2355 5808 γίγνοιντο.

2138 5807 2230 5880 (2)
2273 5806 2427 5878 Vulg.
2467 5805 2505 5875 ἦ
2564 5808 2654 5874 τίς
2702 5805 2884 5875 ὀταῗς
2907 5807 3024 5864 τῶν
3045 5807 3344 5863 τοιούτων.
3393 5808 3447 5865 lu
3477 5810 3640 5868 codd;
