4186 6390
541 371 560 396 ι
573 343 676 396 043

1280 345 1547 402 EUSEBII
1589 347 2074 404 C/ESARIENSIS
2109 349 2260 406 OPP.
2297 349 2479 406 PARS
2512 352 2554 407 1.
2595 382 2666 392 ——
2700 350 3086 408 IIISTORICA.

3653 356 3789 410 10H

536 465 839 532 perieulum
907 468 1214 534 gravissimi
1279 469 1464 538 lapsus
1533 472 1711 541 possit
1773 475 2102 530 consistere?

2214 477 2312 548 τῆς
2361 478 2702 532 ἐπικινδύνου
2751 478 3193 549 παρολισθήσεως
3226 478 3536 551 ἀντισταίη;
3581 481 3788 534 Οὐκοῦν

535 555 805 621 Quocirca
870 559 922 612 in
988 560 1300 630 hujusmodi
1351 565 1744 630 questionibus
1808 567 2110 634 loquacitas

535 652 943 718 comprimenda
975 662 1094 717 est;
1126 667 1195 708 ne
1226 652 1364 708 forte
1395 664 1486 707 aut
1515 657 1672 710 nobis
1720 659 1770 713 id
1810 661 1952 727 quod
1986 675 2110 728 pro-

535 741 771 807 positum
805 752 887 797 est
928 743 1203 811 explicare
1243 751 1313 799 ob
1345 757 1552 801 natura!
1596 758 1794 803 nostra!
1827 751 2118 804 inﬁrmita-‘

537 840 642 882 tem
675 844 780 884 non
813 830 1242 900 sullicientibus,
1276 846 1371 890 aut
1395 838 1757 905 auditoribus,
1799 845 1870 896 ob
1910 841 2108 911 ingenii

535 921 851 978 tarditatem
877 939 941 980 ea
965 942 1088 995 qua:
1111 928 1366 983 dicuntur
1397 931 1620 985 minime
1655 935 2073 1001 assequentibus
2091 973 2106 997 ,

532 1026 598 1066 ex
659 1015 923 1072 alterutro
972 1019 1167 1074 borum
1217 1031 1312 1075 aut
1367 1022 1421 1075 in
1466 1022 1853 1092 blasphemiae,
1905 1035 2001 1080 aut
2054 1029 2107 1080 in

533 1104 849 1161 schismatis
889 1112 1268 1167 necessitatem
1314 1113 1543 1182 populus
1578 1115 1844 1172 incurrat.
1874 1134 1893 1168 ι

1092 1225 1320 1283 CAPUT
1388 1226 1552 1282 LXX.

912 1317 1228 1372 Exhortatio
1273 1320 1342 1371 ad
1381 1321 1744 1374 concordiam.

613 1404 892 1462 «Proinde
924 1417 977 1460 et
1027 1409 1244 1464 incauta
1296 1411 1668 1482 interrogatio,
1719 1422 1771 1465 et
1808 1412 2110 1467 inconsulta

536 1498 836 1565 responsio,
873 1500 924 1553 in
971 1509 1202 1571 utroque
1247 1513 1486 1558 vestrum
1536 1505 1750 1558 veniam
1792 1505 1894 1558 sibi
1926 1514 2111 1558 mutuo

534 1589 858 1643 concedant.
889 1587 1074 1660 Neque
1097 1595 1240 1646 enim
1268 1593 1334 1648 de
1367 1593 1640 1664 praecipuo
1659 1604 1714 1648 et
1739 1610 1951 1650 summo
1979 1594 2109 1664 legis

535 1689 736 1734 nostrae
766 1684 1017 1742 mandato
1044 1682 1188 1737 inter
1215 1699 1312 1737 vos
1341 1693 1424 1739 est
1451 1694 1574 1739 orta
1606 1687 1880 1741 contentio
1902 1703 1914 1738 :
1935 1702 2109 1756 neque

2211 569 2467 637 ἐφεκτέον
2505 571 2652 623 ἐστὶν
2685 572 2743 622 ὲν
2770 573 2882 633 τοῖς
2907 569 3164 633 τοιούτοις
3199 569 3298 639 τὴν
3332 569 3669 638 πολυλογίαν,
3703 571 3789 624 ἵνα

2215 661 2409 731 μήπως
2445 661 2477 732 ἢ
2507 664 2572 733 τῇ
2601 661 2758 733 ήμῶν
2785 661 3041 733 ἀσθενείᾳ
3066 662 3165 731 τῆς
3188 661 3401 730 φύσεως
3423 662 3483 714 τὺ
3519 662 3788 733 προταθὲν

2215 754 2552 825 ἑρμηνεῦσαι
2578 754 2652 825 μὴ
2680 754 3037 825 δυνηθέντων,
3067 753 3186 824 ἢτῇ
3209 753 3315 806 τῶν
3346 754 3628 824 ἀκροατῶν
3660 753 3790 826 βρα-

2211 844 2411 916 δυτέρα
2458 845 2671 899 συνέσει
2697 846 2833 917 πρὸς
2858 845 3058 917 ἀκριϐῆ
3093 845 3185 898 τοῦ
3214 844 3466 915 ῥηθέντος
3488 844 3788 914 κατάληψιν

2211 936 2386 989 ἐλθεῖν
2442 937 2516 1008 μὴ
2574 937 2958 1009 χωρησάντων,
2989 936 3048 1001 ἐξ
3075 936 3334 1006 ὁποτέρου
3383 938 3586 990 τούτων
3634 938 3706 1006 (5)
3753 937 3786 1007 ἢ

2215 1027 2583 1100 βλασφημίας,
2617 1028 2650 1100 ἢ
2686 1029 2985 1100 σχίσματος
3013 1029 3092 1092 είς
3124 1029 3367 1098 ἀνάγκην
3391 1031 3418 1081 ό
3445 1028 3618 1098 δῆμος
3644 1045 3789 1099 περι·

2214 1120 2393 1191 σταίη.
2427 1138 2446 1171 ι

2739 1235 3134 1288 ΚΕΦΛΛΑΙΟΝ
3181 1232 3256 1287 0'.

2562 1327 2942 1394 Παραινέσεις
2971 1327 3102 1394 περὶ
3143 1329 3440 1396 ὁμονοίας.

2288 1434 2305 1465 ι
2331 1416 2526 1488 Διόπερ
2547 1419 2641 1470 καὶ
2659 1416 2923 1488 ἐρώτησις
2939 1417 3374 1488 ἁπροφὺλακτος,
3394 1417 3789 1489 καὶξάπόκρισις

2212 1506 2544 1577 ἀπρονόητος
2577 1508 2697 1579 ῖσην
2739 1507 2995 1579 ἀλλήλαις
3021 1507 3379 1562 ἀντιδότωσαν
3420 1509 3503 1578 ἐφ’
3542 1508 3788 1580 ἑκατέρῳ

2213 1594 2560 1666 συγγνώμην.
2597 1597 2731 1650 Οὑδὲ
2756 1597 2865 1667 γὰρ
2899 1599 3026 1667 περὶ
3045 1595 3138 1648 τοῦ
3170 1597 3462 1668 κορυφαίου
3485 1596 3591 1648 τῶν
3622 1597 3679 1648 ὲν
3710 1596 3788 1666 τῷ

2213 1686 2362 1757 νόμῳ
2389 1687 2862 1758 παραγγελμάτων
2890 1688 3018 1758 ὑμῖν
3047 1689 3078 1758 ἡ
3107 1688 3205 1758 τῆς
3229 1687 3558 1756 φιλονεικίας
3582 1685 3787 1757 ἐξήφθη

534 1784 733 1823 novum
765 1771 984 1839 aliquod
1014 1787 1040 1825 a
1065 1772 1218 1827 vobis
1241 1775 1306 1828 de
1335 1774 1426 1828 Dei
1453 1773 1600 1828 cultu
1637 1773 2002 1830 introductum
2026 1785 2102 1830 est

2216 1777 2510 1847 πρόφασις,
2563 1776 2680 1830 οὑδὲ
2716 1779 2873 1847 καινή
2918 1793 3002 1838 τις
3051 1778 3178 1847 ὑμῖν
3217 1776 3358 1847 ὑπὲρ
3383 1777 3480 1846 τῆς
3511 1775 3605 1828 τοῦ
3652 1775 3786 1828 Θεοῦ

535 1861 753 1932 dogma.
787 1861 893 1918 Sed
940 1879 1106 1917 unam
1138 1865 1492 1934 eamdemque
1526 1867 1847 1920 sententiam
1883 1868 2103 1932 tenetis,

531 1952 666 2007 adeo
697 1965 755 2005 ut
803 1961 868 2008 ad
918 1957 1318 2012 communionis
1365 1958 1679 2012 societatem
1735 1960 1884 2014 coire
1947 1959 2107 2015 facile

531 2045 772 2112 possitis.
814 2064 834 2097 ι

1010 2157 1177 2231 476
1207 2157 1436 2215 CAPUT
1463 2157 1650 2213 LXXI.

531 2246 686 2312 Quod
710 2249 772 2302 ob
790 2248 923 2305 leves
939 2252 1196 2320 quasdam
1215 2250 1421 2389 vocu’fas
1443 2253 1779 2319 pertinaciter
1799 2253 2106 2306 certandum

1199 2338 1301 2375 non
1357 2332 1453 2374 utt.

1199 2338 1301 2375 non
1332 2332 1453 2375 lutt.

613 2426 633 2460 ι
661 2407 830 2465 Vobis
859 2425 1004 2465 enim
1029 2410 1382 2478 pertinaciter
1397 2409 1847 2465 contendentibus
1866 2411 1931 2465 de
1950 2411 2106 2468 rebus

530 2502 713 2570 parvis
728 2512 892 2569 atque
911 2500 1222 2566 levissimis,
1251 2511 1456 2555 tantam
1483 2502 1665 2571 populi
1699 2501 2102 2556 multitudinem

527 2602 710 2648 vestro
764 2591 994 2648 consilio
1025 2593 1138 2663 regi
1177 2609 1283 2650 non
1326 2595 1501 2660 decet,
1549 2595 1601 2648 in
1628 2605 1774 2648 tanta
1803 2593 2102 2662 praesertim

527 2682 832 2737 animorum
873 2682 1213 2739 dissensione
1247 2702 1260 2737 :
1295 2698 1397 2740 nec
1450 2685 1624 2740 solum
1671 2684 1722 2738 id
1767 2685 2102 2751 indecorum,

527 2775 620 2828 sed
653 2789 879 2844 prorsus
915 2775 1068 2832 nefas
1119 2791 1240 2831 esse
1272 2777 1633 2832 existimatur.
1698 2776 1874 2845 Atque
1897 2786 2104 2846 ntpru-

527 2867 765 2923 dentiam
793 2878 1025 2922 vestram
1058 2869 1268 2924 minore
1304 2869 1550 2938 exemplo
1580 2869 2062 2924 commonefaciam
2085 2911 2101 2935 ,

527 2960 682 3014 scitis
723 2960 868 3029 ipsos
914 2960 1080 3014 etiam
1127 2961 1475 3043 philosophos
1517 2962 1678 3016 unius
1703 2970 1864 3017 sectae
1895 2959 2104 3032 profes-

525 3054 676 3105 sione
707 3050 849 3106 inter
897 3065 957 3106 se
1003 3066 1192 3106 omnes
1238 3050 1532 3118 ftederari;
1573 3055 1790 3108 eosdem
1824 3063 2001 3108 tamen
2047 3053 2101 3107 in

2210 1868 2505 1939 θρησκείας
2527 1869 2736 1941 αἵρεσις
2767 1868 3116 1939 ἀντεισήχθηο
3149 1867 3260 1922 ἀλλ’
3277 1867 3372 1921 ’ένα
3404 1866 3605 1921 καὶτὸν
3628 1866 3787 1918 αὑτὸν

2209 1957 2360 2026 ἔχετε
2387 1957 2668 2028 λογισμὸν,
2686 1959 2761 2022 ὡς
2781 1959 2916 2030 πρὸς
2940 1959 3001 2011 τὸ
3024 1957 3124 2028 τῆς
3140 1959 3420 2021 κοινωνίας
3443 1957 3692 2028 σύνθημα
3715 1957 3786 2028 (4)

2207 2050 2466 2104 δύνασθαι
2485 2049 2778 2104 συνελθεῖν.
2809 2071 2829 2102 ι

2711 2164 3105 2218 ΚΕΦΑΛΑΙΟΝ
3153 2165 3272 2217 OA'.

2207 2253 2302 2323 Μὴ
2330 2255 2425 2309 διὰ
2444 2257 2660 2326 μικρὰς
2682 2256 2881 2323 λέξεις
2896 2255 3259 2325 φιλονεικεῖν
3279 2252 3416 2322 περὶ
3437 2253 3545 2307 τοῦ
3577 2251 3786 2306 αὐτοῦ.

2283 2433 2299 2462 ι
2353 2412 2534 2484 ’Υμῶν
2580 2413 2689 2482 γὰρ
2717 2425 2774 2465 εν
2809 2411 3056 2485 ἀλλήλοις
3107 2412 3245 2482 ὑπὲρ
3280 2410 3492 2482 μικρῶν
3540 2410 3633 2464 καὶ
3665 2409 3788 2462 λίαν

2206 2504 2502 2574 ἐλαχίστων
2519 2504 2981 2574 φιλονεικούντων,
3000 2503 3250 2558 τοσοῦτον
3262 2505 3365 2563 ,τὸν
3389 2503 3482 2558 τοῦ
3504 2503 3638 2556 Θεοῦ
3657 2503 3785 2556 λαὸν

2205 2600 2322 2661 ταῖς
2359 2597 2652 2668 ὑμετέραις
2685 2597 2957 2650 ἰθύνεσθαι
2985 2596 3175 2668 φρεσὶν
3200 2597 3258 2649 οὑ
3295 2596 3584 2667 προσήκει,
3612 2594 3700 2648 διὰ
3725 2595 3785 2647 τὸ

2207 2688 2481 2758 διχονοεῖνο
2514 2687 2626 2740 ἀλλ’
2657 2685 2778 2740 οὔτε
2813 2686 3046 2756 πρέπον,
3073 2685 3197 2738 οὔτε
3238 2685 3374 2748 ὅλως
3407 2685 3622 2756 θεμιτὸν
3647 2681 3786 2739 εἶναι

2207 2776 2538 2831 πιστεύεται.
2561 2779 2678 2831 ’Ὶνα
2699 2778 2755 2831 δὲ
2773 2776 2952 2850 μικρῷ
2975 2777 3376 2850 παραδείγματι
3397 2777 3495 2848 τὴν
3517 2777 3785 2848 ὑμετέραν

2206 2869 2419 2922 σύνεσιν
2451 2869 2852 2940 ὑπομνήσαιμι,
2887 2870 3024 2936 λέξω
3049 2869 3144 2939 (5).
3185 2871 3327 2922 Ἰστε
3353 2869 3523 2940 δήπου
3543 2870 3635 2922 καὶ
3659 2869 3785 2932 τοὺς

2205 2960 2522 3029 φιλοσόφους
2551 2961 2766 3024 αὐτοὺς,
2801 2961 2875 3024 ὡς
2908 2963 2988 3015 ἐνὶ
3022 2962 3119 3032 μὲν
3149 2962 3385 3026 ἅπαντες
3415 2963 3786 3034 δόγματισυν-

2203 3053 2440 3107 τίθενται
2467 3053 2565 3122 (6),
2598 3052 2857 3118 πολλάκις
2897 3055 2953 3108 δὲ
2994 3055 3212 3108 ἐπειδὰν
3246 3054 3302 3109 έν
3337 3073 3444 3109 τινι
3491 3056 3600 3110 τῶν
3644 3058 3782 3110 ἀπο-

528 3141 705 3211 aliqua
747 3141 1111 3198 assertionum
1141 3152 1295 3211 parte
1331 3142 1600 3198 interdum
1645 3144 1972 3214 discrepare.
2001 3142 2101 3199 Ve-

2207 3144 2422 3214 φάσεων
2457 3143 2613 3216 μέρει
2666 3143 3024 3213 διαφωνῶσιν,
3057 3148 3105 3200 εί
3133 3148 3225 3199 καὶ
3244 3150 3308 3218 τῇ
3338 3147 3435 3216 τῆς
3473 3149 3784 3218 ἐπιστήμης

527 3249 647 3288 rum
679 3233 811 3288 licet
854 3234 907 3287 in
946 3233 1060 3304 ipsa
1095 3235 1338 3289 scientia:
1395 3234 1726 3305 perfectione
1759 3235 2103 3302 dissentiant,

527 3322 880 3379 nihilominus
902 3325 973 3380 ob
993 3327 1617 3382 secus-communionem
1645 3342 1833 3383 rursus
1861 3329 1912 3382 in
1937 3344 2103 3382 unum

527 3416 862 3485 conspirant.
915 3415 1070 3483 Quod
1111 3418 1156 3472 si
1211 3418 1284 3472 ita
1316 3427 1417 3480 est,
1477 3421 1749 3488 quomodo
1785 3435 1888 3474 non
1934 3420 2106 3475 multo

523 3500 726 3577 iustius
768 3506 952 3575 fuerit,
983 3523 1081 3564 vos
1115 3509 1206 3580 qui
1239 3509 1459 3565 maximi
1518 3510 1612 3566 Dei
1643 3510 1874 3567 miniStri
1905 3513 2105 3567 consti-

527 3597 626 3652 tuti
661 3597 817 3663 estis,
853 3598 908 3652 in
945 3598 1184 3666 ejusdem
1225 3601 1507 3671 religionis
1532 3601 1872 3672 professione
1901 3603 2098 3657 unani-

524 3703 641 3743 mes
667 3687 1025 3758 permanere?
1064 3689 1171 3745 Sed
1203 3692 1584 3758 accuratius,si
1623 3692 1894 3762 pl;icet,et
1919 3703 2099 3748 atten-

525 3783 635 3836 tius
665 3782 1034 3850 expendamus
1057 3783 1109 3839 id
1140 3783 1281 3853 quod
1305 3785 1418 3854 jam
1448 3784 1578 3852 dixi,
1629 3801 1918 3857 aequumne
1948 3789 2019 3842 sit
2047 3799 2104 3842 ut

523 3873 594 3930 ob
627 3871 824 3928 levium
855 3881 910 3928 et
945 3873 1186 3928 inanium
1226 3875 1515 3931 verborum
1549 3875 1692 3931 inter
1739 3893 1836 3932 vos
1877 3888 2104 3934 conten-

526 3965 724 4031 tiones,
746 3965 944 4020 fratres
967 3963 1222 4020 fratribus
1252 3966 1396 4021 velut
1423 3967 1474 4022 in
1507 3967 1626 4022 acie
1660 3969 1897 4038 oppositi
1921 3978 2100 4035 stent;

527 4065 696 4126 utque
731 4056 1057 4110 venerabilis
1091 4069 1411 4124 conventus,
1463 4072 1559 4127 per
1592 4073 1690 4112 vos
1719 4059 1811 4128 qui
1839 4060 1904 4114 de
1939 4060 2102 4115 rebus

523 4233 716 4305 Regio.
750 4233 887 4290 Fuk.
919 4243 973 4288 et
1021 4233 1192 4305 Savil.
1227 4234 1482 4305 legituril
1517 4233 1599 4305 τίς
1629 4237 1769 4305 ταῖς,
1809 4244 1914 4291 etc.
1948 4237 2102 4304 Apud

525 4303 1119 4376 Nicephorumautem
1165 4303 1363 4376 legitur
1408 4303 1440 4374 ἢ
1488 4304 1572 4376 τίς
1620 4304 1679 4368 ὃς
1729 4308 1850 4368 ταῖς
1899 4303 2104 4361 rectius

521 4373 684 4443 quam
726 4377 779 4429 iu
819 4373 1064 4444 vulgatis
1111 4373 1470 4429 editionibus.
1513 4373 1632 4427 Mox
1697 4376 1981 4430 emendavi
2035 4391 2103 4432 ex

2205 3235 2371 3306 ἀρετῇ
2405 3234 2750 3306 χωρίζονται,
2805 3239 2868 3308 τῇ
2907 3236 3086 3306 μέντοι
3133 3237 3224 3291 τοῦ
3269 3239 3535 3309 δόγματος
3593 3238 3783 3292 ἐνώσει

2205 3324 2366 3379 πάλιν
2403 3327 2482 3390 είς
2515 3325 2775 3397 ἀλλήλους
2822 3327 3208 3396 συμπνέουσιν.
3242 3328 3300 3380 Ei
3350 3328 3415 3399 δή
3449 3328 3604 3382 τοῦτο
3643 3328 3780 3392 ἔστι,

2203 3414 2322 3478 πῶς
2351 3414 2410 3466 οὑ
2442 3415 2622 3484 πολλῷ
2663 3415 3018 3486 δικαιότερον,
3049 3416 3192 3486 ὑμᾶς
3231 3415 3308 3486 (7)
3337 3417 3464 3480 τοὺς
3485 3417 3576 3470 τοῦ
3614 3419 3785 3489 μεγά-

2201 3503 2294 3556 λου
2328 3503 2464 3557 Θεοῦ
2491 3503 2827 3575 θεράποντας
2848 3503 3213 3568 καθεστῶτας,
3257 3506 3313 3559 ὲν
3338 3504 3562 3576 τοιαύτῃ
3584 3521 3781 3576 προαι-

2209 3598 2355 3668 ρέσει
2389 3596 2684 3668 θρησκείας
2709 3596 3016 3668 όμοψὺχους
3049 3597 3296 3668 ἀλλήλοις
3328 3593 3492 3661 srvat;
3531 3598 3782 3650 Ἐπισκε-

2202 3690 2433 3761 ψὼμεθα
2464 3691 2529 3763 δὴ
2561 3691 2807 3762 λογισμῷ
2853 3689 3079 3762 μείζονι,
3117 3692 3209 3744 καὶ
3238 3691 3443 3744 πλείονι
3485 3691 3694 3744 συνέσει
3719 3693 3780 3744 τὸ

2203 3781 2389 3852 ῥηθέν·
2431 3779 2590 3852 είπερ
2611 3779 2785 3852 ὀρθῶς
2829 3778 2939 3849 ἔχει
2969 3779 3034 3831 δι’
3062 3778 3249 3846 ὀλίγας
3284 3779 3376 3831 καὶ
3415 3777 3648 3848 ματαίας
3683 3779 3781 3846 ρη-

2203 3874 2389 3943 μάτων
2417 3875 2475 3927 ὲν
2512 3874 2639 3943 ὑμῖν
2666 3871 3015 3941 φιλονεικίας,
3053 3869 3312 3940 ἀδελφοὺς
3346 3869 3592 3938 ἀδελφοῖς
3627 3869 3778 3922 ἀντι-

2201 3965 2436 4031 κεῖσθαι,
2463 3967 2558 4018 καὶ
2595 3965 2656 4018 τὸ
2705 3965 2804 4034 τῆς
2857 3965 3072 4018 συνόδου
3106 3963 3285 4034 τίμιον
3314 3962 3504 4016 ἀσεΰεῖ
3545 3962 3779 4032 διχονοίᾳ

2201 4059 2526 4132 χωρίζεσθαι
2555 4060 2620 4113 δι’
2646 4058 2818 4130 ὑμῶν,
2847 4059 2896 4112 οῖ
2937 4058 3073 4130 πρὸς
3101 4057 3361 4128 ἀλλήλους
3390 4056 3530 4128 ὑπὲρ
3567 4055 3779 4127 μικρῶν

2204 4239 2554 4322 baptismum.
2583 4237 2917 4319 Epiphanius
2959 4247 3109 4292 certe
3139 4236 3498 4292 scholasticus
3536 4251 3780 4290 conmm-

2205 4318 2378 4361 nt‘oms
2406 4323 2612 4374 signum
2641 4318 2822 4360 vertit.

2277 4378 2355 4446 (5)
2407 4377 2882 4447 Ὑπομνήσαιμι,
2932 4377 3108 4442 λέξω.
3152 4377 3435 4434 Postrema
3471 4391 3574 4430 vox
3627 4376 3779 4430 deest

523 4446 680 4520 codd.
737 4443 875 4520 Fuit.
917 4443 973 4499 et
1011 4444 1233 4516 ειμιηῆ
1286 4445 1354 4515 τῇ
1400 4444 1509 4496 τῶν
1561 4445 1846 4517 ἀκροατῶν
1900 4445 2100 4517 βραδυ-

2206 4443 2348 4515 apud
2380 4443 2671 4520 Gelasium
2705 4443 3068 4520 Cy'zicenum.
3107 4463 3205 4520 nec
3243 4449 3454 4502 videtur
3486 4447 3775 4520 admodum

519 4514 659 4588 τέρᾳ.
700 4515 932 4588 συνέσει.

593 4571 671 4657 (3)
724 4585 819 4650 Ἐξ
863 4584 1155 4657 ὁποτέρου
1199 4587 1445 4640 τούτων.
1505 4583 1561 4657 In
1595 4585 1776 4657 codd.
1831 4584 1997 4657 Regio
2045 4595 2100 4640 et

520 4654 661 4726 Fukl
687 4657 884 4724 legitur
914 4654 1148 4726 ποτέρου
1177 4657 1297 4710 sine
1331 4655 1716 4726 praepositione
1743 4674 1756 4710 :
1786 4671 1910 4725 quae
1938 4654 2100 4709 lectio

522 4725 652 4780 ferri
701 4735 901 4794 potest,
930 4726 972 4794 si
1005 4725 1191 4779 vOcem
1238 4725 1469 4794 ποτέρου
1520 4728 1725 4780 referas
1766 4727 1832 4779 ad
1873 4740 1936 4779 ea
1981 4741 2100 4793 qua:

521 4793 901 4867 sequuntur_,ﬁ
946 4793 1323 4866 βλασφημίας,
1369 4793 1402 4866 ἧ
1453 4795 1771 4867 σχίσματος.
1823 4796 2096 4867 Duorum,

522 4865 739 4933 inquit,
789 4864 1050 4930 alterum,
1095 4864 1189 4918 aut
1239 4864 1607 4934 blasp'betiiiaa.
1645 4875 1738 4919 aut
1787 4865 2098 4922 schismatis

527 4944 786 4988 nascetur
819 4935 1060 4988 occasio.
1089 4935 1161 4987 At
1194 4934 1448 4989 Socrates
1479 4951 1543 4989 ac
1576 4934 1825 4990 Gelasius
1856 4945 1911 4990 et
1941 4934 2098 4992 Nice-

521 5005 728 5074 pliorus
753 5003 876 5074 1100
923 5002 1041 5057 loco
1097 5008 1360 5074 scriptum
1408 5005 1609 5061 habent
1653 5001 1806 5069 αὖθις
1856 5005 1916 5070 ἐξ
1966 5008 2094 5060 ἑκα-

517 5073 725 5146 πτέρου.-
753 5071 848 5126 Est
897 5083 1044 5146 certe
1094 5075 1182 5128 hic
1209 5071 1380 5146 locus
1430 5078 1499 5130 ob
1551 5090 1772 5146 pravam
1827 5079 2096 5146 syntaxim

525 5142 861 5214 glillicilisel
892 5144 1196 5214 _ohscurus.
1246 5144 1432 5213 Itaque
1482 5142 1772 5199 in’codice
1821 5142 1986 5214 Regio
2029 5148 2096 5200 ad

521 5213 666 5287 latus
694 5209 859 5287 _hujus
892 5212 1046 5287 linere
1073 5209 1360 5283 apponitur
1392 5225 1515 5270 nota
1546 5232 1584 5283 φ
1611 5224 1667 5269 et
1719 5233 1774 5287 ρ,
1805 5209 2098 5271 Ιιοοίιιοόο

520 5299 617 5353 φρ,
653 5284 704 5337 id
737 5293 827 5353 est
853 5283 1154 5353 φρόντισον.

593 5353 671 5422 (6)
715 5351 997 5420 Πρὸςίτὸ
1047 5352 1156 5418 τῆς
1215 5356 1526 5423 κοινωνίας
1588 5356 1888 5423 σύνθημα.
1935 5354 2094 5408 Com-

523 5421 789 5476 muuionis
813 5434 1068 5476 tesseram
1091 5421 1536 5493 vertuntLangus
1548 5433 1600 5477 et
1616 5421 1913 5486 Musculus,
1939 5426 2096 5479 Chri-

522 5496 918 5558 stopborSOuus
945 5493 1330 5563 communionis
1364 5510 1689 5550 consensum.
1735 5496 1844 5563 Ego
1886 5495 2095 5562 signum

525 5564 743 5634 mallem
787 5563 1164 5634 interpretari.
1207 5560 1341 5615 Nam
1379 5573 1437 5634 ut
1485 5563 1538 5615 in
1580 5560 1856 5631 gentilium
1895 5560 2098 5634 niyste-

528 5631 625 5687 riis
655 5633 897 5702 qumdam
922 5631 1074 5703 signa
1107 5646 1168 5686 ac
1193 5632 1435 5702 symbola
1471 5635 1826 5703 tradebantur
1847 5631 2091 5699 initiatis,

528 5703 724 5778 quibus
753 5718 814 5757 se
844 5702 1279 5778 internoscerent
1311 5704 1611 5778 synimistae
1641 5723 1653 5756 :
1689 5705 1769 5778 _sic
1794 5702 2092 5778 _Cltristiani

539 5773 750 5836 signum
798 5774 1198 5829 communionis
1237 5773 1539 5842 habebant,
1585 5773 1972 5829 eucharistiam
2008 5774 2090 5827 vel

2208 4518 2532 4640 ngcessaria.
2565 4515 2697 4571 Eam
2727 4515 2877 4571 certe
2907 4519 2958 4570 in
2997 4519 3242 4573 versione
3282 4533 3375 4572 sua
3425 4517 3608 4571 omisit
3649 4515 3778 4583 Epi-

2208 4601 2238 4640 D
2279 4601 2452 4640 alllllS.

2279 4601 2452 4640 alllllS.

2204 4601 2498 4727 ’ῗηῗίίῗυῧς
2527 4657 2618 4710 ἐνὶ
2644 4655 2774 4727 μὲν·
2799 4656 3059 4722 ἅπαντες
3088 4655 3331 4727 δόγματι
3373 4655 3775 4710 συντίθενται.

2205 4725 2342 4791 Quid
2375 4728 2462 4781 hic
2491 4738 2633 4782 esset
2656 4726 2851 4794 δόγμα,
2885 4743 2995 4794 non
3019 4725 3402 4782 intellexerunt
3427 4726 3773 4794 interpretes,

2206 4811 2439 4864 quorum
2474 4797 2563 4850 alii
2592 4793 2790 4864 dogma
2817 4812 2909 4851 seu
2939 4793 3195 4861 placitum
3242 4793 3583 4864 interpretati
3613 4804 3774 4858 sunt;

2205 4863 2298 4936 alii
2337 4863 3080 4936 disciplimaprofessionem.
3127 4867 3290 4936 Atqui
3328 4863 3433 4920 non
3482 4881 3648 4936 unum
3691 4875 3779 4916 est

2204 4935 2402 5006 dogma
2433 4932 2573 5004 apud
2621 4932 2986 5006 phil050phos,
3032 4932 3254 5000 uttsati's
3306 4944 3537 5006 constat.
3587 4934 3774 5006 itaque

2203 5003 2397 5059 seciam
2427 5003 2640 5059 vertere
2674 5005 2859 5058 malui.
2889 5003 3091 5060 Omnes
3138 5008 3280 5059 enim
3329 5005 3637 5075 philosophi
3671 5004 3775 5075 ali-

2203 5091 2364 5144 quam
2415 5076 2619 5129 habent
2659 5083 2860 5127 sectam
2912 5075 3240 5144 ClliiaddiCli
3289 5073 3448 5138 sunt,
3498 5074 3585 5126 alii
3634 5073 3772 5144 stoi-

2203 5142 2358 5206 éam.
2398 5146 2490 5198 alii
2525 5144 2958 5212 peripateticam.
2991 5143 3108 5198 Jam
3145 5146 3196 5198 in
3235 5145 3472 5213 qualibet
3500 5153 3648 5197 secta
3687 5142 3775 5194 iu-

2206 5216 2417 5269 terdum
2455 5216 2726 5269 exsistunt
2758 5215 3143 5269 controversiae
3174 5217 3240 5269 de
3269 5213 3592 5282 quibusdam
3625 5226 3774 5280 qua:-

2203 5286 2474 5339 stionibus
2520 5285 2664 5338 inter
2703 5283 2942 5351 ejusdem
2981 5293 3145 5338 secta:
3194 5283 3561 5351 philosophos.
3603 5283 3772 5337 Iidem

2198 5359 2380 5403 tamen
2403 5352 2473 5403 ob
2492 5357 2653 5403 sectae
2669 5357 2982 5405 societatem
3003 5351 3160 5405 facile
3176 5352 3319 5406 inter
3335 5369 3392 5406 se
3412 5354 3770 5412 conveniunt.

2198 5418 2297 5472 llic
2324 5429 2406 5473 est
2435 5434 2651 5481 sensus,
2687 5427 2746 5472 ut
2769 5419 2985 5487 opinor,
3009 5420 3294 5474 verborum
3330 5421 3696 5476 Constantini.

2273 5487 2542 5561 Q)_V_ulg.
2568 5487 2744 5557 ἡμᾶς.
2771 5487 2912 5561 Lege
2934 5489 3075 5558 ὑμᾶς
3103 5506 3168 5544 ex
3193 5489 3428 5549 Gelasio.
3460 5491 3772 5561 Niceplioro

2201 5567 2255 5614 et
2281 5557 2605 5631 Epiphanio,
2634 5566 2688 5611 et
2711 5559 2871 5631 paulo
2898 5557 3018 5631 post
3049 5561 3105 5610 ὲν
3137 5561 3357 5631 linive:
3391 5561 3580 5616 iisdem
3597 5557 3618 5626 ’;
3646 5566 3770 5631 qui-

2201 5631 2302 5684 bus
2331 5627 2681 5683 cdnsentiunt
2710 5627 2870 5682 codd.
2899 5627 3032 5682 Fuk.
3064 5640 3114 5682 et
3144 5628 3308 5681 Savil.
3340 5638 3393 5682 ct
3416 5632 3630 5686 schedze
3658 5627 3767 5687 Re-

2201 5700 2406 5769 giae.—
2434 5696 2554 5769 Mox
2589 5697 2968 5769 rescripsimus
2997 5701 3166 5769 etiam
3185 5699 3252 5750 δι’
3281 5699 3434 5769 ὑμῶν
3456 5708 3511 5755 et
3533 5701 3766 5769 φιλονει-

2201 5767 2344 5823 κεῖτε
2382 5783 2480 5839 pro
2518 5767 2584 5821 δι’
2613 5767 2771 5839 ήμῶν
2800 5778 2848 5823 el
2879 5767 3486 5839 Qt)~.0‘z$tXO§p£V.EDlT.
