4186 6414
463 345 602 401 10.ίῦ
1563 349 1650 403 DF.
1693 350 1855 406 VlTA
1893 349 2353 407 CONSTANTINI
2393 352 2521 409 LIB.
2563 353 2627 410 ll.
3563 311 3711 418 .1046

453 460 598 526 οὕτω
618 469 709 522 καὶ
742 469 1004 543 μηδαμῶς
1039 469 1352 539 ἀναγκαίων
1411 471 1782 540 φιλονεικεῖτε.
1843 475 2036 546 Δημώ-
2065 480 2106 536 Α

2065 480 2111 536 Α
2140 477 2275 531 adeo
2304 478 2516 547 exiguis
2540 485 2595 533 et
2627 477 2851 534 minime
2889 479 3216 536 necessariis
3244 479 3516 548 rixamlnl,
3547 482 3709 551 impia

455 557 519 628 δη
556 558 730 612 ταῦτά
785 561 922 626 ἐστι,
972 563 1066 615 καὶ
1121 562 1396 625 παιδικαῖς
1443 562 1650 627 ἀνοίαις
1702 565 2036 636 ἁρμόττοντα

2138 571 2476 627 dissensione
2533 569 2813 625 dissideat.
2857 569 3074 627 Plebeia
3119 580 3244 627 sunt
3306 572 3444 637 haec,
3495 581 3551 627 et
3592 587 3712 642 quae

462 650 678 721 μᾶλλον,
708 652 740 722 ἢ
774 655 839 722 τῇ
877 652 989 707 τῶν
1015 653 1205 724 ἱερέων
1245 655 1340 707 καὶ
1375 656 1654 727 φρονίμων
1685 657 1897 728 ἀνδρῶν
1915 675 2038 711 συν-

2136 664 2330 733 puerili
2363 663 2536 732 magis
2565 662 2796 718 inscitiaa
2829 676 2990 731 quam
3020 664 3361 718 sacerdotum
3392 674 3447 720 et
3474 666 3712 733 pruden-

455 745 567 799 έσει
605 747 969 817 προσήκοντα.
1019 746 1369 816 Ἀποστῶμεν
1398 748 1614 812 ἑκόντες
1657 750 1765 802 τῶν
1804 751 2036 804 διαϐολι-

2136 758 2268 809 tium
2320 755 2566 811 virorum
2631 755 2908 824 sapientia:
2965 765 3291 826 congruant.
3343 757 3711 813 Abscedamns

454 839 564 892 κῶν
598 838 938 910 πειρασμῶν.
971 839 1028 892 '0
1061 840 1236 910 μέγας
1257 841 1411 911 ήμῶν
1433 841 1582 905 Θεὸς,
1611 845 1638 897 ὁ
1665 845 1839 909 κοινὸς
1866 847 2036 900 ἁπάν-

2135 857 2323 902 nostra
2349 855 2540 918 sponte
2567 863 2597 902 a
2623 847 2823 902 diaboli
2852 847 3258 904 tentationibus.
3281 848 3545 903 Maximus
3572 847 3711 904 Deus

452 949 559 985 των
591 933 806 1003 Σωτὴρ,
845 931 1021 985 κοινὸν
1057 932 1227 986 ἅπασι
1259 934 1320 986 τὸ
1364 934 1479 1004 φῶς
1517 934 1778 1000 ἐξέτεινεν
1821 937 1918 1009 (8)?
1945 939 2032 1008 ὑφ’

2137 947 2324 993 noster
2353 947 2408 994 et
2439 939 2684 994 omnium
2714 936 2996 1008 Servator,
3031 955 3322 997 commune
3349 941 3562 996 cunctis
3583 954 3707 1010 pro-

452 1019 512 1080 οὗ
541 1028 606 1098 τῇ
643 1026 866 1098 προνοίᾳ
885 1027 1089 1099 ταύτην
1117 1028 1239 1098 ἐμοὶ
1273 1029 1349 1099 τῷ
1381 1028 1689 1102 θεραπευτῇ
1725 1028 2033 1104 τοῦΚρείτ-

2140 1031 2264 1086 tulit
2289 1031 2501 1087 lumen:
2530 1031 2627 1087 sub
2653 1030 2806 1100 cujus
2838 1033 3081 1102 auspicio
3106 1049 3169 1089 ac
3194 1033 3555 1104 providentia,
3579 1031 3711 1087 mihi

450 1135 602 1183 τονος
623 1120 722 1191 τὴν
743 1121 977 1191 σπουδὴν
992 1119 1065 1190 (9)
1084 1122 1162 1184 είς
1177 1120 1329 1186 τέλος
1346 1123 1590 1190 ἐνεγκεῖν
1617 1117 2029 1194 συγχωρήσατε,

2135 1121 2251 1191 ejus
2307 1120 2511 1177 famulo
2556 1131 2610 1177 et
2660 1123 2852 1178 cultori
2908 1125 3206 1191 concedite,
3244 1140 3448 1196 quaeso,
3502 1135 3560 1180 ut
3609 1125 3713 1180 hoc

451 1212 598 1274 ὅπως
623 1211 820 1274 αὐτοὺς
852 1213 980 1274 τοὺς
1018 1212 1224 1266 ἐκείνου
1257 1212 1468 1284 δήμους
1507 1215 1614 1284 ἐμῇ
1649 1215 2031 1287 προσφωνήσει

2134 1229 2270 1283 opus
2301 1215 2368 1268 ad
2393 1214 2597 1270 exitum
2631 1214 2948 1284 perducam,
2991 1231 3098 1286 quo
3129 1216 3280 1287 plebs
3310 1217 3452 1272 illius
3483 1231 3601 1272 mea
3630 1217 3711 1270 al-

451 1306 545 1358 καὶ
577 1304 850 1376 ὑπηρεσίᾳ
897 1305 990 1358 καὶ
1029 1305 1309 1370 νουθεσίας
1338 1307 1608 1372 ἐνστάσει,
1642 1308 1777 1378 πρὸς
1810 1310 1908 1382 τὴν
1933 1310 2032 1380 τῆς

2134 1305 2408 1362 locutione
2430 1315 2592 1376 atque
2623 1319 2808 1375 opera,
2827 1315 2882 1361 et
2908 1307 3337 1363 admonitionum
3367 1308 3620 1364 instantia
3643 1306 3710 1363 ad

452 1399 666 1452 συνόδου
685 1397 961 1452 κοινωνίαν
981 1399 1331 1471 ἐπανάγοιμι.
1374 1401 1589 1474 Ἐπειδὴ
1620 1402 1750 1474 γὰρ,
1777 1402 1854 1467 ὡς
1874 1403 2028 1476 ἐφην,

2134 1405 2439 1455 conventus
2481 1399 2746 1454 unitatem
2777 1408 3086 1454 revocetur.
3120 1398 3254 1453 Nam
3293 1414 3415 1454 cum
3447 1399 3621 1464 vobis,
3653 1407 3713 1454 ut

453 1492 550 1562 μία
579 1509 661 1554 τις
694 1492 840 1543 ἐστιν
874 1489 1001 1560 ὑμῖν
1042 1490 1244 1555 πίστις,
1292 1493 1386 1546 καὶ
1441 1493 1538 1562 μία
1589 1493 1691 1563 τῆς
1733 1494 1854 1548 καθ’
1885 1497 2034 1566 ἡμᾶς

2134 1490 2270 1556 dixi,
2320 1505 2428 1545 una
2483 1489 2784 1560 eademque
2834 1491 2908 1546 sit
2965 1490 3121 1557 ﬁdes,
3171 1506 3279 1545 una
3333 1490 3401 1545 de
3453 1490 3712 1560 religione

450 1583 712 1655 αἱρέσεως
753 1582 983 1646 σύνεσις,
1010 1582 1072 1635 τό
1116 1601 1175 1636 τε
1211 1582 1303 1636 τοῦ
1333 1583 1499 1654 νόμου
1529 1585 1892 1657 παράγγελμα
1919 1587 2028 1659 (10)

2135 1593 2321 1635 nostra
2352 1579 2660 1644 sententia;
2697 1596 2930 1650 cumque
2959 1581 3096 1652 legis
3122 1591 3450 1652 praeceptum
3485 1591 3711 1652 utraque

449 1677 558 1740 τοῖς
589 1677 654 1730 δι’
685 1676 876 1730 ἑαυτοῦ
926 1676 1148 1749 μέρεσιν
1185 1679 1264 1740 είς
1299 1677 1429 1744 μίαν
1454 1677 1633 1751 ψυχῆς
1667 1678 1920 1749 πρόθεσιν
1969 1678 2030 1732 τὸ

2134 1673 2218 1728 sui
2249 1686 2404 1743 parte
2433 1687 2627 1729 omnes
2652 1674 2704 1727 in
2749 1689 2909 1727 unam
2945 1674 3252 1729 animorum
3293 1674 3711 1729 consensionem

447 1768 566 1821 ὅλον
601 1768 894 1837 συγκλείει,
928 1768 1086 1822 τοῦτο
1117 1770 1251 1840 ὅπερ
1279 1769 1466 1839 ὀλίγην
1517 1771 1573 1824 ἐν
1613 1771 1740 1840 ὑμῖν
1782 1771 2028 1844 ἀλλήλοις
2061 1829 2100 1844 ἣ

2061 1829 2102 1844 ἣ
2135 1762 2514 1833 constringat;
2566 1763 2710 1818 istud
2739 1765 2880 1832 quod
2921 1763 3094 1818 levem
3125 1765 3264 1818 inter
3291 1779 3384 1818 vos
3411 1764 3713 1818 contentio-

448 1829 781 1926 φιλονεικίαν
807 1859 1046 1929 ήγειρεν,
1081 1829 1269 1931 ἐπειδὴ
1299 1829 1385 1931 μὴ.
1408 1829 1544 1932 πρὸς
1681 1861 1775 1914 τοῦ
1832 1829 2032 1928 παντὸς
2061 1829 2101 1883 Β

2061 1829 2104 1883 Β
2135 1872 2255 1911 nem
2315 1829 2621 1920 excitavim
2657 1829 3094 1925 quandoquidem
3140 1855 3203 1910 ad
3235 1855 3399 1910 totius
3432 1853 3711 1924 religionis

445 1946 674 2017 δύναμιν
707 1948 920 2019 ἀνήκει,
972 1949 1249 2019 χωρισμόν
1276 1965 1396 2002 τινα
1425 1949 1519 2003 καὶ
1568 1951 1756 2004 στάσιν
1790 1952 1847 2004 ἐν
1902 1951 2030 2022 ὑμῖν

2133 1962 2402 2003 summam
2465 1962 2574 2002 non
2629 1947 2887 2016 pertinet,
2928 1961 3035 2001 non
3077 1955 3160 2001 est
3217 1961 3317 2000 cur
3355 1946 3521 2001 ullum
3568 1945 3711 2000 inter

450 2040 714 2112 μηδαμῶς
746 2040 989 2094 ποιείτω.
1023 2043 1134 2095 Καὶ
1168 2041 1310 2109 λέγω
1343 2041 1540 2106 ταῦτα,
1567 2043 1665 2112 ούχ
1690 2043 1766 2106 ὡς
1791 2042 2032 2111 ἀναγκά-

2133 2055 2230 2095 vos
2286 2040 2571 2095 discidium
2639 2055 2702 2094 ac
2748 2039 3066 2095 seditionem
3132 2039 3313 2093 iaciat.
3370 2039 3551 2110 Atque
3596 2038 3713 2092 bam

447 2133 555 2197 ζων
596 2133 739 2204 ὑμᾶς
781 2134 1077 2199 ἐξάπαντος
1108 2137 1174 2207 τῇ
1210 2134 1328 2189 λίαν
1372 2135 1557 2206 εὐήθει
1583 2135 1679 2189 καὶ
1707 2137 1796 2190 οἵα
1829 2136 2030 2208 δήποτέ

2133 2145 2242 2185 non
2277 2145 2344 2185 eo
2374 2131 2519 2196 dico,
2546 2140 2605 2185 ut
2630 2145 2730 2185 vos
2753 2130 2822 2185 de
2859 2131 3066 2199 inepta,
3098 2138 3152 2184 et
3192 2129 3582 2200 qualiscunque
3617 2130 3712 2183 de-

446 2227 591 2278 ἐστιν
624 2227 862 2296 ἐκείνηή
891 2225 1136 2298 ζήτησις,
1165 2225 1524 2280 συντίθεσθαι.
1552 2225 1784 2280 Δύναται
1813 2226 1920 2299 γὰρ
1937 2229 2030 2282 καὶ

2132 2236 2278 2276 mum
2323 2221 2572 2279 vocanda
2605 2230 2688 2277 est
2715 2221 3039 2292 quaestione,
3078 2223 3221 2278 idem
3255 2222 3478 2277 omnino
3507 2221 3711 2276 sentire

444 2317 506 2369 τὸ
534 2317 634 2386 τῆς
663 2318 878 2371 συνόδου
918 2319 1100 2389 τίμιον
1130 2319 1258 2388 ὑμῖν
1301 2317 1574 2389 ἀκεραίως
1613 2315 1901 2385 σώζεσθαι,
1937 2321 2030 2372 καὶ

2129 2329 2343 2385 cogam.
2368 2313 2549 2372 Potest
2569 2315 2714 2370 enim
2742 2315 2982 2387 gravitas
3009 2322 3310 2370 conventus
3337 2314 3545 2382 integre
3570 2312 3710 2378 apud

449 2407 546 2478 μία
572 2409 666 2461 καὶ
689 2411 722 2479 ἡ
753 2409 892 2481 αὑτὴ
918 2409 1056 2462 κατὰ
1077 2410 1292 2464 πάντων
1314 2409 1566 2464 κοινωνία
1586 2410 1891 2482 τηρεῖσθαι,
1927 2411 2030 2465 κᾶν

2130 2423 2230 2464 vos
2258 2409 2595 2474 conservari,
2625 2417 2681 2464 et
2707 2423 2812 2463 una
2839 2408 3138 2478 eademque
3165 2407 3307 2462 inter
3334 2421 3524 2463 omnes
3545 2405 3710 2478 477

445 2501 754 2572 ταμάλιστά
807 2520 888 2565 τις
941 2503 998 2556 ἐν
1050 2502 1205 2575 μέρει
1257 2503 1393 2575 πρὸς
1430 2502 1692 2574 ἀλλήλους
1724 2505 1852 2576 ὑμῖν
1886 2504 2028 2576 ὑπὲρ

2129 2498 2443 2556 communio
2474 2498 2720 2564 retineri,
2756 2497 3006 2569 quamvis
3051 2499 3283 2553 invicem
3328 2501 3394 2551 de
3427 2512 3485 2550 re
3531 2497 3709 2566 aliqua

447 2591 730 2663 ἐλαχίστου
753 2593 1015 2662 διαφωνία
1048 2594 1292 2667 γένηται·
1339 2597 1526 2666 ἐπειδὴ
1565 2597 1698 2669 μηδέ
1724 2599 1922 2662 πάντες
1968 2599 2027 2652 ἐν

2129 2589 2338 2647 minimi
2367 2593 2628 2648 momenti
2664 2590 3020 2648 dissentiatis.
3075 2589 3357 2660 Siquidem
3414 2602 3515 2644 nec
3565 2587 3705 2642 idem

445 2681 616 2736 ἅπασι
644 2684 808 2738 ταυτὸ
842 2683 1161 2756 βουλόμεθα,
1201 2685 1336 2756 μηδέ
1375 2685 1475 2756 μία
1504 2703 1588 2750 τις
1623 2689 1678 2740 ἐν
1715 2688 1844 2758 ὑμῖν
1867 2686 2028 2758 φύσις

2128 2698 2317 2740 omnes
2349 2682 2599 2739 volumus
2646 2683 2701 2738 in
2753 2683 3028 2748 omnibus,
3087 2697 3187 2736 nec
3215 2695 3320 2734 una
3351 2678 3595 2734 omnium
3629 2678 3711 2730 in-

445 2773 698 2846 ἢγνώμη
738 2775 1096 2830 πολιτεύεται.
1138 2777 1278 2848 Περὶ⁹
1323 2777 1420 2847 μὲν
1453 2773 1546 2831 οὖν
1585 2779 1683 2850 τῆς
1705 2778 1856 2844 θείας
1890 2797 2024 2852 προ-

2127 2777 2277 2833 doles
2304 2784 2388 2831 est
2419 2784 2585 2847 atque
2617 2776 2909 2832 sententia.
2961 2775 3150 2844 Itaque
3183 2775 3250 2830 de
3277 2773 3456 2829 divina
3492 2772 3709 2842 quidem

443 2865 590 2930 νοίας
621 2865 717 2937 μία
743 2885 828 2931 τις
860 2871 917 2920 ἐν
958 2868 1088 2939 ὑμῖν
1123 2868 1263 2922 ἔστω
1292 2869 1492 2934 πίστις,
1521 2869 1618 2941 μία
1649 2869 1883 2935 σύνεσις,
1927 2871 2026 2943 μία

2127 2868 2476 2926 Providentia
2504 2883 2610 2923 una
2635 2868 2778 2923 inter
2807 2882 2905 2923 vos
2933 2868 3003 2923 sit
3030 2866 3184 2932 ﬁdes,
3207 2880 3348 2920 unus
3379 2865 3708 2931 intellectus.

442 2957 683 3030 συνθήκη
713 2956 808 3012 τοῦ
828 2959 1168 3032 Κρείττονος·
1222 2961 1258 3015 ἂ
1304 2961 1350 3015 δ’
1401 2961 1542 3030 ὑπὲρ
1581 2961 1690 3016 τῶν
1728 2961 2026 3032 ἐλαχίστων

2129 2977 2236 3016 una
2268 2961 2334 3016 de
2364 2961 2473 3016 Deo
2506 2961 2814 3016 consensio.
2841 2958 2974 3026 Quae
3006 2974 3138 3014 vero
3175 2957 3239 3013 de
3270 2957 3561 3013 levissimis
3585 2956 3706 3012 istis

440 3049 644 3104 τούτων
701 3047 984 3122 ζητήσεων
1021 3053 1077 3105 ἐν
1127 3052 1378 3124 ἀλλήλοις
1412 3052 1875 3125 ἀκριϐολογεῖσθε,
1920 3053 2026 3109 κᾶν

2128 3051 2523 3122 quaestionibus
2568 3053 2713 3109 inter
2743 3066 2841 3107 vos
2879 3049 3150 3106 subtiliter
3199 3048 3488 3117 disputatis
3512 3090 3528 3115 ,
3582 3049 3709 3104 licet

445 3141 518 3212 μὴ
552 3141 689 3213 πρὸς
721 3143 848 3212 μίαν
895 3143 1120 3215 γνώμην
1142 3144 1513 3217 συμφέρησθε,
1561 3145 1742 3215 μένειν
1778 3144 1909 3197 εἴσω
1934 3144 2023 3199 λο-
2052 3176 2097 3235 C

2057 3176 2097 3235 α
2133 3159 2239 3199 non
2260 3144 2315 3198 in
2332 3142 2582 3200 eamdem
2604 3145 2810 3199 coeatis
2835 3143 3188 3204 sententiam.
3224 3143 3483 3196 interiore
3515 3142 3710 3196 mentis

441 3232 640 3301 γισμοῦ
668 3235 953 3306 προσήκει,
986 3235 1064 3306 τῷ
1093 3237 1192 3307 τῆς
1224 3236 1462 3300 διανοίας
1509 3237 1805 3309 ἀπορρήτῳ
1833 3235 2028 3308 τηρού-
2067 3232 2094 3235 ”

2067 3232 2096 3235 ’“
2133 3234 2464 3308 cogitatione
2499 3234 2780 3290 continere
2828 3245 2883 3288 et
2918 3247 3122 3288 arcano
3146 3232 3384 3302 pectoris
3413 3232 3709 3288 recondere

443 3342 601 3394 μενα.
637 3327 710 3380 Τὸ
751 3328 932 3396 μέντοι
966 3328 1066 3398 τῆς
1093 3329 1277 3400 κοινῆς
1312 3329 1494 3400 φιλίας
1518 3329 1812 3403 ἐξαίρετον,
1845 3335 1937 3388 καὶ
1987 3335 2022 3406 ή

2133 3326 2360 3382 debetis.
2402 3323 2618 3380 Maneat
2654 3322 2809 3377 ﬁrma
2849 3323 2901 3377 in
2939 3321 3091 3377 vobis
3126 3323 3430 3378 communis
3457 3322 3710 3378 amicitia:

439 3416 538 3486 τῆς
559 3415 814 3487 ἀληθείας
835 3417 1040 3482 πίστις,
1075 3420 1110 3488 ἦ
1153 3437 1212 3472 τε
1243 3421 1374 3491 περὶ⁵
1393 3420 1486 3474 τὸν
1521 3420 1653 3476 θεὸν
1681 3424 1773 3478 καί¹
1799 3424 1898 3496 τὴν
1925 3423 2022 3479 τοῦ

2131 3414 2511 3486 praerogativa,
2539 3421 2596 3470 et
2640 3413 2888 3468 veritatis
2925 3413 3078 3480 ﬁdes,
3115 3421 3173 3467 et
3213 3412 3306 3468 Dei
3335 3413 3578 3483 legisque
3603 3414 3707 3467 ub-

441 3507 605 3578 νόμου
630 3507 923 3579 θρησκείαν
954 3510 1109 3581 τιμὴ,
1151 3512 1359 3581 μενέτω
1392 3515 1522 3586 παρ’
1549 3514 1676 3585 ὑμῖν
1701 3516 2015 3583 ἀσάλευτος·

2131 3507 2426 3562 servantia.
2479 3504 2764 3563 Recurrite
2820 3505 2886 3560 ad
2954 3513 3195 3559 mutuam
3253 3505 3598 3560 dilectionem
3655 3513 3709 3559 et

441 3597 764 3652 ἐπανέλθετε
792 3598 855 3668 δὴ
875 3598 1010 3668 πρὸς
1029 3599 1128 3668 τὴν
1153 3598 1397 3670 ἀλλήλων
1419 3599 1601 3668 φιλίαν
1624 3619 1684 3654 τε
1717 3603 1811 3656 καὶ
1835 3605 2014 3676 χάριν,

2128 3597 2448 3653 charitatem
2471 3613 2486 3664 ;
2511 3597 2721 3652 reddite
2744 3596 2999 3653 universo
3026 3597 3221 3668 populo
3243 3612 3369 3653 suos
3399 3600 3704 3666 amplexus.

441 3689 667 3744 ἀπόδοτε
711 3687 789 3758 τῷ
837 3688 951 3758 λαῷ
991 3687 1260 3759 ξύμπαντι
1305 3689 1403 3754 τὰς
1432 3691 1636 3756 οἰκείας
1662 3693 2014 3764 περιπλοκὰς,

2127 3686 2352 3745 Vosmet
2380 3689 2826 3760 ipsi,expurgatis
2856 3690 3010 3745 utita
3037 3691 3213 3745 dicam
3243 3690 3439 3745 animis
3480 3690 3702 3755 vestris,

438 3782 596 3851 ὑμεῖς
625 3797 684 3832 τε
713 3780 864 3834 αὐτοὶ
905 3779 1157 3852 καθάπερ
1183 3780 1281 3844 τὰς
1320 3780 1527 3835 ἐαυτῶν
1565 3782 1743 3854 ψυχὰς
1781 3784 2018 3857 ἐκκαθή-

2127 3795 2221 3837 vos
2247 3779 2487 3835 vicissim
2527 3781 2823 3850 agnoscite.
2880 3780 3034 3852 Saepe
3069 3783 3212 3838 enim
3257 3791 3376 3853 post
3435 3782 3705 3852 depositas

443 3883 634 3934 ραντες
668 3868 798 3940 (Η),
835 3866 990 3934 αὖθις
1035 3871 1296 3943 ἀλλήλους
1337 3872 1623 3940 ἐπίγνωτε.
1665 3874 1857 3929 Ἦδίων
1912 3875 2021 3948 γὰρ

2127 3871 2440 3927 inimicitias
2494 3871 2842 3926 reconciliata
2907 3874 3102 3928 iterum
3153 3873 3358 3944 gratia,
3407 3872 3704 3942 jucundior

441 3958 700 4024 πολλάκις
729 3961 880 4030 φιλία
906 3962 1114 4031 γίνεται
1167 3963 1302 4032 μετά
1335 3963 1433 4035 τὴν
1472 3965 1570 4036 τῆς
1604 3965 1802 4039 ἔχθρας
1827 3967 2022 4022 ἀπόθε-

1042 3981 1114 4018 ιαι
1167 3963 1302 4032 μετὰ
1335 3963 1433 4035 τὴν
1472 3965 1570 4036 τῆς
1604 3965 1802 4039 ἔχθρας
1827 3967 2022 4022 ἀπόθε-
2120 3963 2337 4020 exsistit
2383 3963 2644 4019 amicitia.
2677 3983 2695 4014 ι

441 4066 524 4102 σιν
541 4049 674 4121 (12),
693 4048 847 4117 αὖθις
875 4056 956 4118 είς
976 4055 1319 4126 καταλλαγὴν
1351 4055 1738 4111 ἐπανελθοῦσα.
1785 4076 1802 4109 ι

510 4185 852 4260 (8)-Τὸλφῶς
891 4187 1203 4253 ἐξέτεινεν.
1279 4190 1502 4247 Rectius
1545 4192 1776 4249 dixisset
1811 4194 2018 4249 ἀνέτει-

2198 4191 2310 4260 (ll)
2356 4191 2566 4259 Ψυχὰς
2596 4190 3058 4260 ἐκκαθήραντες,
3092 4190 3143 4245 id
3175 4201 3288 4255 est,
3328 4191 3534 4244 detersa
3573 4190 3701 4244 cali-

445 4254 762 4332 ιενηΡειιιιζ)
806 4254 1099 4332 anteilego
1145 4275 1214 4314 ex
1263 4263 1421 4316 codd.
1472 4261 1606 4317 Fuk.
1659 4272 1715 4319 et
1749 4264 1942 4327 Savil.,
1989 4264 2017 4316 ὁ
2124 4254 2243 4332 gnie
2275 4254 2625 4332 simultatum,
2658 4278 2764 4331 qua
2808 4254 3028 4332 mentis
3055 4269 3241 4316 vestra:
3277 4254 3443 4332 acies
3463 4268 3578 4314 erat
3610 4263 3702 4315 ob-

438 4325 615 4401 κοινός
626 4327 897 4401 ,ἀπάντων
924 4325 1134 4401 Σωτήρ.
1292 4399 1299 4401 _
1931 4325 1937 4327 ⁷

2125 4325 2284 4385 ducta
2307 4341 2463 4397 atque
2491 4325 2792 4385 obscurata.
2821 4331 3080 4401 Sequitur
3114 4333 3256 4384 enim
3291 4329 3557 4401 ἀλλήλους
3587 4332 3701 4387 ἐπί-

510 4348 615 4389 ινος
644 4348 897 4382 απαντων
924 4348 1073 4399 mn
1122 4367 1134 4382 .
2125 4348 2156 4384 a

510 4395 588 4467 (9)
626 4395 787 4470 Vulg.
814 4397 1050 4467 Ταύτην
1067 4348 1215 4470 {poi}
1243 4399 1363 4468 τὴν
1377 4402 1680 4468 σπουδήν,
1707 4403 1758 4458 id
1779 4413 1881 4469 est,
1920 4405 2016 4457 hoc
2125 4418 2160 4470 γ

2125 4348 2284 4385 ααειιι
2307 4348 2463 4397 atque
2491 4348 2792 4385 oascurata.
2821 4348 3080 4401 aeqnttnr
3114 4348 3256 4384 emm
3291 4348 3557 4401 αΛΑηΑους
3587 4348 3696 4387 επι-

2125 4417 2321 4470 γνωτε,
2351 4401 2403 4456 id
2428 4409 2547 4470 est,
2590 4415 2676 4455 vos
2723 4401 2951 4456 vicissim
2981 4403 3265 4465 agnoscite,
3297 4402 3696 4469 amplectimini,

437 4481 612 4566 "zeum
647 4469 879 4566 ciuilium
894 4479 1060 4566 utque
1089 4472 1418 4566 institutum,
1449 4475 1872 4566 concordiamjn
1905 4471 2013 4566 Ec:
2043 4512 2088 4566 Β
2119 4472 2375 4566 salutate].
2411 4469 2617 4538 Quibus
2633 4471 2833 4566 verbis.
2887 4471 3126 4526 alludere
3165 4471 3381 4566 videtur
3431 4470 3700 4566 Qonstan:

436 4534 600 4610 etesia
642 4534 985 4610 stabiliendi;
1018 4557 1298 4610 omnesque
1333 4534 1572 4596 homines
1603 4545 1672 4595 ad
1715 4545 1873 4598 unius
1915 4545 2011 4599 Dei
2043 4534 2088 4566 υ
2119 4541 2263 4596 tinus
2291 4541 2360 4596 ad
2387 4534 2592 4595 morem
2633 4540 3066 4595 Christianorum
3101 4541 3182 4594 sui
3223 4541 3484 4610 temporis
3509 4579 3523 4602 ,
3555 4545 3697 4610 apud

436 4607 651 4680 c_ultum_
675 4609 1008 4680 traducendi.
1059 4609 1135 4663 De
1167 4607 1275 4679 quo
1327 4613 1507 4666 studio
1557 4613 1695 4667 dixit
1739 4612 2010 4668 Coristan-
2113 4626 2250 4680 quos
2281 4612 2333 4665 in
2373 4611 2548 4666 sacris
2598 4612 2980 4673 conventibus,
3019 4611 3147 4665 dum
3182 4609 3412 4680 p0pulus
3455 4610 3522 4662 ad
3572 4607 3698 4680 per-

439 4674 585 4754 tinus
639 4677 792 4732 initio
846 4676 1003 4746 hujus
1052 4674 1316 4748 epistolae,
1360 4689 1415 4736 et
1451 4681 1578 4738 alibi
1636 4683 1842 4752 passim
1890 4683 2009 4754 glo-
2114 4674 2417 4754 ceptionem
2446 4680 2826 4754 misteriorum
2858 4674 3461 4754 accederetfdiacouns
3498 4674 3698 4754 safpins

438 4747 627 4821 t'iatn‘r.
655 4817 722 4821 __
902 4815 928 4821 _
1011 4817 1021 4821 Α
1089 4747 1097 4748 ί
1320 4819 1330 4821 _
1636 4747 1654 4752 ⁷
1892 4747 1919 4754 ’

2115 4747 2471 4806 inclamabat:
2491 4747 2948 4821 Ἐπιγιγνὼσκετε
2962 4749 3241 4821 ἀλλήλους,
3258 4763 3322 4803 ne
3348 4750 3471 4821 quis
3488 4747 3697 4807 scilicet

651 4817 722 4891 Td
739 4833 803 4891 τε
820 4815 930 4891 τοῦ
947 4817 1135 4891 νόμοι)
1173 4819 1581 4891 παράγγελμα.
1615 4821 1727 4878 Lex
1759 4822 1902 4878 enim
1927 4824 2010 4878 ni-
2113 4837 2160 4890 pl

2113 4820 2372 4890 profanus
2397 4829 2489 4891 aut
2518 4815 2734 4874 Judaans
2761 4820 2829 4872 ad
2861 4815 3094 4874 sacram'
3118 4815 3694 4891 meusardirrepcret,

507 4835 619 4883 um
651 4835 720 4868 ιο
739 4835 803 4870 τε
823 4835 930 4871 του
947 4835 1135 4887 νομου
1173 4835 1581 4891 παραγγελμα.
1615 4835 1727 4878 Lex
1759 4837 1902 4878 enim
1927 4835 2010 4878 ιιι-
2113 4835 2372 4890 protanns
2397 4835 2489 4875 aut
2518 4835 2734 4874 Jnuaaus
2761 4835 2829 4872 au
2861 4835 3076 4874 sacram
3118 4835 3358 4874 mensam
3394 4835 3694 4944 tri-egeret,

439 4884 514 4960 ltil
544 4886 687 4938 aliud
710 4888 862 4960 nobis
891 4887 1320 4958 praecipitqnam
1351 4893 1693 4958 charitatem,
1720 4892 2012 4950 utscilicet
2114 4900 2172 4944 ut
2200 4891 2362 4945 docet
2400 4890 2825 4960 Chrysostomus
2865 4891 2918 4944 in
2956 4891 3207 4960 oratione
3260 4888 3435 4958 prima
3539 4899 3694 4943 antra

440 4954 606 5033 Deum
645 4954 1027 5033 quidem_toto
1059 4954 1244 5033 cordis
1287 4960 1482 5033 aﬂ‘ectn
1520 4954 1843 5033 diligamus,
1877 4977 2008 5033 ιιι-ο·
2111 4954 2830 5033 ,Ιιιιίῳοεηρθεξμρηιοιηὶ
2869 4961 3049 5033 primi.
3102 4954 3509 5033 Eodenrverbo
3550 4975 3689 5033 usus

438 5023 638 5098 simum
667 5023 811 5098 vero
837 5025 982 5081 sicut
1012 5031 1392 5097 nosmetipsos.
1429 5031 1487 5084 ln
1519 5031 1606 5086 his
1630 5023 1851 5087 duobus
1877 5023 2006 5087 'tota
2111 5023 2444 5084 estMarcion
2461 5023 2580 5084 cum
2599 5023 2955 5098 Polycarpum
2975 5029 3266 5098 aliquando
3282 5029 3531 5095 vidisset,
3549 5029 3696 5083 Ἐπι-

437 5095 521 5147 lex
563 5095 846 5171 consistit,
893 5107 965 5171 u_t_
998 5098 1075 5171 ait
1125 5095 1382 5171 Dominus
1418 5101 1473 5154 in
1519 5101 1832 5171 Evangelia.
1884 5101 2007 5158 Haec
2111 5099 2344 5171 γίνωσκε
2386 5101 2554 5171 ἡμᾶς,
2582 5095 2731 5155 nteit
2772 5095 2975 5154 Irenaeo
3007 5095 3174 5154 refert
3208 5099 3473 5153 Eusebius
3509 5102 3560 5153 in
3593 5100 3668 5155 lib

438 5179 542 5240 uou
597 5165 862 5240 intellexit
905 5165 1469 5240 Christopltorsonus,
1521 5174 1615 5240 qui
1671 5165 1751 5226 sic
1807 5175 2004 5236 vertit,
2112 5165 2165 5222 tv
2198 5165 2475 5224 Historiae.
2511 5169 2690 5224 Latini
2732 5185 2962 5240 quoque
3012 5172 3275 5240 verbuth
3315 5179 3683 5236 recognoscere

435 5231 712 5312 Unumque
741 5235 876 5303 leges
915 5254 977 5290 ac
1016 5231 1308 5312 disciplina:
1351 5231 1650 5296 instituium
1695 5243 1856 5311 (quod
1899 5231 2010 5312 qui;
2115 5250 2476 5312 usurpant_eo
2507 5256 2692 5296 sensu.
2724 5231 2905 5312 Sicin
2943 5242 3194 5308 passione
3229 5231 3522 5312 Fructuosi
3572 5241 3691 5310 epi-

434 5306 550 5356 dem
586 5320 701 5382 cum
747 5316 856 5359 suis
889 5307 1125 5382 partibus
1162 5309 1460 5363 universum
1502 5306 1754 5366 Ecclesia:
1796 5306 2006 5382 corpus,
2111 5306 2356 5382 scopi:_t
2383 5309 2517 5364 Cum
2549 5325 2608 5365 se
2634 5306 3269 5382 excalciasset,_accessit
3293 5310 3360 5363 ad
3392 5306 3692 5382 cumpca—m-

432 5375 786 5451 consemielue
826 5378 1158 5451 animorum
1186 5382 1472 5451 concurdia
1514 5391 1564 5436 et
1604 5375 2008 5451 proposito'de;
2112 5375 2283 5434 milito
2311 5379 2483 5434 frater
2515 5390 2702 5435 noster
2751 5382 2968 5434 nomine
3006 5379 3182 5445 Felix,
3218 5378 3688 5448 apprehenditqne

433 5442 1228 5522 vincit).“RectiushPort‘esius
1255 5442 1735 5522 guPrwcepmmqu'e
1777 5453 1906 5520 legis
1950 5453 2006 5506 in
2110 5452 2356 5505 dextram
2409 5450 2547 5519 ejus,
2587 5464 2981 5522 recognoscens
3014 5442 3689 5517 enimet-deprecans'ut

431 5515 483 5563 ut
521 5514 762 5568 omnibus
791 5518 1024 5584 partibus
1068 5518 1343 5583 incumbit,
1375 5532 1429 5573 ut
1465 5514 1519 5574 in
1566 5514 1725 5575 unum
1774 5514 2007 5575 animum
2110 5523 2192 5574 sui
2230 5514 2450 5574 memor
2468 5514 2632 5575 esset.
2667 5541 2686 5573 ι
2715 5514 2742 5568 ἶ

432 5587 725 5662 uniuersum
747 5587 1043 5662 c~oncl_udat.
1065 5587 1224 5662 Furte
1243 5592 1407 5645 etiam
1427 5593 1771 5662 scribendum
1790 5602 1873 5646 est
1893 5594 2006 5656 τοῖς

2184 5588 2477 5662 (ιεηυιε.
2505 5590 2615 5661 τῆς
2645 5591 2864 5662 ἔχθρας
2883 5591 3193 5647 ὑπόθεσιν.
3220 5586 3579 5662 Scribe‘ndum
3602 5595 3688 5643 est

429 5651 590 5733 6oo‘tv_
627 5652 794 5733 αὐτοῦ
830 5656 1070 5733 μέρεσιν.
1106 5659 1406 5733 Dnaasunt
1439 5661 1584 5715 enim
1619 5672 1805 5733 partes
1849 5651 2006 5727 hujus

2109 5651 2388 5726 ἀπόθεσιν,
2416 5651 2714 5733 ιῖιίιθᾲῖιυῖ
2736 5651 2874 5733 apud
2897 5663 3170 5717 Gelasium
3203 5656 3682 5733 et_1‘i_icephoruln.

432 5724 694 5786 iuandati,
729 5724 956 5802 quaruin
995 5728 1165 5784 altera
1198 5731 1264 5786 ad
1298 5730 1491 5798 Deum,
1523 5724 1692 5786 altera
1722 5731 1788 5787 ad
1823 5724 2005 5801 pro—xi-
2110 5737 2285 5799 Atque
2329 5724 2402 5786 ita
2451 5724 2604 5802 plan'e
2636 5724 2895 5800 scrip'tuin
2949 5735 3203 5789 exhibent
3242 5726 3377 5782 Fuit.
3420 5726 3581 5782 codd.
3606 5737 3690 5782 ἐι

433 5808 576 5844 tuum
621 5795 870 5860 pertinet.
1479 5795 1487 5798 ’
1823 5795 1837 5801 ’
2112 5795 2277 5856 Savil.
2307 5815 2359 5858 ct
2385 5795 2600 5858 scitcda:
2634 5795 2830 5872 [ἱρεῖαι.
