4186 6424
418 366 557 422 1053

1504 370 1594 424 DE
1633 370 1797 426 VITA
1833 368 2296 428 CONSTANTINI
2332 369 2590 439 LIBQIII.

3530 370 3668 425 1054

421 482 594 553 pexi;
628 478 941 551 ἐμφυλίους,
992 482 1213 553 εἰρήνης
1254 483 1311 536 ἐν
1347 482 1523 553 καιρῷ
1561 483 1654 538 καὶ
1699 482 1805 553 μὴν
1821 482 1994 553 θυμη-

2100 497 2161 537 ac
2190 482 2390 538 laetitiae
2418 492 2660 553 tempore
2692 481 2953 537 tumultus
2981 489 3035 537 et
3082 481 3337 538 intestina
3361 481 3497 537 bella
3528 483 3578 535 in
3604 499 3666 536 ea

417 573 536 635 δίας
595 570 910 641 εἰργάζετο·
968 573 1061 625 καὶ
1118 572 1223 643 μὴν
1274 570 1525 641 βασιλεὺς
1572 572 1685 643 (16)
1747 572 1865 643 Θεῷ
1904 574 1991 641 φί-

416 664 529 728 λος,
594 663 702 715 τῶν
756 661 905 732 αὐτῷ
944 662 1262 730 πρεπόντων
1316 662 1376 714 οὑ
1428 660 1821 732 κατωλιγώρει,
1867 663 1996 717 πάν-

416 773 485 811 τα
531 754 587 808 δὲ
642 753 898 825 πράττων
935 753 1193 806 τάναντία
1242 752 1353 824 (I7)
1396 755 1508 817 τοῖς
1560 751 1756 823 μικρὸν
1789 751 1994 823 ἐμπρο⁴

420 846 545 900 σθεν
593 846 698 899 ὑπὸ
740 845 839 916 τῆς
859 844 1187 916 τυραννικῆς
1230 845 1511 915 ὠμότητος
1552 844 1991 915 τετολμημένοις,

421 938 621 1001 παντὸς
649 933 717 1008 ἦν
751 936 946 1008 ἐχθροῦ
976 938 1071 991 καὶ
1096 937 1355 1007 πολεμίου
1384 937 1668 1010 κρείττων.
1700 936 1909 992 Αὐτίκα
1948 937 1993 991 δ’

421 1025 516 1083 οὖν
539 1032 588 1082 οἱ
623 1028 763 1100 (17⁸)
791 1030 948 1094 θεοὺς
978 1031 1105 1092 τοὺς
1134 1029 1208 1100 μὴ
1234 1029 1395 1092 ὄντας
1420 1029 1704 1092 παντοίαις
1731 1030 1997 1099 ἀνάγκαις

419 1119 700 1184 ἐϐιάζοντο
746 1120 946 1185 σέϐειν,
1002 1119 1097 1173 τοῦ
1140 1119 1293 1183 ὄντος
1351 1118 1685 1189 ἀφεστῶτες,
1737 1121 1766 1172 6
1820 1120 1864 1173 δ’
1912 1122 1994 1174 ὅτι

422 1214 495 1288 μὴ
525 1217 683 1277 είσὶν,
700 1213 887 1285 ,ἔργοις
908 1213 1002 1267 καὶ
1027 1212 1205 1281 λόγοις
1227 1212 1566 1283 ἀπελέγχων,
1584 1212 1675 1267 τὸν
1694 1212 1851 1282 μόνον
1867 1212 1996 1267 ὄντα

418 1304 720 1376 παρεκάλει
757 1303 1062 1373 γνωρίζειν.
1111 1298 1226 1355 Εἶθ’
1279 1305 1325 1355 οἱ
1380 1304 1477 1373 μὲν
1531 1301 1868 1373 βλασφήμοις
1905 1301 1996 1356 τὸν

417 1397 656 1468 Χριστὸν
698 1395 794 1450 τοῦ
829 1394 963 1448 Θεοῦ
1008 1393 1352 1465 διεχλεύαζον
1394 1397 1619 1463 φωναῖς,
1667 1396 1697 1447 6
1722 1394 1799 1458 δὲ,
1831 1395 1915 1463 ἐφ’
1952 1386 1996 1461 ᾧ

420 1488 657 1559 μάλιστα
699 1489 748 1541 οί
781 1487 930 1543 άθεοι
970 1486 1070 1550 τὰς
1109 1485 1460 1556 βλασφημίας
1500 1486 1796 1550 ἐπέτεινον,
1833 1486 1998 1556 ἐγρά-

418 1597 549 1650 φετο
574 1579 942 1650 φυλακτήριον
969 1578 1103 1649 (18),
1130 1577 1210 1649 τῷ
1244 1577 1340 1632 τοῦ
1371 1576 1577 1641 πάθους
1605 1579 1997 1648 σεμνυνόμενος

416 1672 681 1744 τροπαίῳ
711 1671 759 1723 οἱ
794 1671 892 1742 μὲν
907 1670 1156 1741 ἤλαυνον,
1185 1670 1404 1733 ἀοίκους
1431 1670 1526 1724 καὶ
1552 1668 1834 1732 ἀνεστίους
1863 1668 1995 1722 καθ-

421 1762 677 1827 ιστῶντες
723 1764 849 1825 τοὺς
887 1760 1227 1832 θεραπευτὰς
1243 1760 1337 1814 τοῦ
1370 1759 1632 1832 Χριστοῦ,
1657 1762 1685 1813 6
1714 1759 1772 1813 δέ
1801 1760 1998 1813 ἀνεκαο

2095 574 2389 629 excitabat.
2427 576 2646 630 Interim
2676 588 2809 628 vero
2842 572 2952 628 Deo
2980 572 3182 627 cliarus
3206 573 3518 643 imperator,
3549 587 3670 634 quae

2095 668 2176 720 sui
2205 665 2366 722 oﬂicii
2400 677 2559 719 erant
2584 665 2809 719 minime
2837 665 3110 734 neglexit,
3138 679 3360 735 prorsus
3395 667 3670 720 contraria

2096 759 2163 814 iis
2195 772 2314 827 qua:
2364 759 2643 828 tyrannica
2701 757 2998 812 crudelitas
3053 756 3215 827 paqu
3251 766 3377 811 ante
3411 771 3670 826 praesum-

2095 864 2303 926 pserat,
2321 870 2483 924 agere
2501 854 2742 907 studens.
2763 851 2948 921 anue
2966 853 3175 907 ratione
3195 852 3408 907 cunctis
3422 851 3670 906 hostibus

2095 955 2259 1013 atque
2307 942 2544 998 inimicis
2590 944 2844 1012 superior
2884 940 3007 998 fuit.
3040 941 3171 996 Nam
3199 942 3430 1011 primum
3454 940 3669 1009 quidem

2094 1036 2172 1091 illi
2201 1050 2231 1089 a
2268 1035 2381 1089 veri
2418 1033 2511 1089 Dei
2545 1033 2694 1088 cultu
2733 1034 2918 1098 alieni,
2951 1044 3176 1089 cunctos
3202 1033 3454 1088 mortales
3477 1034 3542 1087 ad
3574 1031 3670 1086 fal-
3720 1065 3728 1072 -

2095 1141 2277 1183 sorum
2307 1125 2588 1180 numinum
2617 1123 2821 1180 cultum
2861 1125 3032 1179 variis
3079 1125 3254 1180 modis
3293 1139 3387 1193 per
3416 1125 3524 1178 vim
3555 1126 3671 1179 adi-

2096 1219 2312 1288 gebant.
2368 1215 2470 1272 llic
2508 1231 2638 1272 vero
2668 1218 2799 1273 deos
2840 1217 2963 1272 illos
3002 1216 3315 1286 neutiquam
3364 1230 3511 1283 esse,
3556 1224 3670 1272 tum

2096 1311 2302 1375 verbis,
2357 1318 2469 1363 tum
2520 1309 2701 1378 reipsa
2733 1310 3085 1375 convincens,
3140 1308 3422 1365 universos
3452 1311 3519 1366 ad
3557 1310 3674 1377 ejus

2096 1402 2189 1471 qui
2216 1402 2364 1456 solus
2394 1410 2478 1456 est
2503 1401 2642 1457 Deus
2679 1402 3005 1470 agnitionem
3061 1400 3309 1456 hortatus
3334 1410 3436 1455 est.
3458 1400 3541 1456 Ad
3558 1402 3674 1456 hac

2096 1492 2177 1548 illi
2223 1491 2500 1547 Christum
2535 1490 2633 1545 Dei
2693 1491 2874 1559 impiis
2923 1489 3148 1545 vocibus
3182 1487 3533 1543 deridebant:
3586 1490 3674 1544 hic

2098 1596 2229 1637 vero
2263 1580 2392 1636 illud
2437 1580 2616 1650 ipsum
2666 1580 2809 1650 quod
2863 1579 3012 1648 impii
3072 1578 3317 1633 homines
3375 1577 3675 1634 maledictis

2101 1668 2378 1739 prmeipue
2402 1667 2775 1734 incessebant,
2817 1667 3018 1723 salutis
3052 1668 3357 1736 praesidium
3388 1681 3509 1722 esse
3536 1668 3673 1722 scri-

2058 1783 2062 1788 η
2101 1761 2233 1830 psit.
2279 1759 2580 1815 Dominiezn
2608 1760 2877 1830 passionis
2910 1770 3113 1829 trapzeo
3159 1774 3278 1815 sese
3309 1758 3561 1816 eﬂ'erens.
3595 1758 3674 1815 Illi

417 1848 560 1904 λεῖτο
624 1850 752 1912 τοὺς
815 1847 1043 1914 πάντας,
1109 1848 1205 1902 κα)¹
1253 1851 1375 1910 ταῖς
1435 1848 1665 1910 οἰκείαις
1748 1846 1999 1901 ἀπεδίδου

2104 1853 2341 1907 cultores
2396 1852 2597 1908 Christi
2648 1853 3136 1922 persequebantur,
3182 1866 3385 1920 eosque
3426 1852 3585 1907 domo
3613 1867 3678 1906 ac

416 1940 642 2004 ἑστίαις.
676 1940 740 1993 Οί
790 1939 889 2011 μὲν
909 1940 1156 2010 ἀτιμίαις
1192 1938 1567 2012 περιέϐαλλον,
1611 1941 1639 1992 ὁ
1664 1938 1720 1992 δὲ
1749 1938 2000 2009 ἐντίμους

418 2028 513 2081 καὶ
546 2027 820 2099 ζηλωτοὺς
861 2028 1091 2097 καθίστη
1115 2031 1226 2093 τοῖς
1255 2028 1458 2083 ἅπασιν
1485 2046 1498 2059 ·
1530 2030 1580 2081 οί
1617 2030 1714 2099 μὲν
1741 2028 2001 2100 ἐδήμευον

419 2120 637 2185 ἀδίκως,
660 2120 768 2177 τῶν
796 2121 1065 2175 θεοσεϐῶν
1089 2120 1506 2193 ἀφαρπάζοντες
1529 2122 1656 2184 τοὺς
1696 2119 1861 2184 βίους,
1888 2122 1917 2173 6
1944 2119 2001 2173 δὲ

421 2212 696 2277 ἀπεδίδου,
750 2213 1027 2276 πλείστοις
1078 2211 1589 2282 ἐπιδαψιλευόμενος
1645 2211 1998 2282 χαρίσμασιν.

419 2304 481 2357 Oi
508 2303 607 2374 μὲν
653 2302 1012 2374 διατάγμασιν
1044 2302 1343 2374 ἐγγράφοις
1377 2301 1475 2365 τὰς
1528 2298 1669 2353 κατά
1706 2298 1815 2353 τῶν
1871 2315 2003 2369 προ-

417 2394 588 2465 έδρων
622 2393 970 2465 ἐδημοσίευον
1011 2393 1375 2464 συκοφαντίας
1423 2391 1558 2463 (19),
1585 2393 1613 2444 ό
1653 2390 1709 2443 δὲ
1745 2389 1999 2460 ἔμπαλιν,

423 2485 664 2556 ἐπαίρων
693 2485 789 2539 καὶ
815 2485 1034 2555 ἀνυψῶν
1059 2488 1125 2557 τῇ
1154 2485 1284 2556 παρ’
1313 2483 1463 2554 αὐτῷ
1489 2484 1621 2554 τιμῇ
1641 2483 1765 2546 τοὺς
1780 2481 2008 2557 ἄνδρας..

423 2577 820 2650 προγράμμασι
862 2578 957 2631 καὶ
996 2577 1180 2649 νόμοις
1216 2574 1669 2646 διαφανεστέρους
1702 2574 1895 2627 ἐποίει.
1939 2575 2001 2627 Οἱ

424 2670 523 2739 μὲν
563 2671 629 2723 ἐκ
680 2670 895 2743 βάθρων
936 2671 1062 2734 τοὺς
1107 2668 1436 2741 εύκτηρίους
1480 2668 1661 2732 οἴκους
1706 2665 1999 2738 καθῄρουν,

420 2759 630 2815 ἄνωθεν
670 2761 729 2828 ἐξ
778 2760 945 2831 ὕψους
970 2759 1481 2831 καταστρωννύντες
1526 2760 1607 2820 είς
1642 2756 1855 2825 ἔδαφος,
1891 2759 1920 2809 6
1944 2755 2003 2809 δέ

418 2849 519 2915 τάς
539 2850 705 2918 οὔσας
738 2851 1005 2922 ὐψοῦσθαι
1031 2851 1125 2907 καὶ
1146 2852 1463 2923 καινοτέρας
1486 2849 1804 2904 ἀνίστασθαι
1830 2864 2002 2920 μεγα-

420 2942 706 3014 λοπρεπῶς
733 2944 794 3009 ἐξ
816 2934 996 2997 αὐτῶν
1019 2943 1128 2999 τῶν
1164 2943 1457 3014 βασιλικῶν
1495 2940 1783 3013 θησαυρῶν
1823 2941 2005 3011 ἐνομο-

422 3033 589 3089 θέτει.
614 3037 695 3112 ,οί
716 3037 813 3106 μὲν
856 3037 925 3091 τὰ
960 3036 1291 3091 θεόπνευστα
1339 3034 1495 3102 λόγια
1525 3033 1706 3103 ἀφανῆ
1751 3031 2001 3086 ποεῖσθαι

422 3127 558 3199 πυρὶ
597 3128 863 3197 φλεγέντα
903 3130 1287 3200 προσέταττον,
1337 3129 1365 3180 6
1389 3125 1447 3179 δέ
1479 3124 1769 3178 καὶταῦτα
1799 3122 2002 3196 πληθύ-

2104 1943 2392 2013 penatibus
2437 1941 2831 1999 exturbabant:
2874 1940 2965 1997 hic
3002 1950 3231 1997 cunctos
3272 1943 3340 1997 ab
3367 1942 3557 1996 exsilio
3592 1957 3679 1997 re-

2101 2035 2338 2100 vocavit,
2368 2045 2424 2089 et
2450 2034 2742 2089 domiciliis
2760 2033 2874 2089 suis
2899 2034 3157 2090 restituit.
3190 2032 3264 2086 Illi
3299 2047 3394 2088 eos
3416 2032 3679 2089 uetabant

2104 2127 2351 2191 infamia,
2399 2124 2491 2180 hic
2537 2124 2833 2181 honoribus
2885 2124 3056 2189 auxit,
3083 2134 3138 2179 et
3167 2123 3351 2178 felices
3386 2137 3450 2178 ac
3489 2123 3677 2177 beatos

2102 2217 2343 2273 omnium
2387 2216 2594 2286 judicio
2619 2214 2817 2271 eﬂ'ecit.
2862 2214 2939 2269 Illi
2974 2214 3066 2270 Dei
3118 2216 3387 2269 cultorum
3417 2214 3551 2268 bona
3594 2214 3678 2267 iu-

2099 2308 2248 2380 juste
2293 2307 2642 2378 publicabant
2698 2322 2762 2362 ac
2800 2307 3129 2376 diripiebant
3164 2324 3177 2359 :
3207 2306 3296 2361 hic
3350 2321 3454 2360 non
3503 2305 3676 2359 solum

2103 2399 2239 2470 ipsis
2282 2400 2423 2454 bona
2470 2415 2566 2453 sua
2604 2398 2886 2465 restituit;
2917 2398 3010 2453 sed
3050 2397 3298 2467 plurimis
3341 2397 3559 2465 insuper
3587 2396 3681 2449 be-

2104 2489 2314 2545 neﬂciis
2358 2487 2583 2543 aﬂ'ectos
2611 2486 2988 2556 locupletavit.
3042 2486 3119 2541 Illi
3158 2486 3377 2555 scriptis
3414 2485 3679 2540 constitu-

2062 2608 2063 2611 η
2106 2582 2340 2637 tionibus
2370 2579 2676 2634 calumnias
2721 2580 2983 2633 adversus
3013 2577 3381 2632 Ecclesiarum
3423 2574 3680 2646 praesides

2103 2674 2451 2745 divulgabant
2478 2692 2491 2728 :
2526 2673 2613 2728 hic
2640 2681 2835 2728 contra
2889 2672 3111 2727 eosdem
3143 2672 3288 2726 viros
3336 2671 3599 2729 extollens
3626 2682 3684 2728 et

2106 2770 2311 2824 honore
2358 2766 2619 2835 aﬂicieus,
2668 2767 2863 2822 edictis
2899 2780 2962 2820 ac
3005 2764 3219 2834 legibus
3259 2764 3569 2835 propositis,
3617 2765 3684 2819 il-

2104 2860 2395 2916 lustriores
2443 2874 2608 2929 quam
2660 2871 2821 2913 antea
2877 2858 3135 2913 reddidit.
3188 2855 3253 2913 Et
3330 2856 3406 2912 illi
3463 2857 3682 2927 quidem

2102 2953 2339 3009 oratoria
2384 2948 2627 3004 funditus
2682 2948 3037 3014 evertebaut,
3095 2957 3150 3002 et
3210 2947 3278 3002 ab
3317 2945 3450 3016 ipsis
3493 2946 3685 3001 culmi-

2105 3043 2263 3098 nibus
2311 3057 2481 3110 usque
2529 3041 2596 3095 ad
2645 3040 2818 3095 solum
2885 3039 3113 3108 disiecta
3167 3037 3492 3093 sternebant
3532 3057 3544 3092 :
3593 3038 3683 3093 hic

2103 3134 2267 3206 583
2296 3147 2427 3187 vero
2481 3133 2717 3187 oratoria
2768 3144 2888 3198 quae
2918 3130 3093 3184 adhuc
3138 3140 3485 3199 superessent
3518 3128 3683 3184 altius

424 3236 536 3272 νειν
569 3219 683 3289 (20)
724 3222 790 3275 ἐκ
824 3219 1115 3292 βασιλικῶν
1149 3218 1439 3291 θησαυρῶν
1474 3215 1881 3288 μεγαλοπρεπεῖ
1904 3234 2000 3270 πα-

2108 3226 2261 3294 erigi,
2296 3232 2351 3279 et
2381 3236 2519 3278 nova
2558 3222 2847 3292 magniﬁco
2878 3220 3024 3275 cultu
3056 3220 3284 3288 prolatis
3312 3235 3379 3274 ex
3408 3220 3681 3290 imperiali

426 3312 669 3382 ρασκευῇ
700 3308 1245 3383 πολυπλασιαζόμενα
1270 3309 1600 3380 ἐνομοθέτει.
1637 3309 1700 3363 Οἱ
1738 3308 1836 3378 μὲν
1879 3323 1977 3360 συν

437 3400 591 3466 όδους
618 3401 933 3455 ἐπισκόπων
953 3401 1175 3472 μηδαμῆ
1203 3400 1467 3471 μηδαμῶς
1479 3399 1682 3470 τολμᾷν
1702 3397 2004 3470 προσέτατ-

427 3510 519 3547 τον
549 3492 843 3561 ποιεῖσθαι,
878 3495 906 3545 6
929 3493 987 3545 δέ
1014 3494 1139 3558 τοὺς
1169 3491 1227 3558 ἐξ
1253 3492 1510 3546 ἁπάντων
1542 3490 1651 3544 τῶν
1679 3489 1848 3543 ἐθνῶν
1877 3487 2005 3559 παρ’

429 3583 609 3655 ἐαυτῷ
652 3584 986 3655 συνεκρότει,
1025 3583 1312 3654 βασιλείων
1340 3584 1390 3635 τ’
1428 3583 1560 3636 εῐσω
1599 3583 1876 3655 παρεῖναι,
1909 3578 2008 3636 καὶ

430 3674 594 3746 μέχρι
626 3674 734 3728 τῶν
766 3674 1031 3728 ἐνδοτάτω
1066 3678 1288 3746 χωρεῖν,
1312 3674 1498 3738 ἑστίας
1520 3690 1581 3728 τε
1606 3675 1701 3728 καὶ
1725 3672 2006 3745 τραπέζης

430 3765 717 3838 βασιλικῆς
749 3769 1040 3832 κοινωνοὺς
1066 3767 1320 3837 γενέσθαι
1361 3766 1534 3837 ἠξίου.
1563 3767 1626 3819 υί
1667 3767 1768 3837 μὲν
1804 3765 2005 3837 ἐτίμων

428 3857 738 3929 ἀναθήμασι
770 3858 897 3923 τοὺς
933 3858 1214 3929 δαίμονας,
1265 3862 1294 3914 6
1320 3859 1376 3913 δέ
1399 3858 1716 3929 ἀπεγύμνου
1742 3857 1843 3928 τὴν
1871 3856 2008 3911 πλά-

428 3967 547 4020 νην,
577 3949 677 4021 τὴν
710 3948 982 4021 ἄχρηστον
1022 3950 1129 4004 τῶν
1162 3951 1526 4022 ἀναθημάτων
1563 3950 1696 4022 ὕλην
1725 3953 1839 4014 τοῖς
1869 3951 2011 4022 χρῆ-η

428 4042 553 4097 σθαι
576 4042 818 4108 δυνατοῖς
851 4042 1117 4113 διηνεκῶς
1142 4044 1340 4115 νέμων.
1385 4047 1447 4099 Οἱ
1479 4046 1577 4116 μὲν
1604 4045 1730 4109 τοὺς
1756 4044 1892 4109 νεὼς
1914 4062 2005 4114 φι-

425 4132 658 4203 λοτίμως
699 4137 924 4206 κοσμεῖν
962 4134 1236 4200 ἐκέλευον,
1276 4137 1305 4189 ό
1334 4136 1391 4189 δὲ
1421 4140 1487 4191 ἐκ
1522 4135 1738 4207 βάθρων
1778 4134 2006 4209 καθῄρει

425 4224 632 4280 τούτων
681 4225 861 4280 αὐτῶν
911 4227 978 4280 τὰ
1018 4227 1255 4299 μάλιστα
1308 4227 1460 4298 παρά
1497 4231 1610 4291 τοῖς
1651 4227 2006 4298 δεισιδαίμοσι

426 4317 620 4370 πολλοῦ
664 4316 810 4383 ἄξια.
854 4321 916 4373 Oi
959 4320 1058 4391 μὲν
1105 4322 1230 4386 τοὺς
1268 4319 1362 4373 τοῦ
1390 4318 1528 4372 Θεοῦ
1567 4318 1789 4383 δούλους
1824 4318 2006 4389 αἰσχί-

427 4424 582 4472 σταις
622 4410 921 4466 ὑπέϐαλλον
973 4414 1287 4484 τιμωρίαις,
1331 4413 1360 4464 ό
1403 4412 1461 4467 δὲ
1498 4411 1696 4476 αὐτοὺς
1743 4411 1842 4483 μὲν
1880 4412 2006 4475 τοὺς

425 4498 598 4553 ταῦτα
624 4498 953 4572 δεδρακότας
983 4504 1193 4576 μετῄει,
1231 4501 1578 4576 σωφρονίζων
1618 4504 1686 4573 τῇ
1720 4500 2007 4574 πρεπούσῃ

2030 4657 2077 4714 D

2104 3315 2302 3372 aerario
2330 3314 2638 3384 sumptibus
2657 3313 2862 3367 exstrui
2894 3313 3168 3381 prrecepit.
3199 3311 3280 3365 Illi
3300 3311 3521 3366 oracula
3544 3311 3685 3367 divi-

2106 3408 2251 3462 nitus
2274 3406 2537 3474 inspirata
2561 3404 3009 3459 ﬂammisaboleri
3029 3404 3340 3474 jusserunt:
3379 3403 3470 3459 hic
3498 3418 3685 3458 sacro-

2107 3512 2225 3552 rum
2275 3496 2617 3553 voluminum
2653 3495 2989 3564 exemplaria
3032 3494 3342 3563 sumptibus
3385 3492 3684 3562 imperialis

2104 3589 2281 3643 aerarii
2333 3586 2647 3658 propagari,
2683 3596 2739 3640 et
2778 3585 3070 3655 magnifico
3113 3593 3377 3654 apparatu
3430 3585 3677 3639 decorari

2107 3679 2402 3734 mandavit.
2426 3674 2710 3733 'anebaut
2738 3677 2813 3731 illi
2856 3693 2925 3731 ue
2973 3676 3215 3747 episcopi
3265 3677 3504 3749 synodos
3553 3692 3685 3730 con-

2105 3780 2333 3838 gregare
2359 3766 2571 3835 uspiam
2597 3766 2863 3820 auderent
2900 3783 2912 3818 :
2968 3764 3059 3819 hic
3088 3764 3377 3834 episcopos
3407 3779 3475 3819 ex
3501 3765 3682 3820 omni-

2105 3859 2208 3914 bus
2254 3856 2557 3927 provinciis
2615 3855 2681 3908 ad
2723 3868 2782 3910 se
2821 3855 3146 3921 accersivit;
3208 3870 3309 3911 nec
3348 3854 3510 3911 modo
3540 3856 3683 3911 intra

2104 3948 2363 4018 palatium
2392 3947 2526 4002 etin
2557 3947 2809 4003 intimttm
2841 3960 3011 4016 usque
3053 3946 3362 4001 cubiculum
3423 3946 3682 4010 admisit,

2105 4040 2198 4097 sed
2230 4040 2396 4094 etiam
2426 4053 2628 4093 mensa:
2651 4038 2897 4107 tectique
2921 4037 3217 4108 participes
3242 4052 3363 4092 esse
3392 4036 3580 4093 voluit.
3604 4036 3681 4091 Illi

2106 4133 2379 4188 daemones
2404 4130 2650 4187 donariis
2677 4131 3055 4187 honorabant:
3094 4129 3183 4183 hic
3225 4144 3413 4184 eorum
3464 4127 3684 4184 fraudes

2105 4223 2343 4293 aperuit,
2370 4233 2429 4278 et
2455 4222 2740 4277 materiam
2785 4223 2954 4292 ipsam
2987 4220 3342 4276 denariorum
3375 4219 3536 4275 nullis
3572 4220 3684 4274 usi-

2104 4316 2205 4370 bus
2229 4314 2484 4379 dicatam,
2515 4312 2583 4367 iis
2605 4314 2695 4381 qui
2720 4313 2795 4366 uti
2834 4320 3087 4382 poterant
3110 4318 3371 4380 perpetuo
3400 4318 3485 4362 est
3517 4308 3685 4362 dilar-

2106 4411 2270 4477 gitus.
2305 4404 2384 4459 Illi
2429 4406 2655 4461 deorum
2690 4405 2890 4473 templa
2943 4402 3233 4470 magniﬁce
3287 4401 3472 4455 ornari
3523 4399 3685 4467 jube-

2106 4503 2240 4556 bant
2270 4516 2282 4552 :
2320 4494 2413 4554 hic
2438 4510 2501 4552 ea
2523 4511 2645 4566 quae
2672 4495 3066 4565 superstitiosis
3089 4491 3397 4547 hominibus
3413 4490 3684 4562 praecipuo

494 4718 607 4789 (16)
646 4720 757 4774 Kal
778 4719 906 4789 μὴν
935 4721 1253 4789 βασιλεύς.
1295 4721 1348 4775 In
1387 4720 1574 4777 Savilii
1614 4720 1751 4774 libro
1805 4720 2001 4789 legitur
2031 4707 2068 4714 ⁷
2111 4717 2367 4789 ctoriam”
2395 4715 2604 4778 erexit,
2649 4713 2813 4789 scribi
2869 4709 3236 4789 jussit,_bujus
3279 4707 3415 4779 signi
3485 4707 3686 4761 virtute

423 4788 537 4859 όδὲ
581 4788 854 4859 βασιλεύς.
885 4791 939 4845 Ιιι
970 4788 1244 4848 veteribus
1278 4802 1459 4846 autem
1510 4791 1726 4846 schedis
1774 4788 2003 4859 utraque

422 4857 867 4979 {:Egoeaabetur
918 4863 1021 4916 hoc
1057 4865 1233 4927 modo,
1260 4865 1290 4916 6
1329 4861 1386 4929 δέ
1431 4860 1496 4933 δὴ
1543 4861 1639 4914 καὶ
1688 4860 1796 4933 μὴν
1848 4857 2003 4930 βασι-

454 4945 567 4993 aue,
593 4941 700 4983 etc.

491 5000 605 5067 (17)
627 4999 787 5071 Vulg.
808 4999 1003 5057 πάντα
1031 5000 1302 5070 πράττων
1316 5002 1623 5071 τάναντίατ
1641 4998 1697 5053 lu
1715 4998 1892 5055 Μοτωί
1906 4998 1998 5071 lib.

421 5069 817 5143 ad_margiu_em
852 5069 1183 5143 emendatur
1214 5071 1391 5125 πάντα
1422 5071 1480 5124 δὲ
1517 5069 1794 5143 πράττων,
1838 5078 1906 5143 ιιιΔ
1943 5070 1997 5143 in

423 5137 556 5192 Fuk.
613 5137 668 5192 et
715 5139 903 5195 Savilii
951 5143 1089 5196 codd
1153 5140 1319 5195 Paulo
1370 5152 1495 5195 ante
1546 5137 1644 5209 pro
1688 5139 1798 5191 τῶν
1847 5137 1998 5208 αύτῷ

428 5209 831 5280 ⁸προσηκόντων,
878 5221 1103 5279 uterque
1131 5212 1299 5267 codex
1328 5222 1384 5267 et
1416 5212 1629 5266 schedte
1664 5209 1844 5281 Regius
1865 5224 2001 5279 pra:-

423 5276 608 5332 ferunt
634 5278 741 5332 τῶν
773 5279 923 5332 αὐτῶ
958 5280 1294 5332 πρεπόντων.

446 5296 608 5332 erunt
634 5296 741 5332 των
773 5296 923 5335 αυτω
958 5296 1294 5335 πρεπόντων.

496 5300 608 5331 ὐηι
634 5300 741 5332 των
773 5300 923 5352 αυτῳ
958 5300 1294 5352 πρεποντων.

496 5349 631 5419 (17·)
675 5350 961 5421 ngcidisse
987 5354 1199 5405 videtur
1232 5351 1352 5421 μέν,
1382 5351 1500 5405 sine
1542 5364 1648 5420 quo
1671 5349 1824 5405 locus
1854 5347 2003 5404 clau-

424 5417 651 5472 dicaret.
687 5418 843 5473 Ευιτ.

495 5487 607 5557 (18)
661 5489 977 5559 Ἑγράεοετο
1025 5489 1456 5558 φυλακτήριον.
1503 5489 1745 5543 Positum
1792 5489 2007 5543 videtur

423 5570 521 5630 pro
543 5560 928 5630 ἐπεγράφετο,
975 5560 1027 5612 id
1060 5574 1174 5621 est,
1206 5562 1426 5612 tutelam
1473 5561 1572 5614 sibi
1600 5560 1810 5613 ascivit.
1843 5559 2004 5630 Quod

426 5627 478 5705 si
504 5626 554 5678 id
590 5626 812 5705 verbum
851 5632 905 5705 iu
945 5629 1162 5699 vulgata
1192 5630 1594 5705 signiﬁcatione
1625 5630 1764 5705 sumi
1804 5628 1999 5705 placet,

425 5694 480 5748 id
512 5709 725 5767 quoque
765 5698 901 5753 ferri
949 5694 1145 5767 pouést.
1191 5694 1577 5754 C6ustautiuus
1616 5700 1758 5752 enim
1802 5694 1856 5753 in
1886 5699 1999 5753 basi

432 5771 623 5821 tuitus:
658 5782 819 5831 quam
873 5767 1057 5823 Romae
1094 5779 1212 5836 p051
1245 5780 1455 5839 partam
1492 5770 1558 5824 de
1608 5767 1879 5824 Maxentio
1922 5769 2001 5821 vi-

2111 4789 2299 4841 urbem
2334 4787 2557 4840 Romam
2588 4798 2617 4836 a
2648 4798 2707 4837 se
2739 4783 3023 4851 liberatam
3052 4781 3238 4851 fuisse.
3328 4848 3336 4851 Α
3474 4835 3485 4851 ε

2179 4857 2290 4927 (19)
2332 4853 2483 4927 Vulg.
2503 4852 2634 4919 ταῖς
2658 4851 2811 4927 κατά
2835 4850 3062 4927 τῶνπρ.
3082 4848 3490 4927 ἐδῃμοσίευονί
3508 4861 3689 4927 amco:

2107 4916 2401 4995 φάντῖαις.
2413 4916 2571 4978 Ratio
2587 4916 2829 4995 syntaxis
2847 4916 3149 4989 postulatut
3164 4916 3422 4995 legamus,
3434 4916 3534 4995 τάς
3546 4917 3688 4972 κατά

2106 4988 2216 5049 τῶν
2252 4988 2547 5068 προέδρων
2568 4988 3333 5068 ἐδημοσίευονρμυκοφαντίας.
3367 4988 3533 5068 Paulo
3567 4996 3689 5068 post.

2099 5058 2443 5120 scribendum
2486 5066 2554 5135 τῇ
2605 5058 2733 5132 παρ’
2782 5060 2946 5115 αὑτοῦ
2975 5061 3142 5132 (τιμῇ,
3188 5067 3248 5114 ιιι
3292 5059 3495 5114 habent
3525 5058 3681 5114 codd.

2106 5135 2237 5190 Fuk.
2271 5145 2327 5189 et
2362 5134 2575 5188 Savilii.

2150 5136 2237 5189 uk.
2271 5145 2327 5189 et
2362 5136 2575 5188 Savilii.

2178 5205 2293 5273 (ευ)
2337 5206 2391 5257 '0
2421 5201 2490 5256 δὲ
2518 5201 2617 5257 καὶ
2647 5201 2833 5256 ταῦτα
2864 5202 3215 5273 πληθύνωνἶ
3244 5198 3302 5254 lu
3337 5198 3475 5252 libro
3504 5196 3683 5273 Morari

2108 5267 2318 5339 adjecta
2356 5281 2483 5328 sunt
2513 5276 2579 5326 ad
2625 5274 2922 5342 marginem
2961 5267 3075 5325 Itzec
3105 5269 3294 5342 verba,
3339 5283 3460 5338 qua
3483 5282 3594 5342 ⁸ῐιοε
3627 5267 3683 5319 in

2080 5336 2243 5415 VFu'k.
2268 5345 2431 5398 etiam
2467 5352 2523 5398 et
2556 5342 2725 5415 Savil.
2749 5336 2911 5415 'codd.
2961 5341 3281 5415 reperimus,
3341 5336 3681 5415 μεγαλοπρεο

2109 5419 2202 5469 πεῖ
2246 5414 2566 5489 παρασκευῇ
2616 5410 3194 5489 πολυπλασιαξόμενα⁹
3239 5407 3687 5489 quamscriptu-

2113 5502 2227 5539 ram
2260 5477 2796 5551 iu'iulerpretatiOue
2823 5498 2917 5536 sua
2952 5477 3170 5535 secutus
3191 5477 3274 5533 est
3305 5477 3687 5551 Chriswphor-

2110 5570 2302 5609 sonus.
2329 5542 2504 5608 Certe'
2524 5552 2912 5607 Constantinus
2947 5552 3112 5605 libros
3158 5562 3342 5622 sacros
3370 5547 3459 5613 qui
3484 5542 3685 5622 eccle-

2110 5624 2349 5680 siasticis
2401 5623 2589 5695 usibus
2641 5611 3427 5695 inserviebam,gemmis.ac
3483 5611 3684 5695 lapillis

2109 5695 2358 5755 ornavit,
2410 5704 2469 5746 ut
2515 5693 2674 5746 docet
2724 5682 3117 5747 Cedreutts'itt'
3147 5685 3428 5750 Chronico,
3475 5682 3565 5736 ubi
3618 5685 3685 5737 de

2114 5765 2417 5819 Metrodoro
2449 5762 2789 5834 philosopho.
