4186 6396
542 341 685 398 1055

1291 343 1566 400 EUSEDII
1606 343 2084 401 CAESARIENSIS
2121 345 2273 402 (JPP.
2309 346 2489 402 PARS
2527 346 2568 401 ἰ.
2608 375 2679 387 -
2717 342 3110 400 HlSTOlllCA.

3652 342 3789 399 1058

542 463 748 516 honore
781 461 1119 529 colebantur,
1156 462 1400 517 funditus
1428 461 1718 516 subvertit.
1769 460 1847 516 llli
1879 461 1970 516 Dei
2004 478 2099 518 ser-

2212 463 2308 517 τοῦ
2332 461 2468 517 Θεοῦ
2488 461 2705 517 κολάσει
2724 459 2859 533 (21),
2877 461 2984 514 τῶν
2999 459 3041 512 δ’
3056 457 3225 529 ἁγίων
3240 455 3532 529 μαρτύρων
3546 455 3640 511 τοῦ
3652 454 3790 510 Θεοῦ

541 566 638 605 vos
670 553 1044 621 ignominiosis
1077 554 1254 623 ptenis
1282 552 1594 607 adiciebant
1620 571 1633 606 :
1660 554 1749 608 hic
1775 568 1871 608 eos
1898 555 2114 623 quidem

537 644 628 707 qui
656 644 753 697 ista
777 644 1113 700 admiserant
1142 655 1486 714 persecutus,
1534 646 1717 702 debito
1759 645 1942 702 all’ecit
1988 663 2117 715 sup-

536 735 728 804 plieio;
760 745 1078 792 sanctorum
1113 750 1297 794 autem
1332 739 1428 793 Dei
1473 747 1778 810 martyrum
1824 740 2115 794 memorias

536 825 715 880 colere
746 841 1023 896 nunquant
1054 829 1285 884 destitit.
1340 829 1418 883 Illi
1474 828 1661 882 divino
1704 828 1870 883 cultui
1904 829 2115 885 dicatos

537 916 784 972 homines
819 932 851 971 e
887 918 1094 987 palatio
1126 919 1421 990 ejicicbant
1455 939 1470 974 :
1500 921 1590 975 hic
1636 920 1901 991 ejusmodi
1931 922 2111 976 homi-

536 1008 692 1063 nibus
717 1012 994 1080 prtecipue
1047 1012 1287 1068 conlisus
1317 1023 1422 1075 est,
1451 1015 1650 1083 quippe
1687 1029 1827 1083 quos
1865 1030 1975 1083 prae
2009 1031 2112 1070 caa-

534 1099 666 1152 teris
689 1100 945 1156 omnibus
989 1101 1288 1158 benevolos
1339 1102 1604 1171 tidasq-ue-
1620 1104 1725 1158 sibi
1757 1118 1879 1158 esse
1908 1105 2110 1160 intelli-

532 1204 706 1259 geret.
745 1192 823 1248 llli
875 1195 1122 1263 pecuniae
1173 1194 1429 1265 cogendae
1460 1209 1623 1264 supra
1658 1196 1876 1249 modum
1911 1196 2055 1249 avidi
2092 1236 2108 1260 ,

533 1283 813 1341 Tantalico
841 1287 1056 1340 cuidam
1085 1285 1302 1342 allectui
1362 1287 1604 1341 animum
1629 1303 1790 1342 somn
1832 1290 2110 1357 mancipa-

530 1387 762 1431 verant:
797 1378 890 1432 hic
931 1379 1103 1449 regali
1155 1378 1560 1450 magniﬁcentia
1593 1381 1885 1435 thesauros
1917 1395 2109 1437 omnes

533 1465 838 1530 recludens,
866 1467 1075 1521 liberali
1103 1477 1159 1522 et
1202 1482 1469 1537 generosa
1500 1467 1783 1538 largitione
1802 1483 1896 1525 eos
1925 1470 2110 1525 distri-

531 1558 669 1613 buit.
700 1560 945 1631 Denique
978 1562 1050 1615 illi
1081 1562 1298 1632 quidem
1335 1560 1762 1615 innumerabiles
1791 1562 1969 1616 caedes
1992 1576 2109 1631 per-

532 1649 844 1719 petrabant,
877 1661 938 1706 ut
964 1653 1382 1708 interfectorum
1423 1651 1563 1705 bona
1598 1650 1898 1720 diriperent
1921 1669 1986 1708 ac
2015 1669 2107 1724 pu-

531 1739 799 1796 blicarent
831 1759 846 1796 :
885 1742 1121 1812 quandiu
1165 1757 1300 1797 vero
1340 1741 1631 1810 imperavit
1661 1741 2057 1799 Constantinus
2085 1783 2101 1809 ,

2216 554 2314 619 τάς
2339 557 2558 627 μνήμας
2586 553 2761 624 τιμῶν
2793 552 2853 605 ού
2891 550 3259 621 διελίμπανεν.
3288 551 3350 605 Ol
3376 549 3474 620 μὲν
3504 542 3613 602 τῶν
3639 546 3792 619 βασι-

2215 647 2381 700 λικῶν
2436 645 2669 717 ῆλαυνον
2718 643 2883 696 οἴκων
2934 644 3061 706 τοὺς
3092 640 3365 703 θεοσεϐεῖς
3423 637 3642 711 ἄνδρας,
3677 641 3707 693 ὁ
3732 637 3791 692 δὲ

2214 740 2397 802 αὐτοῖς
2454 737 2689 807 μάλιστα
2753 733 2965 797 τούτοις
3025 732 3248 787 διετέλει
3297 729 3536 803 θαρρῶν,
3602 728 3790 794 εὖνους
3900 786 3915 798 ,

2212 829 2361 900 αύτῷ
2393 828 2506 899 (22)
2544 828 2639 881 καὶ
2677 828 2904 891 πιστοὺς
2942 826 3197 879 ἁπάντων
3229 821 3429 895 μᾶλλον
3462 820 3686 886 τούτους
3707 816 3788 874 εἷ-

2212 936 2300 973 ναι
2348 918 2653 987 γινώσκων.
2698 917 2761 969 Οἱ
2804 917 2905 988 μὲν
2951 913 3247 987 χρημάτων
3287 913 3484 983 ἥττους
3522 910 3786 982 ὑπῆρχον,

2212 1008 2524 1082 Τανταλείῳ
2545 1009 2645 1079 τὴν
2666 1007 2841 1080 ψυχὴν
2874 1005 3035 1062 πάθει
3061 1004 3469 1076 δεδουλωμένοι,
3496 1005 3526 1058 ὁ
3552 1003 3613 1058 δὲ
3638 1002 3790 1074 βασι-

2210 1104 2332 1175 λικῇ
2368 1101 2812 1174 μεγαλοπρεπείᾳ
2854 1100 3060 1164 πάντας
3093 1097 3439 1161 ἀναπετάσας
3461 1095 3792 1167 θησαυροὺς,

2210 1194 2440 1267 πλουσίᾳ
2455 1195 2549 1248 καὶ
2561 1191 2922 1265 μεγαλοψύχῳ
2937 1191 3118 1262 δωρεᾷ
3139 1189 3237 1253 τάς
3261 1187 3575 1260 μεταδόσεις
3587 1187 3792 1242 ἐποιεῖ-

2209 1305 2288 1341 το.
2323 1288 2387 1340 Οί
2430 1288 2527 1357 μὲν
2573 1286 2799 1358 μυρίους
2863 1284 3289 1357 κατειργάζοντο
3323 1281 3537 1352 φόνους,
3580 1281 3666 1351 ἐφ’
3691 1282 3792 1353 ἀρ-

2210 1381 2359 1451 παγῇ
2406 1378 2502 1432 καὶ
2543 1376 2806 1450 δημεύσει
2855 1375 2954 1447 τῆς
2975 1373 3084 1427 τῶν
3135 1372 3544 1444 ἀναιρουμένων
3579 1371 3793 1435 οὐσίας,

2209 1471 2616 1526 Κωνσταντίνου
2635 1469 2678 1522 δ’
2706 1469 2799 1523 ἐπὶ
2824 1466 2971 1538 πάσῃ
3009 1467 3075 1536 τῇ
3106 1463 3373 1535 βασιλείᾳ,
3398 1464 3509 1517 πᾶν
3535 1460 3687 1530 ξίφος
3710 1463 3792 1526 εἰς

2207 1565 2477 1637 ἄχρηστον
2506 1565 2620 1627 τοῖς
2652 1562 2933 1623 δικασταῖς
2965 1557 3284 1630 ἀπῃώρητο,
3324 1556 3432 1610 τῶν
3471 1555 3591 1610 κατ’
3637 1554 3791 1618 ἔθνος

2205 1656 2393 1728 δήμων
2428 1672 2489 1708 τε
2529 1656 2624 1709 καὶ
2664 1650 2997 1707 πολιτευτῶν
3017 1649 3133 1722 ’(95)
3165 1646 3376 1719 ἀνδρῶν
3419 1662 3790 1718 πατρονομου-

2211 1752 2386 1823 μένων
2410 1748 2523 1819 (94)
2567 1747 2790 1819 μᾶλλον,
2823 1746 2856 1818 ἢ
2888 1746 2976 1799 ἐπ’
3016 1743 3285 1812 ἀνάγκαις
3328 1739 3666 1812 ἀρχομένων.
3693 1739 3788 1803 Εἰς

529 1831 741 1886 cunctis
763 1831 1035 1899 iudicibus
1067 1833 1279 1905 gladius
1319 1836 1530 1891 otiosus
1554 1849 1774 1905 semper
1807 1847 1975 1903 atque
2024 1836 2099 1890 in-

2206 1818 2243 1897 ἀ
2280 1842 2345 1914 δὴ
2374 1818 2687 1911 ἀποϐλέψας
2727 1835 2883 1892 εἶπεν
2921 1839 2987 1894 ἀν
3034 1853 3119 1900 τις
3151 1834 3399 1898 εἰκότως,
3443 1830 3636 1901 νεαρόν
3667 1847 3790 1883 τινα

528 1927 788 1973 cruentus
828 1924 1085 1990 pependit
1115 1945 1128 1979 :
1166 1939 1292 1978 cum
1321 1924 1375 1978 in
1399 1925 1655 1980 omnibus
1683 1927 1985 1997 provinciis
2009 1934 2105 1996 p'o-

527 2009 636 2078 puli
659 2012 820 2066 simul
861 2028 925 2068 ac
959 2015 1284 2073 decuriones
1324 2018 1503 2085 patria
1548 2019 1781 2088 quadam
1837 2029 2108 2088 poteSIate

525 2103 705 2173 potius
733 2119 895 2173 quam
936 2107 986 2160 vi
1026 2123 1090 2164 ac
1122 2110 1450 2165 necessitate
1501 2123 1845 2180 regerentur.
1876 2111 2007 2179 Quae
2058 2114 2103 2168 si

523 2194 647 2262 quis
672 2197 935 2253 attentius
956 2201 1412 2269 consideraverit,
1453 2205 1652 2257 merito
1707 2204 1954 2260 dicturus
1980 2215 2063 2260 est
2086 2246 2102 2270 ,

523 2301 721 2341 novum
749 2290 1019 2359 quoddam
1056 2292 1315 2347 saeculum
1367 2296 1582 2349 tandem
1625 2296 1941 2366 apparuisse
1995 2297 2097 2351 sibi

2202 1935 2297 1988 καὶ
2320 1933 2563 2004 νεοπαγῆ
2590 1932 2701 2003 βίον
2728 1932 2842 2002 (25)
2868 1932 2994 2002 άρτι
3017 1931 3140 1984 τότε
3162 1929 3395 1999 φανῆναι
3419 1925 3614 1989 δοκεῖν,
3636 1923 3789 1991 ξένου

2203 2026 2378 2096 φωτὸς
2409 2025 2606 2098 ἀθρόου
2648 2025 2714 2078 ὲκ
2750 2024 2975 2087 σκότους
3006 2022 3083 2093 τῷ
3123 2019 3303 2093 θνητῷ
3336 2015 3792 2088 καταλάμψαντος

2200 2116 2369 2184 γένει,
2402 2114 2537 2168 Θεοῦ
2564 2132 2623 2167 τε
2652 2114 2713 2167 τὸ
2739 2115 2846 2168 πᾶν
2876 2113 3035 2185 ἔργον
3060 2107 3200 2166 εἶναι
3237 2109 3539 2182 ὁμολογεῖν,
3561 2108 3661 2179 τῆς
3679 2106 3801 2162 τῶν·

2201 2207 2374 2261 ἀθέων
2414 2207 2653 2278 πληθύος
2682 2204 2978 2261 ἀντίπαλον
3008 2203 3101 2258 τὸν
3130 2201 3350 2273 θεοφιλῆ
3389 2198 3616 2273 βασιλέα
3651 2213 3793 2270 προ-

2206 2297 2371 2370 ὄεσλη
2381 2298 2567 2369 μένου.

524 2379 729 2446 videri,
758 2381 978 2438 insolito
1005 2383 1212 2439 lumine
1244 2396 1370 2456 post
1395 2387 1683 2440 diuturnas
1743 2387 1998 2443 tenebras
2060 2388 2303 2443 humano
2362 2393 2545 2459 generi
2596 2400 2819 2460 repente
2880 2388 3200 2460 allulgente,
3249 2391 3533 2455 totumque
3566 2384 3669 2440 hoc
3697 2382 3795 2437 Dei

522 2486 658 2538 opus
710 2487 834 2527 esse
881 2472 1160 2540 fatebitur,
1195 2476 1287 2545 qui
1326 2477 1595 2532 adversus
1630 2476 1780 2531 illam
1841 2477 2131 2547 impiorum
2169 2481 2593 2549 multitudinem,
2635 2483 2781 2538 hunc
2839 2480 3151 2552 religiosum
3208 2477 3592 2547 imperatorem
3644 2474 3791 2529 velut

522 2566 776 2624 aemulum
798 2569 1133 2639 opposuerit.

1016 2680 1182 2755 434
1208 2682 1436 2741 CAPUT
1476 2690 1536 2743 ιι.

525 2787 730 2845 Rursus
758 2790 825 2847 de
844 2791 1041 2861 pietate
1087 2793 1443 2870 Constantini.
1475 2800 1683 2870 signum
1718 2801 1889 2857 crucia
1942 2801 2103 2857 libere

1150 2868 1467 2935 proﬁtentis.

589 2970 727 3029 Nam
759 2990 883 3031 eum
938 2977 1018 3033 illi
1053 2980 1271 3049 quidem
1316 2983 1455 3039 tales
1483 2984 1854 3052 exstitissent,
1913 2987 2102 3057 quales

522 3066 651 3122 nulli
686 3083 925 3139 unquam
951 3073 1050 3127 visi
1091 3074 1347 3140 fuerant,
1399 3090 1572 3145 eaque
1618 3078 1885 3134 adversus
1912 3078 2099 3134 Eccle-

459 3228 467 3236 γ
519 3161 656 3215 siam
697 3163 988 3220 admittere
1020 3167 1136 3221 ausi
1168 3166 1556 3237 luissent,qttte
1580 3184 1739 3224 nemo
1762 3184 1997 3240 unquam
2029 3170 2097 3225 ab

520 3252 708 3309 ultima
745 3271 921 3324 usque
957 3257 1239 3313 hominum
1298 3260 1563 3315 memoria
1590 3259 1746 3331 {facta
1783 3274 1905 3316 esse
1943 3261 2097 3315 audi-

519 3356 660 3413 erat,
686 3348 882 3403 merito
912 3350 1053 3406 Deus
1093 3352 1411 3408 inusitatunt
1438 3352 1710 3422 quoddam
1739 3353 2085 3420 miraculum,

519 3438 933 3496 Constantinum
958 3443 1190 3508 scilicet,
1221 3445 1274 3499 in
1298 3447 1535 3500 medium
1562 3447 1894 3516 produceus.
1916 3460 1977 3500 ea
2002 3461 2099 3517 per

519 3529 670 3584 illum
686 3532 879 3603 gessit,
913 3549 1034 3605 qua:
1067 3551 1167 3592 nec
1219 3538 1407 3592 auditu
1444 3554 1685 3608 unquam
1715 3546 1961 3609 accepta,
2000 3548 2102 3593 nec

516 3622 689 3677 oculis
723 3624 840 3679 visa
887 3624 1118 3682 fuerant.
1156 3629 1308 3696 Quod
1360 3633 1507 3686 enim
1564 3632 1889 3687 miraculum
1922 3630 2099 3701 magis

518 3729 720 3769 novum
756 3729 811 3771 et
836 3718 1152 3775 inusitatum
1186 3721 1308 3789 fuit,
1340 3738 1501 3792 quam
1552 3725 1896 3794 imperatoris
1923 3723 2094 3780 nostri

517 3805 713 3869 virtus,
748 3821 908 3875 quem
947 3809 1036 3864 Dei
1067 3812 1328 3881 sapientia
1367 3814 1605 3869 humano
1626 3816 1808 3884 generi
1839 3815 2096 3869 donavit?

519 3895 729 3966 Quippe
756 3897 844 3953 ille
874 3915 996 3954 cunt
1026 3903 1171 3957 omni
1215 3903 1414 3960 ﬁducia
1440 3922 1506 3962 ac
1535 3906 1788 3962 libertate
1813 3907 2093 3963 Christum

524 3987 615 4041 Dei
645 3989 854 4044 cunctis
881 4002 1144 4060 perpetuo
1171 3996 1517 4063 praedicavit,
1552 4013 1652 4051 nec
1675 3999 1898 4053 salutari
1928 4014 2093 4056 voca-

516 4076 649 4131 bulo
680 4081 895 4134 censeri
936 4082 1176 4140 erubuit.
1201 4085 1403 4141 Verum
1426 4089 1496 4142 ob
1535 4103 1654 4142 eam
1682 4105 1797 4146 rem
1824 4105 1945 4146 sese
1975 4106 2094 4144 ma-

516 4184 754 4239 gnopere
776 4170 1032 4235 eﬂ‘erens.
1064 4178 1317 4233 omnibus
1354 4194 1414 4234 se
1437 4184 1765 4235 noscendum
1800 4183 2046 4237 exhihuit
2074 4202 2089 4236 :

2742 2684 3140 2740 ΚΕΦᾹΛᾹΙΟΝ
3171 2684 3247 2737 B'.

2209 2801 2340 2856 Ἔτι
2366 2799 2497 2867 περὶ
2519 2792 3467 2873 {17¢_eim'e6§la¢_va-o'tm:rtrov,
3482 2792 3785 2873 ¹ιίιμετιιργόιη-

2414 2864 2764 2939 άιαζομένου
2785 2866 2868 2936 τῷ
2890 2868 2996 2923 τοῦ
3023 2864 3289 2934 σταυροῦ
3313 2864 3558 2933 σημείῳ.

2286 2981 2501 3054 Ἐπειδὴ
2538 2979 2645 3053 γὰρ
2692 2981 2743 3033 οἱ
2783 2980 2901 3051 μὲν,
2954 2975 3057 3033 οἷοι
3098 2978 3326 3049 μηδένες
3367 2978 3516 3034 ἄλλοι
3551 2973 3784 3036 πώποτ’,

2200 3072 2482 3144 ὤφθησαν,
2507 3073 2601 3127 καὶ
2633 3067 2720 3126 οἷα
2755 3073 2876 3145 μηδ’
2906 3072 2964 3140 ἐξ
2994 3073 3187 3137 αἰῶνος
3218 3074 3353 3144 ἀκοῇ
3392 3071 3783 3143 παρείληπται,

2202 3164 2344 3221 κατά
2382 3164 2484 3235 τῆς
2522 3163 2847 3235 Ἐκκλησίας
2886 3164 3303 3236 τετολμήκασιν,
3337 3164 3563 3228 εἰκότως
3590 3165 3619 3216 ὁ
3650 3164 3785 3228 Θεὸς

2204 3257 2387 3321 αὐτὸς,
2418 3257 2566 3324 ξένον
2598 3275 2650 3311 τι
2682 3258 2873 3329 χρῆμα
2898 3257 3369 3331 προστησάμενος,
3395 3255 3463 3311 τά
3490 3258 3613 3330 μήτ’
3642 3257 3781 3328 ἀκοῇ

2203 3348 2533 3417 γνωσθέντα,
2566 3350 2688 3422 μήτ’
2714 3349 2835 3420 ὄψει
2860 3349 3251 3421 παραδοθέντα,
3282 3349 3347 3402 δι’
3370 3349 3533 3403 αὐτοῦ
3560 3366 3782 3421 κατειρο

2203 3443 2418 3510 γάζετο.
2462 3444 2572 3496 Καὶ
2622 3442 2675 3495 τί
2714 3440 2973 3514 νεώτερον
3000 3441 3111 3511 (Ξϐ)
3140 3437 3209 3513 ἦν
3241 3442 3303 3495 τὸ
3331 3441 3518 3512 θαῦμα
3549 3441 3649 3512 τῆς
3683 3439 3783 3512 βα-

2209 3532 2399 3597 σιλέως
2432 3533 2653 3604 ἀρετῆς,
2678 3534 2742 3586 ὲκ
2766 3531 2900 3585 Θεοῦ
2936 3532 3129 3602 σοφίας
3142 3530 3220 3603 τῷ
3254 3531 3434 3603 θνητῷ
3457 3530 3601 3600 γένει
3623 3529 3783 3583 δεδω-

2209 3625 2475 3697 ρημένον;
2512 3627 2800 3697 Τοιγάρτοι
2840 3625 2931 3679 τὸν
2961 3623 3195 3696 Χριστὸν
3225 3623 3320 3676 τοῦ
3345 3621 3480 3677 Θεοῦ
3514 3622 3612 3675 σὺν
3641 3624 3785 3694 παῤ-

2206 3720 2373 3793 ρησίᾳ
2408 3723 2474 3793 τῇ
2518 3720 2664 3792 πάσῃ
2709 3718 3027 3791 πρεσϐεύων
3065 3721 3145 3783 είς
3185 3718 3391 3783 πάντας
3419 3716 3664 3779 διετέλει,
3704 3715 3780 3786 μὴ

2203 3811 2679 3883 ἐγκαλυπτόμενος
2714 3811 2812 3883 τὴν
2847 3812 3111 3883 σωτήριον
3153 3808 3451 3882 ἐπηγορίαν
3475 3827 3488 3841 ο
3527 3808 3783 3878 σεμνολο-

2199 3908 2463 3980 γούμενος
2492 3909 2537 3963 δ’
2567 3910 2660 3963 ἐπὶ
2688 3908 2766 3979 τῷ
2794 3908 3100 3980 πράγματι,
3145 3908 3375 3980 φανερὸν
3421 3906 3610 3960 ἑαυτὸν
3641 3904 3778 3960 καθ·

2197 4001 2341 4072 ίστη,
2375 3999 2470 4054 νῦν
2505 4001 2602 4073 μὲν
2644 4000 2704 4053 τὺ
2736 4000 3026 4072 πρόσωπον
3056 3999 3135 4070 τῷ
3175 3998 3427 4071 σωτηρίῳ
3463 4013 3781 4068 κατασφρα-

2194 4093 2479 4163 γιζόμενος
2514 4093 2745 4165 σημείῳ,
2775 4090 2870 4145 νῦν
2895 4091 2941 4145 δ’
2967 4090 3394 4163 έναὸρυνόμενος
3415 4089 3492 4162 τῷ
3515 4086 3779 4160 νικητικῷ

2192 4186 2456 4258 τροπαίῳ.

515 4263 645 4317 dum
678 4279 821 4320 nunc
847 4267 1063 4337 quidem
1090 4268 1317 4325 salutari
1349 4271 1503 4343 signo
1526 4272 1733 4328 vultum
1765 4276 2092 4346 consignat,
2129 4294 2275 4333 nunc
2298 4279 2609 4348 triumphali
2635 4278 2898 4350 gloriatur
2925 4288 3152 4351 tropmo.

587 4441 702 4523 (gl)
748 4441 830 4523 Τῇ
860 4444 1319 4523 «praedone-'05
1363 4444 1537 4523 Oeoﬁ_
1562 4446 1831 4523 κονζάσει.
1884 4446 2091 4523 M_:tllem

2201 4449 2389 4523 codice
2430 4448 2566 4523 Fttk.
2613 4465 2711 4523 pro
2736 4451 2847 4523 ἐπ’
2875 4451 3141 4523 ἀνάγκαις
3166 4450 3360 4517 legitur
3382 4451 3474 4505 ὑπ’
3500 4452 3768 4523 ἀνάγκης.

514 4512 757 4634 ἱςτίιιθτθ
802 4515 867 4566 ὲκ
917 4514 1053 4567 Θεοῦ
1112 4514 1368 4579 κολάσει,
1417 4527 1475 4571 ιιι
1526 4516 1669 4586 loqui
1724 4518 1864 4572 solet
1919 4520 2091 4574 Euse-

558 4596 658 4634 tus.
702 4629 707 4634 .

558 4596 658 4634 IIIS.
702 4629 707 4635 .

586 4648 699 4772 βξ)
740 4650 895 4739 λζιιιε.
919 4654 1062 4722 τοὺς
1081 4654 1301 4722 εὔνους
1332 4654 1513 4722 αὐτῷ.
1550 4655 1818 4713 Delendus
1846 4669 1932 4713 est
1964 4660 2095 4714 arti-

611 4737 657 4771 ΙΙ.
694 4738 841 4772 τους-

516 4734 672 4772 cutus
694 4734 841 4785 τους.

585 4788 699 4865 (ἰᾷ)
723 4791 933 4861 Δήμων
952 4811 1016 4849 τε
1037 4794 1135 4849 καὶ
1157 4795 1547 4852 πόλιτευτῶν.
1568 4795 1739 4862 llujus
1764 4800 1910 4852 verbi
1935 4799 2095 4865 signi-

516 4857 824 4936 ﬁcatifmem
850 4879 954 4918 non
981 4866 1248 4920 intellexit
1266 4857 1812 4936 Chtistnphorsou'us,
1836 4870 1925 4936 qui
1949 4857 2095 4929 πόλι-

513 4929 709 5008 τευτάς
766 4932 901 5008 ciues
940 4936 1122 5008 vertit.
1179 4938 1343 5005 Atqui
1400 4929 1711 4995 πολιτευταί
1757 4929 1886 4992 sunt
1922 4941 2091 4994 decu-

518 5001 812 5073 rionesgtt
833 5001 1161 5073 jampridem
1200 5001 1381 5060 notavi
1420 5009 1488 5059 ad
1526 5008 1724 5060 lihrum
1762 5025 1875 5063 xxu
1906 5010 2088 5066 Amm.

519 5067 988 5148 Marcellini’pag.
1018 5073 1147 5140 225,
1178 5090 1244 5148 ex
1288 5075 1635 5148 Artemidore
1675 5088 1733 5148 et
1766 5079 2086 5137 Athanasio.

468 5186 474 5193 .
512 5137 720 5214 Quibus
764 5140 1043 5214 addendos
1074 5137 1159 5198 est
1191 5143 1337 5200 locus
1385 5146 1629 5214 Gregorii
1671 5146 1996 5204 Nazianzeni
2033 5151 2086 5203 in

511 5207 741 5283 epistola
773 5209 842 5283 49
874 5212 943 5283 ad
985 5213 1323 5283 Olympium,
1362 5207 1571 5280 πάντας
1620 5217 1840 5281 πολίτας
1882 5236 1943 5271 τε
1994 5220 2088 5276 καὶ

513 5276 830 5354 πολ-ιτευτάς
864 5281 958 5334 καὶ
987 5276 1407 5354 ἀξιωματικούς,
1438 5287 1488 5340 id
1520 5276 1627 5351 est,
1656 5276 1923 5343 universos
1952 5291 2087 5344 circa

442 5358 448 5362 ‘
509 5359 556 5404 et
585 5349 891 5404 decuriones
923 5361 968 5405 et
1004 5349 1288 5409 honoratos

581 5417 703 5498 (ει),
727 5422 1346 5498 ματρονοιέουμένων,
1368 5424 1417 5498 id
1464 5434 1576 5489 est,
1608 5437 1828 5494 paterno
1867 5429 2084 5498 imperio

510 5491 641 5562 regi.
674 5490 766 5543 Ait
803 5490 966 5560 igitur
1000 5490 1349 5549 Constantini
1397 5490 1681 5562 imperium
1724 5500 1795 5550 oh
1846 5490 2085 5553 elemen-

508 5559 1262 5635 tiauret‘ruansttetutlincm,
1310 5559 1528 5635 prorsus
1559 5568 1738 5621 simile
1779 5568 1946 5624 fuisse
1991 5585 2085 5635 pa-

512 5629 692 5709 Iris_iu
731 5629 869 5685 tllios
912 5632 1183 5709 imperio:
1218 5635 1286 5687 ita
1311 5629 1379 5688 ἰιι
1423 5637 1600 5709 populi
1650 5652 1843 5709 omnes
1882 5654 1945 5692 ac
1988 5629 2085 5694 tle-

511 5705 785 5777 citriones,
812 5716 918 5755 non
947 5705 998 5777 v_i
1037 5718 1102 5757 ac
1130 5713 1276 5759 metu
1310 5714 1367 5759 ιιι
1392 5707 1613 5771 subditi,
1650 5708 1700 5761 in
1732 5707 1906 5762 ollicio
1951 5724 2081 5767 cou-

520 5773 838 5837 tinerentur,
886 5773 980 5828 sed
1028 5785 1222 5846 sponte
1274 5778 1703 5848 obsequerentur
1753 5788 1809 5832 ut
1859 5780 1971 5835 lilii.
2024 5779 2078 5835 lu

2269 4520 2380 4589 (25:
2402 4519 2683 4590 Νεοπαγῆ
2707 4521 2871 4585 βίον.
2898 4522 3153 4575 Feliciter
3174 4523 3304 4575 mihi
3335 4525 3564 4576 vertisse
3587 4519 3776 4576 videor

2198 4606 2390 4645 novum
2415 4592 2691 4645 sarculum.
2744 4592 2835 4646 Sic
2869 4592 2921 4645 iu
2953 4593 3188 4646 nummis
3235 4591 3464 4660 Philippi
3512 4591 3770 4646 saeculum

2196 4676 2394 4714 nouum
2454 4660 2673 4714 dicitur.
2738 4662 2964 4717 Veteres
3025 4660 3239 4717 Etrusci
3296 4662 3521 4716 aiebant
3568 4677 3770 4716 unum-

2193 4732 2447 4800 quodque
2479 4730 2733 4784 saeculum
2765 4746 2793 4785 a
2824 4731 2928 4785 diis
2949 4731 3229 4786 delinitmn
3256 4747 3378 4787 esse
3402 4742 3557 4786 certo
3590 4747 3768 4785 anno—

2196 4815 2313 4852 rum
2349 4801 2506 4854 modo
2540 4818 2553 4853 :
2587 4801 2677 4867 qui
2715 4812 3000 4871 postquam
3054 4801 3238 4856 [initus
3287 4803 3378 4866 sit,
3433 4812 3541 4855 tttttt
3599 4802 3771 4871 aidiis

2194 4879 2445 4937 portenta
2470 4885 2500 4922 e
2526 4882 2668 4923 terra
2703 4870 2798 4925 Seu
2835 4872 3053 4925 coalitus
3077 4871 3237 4941 mitti,
3265 4872 3465 4940 quibus
3493 4870 3767 4941 signiﬁce-

2195 4950 2281 4991 tur
2310 4941 2567 4995 saeculum
2604 4957 2798 4995 novum
2824 4942 3091 4996 inchoari.
3126 4940 3191 4995 Et
3214 4940 3462 4996 homines
3497 4943 3645 4996 nasci
3674 4941 3763 5008 qui

2192 5010 2346 5081 novis
2378 5010 2618 5081 moribus
2658 5022 2819 5080 atque
2865 5011 3129 5065 institutis
3178 5020 3424 5077 utantur,
3471 5021 3526 5066 et
3556 5012 3766 5081 qttiivel

2190 5077 2311 5146 plus
2347 5081 2428 5132 vel
2465 5080 2642 5137 minus
2669 5077 2822 5136 ch'ari
2867 5082 2977 5134 sint
3021 5081 3125 5135 diis
3172 5077 3591 5137 immortalibus:
3642 5080 3768 5137 llaec

2189 5149 2343 5215 signa
2381 5149 2591 5204 Etrusci
2623 5152 2913 5219 diligenter
2941 5159 3123 5204 notata
3173 5152 3444 5205 habebant
3487 5153 3540 5204 in
3596 5153 3761 5204 ritua-

2189 5219 2333 5273 libus
2355 5219 2527 5282 iibris,
2562 5230 2620 5274 ut
2645 5223 2862 5287 scripsit
2894 5220 3216 5275 Plutarchus
3248 5223 3302 5274 in
3335 5220 3515 5277 Sulla.
3551 5230 3603 5274 et
3625 5222 3766 5274 Cen-

2188 5289 2406 5342 sorinus
2455 5290 2504 5342 in
2545 5305 2595 5344 c.
2646 5292 2708 5345 l7
2759 5291 2832 5344 De
2884 5293 2970 5344 die
3020 5291 3208 5344 natali.
3256 5290 3432 5344 Verba
3484 5290 3762 5345 Plutarchi

2187 5369 2354 5431 Sunt;
2375 5355 2528 5412 Εἶναι
2555 5360 2652 5431 μὲν
2670 5360 2777 5431 γάρ
2802 5360 2981 5413 αὐτῶν
3003 5359 3147 5412 ὀκτὼ
3171 5361 3246 5414 τά
3280 5360 3574 5430 σύμπαντα
3606 5361 3760 5430 γένη,

2187 5378 2314 5412 sunt
2341 5378 2528 5412 :mvat
2555 5378 2652 5431 μεν
2670 5378 2777 5482 γαρ
2802 5378 2981 5413 αυτων
3003 5378 3147 5412 οκτω
3171 5378 3246 5414 τα
3280 5378 3344 5413 συ
3354 5378 3574 5430 μπαντα
3606 5378 3760 5430 γενη,

2184 5428 2506 5503 δια-φέροντα
2526 5434 2660 5503 τοῖς
2682 5500 2690 5503 Α
2713 5431 2749 5503 β
2768 5447 2849 5495 οις
2888 5430 2985 5503 καὶ
3027 5433 3140 5503 τοῖς
3167 5431 3350 5503 ’ἦθεσι
3369 5431 3435 5503 δι’
3483 5431 3761 5503 ἀλλήλων·

2184 5498 2401 5570 ἑκάστῳ
2423 5499 2480 5553 δὲ
2512 5498 2816 5573 ἀφωρίσθαι
2848 5501 3023 5573 χρόνῳ
3063 5498 3296 5573 ἀριθμὸν
3330 5501 3436 5554 ὑπὸ
3456 5500 3561 5573 τοῦ
3599 5498 3761 5566 Θεοῦ,

2187 5570 2689 5651 συμπεραινόμενον
2733 5570 3003 5625 ἐνιαυτοῦ
3030 5570 3266 5641 μεγάλου
3310 5570 3579 5643 περιόδῳ,
3629 5581 3759 5635 etc.,

2185 5643 2272 5695 ubt
2310 5642 2553 5705 ἐνιαυτὸς
2579 5642 2751 5706 μέγας
2775 5642 3031 5696 saeculum
3064 5652 3165 5695 εει.

2261 5660 2272 5693 Ι
2310 5660 2553 5705 ενιαυτος
2579 5660 2751 5713 μεγας
2775 5660 3031 5696 εωουιιιιιι
3064 5660 3165 5695 εει.

2255 5710 2365 5781 (Ξδ)
2398 5711 2551 5781 Vulg.
2592 5713 2704 5767 Kal
2732 5729 2787 5765 τι
2820 5709 3130 5783 νεώτερον.
3166 5709 3526 5768 scribendum
3556 5720 3641 5769 est
3667 5725 3763 5783 per

2187 5780 2668 5852 interrogatimtcm
2695 5783 2788 5837 καὶ
2814 5781 2866 5835 τί
2899 5780 3195 5854 νεώτερον;
