4186 6404
383 392 404 445 1
417 391 519 445 0'57

916 509 1312 562 ΚΕΦΑΛΑῙΟΝ
1341 509 1414 561 Γ’.

374 599 515 670 Περί
537 600 771 667 εἰκόνος
806 599 1015 670 αὑτοῦ,
1043 599 1115 653 ἐν
1137 599 1176 670 ᾖ
1201 599 1546 668 ὑπερέκειτο
1576 599 1693 668 μὲν
1718 603 1750 654 ό
1775 617 1959 654 σταυ-

613 670 745 740 ρὸς,
777 669 1086 739 πέπληκτο
1113 669 1182 724 δὲ
1206 670 1362 723 κάτω
1394 674 1426 724 ό
1454 671 1706 739 δράκων.

457 763 516 815 ’Θ
541 762 636 832 μὲν
690 761 752 830 δὴ
785 762 880 814 καὶ
911 762 969 814 ἐν
1009 760 1226 831 γραφῆς
1265 760 1580 831 ὑψηλοτάτῳ
1631 761 1818 815 πίνακι
1852 762 1958 832 πρὸ

374 855 481 907 τῶν
513 853 805 924 βασιλικῶν
849 852 1135 924 προθύρων
1175 853 1536 923 ἀνακειμένῳ,
1581 857 1694 916 τοῖς
1738 853 1957 907 πάντων

373 947 669 1018 ὀφθαλμοῖς
695 947 924 1018 ὁρᾶσθαι
951 946 1252 1018 προύτίθει,
1273 946 1334 999 τὸ
1362 945 1460 1016 μὲν
1503 946 1768 1016 σωτήριον
1797 947 1958 1018 ὑπερ-

375 1037 625 1106 κείμενον
655 1037 756 1107 τῆς
773 1036 938 1090 αὐτοῦ
965 1035 1208 1106 κεφαλῆς
1235 1037 1301 1106 τῇ
1325 1038 1508 1107 γραφῇ
1539 1035 1832 1107 παραδοὺς,
1865 1037 1955 1091 τὸν

370 1127 426 1180 δὲ
449 1126 639 1198 ἐχθρὸν
667 1127 761 1179 καὶ
793 1126 1048 1196 πολέμιον
1079 1125 1239 1196 θῆρα,
1258 1125 1348 1179 τὸν
1373 1127 1473 1196 τὴν
1515 1127 1838 1198 Ἐκκλησίαν
1859 1127 1952 1181 τοῦ

373 1216 508 1270 Θεοῦ
538 1217 624 1271 διὰ
654 1218 754 1288 τῆς
786 1218 893 1272 τῶν
929 1217 1106 1271 ἀθέων
1145 1216 1578 1288 πολιορκήσαντα
1617 1219 1950 1290 τυραννίδος,

371 1309 513 1364 κατά
541 1310 701 1380 βυθοῦ
740 1311 1038 1382 φερόμενον
1075 1312 1304 1381 ποιήσας
1332 1313 1390 1364 ἐν
1420 1311 1708 1382 δράκοντος
1747 1315 1949 1384 μορφῇ.

371 1403 654 1474 Δράκοντα
689 1403 798 1473 γὰρ
836 1402 996 1455 αὑτὸν
1025 1403 1121 1454 καὶ
1163 1401 1374 1455 σκολιὸν
1411 1402 1535 1472 ὅφιν
1564 1403 1622 1455 ἐν
1658 1404 1951 1476 προφητῶν

370 1493 506 1547 Θεοῦ
545 1493 747 1564 βίϐλοις
779 1494 1077 1565 ἀνηγόρευε
1116 1493 1184 1548 τὰ
1215 1494 1386 1563 λόγια.
1429 1495 1520 1548 Διὸ
1558 1495 1652 1548 καὶ
1699 1495 1952 1566 βασιλεὺς

375 1585 477 1639 ἓπδ
512 1588 624 1648 τοῖς
651 1584 814 1638 αὑτοῦ
840 1584 1062 1638 καὶτῶν
1096 1585 1263 1639 αὑτοῦ
1297 1587 1447 1649 ποσὶ,
1483 1586 1624 1656 βέλει
1662 1588 1950 1660 πεπαρμέ-

376 1696 460 1732 θον
483 1677 624 1733 κατὰ
645 1679 810 1750 μέσου
833 1678 928 1732 τοῦ
953 1679 1168 1742 κύτους,
1192 1678 1373 1749 βυθοῖς
1399 1697 1457 1733 τε
1481 1679 1756 1752 θαλάσσης
1787 1683 1953 1752 ἀπερ-

372 1771 656 1841 ριμμένον,
704 1769 792 1824 διὰ
838 1770 936 1840 τῆς
989 1771 1289 1843 κηροχύτου
1331 1771 1550 1843 γραφῆς
1587 1773 1795 1828 ἐδείκνυ
1837 1777 1950 1839 τοῖς

1450 387 1536 441 DE
1578 387 1735 443 VITA
1770 388 2232 447 CONSTAN'HNI
2271 391 2381 446 LIB
2444 392 2530 448 IlI.

3503 397 3638 452 1058

2681 512 2907 569 CAPUT
2937 512 3023 567 Ill.

2061 604 2138 658 De
2172 607 2396 676 imagine
2417 604 2774 672 Constantini,
2801 608 2885 659 cui
2914 605 3275 676 cruxrquidem
3303 604 3636 673 superposita

2479 685 2610 736 erat,
2643 676 2782 741 infra
2823 687 2996 728 autem
3024 675 3207 728 draco.

2132 766 2273 833 Quin
2297 767 2542 821 etiamin
2569 766 2787 820 sublimi
2819 768 3050 835 quadam
3087 765 3268 820 tabula
3301 775 3428 819 ante
3468 765 3635 819 vesti-

2060 859 2244 912 bulum
2277 857 2463 926 palatii
2498 858 2697 926 posita,
2752 858 2964 911 cunctis
3018 856 3374 926 spectandum
3437 869 3636 926 propo-

2060 953 2186 1012 suit,
2222 949 2461 1004 salutare
2499 951 2718 1016 quidem
2774 949 2986 1017 signum
3037 948 3198 1017 capiti
3235 963 3334 1002 suo
3368 961 3634 1016 superpo-

2059 1041 2220 1095 situm
2256 1057 2269 1093 :
2323 1038 2468 1092 infra
2505 1052 2636 1092 vero
2671 1037 2885 1091 hostem
2922 1035 3072 1089 illum
3120 1046 3176 1090 et
3226 1036 3506 1090 inimicum
3540 1046 3634 1104 ge-

2058 1130 2206 1184 neris
2255 1128 2521 1192 humani,
2580 1128 2672 1197 qui
2733 1127 3020 1196 impiorum
3079 1138 3431 1197 tyrannorum
3468 1143 3632 1196 opera

2057 1220 2358 1278 Ecclesiam
2393 1219 2488 1274 Dei
2512 1230 2945 1290 Oppugnavcrat,
2973 1219 3072 1273 sub
3102 1220 3357 1275 draconis
3382 1219 3555 1275 forma
3579 1223 3631 1273 in

2055 1326 2297 1381 prarceps
2326 1321 2595 1366 ruentem.
2620 1310 2828 1378 Quippe
2852 1309 3030 1363 divina
3060 1311 3280 1366 oracula
3313 1312 3364 1366 in
3401 1314 3634 1382 prophe-

2057 1412 2236 1457 tarum
2261 1403 2438 1468 libris,
2470 1404 2762 1456 draconem
2795 1402 2942 1454 illum
2967 1411 3024 1454 et
3069 1403 3347 1457 sinuosum
3401 1418 3630 1475 serpe"-

2060 1504 2167 1549 tem
2204 1494 2563 1564 appellarunt.
2609 1494 2815 1548 Idcirco
2854 1495 3150 1564 imperator
3181 1495 3476 1550 draconem
3510 1496 3632 1550 telis

2056 1601 2152 1655 per
2173 1585 2407 1640 medium
2433 1595 2678 1639 ventrem
2712 1588 3006 1652 conﬁxum,
3035 1594 3090 1638 et
3112 1585 3163 1638 in
3196 1584 3496 1654 profundos
3518 1603 3633 1640 ma-

2058 1679 2134 1732 ris
2164 1677 2409 1747 gurgites
2439 1675 2766 1746 projectum,
2794 1677 2895 1732 sub
2921 1677 3036 1731 suis
3067 1691 3402 1746 suorumque
3431 1677 3633 1733 libero~

2057 1785 2175 1822 rum
2216 1769 2443 1838 pedibus
2485 1785 2611 1824 cera
2670 1770 2793 1839 igne
2834 1769 3080 1824 resoluta
3110 1768 3328 1839 depingi
3371 1772 3630 1839 proponi-

371 1864 503 1916 πᾶσι
527 1863 616 1916 τὸν
641 1863 926 1935 δράκοντα,
951 1857 1054 1920 ὧδέ
1071 1882 1145 1936 πη
1169 1865 1260 1918 τὸν
1281 1865 1464 1937 ἀφανῆ
1485 1865 1580 1920 τοῦ
1603 1866 1711 1919 τῶν
1735 1866 1832 1920 ἀνθ
1843 1866 1946 1938 ρώ-

2053 1876 2156 1928 que
2184 1861 2435 1915 omnibus
2466 1860 2667 1928 voluit,
2718 1862 2821 1917 hoc
2852 1860 3108 1918 videlicet
3142 1861 3304 1916 modo
3331 1862 3626 1931 designans

368 1969 486 2006 πων
518 1953 708 2022 γένους
749 1953 1006 2025 πολέμιον
1045 1954 1433 2027 αἰνιττόμενος,
1488 1956 1547 2009 δν
1590 1958 1684 2012 καὶ
1725 1958 1952 2028 δυνάμει

367 2045 460 2098 τοῦ
497 2045 635 2116 ὑπὲρ
673 2045 916 2117 κεφαλῆς
947 2047 1306 2118 ἀνακειμένου
1355 2050 1623 2122 σωτηρίου
1665 2050 1948 2120 τροπαίου,

369 2138 514 2192 κατά
558 2137 736 2208 βυθῶν
769 2138 1045 2203 ἀπωλείας
1091 2140 1468 2211 κεχωρηκέναι
1517 2141 1726 2212 ἐδήλου.
1793 2141 1952 2195 Ἀλλά

364 2227 538 2283 ταῦτα
567 2230 664 2300 μὲν
690 2229 840 2283 ἄνθει
869 2230 1175 2301 χρωμάτων
1201 2230 1442 2302 ᾐνίττετο
1465 2232 1550 2286 διὰ
1577 2234 1678 2303 τῆς
1707 2234 1913 2298 εἰκόνος
1932 2251 1946 2265 ·

367 2319 469 2390 ἐμὲ
513 2320 572 2372 δὲ
625 2320 808 2391 θαῦμα
849 2320 951 2390 τῆς
991 2320 1086 2374 τοῦ
1136 2321 1403 2391 βασιλέως
1445 2327 1666 2393 κατεῖχε
1713 2323 1948 2394 μεγαλο-

370 2410 539 2476 νοίας,
569 2411 644 2474 ὡς
669 2411 967 2481 ἐμπνεύσει
989 2412 1108 2484 θείᾳ
1130 2411 1303 2467 ταῦτα
1328 2414 1603 2478 διετύπου,
1629 2415 1665 2469 ἃ
1687 2415 1751 2486 δὴ
1773 2415 1948 2485 φωναὶ

368 2500 662 2572 προφητῶν
682 2495 786 2555 ὧδέ
825 2519 928 2555 που
954 2502 1083 2574 περὶ
1108 2503 1260 2556 τοῦδε
1291 2503 1386 2557 τοῦ
1417 2503 1581 2576 θηρὸς
1611 2504 1798 2568 ἐϐόων,
1849 2505 1949 2559 ἐπ-

365 2590 512 2656 άξειν
569 2592 659 2646 τὸν
689 2593 841 2660 Θεὸν,
881 2594 1158 2663 λέγουσαι,
1195 2595 1296 2666 τὴν
1344 2597 1617 2668 μάχαιραν
1648 2597 1745 2668 τὴν
1777 2596 1948 2668 μεγά-

364 2680 465 2752 λην
494 2683 586 2735 καὶ
612 2682 867 2755 φοϐερὰν,
892 2685 984 2738 ἐπὶ
1007 2685 1098 2738 τὸν
1123 2686 1391 2756 δράκοντα
1429 2687 1520 2740 τὸν
1546 2686 1667 2756 ὅφιν
1699 2687 1790 2741 τὸν
1818 2688 1947 2758 φεύ-

364 2791 548 2841 γοντα,
582 2775 677 2827 καί
699 2775 906 2829 ἀνελεῖν
937 2775 1026 2830 τὸν
1055 2776 1320 2849 δράκοντα
1355 2778 1446 2832 τὸν
1492 2781 1549 2832 ἐν
1573 2781 1638 2850 τῇ
1681 2779 1942 2853 θαλάσσῃ.

363 2865 592 2929 Εἰκόνας
623 2866 685 2938 δὴ
723 2867 930 2922 τούτων
960 2868 1212 2923 διετύπου
1245 2868 1522 2940 βασιλεὺς,
1547 2870 1765 2944 ἀληθῶς
1799 2872 1942 2927 ἐντι-

366 2953 478 3018 θεὶς
509 2956 800 3027 μιμήματα
832 2959 898 3030 τῇ
929 2958 1290 3031 σκιαγραφίᾳ.

899 3229 1295 3283 ΚΕΦΑΛΑΙΟΝ
1320 3232 1392 3282 Δ’.

365 3319 486 3372 Ἔτι
512 3319 646 3387 περί
668 3319 786 3373 τῶν
807 3319 907 3372 διὰ
946 3311 1175 3390 Ἀρειον
1194 3322 1264 3374 ἐν
1284 3322 1560 3392 Αἰγύπτῳ
1579 3319 1940 3390 ζητημάτων.

431 3408 617 3463 Ταῦτα
653 3410 752 3480 μὲν
798 3405 890 3464 οὖν
919 3411 1066 3482 αὐτῷ
1104 3411 1458 3482 καταθυμίως
1487 3411 1848 3464 συνετελεῖτοο
1874 3411 1944 3466 τὰ

361 3501 418 3554 δέ
446 3517 509 3570 γε
539 3501 638 3571 τῆς
656 3499 747 3554 τοῦ
778 3500 970 3570 φθόνου
998 3502 1317 3572 βασκανίας,
1345 3501 1535 3566 δεινῶς
1556 3501 1652 3567 τὰς
1674 3502 1816 3556 κατὰ
1845 3503 1943 3576 τὴν

374 3591 777 3662 Ἀλεξάνδρειαν
821 3593 1144 3665 Ἐκκλησίας
1170 3594 1264 3648 τοῦ
1297 3594 1432 3648 Θεοῦ
1480 3595 1939 3667 συνταράττοντα,

363 3684 456 3736 καὶ
486 3683 548 3736 τὸ
585 3682 836 3753 Θηϐαίων
878 3701 938 3738 τε
973 3685 1066 3738 καὶ
1100 3684 1413 3753 Αἰγυπτίων
1451 3685 1808 3756 σχισματικδν
1841 3702 1942 3739 κα-

362 3776 454 3828 κὸν
496 3773 628 3846 (27),
659 3776 718 3830 οῦ
750 3775 996 3858 σμικρῶς
1026 3777 1189 3830 αὐτὸν
1215 3777 1400 3842 ἐκίνει,
1443 3777 1944 3848 προσρηγνυμένων

361 3864 481 3918 καθ’
515 3865 750 3937 ἑκάστην
777 3866 931 3920 πόλιν
956 3868 1270 3921 ἐπισκόπων
1297 3868 1637 3932 ἐπισκόποις,
1664 3868 1850 3938 δήμων
1882 3885 1943 3921 τε

360 3960 549 4030 δήμοις
571 3961 1038 4032 ἐπανισταμένων,
1087 3963 1179 4015 καὶ
1211 3962 1493 4034 μονονουχὶ
1533 3961 1944 4033 Συμπληγάδων

360 4052 470 4122 (‘28)
500 4053 948 4107 κατακοπτόντων
983 4053 1266 4126 ἀλλήλους,
1309 4054 1436 4108 ὥστ’
1464 4055 1563 4126 ήδη
1600 4054 1810 4126 φρενῶν
1849 4057 1943 4108 ἐκ·-

361 4143 550 4198 στάσει
585 4145 713 4208 τοὺς
748 4145 1207 4218 ἀπεγνωσμένους
1250 4148 1484 4211 ἀνοσίοις
1516 4149 1806 4219 ἐγχειρεῖν,
1850 4147 1944 4201 καὶ

360 4237 478 4299 ταῖς
527 4234 790 4306 βασιλέως
831 4236 1038 4308 τολμᾷν
1083 4237 1387 4310 ἐνυϐρίζειν
1441 4239 1679 4292 εἰκόσιν’
1725 4240 1786 4292 οὐ
1836 4239 1944 4310 μὴν

359 4325 488 4379 ὥστ’
519 4329 598 4390 εἰς
630 4327 804 4400 ὀργὴν
830 4327 1065 4400 ἐγείρειν
1093 4329 1186 4383 τὸν
1224 4329 1449 4400 βασιλέα
1484 4331 1702 4401 μᾶλλον,
1732 4332 1765 4402 ἢ
1807 4334 1944 4404 πρὸς

360 4418 519 4470 πόνον
559 4417 758 4489 ψυχῆς,
803 4418 1216 4491 ὑπεραλγοῦντα
1265 4419 1367 4491 τῆς
1407 4420 1515 4475 τῶν
1560 4421 1942 4492 φρενοϐλαϐῶν

358 4506 635 4571 ἀπονοίας.
681 4523 683 4526 ‘

897 4685 1293 4739 ΚΕΦΑΛΑΙΟΝ
1319 4687 1395 4739 E'.

601 4775 742 4843 Περὶ
769 4774 875 4844 τῆς
895 4775 993 4832 διὰ
1025 4777 1089 4831 τὸ
1109 4777 1327 4848 Πάσχα
1348 4779 1654 4848 διχονοίας

422 4868 754 4940 Προῦπῆρχε
790 4868 834 4920 δ’
865 4867 974 4940 ἀρα
1016 4870 1111 4923 καὶ
1143 4869 1278 4940 ἄλλη
1318 4888 1404 4934 τις
1446 4870 1650 4924 τούτων
1695 4871 1934 4943 προτέρα

358 4959 510 5022 νόσος
558 4957 950 5031 ἀργαλεωτάτη
995 4961 1059 5012 ἐκ
1103 4959 1316 5029 μακροῦ
1359 4959 1703 5030 διενοχλοῦσα
1731 4960 1861 5031 (29),
1898 4962 1930 5031 ἠ

357 5049 453 5121 τῆς
484 5047 749 5120 σωτηρίου
772 5048 965 5121 ἑορτῆς
987 5049 1282 5119 διαφωνία*
1308 5049 1417 5103 τῶν
1443 5050 1541 5121 μὲν
1567 5049 1794 5102 ἕπεσθαι
1824 5050 1934 5102 δεῖν

356 5144 421 5211 τῇ
456 5141 722 5194 Ἰουδαίων
751 5141 1006 5212 συνηθείᾳ
1033 5141 1369 5210 φασκόντων,
1397 5141 1502 5194 τῶν
1533 5141 1610 5205 δὲ,
1637 5143 1934 5213 προσήκειν

345 5233 460 5304 τὴν
487 5233 686 5305 ἀκριϐῆ
735 5231 826 5286 τοῦ
862 5231 1055 5304 καιροῦ
1099 5232 1540 5304 παραφυλάττειν
1579 5231 1749 5304 ὥραν,
1800 5233 1934 5303 μηδὲ

424 5499 536 5570 (27)
564 5496 676 5553 Kal
702 5497 768 5570 τὸ
802 5497 1069 5570 Θηϐαίων
1097 5497 1285 5570 τις-καὶ
1307 5498 1930 5570 Αἰγυπτίωνγσχισμα-

356 5567 527 5622 uxor
577 5568 782 5622 κακόν.
854 5567 1104 5623 Schisma
1169 5567 1582 5622 Meletianorum
1649 5569 1921 5637 intelligit.

357 5637 622 5708 (Egyptus
649 5641 792 5692 enim
825 5648 951 5692 tunc
987 5639 1244 5707 temporis
1287 5639 1488 5707 duplici
1525 5641 1714 5694 morbo
1761 5637 1914 5692 labo-

357 5709 534 5771 rabat,
562 5709 758 5763 Ariana
797 5709 1007 5763 scilicet
1034 5709 1222 5763 haeresi
1252 5720 1306 5762 et
1326 5709 1521 5762 Meletii
1552 5710 1864 5763 schismale.

2053 1951 2326 2006 occultum
2364 1953 2586 2007 humani
2624 1955 2844 2022 generis
2871 1955 3113 2020 hostem,
3166 1969 3328 2023 quem
3372 1953 3632 2010 salutaris

2054 2042 2198 2097 illius
2227 2043 2412 2112 tropaei
2449 2047 2592 2112 quod
2626 2047 2789 2115 capiti
2819 2045 2991 2115 ipsius
3031 2045 3435 2115 superpositum
3484 2055 3627 2109 erat,

2052 2135 2104 2189 vi
2144 2148 2206 2190 a'c
2232 2136 2473 2203 potentia
2522 2137 2576 2190 in
2629 2138 2778 2192 exitii
2837 2139 3156 2193 barathrum
3192 2137 3472 2192 detrusum
3503 2151 3629 2191 esse

2052 2224 2420 2294 signiﬁcabat.
2447 2227 2626 2295 Atque
2664 2228 2768 2282 hoc
2796 2224 3018 2296 quidem
3065 2226 3243 2296 imago
3275 2226 3442 2281 variis
3475 2227 3628 2281 colo-

2055 2316 2204 2372 ribus
2237 2316 2468 2386 depicta,
2522 2319 2683 2372 tacite
2726 2317 3022 2376 indicabat.
3053 2317 3182 2372 Mihi
3207 2334 3339 2374 vero
3369 2319 3623 2372 eximiam

2052 2408 2398 2478 imperatoris
2428 2409 2838 2480 intelligentiam
2892 2412 3080 2466 mirari
3104 2411 3270 2476 subit,
3318 2413 3411 2481 qui
3439 2411 3627 2466 divino

2050 2500 2286 2568 quodam
2316 2499 2500 2554 aﬂlatu
2554 2502 2839 2570 impulsus,
2870 2515 2932 2556 ea
2975 2502 3247 2572 pingendo
3306 2503 3624 2571 expressit,

2049 2604 2169 2659 qua:
2197 2591 2587 2660 prophetarum
2615 2595 2839 2648 vocibus
2865 2594 2928 2648 de
2949 2593 3114 2666 485
3138 2595 3308 2650 bestia
3333 2595 3423 2648 illa
3454 2595 3627 2650 multo

2049 2689 2172 2735 ante
2205 2683 2464 2751 prtedicta
2519 2683 2778 2740 fuerant:
2837 2687 3003 2741 Deum
3032 2688 3245 2743 scilicet
3293 2689 3622 2744 machaeram

2049 2772 2323 2842 ingentem
2358 2783 2414 2827 et
2448 2774 2746 2830 terribilem
2783 2777 3104 2832 adacturum
3153 2793 3276 2834 esse
3327 2779 3380 2832 iu
3435 2781 3626 2834 draco-

2047 2879 2169 2918 nem
2219 2874 2640 2934 serpentemque
2689 2865 3025 2938 fugientem,
3080 2878 3132 2924 et
3159 2871 3470 2924 occisurum
3502 2884 3625 2925 esse

2048 2955 2344 3010 draconem
2392 2956 2483 3026 qui
2514 2966 2599 3011 est
2642 2958 2695 3012 in
2753 2960 2913 3014 mari.
2958 2959 3160 3014 Horum
3195 2961 3364 3030 igitur
3395 2961 3623 3033 ﬁguram

2048 3049 2323 3116 expressit
2375 3047 2718 3119 imperator,
2763 3066 2876 3106 rem
2931 3051 3102 3120 ipsam
3153 3053 3364 3122 pictura
3397 3069 3623 3124 prorsus

2047 3138 2306 3194 imitatus.

2647 3230 2880 3286 CAPUT
2919 3231 3012 3286 IV.

2047 3319 2253 3376 Rursus
2287 3321 2350 3376 de
2372 3323 2738 3377 controversiis
2760 3323 2813 3376 in
2837 3322 3072 3393 JEgypto
3104 3325 3350 3379 excitatis
3378 3326 3443 3379 ab
3468 3327 3622 3381 Ario.

2117 3413 2183 3467 Et
2211 3415 2326 3469 haec
2347 3415 2564 3482 quidem
2590 3414 2679 3468 ille
2712 3414 2898 3468 libenti
2934 3415 3117 3470 animo
3151 3418 3488 3487 perficiebat.
3516 3419 3620 3474 Ver

2045 3519 2166 3558 rum
2201 3505 2340 3559 livor
2362 3505 2578 3560 invidiae
2615 3507 2706 3575 qui
2734 3506 2998 3561 ecclesias
3027 3506 3121 3561 Dei
3155 3508 3207 3560 in
3227 3508 3360 3562 urbe
3381 3507 3615 3563 Alexan—

2045 3597 2160 3652 dria
2208 3598 2493 3652 etiamtum
2534 3599 2918 3663 conturbabat,
2971 3609 3025 3653 et
3057 3597 3411 3654 Thebacorum
3458 3610 3623 3669 atque

2044 3683 2428 3755 Egyptiorutn
2483 3685 2747 3755 pestilens
2803 3687 3069 3756 scliisma,
3106 3702 3213 3742 non
3269 3689 3619 3745 mediocriter

2045 3779 2284 3832 animum
2313 3777 2484 3847 ipsius
2512 3779 2786 3848 angebant
2813 3798 2827 3833 :
2872 3779 3072 3847 quippe
3103 3794 3226 3833 cum
3260 3794 3357 3848 per
3380 3780 3620 3852 singulas

2047 3871 2210 3924 urbes
2244 3868 2482 3938 episcopi
2516 3869 2779 3923 adversus
2810 3869 3098 3939 episcOpos
3127 3871 3570 3927 conflictarentur
3601 3890 3614 3935 ;

2044 3971 2100 4014 et
2124 3961 2303 4029 populi
2335 3960 2598 4015 adversus
2630 3960 2859 4029 populos
2895 3939 3246 4030 insurgerent
3271 4003 3286 4030 ,
3315 3978 3380 4019 ac
3414 3967 3620 4018 mutuis

2045 4067 2106 4106 se
2135 4052 2448 4107 vulneribus
2482 4052 2656 4107 instar
2685 4051 3102 4123 Symplegadum
3135 4053 3309 4109 collisi
3368 4056 3622 4110 concideo-

2046 4151 2204 4205 rent,
2233 4143 2370 4197 adeo
2391 4150 2452 4196 ut
2482 4140 2669 4197 furore
2699 4143 2914 4197 tandem
2952 4157 3016 4196 ac
3056 4143 3438 4213 desperatione
3464 4147 3568 4198 acti
3599 4183 3617 4210 ,
3719 4192 3727 4198 .

2044 4233 2207 4304 impia
2229 4234 2474 4302 quaedam
2493 4235 2803 4299 admittere,
2834 4234 3088 4303 ipsasque
3110 4234 3453 4305 imperatoris
3482 4236 3620 4290 ima-

2043 4325 2198 4396 gines
2228 4325 2432 4380 violare
2462 4326 2581 4380 ausi
2606 4325 2734 4380 sint.
2764 4323 2964 4380 Verum
3000 4309 3251 4381 haecnon
3280 4337 3387 4381 tam
3421 4328 3486 4382 ad
3513 4328 3617 4380 ira-

2046 4417 2300 4470 cundiam
2327 4417 2627 4486 principem
2665 4416 2935 4482 excitare,
2986 4431 3148 4486 quam
3186 4417 3446 4472 maestitia
3497 4419 3616 4471 aui-

1969 4529 2014 4585 D
2048 4522 2192 4560 mum
2218 4507 2338 4576 ejus
2368 4505 2583 4562 allicere
2615 4516 2911 4576 potuerunt
2937 4524 2954 4574 ;
2984 4508 3183 4576 quippe
3233 4508 3324 4576 qui
3366 4509 3614 4578 perdito-

2043 4612 2159 4651 rum
2188 4599 2461 4653 hominum
2497 4598 2794 4654 amentiam
2829 4612 3156 4668 magnopere
3181 4598 3510 4668 deploraret.

2667 4687 2896 4744 CAPUT
2939 4689 3003 4744 Υ.

2320 4779 2397 4833 De
2424 4779 2751 4833 dissensione
2788 4779 2848 4831 ob
2878 4779 3066 4843 festum
3094 4776 3335 4834 Paschat.

2111 4871 2263 4925 Alius
2294 4884 2509 4938 quoque
2533 4870 2618 4923 his
2642 4869 2918 4936 antiquior
2947 4868 3173 4924 suberat
3202 4871 3423 4925 morbus
3453 4871 3614 4941 longe

2041 4961 2414 5033 gravissimus,
2447 4960 2539 5030 qui
2562 4959 2836 5015 Ecclesias
2889 4959 3221 5028 jampridem
3271 4960 3612 5026 infestabat;

2043 5052 2312 5107 dissensio
2337 5051 2556 5106 scilicet
2584 5051 2650 5104 de
2677 5050 2902 5104 salutari
2935 5052 3096 5108 festo.
3133 5051 3343 5120 Quippe
3376 5050 3464 5104 alii
3492 5067 3617 5106 cou-

2042 5142 2383 5197 suetudinem
2422 5140 2734 5196 Iudaeorum
2783 5143 2934 5211 sequi
2967 5151 3220 5212 oportere
3250 5143 3568 5198 asserebant
3596 5161 3610 5196 :

2040 5233 2128 5288 alii
2162 5243 2371 5302 tempus
2403 5233 2579 5300 ipsum
2612 5241 2868 5286 accurate
2915 5234 3317 5289 observandum
3346 5248 3468 5288 esse
3500 5234 3614 5294 aie-

2038 5497 2351 5569 πληγάδων,
2376 5499 2648 5567 quomodo
2681 5499 2846 5553 etiam
2880 5497 3168 5556 Turnebus
3214 5500 3281 5555 ad
3323 5513 3472 5554 oram
3525 5497 3608 5551 sui

2039 5571 2247 5624 COdlclS
2281 5571 2616 5624 eiiieudarat.

2099 5640 2212 5707 ('39)
2280 5639 2374 5691 Ἐκ
2419 5637 2654 5707 μακροῦ
2722 5637 3141 5709 διενοχλοῦσα.
3211 5637 3430 5709 Rectius
3483 5650 3606 5709 tneo

2025 5705 2244 5781 quidem
2333 5705 2552 5779 judicno
2613 5705 3004 5781 legeretur'tx
3071 5705 3284 5778 μακροῦ
3345 5705 3411 5776 δὴ
3479 5707 3600 5763 ἐνο-

424 5778 539 5849 (28)
567 5777 743 5851 Vulg.,
769 5776 1188 5849 Συμπληγὰσι.
1222 5777 1401 5836 Codex
1425 5777 1557 5834 Fuk.
1592 5780 1753 5834 habet
1774 5777 1914 5850 Συμ-
2022 5778 2247 5849 χλοῦσα.
