4186 6390
579 405 720 462 1053

1333 391 1602 449 EUSEBll
1639 381 2119 444 CIESARIENSIS
2156 381 2305 436 OPP.
2349 378 2530 434 PARS
2566 377 2605 434 I.
2644 405 2712 416 —
2750 376 3139 432 HISTORICA.

3701 375 3837 430 1660

581 527 734 586 haut,
772 533 874 574 nec
902 513 1210 570 errantibus
1237 506 1663 567 assentiendum,
1699 502 1789 570 qui
1825 501 1892 555 ab
1918 512 2151 565 evange-

2256 493 2628 586 πλανωμένοις
2661 492 2888 546 ἕπεσθαι
2909 495 3020 555 τοῖς
3044 493 3140 562 τῆς
3167 492 3294 560 εὑαγ
3311 490 3524 560 ίελικῆς
3541 489 3837 560 ἀλλοτρίοις

581 616 680 668 lica
712 610 888 682 gratia
921 607 1025 660 hac
1063 605 1227 656 etiam
1257 600 1309 653 in
1343 606 1496 667 parte
1525 593 1685 648 alieni
1727 599 1929 644 essent.
1967 588 2152 654 Itaque

580 677 924 758 cum'omnes
963 694 1162 762 ubique
1186 687 1362 759 populi
1394 684 1712 753 jamdudum
1769 681 1911 733 inter
1949 691 2006 732 se
2039 677 2153 730 dis-

580 796 847 852 siderent,
877 798 932 842 et
963 784 1108 839 sacri
1139 780 1418 849 religionis
1461 784 1661 830 nostra
1686 773 1824 826 ritus
1853 767 2150 824 conturba-

583 899 771 942 rentur
801 880 1021 954 (quippe
1045 876 1097 930 in
1132 889 1239 928 uno
1274 872 1573 936 eodemque
1604 864 1744 919 festo
1771 861 2033 929 temporis
2066 858 2153 913 di-

582 953 820 1033 versitas
852 970 1145 1024 maximum
1198 962 1488 1018 discidium
1520 961 1661 1013 inter
1717 955 1975 1010 feriantes
2003 953 2154 1007 exci-

584 1069 754 1130 tabat,
773 1078 895 1118 cum
911 1061 968 1114 hi
995 1055 1218 1127 jejuniis
1242 1062 1294 1108 et
1318 1051 1576 1106 aerumnis
1603 1047 1812 1115 seipsos
1830 1050 2152 1106 attererent,

590 1160 665 1213 illi
701 1155 814 1209 otio
848 1167 910 1206 ac
944 1149 1144 1204 laetitiae
1174 1135 1900 1212 iudulgerent),mortalium
1934 1133 2152 1202 quidem

584 1265 743 1306 nemo
773 1255 918 1311 erat,
953 1243 1045 1313 qui
1101 1239 1226 1295 huic
1257 1235 1396 1292 malo
1437 1232 1733 1288 remedium
1785 1238 1966 1300 posset
2000 1225 2155 1280 adhi-

584 1341 712 1395 bere
739 1382 752 1405 ,
781 1352 902 1392 cum
929 1334 1188 1400 utrinque
1208 1329 1352 1382 inter
1371 1323 1752 1380 dissentientes
1771 1320 1913 1373 velut
1943 1325 2152 1386 aequata

582 1433 737 1486 lance
819 1423 1188 1484 controversia
1242 1423 1518 1489 penderet.
1602 1413 1716 1468 Soli
1794 1407 2153 1476 omnipotenti

586 1526 694 1579 Deo
735 1519 990 1592 perfacile
1015 1524 1135 1572 erat
1188 1512 1309 1567 istis
1341 1510 1501 1564 malis
1537 1506 1768 1570 mederi;
1819 1515 1962 1557 unus
1989 1513 2152 1570 porro

585 1618 636 1670 in
673 1614 832 1668 terris
861 1609 1108 1665 exstabat
1143 1601 1550 1664 Constantinus,
1585 1595 1754 1668 486
1809 1594 1898 1662 qui
1935 1592 2001 1644 ad
2044 1591 2155 1644 hate

585 1711 722 1762 bona
745 1701 1076 1774 perﬁcienda
1113 1697 1341 1751 idoneus
1375 1693 1468 1746 Dei
1515 1691 1764 1744 minister
1788 1700 1910 1740 esse
1942 1684 2155 1738 videre-

587 1810 694 1852 tur.
731 1795 832 1864 Qui
857 1803 1207 1864 posteaquam
1253 1789 1367 1841 haec
1394 1799 1511 1853 quze
1541 1783 1698 1835 modo
1733 1777 1840 1833 dixi
1875 1775 2153 1831 auditione

2259 581 2496 651 χάριτος.
2529 582 2647 635 Κάν
2677 581 2848 651 τούτῳ
2871 581 3156 652 τοιγαροῦν
3184 581 3296 651 (50,
3332 583 3562 650 μακροῖς
3592 580 3692 650 ήδη
3719 580 3841 650 χρό-

2255 690 2364 735 νοις
2394 672 2503 725 τῶν
2533 672 2844 742 ἁπανταχοῦ
2875 672 3018 725 λαῶν
3059 672 3503 744 διενηνεγμένων,
3535 671 3749 742 θεσμῶν
3777 689 3839 725 τε

2255 763 2416 816 θείων
2459 765 2855 839 συγχεομένων,
2884 765 2960 827 ὡς
2991 763 3083 816 ἐπὶ
3119 765 3248 834 μιᾶς
3287 763 3500 833 καὶτῆς
3527 763 3696 833 αὐτῆς
3717 763 3840 833 ἐορ-

2253 853 2355 922 τῆς
2378 853 2475 924 τὴν
2514 853 2610 907 τοῦ
2640 853 2831 924 καιροῦ
2873 853 3230 926 παρατροπὴν
3270 855 3533 926 μεγίστην
3560 854 3841 908 διάστασιν

2255 948 2502 1016 ἐμποιεῖν
2520 949 2632 1010 τοῖς
2650 947 2749 1017 τὴν
2775 947 2968 1019 ἑορτὴν
2988 946 3202 1016 ἄγουσι,
3227 948 3335 1000 τῶν
3365 947 3462 1018 μὲν
3489 948 3722 1011 ἀσιτίαις
3744 947 3841 1002 καὶ

2255 1040 2648 1104 κακοπαθείαις
2691 1041 3121 1111 ἐνασκουμένων,
3164 1041 3272 1094 τῶν
3297 1041 3341 1094 δ’
3374 1041 3558 1095 ἀνέσει
3582 1040 3681 1111 τὴν
3713 1056 3839 1111 σχο-

2255 1129 2352 1200 λὴν
2390 1131 2769 1192 ἀνατιθέντων,
2803 1132 2977 1195 οὐδεὶς
3011 1126 3118 1196 οἷός
3153 1149 3212 1184 τε
3243 1127 3310 1202 ἦν
3345 1130 3646 1202 ἀνθρώπιον
3679 1130 3841 1202 θερα-

2257 1224 2414 1276 πείαν
2432 1223 2696 1292 εὕρασθαι
2723 1223 2817 1276 τοῦ
2845 1223 3035 1287 κακοῦ,
3067 1222 3371 1276 ίσοστασίου
3404 1222 3503 1292 τῆς
3528 1221 3705 1293 ἔριδος
3727 1220 3838 1291 (51)

2253 1318 2367 1380 τοῖς
2395 1316 2675 1369 διεστῶσιν
2701 1316 3052 1387 ὑπαρχούσης
3071 1332 3086 1346 ο
3131 1316 3278 1388 μόνῳ
3320 1315 3364 1368 δ’
3393 1315 3501 1385 ἄρα
3527 1315 3606 1386 τῷ
3648 1331 3841 1368 παντο-

2255 1406 2478 1476 δυνάμῳ
2507 1406 2629 1476 Θεῷ
2672 1406 2765 1460 καὶ¹
2811 1405 2963 1460 ταῦτ’
2997 1405 3178 1459 ἰᾶσθαι
3210 1405 3390 1476 ῥᾴδιον
3420 1400 3508 1476 ἦν,
3532 1406 3751 1473 ἀγαθῶν
3789 1406 3836 1458 δ’

2256 1495 2535 1565 ὑπηρέτης
2560 1495 2710 1566 αὐτῷ
2744 1495 2901 1566 μόνος
2933 1495 3039 1548 τῶν
3069 1494 3160 1548 ἐπὶ
3185 1496 3288 1565 γῆς
3302 1494 3658 1562 κατεφαίνετο
3679 1497 3835 1548 Κων-

2256 1589 2530 1650 σταντῖνος
2552 1603 2566 1617 ·
2605 1587 2666 1651 ὃς
2721 1588 2908 1657 ἐπειδὴ
2954 1587 3052 1658 τὴν
3104 1587 3213 1640 τῶν
3291 1586 3590 1657 λεχθέντων
3643 1587 3836 1655 διέγνω

2254 1679 2442 1751 ἀκοὴν,
2473 1680 2534 1732 τό
2581 1695 2640 1732 τε
2685 1678 3076 1750 καταπεμφθέν
3112 1679 3261 1749 αὑτῷ
3293 1681 3525 1751 γράμμα
3557 1681 3668 1742 τοῖς
3693 1679 3835 1732 κατά

2254 1771 2354 1841 τὴν
2389 1769 2793 1842 Ἀλεξάνδρειαν
2841 1772 3120 1843 ἄπρακτον
3153 1770 3319 1842 ἐώρα,
3353 1771 3472 1824 τότε
3516 1771 3675 1835 αὐτὸς
3706 1771 3834 1824 ἐαυ-

585 1888 813 1956 accepit,
847 1855 899 1940 et
927 1855 1122 1937 litteris
1151 1893 1285 1948 quas
1307 1877 1374 1931 ad
1399 1871 1805 1930 Alexandrinos
1827 1868 2051 1923 miserat
2075 1868 2154 1919 ni-

2256 1864 2347 1916 τοῦ
2377 1864 2474 1934 τὴν
2511 1865 2748 1918 διάνοιαν
2782 1864 3135 1935 ἀνακινήσας,
3167 1863 3323 1917 ἄλλον
3351 1863 3558 1917 τουτονὶ
3585 1881 3837 1932 καταγω-

586 1979 659 2034 hil
703 1992 762 2031 se
815 1973 1114 2043 proiecisse
1144 1967 1445 2038 cognovit,
1498 1962 1694 2016 mentis
1725 1975 1838 2014 suae
1881 1957 2156 2013 solertiam

587 2071 700 2137 ipse
723 2066 966 2122 excitans
991 2105 1005 2129 ,
1049 2075 1246 2115 novum
1283 2056 1386 2111 sibi
1438 2053 1642 2110 bellum
1675 2051 1940 2106 adversus
1967 2047 2158 2102 invisi-

584 2161 743 2214 bilem
790 2159 1000 2212 hostem
1037 2150 1292 2206 Ecclesiae
1326 2155 1525 2204 statum
1557 2141 1995 2214 perturbantem,
2029 2153 2158 2193 con-

586 2251 873 2307 ﬁciendum
897 2261 1019 2301 esse
1047 2245 1206 2298 dixrt.

1189 2328 1416 2387 CAPUT
1448 2326 1536 2382 Vl.

808 2425 1083 2492 Quomodo
1115 2421 1372 2492 synodum
1398 2415 1596 2470 Nicww
1623 2413 1741 2483 fieri
1764 2412 1944 2480 jussit.

658 2519 776 2573 Mox
805 2517 953 2571 velut
976 2514 1211 2569 divinam
1243 2508 1534 2580 quamdam
1555 2504 1878 2575 phalangem
1900 2501 2160 2555 adversus

591 2626 712 2666 eum
743 2611 1038 2672 instruens,
1064 2601 1373 2677 generalem
1400 2598 1658 2668 synodum
1684 2593 2034 2657 convocavit;
2070 2591 2162 2644 ho-

588 2701 826 2756 norificis
851 2699 1046 2752 litteris
1066 2672 1348 2764 episcopos
1368 2691 1608 2758 undique
1633 2687 1889 2750 invitans,
1906 2672 1966 2738 ut
1989 2697 2160 2752 quan-

581 2793 762 2846 tocius
789 2790 1066 2845 adessent.
1099 2785 1207 2841 Nec
1232 2797 1363 2838 vero
1392 2781 1618 2851 simplex
1647 2792 1712 2832 ac
1741 2777 1883 2831 nuda
1909 2782 2030 2830 erat
2051 2772 2163 2840 jus-

586 2884 666 2936 sio
699 2899 714 2937 :
746 2880 840 2936 sed
891 2889 1152 2950 praeterea
1193 2876 1422 2930 multum
1470 2873 1538 2927 ad
1594 2871 1698 2925 hoc
1743 2882 1880 2938 opus
1929 2863 2159 2920 contulit

585 2973 933 3042 imperatoris
957 2969 1291 3039 benignitas,
1321 2968 1414 3034 qui
1447 2964 1567 3019 aliis
1596 2961 1812 3031 quidem
1843 2971 2035 3012 cursus
2056 2971 2156 3025 pu-

585 3067 712 3121 blici
743 3065 954 3134 copiam
978 3061 1241 3133 przebuit,
1297 3058 1420 3112 aliis
1442 3070 1572 3110 vero
1599 3053 1972 3122 jumentorum
1999 3060 2156 3101 usum

585 3157 798 3212 abunde
819 3152 1270 3209 subministravit.
1291 3149 1427 3216 Quin
1447 3147 1614 3202 etiam
1634 3143 1789 3200 sedes
1805 3140 1930 3195 huic
1954 3137 2160 3208 synodo

589 3244 1101 3303 convenientissima
1132 3242 1400 3310 assignata
1425 3247 1530 3301 est,
1560 3237 1693 3290 urbs
1715 3247 1835 3303 quae
1866 3247 1896 3285 a
1927 3228 2157 3284 victoria

585 3354 782 3395 nomen
814 3337 979 3392 habet
1011 3332 1209 3398 Nicaea,
1264 3332 1317 3385 in
1358 3329 1606 3400 Bith’ynia
1654 3325 1781 3380 sita.
1811 3321 2028 3377 Perlato
2056 3319 2158 3389 igi-

589 3443 674 3485 tur
704 3431 757 3484 in
789 3441 977 3483 omnes
1012 3423 1323 3495 provincias
1353 3416 1700 3489 imperatoris
1725 3422 2018 3484 praecepto,
2047 3420 2156 3464 sta-

590 3523 683 3574 tim
711 3520 886 3575 cuncti
942 3517 1091 3572 velut
1120 3528 1186 3568 ex
1218 3523 1508 3568 transenna
1557 3508 1764 3571 emissi,
1795 3517 2004 3560 summa
2032 3515 2154 3555 cum

588 3612 868 3667 alacritate
920 3606 1266 3662 advolarunt.
1319 3601 1607 3656 Alliciebat
1659 3597 1868 3652 scilicet
1909 3609 2004 3649 eos
2032 3606 2158 3663 spes

589 3702 874 3764 honorum,
899 3706 952 3754 et
982 3695 1265 3766 praesentis
1292 3693 1437 3762 pacis
1464 3687 1879 3760 opportunitas;
1908 3683 2029 3737 novi
2061 3681 2155 3736 de-

589 3794 751 3861 nique
779 3789 1050 3852 miraculi,
1106 3787 1239 3841 tanti
1276 3784 1529 3838 nimirum
1569 3777 2159 3848 imperatoris,specta-

586 3881 787 3937 culum.
818 3878 1179 3946 Posteaquam
1211 3876 1264 3929 in
1297 3887 1462 3927 unum
1515 3882 1842 3934 convenere,
1895 3865 1988 3919 Dei
2018 3877 2156 3932 Opus

587 3989 708 4029 esse
736 3974 786 4026 id
811 3971 954 4041 quod
985 3968 1278 4040 gerebatur
1308 3963 1576 4034 apparuit.
1594 3959 1730 4015 Nam
1751 3959 1844 4030 qui
1867 3972 1974 4012 non
1997 3956 2156 4010 modo

587 4066 804 4131 animis,
835 4078 1020 4118 verum
1059 4062 1226 4116 etiam
1272 4058 1595 4129 corporibus
1634 4064 1689 4108 et
1749 4049 2063 4123 regionibus
2090 4061 2155 4102 ac

585 4157 717 4212 locis
751 4165 805 4210 et
838 4152 1132 4224 provinciis
1162 4149 1473 4219 longissime
1507 4147 1651 4200 inter
1674 4158 1733 4197 se
1762 4142 1936 4196 dissiti
1970 4146 2148 4203 erant,

2256 1955 2482 2008 νιεῖσθαι
2507 1956 2614 2010 δεῖν
2648 1956 2748 2026 ἔφη
2773 1956 2865 2008 τὸν
2891 1955 3029 2008 κατά
3060 1953 3154 2007 τοῦ
3183 1955 3542 2024 ταράττοντος
3565 1956 3663 2025 τὴν
3710 1954 3832 2008 Ἐκ-

2257 2046 2484 2116 κλησίαν
2512 2047 2750 2116 ἀφανοῦς
2781 2046 2976 2118 ἐχθροῦ
3009 2046 3262 2117 πόλεμον.

2785 2311 3181 2366 ΚΕΦΑΛΑΙΟΝ
3203 2313 3292 2380 (τ’.

2261 2398 2450 2466 ὀπως
2483 2400 2748 2455 σύνοδον
2777 2403 2848 2455 ἐν
2881 2404 3094 2470 Νικαίςι
3123 2402 3398 2473 γενέσθαι
3439 2403 3832 2471 προσέταξεν.

2329 2487 2443 2547 Εἶθ’
2484 2492 2672 2565 ὥσπερ
2717 2494 3123 2564 ἐπιστρατεύων
3157 2495 3330 2566 αύτῷ,
3381 2495 3516 2549 Θεοῦ
3574 2497 3838 2565 φάλαγγα

2261 2583 2475 2637 σύνοδον
2507 2586 2890 2658 οἱκουμενικὴν
2922 2587 3254 2659 συνεκρότει,
3287 2589 3536 2641 σπεύδειν
3581 2590 3832 2642 ἁπαντα-

2259 2675 2415 2745 χόθεν
2440 2678 2565 2740 τοὺς
2590 2678 2926 2742 ἐπισκόπους
2950 2679 3242 2749 γράμμασι
3278 2684 3586 2750 τιμητικοῖς
3621 2699 3834 2752 προκα-

2259 2767 2541 2838 λούμενος.
2593 2769 2707 2822 Οὐκ
2737 2764 2804 2840 ἦν
2830 2769 2877 2822 θ’
2911 2771 3119 2824 ἁπλοῦν
3148 2771 3209 2824 τὸ
3237 2773 3538 2842 ἐπίταγμα,
3577 2775 3836 2844 συνήργει

2257 2856 2317 2910 δὲ
2346 2859 2438 2910 καὶ
2463 2859 2600 2929 αὐτῇ
2628 2859 2823 2929 πράξει
2860 2861 2922 2913 τὸ
2950 2861 3212 2931 βασιλέως
3240 2863 3432 2932 νεῦμα,
3456 2860 3538 2927 οἷς
3563 2866 3659 2936 μὲν
3681 2865 3835 2930 ἐξου⁶

2263 2949 2382 3003 σίαν
2401 2949 2660 3020 δημοσίου
2684 2952 2922 3022 παρέχον
2943 2953 3144 3030 δρόμου
3162 2955 3295 3025 (52),
3327 2951 3408 3020 οἷς
3438 2957 3495 3010 δὲ
3511 2959 3836 3030 νωτοφόρων

2261 3041 2565 3113 ὑπηρεσίας
2597 3043 2890 3110 ἀφθόνους·
2925 3045 3128 3116 ὥριστο
3179 3047 3236 3100 δὲ
3285 3050 3376 3102 καὶ
3428 3049 3577 3112 πόλις
3623 3051 3836 3120 ἐμπρέ-

2263 3149 2440 3188 πουσα
2470 3137 2535 3204 τῇ
2569 3135 2791 3204 συνόδῳ,
2817 3135 2972 3207 νίκης
2997 3137 3304 3209 ἐπώνυμος,
3333 3139 3476 3193 κατά
3498 3139 3559 3191 τὸ
3592 3140 3836 3194 Βιθυνῶν

2262 3224 2488 3296 ἐθνος,ή
2518 3226 2737 3280 Νίκαια.
2785 3227 2870 3292 Ὡς
2905 3212 2998 3281 οὖν
3023 3229 3210 3298 ἐφοίτα
3231 3230 3506 3302 πανταχοῦ
3535 3235 3596 3284 τὸ
3622 3232 3840 3301 παράγ-

2263 3315 2461 3385 γελμα,
2495 3314 2582 3370 οἷά
2613 3334 2758 3380 τινος
2807 3318 2914 3371 ἀπὸ
2955 3316 3156 3391 νύσσης
3192 3322 3240 3374 oi
3285 3321 3483 3384 πάντες
3533 3319 3682 3376 ἔθεον
3737 3323 3837 3376 σὺν

2263 3405 2542 3477 προθυμίᾳ
2571 3407 2718 3479 πάσῃ
2745 3425 2756 3437 ·
2789 3403 2938 3463 εἷλκε
2968 3409 3077 3480 γάρ
3116 3412 3311 3476 αὐτοὺς
3339 3411 3558 3479 ἀγαθῶν
3587 3413 3760 3477 ἐλπὶς,
3797 3415 3834 3485 ἥ

2260 3513 2322 3550 τε
2348 3497 2448 3567 τῆς
2477 3499 2698 3570 είρήνης
2727 3501 3004 3570 μετουσία,
3035 3503 3128 3556 τοῦ
3161 3521 3220 3556 τε
3249 3502 3398 3568 ξένου
3423 3503 3838 3576 θαύματος,τῆς

2259 3585 2358 3639 τοῦ
2406 3587 2659 3641 τοσούτου
2711 3589 2974 3660 βασιλέως
3019 3592 3268 3665 ὅψεωςὶὴ
3318 3593 3436 3648 θέα.
3475 3593 3691 3664 Ἐπειδὴ
3739 3591 3836 3648 οὗν

2263 3677 2519 3733 συνῆλθον
2555 3681 2604 3733 οἱ
2636 3683 2855 3745 πάντες,
2891 3683 3050 3754 ἔργον
3079 3683 3177 3754 ἤδη
3201 3663 3343 3738 ⁷ἱςεοῦ
3367 3684 3428 3737 τὸ
3467 3663 3836 3756 πραττόμενον

2265 3766 2570 3842 ἐθεωρεῖτο.
2643 3773 2704 3825 Οἱ
2750 3771 2858 3844 γάρ
2917 3774 2990 3844 μὴ
3049 3774 3206 3844 μόνον
3261 3774 3480 3846 ψυχαῖς,
3551 3775 3688 3829 ἀλλὰ
3738 3779 3838 3830 καὶ

2264 3859 2478 3930 σώμασι
2508 3863 2598 3916 καὶ
2611 3863 2838 3934 χώραις,
2863 3865 2956 3917 καὶ
2975 3865 3159 3929 τόποις
3186 3867 3279 3919 καὶ
3305 3866 3480 3920 ἔθνεσι
3497 3868 3838 3940 πορρωτάτω

2260 3949 2545 4016 διεστῶτες
2583 3954 2844 4024 ἀλλήλων,
2872 3954 3008 4024 ὁμοῦ
3058 3958 3377 4027 συνήγοντο’
3416 3958 3510 4011 καὶ
3559 3960 3657 4030 μία
3706 3960 3838 4022 τοὺς

2261 4045 2467 4108 πάντας
2495 4046 2784 4117 ὑπεδέχετο
2809 4048 2984 4111 πόλις,
3013 4043 3123 4100 οἷόν
3167 4065 3285 4101 τινα
3337 4049 3591 4118 μέγιστον
3641 4051 3838 4123 ἱερέων

2262 4135 2543 4203 στέφανον,
2568 4135 2625 4202 ἐξ
2649 4136 2864 4206 ὡραίων
2886 4135 3090 4190 ἀνθέων
3113 4138 3670 4209 καταπεποικιλμένον

588 4262 716 4304 tunc
743 4248 798 4302 in
829 4261 993 4300 unum
1021 4242 1328 4314 congregati
1384 4241 1868 4295 cernebantur:et
1889 4231 2039 4286 velut
2083 4227 2373 4282 maximam
2419 4227 2708 4295 quamdam
2737 4229 3086 4283 sacerdotum
3151 4243 3408 4284 coronam
3464 4243 3529 4283 ex
3585 4230 3840 4300 puli-her-

585 4343 738 4399 rimis
763 4340 985 4397 ﬂoribus
1014 4347 1322 4394 contextam
1355 4375 1370 4400 ,
1412 4349 1514 4388 una
1544 4340 1772 4388 cunctos
1821 4327 2017 4383 civitas
2055 4322 2328 4392 capiebat.

1179 4428 1405 4488 CAPUT
1445 4427 1554 4482 VII.

584 4528 662 4584 De
689 4526 969 4583 universali
998 4522 1237 4587 concilio,
1260 4521 1327 4574 ad
1351 4519 1486 4588 quod
1504 4531 1568 4598 ea:
1587 4514 1826 4596 omnibus
1860 4508 2149 4580 provinciis

1054 4609 1178 4648 cono
1187 4599 1405 4646 enarunt
1437 4602 1687 4654 episcopi.

655 4689 866 4743 Etenim
890 4701 955 4741 ex
983 4684 1240 4740 omnibus
1264 4678 1517 4734 Ecclesiis
1555 4690 1675 4746 quae
1701 4673 2010 4727 universam
2043 4667 2148 4721 Eu-

583 4793 794 4848 ropam,
843 4775 1082 4830 Africam
1111 4782 1273 4842 atque
1305 4771 1494 4827 Asiam
1549 4765 1902 4840 impleverant
1931 4803 1946 4826 ,
1983 4762 2018 4815 ii
2048 4759 2142 4828 qui

2807 4416 3198 4470 ΚΕΦΑΛΑΙΟΝ
3232 4419 3304 4470 Z'.

2258 4507 2397 4576 Περὶ
2428 4507 2846 4586 οἰκουρενιειῆς
2899 4508 3196 4586 συνόδου,
3230 4511 3324 4586 εἰς
3379 4507 3460 4575 ἣν
3489 4508 3557 4563 ἐκ
3593 4511 3837 4564 πάντων

2599 4577 2790 4633 ἐθνῶν
2827 4577 3111 4645 παρῆσαν
3140 4579 3477 4632 ἐπίσκοποι.

2326 4669 2446 4722 Τῶν
2490 4670 2619 4738 γοῦν
2638 4670 2972 4740 Ἐκκλησιῶν
3023 4669 3272 4733 ἀπασῶν,
3303 4670 3357 4723 αἳ
3407 4671 3505 4740 τὴν
3561 4671 3836 4743 Εὐρώπην

2251 4758 2467 4812 ἃπασαν
2488 4801 2503 4825 ,
2538 4760 2743 4830 Λιϐύην
2772 4777 2832 4812 τε
2865 4761 2958 4814 καὶ
2987 4760 3083 4830 τὴν
3120 4761 3303 4814 Ἀσίαν
3351 4759 3621 4832 ἐπλήρουν
3646 4801 3660 4824 ,
3694 4762 3834 4831 ὁμοῦ

656 4890 766 4961 (‘50)
792 4887 918 4943 Κάν
938 4889 1126 4954 τούτῳ
1155 4883 1490 4961 τοιγαροῦνς.
1535 4880 1634 4961 llic
1660 4880 1822 4961 locus
1850 4890 2016 4960 pratia
2071 4873 2152 4952 in-

2256 4873 2408 4945 ἕριδα
2446 4881 2547 4929 hoc
2577 4874 2697 4961 loco
2729 4873 3180 4961 dixit-Eusebius,
3206 4874 3255 4927 id
3279 4881 3384 4955 est,
3426 4874 3640 4961 paribus
3669 4873 3836 4927 utrin-

585 4943 964 5026 terptiitctiorie
995 4943 1278 5026 corruptus
1304 4943 1411 5026 est.
1441 4953 1634 5026 Scribe
1660 4950 1827 5026 igitur
1855 4943 1872 4999 7:
1909 4947 2021 5008 τοῖς
2040 4943 2140 5026 τῇς

582 5017 940 5098 εὐαγγελικῇς
966 5017 1519 5098 ἀλλοτρίοις-χάριτος
1551 5021 1653 5098 κάν
1680 5019 2015 5098 cousqiLetc.
2052 5017 2142 5098 Ait

581 5087 848 5155 Eusebius
874 5087 1082 5151 J'udaaos
1112 5087 1221 5148 tum
1246 5087 1249 5088 ⁷
1273 5087 1332 5147 in
1361 5087 1480 5147 aliis
1539 5095 1698 5145 rebus
1739 5087 1834 5142 ab
1865 5087 2139 5153 Evangelii

582 5170 751 5240 gratia
780 5169 983 5240 alienos
1016 5181 1154 5240 esse,
1187 5175 1298 5216 tum
1330 5165 1380 5215 in
1437 5165 1539 5240 hac
1595 5159 1938 5240 potissimum
1962 5228 1971 5240 ι
1998 5155 2141 5224 quod

581 5228 788 5294 pascha
811 5252 878 5292 ex
908 5235 1141 5290 Mosaica
1187 5233 1578 5287 consuetudine
1601 5228 1809 5283 ’adhuc
1840 5228 2138 5287 celebrent,

581 5325 688 5363 non
725 5309 876 5375 juxta
931 5304 1200 5374 Evangelii
1252 5299 1910 5375 veritateni._Con_[irma_t
1960 5305 2138 5375 autem

581 5364 1010 5432 emendationem
1043 5364 1281 5428 nostram
1313 5371 1698 5425 Constantinus
1730 5371 1778 5421 in
1812 5365 2036 5436 epistula
2074 5364 2140 5436 ad

582 5447 876 5508 Ecclesias,
892 5445 1044 5512 cujus
1065 5443 1222 5512 verba
1238 5441 1544 5512 referuntur
1562 5439 1696 5512 infra
1724 5435 1882 5512 iu_c.’l
1897 5439 1926 5489 7
1947 5456 1959 5489 :
1980 5435 2143 5512 'Exsi:

578 5519 677 5640 ξεν
698 5512 790 5570 οὖν
817 5505 990 5568 τοίνυν
1010 5514 1110 5567 κάν
1136 5511 1308 5581 τούτῳ
1337 5509 1414 5579 τῷ
1443 5509 1594 5580 μέρει
1624 5510 1722 5579 τὴν
1752 5507 2004 5578 ἀλήθειαν
2029 5505 2139 5572 οὐχ’

611 5604 794 5640 οωσιν.

645 5604 794 5640 ωσιν.

611 5607 1171 5724 ρῗὲὀῗῖ”1σοστασίου
1218 5649 1326 5719 τῆς
1370 5649 1582 5717 ἔριδος.
1627 5647 1801 5702 Graeci
1843 5647 2140 5700 ἰσοστάσιον

587 5727 762 5797 μάχην
796 5727 999 5791 dicunt,
1030 5724 1241 5797 quotieS
1269 5726 1338 5797 ita
1372 5731 1668 5797 pugnatum
1703 5727 1805 5781 est,
1841 5727 1906 5797 tit
1953 5731 2141 5797 neutra

585 5786 1327 5863 par'S'victoriaut'retulerit.
1371 5786 1572 5846 Eodem
1625 5803 1783 5843 sensu
1841 5786 2142 5840 ἰσοστάσιον

2254 4942 2350 5012 quo
2398 4948 2668 4998 momentis
2723 4945 2970 4997 libratam
3026 4945 3458 4998 controuersiam.
3515 4942 3630 5012 Non
3685 4954 3834 4996 recte

2254 5011 2419 5083 igitur
2480 5016 3012 5082 Christophorsonus
3101 5017 3171 5066 ita
3241 5014 3467 5067 vertit:
3519 5011 3829 5066 Praesertim

2251 5086 2778 5166 cunuconlroversia
2837 5085 3202 5138 dissidentium
3278 5085 3484 5136 animos
3547 5098 3612 5135 ex
3682 5099 3832 5150 a'quo

2250 5165 2401 5220 σταίη
2411 5165 2539 5206 mret
2549 5193 2560 5205 .
2572 5196 2584 5208 .

2322 5218 2432 5291 (32)
2465 5226 2832 5293 Δημοσίου...
2858 5223 3098 5291 δρόμου.
3125 5221 3316 5293 Mirum
3350 5233 3432 5278 est
3469 5221 3614 5290 quod
3654 5218 3834 5293 Euse-

2249 5288 2368 5348 bius
2411 5288 2691 5349 hocwloco
2740 5295 2808 5347 τὰ
2873 5288 3153 5364 νωτοφόρα
3205 5288 3500 5364 distinguit
3532 5306 3561 5344 a
3615 5288 3834 5364 publico

2248 5379 2432 5417 cursu.
2489 5364 2593 5418 Sed
2639 5364 2950 5434 responderi
2982 5358 3182 5431 potest,
3237 5358 3572 5434 Eusebium,_
3611 5358 3835 5413 nomine

2252 5434 2452 5502 publici
2483 5449 2678 5490 cursus
2706 5431 3035 5488 intellexisse
3061 5433 3327 5486 vehicula.
3351 5431 3634 5502 Atqueita
3661 5443 3825 5502 acce-

2251 5500 2330 5569 pit
2372 5504 2715 5572 Nicephorus
2760 5505 2812 5557 in
2867 5505 2958 5558 lib.
3016 5515 3134 5562 vui,
3175 5516 3297 5572 cap.
3345 5503 3434 5554 14.
3481 5500 3616 5553 Aliis
3664 5500 3832 5572 igitur

2250 5567 2522 5642 episcopis
2551 5575 2802 5629 vehicula
2830 5574 3058 5641 praeberi
3083 5567 3676 5642 jussit-Constantinus,
3699 5567 3829 5642 aliis

2250 5637 2718 5769 eqtiigs'lpublicos
2772 5637 2970 5712 quibus
3034 5646 3362 5699 veherentur
3409 5641 3475 5694 ad
3537 5637 3827 5695 concilium

2250 5733 2347 5769 ιιι-υ
2373 5731 2433 5769 ec
2465 5732 2569 5769 uri.

2249 5725 2569 5784 profecturi.
