4186 6388
364 399 504 458 1065

1428 401 1516 457 DE
1559 401 1716 457 νιΤΑ
1759 401 2225 459 CONSTANTINI
2269 403 2393 456 LIB.
2438 405 2526 458 lll.

3501 411 3638 464 1666

357 513 601 584 βασιλέα.
656 514 915 584 Ἡγοῦντο
955 516 1010 569 δὲ
1057 517 1150 571 καὶ
1191 517 1380 582 ἄλλοι,
1425 521 1487 572 οὐ
1537 521 1647 572 τῶν
1700 520 1943 588 συνηθῶν

2056 521 2320 576 cedebant
2360 535 2576 590 quoque
2621 519 2750 584 alii,
2804 537 2911 576 non
2954 531 3015 576 ut
3050 523 3219 578 moris
3257 533 3343 578 est
3383 539 3448 578 es
3495 529 3642 577 nuti-

353 605 591 658 ὁπλιτῶν
628 622 687 658 τε
739 608 832 663 καὶ
863 607 1176 681 δορυφόρων
1199 649 1213 672 ,
1254 610 1430 681 μόνων
1475 611 1531 664 δὲ
1579 611 1690 667 τῶν
1734 613 1944 666 πιστῶν

357 695 546 764 φίλων.
577 697 801 751 Πάντων
821 699 868 752 δ’
895 699 1308 765 ἐξαναστάντων
1337 704 1430 757 ἐπὶ
1458 706 1763 778 συνθήματι
1789 709 1818 761 ὃ
1847 709 1949 779 τὴν

359 785 624 856 βασιλέῳς
674 789 878 843 εἴσοδον
926 791 1114 863 ἐδήλου
1145 793 1290 865 (45),
1340 795 1503 858 αὐτὸς
1538 797 1601 868 δὴ
1649 799 1833 854 λοιπὸν
1869 800 1949 852 δι-

358 879 537 934 έϐαινε
583 881 749 952 μέσος
789 882 930 954 (44),
977 878 1066 937 οἷα
1095 880 1230 938 Θεοῦ
1278 903 1361 950 τις
1397 888 1648 958 οὐράνιος
1692 890 1946 959 ἄγγελος,

355 970 615 1042 λαμπρὰν
635 973 732 1042 μὲν
747 973 934 1044 ὥσπερ
952 975 1130 1044 φωτὸς
1150 981 1540 1050 μαρμαρυγαῖς
1559 979 1948 1054 ἐξαστράπτων

357 1064 682 1138 περιϐολὴν,
725 1067 1042 1140 άλουργῖδος
1103 1073 1387 1138 πυρωποῖς
1453 1073 1949 1148 καταλαμπόμενος

354 1153 558 1218 ἀκτῖσι,
587 1157 791 1228 χρυσοῦ
812 1175 871 1212 τε
904 1159 997 1212 καὶ
1018 1158 1183 1214 λίθων
1209 1161 1516 1216 πολυτελῶν
1546 1165 1794 1234 διαυγέσι
1823 1167 1948 1236 φέγ-

355 1262 475 1314 γεσι
514 1248 920 1320 κοσμούμενος·
959 1251 1134 1306 ταῦτα
1183 1252 1283 1323 μὲν
1329 1251 1423 1307 οῦν
1466 1257 1610 1326 ἀμφὶ
1646 1257 1711 1310 τὸ
1757 1258 1942 1330 σῶμα·

354 1335 453 1407 τὴν
474 1336 531 1390 δὲ
551 1336 746 1408 ψυχὴν,
786 1339 921 1392 θεοῦ
950 1340 1100 1412 φόϐῳ
1127 1343 1224 1396 καὶ
1267 1343 1526 1417 εὐλαϐείᾳ
1557 1345 1716 1417 δῆλος
1745 1343 1814 1419 ἦν
1848 1367 1942 1402 κε⁹

354 1427 835 1500 καλλωπισμένος·
880 1431 1176 1501 ὑπέφαινον
1211 1433 1270 1488 δὲ
1316 1436 1412 1488 καὶ
1467 1437 1622 1491 ταῦτ’
1678 1439 1948 1512 ὀφθαλμοὶ

354 1520 504 1575 κάτω
532 1521 798 1586 νεύοντες,
835 1523 1090 1596 ἐρύθημα
1118 1526 1432 1598 προσώπου,
1463 1532 1768 1601 περιπάτου
1794 1535 1949 1606 κίνη-

358 1627 460 1679 σις,
499 1613 561 1666 τό
590 1615 637 1667 τ’
666 1613 794 1668 ἄλλο
833 1612 994 1680 εἶδος.
1020 1618 1082 1671 τὸ
1113 1619 1343 1689 μέγεθός
1382 1637 1443 1673 τε
1471 1623 1810 1694 ὑπερϐάλλον
1848 1627 1947 1696 μὲν

353 1706 478 1769 τοὺς
503 1707 642 1777 ἀμφ’
674 1707 836 1762 αὑτὸν
874 1709 1120 1774 ἅπαντας
1150 1728 1162 1741 ·
1195 1712 1275 1783 τῷ
1313 1730 1372 1766 τε
1412 1714 1599 1768 κάλλει
1637 1715 1738 1786 τῆς
1775 1716 1944 1788 ὥρας,

354 1798 449 1851 καὶ
484 1799 562 1870 τῷ
598 1801 1009 1872 μεγαλοπρεπεῖ
1046 1804 1146 1874 τῆς
1176 1806 1270 1858 τοῦ
1308 1805 1557 1877 σώματος
1589 1808 1944 1882 εὐπρεπείας,

353 1888 494 1961 ἀλκῇ
543 1907 602 1943 τε
634 1891 827 1964 ῥώμης
873 1893 1118 1964 ἀμάχου·
1164 1895 1201 1949 ἃ
1247 1895 1313 1967 δὴ
1368 1897 1587 1968 τρόπων
1648 1877 1942 1972 ἐπιεικείᾳ,
1981 1877 2022 1929 Β

353 1983 618 2054 πραότητί
644 2002 703 2038 τε
738 1985 1022 2058 βασιλικῆς
1049 1989 1388 2061 ἡμερότητος
1427 1993 1813 2065 ἐγκεκραμένα
1833 2039 1844 2058 ,
1885 1996 1945 2047 τὸ

352 2075 450 2146 τῆς
491 2075 730 2141 διανοίας
773 2079 1072 2150 ὑπερφυὲς,
1103 2083 1303 2146 παντὸς
1348 2087 1596 2156 κρεῖττον
1641 2087 1945 2156 ἀπέφαινον

350 2166 532 2236 λόγου.
579 2170 730 2222 Ἐπεὶ
761 2171 819 2224 δὲ
847 2172 1134 2244 παρελθὼν
1173 2175 1266 2228 ἐπὶ
1291 2175 1389 2246 τὴν
1436 2177 1660 2248 πρώτην
1691 2179 1801 2232 τῶν
1846 2197 1944 2232 τα-

352 2261 579 2332 γμάτων
601 2263 776 2334 ἀρχὴν
803 2264 968 2334 μέσος
984 2263 1200 2335 πρῶτος
1225 2264 1356 2337 ἔστη
1387 2266 1522 2338 (45),
1541 2269 1775 2339 σμικροῦ
1805 2287 1947 2333 τινος

308 2381 312 2386 -
354 2353 504 2424 αὐτῷ
545 2355 882 2426 καθίσματος
912 2355 1046 2428 ὕλης
1077 2357 1278 2429 χρυσοῦ
1327 2361 1698 2431 πεποιημένου
1749 2379 1946 2434 προτε-

354 2445 565 2511 θέντος,
631 2449 692 2501 οὐ
747 2449 1014 2522 πρότερον
1061 2451 1094 2521 ἢ
1143 2453 1270 2515 τοὺς
1331 2454 1666 2518 ἐπισκόπους
1731 2453 1948 2508 ἐπινεῦ-

357 2554 484 2602 σαι,
518 2539 759 2604 ἐκάθιζε.
801 2541 977 2595 Ταυτδ
1026 2543 1070 2595 δ’
1104 2542 1376 2616 ἔπραττον
1418 2547 1621 2610 πάντες
1662 2546 1802 2617 μετά
1843 2546 1943 2618 βα-

355 2629 528 2686 σιλέα.

2054 621 2166 666 tum
2210 627 2275 666 ac
2323 619 2694 678 protectorum
2762 628 3022 676 numero,
3071 615 3166 669 sed
3238 629 3304 669 ex
3361 615 3550 670 amicis
3605 619 3638 667 ii

2051 702 2153 758 soli
2187 701 2281 772 qui
2314 703 2475 758 fidem
2513 702 2716 759 ChriSti
2750 705 3171 774 proﬁtebantur.
3204 705 3452 776 Cumque
3484 707 3643 776 signa

2052 793 2180 848 dato
2213 807 2321 862 quo
2352 795 2702 863 imperatoris
2731 795 2990 851 introitus
3034 797 3410 863 nuntiabatur,
3447 813 3641 852 omnes

2052 887 2509 946 assurrexissent.
2562 889 2777 942 tandem
2817 890 2930 959 ipse
2975 891 3188 944 medius
3247 890 3506 946 incedens
3543 893 3640 945 ao!-

2051 979 2222 1046 venit,
2271 979 2420 1033 velut
2458 980 2676 1048 quidam
2711 982 2951 1036 C(BIeSliS
2992 983 3084 1034 Ilei
3123 982 3379 1052 angelus:
3431 999 3636 1054 purpu-

2053 1085 2164 1126 reae
2193 1071 2418 1141 quidem
2462 1072 2632 1127 vestis
2691 1073 2908 1142 fulgore
2966 1073 3155 1128 oculos
3198 1076 3442 1129 omnium
3495 1091 3638 1144 prac-

2051 1166 2360 1234 stingnens,
2393 1173 2444 1219 et
2475 1162 2745 1219 ﬂammeis
2776 1167 3099 1235 quibusdam
3134 1168 3300 1220 radiis
3330 1167 3634 1232 collucens;

2051 1259 2240 1313 adbaec
2277 1259 2392 1312 auri
2444 1269 2500 1313 et
2548 1258 2855 1328 lapillorum
2895 1260 3098 1314 eximio
3143 1260 3432 1328 splendore
3475 1275 3639 1316 exor-

2052 1361 2230 1406 natus.
2279 1352 2346 1407 Et
2389 1353 2701 1424 hujusmodi
2737 1353 2955 1423 quidem
2989 1355 3238 1422 corporis
3281 1354 3458 1410 cultus
3494 1366 3636 1410 erat.

2051 1445 2205 1512 Quod
2247 1461 2378 1500 vero
2405 1447 2471 1499 ad
2533 1447 2776 1500 animum
2836 1454 3079 1515 spectat,
3140 1446 3275 1500 satis
3341 1446 3641 1516 apparebat

2052 1553 2174 1594 eum
2218 1540 2413 1593 timore
2463 1541 2554 1594 Dei
2595 1553 2658 1593 ac
2700 1538 2965 1609 religione
2999 1540 3324 1593 decoratum
3369 1553 3511 1593 esse.
3545 1539 3640 1591 At-

2051 1647 2158 1700 que
2196 1611 2262 1685 id'
2298 1631 2620 1686 indicabant
2657 1631 2800 1686 oculi
2841 1631 3098 1697 demissi,
3147 1632 3316 1685 rubor
3366 1631 3420 1685 in
3463 1630 3638 1695 vultu,

2051 1734 2108 1776 et
2149 1730 2329 1776 motus
2364 1723 2610 1791 corporis
2659 1730 2825 1792 atque
2868 1722 3134 1777 incessus.
3185 1722 3292 1777 Sed
3338 1733 3394 1776 et
3429 1722 3638 1791 reliqua

2053 1811 2301 1880 corporis
2333 1811 2548 1882 species
2583 1852 2598 1877 ,
2648 1813 2952 1882 proceritas
2999 1814 3208 1867 scilicet
3257 1827 3360 1881 qua
3409 1823 3639 1867 cunctos

2052 1906 2142 1974 qui
2179 1904 2327 1959 circa
2372 1905 2549 1974 ipsum
2595 1912 2755 1958 erant
2800 1903 2962 1974 longe
3013 1906 3328 1975 superabat.
3376 1903 3485 1959 Nec
3527 1916 3644 1959 Sta-

2055 2007 2176 2049 tura
2207 1998 2406 2061 solum,
2438 1996 2532 2052 sed
2569 1997 2733 2050 etiam
2773 1995 2960 2052 formae
2992 1997 3188 2052 decore
3233 2007 3287 2051 et
3315 1997 3483 2050 totius
3515 2011 3643 2050 (ξομ

2053 2088 2204 2157 poris
2253 2097 2486 2141 venusta
2523 2089 2754 2156 quadam
2798 2087 3113 2156 majestate;
3163 2087 3368 2141 invicto
3406 2085 3640 2154 denique

2055 2177 2254 2230 virium
2281 2179 2478 2232 robore
2505 2189 2737 2233 caeteros
2763 2180 3022 2232 anteibat.
3048 2177 3179 2244 Qua:
3206 2177 3424 2246 quidem
3455 2178 3639 2231 omnia

2053 2267 2366 2322 admirabili
2409 2268 2680 2324 modestia
2721 2281 2776 2323 et
2825 2269 3178 2339 imperatoria
3235 2270 3460 2324 lenitate
3501 2277 3648 2324 tem:

2055 2369 2276 2430 perata,
2323 2362 2581 2416 eximiam
2623 2370 2680 2416 et
2732 2362 2881 2416 omni
2930 2361 3091 2418 laude
3133 2361 3396 2432 majorem
3441 2362 3642 2416 mentis

2055 2450 2198 2505 illius
2226 2451 2600 2519 praestantiam
2654 2450 3034 2506 declarabant.
3077 2449 3372 2521 Postquam
3406 2450 3642 2520 impera-

2053 2551 2142 2598 tor
2185 2545 2252 2598 ad
2293 2553 2458 2612 caput
2503 2544 2893 2599 subselliorum
2941 2544 3114 2609 venit,
3160 2544 3395 2613 primum
3431 2543 3644 2598 medius

2053 2635 2227 2691 stetit.
2274 2635 2571 2705 Positaque
2633 2645 2760 2690 ante
2806 2650 2928 2690 eum
2985 2635 3176 2690 humili
3220 2635 3351 2690 sella
3391 2650 3456 2689 ex
3507 2648 3644 2689 auro

354 2721 680 2789 fabrefacta,
729 2741 832 2780 non
876 2728 1026 2796 prius
1073 2729 1309 2796 assedit,
1361 2746 1521 2799 quam
1567 2731 1807 2801 episcopi
1853 2731 1902 2786 ei
1936 2731 2258 2788 inuuissent.
2313 2731 2456 2785 Idem
2492 2745 2684 2785 omnes
2718 2739 2838 2800 post
2869 2731 3252 2800 imperatorem
3301 2728 3500 2783 fecere.

877 2864 1277 2920 ΚΕΦΔΛΑῙΟΝ
1313 2869 1414 2925 1Δ’.

364 2952 616 3024 Ἡσυχία
640 2955 930 3023 συνόδου,
1123 2960 1190 3014 τὸ
1213 2962 1406 3016 εἰπεῖν
1431 2981 1486 3017 τι
1519 2965 1816 3020 Εὐσέϐιον
1836 2966 1944 3019 τὸν

596 3059 602 3066 ·
1075 3044 1329 3083 mecstor.

596 3059 602 3066 ·
971 3044 1329 3085 επισκοπον.

421 3117 542 3170 Τῶν
586 3117 632 3170 δ’
673 3121 988 3175 ἐπισκόπων
1028 3123 1056 3174 ὁ
1104 3122 1197 3176 τοῦ
1250 3125 1426 3192 δεξιοῦ
1467 3127 1750 3198 τάγματος
1791 3147 1944 3200 πρω-

2563 2871 2731 2943 489
2780 2870 3009 2925 CAPUT
3040 2869 3132 2926 x1.

2085 2963 2378 3019 Silentium
2418 2965 2652 3028 concilii,
2696 2976 2972 3032 postquam
3018 2963 3277 3017 Eusebius
3332 2965 3609 3031 episcopus

2465 3051 2637 3101 pauca
2683 3036 2932 3102 qtta'dam
2978 3033 3223 3090 dixisset.

2129 3126 2266 3180 Tum
2296 3139 2360 3179 ex
2397 3125 2674 3194 episcopis
2705 3125 2750 3179 is
2775 3125 2869 3192 qui
2903 3125 2956 3177 in
2993 3125 3184 3178 dextra
3219 3134 3373 3193 parte
3403 3125 3638 3193 primum

351 3206 524 3262 ιιεύων
551 3209 662 3280 (46)
695 3210 1008 3276 διαναστὰς,
1039 3218 1456 3293 μεμετρημένον
1482 3219 1735 3274 ἀπεδίδου
1766 3219 1943 3288 λόγον,

2056 3220 2233 3274 locum
2265 3218 2567 3280 obtinebat,
2601 3232 2961 3288 consurgens,
3009 3217 3222 3272 modica
3255 3217 3501 3271 oratione
3535 3217 3640 3269 im-

354 3447 547 3489 omnes
580 3434 829 3506 _pariter_
863 3437 1169 3506 episcopos,
1217 3442 1379 3498 unius
1424 3441 1670 3497 ecclesiae
1723 3443 1930 3495 ambitu

355 3503 780 3586 coinprebensos
806 3503 999 3586 fuisset
1026 3503 1132 3586 Sed
1155 3503 1414 3586 et_verba
1456 3528 1595 3586 qtae
1627 3514 1680 3565 in
1718 3514 1934 3586 bocca-

357 3575 467 3653 pite
513 3573 788 3653 subjungit
820 3577 1143 3653 _Eus_e_bius,
1188 3581 1242 3635 id
1277 3597 1414 3653 meo
1467 3573 1936 3653 qttidemgjudicio

357 3644 491 3723 satis
521 3644 774 3723 in_nuunt.
819 3644 1038 3723 Scribit
1063 3644 1230 3723 enim,
1257 3652 1329 3723 Ῠέν
1360 3644 1510 3722 αὑτῷ
1542 3651 1607 3723 δὴ
1636 3644 1939 3722 depectat-

355 3713 503 3783 τάτῳ
535 3714 669 3794 οἴκῳ
688 3715 798 3794 τῶν
829 3717 1136 3794 βασιλείων,
1167 3722 1226 3786 ὃς
1248 3722 1312 3793 δὴ
1337 3723 1430 3775 καὶ
1469 3713 1797 3794 ὑπερφέρειν
1827 3723 1940 3775 ἐδό-

356 3785 841 3859 κει-μεγέθειτοὺς
873 3785 1342 3858 πάντας,νίίί⁷θεὶ,
1373 3795 1430 3846 in
1470 3785 1589 3859 ipsti
1626 3785 1814 3846 'm'edia
1862 3810 1938 3844 re-

356 3855 492 3925 galis
539 3854 900 3932 palatiimde,
942 3854 1337 3932 quae—reliquas
1369 3854 1548 3916 omnes
1586 3863 1934 3927 amplitudine

356 3926 661 4007 superabat.
687 3930 779 3982 Ait
812 3926 1080 4007 Eusebius
1120 3926 1290 3988 aedem
1331 3933 1478 4007 illam
1528 3926 1779 4007 omnium
1802 3947 1932 4007 _qu:e

359 3996 819 4076 ubiqueessent,
850 4003 1154 4076 maximam
1189 4015 1254 4076 _e_t
1299 4003 1692 4076 amplissimam
1737 3996 1931 4058 fuisse.

357 4067 523 4140 Atqui
559 4068 662 4123 hoc
689 4069 755 4123 de
777 4071 981 4139 palatio
1011 4074 1161 4127 urbis
1189 4067 1522 4128 Nicaate'dici
1569 4087 1677 4126 non
1730 4082 1934 4140 potest.

358 4135 494 4217 ﬂuam
529 4147 586 4192 ut
623 4135 988 4217 concedamus
1037 4144 1112 4217 in_
1143 4143 1232 4198 illa
1264 4143 1617 4217 urbefuisse
1651 4135 1933 4217 palatium,

359 4207 491 4283 illud
542 4219 691 4264 certe
738 4215 982 4284 omnium
1026 4214 1226 4283 ubique
1272 4214 1594 4284 palatiorum
1635 4207 1932 4284 maximum

359 4282 622 4355 essenon
659 4283 851 4349 potuit.
895 4282 1286 4355 ARomteenim‘
1329 4295 1390 4338 et
1437 4283 1726 4355 Mediolani
1778 4283 1938 4353 longe

362 4353 572 4424 majora
612 4363 768 4424 erant.
821 4353 1046 4423 palatia.
1106 4354 1217 4410 Nec
1261 4356 1450 4411 dubito
1493 4355 1625 4424 quin
1675 4353 1933 4408 Nicome-

363 4417 552 4500 diense
591 4417 861 4500 palatium
902 4424 1073 4500 longe
1113 4425 1285 4500 majus
1321 4435 1374 4479 et
1419 4417 1741 4500 opulentius
1770 4425 1936 4500 fuerit

363 4486 608 4572 ilicem»,
628 4505 750 4545 cum
798 4486 1111 4572 Nicomedia
1143 4486 1299 4551 sedes
1333 4486 1478 4572 essei
1505 4511 1570 4550 ac
1595 4495 1932 4572 domicilium

366 4563 765 4632 imperatorum,
801 4563 916 4632 jam
963 4565 1089 4620 inde
1137 4580 1165 4619 a
1212 4567 1546 4630 temporibus
1595 4564 1930 4619 Diocletiani.

2053 3440 2336 3510 palatium,
2371 3449 2430 3493 ut
2453 3452 2635 3491 coram
2663 3437 2990 3510 imperatore
3021 3437 3344 3510 sententiam
3369 3436 3632 3510 dicereut,

2049 3506 2105 3566 et
2134 3509 2469 3565 contentioni
2505 3510 2669 3562 tinem
2705 3508 3068 3574 imponerent.
3101 3508 3280 3573 Atque
3311 3506 3382 3558 ita
3426 3506 3634 3562 tollitur

2044 3583 2224 3634 omnis
2249 3578 2560 3634 difficultas.
2593 3579 2757 3632 Certe
2788 3578 3053 3630 EttSt-bins
3093 3577 3315 3628 omnino
3345 3576 3636 3632 confirmat

2049 3651 2102 3705 id
2131 3653 2274 3719 quod
2303 3649 2438 3703 dixi.
2468 3649 2561 3703 Ait
2599 3649 2746 3719 enim
2773 3649 3060 3715 episcopos
3085 3648 3172 3701 die
3199 3646 3493 3700 constituto
3523 3663 3634 3718 quo

2044 3717 2442 3775 controversiis
2499 3721 2658 3772 tinem
2715 3717 2915 3786 imponi
2971 3719 3292 3784 oportebat,
3337 3717 3633 3774 omnes’in

2044 3786 2308 3873 palatium
2337 3790 2573 3844 venisse.
2622 3788 2950 3873 Statimque.
2961 3799 3249 3873 progresso
3272 3787 3632 3873 adosynodtnn

2045 3857 2397 3930 imperatore,
2459 3868 2653 3913 cuncta
2693 3873 2876 3930 coram
2919 3858 3009 3912 illo
3061 3857 3630 3930 fuisse_dici_t_consti-

2045 3925 2180 3987 tuta.
2223 3931 2302 3985 Ex
2346 3931 2549 3999 quibus
2601 3929 2890 3982 manifeste
2934 3940 3161 3997 apparet
3216 3925 3508 3981 Eusebium
3545 3931 3634 3984 hic

2044 4001 2192 4070 loqui
2221 4005 2286 4056 de
2319 4002 2511 4055 ultimo
2541 3999 2761 4070 concilii
2807 4000 2916 4064 die,
2950 4013 3045 4052 seu
3102 4000 3167 4070 de
3208 4008 3484 4066 postrema
3518 4015 3635 4053 ses-

2045 4073 2218 4135 sione,
2253 4086 2374 4126 cum
2400 4085 2489 4124 res
2517 4070 2570 4124 in
2605 4069 2853 4138 pluribus
2877 4080 3039 4122 antea
3065 4069 3452 4134 episcOporum
3493 4083 3631 4122 con—

2045 4143 2288 4196 sessibns
2321 4142 2568 4195 discussa
2598 4139 2796 4195 luisset
2822 4154 2884 4194 ac
2924 4139 3206 4193 ventilata.
3253 4139 3441 4206 Neque
3483 4141 3629 4194 enim

2043 4221 2124 4267 tot
2167 4221 2438 4280 tantaeque
2481 4225 2568 4266 res
2597 4225 2718 4280 qua:
2766 4211 2820 4264 in
2885 4207 2974 4263 illa
3023 4210 3231 4278 synodo
3277 4217 3442 4278 gesta:
3479 4220 3628 4275 sunt,

2042 4282 2206 4336 unius
2238 4283 2342 4337 diei
2373 4283 2550 4350 spatio
2588 4281 2897 4335 examinari
2947 4295 3010 4334 ac
3052 4280 3264 4333 deliniri
3311 4287 3626 4350 potuerunt.

2039 4353 2187 4407 Idem
2242 4349 2460 4422 quoque
2493 4361 2663 4422 antea
2696 4350 3136 4422 factum_l'uerat
3177 4351 3229 4402 in
3271 4349 3632 4422 synodo_An-

2042 4419 2298 4478 tiocltena
2335 4419 2605 4478 adversus
2636 4420 2863 4474 Paulum
2907 4419 3348 4488 Samosatenum,
3381 4429 3439 4473 ut
3473 4419 3631 4474 docet

2040 4493 2306 4548 Eusebius
2338 4496 2388 4546 in
2420 4493 2514 4546 lib.
2540 4507 2611 4544 vn
2646 4491 2896 4544 Historite
2925 4491 3320 4543 ecclesiastica.

2113 4564 2225 4636 (45)
2278 4563 2406 4636 Ἐπὶ
2448 4559 2787 4636 συνθήματι
2833 4560 2865 4614 ὃ
2904 4559 3019 4636 τὴν·
3052 4558 3361 4636 βασιλέως
3388 4557 3635 4636 είσοδον

364 4623 978 4706 Respondebitfortasse
993 4623 1595 4706 quispiam,Eusebium
1626 4651 1741 4706 non
1757 4637 1936 4691 dicere
1969 4623 2012 4677 Ῑ)
2042 4623 2288 4702 ἐδῆλου.
2340 4635 2418 4689 De
2465 4635 2582 4706 hoc
2610 4623 2771 4706 signo
2819 4645 2929 4706 quo
2963 4623 3317 4706 imperatoris
3364 4631 3634 4685 adventus

368 4701 767 4777 mediamillam
789 4708 960 4760 aedem
986 4701 1082 4761 seu
1104 4701 1286 4777 palatii
1306 4723 1398 4762 seu
1427 4707 1665 4762 basilica:
1698 4704 1934 4759 Nicaeum

365 4783 555 4846 omnes
575 4773 772 4844 ubique
795 4784 1061 4846 terrarum
1086 4773 1227 4833 aedes
1243 4777 1594 4846 amplitudine
1611 4791 1900 4844 superasse
1917 4815 1933 4838 ,

365 4839 700 4929 agitantem
743 4845 1160 4929 r_eliquas_:ede§
1189 4839 1347 4929 illius
1370 4863 1464 4929 seu
1484 4839 1694 4929 palatii
1715 4862 1810 4901 seu

368 4909 554 4985 silicea.
582 4911 674 4968 Sic
693 4915 836 4985 enim
860 4909 1099 4985 ioquitnr
1121 4917 1386 4974 Eusebius
1411 4919 1464 4972 in
1484 4909 1578 4972 lib.
1605 4933 1681 4984 tv,
1703 4931 1821 4984 cap.
1843 4916 1931 4975 66.

368 4981 459 5060 ub_i
489 4979 1028 5060 funusConstaniini
1085 4989 1364 5060 describit,
1414 4979 1740 5060 pedi-trste’__'év
1772 4979 1936 5057 ἀὑτῷ

367 5053 462 5104 τοῦ
510 5053 711 5117 παντὸς
752 5056 1078 5178 προφέροντι
1117 5057 1227 5110 τῶν
1285 5057 1570 5126 βασιλείων
1617 5057 1782 5111 οἴκων
1803 5077 1816 5091 ·
1880 5053 1936 5110 et

367 5121 528 5178 Daulo
556 5134 698 5178 post.
730 5125 788 5178 έν
819 5145 878 5178 ον
908 5128 1017 5178 γάο
1047 5146 1130 5178 τοι
1158 5130 1216 5178 ὲν
1244 5128 1392 5178 αὑτῶ
1414 5129 1660 5178 παλατίω
1702 5127 1844 5178 κατὰ
1877 5127 1936 5178 τὸ

365 5121 531 5199 paulo
556 5134 698 5191 post,
730 5121 885 5199 ἔνδον
908 5121 1017 5199 γάρ
1047 5146 1130 5183 τοι
1158 5130 1226 5199 ὲνΔ
1244 5121 1392 5199 αὗτῷ
1414 5129 1660 5199 παλατίῳ
1702 5127 1844 5182 κατὰ
1877 5127 1938 5180 τὸ

371 5192 692 5269 μεσαίτατον
713 5196 821 5269 τῶν
851 5192 1157 5269 βασιλείων.
1189 5192 1447 5269 Equidem
1477 5192 1642 5254 bunc'
1660 5214 1781 5255 esse
1809 5212 1936 5252 sen-

368 5279 489 5318 sum
536 5264 752 5322 Eusebii
803 5264 1096 5326 vérborum
1141 5264 1317 5326 libens
1383 5271 1769 5325 concesserim.
1827 5269 1937 5323 Sed

371 5342 656 5410 ειτηερ-εκ
684 5351 762 5410 eo,
781 5356 887 5396 non
938 5341 1194 5406 efﬁcitur,
1237 5340 1497 5410 palatium
1543 5339 1820 5395 Nicaenum
1868 5339 1938 5392 ab

367 5403 606 5486 Eusebio
638 5409 891 5486 intelligi.
915 5411 1050 5467 Nam
1083 5403 1213 5486 etin
1238 5403 1488 5468 ecclesiis
1525 5411 1752 5486 perinde
1789 5425 1853 5463 ac
1884 5411 1934 5462 in

369 5473 588 5556 palatiis
609 5481 784 5534 media
812 5473 956 5556 aedes
985 5485 1226 5538 omnium
1261 5491 1380 5556 erat
1419 5473 1655 5556 m_aiim_a
1694 5489 1750 5556 et
1777 5495 1940 5549 capa-

369 5551 621 5626 cissimal
641 5561 705 5626 ut_
731 5565 806 5626 ex_
825 5553 1061 5610 Eusebio
1089 5563 1314 5626 constat
1344 5553 1399 5607 in
1451 5551 1818 5626 descriptione
1847 5566 1935 5626 ee-

370 5615 548 5671 clesia:
579 5618 729 5690 Tyri.
767 5623 992 5679 Cunctis
1031 5625 1198 5695 igitur
1240 5633 1500 5695 accurate
1537 5615 1822 5695 perpensis
1863 5623 1936 5695 ita

372 5702 628 5764 eenseo_:
683 5695 966 5762 episcopos
1016 5691 1250 5762 primum
1304 5693 1522 5764 quidem
1584 5693 1670 5764 in,
1707 5691 1936 5764 ecclesia

373 5760 740 5838 eottyenissei
781 5760 962 5838 ibique
1005 5760 1070 5821 de
1102 5766 1216 5819 Arii
1259 5760 1526 5838 dogmate
1545 5774 1603 5838 et
1643 5763 1710 5816 de
1754 5762 1935 5838 regula

374 5826 496 5900 lidei
526 5829 776 5898 plurimis
812 5826 1003 5890 diébus
1041 5826 1397 5900 tractavisse,
1431 5835 1646 5887 tandem
1697 5826 1938 5885 vero'die

374 5899 438 5947 ad
505 5902 792 5957 liniendunt
850 5909 1124 5973 negotium
1171 5899 1490 5968 constituto,
1530 5904 1848 5957 COII\'CIli.\S€
1885 5902 1936 5952 in

689 6000 960 6059 PnnoL.
995 6003 1112 6061 (in.
1152 6002 1291 6062 XX.

2043 4699 2422 4769 nuntiabatur,
2460 4699 2727 4772 Corippus
2759 4699 3000 4770 loquitur
3029 4701 3113 4753 his
3139 4699 3325 4754 verbis
3367 4719 3379 4754 :

2269 4839 2284 4854 .
2327 4835 2343 4852 .
2384 4837 2399 4850 .
2443 4836 2456 4850 .
2501 4834 2518 4851 .
2565 4840 2578 4852 .
2626 4836 2639 4848 .
2684 4833 2699 4847 .
2744 4834 2759 4848 .
2807 4835 2819 4847 .
2866 4838 2881 4850 .
2921 4794 3249 4862 pramtmtius
3289 4802 3410 4846 ante

2182 4871 2336 4939 signa
2367 4870 2511 4922 dedit
2544 4881 2732 4920 cursor
2762 4869 2937 4934 posita
2975 4863 3039 4918 de
3070 4880 3215 4917 more
3239 4862 3480 4920 lucerna.

2111 4984 2224 5052 (M)
2277 4983 2539 5037 Διέϐαινε
2591 4981 2805 5052 μέσος.
2857 4978 3394 5052 Christopltorsonus
3442 4981 3626 5041 vertit,

2037 5049 2130 5124 per
2157 5049 2389 5108 medium
2425 5049 2727 5107 consessum
2766 5054 2957 5124 intrat.
2993 5049 3184 5124 Melius
3217 5049 3490 5124 vertisset,
3535 5063 3632 5115 per

2041 5119 2278 5179 inedium
2305 5127 2537 5188 spatium
2571 5123 2716 5192 quod
2745 5134 2864 5178 erat
2893 5123 3038 5174 inter
3059 5121 3206 5192 duos
3224 5119 3629 5192 considentnum

2039 5196 2260 5248 ordines
2282 5196 2528 5249 incessit.
2559 5189 2616 5247 Id
2645 5192 2920 5262 significat
2952 5205 3058 5262 vox
3087 5189 3408 5262 διαϐαίνειν,
3438 5190 3490 5262 id
3519 5201 3624 5262 est,

2038 5265 2126 5318 διὰ
2153 5264 2262 5317 τῶν
2283 5265 2428 5318 δυεῖν
2463 5259 2822 5335 ﬂantum—Sic
2853 5261 2992 5316 infra
3022 5261 3074 5314 in
3114 5278 3233 5329 cap.
3263 5261 3353 5324 14,
3393 5259 3548 5330 μέσοι
3573 5259 3630 5310 δὲ

2038 5336 2242 5389 τούτων
2269 5335 2554 5400 διέϐαινον,
2588 5345 2699 5388 etc.

2112 5407 2226 5478 (45)
2263 5405 2465 5472 Μέσος
2499 5399 2948 5479 πρῶτος-ἔστη,
2991 5399 3628 5479 Christophorsonus-le-
3701 5399 3713 5410 '

2042 5471 2186 5545 gis‘se
2209 5471 2826 5548 νίάειυτίπρῶτονε-δίο
2865 5471 3024 5548 enim;
3055 5476 3239 5537 verrit,
3281 5471 3512 5541 primum
3568 5471 3625 5520 in

2041 5549 2212 5602 medio
2237 5546 2723 5600 conventum-estus
2759 5546 3020 5602 constitit.

2112 5618 2226 5688 (46)
2273 5618 2334 5670 '0
2356 5618 2462 5672 τοῦ
2481 5617 2684 5681 δεξιοῦ
2710 5616 3008 5686 τάγματος
3064 5611 3399 5688 πρωτεύων.
3453 5607 3626 5661 Sozo-

2042 5683 2233 5743 melius
2269 5690 2319 5761 in
2359 5703 2476 5758 cap.
2501 5689 2585 5749 18,
2619 5690 2712 5742 lib.
2745 5683 2964 5750 t,'ltunc
2989 5685 3177 5761 qui_in
3218 5683 3412 5761 dextra
3463 5689 3628 5761 parte

2043 5761 2278 5832 primum
2310 5755 2490 5832 locu—tn
2540 5761 2842 5819 obtinebat,
2913 5755 3115 5832 et_qtti_
3186 5755 3403 5832 nomine
3461 5755 3628 5832 tutius

2043 5821 2260 5883 concilii
2313 5833 2380 5881 ad
2433 5830 2820 5898 imperatorem
2877 5821 3051 5880 verba
3095 5823 3270 5898 fecit,
3335 5821 3625 5897 Eusebium

2043 5898 2388 5968 Pamphilum
2424 5893 2591 5962 fuisse
2648 5909 2894 5953 testatur.
2925 5898 3099 5962 Atque
3147 5893 3222 5945 ita
3261 5893 3626 5957 perscriptum

3281 5986 3358 6044 3's
