4186 6398
474 440 492 491 η.
511 372 643 431 ιοιτ

1247 371 1519 431 EUSEBII
1556 369 2038 430 CESABlENSlS
2076 372 2232 430 OPP.
2272 372 2455 429 PARS
2493 375 2534 429 Ι.
2576 405 2646 417 -
2682 372 3076 432 HISTORICA.

3643 376 3786 434 1068

508 510 817 574 peratorem
863 496 1132 554 allocutus
1171 502 1291 563 est,
1334 502 1561 568 propter
1604 492 1756 549 illum
1793 494 2001 565 gratias
2034 503 2081 549 et

2191 493 2531 568 προσφωνῶν
2567 491 2647 566 τῷ
2691 493 2904 566 βασιλεῖ
2920 536 2937 561 ,
2986 493 3066 568 τῷ
3122 512 3183 550 τε
3225 496 3630 569 παντοκράτορι
3667 496 3788 567 Θεῷ

511 593 702 649 laudes
739 591 1035 664 perhibens
1085 587 1450 657 omnipotenti
1506 587 1639 642 Deo.
1666 584 1960 655 Postquam
2003 585 2093 642 ille

508 687 676 742 etiam
716 681 943 745 assedit,
973 695 1100 735 mox
1137 679 1318 737 cuncti
1361 678 1558 734 deﬁxis
1606 677 1662 731 in
1701 676 2090 748 imperatorem

506 777 682 833 oculis
719 774 998 831 silentium
1028 772 1236 829 fecere.
1276 770 1370 826 Ille
1401 770 1543 827 laetis
1579 770 1756 826 oculis
1790 780 1847 826 et
1876 771 2093 841 placido

507 865 657 923 vultu
686 867 972 922 universos
1012 865 1267 930 intuitus,
1312 878 1380 920 ac
1425 862 1623 925 deinde
1651 870 1891 919 mentem
1936 878 2091 919 suam

508 958 565 1014 in
608 973 669 1014 se
699 956 979 1027 colligens,
1023 955 1132 1012 leni
1175 964 1234 1012 et
1282 954 1563 1012 moderata
1607 967 1744 1011 voce
1781 952 2092 1025 hujusmodi

506 1048 674 1107 verba
704 1046 873 1105 fecit:

1111 1136 1342 1194 CAPUT
1377 1136 1493 1192 XII.

686 1229 1024 1286 Constantini
1051 1226 1123 1282 ad
1157 1228 1420 1297 synodum
1451 1226 1624 1282 oratio
1659 1227 1725 1282 de
1764 1244 1910 1297 pace.

570 1340 590 1375 ι
610 1322 737 1381 Ηιεε
754 1332 871 1380 erat
891 1336 1107 1378 summa
1122 1330 1369 1376 votorum
1385 1332 1655 1385 meorum,
1679 1319 2014 1384 charissimi,
2033 1328 2094 1374 ut

504 1421 684 1469 cintus
715 1410 885 1467 vestri
916 1416 1217 1478 conspectu
1265 1408 1397 1462 mihi
1432 1408 1771 1481 quandoque
1817 1409 1923 1465 frui
1965 1425 2093 1466 con-

505 1506 757 1576 tingeret.
774 1504 940 1575 Cujus
958 1507 1066 1563 voti
1089 1523 1313 1579 compos
1327 1525 1471 1565 nunc
1492 1508 1692 1577 factus,
1712 1509 1824 1565 Deo
1842 1510 2090 1565 omnium

502 1596 639 1665 Regi
672 1598 879 1668 gratias
910 1613 1033 1669 ago,
1074 1601 1169 1671 qui
1216 1610 1420 1671 praeter
1460 1602 1752 1657 innumera
1782 1602 1889 1658 alia
1925 1602 2094 1658 bene-

503 1686 649 1756 ﬁcia,
692 1688 797 1746 hoc
840 1691 1084 1746 omnium
1128 1694 1398 1749 bonorum
1442 1694 1743 1749 maximum
1786 1695 1922 1749 mihi
1968 1708 2092 1764 spe-

503 1790 653 1837 ctare
701 1784 995 1853 concessit,
1040 1793 1099 1840 ut
1137 1786 1354 1842 scilicet
1399 1801 1496 1842 vos
1546 1787 1603 1841 in
1678 1802 1846 1842 unum
1897 1802 2092 1842 omnes

2194 586 2559 658 χαριστήριον
2579 585 2666 639 ἐπ’
2714 586 2867 658 αὑτῷ
2898 586 3222 659 ποιούμενος
3255 585 3424 658 ὕμνον
3446 604 3461 619 ο
3492 587 3684 659 ἐπειδὴ
3730 586 3786 641 δὲ

2192 676 2289 729 καὶ
2316 674 2480 739 αὑτὸς
2507 674 2768 745 καθῆστο,
2801 675 2929 747 σιγὴ
2966 675 3066 746 μὲν
3096 675 3365 745 ἐγίγνετο,
3408 672 3633 727 πάντων
3665 672 3783 726 ἀτε-

2192 767 2282 831 νὲς
2307 769 2386 831 είς
2412 766 2636 837 βασιλέα
2665 766 2992 837 βλεπόντων·
3020 769 3049 821 ὁ
3069 767 3128 821 δὲ
3153 767 3399 840 φαιδροῖς
3424 764 3642 839 ὖμμασι
3673 763 3788 828 τοίς

2193 860 2329 912 πᾶσι
2370 856 2604 929 γαληνὸν
2651 856 2951 929 ἐμϐλέψας,
2994 858 3228 913 κᾶπειτα
3269 853 3784 927 συναγαγὼν-αὐτὸ,

2194 950 2330 1020 πρὸς
2355 949 2558 1019 μὲαυτὸν
2600 948 2699 1021 τὴν
2721 950 2960 1005 διάνοιαν
2980 990 2995 1015 ,
3023 950 3212 1023 ἡσύχῳ
3254 952 3349 1005 καὶ
3386 949 3596 1023 πραείᾳ
3633 952 3786 1023 φωνῇ

2193 1044 2334 1097 τοῖον
2361 1041 2613 1096 ἀπέδωκε
2636 1041 2819 1111 λόγον’

2715 1129 3117 1186 ΚΕΦΑΛΑΙΟΝ
3156 1129 3257 1185 IB'.

2193 1224 2654 1280 Κωνσταντίνου
2696 1223 2847 1292 πρὸς
2883 1220 3000 1291 τὴν
3036 1221 3305 1276 σύνοδον
3341 1224 3477 1290 περὶ
3517 1221 3783 1293 εἰρήνης.

2266 1334 2286 1368 ι
2323 1315 2504 1387 Εὑχῆς
2531 1314 2629 1387 μὲν
2655 1316 2780 1387 ἐμοὶ
2808 1313 2959 1378 τέλος
2980 1310 3072 1386 ἦν,
3097 1309 3143 1367 ὧ
3169 1312 3314 1383 φίλοι
3338 1353 3352 1378 ,
3383 1314 3485 1385 τῆς
3512 1315 3786 1389 ὑμετέρας

2193 1405 2497 1462 ἀπολαῦσαι
2523 1406 2771 1479 χορείας,
2799 1404 2991 1459 τούτου
3019 1404 3077 1458 δὲ
3109 1403 3311 1476 τυχὼν,
3345 1404 3543 1459 εἰδέναι
3568 1405 3647 1477 τῷ
3675 1406 3785 1461 Βα-

2195 1500 2335 1554 σιλεῖ
2358 1498 2466 1554 τῶν
2493 1500 2630 1554 ὅλων
2661 1498 2759 1571 τὴν
2793 1498 2953 1571 χάριν
2978 1496 3248 1569 ὁμολογῶ,
3273 1498 3357 1551 ὅτι
3384 1515 3475 1569 μοι
3508 1498 3648 1570 πρὸς
3672 1500 3786 1563 τοῖς

2192 1592 2373 1658 ἄλλοις
2396 1593 2589 1659 ἅπασι,
2607 1592 2703 1648 καὶ
2727 1592 2887 1646 τοῦτο
2907 1595 3153 1660 κρεῖττον
3180 1590 3387 1661 ἀγαθοῦ
3418 1591 3623 1656 παντὸς
3655 1592 3786 1646 ίδείν

2193 1686 2536 1758 ἐδωρήσατο·
2572 1685 2716 1758 φημὶ
2745 1685 2811 1757 δὴ
2843 1685 2937 1750 τὸ,
2975 1678 3347 1756 συνηγμένους
3391 1684 3527 1757 ὁμοῦ
3576 1684 3787 1749 πάντας

2192 1779 2506 1846 ἀπολαϐεῖν,
2530 1780 2658 1852 μίαν
2681 1797 2743 1834 τε
2762 1778 2945 1851 κοινὴν
2969 1778 3226 1834 ἁπάντων
3246 1779 3529 1851 ὁμόφρονα
3550 1777 3783 1852 γνώμην

502 1885 885 1947 congregatos,
916 1884 973 1933 et
1002 1879 1447 1949 conspirantibus
1476 1879 1676 1935 animis
1715 1896 1880 1935 unum
1912 1879 2081 1935 idem-

2194 1871 2513 1926 θεάσασθαι.
2532 1848 2698 1941 -Μηδ’
2729 1866 2821 1925 οῦν
2856 1848 3126 1940 βάσκανός
3154 1886 3239 1933 τις
3270 1848 3465 1942 ἐχθρὸς
3507 1848 3786 1941 τοῖς

505 1982 614 2037 que
649 1968 946 2024 sentientes
975 1969 1245 2026 viderem.
1285 1970 1478 2027 Nullus
1506 1971 1677 2043 igitur
1719 1972 1945 2041 posthac
1974 1987 2092 2026 ma-

501 2056 712 2112 levolus
744 2057 917 2114 hostis
944 2058 1156 2114 felicem
1191 2073 1375 2115 rerum
1401 2070 1709 2115 nostrarum
1739 2069 1939 2116 statum
1968 2077 2092 2132 per-
2124 2082 2129 2087 λ

500 2147 703 2215 turbet,
751 2162 853 2204 nec
899 2157 1021 2219 post
1060 2148 1291 2205 deletam
1324 2148 1575 2207 funditus
1606 2166 1671 2207 ac
1703 2151 1970 2207 sublatam
1994 2151 2092 2208 Dei

505 2234 816 2295 Servaloris
845 2240 1072 2303 auxilio,
1101 2242 1450 2311 tyrannldem
1481 2254 1671 2297 eorum
1703 2242 1795 2313 qui
1824 2242 1934 2298 Deo
1969 2242 2089 2297 bel-

500 2326 610 2382 lum
650 2328 991 2397 indixerant,
1047 2328 1555 2401 rursus-malignus
1596 2333 1805 2387 daemon
1849 2330 1953 2386 alia
2000 2335 2087 2386 via

499 2433 565 2476 ac
582 2419 790 2476 ratione
815 2421 1050 2476 divinam
1084 2420 1254 2491 legem
1285 2422 1587 2478 maledictis
1608 2432 1665 2478 et
1686 2423 1968 2479 calumniis
1993 2439 2091 2478 ex-

499 2522 690 2581 ponat.
724 2513 934 2583 Quippe
966 2515 1220 2569 intestina
1263 2514 1461 2569 seditio
1504 2514 1764 2571 Ecclesiae
1806 2516 1921 2584 Dei,
1954 2515 2087 2569 mihi

502 2604 721 2674 quidem
758 2605 907 2659 omni
949 2603 1092 2660 bello
1122 2616 1177 2661 et
1210 2607 1620 2663 concertatione
1647 2607 1871 2678 gravior
1896 2623 1959 2663 ac
1990 2623 2087 2678 pe-

501 2695 790 2751 riculosior
817 2696 1064 2751 videtur:
1106 2713 1204 2753 nec
1231 2708 1469 2755 externa:
1515 2714 1603 2756 res
1644 2707 1854 2756 tantum
1905 2700 2088 2755 animo

499 2800 626 2843 meo
672 2785 917 2843 dolorem
963 2786 1223 2853 aderunt,
1264 2799 1530 2857 quantum
1576 2791 1694 2846 haec
1730 2791 1968 2860 negotia.
2020 2791 2090 2845 Et

498 2894 567 2934 eo
599 2880 814 2951 quidem
855 2891 1098 2953 tempore
1127 2897 1238 2953 quo
1274 2884 1371 2940 Dei
1401 2893 1534 2939 nutu
1565 2892 1729 2954 atque
1761 2884 1965 2939 auxilio
1990 2885 2090 2939 ad-

494 2969 650 3041 jutus
675 2969 958 3026 victoriam
1010 2973 1078 3027 de
1121 2973 1372 3030 hostibus
1406 2974 1738 3039 retuleram,
1787 2972 1924 3028 nihil
1965 2988 2087 3027 am-

498 3059 645 3132 plius
680 3062 810 3117 mihi
864 3078 1157 3133 superesse
1186 3063 1607 3131 existimabam,
1653 3078 1817 3134 quam
1856 3069 1916 3119 ut
1967 3070 2085 3119 tum

498 3154 691 3210 divino
739 3152 962 3210 Numini
999 3156 1205 3226 gratias
1250 3169 1497 3228 agerem,
1544 3165 1655 3210 tum
1697 3170 1804 3210 una
1851 3170 1976 3211 cum
2017 3156 2086 3212 iis

499 3261 640 3318 quos
686 3246 828 3303 Deus
875 3263 994 3303 mea
1038 3262 1207 3319 opera
1245 3247 1301 3304 in
1344 3247 1653 3305 libertatem
1688 3249 2086 3317 vindicaverat,

495 3341 775 3394 communi
802 3341 1001 3410 gaudio
1029 3340 1386 3397 exsultareln.
1423 3340 1533 3396 Sed
1562 3340 1655 3395 ubi
1680 3340 1749 3394 de
1786 3340 2086 3396 dissensio-

499 3447 569 3486 ne
600 3441 779 3487 vestra
822 3433 1047 3492 nuntius
1097 3434 1164 3488 ad
1212 3447 1301 3489 me
1355 3433 1636 3504 insperato
1688 3433 1933 3503 perlatus
1975 3443 2081 3500 est,

496 3525 751 3596 equidem
797 3540 917 3580 eam
993 3541 1107 3581 rem
1169 3526 1397 3581 minime
1447 3526 1819 3597 negligendam
1869 3529 2077 3597 putavi.

496 3615 709 3689 Quippe
736 3626 934 3689 optans
963 3624 1023 3673 ut
1051 3617 1180 3674 huic
1208 3618 1352 3677 malo
1392 3633 1513 3675 mea
1543 3632 1761 3689 quoque
1793 3633 1958 3690 opera
1991 3634 2080 3675 re-

496 3856 584 3902 est
611 3848 667 3903 in
700 3847 856 3901 titulo
879 3845 1044 3915 hujus
1074 3842 1717 3915 capitis."l‘heodoritus
1750 3842 1960 3915 vero_in
1992 3842 2033 3897 l.
2062 3860 2081 3898 ι

497 3862 584 3902 est
611 3862 667 3903 tn
700 3862 856 3901 llllllo
882 3862 950 3901 nu
979 3862 1044 3901 us
1074 3862 1290 3915 captus.
1352 3862 1717 3899 'tneooorttus
1750 3862 1882 3898 vero
1908 3862 1960 3896 In
1995 3862 2033 3897 ι.
2062 3862 2074 3898 l

497 3918 775 3981 Ηίθεοι-ἰή),
802 3931 921 3986 cap.
951 3862 1018 3978 Ἴ17,
1055 3931 1178 3986 non
1206 3915 1274 3970 ab
1305 3913 1558 3986 Eusebio.
1615 3915 1717 3986 sed
1747 3916 1816 3967 ab
1873 3912 2074 3986 Eusta-

499 3988 613 4044 thio
642 3983 941 4042 Antiochiae
974 3983 1215 4054 civitatis
1261 3984 1517 4054 episcopo
1583 3984 1885 4038 orationem
1934 3985 2080 4038 hanc

496 4059 735 4115 habitam
761 4071 880 4111 esse
912 4056 1064 4111 dicit.
1102 4053 1419 4109 Theodoriti
1453 4053 1799 4110 sententiam
1858 4063 2080 4107 secutus

494 4141 580 4185 est
608 4127 1103 4195 Barouius;quem
1162 4125 1635 4195 quidemsempcr
1678 4124 1860 4178 hostili
1895 4134 2079 4195 atque

458 4199 708 4278 jinl’euso
733 4198 917 4278 animo
941 4192 1207 4277 adversus
1223 4192 1533 4278 .Eusebium
1587 4204 1832 4278 nostrum
1874 4192 2074 4278 ﬁnisse,

468 4261 561 4324 ἐκ
587 4269 702 4336 ejus
729 4266 953 4334 scriptis
991 4265 1169 4333 quivis
1201 4262 1379 4336 iacile
1420 4264 1815 4336 deprehendet.
1874 4261 2074 4336 Verum

467 4332 686 4393 'auct'or
709 4332 963 4392 Historia:
995 4332 1283 4404 tripartito:
1322 4334 1377 4388 in
1419 4333 1559 4389 libro
1594 4350 1657 4397 ll,
1712 4347 1831 4404 cap.
1884 4332 1939 4391 5.
1963 4333 2071 4404 ubi

495 4407 810 4464 Theodoriti
865 4407 1029 4462 verba
1071 4402 1365 4468 describit,
1425 4405 1502 4457 ait
1548 4413 1674 4474 post
1727 4402 2071 4474 Eustathium

494 4478 929 4541 Antiochenum,
974 4475 1265 4531 Eusebium
1308 4487 1525 4544 quoque
1552 4473 1955 4544 ’Catsarietisem
2005 4473 2073 4544 de

496 4549 745 4603 laudibus
800 4544 1150 4615 imperatoris
1204 4541 1508 4599 orationem
1567 4543 1845 4615 habuisse.
1913 4541 2071 4615 Quod

496 4627 676 4674 tamen
717 4619 771 4672 in
813 4612 1024 4673 Graecis
1083 4614 1398 4671 Theodoriti
1442 4613 1848 4682 exemplaribus
1913 4612 2073 4667 hodie

493 4704 603 4743 non
633 4688 898 4757 habetur;
945 4701 1171 4757 prorsus
1203 4695 1263 4739 ut
1296 4684 1678 4757 _necessgsit,_
1705 4693 1806 4757 aut
1836 4682 2075 4757 Epipha-

495 4758 644 4813 nium
672 4753 1064 4811 scholasticam
1110 4755 1441 4823 iutegriores
1492 4753 1808 4809 Thcodoriti
1858 4755 2073 4808 codices

495 4837 716 4882 nactum
739 4827 930 4890 fuisse,
961 4837 1055 4880 aut
1090 4826 1155 4879 de
1181 4840 1282 4881 suo
1312 4826 1366 4881 id
1423 4824 1719 4885 addidisse,
1782 4832 1844 4877 ut
1901 4823 2073 4877 inter-

493 4898 621 4951 dum
650 4896 807 4951 solet.
838 4896 968 4950 Tale
996 4904 1081 4950 est
1107 4894 1236 4949 illud
1274 4895 1418 4964 quod
1464 4909 1630 4964 supra
1668 4894 1977 4964 notavimus
2006 4894 2074 4949 de

492 4967 654 5037 regite
668 4982 700 5021 ιι
701 4966 817 5037 rbis
831 4968 1106 5037 episcopo“,
1124 4980 1285 5033 quem
1293 4962 1773 5037 'Nicamze'synodg
1773 4979 1885 5037 non
1898 4962 1950 5017 in
1960 4973 2040 5037 ter
2050 4993 2070 5003 —

494 5033 665 5092 fuisse
694 5033 951 5092 Socrates
977 5051 1042 5091 ex
1069 5035 1303 5091 Eusebio
1328 5033 1591 5103 prodidit,
1619 5034 1707 5089 ubi
1734 5033 2070 5103 Epiphanius

490 5105 852 5163 scholasticus
876 5105 1167 5161 Alexandri
1199 5121 1395 5160 nomen
1423 5106 1631 5159 addidit
1672 5105 1823 5174 gravi
1858 5118 2068 5174 errore,

490 5192 615 5233 cuin
648 5175 1055 5245 Metrophanem
1089 5177 1269 5244 pctius
1306 5177 1487 5231 dicere
1515 5172 1813 5245 debuisset.
1865 5172 2072 5245 Sedut

490 5248 559 5302 ad
598 5242 932 5319 propositum
964 5242 1332 5319 revertamur,
1353 5244 1596 5319 suntqui
1628 5258 1728 5319 nec
1761 5242 2068 5319 Eustathio,

492 5313 880 5381 nec'Eu'sebio,
918 5318 1013 5370 sed
1069 5316 1377 5370 Alexandro
1428 5313 1921 5369 Alexandrinorum
1954 5314 2071 5380 epi-

490 5402 658 5457 scopo
682 5389 738 5443 id
770 5386 990 5440 honoris
1026 5386 1265 5457 delatum
1299 5401 1420 5441 esse
1439 5385 1687 5457 scribaut
1711 5424 1727 5447 ,
1758 5394 1820 5439 ut
1848 5383 2065 5457 concilii

491 5451 710 5513 nomine
736 5459 1125 5525 imperatorem
1159 5455 1550 5524 alloqueretur.
1584 5453 1804 5525 Ni_cetas
1846 5454 1916 5525 in;
1940 5451 2070 5507 Tlte-

2193 1964 2375 2036 τέροις
2415 1964 2603 2029 καλοῖς
2642 1963 3019 2035 λυμινέσθω,
3048 1962 3189 2033 μηδὲ
3232 1963 3332 2033 τῆς
3367 1963 3648 2035 τυράννων
3675 1963 3787 2018 θεο-

2197 2057 2398 2128 μαχίας
2441 2055 2686 2111 ἐκποδὼν
2725 2054 2986 2127 ἀρθείσης
3028 2055 3167 2109 Θεοῦ
3211 2054 3468 2127 Σωτῆρος
3530 2055 3783 2127 δυνάμει,

2193 2148 2395 2220 ἑτέρως
2428 2147 2543 2220 (47)
2577 2150 2606 2202 ὁ
2648 2146 3009 2219 φιλοπόνηρος
3061 2145 3268 2219 δαίμων
3312 2146 3404 2201 τὸν
3442 2146 3584 2201 θεῖον
3620 2146 3786 2219 νόμον

2194 2238 2563 2312 βλασφημίαις
2582 2237 2956 2311 περιϐαλλέτω
2971 2254 2985 2268 ο
3009 2236 3087 2299 ὡς
3108 2236 3298 2308 ἔμοιγε
3321 2237 3522 2300 παντὸς
3544 2237 3785 2309 πολέμου

2191 2332 2286 2384 καὶ
2307 2331 2488 2401 μάχης
2532 2326 2680 2401 δεινὴ
2720 2328 2813 2384 καὶ
2844 2327 3229 2400 χαλεπωτέρα,
3260 2329 3294 2399 ή
3328 2329 3426 2399 τῆς
3460 2327 3788 2399 Ἐκκλησίας

2189 2422 2284 2475 τοῦ
2328 2420 2464 2477 Θεοῦ
2508 2422 2775 2495 ἐμφύλιος
2811 2420 3126 2491 νενόμισται
3171 2420 3395 2486 στάσις,
3440 2421 3536 2474 καὶ
3584 2420 3788 2492 μᾶλλον

2188 2515 2361 2568 ταῦτα
2400 2515 2510 2569 τῶν
2555 2514 2754 2582 ἔξωθεν
2788 2514 3010 2587 λυπηρά
3046 2514 3458 2583 καταφαίνεται.
3491 2515 3620 2568 Ὅτε
3651 2515 3786 2585 γοῦν

2189 2607 2288 2671 τὰς
2320 2606 2463 2662 κατὰ
2486 2608 2595 2663 τῶν
2623 2607 2896 2680 πολεμίων
2928 2606 3086 2671 νίκας
3109 2607 3340 2679 νεύματι
3370 2608 3465 2662 καὶ
3492 2609 3786 2682 συνεργείᾳ

2188 2699 2284 2753 τοῦ
2318 2700 2626 2772 κρείττονος
2654 2701 2900 2773 ἠράμην,
2932 2701 3085 2756 οὐδέν
3114 2718 3175 2754 τε
3216 2700 3424 2755 λείπειν
3454 2700 3565 2773 (48)
3596 2702 3784 2773 ἐνόμιο

2191 2794 2304 2859 ζον,
2330 2793 2363 2865 ἢ
2394 2792 2514 2865 Θεῷ
2539 2794 2638 2865 μὲν
2663 2792 2905 2865 νομίζειν
2924 2794 3024 2866 τὴν
3051 2793 3232 2866 χάριν,
3266 2793 3582 2866 συγχαίρειν
3605 2793 3662 2848 δὲ
3690 2795 3785 2848 καὶ

2189 2889 2303 2950 τοῖς
2340 2884 2484 2957 ὑπὲρ
2526 2885 2691 2940 αὑτοῦ
2730 2886 2799 2940 δι’
2840 2886 2999 2958 ἡμῶν
3039 2886 3512 2959 ὴλευθερωμένοις
3536 2903 3550 2918 ·
3591 2887 3783 2961 ἐπειδὴ

2189 2976 2288 3048 τὴν
2311 2977 2586 3050 ὑμετέραν
2601 2978 2885 3033 διάστασιν
2907 2981 3035 3051 παρ’
3058 2979 3247 3033 ἐλπίδα
3271 2980 3453 3033 πᾶσαν
3477 2979 3781 3051 ἐπυθόμην,

2189 3069 2291 3123 οὐκ
2318 3071 2375 3124 ἐν
2401 3069 2637 3143 δευτέρῳ
2666 3069 2763 3143 τὴν
2789 3072 2958 3143 ἀκοὴν
2980 3071 3205 3144 ἐθέμην,
3221 3074 3405 3143 τυχεῖν
3427 3071 3484 3125 δὲ
3507 3072 3602 3127 καὶ
3624 3072 3784 3127 τοῦτο

2190 3159 2488 3234 θεραπείας
2514 3162 2582 3215 δι’
2609 3163 2752 3235 ὲμῆς
2778 3163 3076 3236 εὐξάμενος
3106 3165 3412 3239 ὑπηρεσίας
3432 3209 3446 3232 ,
3484 3167 3613 3230 τοὺς
3643 3166 3781 3222 πάν-

2194 3272 2294 3319 τας
2343 3255 2612 3327 ἀμελλητὶ
2670 3257 3257 3329 συμμετεστειλάμηνσ
3313 3259 3409 3313 καὶ
3454 3259 3633 3331 χαίρω
3681 3259 3784 3329 μὲν

2192 3348 2333 3417 ὁρῶν
2362 3348 2463 3421 τὴν
2486 3348 2758 3421 ὑμετέραν
2785 3351 3078 3422 ὁμήγυριν,
3111 3351 3232 3404 τότε
3265 3351 3322 3405 δὲ
3351 3350 3584 3422 μάλιστα
3609 3351 3785 3423 κρίνω

2192 3443 2312 3495 κατ’
2362 3441 2527 3511 εὐχὰς
2560 3441 2796 3513 ἐμαυτὸν
2831 3443 3061 3515 πράξειν
3084 3481 3099 3508 ,
3148 3442 3367 3497 ἐπειδάν
3410 3446 3533 3508 ταῖς
3581 3443 3783 3515 ψυχαῖς

2188 3532 2598 3604 ἀνακραθέντας
2623 3533 2791 3605 ἴδοιμι
2817 3535 2944 3599 τοὺς
2965 3534 3195 3599 πάντας,
3223 3534 3350 3607 μίαν
3381 3552 3441 3589 τε
3465 3533 3649 3607 κοινὴν
3666 3535 3780 3604 (49)

2187 3625 2558 3698 βραϐεύουσαν
2584 3628 2696 3691 τοῖς
2718 3628 2884 3682 πᾶσιν
2909 3626 3192 3700 εἰρηνικὴν
3218 3627 3562 3699 συμφωνίαν,
3590 3629 3657 3699 ἢν
3682 3628 3779 3681 καὶ

2190 3843 2507 3915 Alexandro
2538 3843 2913 3900 Alexandrino
2954 3844 3199 3915 pontiﬁci
3258 3844 3310 3899 id
3358 3844 3587 3901 honoris
3632 3845 3779 3904 ultro

2190 3914 2425 3968 delatum
2450 3926 2553 3969 est.
2596 3935 2614 3965 ι
2654 3915 2769 3984 Ego
2810 3914 3033 3971 vero'in
3064 3923 3213 3969 tanta
3241 3916 3567 3984 scriptorum
3591 3916 3778 3972 divor-

2186 3986 2350 4039 sitate
2383 3985 2638 4039 libentius
2660 3987 2709 4038 ei
2743 3986 3032 4040 sententia:
3089 3988 3442 4050 accesserim,
3493 4002 3615 4055 quae
3667 3988 3781 4042 liu-

2184 4056 2336 4125 sehio
2368 4057 2574 4125 primas
2599 4055 2814 4108 dicendi
2841 4065 3026 4122 partes
3057 4071 3086 4109 a
3123 4059 3332 4124 synodo
3379 4056 3587 4112 delatas
3653 4073 3776 4114 esse

2184 4124 2435 4179 aﬂirmat.
2466 4124 2708 4179 Primum
2758 4126 2885 4193 quia
2939 4126 3180 4181 omnium
3228 4127 3345 4180 sine
3399 4131 3774 4183 controversia

2184 4195 2536 4250 doctissimus
2569 4210 2632 4249 ac
2660 4195 3056 4252 disertissimus
3084 4206 3203 4251 erat
3231 4195 3521 4254 Eusebius.
3569 4198 3775 4255 Deinde

2184 4265 2301 4332 ipse
2334 4267 2386 4318 id
2416 4276 2605 4334 aperte
2641 4274 2874 4335 testatur
2899 4268 2953 4320 in
2984 4267 3258 4334 principio
3285 4267 3444 4333 hujus
3476 4270 3660 4335 operis
3685 4269 3772 4324 his

2183 4335 2419 4407 verbis:
2459 4337 2619 4406 Ἀρτι
2657 4334 2714 4407 δε
2750 4337 2845 4391 καὶ
2871 4338 3031 4407 ἡμεῖς
3062 4337 3218 4391 αὐτοὶ
3259 4334 3571 4392 καλλίνικον
3608 4339 3773 4407 μέσον

2179 4403 2546 4481 ἀπολαϐόντες
2577 4405 2716 4481 Θεοῦ
2746 4403 3075 4479 λειτουργῶν
3106 4409 3356 4481 συνόδου,
3390 4403 3772 4481 εἰκοσαετηρι-

2180 4477 2296 4553 xei;
2309 4475 2498 4547 ὕμνοις
2526 4477 2911 4553 εγεραίρομεν.
2930 4475 3129 4553 idestl
3149 4475 3517 4553 Nuperetiam
3545 4496 3640 4534 nos
3669 4475 3772 4547 ipsi

2179 4546 2427 4599 victorem
2459 4546 2749 4616 principem
2790 4546 2847 4601 in
2878 4546 3048 4602 meitio
3092 4547 3187 4601 Dei
3226 4546 3592 4603 niinistrorum
3646 4567 3774 4603 con-

2176 4624 2330 4670 ventu
2354 4618 2688 4681 residentem,
2724 4618 3088 4673 vicennatibus
3119 4620 3328 4688 hymnis
3371 4622 3641 4689 prosecuti
3669 4636 3769 4674 su-

2173 4701 2310 4740 mus.

2245 4777 2358 4852 (ιγ)
2417 4780 2679 4852 Ἑτέρως.
2740 4779 3055 4846 Portesius,
3124 4780 3655 4852 Christophorsonus
3712 4790 3771 4837 et

2173 4846 2418 4905 Gallicus
2445 4846 2717 4919 interpres
2749 4853 2890 4905 hanc
2926 4867 3112 4906 vocem
3144 4846 3395 4910 omisere.
3423 4867 3549 4907 cum
3577 4862 3764 4908 tamen

2176 4928 2289 4973 tota
2322 4923 2407 4975 vis
2429 4923 2716 4975 scuteutim
2745 4921 2799 4974 in
2829 4936 2891 4975 ea
2928 4937 3063 4976 voce
3118 4925 3293 4989 posita
3344 4924 3436 4977 sit.
3485 4924 3568 4977 Ad
3619 4924 3765 4980 hanc

2172 4990 2318 5063 enim
2350 5005 2538 5063 vocem
2567 4990 2808 5063 refertur
2840 5006 2964 5061 quas
2989 4994 3240 5062 proxime
3286 4994 3533 5060 sequitur
3580 4994 3765 5063 perio-

2173 5059 2272 5113 dus
2300 5077 2314 5113 :
2347 5079 2366 5112 ι
2400 5062 2623 5136 Ca_ve_te,
2648 5062 2842 5136 inquit,
2859 5059 2941 5136 ne
2980 5059 3102 5136 post
3136 5059 3378 5117 deletam
3418 5059 3763 5136 tyrannidem

2172 5144 2361 5182 eorum
2391 5131 2480 5195 qui
2536 5131 2645 5186 Deo
2672 5130 2871 5186 bellum
2918 5130 3259 5197 intulerunt,
3303 5130 3496 5188 rursus
3550 5134 3763 5189 daemon

2174 5200 2283 5253 alia
2316 5201 2401 5271 via
2432 5200 2751 5271 religionem
2787 5213 3031 5258 nostram
3082 5204 3388 5259 maledictis
3438 5214 3495 5259 et
3546 5204 3765 5257 calum-

2171 5270 2279 5343 niis
2307 5269 2557 5343 obiiciat;
2578 5273 2744 5343 s__Alia
2790 5274 2955 5342 igitur
2978 5274 3089 5337 via,
3123 5273 3176 5327 id
3216 5284 3320 5341 est,
3352 5289 3449 5343 per
3478 5275 3763 5329 intestinas

2170 5337 2561 5396 dissensiones.
2595 5340 2728 5397 Vide
2755 5337 2876 5411 qua:
2904 5359 3029 5397 mox
3051 5337 3375 5413 sequuntur.

2242 5453 2363 5525 (48)Δ
2417 5454 2607 5509 Οὐδέν
2654 5472 2718 5510 τε
2766 5457 3022 5512 λείπειν.
3086 5457 3447 5513 Scribendum
3502 5457 3759 5525 videtur,

488 5544 653 5598 sauro
683 5523 992 5598 orthodoane
1037 5527 1187 5598 ﬁdei,
1208 5523 1420 5598 klibav,
1462 5540 1597 5598 _cap.
1640 5523 1671 5576 7
1693 5523 1801 5598 ,id
1831 5523 2069 5598 amrmat

2186 5523 2530 5598 ιὺδὲνέμοιγε
2574 5526 2783 5598 λείπειν
2826 5526 3097 5598 ἐνόμιζον,
3136 5538 3213 5598 et
3260 5530 3421 5595 paulo
3470 5538 3596 5597 post
3640 5523 3761 5597 lego

491 5597 577 5655 his
600 5601 784 5654 verbis
811 5614 827 5652 :
860 5617 879 5649 ι
906 5594 1177 5671 Eusebius
1206 5595 1281 5651 De
1311 5596 1421 5671 vita
1450 5594 1799 5671 Eoustantini
1831 5594 1974 5648 libro
2004 5610 2064 5671 ut

2186 5594 2579 5671 :uttt‘Titrnebo
2600 5608 2657 5650 et
2685 5594 2943 5671 Grutero,
2973 5599 3097 5671 ἐπεὶ
3127 5597 3184 5651 δὲ
3211 5594 3758 5671 ambiret—spumeis.

489 5681 552 5725 se
584 5671 820 5739 primum
863 5670 1024 5739 verba
1080 5667 1132 5721 in
1188 5667 1396 5738 synodo
1448 5666 1950 5739 iecisse__testatur.
2008 5666 2065 5719 Si

490 5734 673 5794 tanien
719 5738 1048 5793 'l'heodorito
1086 5734 1396 5801 credimus,
1454 5734 1771 5789 Eustathius
1813 5734 2021 5804 primus
2047 5775 2065 5801 ,

490 5820 628 5876 etc..
686 5818 748 5863 ut
805 5817 983 5865 autem
1019 5805 1335 5866 Theodorus
1384 5805 1795 5879 Mopsuestcuus
1853 5805 2058 5870 scribit,

2241 5665 2353 5737 (49)
2385 5668 2545 5740 Μίαν
2573 5685 2639 5721 τε
2668 5667 3130 5732 xocrierlectius
3165 5665 3287 5726 meo
3311 5665 3520 5740 judicio
3545 5671 3759 5727 scribe-

2169 5749 2320 5793 retur
2358 5739 2513 5808 κοινῇ
2544 5739 2942 5794 adverbialiter.
