4186 6386
310 1189 322 1241 ’ί

315 1243 323 1282 I

351 495 490 554 1075

1415 489 1504 542 DE
1557 486 1720 542 VITA
1763 483 2225 542 CONSTANTINI
2264 484 2392 540 LIB.
2441 487 2533 542 III.

3421 549 3428 556 _
3492 484 3633 542 107s

354 630 460 684 ρων
480 608 590 682 (60)
615 607 1088 682 προσανεπαύοντο
1113 606 1384 668 κλινὰδας.
1416 601 1650 675 Χριστοῦ
1676 601 1926 672 βασιλεῖαι

2053 616 2176 656 curn
2213 602 2541 672 imperatore
2567 600 2940 656 accubuerunt
2964 598 3088 654 :alii
3113 597 3165 653 in
3197 597 3441 656 stibadiis
3465 601 3634 664 utrin-

350 703 528 768 ἔδοξεν
582 701 648 756 ἄν
695 718 781 764 τις
823 699 1252 771 φαντασιοῦσθαι
1290 699 1506 761 εἰκόνα,
1552 696 1685 766 ὄναρ
1725 697 1771 748 τ’
1799 691 1936 749 εἶναι

352 793 466 850 ἀλλ’
496 794 594 863 οὐχ
629 791 778 866 ὕπαρ
811 790 872 845 τὸ
902 791 1210 862 γινόμενον.

865 966 1267 1020 ΚΕΦΑΛΑΙΟΝ
1299 964 1414 1033 ις’.

383 1062 732 1132 Χαρίσματα
787 1060 1197 1146 ἐπισχᾴποις,
1234 1058 1332 1112 καὶ
1391 1054 1702 1128 γράμματα
1753 1058 1902 1127 πρὸς

914 1142 1056 1195 τοὺς
1117 1142 1370 1194 πάντας.

431 1224 584 1277 Ἐπεὶ
631 1223 687 1277 δὲ
737 1222 1006 1294 λαμπρῶς
1054 1221 1122 1274 τὰ
1167 1220 1268 1290 τῆς
1321 1221 1556 1291 εὐωχίας
1605 1219 1936 1293 προύχώρει,

345 1312 424 1366 ἔτι
459 1315 554 1369 καὶ
580 1314 738 1368 τοῦτο
763 1314 1012 1384 βασιλεὺς
1032 1313 1372 1385 δεξιούμενος
1389 1315 1513 1377 τοὺς
1532 1313 1738 1376 πάντας
1768 1329 1938 1384 προσ-

345 1405 532 1472 ετίθει,
592 1407 980 1478 μεγαλοψύχως
1045 1406 1278 1460 ἕκαστον
1313 1406 1456 1460 κατὰ
1487 1407 1586 1477 τὴν
1623 1407 1941 1478 πρέπουσαν

344 1497 503 1566 ἀξίαν
534 1502 647 1563 τοῖς
675 1502 807 1572 παρ’
839 1499 1002 1552 αὑτοῦ
1029 1499 1203 1570 τιμῶν
1238 1498 1450 1564 ξενίοις.
1483 1500 1596 1571 Τῆς
1625 1499 1679 1552 δὲ
1720 1499 1938 1552 συνόδου

345 1592 570 1662 ταύτης,
608 1593 702 1645 καὶ
741 1595 854 1656 τοῖς
890 1591 964 1663 μὴ
997 1592 1232 1663 παροῦσι
1261 1591 1360 1663 τὴν
1395 1593 1616 1662 μνήμην
1643 1590 1707 1643 δι’
1735 1591 1936 1644 οίκείου

303 1716 305 1718 -
347 1685 632 1755 παρεδίδου
658 1685 1002 1756 γράμματος,
1027 1684 1054 1738 ὃ
1075 1686 1139 1757 δὴ
1165 1685 1259 1738 καὶ
1279 1684 1431 1748 αὐτὸ,
1454 1683 1641 1755 ὥσπερ
1664 1685 1720 1737 ὲν
1744 1683 1934 1754 στήλῃ,

347 1775 474 1847 τῇδε
506 1779 571 1847 τῇ
616 1777 745 1847 περλ⁷
787 1774 952 1828 αὐτοῦ
993 1775 1217 1845 συνάψω
1259 1775 1538 1847 διηγήσει,
1584 1774 1772 1828 τοῦτον
1816 1773 1938 1845 ἔχον

343 1867 434 1921 τὸν
470 1869 694 1940 τρόπον.
1220 1870 1223 1872 ’

877 1957 1277 2012 ΚΕΦΑΛΑΙΟΝ
1305 1955 1404 2010 ΙΖ’.

341 2053 799 2106 Κωνσταντίνου
831 2051 982 2118 πρὸς
1005 2051 1112 2116 τὰς
1148 2049 1516 2117 Ἐκκλησίας
1547 2049 1680 2118 περὶ
1714 2048 1826 2117 τῆς
1862 2048 1933 2103 ἐν

863 2122 1083 2189 Νικαίᾳ
1120 2119 1411 2174 συνόδου.

476 2234 493 2264 ι
530 2213 937 2274 Κωνσταντῖνος
971 2209 1240 2272 Σεϐαστὸς
1268 2211 1388 2271 ταῖς
1430 2209 1797 2280 Ἐκκλησίαις.

414 2324 432 2356 ι
466 2305 670 2376 Πεῖραν
697 2300 874 2355 λαϐών
905 2302 972 2354 ὲκ
996 2300 1098 2370 τῆς
1127 2297 1237 2352 τῶν
1264 2297 1457 2352 κοινῶν
1482 2297 1800 2368 εὐπραξίας,
1829 2299 1929 2368 ὅση

339 2397 438 2468 τῆς
476 2397 628 2459 θείας
669 2395 953 2464 δυνάμεως
1000 2392 1214 2462 πέφυκε
1249 2390 1432 2462 χάρις,
1478 2390 1668 2445 τοῦτον
1710 2390 1818 2462 πρό
1867 2407 1932 2460 γε

342 2487 560 2542 πάντων
604 2486 795 2556 ἔκρινα
845 2478 982 2537 εἷναί
1028 2499 1116 2552 μοι
1160 2482 1460 2553 προσήκειν
1499 2480 1734 2546 σκοπὸν,
1786 2482 1932 2544 ὅπως

342 2580 494 2648 παρὰ
527 2580 639 2641 τοῖς
668 2576 1110 2649 μακαριωτάτοις
1146 2575 1248 2645 τῆς
1270 2575 1568 2645 καθολικῆς
1609 2574 1932 2646 Ἐκκλησίας

340 2667 570 2738 πλήθεσι
619 2668 801 2730 πίστις
838 2666 937 2737 μία
965 2667 1060 2719 καὶ
1097 2665 1394 2738 εἰλικρινὴς
1431 2667 1652 2737 ἀγάπη,
1695 2665 1933 2737 ὁμογνώ-

339 2778 456 2830 μων
499 2778 557 2814 τε
596 2761 726 2832 περὶ
772 2760 864 2813 τὸν
898 2759 1195 2831 παγκρατῆ
1228 2759 1360 2814 Θεὸν
1387 2760 1639 2813 εὐσέϐεια
1670 2761 1927 2831 τηρῆται.

348 2851 487 2904 Ἀλλ’
521 2853 709 2922 ἐπειδὴ
753 2852 898 2904 τοῦτ’
923 2854 1022 2924 οὐχ
1062 2847 1172 2906 οἷόν
1191 2853 1238 2906 τ’
1263 2848 1331 2924 ἦν
1356 2853 1550 2923 ἀκλινῆ
1573 2853 1667 2907 καὶ
1708 2853 1932 2924 βεϐαίαν

333 2944 487 3010 τάξιν
515 2943 731 3008 λαϐεῖν,
771 2947 821 2998 εἰ
850 2945 926 3016 μὴ
974 2946 1054 3008 εἱς
1085 2945 1251 2998 ταύτὸ
1287 2945 1507 2999 πάντων
1537 2945 1697 3017 ὁμοῦ.
1743 2946 1776 3017 ἢ
1822 2945 1931 2998 τῶν

333 3037 463 3106 γοῦν
495 3038 759 3092 πλειόνων
789 3041 1102 3094 ἐπισκόπων
1132 3039 1497 3094 συνελθόντων
1518 3082 1532 3106 ,
1564 3041 1795 3094 ἑκάστου
1817 3039 1930 3091 τῶν

333 3128 720 3200 προσηκόντων
767 3131 834 3199 τῇ
882 3131 1165 3201 ἁγιωτάτῃ
1217 3129 1487 3202 θρησκείᾳ
1527 3128 1798 3200 διάκρισις
1840 3128 1932 3197 γέ-

333 3238 496 3286 νοιτο,
541 3220 732 3277 τούτου
777 3222 966 3275 ἕνεκεν
1017 3221 1286 3275 πλείστων
1324 3222 1465 3274 ὅσων
1514 3219 1928 3291 συναθροισθέν-

330 3328 462 3375 των,
493 3312 655 3374 αὐτὸς
685 3312 743 3365 δὲ
783 3311 1038 3383 καθάπερ
1069 3308 1150 3376 εἷς
1178 3311 1239 3377 ἐξ
1277 3312 1431 3383 ὑμῶν
1464 3311 1761 3383 ἐτύγχανον
1791 3330 1928 3383 συμ-
1956 3317 1998 3372 C

331 3402 526 3476 παρὼν
560 3404 641 3475 (οὐ
684 3403 792 3473 γὰρ
830 3401 1178 3474 ἀρνησαίμην
1199 3401 1286 3466 ἂν,
1336 3403 1420 3470 ἐφ’
1528 3403 1763 3473 μάλιστα
1802 3403 1927 3472 χαί-

333 3515 446 3567 ρω,
492 3495 847 3565 συνθεράπων
893 3493 1159 3564 ὑμέτερος
1197 3493 1542 3562 πεφυκέναι),
1576 3492 1704 3564 ἄχρι
1748 3492 1932 3546 τοσού-

331 3605 428 3640 του
479 3588 699 3640 διπαντα
767 3585 870 3654 τῆς
936 3584 1325 3656 προσηκούσης
1385 3584 1685 3656 τετύχηκεν
1742 3585 1929 3650 ἐξετά-

333 3696 490 3742 σεως,
533 3679 693 3749 ἄχρις
723 3673 783 3732 οὗ
819 3680 851 3749 ἡ
887 3676 964 3748 τῷ
1001 3677 1217 3731 πάντων
1244 3677 1424 3750 ἐφόρῳ
1453 3678 1573 3748 Θεῴ
1611 3678 1925 3750 ἁρέσκουσα

329 3769 544 3842 γνώμη,
595 3771 733 3841 πρὸς
778 3769 875 3841 τὴν
913 3769 1014 3840 τῆς
1053 3771 1305 3842 ὲνὸτητος
1338 3770 1658 3842 συμφωνίαν
1704 3770 1925 3842 (61)εἱς

329 3860 447 3930 φῶς
480 3860 730 3932 προήχθη
756 3899 770 3922 ,
806 3860 882 3923 ὡς
928 3859 1096 3930 μηδὲν
1141 3859 1222 3913 ἔτι
1254 3860 1392 3932 πρὸς
1439 3860 1705 3930 διχόνοιαν
1748 3861 1782 3932 ἢ
1836 3861 1925 3915 πί-

329 3969 498 4016 στεως
522 3955 929 4026 ἀμφισϐήτησιν
963 3952 1372 4007 ὑπολείπεσθαι.

850 4045 1250 4100 ΚΕΦΑΛΔΙΟΝ
1281 4045 1389 4098 ΙΗ’.

381 4135 492 4190 Τοῦ
541 4135 729 4192 αὐτοῦ
773 4137 907 4204 περὶ
949 4137 1302 4206 συμφωνίας
1346 4134 1456 4206 τῆς
1497 4133 1605 4189 τοῦ
1651 4136 1870 4206 Πάσχα

639 4207 854 4277 ἑορτῆς
878 4247 894 4273 ,
943 4207 1045 4261 καὶ
1080 4205 1239 4262 κατὰ
1285 4205 1601 4261 Ἰουδαίων.

391 4299 592 4354 «Ἔνθα
614 4301 708 4353 καὶ
737 4299 865 4371 mp).
889 4299 987 4368 τῆς
1014 4297 1109 4351 τοῦ
1141 4299 1334 4368 Πάσχα
1366 4297 1676 4368 ἁγιωτάτης
1706 4297 1921 4370 ἡμέρας

325 4391 625 4462 γενομένης
659 4390 939 4464 ζητήσεως
961 4431 976 4455 ,
1003 4391 1147 4458 ἔδοξε
1178 4393 1330 4462 κοινῇ
1359 4390 1555 4465 γνώμῃ
1591 4391 1701 4464 (62)
1737 4392 1919 4455 καλῶς

326 4481 490 4550 ἔχειν,
522 4483 615 4536 ἐπὶ
651 4484 778 4552 μιᾶς
805 4483 1016 4555 ἡμέρας
1049 4483 1259 4548 πάντας
1294 4484 1421 4548 τοὺς
1451 4484 1766 4554 ἁπανταχοῦ
1799 4487 1919 4538 ἐπι-

2044 708 2151 764 que
2185 693 2463 762 dispositis
2497 693 2844 746 discubuere.
2891 691 3121 746 Prorsus
3172 691 3350 762 imago
3380 693 3627 761 quaedam

2039 785 2194 855 regni
2243 783 2448 839 Christi
2494 784 2829 849 adumbrari,
2857 797 3053 854 resque
3083 783 3196 854 ipsa
3225 783 3437 840 somnio
3463 798 3628 854 quain

2039 876 2254 933 veritati
2293 876 2512 946 propior
2539 875 2839 930 videbatur.

2629 965 2861 1025 CAPUT
2901 967 3042 1023 XVI.

2048 1060 2280 1116 Munera
2302 1059 2560 1130 epist-apis
2574 1060 2794 1126 donata,
2811 1069 2859 1114 et
2887 1060 3078 1115 litterae
3097 1061 3166 1114 ad
3187 1076 3364 1116 omnes
3392 1060 3626 1131 sci-ipim.

2111 1217 2414 1274 Celebratis
2447 1217 2885 1288 splendidissimo
2906 1227 3168 1288 apparatu
3197 1219 3493 1285 conviviis,
3523 1221 3625 1274 im-

2041 1321 2263 1380 perator
2293 1320 2525 1366 cunctos
2556 1309 2859 1367 liberaliter
2892 1312 3195 1382 excipiens,
3239 1313 3292 1366 id
3322 1312 3487 1368 etiam
3524 1327 3626 1384 pro

2041 1420 2139 1462 sua
2185 1404 2586 1475 magnificentia
2640 1406 2867 1478 adjecit,
2919 1414 2979 1460 ut
3034 1419 3480 1476 unumquemque
3524 1420 3625 1476 pro

2040 1499 2253 1552 meritis
2309 1511 2374 1552 ac
2433 1497 2705 1568 dignitate
2764 1496 3086 1554 muneribus
3141 1499 3454 1554 honoraret.
3517 1496 3627 1554 Eos

2039 1604 2260 1660 quoque
2286 1589 2377 1659 qui
2415 1589 2546 1645 huic
2593 1591 2800 1661 synodo
2853 1589 3079 1644 minime
3124 1589 3526 1655 interfuissent,
3560 1589 3628 1645 de

2040 1682 2204 1736 rebus
2228 1683 2279 1736 in
2307 1696 2371 1736 ea
2408 1683 2582 1752 gestis
2614 1684 2884 1740 certiores
2914 1683 3040 1738 fecit
3069 1696 3168 1752 per
3200 1683 3413 1738 litteras
3439 1699 3454 1736 :
3487 1697 3627 1752 quas

2040 1771 2094 1827 in
2146 1773 2251 1827 hoc
2294 1787 2484 1842 opere,
2517 1783 2780 1843 tanquam
2827 1774 2879 1828 in
2916 1771 3102 1828 tabula
3141 1772 3376 1843 quadam
3426 1773 3629 1828 incisas

2039 1877 2359 1934 praponam.
2390 1863 2526 1920 Sunt
2559 1876 2735 1920 autem
2767 1863 3096 1932 huiusmodi.

2606 1957 2835 2014 CAPUT
2875 1957 3040 2014 XVII.

2041 2050 2286 2121 Epistola
2319 2050 2660 2106 Constantini
2684 2051 2754 2104 ad
2778 2049 3048 2105 Ecclesia:
3069 2051 3135 2104 de
3155 2049 3355 2120 synodo
3377 2045 3625 2104 Nicena.

2115 2164 2134 2196 ι
2172 2145 2561 2202 Constantinus
2587 2144 2866 2215 Augustus
2905 2144 3191 2200 Ecclesiis.

2115 2257 2135 2291 ι
2165 2237 2300 2294 Cum
2349 2255 2418 2294 ex
2450 2253 2712 2308 prospero
2746 2235 3058 2306 reipublicae
3101 2245 3244 2292 statu
3284 2245 3625 2308 compertum

2039 2331 2322 2397 haberem,
2379 2341 2582 2402 quanta
2635 2331 2830 2386 fuisset
2890 2345 3019 2402 erga
3079 2345 3180 2386 nos
3235 2331 3630 2402 omnipotentis

2041 2424 2139 2479 Dei
2171 2423 2514 2494 benignitas,
2550 2424 2604 2477 in
2628 2423 2736 2478 hoc
2767 2423 3044 2494 praecipue
3075 2421 3207 2477 mihi
3233 2421 3624 2478 elaborandum

2041 2531 2163 2573 esse
2192 2515 2523 2582 existimavi,
2556 2525 2616 2569 ut
2655 2529 2684 2568 a
2719 2515 3085 2570 sanctissimis
3127 2513 3387 2570 Ecclesiae
3431 2516 3626 2570 catho-

2039 2609 2156 2665 licae
2184 2609 2400 2680 populis
2431 2622 2537 2663 una
2573 2607 2731 2671 ﬁdes,
2755 2609 2969 2664 sincera
3001 2608 3265 2672 charitas,
3291 2615 3346 2662 et
3384 2621 3624 2662 consona

2038 2716 2166 2772 erga
2215 2701 2648 2770 omnipotentem
2684 2699 2854 2754 Deum
2899 2699 3090 2768 religio
3137 2706 3472 2755 servaretur.
3515 2697 3625 2752 Sed

2038 2794 2291 2865 quoniam
2317 2793 2434 2848 fieri
2469 2808 2575 2846 non
2606 2802 2823 2863 poterat
2857 2806 2916 2846 ut
2945 2807 3008 2847 ea
3053 2806 3142 2847 res
3171 2791 3325 2845 firme
3354 2805 3418 2845 ac
3450 2789 3624 2844 stabi-

2038 2885 2166 2940 liter
2193 2886 2638 2950 constitueretur,
2678 2883 2784 2936 nisi
2830 2883 3086 2937 omnibus
3136 2873 3624 2952 e'piscopis,592

2037 2977 2122 3030 vel
2157 2987 2306 3031 certe
2339 2976 2589 3047 plurimis
2645 2990 2837 3030 eorum
2899 2976 2953 3030 in
3020 2990 3188 3030 unum
3249 2975 3622 3044 congregatis,

2037 3067 2248 3138 singula
2279 3083 2402 3136 quae
2433 3069 2501 3122 ad
2531 3067 2966 3121 sacratissimam
2997 3065 3314 3136 religionem
3349 3067 3621 3135 pertinent

2040 3160 2340 3228 disceptata
2371 3159 2522 3230 prius
2569 3143 2841 3214 fuissent:
2874 3160 3015 3215 hanc
3044 3158 3114 3214 ob
3151 3171 3396 3226 causam,
3415 3155 3624 3214 coactis

2038 3265 2200 3319 quam
2254 3251 2369 3303 fieri
2409 3251 2588 3318 potuit
2639 3250 2892 3322 plurimis
2927 3249 3330 3316 sacerdotibus,
3360 3262 3452 3305 me
3483 3263 3623 3320 quo-

2031 3356 2137 3412 que
2178 3352 2433 3412 tanquam
2467 3357 2576 3398 uno
2611 3357 2680 3398 ex
2730 3343 2884 3397 vobis
2919 3350 3185 3412 prmsente
3226 3341 3431 3412 (neque
3475 3341 3620 3396 enim

2032 3434 2340 3504 negaverim
2391 3435 2442 3488 id
2478 3449 2586 3504 quo
2632 3434 2869 3490 maxime
2898 3433 3145 3501 exsulto,
3164 3447 3492 3491 conservum
3530 3447 3620 3487 tne

2031 3537 2270 3582 vestrum
2301 3526 2446 3598 esse)
2471 3536 2664 3581 cuncta
2696 3528 3028 3597 competenti
3062 3527 3315 3582 examine
3344 3540 3412 3582 eo
3444 3540 3619 3595 usque

2029 3615 2274 3669 discussa
2295 3625 2444 3678 sunt,
2461 3618 2634 3670 donec
2661 3616 2966 3686 inSpectori
2989 3617 3232 3672 omnium
3261 3617 3371 3672 Deo
3391 3626 3615 3685 accepta

2029 3707 2322 3769 sententia,
2357 3706 2424 3757 ad
2483 3705 2714 3760 unitatis
2772 3717 3104 3762 concentum
3169 3706 3512 3776 proferretur
3562 3707 3616 3760 in

2028 3795 2228 3858 lucem,
2259 3799 2451 3866 itaque
2479 3797 2660 3853 nullus
2690 3797 3045 3866 dissensioni,
3079 3797 3262 3854 nullus
3289 3809 3616 3854 controver-

2026 3889 2122 3945 siae
2157 3890 2224 3944 de
2254 3889 2356 3945 fide
2387 3890 2539 3945 locus
2569 3891 2806 3962 amplius
2836 3891 3258 3961 relinqueretur.

2585 4041 2817 4101 CAPUT
2855 4044 3044 4103 XVIII.

2027 4135 2105 4190 De
2135 4151 2390 4194 consensu
2415 4136 2471 4191 in
2497 4135 2850 4261 celebrti'titzine
2881 4137 3003 4206 [esti
3039 4135 3326 4206 paschalis,
3353 4145 3401 4190 et
3423 4145 3611 4191 contra

2730 4225 2760 4261 ιι
2803 4220 2932 4261 ωοε.

2730 4220 2932 4262 ιιααεοε.

2093 4302 2227 4358 «Ubi
2243 4318 2366 4359 cum
2382 4303 2449 4359 de
2469 4302 2815 4360 sanctissimo
2856 4300 3022 4354 etiam
3052 4298 3276 4354 Paschae
3307 4297 3395 4353 die
3415 4298 3613 4368 quaesi-

2027 4402 2138 4448 tum
2176 4392 2392 4455 fuisset,
2425 4391 2703 4448 communi
2740 4391 2988 4447 omnium
3024 4391 3300 4445 sententia
3327 4391 3608 4445 decretum

2021 4499 2128 4550 est,
2168 4502 2288 4542 eam
2323 4485 2679 4541 festivitatem
2733 4499 2846 4538 uno
2885 4488 3188 4554 eodemque
3218 4483 3306 4538 die
3334 4483 3404 4538 ab
3431 4483 3612 4537 omni-

323 4574 517 4628 τελεῖν.
542 4575 606 4627 Τί
627 4575 736 4646 γὰρ
756 4577 887 4646 ἡμῖν
909 4575 1148 4640 κάλλιον,
1166 4577 1219 4629 τί
1242 4575 1299 4629 δὲ
1325 4576 1650 4647 σεμνότερον
1675 4577 1916 4648 ὑπάρξαι

2031 4581 2125 4635 bus
2182 4580 2383 4649 ubique
2435 4577 2702 4632 celebrari
2757 4586 3038 4646 Oportere.
3097 4575 3236 4643 Quid
3283 4576 3434 4631 enim
3487 4576 3609 4645 pul-

323 4665 631 4736 δυνήσεται,
662 4665 756 4718 τοῦ
799 4667 897 4738 τὴν
941 4668 1136 4739 ἑορτὴν
1177 4667 1380 4738 ταύτην
1412 4671 1542 4741 παρ’
1574 4665 1643 4742 ἧς
1677 4669 1774 4734 τάς
1811 4671 1910 4740 τῆς

2031 4671 2228 4735 :hrius,
2261 4670 2392 4739 quid
2422 4669 2708 4724 honestius
2752 4667 2911 4723 nobis
2957 4681 3079 4722 esse
3128 4665 3321 4736 possit,
3349 4680 3516 4735 quam
3547 4677 3607 4720 ιιι

324 4758 624 4823 ἀθανασίας
656 4759 957 4831 εἰλήφαμεν
988 4760 1230 4826 ἐλπίδας,
1259 4764 1360 4834 μιᾷ
1385 4762 1535 4828 τάξει
1567 4764 1662 4818 καὶ
1695 4765 1914 4837 φανερῷ

2031 4765 2138 4820 haec
2182 4763 2473 4829 festivitas,
2499 4777 2529 4816 a
2562 4777 2669 4832 qua
2719 4775 2870 4832 spem
2921 4757 3350 4814 immortalitatis
3393 4759 3606 4835 accepi-

323 4847 468 4922 λόγῳ
517 4851 672 4924 παρὰ
719 4852 888 4905 πᾶσιν
942 4853 1298 4920 ἀδιαπτώτως
1349 4855 1754 4925 φυλάττεσθαι;
1805 4859 1918 4912 Καὶ

2031 4870 2167 4922 mus,
2191 4870 2300 4911 uno
2327 4855 2629 4924 eodemque
2665 4854 2861 4909 ordine
2889 4861 2947 4907 et
2973 4861 3122 4906 certa
3156 4852 3366 4906 ratione
3391 4852 3462 4906 ah
3487 4866 3605 4905 οιιι-

395 5028 506 5106 (ϐθ)
524 5028 685 5106 Vulg.
701 5029 850 5100 tiny
868 5030 975 5100 τὰς
990 5031 1310 5102 ἑκατέρων.
1327 5035 1680 5090 Scribendnm
1697 5045 1825 5102 puto
1841 5034 1902 5101 ἐξ

2031 5035 2229 5092 lectius
2262 5035 2403 5106 apud
2457 5033 2846 5090 Theodoritutn
2893 5046 2945 5088 et
2991 5031 3351 5102 Nicephorum
3399 5032 3600 5103 legitur

321 5100 621 5179 ἑκατέρων.
650 5102 768 5168 Qua
795 5100 1176 5179 emendatione
1205 5106 1341 5179 nihil
1371 5100 1714 5179 certittsaAit
1733 5100 1901 5179 Ense?

2031 5100 2428 5179 :pbg‘tﬁv,'_etc.

319 5172 442 5246 hius
476 5188 542 5246 ei:
572 5180 983 5246 utraqueparte
1016 5173 1153 5246 aulae
1182 5177 1371 5246 regiae
1418 5177 1680 5245 disposita
1737 5178 1905 5232 fuisse
2049 5172 2200 5244 ’(62)
2229 5172 2440 5241 Ἔδοξε
2478 5172 2655 5243 κοινῇ
2699 5173 2922 5246 γνώμῃ.
2973 5173 3102 5246 Hec
3140 5175 3304 5230 verba
3329 5175 3602 5246 Constan-

321 5241 579 5316 Stibadia,
616 5243 670 5296 in
716 5241 1213 5316 quibusuepiscopi
1237 5241 1642 5301 discumberent
1673 5263 1686 5299 :
1721 5247 1903 5316 ipsum

321 5325 453 5383 vero
477 5314 826 5382 imperatoris
859 5314 1152 5370 stibadium
1202 5315 1257 5370 in
1285 5316 1462 5371 medio
1498 5316 1684 5380 fuisse,
1720 5314 1905 5383 inquo

321 5381 437 5454 ipse
463 5381 572 5454 una
620 5399 746 5454 cum
801 5384 1246 5440 honoratioribus
1296 5387 1566 5454 episcopis
1613 5381 1907 5442 accumbe-

319 5450 448 5530 bat._
463 5451 663 5508 Eodem
693 5453 1032 5530 plane_modo
1061 5455 1124 5530 in
1147 5450 1355 5530 synodo
1377 5450 1617 5530 Niciena,
1648 5457 1902 5530 subsellia

321 5523 540 5598 quidem
563 5525 1013 5598 erant_utrinque
1044 5523 1396 5598 dispositarin
1436 5523 1634 5598 quibus
1663 5527 1905 5598 episcopi

322 5593 668 5665 residebant;
731 5593 1030 5664 imperator
1082 5593 1264 5652 autem
1318 5593 1712 5665 ipse—medius
1761 5593 1907 5652 inter

320 5661 457 5717 duos
483 5661 878 5719 considentium
909 5667 1132 5722 ordines
1167 5667 1220 5721 in
1246 5661 1380 5722 sella
1412 5683 1578 5722 aurea
1612 5669 1903 5723 residebat.

321 5730 512 5813 Simile
578 5731 678 5788 fuit
733 5733 1212 5813 Constantinopoli
1249 5738 1491 5813 tribunal
1532 5739 1904 5813 novemdecim

322 5803 722 5876 accubitorum,
751 5807 818 5858 ad
851 5805 1028 5876 hujus,
1057 5803 1494 5862 Constantiniani
1545 5809 1803 5876 convivii,
1848 5817 1908 5864 ut

321 5872 582 5942 equidem,
599 5875 860 5939 arbitror,
889 5875 1303 5932 similitudinem
1328 5878 1656 5934 institutum.

395 5941 510 6012 (6i)
548 5941 703 6015 Vulg.
749 5945 908 6014 παρὰ
937 5945 1053 6016 τὴν
1080 5945 1192 6017 τῆς
1212 5947 1508 6022 ἐνότητος,
1529 5950 1904 6021 συμφωνίαν.

2010 5249 2111 5302 tini
2150 5249 2460 5318 respexisse
2481 5244 3237 5318 videturAthanasius/cum
3267 5247 3320 5300 in
3351 5245 3595 5318 IithDe

2010 5315 2494 5390 synodis'Aritnjni
2524 5327 2580 5372 et
2607 5315 3041 5390 Seleucigedpag.
3070 5315 3175 5390 871’;
3199 5358 3214 5382 ,
3250 5327 3403 5372 notat
3437 5316 3596 5390 aliter

2011 5385 2227 5445 locutos
2256 5404 2378 5445 esse
2401 5387 2595 5443 Patres
2639 5385 2833 5456 synodi
2875 5385 3108 5456 Nicaeum
3156 5387 3210 5440 in
3258 5387 3593 5456 exposnionc

2015 5460 2162 5526 fidei,
2195 5461 2352 5514 aliter
2383 5459 2437 5512 in
2472 5454 2778 5513 deﬁniendo
2807 5454 3030 5512 Pascha:
3068 5456 3176 5512 die.
3215 5454 3353 5510 Nam
3398 5458 3451 5509 in
3489 5455 3589 5509 huc

2014 5525 2232 5601 quidem
2267 5529 2484 5601 negotio
2507 5527 2588 5583 usi
2625 5527 2945 5601 suntverbo
2973 5525 3142 5592 ἔδοξε,
3168 5527 3220 5581 id
3248 5536 3334 5601 est
3366 5526 3586 5601 placuit.

2017 5595 2071 5655 In
2095 5595 2434 5672 expositione
2460 5609 2639 5672 autem
2691 5596 2818 5651 fidei
2880 5595 3587 5672 nequa_qnam__dix_e_re.pl‘u-

2013 5674 2142 5733 cuit,
2165 5663 2280 5726 'sed
2321 5672 2396 5724 ita
2431 5671 2598 5723 credit
2652 5678 2835 5722 sancta
2879 5675 2929 5721 et
2969 5663 3279 5721 uniuersalis
3327 5663 3584 5719 Ecclesia.

2013 5739 2178 5796 Certe
2209 5743 2430 5797 verbum
2459 5738 2604 5804 ἔδοξε
2637 5740 2778 5806 quod
2803 5738 2968 5794 refert
2993 5737 3343 5803 Athanasius,
3371 5751 3474 5790 non
3507 5751 3587 5787 re-

2013 5813 2225 5882 peritur
2251 5813 2314 5882 in
2336 5811 2565 5882 epistola
2604 5808 2878 5882 synodica
2901 5847 2916 5872 ,
2959 5809 3053 5861 sed
3109 5807 3589 5882 in__hac_ta_ntuiu

2017 5874 2242 5957 epistola
2274 5874 2614 5957 Constantini
2647 5874 2666 5934 Ξ
2704 5893 2867 5957 quam
2897 5891 2996 5957 pro
3029 5874 3293 5957 synodica
3341 5875 3582 5934 hatitatn

2017 5950 2183 6012 fuisse
2204 5969 2310 6013 non
2336 5952 2608 6010 immerito
2641 5950 2762 6021 quis
2789 5950 2959 6018 possit
2983 5950 3294 6014 suspicari.’
