4186 6392
568 415 712 475 10³15

1313 413 1586 472 EUSEBII
1625 415 2113 473 CESARIENSIS
2149 417 2300 472 OPP.
2342 419 2523 475 PARS
2555 422 2596 475 Ι.
2634 451 2704 461 -
2741 420 3135 479 HISTORICA.

3702 425 3840 479 1076

567 538 732 593 nibus
785 533 1052 592 inoffense
1099 537 1459 592 observetur?
1515 537 1592 593 Ac
1640 539 1873 606 primum
1927 521 2148 606 quidem

2257 539 2474 610 πρῶτον
2529 541 2628 612 μὲν
2670 541 2889 608 ἀνάξιον
2943 539 3118 606 ἔδοξεν
3160 537 3332 603 εἶναι,
3382 540 3482 612 τὴν
3531 541 3842 610 άγιωτάτην

565 633 684 688 visa
722 639 806 685 est
847 629 1099 684 omnibus
1146 643 1234 684 res
1275 643 1396 685 esse
1447 645 1672 698 prorsus
1723 631 1964 702 indigna,
1997 641 2056 686 ut
2097 633 2149 687 in

566 721 933 778 sanctissume
955 719 1112 790 hujus
1138 720 1500 775 solemnitatis
1530 721 1901 777 celebratione
1926 737 2151 777 consue-

563 811 809 868 tudinem
857 807 1168 864 Iudaeorum
1220 824 1614 879 sequeremur;
1655 813 1776 880 qui,
1801 827 1922 866 cum
1955 829 2150 869 manus

565 917 699 958 suas
727 903 942 957 nefario
967 902 1178 958 scelere
1228 905 1677 967 contaminarint,
1719 905 1913 960 merito
1949 905 2146 975 impuri

565 994 816 1048 homines
847 993 1094 1048 excitate
1137 995 1337 1049 mentis
1384 994 1657 1049 laborant.
1686 994 1919 1064 Quippe,
1948 998 2147 1064 rejecta

565 1085 781 1141 illorum
829 1086 1224 1143 consuetudine
1249 1124 1265 1150 ,
1313 1102 1607 1156 possumus
1649 1089 1870 1143 rectiori
1911 1090 2142 1153 ordine,

564 1193 727 1246 quem
761 1195 790 1231 a
827 1178 1004 1247 primo
1039 1178 1311 1245 passionis
1334 1178 1426 1232 die
1455 1178 1522 1232 ad
1561 1178 1674 1233 haec
1703 1194 1876 1248 usque
1904 1190 2144 1250 tempora

561 1271 926 1337 servavimus,
951 1273 1021 1325 ad
1043 1271 1225 1325 futura
1241 1271 1408 1326 etiam
1440 1272 1639 1326 saecula
1666 1272 1826 1344 hujus
1852 1274 2146 1328 observan-

564 1365 654 1418 tize
685 1365 851 1418 ritum
883 1377 1211 1436 propagare.
1238 1361 1383 1417 Nihil
1414 1378 1544 1434 ergo
1572 1364 1730 1418 nobis
1757 1379 2046 1418 commune
2073 1365 2145 1419 sit

562 1468 686 1507 cum
741 1454 1120 1510 inimicissima
1172 1452 1483 1508 Iudaeorum
1534 1454 1714 1510 turba.
1768 1454 1948 1510 Aliam
1995 1456 2142 1510 enim

560 1545 705 1598 viam
735 1559 768 1599 a
806 1545 1098 1601 Servatore
1125 1547 1460 1616 accepimus.
1498 1545 1822 1615 Propositus
1847 1557 1932 1602 est
1959 1563 2146 1603 sacra-

561 1633 793 1689 tissima:
821 1635 1070 1706 religioni
1111 1645 1312 1690 nostra:
1341 1651 1537 1693 cursus
1576 1635 1860 1707 legitimus
1891 1647 1948 1692 et
1972 1638 2144 1692 hone-

561 1734 702 1781 stus.
739 1725 898 1780 llunc
943 1727 1182 1781 unanimi
1234 1742 1507 1784 consensu
1557 1729 1881 1794 retinentes,
1931 1729 2001 1785 ab
2053 1729 2142 1785 illa

561 1819 884 1888 turpissima
914 1819 1176 1874 societate
1223 1829 1279 1872 et
1328 1820 1662 1874 conscientia
1707 1835 1806 1875 nos
1854 1820 2142 1876 abstraha-

561 1924 707 1976 mus,
737 1909 938 1965 fratres
985 1911 1320 1966 cliarissimi.
1353 1911 1450 1966 Est
1484 1911 1630 1966 enim
1662 1913 1912 1982 profecto
1950 1916 2142 1970 absur-
2174 1888 2216 1946 Β

560 2003 848 2059 dissimum
885 2005 1028 2072 quod
1066 2003 1144 2059 illi
1195 2005 1488 2076 magnifice
1515 2005 1755 2076 jactaut,
1786 2022 1886 2061 nos
1936 2008 2144 2077 absque

559 2097 802 2165 Ipsorum
836 2096 1154 2168 magisterio
1187 2097 1305 2152 haec
1351 2098 1638 2153 commode
1683 2099 1978 2154 observare
2034 2115 2142 2154 non

557 2204 742 2258 posse.
770 2188 1042 2257 Quidnam
1078 2205 1212 2245 vero
1249 2189 1325 2243 illi
1369 2200 1521 2246 recte
1550 2192 1754 2246 sentire
1787 2193 2024 2261 possint,
2050 2193 2142 2262 qni

560 2291 687 2351 post
735 2297 923 2338 necem
958 2283 1200 2349 Domini,
1227 2293 1348 2352 post
1385 2283 1516 2338 illud
1561 2285 1922 2354 parricidium
1964 2294 2144 2340 mente

560 2375 728 2445 capti,
760 2390 868 2431 non
919 2376 1156 2444 ratione,
1184 2377 1278 2431 sed
1312 2375 1576 2446 praecipiti
1636 2376 1838 2444 impetu
1893 2378 2144 2432 feruntur

557 2481 888 2537 quocunque
938 2469 1159 2522 innatus
1213 2468 1366 2522 furor
1423 2467 1573 2538 ipsos
1630 2467 1928 2536 impulerit.
2003 2469 2144 2523 Hinc

557 2558 812 2628 estquod
846 2571 914 2613 ne
954 2557 1119 2630 593
1156 2559 1208 2612 in
1247 2557 1353 2613 hac
1395 2559 1617 2628 quidem
1655 2570 1812 2629 parte
1849 2562 2140 2615 veritatem

556 2651 729 2718 ipsam
762 2650 1096 2721 perspiciunt
1126 2671 1138 2705 :
1171 2651 1306 2705 adeo
1346 2662 1406 2706 ut
1435 2665 1464 2704 a
1501 2653 1850 2707 convenieuti
1882 2653 2142 2708 emenda-

557 2743 707 2796 tione
751 2741 1062 2812 longissime
1107 2744 1448 2810 aberrantes,
1493 2758 1602 2798 uno
1653 2745 1954 2814 eodemque
2001 2761 2143 2801 anno

557 2837 666 2890 duo
701 2835 962 2903 pasehata
1004 2833 1301 2890 celebrent.
1352 2835 1494 2902 Quid
1547 2851 1679 2907 ergo
1730 2847 1817 2892 est
1867 2853 1967 2892 cur
2011 2839 2142 2894 istos

554 2940 875 2994 sequamur,
902 2940 1040 2995 quos
1084 2934 1300 2982 constat
1336 2928 1664 2996 gravissimo
1707 2929 1913 2986 erroris
1954 2931 2143 2984 morbo

553 3014 843 3070 laborare?
875 3014 1011 3070 Nam
1049 3031 1160 3072 uno
1209 3016 1511 3086 eodemque
1552 3029 1698 3073 anno
1737 3019 2011 3089 geminum
2048 3035 2142 3089 pa-

552 3107 686 3161 scha
716 3105 919 3172 facere,
937 3121 1213 3175 nunquam
1229 3105 1472 3176 profecto
1495 3108 1910 3167 sustinebimus.
1939 3108 2138 3164 Verum

553 3198 770 3254 etiamsi
801 3213 922 3267 qua:
951 3198 1061 3252 dixi
1095 3199 1320 3254 minime
1339 3208 1926 3270 suppeterent,vestr:e
1957 3212 2136 3256 tamen
2166 3227 2214 3288 ε

551 3289 789 3344 solertia:
811 3297 918 3356 est,
949 3289 1001 3343 id
1033 3304 1227 3344 curare
1249 3289 1502 3344 omnibus
1525 3291 1702 3346 modis
1733 3300 1899 3362 atque
1923 3299 2136 3361 Optare,

555 3395 628 3436 ne
686 3381 954 3437 sanctitas
997 3382 1310 3436 animarum
1361 3392 1690 3449 vestrarum,
1735 3383 1790 3439 in
1845 3382 2006 3437 ullius
2057 3384 2135 3438 rei

554 3474 915 3530 similitudine
936 3491 1060 3530 cum
1088 3477 1551 3546 nequissimorum
1582 3477 1864 3532 hominum
1897 3479 2142 3535 moribus
2174 3547 2193 3559 ᾖ

553 3565 754 3623 sociari
783 3577 840 3624 et
867 3569 1209 3625 commisceri
1239 3570 1509 3627 videatur.
1547 3571 1680 3624 Illud
1710 3582 1970 3641 przeterea
2003 3587 2141 3625 con-

552 3658 903 3714 siderandum
936 3670 1043 3728 est,
1069 3659 1227 3717 nefas
1255 3676 1378 3718 esse
1408 3671 1468 3717 ut
1497 3664 1552 3716 in
1585 3664 1722 3718 tanti
1749 3667 2010 3718 momenti
2047 3679 2141 3718 nc-
2176 3735 2186 3748 ι

630 3857 745 3932 (65)
779 3857 957 3932 V_ulg.,
979 3860 1086 3915 τοῦ
1115 3860 1352 3932 ἐκείνου
1380 3862 1616 3929 ἔθνους.
1640 3861 1786 3932 Lego
1826 3861 1983 3925 ἔθους
2015 3879 2135 3915 cum

555 3926 1058 3996 Cill'iSlOphOl’SOllO
1076 3940 1131 3984 et
1156 3927 1415 3986 Grutero.
1451 3926 1594 3985 Idem
1628 3926 1882 3987 mendum
1923 3935 2136 3986 notavi-

557 4015 678 4052 mus
709 4001 760 4051 in
789 3998 1032 4053 Historia
1063 4001 1445 4054 ecclesiastica.
1489 4000 1651 4057 Certe
1682 4004 1734 4056 in
1765 4003 1985 4057 schedis
2033 4003 2141 4057 Re-

556 4069 677 4141 giis
701 4079 755 4141 et
778 4071 831 4122 in
863 4068 1004 4141 libro
1027 4067 1215 4124 Savilii
1245 4068 1400 4141 ἐθους
1423 4071 1790 4141 perscriptum
1824 4081 1928 4126 est.

652 4140 745 4206 64)
767 4139 878 4194 Kal
898 4139 1149 4208 νόμιμος
1171 4140 1270 4194 καὶ
1290 4139 1552 4210 πρέπων.
1587 4139 1741 4210 Apud
1773 4141 2046 4196 Gelasium
2089 4149 2146 4198 et.

558 4207 926 4283 Nicephoran
971 4207 1183 4279 legitur
1228 4207 1834 4283 xatjvduogsrpértwv.
1886 4212 2146 4268 Socrates

557 4289 745 4351 tamen
769 4295 832 4335 ac
863 4280 1227 4351 Theodoritus
1250 4280 1522 4351 vulgatam
1553 4280 1838 4351 lectionem
1865 4291 2105 4337 tuentur.

628 4349 748 4422 (65)
780 4349 1050 4422 Αἰσχρᾶς
1080 4350 1322 4422 ἐκείνης
1350 4349 1806 4419 συνειδήσεως.
1867 4351 2000 4406 Nam
2049 4354 2141 4422 qui

556 4435 680 4477 cum
721 4421 924 4476 Judaeis
949 4421 1159 4475 Pascha
1189 4422 1526 4476 Dominicmn
1582 4423 1882 4485 celebrant,
1932 4421 2140 4478 conscii

555 4492 810 4547 videntur
847 4507 970 4548 esse
1003 4493 1230 4546 sceleris
1250 4493 1395 4560 quod
1448 4491 1619 4547 Judaei
1651 4492 1909 4547 adversus
1959 4493 2144 4548 Domi-

558 4577 690 4635 num
715 4564 1072 4635 admiserunt.
1125 4562 1191 4635 At
1237 4561 1774 4632 Christophorsonus
1840 4563 2144 4635 συνείδησιν

557 4632 721 4685 vertit
748 4633 1064 4699 opinionem,
1094 4633 1182 4687 cui
1215 4650 1320 4688 non
1351 4635 1573 4688 accedo.

629 4701 893 4771 (66)7Tﬁg
937 4705 1375 4771 προσηκούσης
1426 4701 1914 4770 ἐπανορθώσεως.
1947 4702 2148 4759 Socra-

559 4779 662 4843 tes,
715 4773 1102 4834 Theodoritus,
1137 4773 1387 4829 Gelasius
1437 4789 1503 4826 ac
1548 4773 1885 4843 Nic-ephorus
1945 4777 2148 4830 habent

555 4841 679 4895 ἀντὶ
720 4843 821 4915 τῆς
871 4843 1257 4915 προσηκούσης
1317 4841 1775 4915 ἐπανορθώσεως,
1827 4847 1980 4915 quod
2033 4861 2146 4901 non

557 4873 679 4895 una
720 4873 772 4895 ιι
793 4873 819 4905 ι,
871 4873 1255 4915 -ιιγυυιμιυυυης,
1317 4873 1740 4914 δἰιυινυρυωυιως,
1759 4885 1775 4909 ,
1835 4873 1980 4913 quuu
2033 4873 2146 4901 ΙΙυΙι

557 4873 942 5034 itecte
971 4917 1116 4968 enim
1142 4915 1343 4970 dicitur
1372 4914 1762 4985 πλανωμένους
1785 4914 1888 4986 τῆς
1915 4917 2148 4987 ἐπανορ-

590 4997 797 5046 ωσεως.

630 5053 746 5125 (67)
774 5052 865 5125 Τῷ
888 5052 1050 5120 αὐτῷ
1092 5053 1212 5108 ἔτει
1257 5055 1539 5124 δεύτερον
1572 5054 1640 5125 τῷ
1700 5053 1918 5125 Πάσχα
1963 5056 2150 5110 ἐπιτε-

553 5121 732 5197 λεῖν.
761 5121 895 5177 Cum
944 5129 1230 5197 neomenia
1274 5121 1552 5197 paschalis
1602 5121 1912 5181 Iudaeorum
1969 5144 2001 5179 a
2058 5131 2148 5182 die

555 5196 749 5262 quinto
784 5193 1003 5266 mensis
1053 5194 1234 5266 Martii
1274 5193 1578 5266 inciperet,
1627 5206 1682 5250 et
1733 5198 1897 5253 tertio
1937 5197 2146 5266 Aprilis

555 5267 924 5328 clauderetur,
952 5263 1083 5320 hinc
1115 5265 1282 5337 ﬁebat
1338 5263 1630 5337 aliquando
1672 5276 1732 5321 ut
1787 5263 2146 5322 eorum'Pas-

555 5337 656 5391 cita
688 5345 820 5390 ante
849 5336 1237 5406 aequinoctium
1266 5336 1550 5406 inciperet.
1590 5337 1674 5391 Ita
1706 5338 1903 5406 duplex
1936 5337 2144 5393 Pascha

555 5407 745 5461 eodem
778 5421 924 5478 anno
955 5405 1327 5471 celebrabant,
1359 5405 1408 5461 si
1443 5422 1648 5462 annum
1683 5405 1956 5478 intelligas
2002 5411 2140 5463 sola-

554 5492 670 5548 rem
699 5493 762 5531 ac
795 5474 1094 5548 Iulianum,
1124 5491 1156 5530 a
1185 5491 1361 5548 verno
1394 5479 1605 5533 scilicet
1656 5474 1989 5548 aequinoctio
2047 5480 2147 5533 hu-

548 5546 640 5618 ius
671 5548 799 5601 armi
827 5547 900 5602 ad
947 5547 1228 5614 sequentis
1273 5548 1400 5601 anni
1453 5562 1680 5618 vernum
1724 5546 2142 5618 aequinoctium.

552 5616 702 5689 idem
740 5618 820 5672 ait
844 5618 1170 5689 Ambrosius
1197 5618 1252 5672 in
1296 5617 1526 5687 epistola
1557 5620 1622 5672 ad
1652 5616 1941 5689 episcopos
1969 5617 2148 5674 Emi-

552 5687 664 5751 liae,
688 5689 776 5742 ubi
838 5688 1031 5743 scribit
1057 5687 1276 5744 ludzeos
1308 5689 1578 5743 interdum
1615 5687 1800 5744 mense
1824 5687 2146 5744 duodecimo

558 5755 765 5828 Pascha
781 5757 1129 5828 celebrasse,
1167 5761 1218 5813 id
1246 5767 1352 5823 est,
1377 5759 1533 5828 juxta
1568 5759 1792 5815 Latinos
1821 5761 1904 5814 vel
1949 5758 2145 5814 Orien-

557 5825 713 5883 tales.
749 5827 936 5898 Neque
962 5825 1305 5888 enim’Judaei
1334 5825 1521 5886 mense
1566 5829 1661 5885 illo
1691 5833 1782 5901 qui
1817 5830 1958 5900 apud
1995 5831 2144 5903 ipsos

2255 631 2475 701 ἐκείνην
2528 631 2720 704 ἑορτὴν
2753 636 2818 703 τῇ
2867 632 2975 686 τῶν
3019 631 3286 684 Ἰουδαίων
3331 630 3628 701 ἑπομένους
3679 648 3842 702 συνη-

2253 721 2374 792 θείᾳ
2405 722 2646 795 πληροῦν
2672 741 2685 752 ·
2721 723 2770 775 οἳ
2803 723 2902 786 τὰς
2933 723 3141 777 ἑαυτῶν
3172 727 3359 794 χεῖρας
3385 721 3626 792 ἀθεμίτῳ
3658 721 3841 794 πλημ-

2255 813 2531 885 μελήματι
2574 815 2905 884 χράναντες,
2949 815 3171 878 εἰκότως
3212 815 3310 877 τάς
3353 813 3533 883 ψυχάς
3561 815 3610 866 οῖ
3651 815 3840 884 μιαροὶ

2249 903 2676 975 τυφλώττουσιν.
2717 905 2933 972 Ἔξεστι
2981 907 3089 978 γὰρ
3135 905 3228 960 τοῦ
3272 905 3495 960 ἐκείνων
3532 905 3687 969 ἔθους
3727 905 3838 976 (65)

2253 997 2652 1070 άποδληθέντος
2671 1040 2684 1063 ,
2719 999 3056 1071 ἀληθεστέρα
3081 998 3266 1064 τάξει,
3295 1000 3361 1069 ἧν
3393 999 3456 1050 ἐκ
3484 996 3708 1069 πρώτης
3740 997 3836 1050 τοῦ

2251 1091 2458 1154 πάθους
2485 1092 2696 1164 ἡμέρας
2722 1092 2851 1164 ἄχρι
2897 1092 2991 1146 τοῦ
3019 1093 3283 1162 παρόντος
3317 1090 3664 1162 ἐφυλάξαμςν
3683 1131 3699 1155 ,
3743 1091 3838 1144 καὶ

2250 1181 2346 1235 ἐπὶ
2390 1184 2516 1247 τοὺς
2576 1183 2870 1254 μέλλοντας
2914 1183 3116 1247 αἰῶνας
3166 1184 3266 1254 τὴν
3317 1181 3419 1252 τῆς
3458 1182 3837 1253 ἐπιτηρήσεως

2250 1274 2455 1345 ταύτης
2482 1274 2877 1346 συμπλήρωσιν
2902 1274 3258 1328 ἐκτείνεσθαι.
3289 1274 3468 1344 Μηδὲν
3489 1273 3668 1327 τοίνυν
3695 1273 3841 1326 ἔστω

2250 1365 2384 1434 ἡμῖν
2414 1363 2593 1418 κοινὸν
2629 1366 2769 1434 μετὰ
2795 1363 2888 1418 τοῦ
2931 1363 3179 1434 ἐχθίστου
3210 1363 3318 1417 τῶν
3360 1361 3626 1416 Ἰουδαίων
3652 1362 3832 1432 ὄχλου.

2247 1455 2562 1527 Εἰλήφαμεν
2611 1457 2718 1528 γὰρ
2765 1455 2918 1528 παρὰ
2969 1456 3064 1510 τοῦ
3123 1455 3375 1526 Σωτῆρος
3433 1455 3548 1508 ὁδὸν
3605 1455 3832 1526 ἐτέρανο

2249 1549 2538 1618 πρόκειται
2583 1549 2782 1622 δρόμος
2819 1552 2887 1621 τῇ
2937 1549 3203 1621 ἱερωτάτῃ
3235 1547 3393 1619 ἡμῶν
3434 1547 3703 1619 θρησκείᾳ
3740 1546 3838 1602 κατ⁵

2245 1640 2475 1710 νόμιμος
2520 1640 2613 1692 καὶ¹
2648 1639 2875 1711 πρέπων
2921 1637 3055 1708 (64).
3099 1637 3300 1690 Τούτου
3345 1636 3649 1708 συμφώνως
3688 1637 3837 1689 ἀντι-

2243 1728 2667 1802 λαμϐανόμενοι,
2698 1731 2798 1801 τῆς
2825 1730 3056 1801 αἰσχρᾶς
3083 1729 3297 1802 ἐκείνης
3333 1728 3559 1791 ἑαυτοὺς
3595 1727 3838 1800 συνειδή-

2248 1837 2388 1884 σεως
2430 1819 2542 1892 (65)
2587 1820 2996 1892 ἀποσπάσωμεν
3019 1862 3034 1886 ,
3065 1819 3282 1888 ἀδελφοὶ
3309 1819 3645 1888 τιμιώτατοι.
3677 1820 3837 1874 Ἔστι

2245 1916 2355 1986 γὰρ
2393 1916 2470 1980 ὡς
2516 1914 2734 1986 άληθῶς
2777 1912 3162 1979 ἀτοπώτατον,
3213 1914 3455 1977 ἐκείνους
3501 1913 3716 1983 αὐχεῖν,
3757 1911 3834 1974 ὡς

2243 2006 2352 2077 ἄρα
2381 2005 2654 2076 παρεκτὸς
2690 2005 2791 2076 τῆς
2828 2005 3008 2059 αὐτῶν
3033 2005 3382 2068 διδασκαλίας
3418 2003 3592 2058 ταῦτα
3627 2004 3833 2073 φυλάτ-

2245 2113 2356 2149 τειν
2388 2097 2489 2150 οὐκ
2515 2097 2707 2167 εἴημεν
2742 2095 2939 2150 ἱκανοί.
2990 2097 3054 2149 Τί
3099 2096 3156 2149 δὲ
3194 2099 3412 2167 φρονεῖν
3440 2095 3600 2167 ὀρθὸν
3634 2097 3835 2148 ἐκεῖνοι

2243 2187 2590 2257 δυνήσονται,
2616 2187 2666 2240 οἳ
2702 2187 2841 2257 μετὰ
2880 2185 2979 2257 τὴν
3014 2185 3388 2258 κυριοκτονίαν
3417 2204 3475 2240 τε
3507 2187 3601 2240 καὶ
3629 2203 3837 2258 πατρο-

2245 2277 2460 2333 κτονίαν
2501 2278 2717 2349 ἐκείνην
2759 2278 3054 2342 ἐκστάντες
3089 2278 3196 2333 τῶν
3240 2279 3473 2350 φρενῶν,
3515 2278 3741 2348 ἄγονται
3769 2278 3836 2332 οὐ

2245 2371 2490 2442 λογισμῷ
2521 2389 2661 2436 τινι,
2689 2371 2804 2425 ἀλλ’
2835 2371 2978 2444 ὁρμῇ
3017 2371 3395 2442 άκατασχέτῳ,
3423 2373 3544 2425 ὅποι
3571 2370 3616 2424 δ’
3646 2370 3712 2426 ἂν
3737 2370 3836 2424 αύ-

2243 2464 2372 2527 τοὺς
2417 2465 2451 2534 ὴ
2495 2463 2734 2534 ἔμφυτος
2777 2464 2958 2518 αὐτῶν
2995 2463 3179 2536 ἀγάγῃ
3224 2466 3410 2534 μανία.
3463 2465 3703 2518 Ἐκεῖθεν
3738 2459 3838 2519 οὖν

2244 2555 2422 2608 τοίνυν
2456 2557 2560 2610 κάν
2584 2555 2760 2628 τούτῳ
2786 2555 2866 2627 τῷ
2896 2556 3052 2628 μέρει
3083 2555 3181 2627 τὴν
3206 2556 3461 2628 ἀλήθειαν
3487 2555 3588 2626 οὐχ
3609 2553 3833 2627 ὁρῶσιν,

2243 2647 2320 2711 ὡς
2361 2647 2424 2716 δὴ
2465 2646 2609 2700 κατὰ
2653 2648 2716 2701 τὸ
2757 2648 3008 2702 πλεῖστον
3061 2649 3256 2713 αὐτοὺς
3299 2648 3686 2719 πλανωμένους
3732 2648 3836 2718 τῆς

2245 2737 2632 2811 προσηκούσης
2665 2739 3091 2812 ἐπανορθώσεως
3121 2740 3256 2808 (66),
3287 2739 3363 2810 τῷ
3389 2737 3538 2804 αὐτῷ
3572 2739 3682 2793 ἔτει
3711 2738 3837 2792 δεύ-

2243 2849 2401 2904 τερον
2428 2833 2492 2886 τὸ
2521 2832 2712 2904 Πάσχα
2733 2820 3002 2889 ἐπιτελεῖν
3029 2834 3162 2905 (67).
3191 2833 3346 2897 Τίνος
3375 2834 3536 2906 χάριν
3568 2831 3678 2903 (68)
3710 2831 3837 2885 τού-

2243 2943 2358 2990 τοις
2387 2925 2652 2998 ἐπόμεθα.
2687 2925 2780 2990 οὓς
2811 2925 2988 2997 δεινὴν
3019 2926 3228 2996 πλάνην
3253 2928 3426 2979 νοσεῖν
3449 2925 3831 2997 ὼμολόγηταις

2245 3017 2507 3089 Δεύτερον
2531 3017 2642 3088 γάρ
2671 3015 2749 3087 τῷ
2777 3017 2857 3070 ἐν).
2879 3017 3110 3088 ἐνιαυτῷ
3136 3019 3236 3072 οὐκ
3261 3018 3326 3072 ἄν
3355 3034 3490 3070 ποτε
3528 3021 3700 3070 ποιεῖν
3737 3018 3832 3071 άν-

2243 3108 2502 3181 εξὸμεθα.
2547 3109 2685 3162 Ἀλλ’
2720 3110 2769 3162 εί
2802 3108 3096 3163 καὶταῦτα
3129 3111 3203 3181 μὴ
3245 3108 3570 3181 προύκειτο,
3603 3109 3737 3163 ἀλλὰ

2241 3201 2341 3274 τὴν
2383 3201 2658 3273 ὑμετέραν
2695 3200 2977 3271 ἀγχίνοιαν
3011 3202 3175 3272 ἐχρῆν
3212 3201 3306 3253 καὶ
3341 3193 3428 3254 διά
3462 3201 3699 3274 σπουδῆς
3736 3202 3835 3256 καὶ

2243 3294 2310 3347 δι’
2338 3295 2504 3366 εὐχῆς
2535 3293 2679 3365 ἔχειν
2709 3294 2961 3358 πάντοτε,
2994 3295 3052 3346 ἐν
3087 3293 3328 3365 μηδεμιᾷ
3360 3293 3420 3347 τὸ
3459 3293 3699 3366 καθαρὸν
3731 3295 3839 3366 τῆς,

2250 3387 2521 3460 ὑμετέρας
2561 3387 2739 3458 ψυχῆς
2783 3389 3059 3440 κοινωνεῖν
3109 3387 3288 3442 δοκεῖν
3335 3385 3638 3457 ἀνθρώπων
3684 3386 3833 3442 ἔθεσι

2249 3482 2573 3549 παγκάκων.
2609 3480 2755 3549 Πρὸς
2799 3479 3010 3542 τούτοις
3042 3480 3262 3533 κάκεῖνο
3303 3481 3536 3552 πάρεστι
3579 3481 3832 3551 συνορᾷν,

2247 3573 2323 3636 ὡς
2366 3573 2422 3624 ἐν
2463 3571 2770 3643 τηλικούτῳ
2816 3573 3101 3645 πράγματι
3133 3574 3225 3626 καὶ
3267 3572 3489 3644 τοιαύτῃ
3535 3572 3835 3643 θρησκείας

2249 3667 2410 3737 ἑορτῇ
2443 3665 2737 3734 διαφωνίαν
2776 3665 2964 3737 ἄρχειν
2985 3706 3000 3730 ,
3034 3665 3183 3719 ἐστὶν
3211 3665 3491 3736 ἀθέμιτον.
3533 3666 3684 3720 Μίαν
3721 3665 3836 3738 γὰρ

2246 3875 2367 3920 erat
2392 3865 2778 3930 duodecimus,
2822 3864 3029 3921 Pascha
3066 3881 3303 3936 unquam
3335 3866 3706 3931 celebrabant,
3735 3869 3832 3922 sed

2245 3937 2456 3989 decima
2482 3947 2674 4017 quarta
2707 3937 2975 4017 digprimi
2991 3939 3231 4017 pensis.
3259 3937 3432 4017 Porro
3453 3938 3570 3990 haec
3614 3939 3836 3994 iteratio

2251 4021 2412 4071 iniam
2475 4006 2678 4061 Judmis
2735 4005 2926 4073 objicit
2986 4005 3380 4062 Constantinus
3413 4047 3429 4072 ,
3485 4023 3830 4076 nequaquam

2251 4076 2430 4146 magni
2455 4076 2712 4131 momenti
2770 4078 3160 4146 mihiquidem
3211 4077 3630 4146 videturaldem
3684 4080 3832 4133 enim

2253 4145 2572 4215 retorquere
2622 4155 2872 4216 poterant
2910 4145 3081 4201 Judmi
3135 4149 3401 4202 adversus
3449 4145 3830 4214 Christianos;

2252 4231 2346 4270 eos
2372 4218 2586 4271 scilicet
2616 4215 2726 4270 uno
2765 4215 3064 4286 eodemque
3119 4233 3263 4271 anno
3313 4220 3394 4271 his
3441 4217 3652 4272 Pascha
3690 4219 3834 4273 cele-

2254 4285 2465 4349 lii-asse,
2491 4288 2534 4341 si
2572 4302 2784 4341 annum
2807 4285 3110 4342 vertentem
3137 4288 3524 4357 intelligamus.
3559 4287 3834 4344 Ponamus

2251 4358 2397 4409 enim
2424 4358 2527 4411 hoc
2561 4373 2704 4411 anno
2737 4357 2942 4411 Pascha
2986 4359 3250 4412 celebrari
3292 4360 3504 4413 decimo
3559 4358 3833 4413 Kalendas

2253 4425 2421 4481 Maias
2448 4447 2461 4481 :
2494 4437 2755 4494 sequente
2778 4441 2923 4481 anno
2955 4429 3117 4483 citius
3141 4428 3446 4483 celebretur
3476 4443 3702 4484 necesse
3721 4439 3830 4484 est.

2249 4501 2424 4566 Atque
2462 4498 2538 4551 ita
2570 4497 2766 4566 duplex
2799 4497 3010 4566 Pascha
3053 4499 3192 4553 intra
3224 4500 3384 4552 unius
3413 4501 3540 4553 anni
3568 4502 3832 4554 vertentis

2250 4553 2582 4622 cur'riculum
2620 4553 2762 4636 a'pud
2784 4553 3130 4623 Christianos
3158 4570 3421 4624 occurrit.
3467 4569 3620 4637 Quod
3650 4553 3830 4624 tamen

2252 4655 2357 4692 non
2382 4639 2617 4702 eveniet,
2653 4637 2703 4692 si
2740 4650 2946 4692 annum
2977 4641 3348 4694 numeraveris
3373 4640 3440 4692 ab
3463 4641 3832 4706 aequinoctiali

2250 4709 2474 4762 cardine
2497 4713 2565 4762 ad
2603 4709 2826 4762 alterius
2858 4711 2984 4762 anni
3012 4724 3239 4762 vernum
3274 4709 3831 4777 aequinoctiumNide

2251 4779 2611 4847 Epiphanium
2648 4779 2702 4831 in
2751 4779 2946 4832 haeresi
3002 4779 3091 4843 70,
3147 4795 3267 4848 quae
3323 4789 3407 4834 est
3454 4782 3830 4834 Audianorum

2250 4865 2373 4919 pag.
2402 4849 2531 4909 824,
2565 4857 2617 4902 et
2652 4849 3152 4904 animadversiones
3177 4853 3238 4904 υ.
3275 4850 3502 4904 Petavii.
3539 4850 3637 4904 Cui
3661 4850 3871 4919 junge"

2249 4934 2370 5039 cfp.
2406 4919 2440 4972 5
2468 4919 2670 4988 λΕςίιιίἰ
2699 4919 2952 4973 Bucherii
2989 4919 3070 4974 De
3106 4919 3354 4974 Pascha“
3399 4921 3715 4975 Iudaeorum
3740 4937 3850 4990 εει-1

2249 5005 2275 5039 C
2301 5005 2350 5039 ο.
3840 5001 3850 5039 '.

2249 5001 2350 5042 cto.
3840 5001 3857 5046 ἱ

2321 5058 2437 5130 (68)
2477 5058 2648 5130 Τίνος
2691 5059 2888 5129 χάριν.
2933 5061 3088 5130 Apud
3142 5061 3531 5116 Theodoritum
3586 5069 3640 5116 et
3670 5061 3834 5117 Nice-

2249 5128 2479 5204 plitn'u'tn
2509 5128 2720 5204 legitu_r
2744 5128 2888 5195 τίνος
2918 5128 3012 5185 οὖν
3042 5134 3221 5204 χάριν.
3259 5134 3349 5186 Sic
3375 5134 3542 5185 etiam
3575 5133 3834 5187 Socrates

2248 5210 2305 5252 et
2340 5198 2612 5273 Gelasius.
2662 5199 2742 5255 Ex
2791 5205 2988 5270 quibus
3025 5198 3343 5273 corrigenda
3395 5213 3546 5263 sunt,
3583 5218 3702 5272 quae
3738 5218 3830 5256 se-

2248 5279 2490 5344 quuntur
2524 5272 2624 5326 hoc
2680 5275 2840 5344 modo
2887 5293 2901 5326 :
2958 5273 3056 5344 τὴν
3089 5272 3360 5344 ὑμετέραν
3413 5274 3718 5344 ἀγχίνοιαν.
3768 5273 3837 5344 Et

2248 5341 2410 5416 paulo
2443 5351 2565 5410 post
2600 5344 2660 5416 ἐν
2707 5343 2947 5416 μηδεμιᾷ
2979 5341 3277 5416 enorme;
3314 5341 3640 5416 Quanquam
3688 5343 3839 5416 apud

2248 5411 2375 5465 illos
2413 5427 2562 5486 quos
2581 5411 3024 5486 dixi—scriptores
3044 5411 3244 5486 legitur
3295 5411 3359 5466 ὲν
3391 5414 3622 5484 μηδενὸς
3649 5413 3837 5484 ὁμοιό-

2247 5498 2391 5566 τητι.
2426 5482 2510 5566 In“
2524 5482 3124 5566 Fuketiauo‘scriptum
3157 5495 3261 5566 ρει.
3289 5488 3349 5539 ἐν
3393 5482 3645 5566 μηδεμιᾷ
3689 5482 3839 5554 προ-

2249 5553 2431 5621 φάσει.
2471 5553 2642 5609 Porro
2666 5557 2733 5610 ad
2773 5557 2888 5609 haec
2922 5560 3088 5610 verba
3119 5555 3362 5611 alludere
3388 5553 3838 5610 videtur’auctor

2249 5625 2701 5680 Comtitutionum
2745 5637 2916 5692 apost.
2953 5625 3096 5680 libro
3151 5641 3202 5690 ν,
3250 5640 3368 5693 cap.
3401 5626 3489 5681 l6.
3522 5626 3676 5691 Quod
3707 5639 3838 5693 pro-

2249 5695 2391 5748 t'ecto
2438 5695 2700 5750 fatebitur
2752 5695 3000 5763 quisquis
3046 5711 3170 5752 eum
3204 5696 3383 5753 locum
3413 5712 3536 5752 cum
3569 5697 3654 5751 his
3685 5698 3841 5751 Gon-

2247 5765 2475 5821 stantini
2512 5767 2694 5822 verbis
2731 5765 3038 5823 contulerit.
