4186 6404
372 427 504 483 ⁸081

1467 422 1556 476 DE
1590 420 1754 477 VITA
1793 420 2255 476 CONSTANTIM
2297 421 2425 475 LIB.
2469 421 2557 476 Ill.

3523 419 3663 474 108‘}

377 545 477 616 μιν
508 543 756 605 ἅπαντας
791 541 896 595 ὑπὸ
941 541 1068 612 μίαν
1096 540 1438 609 συγκαλέσας
1461 540 1697 612 ἡμέραν,
1733 539 1967 610 παροῦσι

2080 538 2304 593 diceret.
2327 537 2492 610 495
2521 538 2729 606 Quippe
2751 550 2940 590 omnes
2973 543 3128 590 certo
3153 535 3239 590 die
3258 534 3311 589 in
3333 549 3498 588 unum
3529 548 3659 588 con-

372 637 429 688 ὁὲ
456 636 552 706 τὴν
577 635 714 704 πρὸς
745 633 1007 704 ἀλλήλους
1048 631 1381 703 ὑποθέμενος
1409 634 1630 704 είρήνην
1669 631 1969 704 περισπού-

373 727 568 780 δαστον
595 724 887 788 ποιεῖσθαι,
920 722 1020 786 τὰς
1043 723 1099 776 δὲ
1124 722 1463 792 φιλονείκους
1490 723 1673 795 ἔριδας
1705 723 1970 794 ἐκτρέπε-

376 817 522 881 σθαι,
547 817 680 888 μηδὲ
707 815 1042 886 βασκαίνειν,
1068 813 1223 878 εἴτις
1240 814 1545 886 εὐδοκιμῶν
1570 817 1628 868 ὲν
1649 814 1970 878 ἐπισκόποις

375 910 617 979 φαίνοιτο
646 909 840 978 σοφίας
887 908 945 962 ἐν
981 907 1144 978 λόγῳ,
1175 908 1351 962 κοινὸν
1379 907 1426 960 δ’
1447 909 1702 979 ἡγεῖσθαι
1733 910 1971 978 τάγαθὸν

375 1003 473 1073 τῆς
510 1001 628 1063 ἑνὸς
664 1001 884 1072 ἀρετῆς,
915 999 1050 1070 μηδὲ
1082 999 1189 1071 μὴν
1227 999 1336 1053 τῶν
1363 1001 1743 1073 μετριωτέρων
1769 1019 1973 1055 κατεπ-

375 1092 622 1165 αίρεσθαι
663 1094 789 1154 τοὺς
839 1091 1121 1163 κρείττους
1149 1109 1161 1122 ·
1223 1091 1360 1145 Θεοῦ
1394 1092 1504 1164 γὰρ
1535 1089 1754 1147 εἶναιτὸ
1775 1095 1969 1165 κριτή-

378 1204 494 1258 ριον
528 1186 636 1239 τῶν
669 1184 863 1254 ἀληθεῖ
901 1184 1045 1254 λόγῳ
1088 1185 1415 1254 κρειττόνων
1456 1186 1551 1239 καὶ
1593 1188 1708 1249 τοῖς
1747 1187 1970 1241 ἀσθενε-

378 1279 589 1350 στέροις
617 1278 674 1330 δὲ
707 1277 816 1330 δεῖν
862 1275 1391 1331 ὑποκατακλίνεσθαι
1425 1277 1570 1348 λόγῳ
1614 1278 1967 1350 συγγνώμης,

374 1370 453 1440 τῷ
479 1371 539 1423 τὸ
571 1369 780 1422 τέλειον
812 1367 1128 1438 ἁπανταχοῦ
1164 1369 1387 1422 σπάνιον
1417 1369 1726 1440 τυγχάνειν.
1757 1370 1849 1422 Διὸ
1874 1371 1969 1423 καὶ

376 1460 626 1533 ἀλλήλοις
653 1461 733 1514 δεῖ
758 1461 828 1514 τὰ
855 1460 1069 1530 σμικρά
1105 1460 1358 1514 πταίουσι
1406 1461 1736 1534 συγγνώμην
1763 1463 1966 1534 νέμειν,

376 1553 698 1624 χαρίζεσθαί
742 1570 805 1605 τε
848 1553 943 1605 καὶ
985 1555 1291 1624 συγχωρεῖν
1336 1554 1438 1607 ὅσα
1470 1553 1808 1626 ἀνθρώπινα,
1845 1554 1974 1625 περὶ

377 1642 574 1696 πολλοῦ
616 1643 946 1714 τιμωμένων
974 1642 1086 1713 (81)
1114 1643 1213 1714 τὴν
1253 1643 1542 1714 σύμφωνον
1577 1645 1867 1715 ἁρμονίαν,
1896 1644 1971 1708 ὡς

374 1733 441 1788 ἂν
496 1733 570 1804 μὴ
611 1733 748 1805 πρὸς
793 1731 1056 1804 ἀλλήλους
1109 1731 1527 1799 στασιαζόντων,
1581 1734 1780 1806 χλεύης
1822 1735 1972 1788 αἰτία

375 1823 683 1896 παρέχηται
729 1827 842 1888 τοῖς
893 1825 984 1877 τὸν
1031 1822 1172 1876 θεῖον
1235 1822 1575 1896 βλασφημεῖν
1628 1826 1792 1897 νόμον
1837 1843 1973 1898 παρ.

374 1911 796 1980 εσκευασμένοις
816 1928 829 1942 ο
860 1904 936 1964 ὧν
959 1911 1196 1982 μάλιστα
1219 1911 1288 1964 τὰ
1305 1913 1484 1966 πάντα
1515 1913 1626 1984 (82)
1656 1915 1765 1968 δεῖν
1789 1914 1969 1985 σωθῆο
2004 1923 2047 1976 Β

372 2020 459 2055 ναι
496 2002 808 2074 δυναμένων
841 2003 998 2074 (8⁵23),
1036 2005 1084 2057 εἰ
1115 2003 1184 2058 τὰ
1211 2005 1334 2058 καθ’
1361 2007 1510 2076 ἡμᾶς
1549 2007 1732 2070 αὐτοῖς
1756 2005 1972 2078 ζηλωτὰ

373 2097 664 2164 φαίνοιντο,
694 2097 768 2170 μὴ
810 2099 1134 2168 ἀμφιγνοεῖν
1160 2097 1272 2169 (85)
1308 2099 1384 2162 ὼς
1414 2100 1476 2152 οὐ
1507 2103 1621 2163 τοῖς
1642 2101 1811 2154 πᾶσιν
1843 2103 1876 2169 ἡ
1910 2103 1974 2154 ἐκ

371 2189 544 2256 λόγων
578 2188 816 2258 ὠφέλεια
862 2189 1122 2243 συντελεῖ.
1167 2191 1230 2242 Oi
1260 2191 1358 2261 μὲν
1383 2191 1495 2262 γὰρ
1527 2190 1602 2255 ὡς
1624 2189 1973 2262 πρὺςτροφὴν

371 2281 653 2352 χαίρουσιν
677 2282 1132 2354 ὲπικουρούμενοι
1161 2283 1302 2354 (84),
1331 2286 1379 2337 oi
1408 2283 1463 2336 δὲ
1488 2286 1614 2347 τοὺς
1635 2285 1974 2354 προστασίας

372 2376 809 2447 ἐπειλημμένους
848 2377 1174 2449 ὑποτρέχειν
1233 2376 1520 2431 είώθασινε
1551 2377 1696 2432 ἄλλοι
1727 2378 1854 2440 τοὺς
1889 2377 1975 2430 δε-

373 2597 470 2649 κοῦ
494 2597 1012 2666 λόγου,ηιθιΙιοιΙιιιιι
1047 2598 1211 2651 tradit
1246 2597 1554 2665 hujttsmotli
1603 2596 1912 2650 orationum
1953 2612 1968 2647 :

384 2669 443 2720 Ὀ
468 2668 915 2738 συνταττόμενος,
956 2668 1114 2738 δῆλός
1147 2670 1295 2721 ἐστιν
1320 2669 1617 2738 ἀνιώμενος
1640 2668 1734 2738 ἐπὶ
1761 2667 1838 2737 τῷ
1863 2687 1974 2738 χωρ

375 2737 577 2808 ρισμῷ,
617 2739 668 2791 id
702 2750 808 2809 est.
851 2740 953 2804 Qui
980 2737 1247 2804 valedicil,
1277 2755 1388 2809 pne
1409 2737 1470 2792 se,
1514 2739 1614 2808 fert
1644 2737 1971 2792 dolerentob

375 2807 696 2862 discessum.
749 2807 855 2862 Sed
907 2819 962 2862 et
999 2810 1051 2861 in
1097 2817 1212 2864 toto
1253 2807 1433 2876 capite
1482 2807 1683 2878 passim
1743 2818 1972 2876 usurpat

372 2879 766 2933 συντάττεσθαι
791 2892 896 2947 pro
939 2879 1271 2934 valedicere.
1301 2879 1470 2946 quue
1497 2879 1764 2932 orationis
1798 2895 1970 2944 genus

369 2949 438 3003 ab
473 2951 712 3003 liomero
736 2949 972 3016 primum
1001 2951 1282 3004 inventum
1307 2965 1426 3004 esse
1453 2949 1608 3012 dicit,
1639 2951 1778 3012 apud
1811 2965 1970 3018 quem

374 3019 596 3091 Ulysses
630 3018 948 3073 Phaeacibus
977 3019 1253 3091 valedicil.
1295 3022 1366 3074 At
1415 3019 1621 3073 Natalis
1654 3019 1970 3088 Cumes,qtti

370 3089 725 3143 Menandrum
755 3091 1032 3144 rhetorem
1066 3089 1121 3144 in
1166 3089 1420 3144 Latinum
1456 3106 1761 3144 sermonem
1789 3101 1971 3145 trans-

373 3160 516 3224 tulit,
549 3161 909 3214 συντακτικδν
937 3159 1097 3229 λόγον
1148 3162 1314 3216 vertit
1357 3162 1722 3230 adjunctivam
1764 3163 1971 3213 oration

371 3247 514 3294 nem,
560 3241 614 3284 et
646 3232 808 3286 verba
845 3231 934 3283 illa
966 3247 1086 3297 qua:
1119 3231 1308 3292 citavi,
1333 3231 1362 3283 ὁ
1397 3231 1850 3300 συνταττόμενος,
1889 3233 1970 3284 itt-

371 3310 706 3370 terpretatur
755 3300 1077 3368 adjuugens,
1127 3310 1232 3355 etc.
1294 3301 1412 3366 Quo
1466 3301 1597 3354 nihil
1635 3301 1759 3368 tingi
1793 3311 1970 3368 potest

371 3371 628 3438 ineptius.
661 3371 822 3436 Atqui
849 3370 1239 3424 συντάττεσθαι
1283 3371 1492 3423 Graecis
1521 3379 1601 3423 est
1638 3371 1965 3426 valedicere.

371 3439 674 3509 Hesychius
709 3439 1140 3505 ιΣυντάξασθαι,
1169 3440 1544 3494 ἀσπάσασθαι.
1581 3440 1674 3494 Sic
1707 3441 1971 3495 Eusebius

370 3511 691 3580 usurpatkin
723 3509 833 3563 ﬁne
885 3511 1045 3577 hujus
1077 3513 1297 3580 capitis,
1332 3518 1389 3564 et
1441 3513 1493 3564 in
1549 3512 1689 3563 libro
1728 3525 1742 3562 ι
1778 3512 1871 3564 tibi
1903 3515 1970 3566 de

370 3577 552 3635 morie
586 3577 895 3651 Constantii
935 3577 1440 3651 Chlori'loquitur.
1482 3581 1805 3651 llujusmodi
1843 3599 1970 3633 ora-

374 3651 448 3703 tio
488 3659 666 3704 exstat
709 3649 955 3717 Gregorii
1005 3649 1361 3717 Nazianzeni,
1395 3649 1578 3705 habita
1622 3652 1674 3704 itt
1707 3666 1967 3706 consessu

373 3731 590 3792 centum
634 3729 691 3774 et
747 3721 1140 3792 quinquaginta
1186 3723 1608 3792 episcoporum,
1667 3737 1792 3791 qum
1845 3739 1970 3776 συν-

369 3791 664 3862 τακτήριος
689 3792 850 3859 λόγος
878 3791 1235 3855 ἰιιεειηίὺὶιιιιυζ
1267 3794 1410 3859 quod
1456 3793 1596 3846 idem
1633 3804 1716 3847 est
1743 3807 1808 3846 ac
1839 3810 1968 3848 συν-

370 3861 648 3932 τακτικός.
683 3865 743 3917 1η
769 3862 1168 3932 hacsiquidem
1203 3865 1451 3917 oratione
1483 3863 1780 3932 Gregorius
1815 3865 1966 3919 vale-

373 3933 510 4006 t_lic_it
555 3931 815 4006 Ecclesiae
853 3931 1499 4006 anstantinopolitanaa.
1570 3931 1739 4006 [tecte
1791 3935 1970 4006 igitur

372 4001 592 4074 Suidas;
603 4003 826 4074 scribit:
853 4002 1274 4074 Συντακτήριος,
1304 4002 1680 4068 συντακτικός.
1699 4002 1806 4059 Sed
1827 4001 1969 4074 quod

374 4071 521 4125 idem
540 4071 758 4146 _Suidas
789 4074 944 4146 addit
969 4071 1262 4146 Origenem
1288 4076 1493 4146 dictum
1515 4089 1637 4146 esse
1661 4071 1971 4146 συντακτή-

375 4159 512 4216 ριον,
540 4143 698 4212 longe
730 4142 961 4216 fallitur,
992 4144 1298 4216 συντακτης
1325 4145 1470 4198 enim
1493 4145 1688 4216 dictus
1721 4156 1807 4201 est
1837 4142 1966 4203 Ori-

373 4214 545 4286 genes
572 4223 719 4286 teste,
744 4214 1074 4286 Epiphanio,
1102 4229 1208 4268 non
1229 4214 1652 4286 euvrax'rﬁptog.

445 4283 729 4407 (8Ι)ἐΠερὶ
755 4284 993 4340 πολλοῦ
1022 4283 1384 4354 τιμωμένων.
1415 4283 1608 4340 Melius
1634 4285 1971 4342 scriberetur

445 4371 560 4407 ιωυ.
593 4372 738 4407 νους.

369 4371 424 4408 τι
431 4371 738 4418 μωμενους.

431 4372 738 4445 μωμενους.
798 4426 852 4444 Μ
1199 4425 1210 4441 ν
1433 4426 1459 4438 η
1817 4428 1828 4440 ⁸

445 4427 560 4497 (82)
615 4428 703 4482 ον
725 4439 1000 4494 μαλιστα
1026 4424 1102 4481 τὰ
1129 4441 1326 4480 παντα
1364 4426 1512 4484 δειν.
1549 4425 1750 4482 Deesse
1780 4430 1970 4483 viden-

378 4504 464 4550 tur
493 4497 776 4550 nonnulla.
810 4497 956 4551 Sane
993 4498 1047 4551 hi
1076 4497 1197 4550 libri
1229 4497 1476 4567 pluribus
1523 4499 1575 4550 in
1612 4497 1746 4552 locis
1790 4500 1964 4552 mutili

375 4574 522 4630 sunt,
559 4567 746 4634 utjam
780 4567 1071 4634 aliquoties
1100 4569 1432 4623 notavimus.
1471 4569 1569 4622 llic
1603 4567 1784 4634 autem
1819 4568 1966 4624 locus

2077 631 2307 684 vocavit.
2323 632 2566 698 Cumque
2583 631 2857 694 adessent,
2878 642 2974 684 eos
2990 625 3505 692 admonuitutpaeis
3521 625 3661 680 inter

2075 738 2136 778 se
2163 723 2448 779 servanda;
2475 723 2702 777 studiosi
2730 731 2934 789 essent,
2966 729 3023 776 et
3059 721 3384 791 pervicaces
3429 730 3658 773 conten-

2076 816 2251 870 tiones
2283 814 2571 886 l‘ugerent;
2615 829 2714 870 nec
2751 813 3065 867 inviderent
3103 813 3150 866 si
3187 812 3310 880 quis
3341 812 3482 866 inter
3518 814 3662 882 ipsos

2075 906 2369 975 episcopus
2413 905 2697 974 sapientiae
2743 912 2800 958 et
2849 903 3122 957 facundiae
3180 902 3337 958 laude
3385 902 3659 960 ﬂoreret:

2074 996 2169 1051 sed
2195 995 2631 1064 uniuscujusque
2654 994 2913 1049 virtutem
2947 1009 3240 1048 commune
3279 994 3521 1048 omnium
3562 995 3660 1047 bo-

2074 1104 2202 1143 num
2237 1101 2362 1143 esse
2387 1087 2765 1142 existimarent
2799 1105 2812 1141 :
2855 1103 2994 1142 neve
3031 1087 3064 1140 ii
3111 1085 3206 1156 qui
3253 1087 3664 1156 praestantiorcs

2073 1189 2223 1248 sunt,
2257 1195 2423 1250 supra
2454 1179 2744 1235 inferiores
2769 1193 2891 1234 sese
2916 1179 3174 1236 eﬂerreat
3201 1196 3214 1232 :
3250 1177 3343 1232 Dei
3370 1176 3514 1231 enim
3541 1191 3664 1231 esse

2075 1275 2144 1330 de
2177 1289 2306 1328 vera
2364 1273 2631 1343 cujusque
2684 1273 2886 1328 virtute
2931 1287 2996 1325 ac
3033 1271 3347 1341 praestantia
3391 1269 3660 1337 judicare.

2078 1367 2279 1421 Decere
2310 1366 2511 1436 potius,
2548 1372 2608 1418 ιιι
2641 1365 3057 1432 praestantiores
3117 1362 3510 1417 inﬁrmioribus
3545 1375 3665 1416 sese

2079 1458 2498 1513 accommodent
2523 1471 2646 1512 cum
2677 1457 3012 1526 indulgentia
3031 1455 3266 1525 quadam
3301 1469 3366 1509 ac
3393 1454 3618 1510 lenitate
3647 1471 3660 1508 :

2074 1547 2378 1620 praesertim
2420 1561 2544 1601 cum
2577 1545 2884 1600 absolutum
2915 1544 3172 1600 omnibus
3222 1544 3469 1599 numeris
3504 1547 3665 1614 quid-

2075 1639 2218 1707 piam
2249 1637 2490 1707 reperire
2518 1653 2743 1706 prorsus
2776 1635 3152 1692 dilﬁcillimum
3181 1637 3271 1693 sit.
3301 1635 3488 1708 Itaque
3519 1638 3666 1708 ipsos

2077 1739 2210 1794 levis
2241 1738 2471 1793 aliormn
2506 1737 2688 1793 delicti
2734 1747 2924 1792 mutuo
2958 1738 3178 1792 veniam
3239 1737 3558 1808 indulgere;
3612 1747 3667 1793 et

2074 1844 2334 1914 quidquid
2367 1842 2681 1898 humanitus
2709 1853 2997 1912 peccatum
3030 1841 3122 1908 sit,
3149 1842 3462 1898 condonare
3496 1857 3666 1911 opor-

2079 1961 2214 2016 tere,
2251 1965 2505 2021 magnam
2548 1963 2764 2019 semper
2820 1948 3088 2003 rationem
3149 1945 3414 2003 habentes
3466 1957 3668 2002 mutuae

2076 2058 2428 2114 concordite:
2477 2070 2544 2111 ne
2572 2055 2714 2110 forte
2763 2053 2892 2109 dum
2922 2053 3025 2124 ipsi
3061 2053 3206 2109 inter
3255 2067 3316 2108 se
3367 2053 3667 2109 seditiones

2075 2166 2306 2235 agitant,
2339 2163 2407 2218 iis
2433 2164 2526 2234 qui
2552 2163 2794 2220 divinam
2833 2163 3010 2234 legem
3045 2161 3351 2216 maledictis
3389 2160 3667 2215 incessere

2075 2273 2251 2343 parati
2280 2282 2430 2337 sunt,
2479 2270 2692 2326 ridendi
2754 2271 3066 2340 praebeatur
3124 2269 3364 2325 occasio.
3423 2267 3664 2334 Quorum

2075 2389 2254 2434 tamen
2284 2377 2580 2435 maximam
2614 2376 2885 2432 rationem
2911 2375 2979 2430 ab
3005 2374 3140 2445 ipsis
3175 2372 3482 2429 habendam
3509 2386 3663 2436 esse;

2075 2599 2467 2669 deprehendet.
2503 2597 2703 2652 Eodem
2756 2595 3081 2669 referendus
3137 2603 3222 2650 est
3258 2595 3412 2669 locus
3444 2594 3665 2669 Eusebii

2077 2674 2128 2726 in
2151 2665 2332 2740 capite
2362 2669 2430 2724 56
2458 2669 2614 2736 hujus
2645 2667 2794 2740 libri,
2824 2666 3019 2740 ubiait
3041 2665 3474 2740 constantinum
3504 2667 3669 2740 impe-

2077 2736 2312 2796 ratorem
2352 2755 2604 2808 magnam
2659 2739 2768 2792 vim
2822 2738 2943 2791 auri
3000 2736 3254 2792 ecclesiis
3295 2737 3552 2808 donasse
3596 2739 3664 2790 ad

2075 2827 2384 2883 pauperum
2446 2807 2784 2883 alimoniam,
2856 2823 2980 2883 eum
3043 2822 3243 2883 omnes
3291 2807 3664 2883 hornines‘ad

2075 2878 2478 2950 suscipiendam
2529 2881 2790 2934 salutaris
2850 2879 2972 2932 [idei
3023 2878 3330 2950 doctrinam
3365 2878 3467 2950 hac
3496 2878 3667 2932 etiam

2076 2948 2291 3006 ratione
2341 2953 2574 3006 invitare
2631 2951 2830 3015 vellet;
2885 2949 3138 3018 exemplo
3193 2948 3461 3017 Apostoli,
3487 2950 3579 3016 qui
3613 2950 3665 3002 in

2079 3024 2316 3093 Epistola
2349 3024 2414 3076 ad
2450 3019 2976 3093 Philippensesltaee
3005 3021 3083 3072 ait
3113 3035 3127 3070 :
3170 3020 3393 3093 Siteper
3423 3018 3664 3093 orc_iuio--

2075 3086 2214 3159 item,
2248 3095 2354 3147 sive
2382 3108 2475 3160 per
2506 3086 2781 3145 verit—atem
2815 3089 3060 3160 Christus
3086 3091 3455 3160 annuntietur.
3484 3086 3667 3160 Porro

2076 3166 2132 3219 in
2166 3155 2268 3218 nis.
2317 3155 2478 3216 codd.
2527 3160 2665 3215 Fuk.
2719 3170 2774 3214 et
2828 3159 3026 3222 Savil.,
3090 3169 3142 3211 et
3173 3159 3223 3210 in
3257 3155 3493 3210 Turuebi
3527 3158 3666 3213 libro

2079 3247 2222 3291 Intus
2273 3235 2362 3288 hic
2409 3234 2558 3286 |0eus
2586 3233 2658 3283 ita
2687 3231 2949 3284 scribitur
2982 3246 2995 3281 :
3029 3228 3137 3293 Οὓς
3185 3229 3278 3281 καὶ
3314 3226 3668 3297 μάλιστατδεῖ

2075 3305 2333 3376 σωθῆναν
2366 3303 2465 3376 οὐκ
2518 3301 2777 3355 ἀδύνατον
2804 3299 2912 3372 γὰρ
2966 3301 3016 3376 ei
3042 3300 3110 3376 τὲι
3132 3298 3252 3352 καθ’
3288 3299 3436 3376 ἡμᾶς
3470 3299 3666 3362 αὐτοὺς

2074 3370 2294 3448 ζηλωτὰ
2338 3375 2630 3448 φαίνοιντο·
2661 3387 2801 3448 quae
2845 3370 2963 3425 stne
2987 3371 3150 3423 dubio
3177 3370 3528 3448 _verailectxo
3555 3380 3659 3448 est.

2075 3439 2142 3502 ld'
2160 3439 2366 3499 tantum
2393 3442 2672 3498 emendari
2696 3439 2886 3511 velim,
2924 3451 2982 3494 ut
3011 3455 3106 3507 pro
3136 3441 3238 3493 οὐκ
3267 3439 3530 3511 ἀδύνατον
3553 3439 3663 3511 γάρ

2073 3519 2350 3571 scribatur
2379 3515 2480 3568 οὐκ
2505 3512 2769 3566 ἀδύνατον
2796 3510 2876 3575 δέ,
2912 3521 2968 3566 et
2999 3523 3184 3580 postea
3215 3527 3315 3581 pro
3343 3510 3418 3582 μὴ
3447 3510 3665 3578 ἀγνοεῖν

2077 3589 2284 3660 legatur
2317 3585 2392 3657 μὴ
2423 3587 2638 3660 ἀγνοεῖν
2667 3583 2796 3660 γάρ.

2146 3654 2283 3726 (8‘2')
2321 3654 2612 3724 fremit-at

2073 3730 2215 3784 idem
2247 3723 2354 3792 est,
2384 3729 2528 3797 quod
2553 3725 2810 3797 salutaris
2841 3724 2982 3797 tidei
3003 3723 3660 3797 doctrinampercipere,

2072 3799 2349 3868 quomodo
2405 3791 2644 3868 sumitur
2672 3795 2819 3868 apud
2847 3793 3103 3868 Paulum,
3153 3793 3243 3847 ubi
3280 3793 3451 3868 -dicit_
3481 3791 3659 3868 ‘Deum

2075 3861 2212 3924 velle
2234 3885 2424 3925 omnes
2455 3861 2721 3922 homines
2741 3864 2926 3920 salvos
2960 3863 3097 3927 ﬁeri,
3142 3872 3198 3918 et
3227 3861 3295 3916 ad
3329 3863 3659 3932 agnitionem

2076 3939 2325 3994 veritatis
2361 3939 2549 3993 venire
2575 3935 2624 4007 (1
2651 3933 2799 4007 _Tim.
2833 3950 2895 3998 It,
2927 3933 3005 4003 4).
3047 3935 3146 4007 list
3173 3934 3276 4007 hoc
3327 3933 3552 4007 verbum
3591 3933 3658 3987 in

2071 4026 2137 4066 eo
2164 4025 2327 4066 sensu
2345 4003 2619 4080 proprium
2639 4003 3296 4080 Christiana:_rel_igiouis_.
3318 4003 3448 4080 _Quo
3476 4013 3657 4080 tamen

2072 4083 2155 4136 usi
2193 4073 2510 4157 semenstri
2545 4074 3360 4157 posteriorisﬁaaviphilosophi,
3391 4083 3449 4129 ut
3480 4073 3656 4145 legere

2073 4151 2296 4206 memini
2329 4152 2383 4204 itt
2410 4143 2830 4205 Commentariis
2861 4143 3041 4200 Procli
3067 4148 3122 4198 in
3163 4143 3442 4198 Timaeum.

2144 4222 2257 4293 (85)
2291 4220 2388 4289 Μὴ
2445 4217 2818 4293 ἀμφιγιῖοεῒιτ.
2865 4216 3223 4293 Soribendum
3255 4217 3432 4293 potius
3478 4213 3553 4286 μή
3598 4230 3657 4270 τε

2071 4285 2423 4365 ἀμφιγνοεῖν,
2460 4285 2974 4365 εἶῲιιὶιιξξθξιάοηδεῖν
3013 4287 3157 4357 quod
3181 4285 3342 4365 patilo
3371 4297 3496 4365 ante
3519 4285 3655 4354 prae-

2071 4354 2257 4418 cessit.
2297 4354 2418 4418 Sed'
2438 4362 2610 4416 codex
2655 4357 2869 4414 Fuketii
2914 4354 3096 4410 veram
3149 4354 3310 4410 nobis
3371 4354 3655 4409 lectionem

2072 4437 2288 4502 aperuit
2329 4433 2388 4488 in
2448 4446 2555 4498 quo
2591 4430 2798 4502 legitur,
2825 4427 2902 4501 μὴ
2931 4427 3150 4502 ἀγνοεῖν
3199 4424 3244 4479 δ’
3301 4424 3447 4502 ῥμᾶς
3503 4420 3654 4502 cipe;

2073 4496 2171 4573 ὥς,
2203 4513 2314 4558 etc.
2367 4496 2548 4571 Atque
2599 4496 2677 4556 ita
2732 4496 2903 4573 etiam
2931 4496 3228 4573 Turnebus
3247 4496 3496 4573 aderam
3531 4496 3652 4550 libri

2072 4565 2168 4628 sui
2208 4565 2527 4629 emendafat
2555 4585 2622 4625 ex
2654 4585 2756 4625 ms.
2784 4569 2995 4624 codice.
3022 4597 3092 4608 —
3125 4565 3260 4620 Aliis
3284 4565 3483 4634 placet,
3522 4580 3656 4621 voce

375 4652 482 4690 non
510 4627 888 4714 incommode
932 4637 1015 4714 ita
1079 4637 1320 4714 suppleri
1352 4647 1538 4714 potest
1559 4655 1582 4714 ξ
1615 4632 1708 4714 ὧν-
1731 4639 1966 4714 μάλιστα

2071 4627 2180 4698 δεῖν
2221 4627 2352 4698 ante
2382 4643 2624 4714 σωθῆναι
2659 4641 2855 4706 deleta,
2887 4637 2962 4711 μὴ
2983 4637 3092 4691 δεῖν
3111 4627 3437 4708 ἀμφιγνοεῖν
3457 4627 3652 4707 legere.

375 4709 624 4778 προνοεῖν
660 4707 828 4778 ἡμᾶς,
859 4706 956 4760 καὶ
991 4702 1165 4760 ποιεῖν
1185 4702 1258 4761 τὰ
1292 4702 1472 4764 πάντα
1499 4708 1631 4763 δεῖν.
1670 4702 1793 4763 ΙΙιΞό
1821 4713 1964 4765 enim

374 4779 442 4850 de
491 4781 718 4850 paganis
750 4779 1028 4850 dicuntur,
1079 4778 1146 4832 de
1206 4781 1403 4848 quibus
1452 4783 1698 4850 proxime
1753 4779 1966 4836 locutus

373 4845 1016 4908 fuerat'Ctiustautiuus,
1075 4845 1397 4903 cum—dixit
1441 4845 1466 4904 ί
1503 4852 1615 4913 τοῖς
1669 4850 1764 4902 τὸν
1822 4850 1963 4906 θεῖον

376 4916 716 4992 βλασφημεῖν
732 4917 904 4992 νόμον
937 4919 1505 4992 παρεσκευασμένοις.
1531 4923 1792 4992 AAitAergo
1824 4922 1964 4976 Con-

373 4990 650 5060 stantinus
678 4989 744 5040 ad
801 4990 1113 5060 episcopos,
1170 4989 1476 5045 cavendum
1527 4990 1776 5060 inprimis
1817 5008 1958 5058 esse,

373 5072 442 5112 ne
476 5073 543 5112 ex
578 5058 820 5126 ipsorum
853 5059 1288 5116 dissensionibus
1319 5061 1385 5114 ad
1411 5058 1863 5116 contemnendam
1895 5081 1961 5118 ac

371 5129 728 5200 deridendam
763 5127 1207 5183 Christianorum
1240 5130 1559 5198 religionem
1597 5141 1961 5200 provocentur

371 5199 591 5269 pagani.
626 5199 823 5252 Eorum
848 5201 994 5253 enim
1029 5201 1322 5254 maximam
1357 5216 1552 5256 curam
1599 5199 1666 5256 ac
1693 5203 1959 5257 sollicitu-

370 5271 554 5342 dinem
589 5284 782 5342 gerere
806 5283 905 5324 nos
934 5280 1212 5342 oportere,
1235 5271 1529 5342 omniaque
1554 5286 1736 5342 agere.
1763 5273 1958 5342 quibus

371 5339 440 5392 ad
482 5353 668 5394 veram
705 5340 866 5410 tidem
913 5355 978 5394 ac
1023 5340 1252 5395 salutem
1287 5339 1500 5410 possint
1543 5339 1810 5398 revocari.
1848 5345 1954 5400 Eos

371 5422 505 5482 vero
527 5411 733 5482 servari
766 5409 927 5464 facile
964 5425 1146 5480 posse,
1183 5420 1238 5466 et
1269 5409 1336 5482 ad
1385 5413 1718 5482 agnitionem
1754 5416 1954 5468 verita-

372 5481 444 5532 tis
475 5481 785 5547 pervenire,
815 5482 862 5534 si
895 5497 983 5536 res
1022 5493 1222 5535 nosme
1267 5481 1374 5538 illis
1399 5481 1571 5537 beata:
1601 5493 1655 5536 et
1683 5485 1954 5538 admiran-

372 5549 453 5603 dae
481 5551 791 5624 videantur.
813 5551 1045 5624 Proinde
1072 5567 1513 5624 unumquemque
1541 5555 1758 5610 illorutn
1787 5558 1952 5611 variis

371 5619 549 5675 modis
598 5630 760 5694 atque
810 5623 1021 5677 artibus
1075 5619 1440 5679 alliciendum'
1480 5639 1604 5680 esse
1648 5627 1718 5680 ad
1769 5637 1951 5694 partes

373 5697 609 5768 nostras.
644 5693 824 5768 Utitur
845 5694 1040 5768 deinde
1073 5695 1324 5763 exemplo
1367 5695 1724 5768 medicorum,
1766 5693 1859 5766 qui
1891 5709 1950 5751 ut

373 5761 826 5839 aegrisrusalotem
885 5766 1200 5839 restituant,
1241 5761 1436 5820 Somnia
1488 5761 1948 5839 excogitauiqua:

376 5828 480 5907 illis
506 5830 656 5883 utilia
687 5832 800 5907 fore
824 5835 1072 5887 credunt.
1105 5828 1231 5890 Haec
1257 5848 1404 5890 certe
1434 5851 1538 5890 non
1570 5828 1946 5892 infellexerunt

380 5903 723 5970 interpretes,
763 5903 817 5958 in
874 5918 1104 5972 quorum
1154 5907 1399 5963 versione
1427 5910 1597 5964 lector
1626 5908 1728 5962 alia
1759 5912 1942 5966 omnia

2071 4716 2227 4770 Ent'r.

2139 4789 2251 4860 (84)
2282 4786 2439 4854 Vulg.
2468 4782 2968 4860 ἐπικαιρούμενοι.
3023 4777 3257 4860 Verbum
3313 4777 3551 4860 insolens
3602 4790 3650 4860 et

2068 4847 2268 4911 novum
2313 4874 2327 4910 :
2367 4847 2465 4925 pro
2516 4871 2624 4923 quo
2661 4847 3023 4925 scribendum
3065 4849 3280 4902 videtur
3323 4847 3649 4925 ἐπικουρού-

2069 4946 2241 4999 μενοι.
2299 4921 2508 4982 Sensus
2534 4921 2726 4999 autem
2788 4924 2832 4999 is
2867 4921 3091 4999 omnino
3117 4929 3203 4999 est
3239 4933 3399 4988 quem
3430 4921 3484 4999 in
3529 4921 3648 4974 vero

2064 4988 2220 5055 sione
2250 5012 2370 5050 mea
2401 4995 2582 5065 posui.
2621 4995 2709 5050 Ait
2734 4994 2881 5047 enim
2906 4990 3299 5065 Constantinus
3321 4988 3493 5045 variis
3524 5005 3644 5044 cau-

2062 5071 2139 5125 sis
2177 5078 2238 5123 et
2265 5060 2650 5122 occasionibus
2685 5079 2928 5134 paganos
2957 5060 3024 5134 ad
3055 5060 3375 5128 religionem
3404 5071 3650 5134 nostram

2062 5140 2242 5194 solere
2292 5135 2563 5192 converti.
2616 5131 2780 5189 Alios'
2811 5148 2906 5202 spe
2956 5131 3346 5202 alimentorum
3385 5131 3542 5197 duci;
3579 5133 3639 5186 οι

2061 5211 2444 5278 eleemosynas
2496 5206 2707 5261 scilicet
2741 5200 3200 5278 Christianorum.
3248 5200 3402 5278 Alios
3428 5216 3526 5271 spe
3558 5217 3644 5278 pa:

2064 5272 2323 5345 trociniii
2353 5279 2424 5333 ob
2447 5272 2832 5346 episcoporum
2861 5274 3066 5330 scilicet
3091 5273 3509 5346 auctoritatem,
3554 5272 3648 5338 qui

2060 5354 2204 5420 apud
2232 5343 2616 5417 imperatorem
2640 5343 2698 5400 et
2721 5355 3022 5420 summates
3052 5343 3342 5420 plurimum
3371 5351 3646 5420 poterant,

2062 5413 2369 5494 προστασία
2421 5429 2511 5494 est
2552 5416 2917 5494 patrocinium
2966 5430 3066 5494 seu
3099 5413 3438 5484 suﬂ‘ragium,
3492 5419 3562 5494 ut.
3579 5415 3646 5466 ad

2059 5481 2410 5546 Ahnnianum
2463 5481 2834 5543 Marcellinum
2886 5485 3090 5551 natavi,
3131 5500 3240 5554 qua
3272 5481 3402 5536 voce
3452 5481 3647 5554 crebro

2058 5565 2234 5617 utitur
2284 5561 2528 5616 Joannes
2579 5560 3029 5629 Chrysostomus.
3077 5550 3167 5608 'ln'
3201 5554 3407 5623 optimo
3459 5550 3646 5629 codice

2059 5633 2359 5687 Fuketiano
2382 5634 2535 5686 deest
2572 5645 2676 5684 vox
2695 5619 3179 5699 ἓτεικαιρούμενοι,
3214 5619 3467 5699 totusqoe
3492 5619 3644 5675 locus

2057 5705 2134 5777 ita
2169 5704 2368 5777 legitur
2397 5719 2410 5756 :
2437 5703 2488 5755 οἱ
2539 5701 2637 5772 μὲν
2666 5701 2775 5777 γάρ
2803 5700 2878 5777 ᾡς
2905 5690 3070 5777 ’πρὸς
3095 5691 3300 5777 τροφὴν
3331 5690 3640 5777 χαίρουσιν·

2151 5760 2382 5900 ξὲυτοὺς
2443 5760 2777 5846 πρόστασίοίς
2839 5760 3272 5839 ὲ-πειλημμένους
3323 5760 3643 5832 ὑποτρέχειν

2055 5863 2146 5899 ειω
2184 5862 2323 5900 ασιν.

2052 5863 2075 5898 ε
2085 5862 2248 5900 ιωυασ
2258 5862 2323 5900 ιν.

2706 3650 3038 3722 υιταμένων.
3092 3651 3204 3706 lloc
3255 3651 3377 3707 loco
3424 3650 3663 3723 σωθῆναι
3741 3722 3744 3723 ν
