4186 6396
520 416 660 475 1085
1268 419 1543 478 EUSEBII
1586 417 2080 477 CESARIENSlS
2113 418 2264 476 OPP.
2311 419 2490 474 PARS
2530 420 2665 475 1.-
2695 417 3090 475 HlSTORlCA.
3667 421 3798 474 1081

519 536 717 605 quippe
745 551 867 591 cum
903 536 1066 592 facile
1105 540 1310 594 servari
1341 540 1573 611 possint,
1626 542 1671 597 si
1699 556 1762 595 ea
1790 556 1910 610 quae
1959 540 2100 611 apud
2130 552 2172 603 Α

2146 552 2176 602 ι
2206 539 2426 605 ξιώσεσι
2487 539 3009 611 φιλοφρονουμένους
3068 539 3424 604 ἀσπάζονται,
3467 538 3565 594 καί⁵
3614 537 3799 605 ξενίοις

519 642 622 683 nos
649 638 934 699 geruntur,
969 630 1075 686 illis
1098 631 1299 686 eximia
1348 641 1403 686 et
1430 632 1747 687 admiranda
1798 631 2105 687 videantur.

2215 627 2515 700 τιμώμενοι
2575 629 2863 697 ἀγαπῶσιν
2925 629 3124 701 ἕτεροι⁸
3164 628 3385 700 βραχεῖς
3439 629 3485 682 δ’
3529 631 3577 682 οἱ
3633 627 3801 695 λόγων

519 717 705 790 Neque
757 736 886 776 vero
921 722 1052 791 ipsis
1108 723 1402 778 obscurum
1436 738 1585 789 esse,
1648 738 1965 778 sermonum
2014 738 2109 778 co-

2215 720 2433 790 ἀληθῶν
2482 719 2700 790 ἀληθεῖς
2758 719 2869 791 (85)
2922 720 3170 792 ἐρασταὶ,
3218 722 3313 775 καὶ
3357 721 3585 785 σπάνιος
3644 716 3713 774 αὖ
3776 721 3803 773 ὁ

522 814 671 885 piam
706 815 1131 885 haudquaquam
1182 815 1436 870 omnibus
1469 814 1782 871 hominibus
1813 814 2106 868 utilitatem

2212 810 2315 881 τῆς
2376 811 2633 882 ἀληθείας
2694 811 2866 882 φίλος.
2935 811 3026 865 Διὸ
3084 812 3222 884 πρὸς
3274 814 3483 876 πάντας
3535 813 3804 883 ἁρμόττε-

517 898 733 962 affer-re.
771 908 874 962 Alii
907 909 1051 962 enim
1085 916 1346 977 tanquam
1380 907 1448 962 ad
1484 908 1652 962 vitam
1689 907 2104 961 sustentandam

2215 903 2341 958 σθαι
2379 904 2478 968 δεῖ,
2519 903 2702 975 ἰατροῦ
2720 905 2875 977 δίκην
2898 906 3115 975 ἑκάστῳ
3141 902 3212 958 τὰ
3235 903 3488 976 λυσιτελῆ
3521 906 3660 978 πρὸς
3690 922 3798 959 σω-

515 998 800 1054 commoda
851 1000 954 1054 sibi
993 996 1333 1066 suppeditari
1367 996 1608 1067 gaudent
1646 1015 1659 1050 :
1699 997 1789 1050 alii
1820 998 1887 1050 ad
1920 1005 2107 1066 patro-

2202 1012 2269 1066 τη
2283 995 2404 1067 ρίαν
2432 997 2824 1069 ποριζομένους
2842 1015 2855 1028 ·
2891 997 3022 1053 ὥστ’
3045 1001 3104 1067 ἐξ
3133 1000 3374 1064 ἅπαντος
3404 1000 3503 1071 τὴν
3530 1001 3799 1072 σωτήριον

516 1091 719 1145 ciuium
741 1090 918 1146 solent
951 1090 1265 1159 confugere.
1293 1088 1526 1155 Quidam
1555 1103 1693 1143 eosa
1720 1088 1923 1158 quibus
1949 1088 2105 1144 beni-

2204 1087 2359 1159 παρά
2395 1089 2507 1152 τοῖς
2530 1090 2663 1141 πᾶσι
2691 1088 3013 1156 δοξάζεσθαι
3038 1091 3405 1146 διδασκαλίαν.
3438 1092 3676 1146 Τοιαῦτα
3701 1093 3798 1162 μὲν

517 1197 621 1255 gae
649 1183 996 1252 excipiuntur
1023 1180 1300 1250 diligunt;
1333 1179 1586 1234 nonnulli
1618 1179 1960 1235 munusculis
2004 1181 2103 1235 ho-

2201 1179 2262 1232 ἐν
2292 1177 2530 1253 πρψτοις
2551 1180 2819 1254 παρῄνει·
2850 1184 3005 1248 τέλος
3042 1183 3089 1237 δ’
3121 1186 3382 1249 ἐπετίθει,
3407 1185 3506 1249 τὰς
3531 1185 3671 1256 ὑπὲρ
3700 1187 3800 1240 αὑο

515 1273 717 1336 norati,
744 1272 812 1327 ad
840 1270 1142 1325 amicitiam
1176 1270 1469 1324 iucundam
1520 1270 1894 1341 impelluntur.
1936 1270 2101 1325 Pauci

2200 1270 2295 1324 τοῦ
2345 1270 2481 1341 πρὸς
2528 1273 2623 1326 τὸν
2657 1274 2789 1328 Θεὸν
2830 1277 3111 1349 ἱκετηρίας
3153 1278 3606 1350 ἐσπουδασμένως
3629 1280 3801 1333 ποιεῖ-

516 1363 809 1417 admodum
831 1373 960 1417 sunt
982 1362 1095 1417 veri
1128 1375 1443 1415 sermonum
1481 1370 1756 1416 amatores
1778 1380 1791 1416 :
1815 1377 1912 1416 nec
1946 1361 2111 1418 facile

2209 1363 2353 1417 σθαι.
2378 1364 2534 1418 Οῦτω
2564 1365 2628 1437 δὴ
2655 1367 3079 1440 συνταξάμενος,
3097 1372 3189 1425 ἐπὶ
3209 1370 3277 1425 τὰ
3304 1372 3454 1441 σφῶν
3479 1372 3655 1425 οἰκεῖα
3673 1374 3801 1437 τοὺς

515 1455 813 1520 invenitur,
847 1455 938 1524 qui
977 1457 1229 1511 veritatis
1258 1454 1535 1510 studiosus
1560 1454 1656 1507 sit.
1685 1454 1857 1518 Quam
1884 1455 1953 1509 ob
1977 1469 2110 1508 cau-

2206 1452 2419 1519 πάντας
2457 1457 2738 1512 ἐπανιέναι
2779 1461 2964 1529 ἠφίει·
2995 1463 3043 1514 οἱ
3077 1461 3124 1514 δ’
3149 1461 3454 1533 ἐπανῄεσαν
3489 1463 3586 1517 σὺν
3614 1463 3802 1535 εὐφρο-

515 1560 632 1600 sam
661 1546 916 1602 omnibus
965 1560 1085 1601 sese
1115 1546 1530 1600 accommodare
1553 1551 1791 1613 Oportet,
1823 1552 1880 1597 et
1933 1546 2108 1605 instar

2207 1546 2363 1620 σύνῃ,
2393 1548 2616 1620 ἐκράτει
2649 1567 2709 1603 τε
2737 1551 2926 1605 λοιπὸν
2969 1553 3121 1623 παρά
3147 1555 3262 1617 τοῖς
3287 1556 3423 1608 πᾶσι
3455 1553 3552 1625 μία
3583 1552 3798 1625 γνώμη.

513 1637 715 1691 medici
753 1636 1038 1705 cujusdam
1096 1651 1159 1691 ea
1197 1642 1322 1705 quas
1361 1634 1429 1689 ad
1483 1632 1907 1703 uniuscujusque
1962 1634 2111 1689 salu-

2207 1641 2343 1709 παρ’
2403 1639 2554 1711 αὑτῷ
2606 1640 2820 1712 βασιλεῖ
2881 1644 3322 1715 συμφωνηθεῖσα,
3383 1644 3803 1716 συναπτομένων

516 1733 625 1782 tem
657 1726 808 1781 utilia
843 1737 968 1782 sunt
990 1726 1434 1786 subministrare,
1468 1732 1527 1777 ut
1552 1723 1812 1778 salutaris
1841 1726 2096 1779 doctrina

2205 1727 2396 1801 ὥσπερ
2442 1732 2528 1801 ἐφ’
2563 1734 2643 1787 ἐνί¹
2669 1733 2901 1805 σώματι,
2932 1735 3043 1789 τῶν
3071 1726 3142 1790 ἐκ
3183 1737 3394 1810 μακροῦ
3433 1737 3800 1809 διῃρημένων.

515 1817 663 1873 omni
693 1834 759 1872 ex
787 1826 939 1884 parte
974 1819 1042 1873 ab
1090 1819 1348 1885 omnibus
1379 1819 1698 1872 honoretur.
1730 1816 1795 1872 Et
1822 1818 1939 1872 haec
1973 1819 2193 1888 quidem
2257 1823 2435 1891 primo
2484 1826 2605 1880 loco
2673 1828 2977 1895 imperator
3037 1828 3117 1884 eis
3180 1829 3459 1899 praecepit.
3506 1830 3588 1884 Ad
3623 1841 3806 1886 extre-

515 1925 663 1964 mum
687 1925 821 1966 vero
868 1909 1087 1978 adjecit,
1127 1919 1187 1965 ut
1249 1924 1349 1977 pro
1421 1923 1482 1963 se
1541 1923 1758 1978 quoque
1808 1923 1999 1979 preces
2045 1911 2112 1965 ad
2153 1911 2321 1967 Deum
2380 1916 2574 1973 sedulo
2639 1918 2905 1974 facerent.
2938 1919 3075 1975 Cum
3106 1921 3158 1974 in
3188 1899 3334 1977 hunc
3362 1922 3577 1976 modum
3608 1923 3686 1976 cis
3714 1938 3807 1976 va-

514 1999 818 2068 ledixisset,
865 2002 1079 2057 cunctis
1141 2009 1266 2069 post
1295 2000 1413 2056 haec
1472 2001 1526 2055 in
1575 2002 1812 2071 patriam
1863 2004 2124 2060 redeundi
2191 2016 2511 2076 potestatem
2581 2011 2734 2068 fecit.
2763 2013 2839 2068 Illi
2890 2014 3058 2085 igitur
3104 2030 3315 2071 summa
3350 2031 3472 2070 cum
3530 2015 3808 2070 hilaritate

513 2093 732 2147 domum
765 2094 969 2149 reversi
1033 2101 1197 2159 sunt;
1255 2107 1319 2147 ac
1353 2094 1611 2163 deinceps
1659 2109 1768 2148 una
1826 2095 1968 2165 apud
2006 2110 2199 2152 omnes
2240 2100 2412 2155 valuit
2461 2104 2664 2174 opinio,
2732 2107 2835 2162 sub
2886 2107 3055 2176 ipsius
3119 2108 3465 2178 imperatoris
3516 2108 3804 2178 praesentia

513 2187 793 2241 communi
846 2187 1089 2242 omnium
1152 2201 1423 2242 consensu
1474 2189 1720 2255 firmata;
1753 2199 1879 2244 cum
1924 2189 1961 2244 ii
1989 2189 2081 2261 qui
2108 2191 2222 2262 jam
2271 2194 2474 2251 dudum
2504 2213 2533 2252 a
2562 2213 2620 2256 se
2654 2210 2839 2255 mutuo
2890 2200 3087 2256 divulsi
3149 2210 3325 2269 erant,
3354 2202 3408 2257 in
3448 2217 3614 2256 unum
3636 2200 3805 2256 veluti

513 2296 715 2349 corpus
744 2281 1097 2337 coaluissent.

974 2373 1145 2447 [.96
1189 2373 1421 2430 CAPUT
1469 2371 1633 2427 xxu.
2141 2383 2186 2439 Β

2141 2383 2186 2439 Β
2730 2375 3132 2430 ΚΕΦΑΔΑΙΟΝ
3178 2376 3307 2430 KB'.

517 2463 796 2530 Quomodo
828 2465 964 2521 alios
990 2469 1201 2537 quidem
1247 2468 1492 2520 hortatus
1537 2467 1622 2529 sit,
1654 2466 1723 2538 ad
1746 2466 1884 2520 alios
1931 2477 2107 2523 autem

2214 2468 2415 2531 Ὅπως
2451 2465 2560 2532 οὓς
2599 2464 2717 2535 μὲν
2754 2465 3163 2538 προέπεμψεν,
3202 2462 3295 2533 οἷς
3319 2466 3389 2520 δὲ
3428 2466 3674 2538 ἔγραψε,
3704 2464 3805 2521 καὶ

726 2536 1017 2604 scripserit,
1050 2548 1098 2591 et
1136 2539 1200 2590 de
1223 2538 1570 2606 pecuniarum
1612 2537 1889 2591 divisione.

1685 2539 1889 2591 uisione.
2671 2536 2993 2605 χρημάτων
3019 2536 3338 2604 διαδόσεις.

587 2622 766 2680 Tanto
790 2625 960 2694 igitur
987 2640 1241 2682 successu
1279 2625 1576 2693 imperator
1615 2625 1977 2693 exhilaratus,
2029 2626 2096 2681 iis

2283 2628 2505 2700 Χαίρων
2541 2628 2679 2699 δῆτα
2722 2628 2975 2699 βασιλεὺς
3005 2631 3099 2683 ἐπὶ
3131 2629 3210 2700 τῷ
3248 2628 3657 2702 κατορθώματι,
3692 2630 3806 2692 τοῖς

516 2714 611 2784 qui
643 2717 853 2787 synodo
875 2717 1099 2773 minime
1136 2716 1537 2782 interfuissent,
1567 2718 1937 2789 gratissimum
1990 2719 2108 2775 frn-

2216 2722 2293 2794 μὴ
2315 2720 2692 2792 παρατυχοῦσι
2722 2724 2790 2791 τῇ
2825 2721 3030 2792 συνόδῳ
3070 2722 3284 2793 καρπὸν
3309 2721 3509 2791 εὐθαλῆ
3535 2718 3806 2792 δεδώρητο

517 2823 664 2863 ctum
691 2823 790 2878 per
810 2809 1025 2864 litteras
1059 2810 1315 2879 praebuit.
1339 2808 1443 2866 Sed
1474 2818 1528 2865 et
1562 2812 1831 2866 universis
1862 2812 2104 2883 populis,

2211 2812 2280 2865 δι’
2307 2809 2608 2864 ἐπιστολῶν
2629 2826 2642 2840 ·
2691 2808 2844 2872 λαοῖς
2881 2810 2928 2862 θ’
2961 2810 3152 2869 ἅπασι,
3188 2813 3300 2874 τοῖς
3340 2828 3399 2863 τε
3445 2811 3565 2863 κατ’
3599 2810 3806 2880 ἀγροὺς

521 2909 630 2953 tam
668 2900 734 2955 iis
767 2901 857 2971 qui
893 2916 990 2970 per
1023 2916 1183 2970 agros
1209 2916 1370 2972 quam
1407 2904 1498 2973 qui
1539 2901 1593 2957 in
1631 2902 1860 2957 urbibus
1888 2903 2108 2958 habita-

2215 2905 2309 2959 καὶ
2335 2906 2449 2965 τοῖς
2471 2902 2614 2973 ἀμφὶ
2648 2900 2747 2965 τὰς
2769 2901 2974 2963 πόλεις,
3000 2918 3104 2972 χρη
3115 2900 3299 2971 μάτων
3336 2900 3600 2969 ἀφθόνους
3627 2899 3802 2953 διαδό-

519 2989 673 3054 bant,
701 3004 952 3060 magnam
983 2992 1227 3061 pecuniae
1260 2993 1372 3046 vim
1423 2993 1677 3048 distribui
1711 2992 1900 3061 jussit;
1931 2995 2112 3064 publi-

2220 3013 2334 3061 σεις
2372 2995 2641 3049 ποιεῖσθαι
2684 2992 3105 3064 παρεκελεύετο,
3149 2990 3253 3047 ὧδέ
3285 3012 3361 3065 πη
3401 2993 3676 3066 γεραίρων
3705 2991 3805 3064 τὴν

519 3099 640 3137 cam
670 3074 1026 3139 festivitatem
1065 3087 1135 3141 ob
1168 3086 1490 3142 vicesimum
1536 3087 1753 3158 imperii
1786 3088 1871 3150 sui
1905 3103 2108 3143 annum

1585 3087 1753 3158 nperii
1786 3088 1871 3150 sui
1905 3103 2108 3143 annum
2217 3088 2412 3160 ἑορτὴν
2439 3087 2538 3158 τῆς
2565 3085 2912 3149 εἰκοσαετοῦς
2944 3084 3238 3157 βασιλείας.

519 3176 620 3231 hac
653 3178 865 3234 ratione
890 3179 1308 3235 concelebrans.

1085 3271 1317 3328 CAPUT
1346 3270 1538 3327 XXIII.
2724 3260 2738 3312 Ῑ

2724 3257 3124 3312 ΚΕΦΑΛΑΙΟΝ
3174 3258 3302 3312 ΚΓθ.

522 3358 799 3425 Quomodo
830 3360 900 3414 ad
940 3359 1225 3436 Egyptios
1274 3361 1563 3436 scripserit,
1596 3375 1789 3432 eosque
1821 3361 1891 3414 ad
1929 3376 2113 3431 pacem

2219 3350 2424 3415 Ὅπως
2461 3349 2596 3418 περὶ
2641 3348 2887 3418 εἰρήνης
2932 3349 3280 3436 Α’ὶγυπτιοις
3313 3348 3540 3420 ἐγραψέ
3594 3367 3658 3404 τε
3710 3349 3812 3405 και

1125 3433 1369 3485 hortatus
1415 3433 1504 3485 sit.

2832 3433 3201 3490 παρῄνεσεν.

592 3521 795 3577 Verum
836 3522 1050 3578 cunctis
1087 3523 1229 3577 inter
1278 3538 1339 3576 se
1370 3538 1558 3594 pacem
1604 3523 1932 3589 colentibus,
1966 3522 2113 3594 apud

2300 3512 2460 3567 Ἀλλά
2493 3511 2605 3585 γὰρ
2646 3512 2905 3567 ἁπάντων
2949 3512 3405 3584 εἰρηνευομένων,
3435 3512 3617 3584 μόνοις
3639 3514 3810 3582 Δίγυ-

522 3611 670 3667 solos
699 3607 990 3684 Egyptios
1021 3613 1384 3685 implacabilis
1419 3615 1795 3671 contentionis
1827 3613 1986 3669 furor
2017 3628 2112 3669 ar-

2218 3605 2397 3668 πτίοις
2420 3604 2650 3676 ἄμικτος
2668 3602 2736 3679 ἦν
2756 3608 2789 3679 ή
2813 3606 2949 3678 πρὸς
2977 3605 3239 3676 ἀλλήλους
3269 3605 3589 3675 φιλονεικία,
3611 3605 3688 3669 ὡς
3719 3605 3814 3658 καὶ

521 3704 690 3760 debat
722 3722 736 3759 :
766 3706 901 3760 adeo
925 3715 985 3759 ut
1008 3707 1320 3762 molestiam
1346 3707 1564 3775 quidem
1591 3707 1921 3763 exhiberem
1952 3706 2115 3776 impe-
2142 3730 2174 3788 ε

2162 3730 2186 3787 3
2219 3693 2375 3761 αὖθις
2404 3698 2640 3769 ἐνοχλεῖν
2677 3698 2923 3770 βασιλέα,
2948 3698 3009 3751 οὐ
3044 3698 3150 3769 μὴν
3184 3698 3280 3750 καὶ
3307 3696 3447 3769 πρὸς
3475 3697 3645 3769 ὀργὴν
3669 3695 3815 3765 ἐγεί-

522 3798 697 3853 ratori
719 3837 734 3862 ,
769 3813 875 3853 non
907 3799 1028 3855 ideo
1056 3807 1240 3855 tamen
1266 3815 1392 3855 eum
1417 3802 1484 3856 ad
1518 3801 1865 3858 iracundiam
1899 3800 2113 3854 excita-
2154 3785 2172 3788 ⁷

2158 3785 2172 3788 ⁷
2228 3807 2361 3862 ρειν.
2386 3785 2486 3844 Οἷα
2508 3790 2640 3861 γοῦν
2663 3791 2927 3863 πατέρας,
2948 3791 2981 3863 ἢ
3004 3790 3100 3843 καὶ
3127 3789 3326 3860 μᾶλλον
3346 3790 3630 3860 προφήτας
3653 3788 3811 3855 Θεοῦ,

525 3900 674 3946 rent.
699 3888 828 3945 Illos
858 3891 1002 3946 enim
1032 3900 1091 3946 ut
1132 3903 1341 3961 patres,
1374 3903 1471 3947 aut
1500 3893 1684 3962 potius
1715 3903 1777 3948 ut
1815 3891 2115 3963 prophetas

2228 3885 2379 3957 πάσῃ
2407 3884 2685 3955 περιέπων
2706 3887 2862 3955 τιμῇ,
2886 3886 2981 3936 καὶ
3005 3880 3256 3953 δεύτερον
3288 3880 3496 3944 ἐκάλει,
3528 3881 3620 3934 καὶ
3651 3880 3814 3935 πάλιν

525 3983 647 4051 Dei,
678 3985 824 4039 omni
851 3984 1059 4046 honore
1085 3984 1383 4054 imperator
1411 3984 1674 4051 alliciens,
1715 3987 1914 4041 iterum
1956 3984 2021 4039 ad
2057 3998 2117 4040 se

2226 3981 2511 4051 ἐμεσίτευε
2541 3982 2653 4043 τοῖς
2687 3980 2871 4043 αὐτοῖς
2909 3977 3268 4044 ἀνεξικάκως,
3309 3977 3404 4031 καὶ
3430 3975 3625 4048 δώροις
3652 3976 3817 4048 ἐτίμα

519 4075 781 4139 vocavit;
816 4076 1016 4130 iterum
1049 4074 1258 4130 arbiter
1278 4077 1594 4131 eorumdem
1613 4077 1747 4144 fuit;
1781 4077 1983 4130 iterum
2015 4089 2113 4130 eos

2227 4069 2411 4134 πάλιν,
2445 4070 2636 4142 ἐδήλου
2677 4087 2739 4123 τε
2780 4069 2880 4141 τὴν
2913 4070 3123 4122 δίαιταν
3164 4068 3230 4121 δι’
3262 4065 3571 4137 ἐπιστολῆς.
3610 4067 3719 4119 Καὶ
3749 4066 3820 4120 τὰ

527 4165 851 4222 muneribus
889 4179 953 4220 ac
984 4164 1143 4219 donis
1177 4165 1486 4219 honoravit.
1529 4163 1867 4220 Sententiam
1901 4178 2118 4234 quoque

2226 4162 2327 4232 τῆς
2357 4162 2575 4217 συνόδου
2603 4162 2851 4233 δόγματα
2873 4162 3056 4233 κυρῶν
3086 4159 3539 4232 ἐπεσφραγίζετο,
3570 4158 3821 4230 παρεκά-

525 4271 693 4325 quam
744 4255 953 4311 arbiter
1005 4255 1241 4321 dixerat,
1286 4269 1384 4323 per
1419 4256 1704 4326 epistolam
1750 4255 2115 4326 significavit,

2225 4251 2308 4306 λει
2328 4268 2388 4304 τε
2416 4252 2735 4322 συμφωνίας
2762 4250 3000 4321 ἔχεσθαι,
3040 4250 3175 4322 μηδέ
3206 4250 3439 4321 διασπᾷν
3468 4250 3563 4303 καὶ
3584 4249 3817 4304 κατατέ-

527 4347 865 4405 conﬁrmans
897 4357 954 4404 et
1003 4348 1265 4403 sanciens
1298 4362 1362 4403 ea
1410 4362 1534 4417 quae
1567 4363 1596 4401 a
1641 4348 1851 4419 synodo
1897 4348 2118 4402 decreta

2230 4360 2385 4416 μνειν
2411 4343 2511 4416 τὴν
2546 4343 2893 4413 Ἐκκλησίαν,
2919 4342 3021 4413 τῆς
3041 4343 3099 4396 δὲ
3126 4341 3220 4396 τοῦ
3243 4340 3378 4395 Θεοῦ
3406 4342 3640 4413 κρίσεως
3664 4344 3722 4395 ἐν
3741 4342 3819 4413 νῷ

528 4436 781 4506 fuerant,
811 4453 1016 4509 eosque
1046 4438 1347 4493 adhortans
1380 4447 1439 4492 ut
1465 4439 1776 4493 concordia:
1806 4438 2113 4501 studerent,

2225 4437 2329 4507 τὴν
2370 4438 2596 4509 μνήμην
2628 4437 2947 4509 λαμϐάνειν.
2978 4437 3088 4490 Καὶ¹
3111 4435 3283 4490 ταῦτα
3306 4436 3363 4489 δὲ
3388 4435 3639 4507 βασιλεὺς
3658 4435 3724 4488 δι’
3748 4437 3820 4489 oi-

528 4545 632 4586 nec
655 4530 916 4587 Ecclesiae
953 4546 1157 4602 corpus
1187 4532 1500 4587 distrahere
1544 4544 1609 4583 ac
1639 4528 1953 4599 discerpere
1998 4527 2115 4584 vel-

1305 4532 1500 4584 rahere
1544 4544 1609 4583 ac
1639 4528 1953 4599 discerpere
1998 4527 2115 4584 vel-
2229 4527 2384 4593 κείας
2406 4528 2696 4582 ἐπέστελλε
2721 4529 2958 4601 γραφῆς.

526 4621 663 4688 ient,
692 4623 789 4680 sed
830 4624 1073 4680 futurum
1121 4622 1216 4679 Dei
1239 4621 1508 4693 judicium
1540 4621 1728 4677 animo
1768 4630 2114 4691 reputarent.
2154 4619 2220 4676 Et
2258 4621 2376 4676 haec
2409 4621 2630 4691 quidem
2688 4621 2990 4693 imperator
3018 4620 3241 4691 speciali
3289 4618 3522 4690 epistola
3554 4619 3637 4676 eis
3684 4635 3818 4690 sug-

527 4715 717 4784 gessit.
742 4758 758 4771 .

1086 4828 1318 4886 CAPUT
1364 4823 1552 4883 xxrv.
2150 4839 2198 4896 ι)
2390 4804 2397 4815 “
2737 4819 3139 4874 ΚΕΦΑΛΑΙΟΝ
3176 4819 3303 4872 ΚΔ¹.

592 4918 870 4987 Quomodo
896 4922 1154 4991 episcopis
1186 4931 1235 4976 et
1265 4921 1503 4990 plebibus
1538 4919 1818 4990 religiosas
1845 4922 2050 4976 litteras
2220 4919 2245 4938 "

2220 4919 2425 4983 Ὅπως
2472 4914 2828 4980 ἐπισκόποις
2871 4913 2971 4991 καὶ
3006 4911 3180 4991 λαοῖς
3215 4908 3484 4976 εὐλαϐῶς
3520 4908 3820 4978 πολλάκις

1100 4983 1297 5061 saepius
1320 4994 1551 5061 scripsit.
1639 4983 1660 4990 ⁷

1505 4995 1551 5046 't.
1639 4983 1660 4990 ⁷
2874 4983 3158 5054 ἔγραψεν.

607 5079 715 5135 Sed
752 5088 809 5136 et
858 5080 964 5136 alia
997 5081 1230 5153 plurima
1280 5079 1546 5138 eiusmodi
1595 5081 1837 5150 scripsit,
1875 5096 1940 5137 ac
1982 5095 2123 5151 pene

2296 5078 2409 5133 Kal.
2443 5075 2581 5130 ἀλλά
2605 5076 2663 5130 δὲ
2690 5075 2900 5142 τούτοις
2932 5075 3169 5148 ἔγραφεν
3197 5074 3401 5145 ἀδελφὰ
3437 5072 3626 5146 μυρία,
3662 5069 3820 5124 πλεί-

534 5171 971 5227 innumerabiles
1003 5173 1254 5227 exaravit
1306 5172 1610 5242 epistolas;
1654 5187 1799 5226 nunc
1849 5172 2120 5241 episcopis

2226 5187 2357 5234 στας
2394 5169 2441 5223 θ’
2483 5170 2615 5233 ὅσας
2647 5168 2934 5233 ἐπιστολὰς
2965 5167 3241 5229 διετύπου,
3279 5169 3337 5220 ἐν
3374 5166 3529 5239 μέρει
3566 5163 3664 5235 μὲν
3695 5162 3818 5215 ἐπι-

530 5263 895 5331 ντωεετίθθηε
928 5278 994 5318 ea
1049 5278 1171 5333 qua:
1202 5262 1268 5317 ad
1302 5264 1674 5319 Ecclesiarum
1707 5263 1800 5318 Dei
1829 5264 2119 5318 utilitatem

2225 5263 2454 5326 σκόποις
2484 5262 2625 5335 ὑπὲρ
2656 5263 2764 5316 τῶν
2794 5259 3141 5332 Ἐκκλησιῶν
3155 5258 3250 5312 τοῦ
3270 5256 3404 5312 Θεοῦ
3437 5255 3508 5309 τὰ
3534 5253 3820 5324 πρόσφορα

529 5354 875 5425 spectabant,
931 5371 1083 5412 nunc
1118 5355 1264 5425 ipsas
1292 5356 1483 5426 plebes
1516 5371 1616 5426 per
1638 5356 1849 5410 litteras
1875 5355 2119 5423 compel-

2223 5354 2673 5426 διαταττόμενος·
2714 5354 2818 5427 ἠδη
2850 5354 2907 5407 δὲ
2954 5352 3053 5408 καὶ
3093 5352 3275 5416 αὐτοῖς
3317 5346 3659 5422 προσεφώνει
3706 5347 3819 5409 τοῖς

600 5560 937 5631 (85)Λόγων
950 5555 1659 5631 ἀληθῶνάληθεῒς.’βοάι1.
1681 5557 1895 5631 Ftiketii
1912 5566 1965 5612 et
1982 5550 2136 5612 Savi-
2201 5593 2215 5608 .
2243 5558 2253 5612 l

2201 5593 2215 5608 .
2243 5555 2794 5631 Fuketiietrschcdze
2823 5556 3008 5631 Regia:
3054 5558 3306 5631 habent:
3343 5555 3437 5631 ὐφξ
3473 5549 3819 5631 ἐνὶῃσὼμαςει

541 5620 897 5703 lii'scr'iptu'm
925 5620 1125 5703 habént
1145 5620 1322 5703 λόγων
1334 5620 1552 5700 ἀληθῶν
1570 5630 1819 5703 ἐρασταί.
1850 5627 2134 5703 Quomodo

2241 5643 2347 5703 non
2382 5627 2468 5695 ἐφ’
2497 5628 2599 5703 ἐνὶ,
2625 5640 2683 5682 ιιι
2730 5620 2937 5703 legitur
2959 5628 3027 5703 in_
3066 5626 3300 5703 vulgatis
3336 5620 3817 5703 _edilionibus..ln

545 5695 806 5771 etiamin
850 5702 989 5757 libro
1023 5695 1263 5755 Turuebi
1315 5704 1384 5754 ad
1427 5695 1736 5771 marginem
1785 5699 2130 5771 emendatur.

2232 5699 2668 5771 eoilcin_codice
2710 5701 2972 5766 scriptum
3014 5695 3247 5771 inveni;
3271 5695 3460 5766 διόπερ
3489 5707 3695 5771 παντιας
3720 5695 3819 5771 ἁρ-

546 5769 655 5823 Sed
681 5771 897 5841 vulgata
928 5771 1093 5841 lectio
1125 5772 1300 5841 magis
1326 5771 1504 5841 placet
1534 5761 1705 5841 obes
1734 5784 1853 5839 qua:
1884 5767 2131 5841 proxime

2238 5767 2529 5841 μόττεσθαι
2562 5769 2662 5838 δεῖ,
2712 5761 2919 5837 ποθ’,ιιι
2948 5770 3109 5839 vulgo
3153 5767 3358 5824 editum
3403 5761 3506 5831 est,
3569 5761 3649 5815 διὸ
3684 5761 3817 5830 πρὸς

550 5838 872 5911 sequuntur,
900 5852 960 5898 ut
985 5840 1189 5897 vitetur
1215 5838 1561 5915 ταυτολογία.
1612 5838 1781 5897 Paulo
1808 5849 1934 5910 post
1954 5838 2126 5895 codex

805 5858 872 5909 ll‘,
900 5852 960 5898 ut
985 5840 1189 5897 vitetur
1215 5838 1561 5915 ταυτολογία.
1612 5838 1781 5897 Paulo
1808 5849 1934 5910 post
1954 5838 2126 5895 codex
2232 5839 2458 5904 πάντας.
