  <div class='ocr_page' id='page_1' title='image "/cluster/home/n/w/nwhite01/storage/ocr_20150623/20:no.2/coo.31924054873009/554.png"; bbox 0 0 4186 6420; ppageno 0'>
   <div class='ocr_carea' id='block_1_1' title="bbox 433 449 574 506">
    <p class='ocr_par' dir='ltr' id='par_1_1' title="bbox 433 449 574 506">
     <span class='ocr_line' id='line_1_1' title="bbox 433 449 574 506; baseline 0.028 -3"><span class='ocrx_word' id='word_1_1' title='bbox 433 449 455 503; x_wconf 83' lang='lat' dir='ltr'><strong>l</strong></span> <span class='ocrx_word' id='word_1_2' title='bbox 466 450 574 506; x_wconf 82' lang='lat'><strong>085</strong></span> 
     </span>
    </p>
   </div>
   <div class='ocr_carea' id='block_1_2' title="bbox 1539 448 2631 510">
    <p class='ocr_par' dir='ltr' id='par_1_2' title="bbox 1539 448 2631 510">
     <span class='ocr_line' id='line_1_2' title="bbox 1539 448 2631 510; baseline 0.005 -6"><span class='ocrx_word' id='word_1_3' title='bbox 1539 448 1628 505; x_wconf 88' lang='lat' dir='ltr'><strong>DE</strong></span> <span class='ocrx_word' id='word_1_4' title='bbox 1667 450 1833 506; x_wconf 80' lang='lat' dir='ltr'><strong>Vl&#39;l‘A</strong></span> <span class='ocrx_word' id='word_1_5' title='bbox 1871 450 2335 508; x_wconf 74' lang='lat' dir='ltr'><strong>CONSTANTIM</strong></span> <span class='ocrx_word' id='word_1_6' title='bbox 2371 452 2499 509; x_wconf 76' lang='lat' dir='ltr'><strong>LIB.</strong></span> <span class='ocrx_word' id='word_1_7' title='bbox 2542 454 2631 510; x_wconf 87' lang='lat' dir='ltr'><strong>Ill.</strong></span> 
     </span>
    </p>
   </div>
   <div class='ocr_carea' id='block_1_3' title="bbox 3544 454 3682 513">
    <p class='ocr_par' dir='ltr' id='par_1_3' title="bbox 3544 454 3682 513">
     <span class='ocr_line' id='line_1_3' title="bbox 3544 454 3682 513; baseline 0 -1"><span class='ocrx_word' id='word_1_8' title='bbox 3544 454 3682 513; x_wconf 67' lang='lat' dir='ltr'><strong>i086</strong></span> 
     </span>
    </p>
   </div>
   <div class='ocr_carea' id='block_1_4' title="bbox 435 564 2024 639">
    <p class='ocr_par' dir='ltr' id='par_1_4' title="bbox 435 564 2023 638">
     <span class='ocr_line' id='line_1_4' title="bbox 435 564 2023 638; baseline 0.003 -20"><span class='ocrx_word' id='word_1_9' title='bbox 435 564 716 636; x_wconf 80' lang='grc' dir='ltr'>πλήθεσιν,</span> <span class='ocrx_word' id='word_1_10' title='bbox 737 564 998 632; x_wconf 74' lang='grc' dir='ltr'>ἀδελφοὺς</span> <span class='ocrx_word' id='word_1_11' title='bbox 1022 565 1312 618; x_wconf 79' lang='grc' dir='ltr'><strong>ἀποκαλῶν</strong></span> <span class='ocrx_word' id='word_1_12' title='bbox 1334 566 1428 619; x_wconf 70' lang='grc' dir='ltr'><strong>καὶ</strong></span> <span class='ocrx_word' id='word_1_13' title='bbox 1448 565 1884 638; x_wconf 79' lang='grc' dir='ltr'>συνθεράποντας</span> <span class='ocrx_word' id='word_1_14' title='bbox 1907 570 2023 622; x_wconf 78' lang='grc' dir='ltr'>ἐαυ-</span> 
     </span>
    </p>
   </div>
   <div class='ocr_carea' id='block_1_5' title="bbox 2126 564 3692 639">
    <p class='ocr_par' dir='ltr' id='par_1_5' title="bbox 2126 566 3692 639">
     <span class='ocr_line' id='line_1_5' title="bbox 2126 566 3692 639; baseline -0.001 -18"><span class='ocrx_word' id='word_1_15' title='bbox 2126 569 2265 633; x_wconf 86' lang='lat' dir='ltr'><strong>laus,</strong></span> <span class='ocrx_word' id='word_1_16' title='bbox 2299 570 2605 639; x_wconf 86' lang='lat' dir='ltr'><strong>fratresque</strong></span> <span class='ocrx_word' id='word_1_17' title='bbox 2628 578 2682 625; x_wconf 89' lang='lat' dir='ltr'><strong>et</strong></span> <span class='ocrx_word' id='word_1_18' title='bbox 2707 584 3003 625; x_wconf 87' lang='lat' dir='ltr'><strong>conservos</strong></span> <span class='ocrx_word' id='word_1_19' title='bbox 3029 584 3161 624; x_wconf 90' lang='lat' dir='ltr'><strong>suos</strong></span> <span class='ocrx_word' id='word_1_20' title='bbox 3196 569 3483 624; x_wconf 82' lang='lat' dir='ltr'><strong>nominans</strong></span> <span class='ocrx_word' id='word_1_21' title='bbox 3507 566 3692 622; x_wconf 81' lang='lat' dir='ltr'><strong>Eccle-</strong></span> 
     </span>
    </p>
   </div>
   <div class='ocr_carea' id='block_1_6' title="bbox 430 653 2018 728">
    <p class='ocr_par' dir='ltr' id='par_1_6' title="bbox 430 653 2018 728">
     <span class='ocr_line' id='line_1_6' title="bbox 430 653 2018 728; baseline 0.001 -21"><span class='ocrx_word' id='word_1_22' title='bbox 430 653 525 707; x_wconf 71' lang='grc' dir='ltr'>τοῦ</span> <span class='ocrx_word' id='word_1_23' title='bbox 544 655 670 717; x_wconf 82' lang='grc' dir='ltr'>τοὺς</span> <span class='ocrx_word' id='word_1_24' title='bbox 682 653 782 723; x_wconf 81' lang='grc' dir='ltr'>τῆς</span> <span class='ocrx_word' id='word_1_25' title='bbox 800 653 1126 725; x_wconf 85' lang='grc' dir='ltr'>Ἑκκλησίας</span> <span class='ocrx_word' id='word_1_26' title='bbox 1146 653 1308 717; x_wconf 84' lang='grc' dir='ltr'>λαοὺς</span> <span class='ocrx_word' id='word_1_27' title='bbox 1338 656 1367 708; x_wconf 82' lang='grc' dir='ltr'><strong>ό</strong></span> <span class='ocrx_word' id='word_1_28' title='bbox 1398 655 1815 727; x_wconf 83' lang='grc' dir='ltr'>τρισμακάριος.</span> <span class='ocrx_word' id='word_1_29' title='bbox 1845 657 2018 728; x_wconf 84' lang='grc' dir='ltr'>Σχολὴ</span> 
     </span>
    </p>
   </div>
   <div class='ocr_carea' id='block_1_7' title="bbox 428 747 2019 818">
    <p class='ocr_par' dir='ltr' id='par_1_7' title="bbox 428 747 2019 818">
     <span class='ocr_line' id='line_1_7' title="bbox 428 747 2019 818; baseline -0.002 -11"><span class='ocrx_word' id='word_1_30' title='bbox 428 749 478 808; x_wconf 74' lang='grc' dir='ltr'>δ’</span> <span class='ocrx_word' id='word_1_31' title='bbox 516 751 583 805; x_wconf 77' lang='grc' dir='ltr'>ἂν</span> <span class='ocrx_word' id='word_1_32' title='bbox 620 750 831 818; x_wconf 83' lang='grc' dir='ltr'>γένοιτο</span> <span class='ocrx_word' id='word_1_33' title='bbox 871 750 1042 803; x_wconf 80' lang='grc' dir='ltr'>ταῦτα</span> <span class='ocrx_word' id='word_1_34' title='bbox 1079 751 1171 802; x_wconf 79' lang='grc' dir='ltr'><strong>ἐπὶ</strong></span> <span class='ocrx_word' id='word_1_35' title='bbox 1202 749 1407 812; x_wconf 89' lang='grc' dir='ltr'>οἰκείας</span> <span class='ocrx_word' id='word_1_36' title='bbox 1446 747 1753 813; x_wconf 81' lang='grc' dir='ltr'><strong>ὑποθέσεως</strong></span> <span class='ocrx_word' id='word_1_37' title='bbox 1788 767 2019 817; x_wconf 83' lang='grc' dir='ltr'>συναγα-</span> 
     </span>
    </p>
   </div>
   <div class='ocr_carea' id='block_1_8' title="bbox 432 840 2020 913">
    <p class='ocr_par' dir='ltr' id='par_1_8' title="bbox 432 840 2020 913">
     <span class='ocr_line' id='line_1_8' title="bbox 432 840 2020 913; baseline -0.001 -17"><span class='ocrx_word' id='word_1_38' title='bbox 432 846 549 911; x_wconf 89' lang='grc' dir='ltr'>γεῖν</span> <span class='ocrx_word' id='word_1_39' title='bbox 570 843 704 913; x_wconf 83' lang='grc'>(86),</span> <span class='ocrx_word' id='word_1_40' title='bbox 736 843 814 907; x_wconf 83' lang='grc' dir='ltr'>ὡς</span> <span class='ocrx_word' id='word_1_41' title='bbox 847 842 915 897; x_wconf 82' lang='grc' dir='ltr'>ἂν</span> <span class='ocrx_word' id='word_1_42' title='bbox 946 843 1020 913; x_wconf 85' lang='grc' dir='ltr'>μὴ</span> <span class='ocrx_word' id='word_1_43' title='bbox 1043 841 1106 895; x_wconf 83' lang='grc' dir='ltr'>τὸ</span> <span class='ocrx_word' id='word_1_44' title='bbox 1143 840 1303 912; x_wconf 83' lang='grc' dir='ltr'>σῶμα</span> <span class='ocrx_word' id='word_1_45' title='bbox 1330 840 1429 911; x_wconf 83' lang='grc' dir='ltr'><strong>τῆς</strong></span> <span class='ocrx_word' id='word_1_46' title='bbox 1456 840 1737 911; x_wconf 77' lang='grc' dir='ltr'><strong>παρούσης</strong></span> <span class='ocrx_word' id='word_1_47' title='bbox 1764 843 1895 912; x_wconf 80' lang='grc' dir='ltr'>ἡμῖν</span> <span class='ocrx_word' id='word_1_48' title='bbox 1916 842 2020 895; x_wconf 87' lang='grc' dir='ltr'>δια-</span> 
     </span>
    </p>
   </div>
   <div class='ocr_carea' id='block_1_9' title="bbox 435 933 985 1004">
    <p class='ocr_par' dir='ltr' id='par_1_9' title="bbox 435 933 985 1004">
     <span class='ocr_line' id='line_1_9' title="bbox 435 933 985 1004; baseline 0 -17"><span class='ocrx_word' id='word_1_49' title='bbox 435 933 689 987; x_wconf 74' lang='grc' dir='ltr'>κόπτοιτο</span> <span class='ocrx_word' id='word_1_50' title='bbox 723 934 985 1004; x_wconf 80' lang='grc' dir='ltr'>ἱστορίας.</span> 
     </span>
    </p>
   </div>
   <div class='ocr_carea' id='block_1_10' title="bbox 945 1047 1506 1101">
    <p class='ocr_par' dir='ltr' id='par_1_10' title="bbox 945 1047 1506 1101">
     <span class='ocr_line' id='line_1_10' title="bbox 945 1047 1506 1101; baseline 0.004 -2"><span class='ocrx_word' id='word_1_51' title='bbox 945 1047 1349 1101; x_wconf 74' lang='grc' dir='ltr'><strong>ΚΕΦΑΔᾹΙΟΝ</strong></span> <span class='ocrx_word' id='word_1_52' title='bbox 1378 1047 1506 1101; x_wconf 83' lang='grc' dir='ltr'><strong>ΚΕ’.</strong></span> 
     </span>
    </p>
   </div>
   <div class='ocr_carea' id='block_1_11' title="bbox 436 1138 2020 1208">
    <p class='ocr_par' dir='ltr' id='par_1_11' title="bbox 436 1138 2020 1208">
     <span class='ocr_line' id='line_1_11' title="bbox 436 1138 2020 1208; baseline 0.001 -17"><span class='ocrx_word' id='word_1_53' title='bbox 436 1138 630 1203; x_wconf 83' lang='grc' dir='ltr'><strong>Ὅπως</strong></span> <span class='ocrx_word' id='word_1_54' title='bbox 665 1138 737 1191; x_wconf 78' lang='grc' dir='ltr'><strong>ἐν</strong></span> <span class='ocrx_word' id='word_1_55' title='bbox 778 1138 1207 1208; x_wconf 72' lang='grc' dir='ltr'>Ἱεροσολύμοις</span> <span class='ocrx_word' id='word_1_56' title='bbox 1251 1138 1349 1191; x_wconf 77' lang='grc' dir='ltr'><strong>ἐπὶ</strong></span> <span class='ocrx_word' id='word_1_57' title='bbox 1389 1138 1469 1203; x_wconf 88' lang='grc' dir='ltr'>τῷ</span> <span class='ocrx_word' id='word_1_58' title='bbox 1520 1139 1664 1208; x_wconf 67' lang='grc' dir='ltr'><strong>ἁγίῳ</strong></span> <span class='ocrx_word' id='word_1_59' title='bbox 1704 1139 1865 1204; x_wconf 80' lang='grc' dir='ltr'>τόπῳ</span> <span class='ocrx_word' id='word_1_60' title='bbox 1908 1138 2020 1208; x_wconf 83' lang='grc' dir='ltr'>τῆς</span> 
     </span>
    </p>
   </div>
   <div class='ocr_carea' id='block_1_12' title="bbox 505 1206 2021 1278">
    <p class='ocr_par' dir='ltr' id='par_1_12' title="bbox 505 1206 2021 1278">
     <span class='ocr_line' id='line_1_12' title="bbox 505 1206 2021 1278; baseline 0.003 -18"><span class='ocrx_word' id='word_1_61' title='bbox 505 1208 615 1278; x_wconf 76' lang='grc' dir='ltr'>τοῦ</span> <span class='ocrx_word' id='word_1_62' title='bbox 648 1206 923 1278; x_wconf 75' lang='grc' dir='ltr'><strong>Σωτῆρος</strong></span> <span class='ocrx_word' id='word_1_63' title='bbox 949 1206 1116 1278; x_wconf 69' lang='grc' dir='ltr'><strong>ἡμῶν</strong></span> <span class='ocrx_word' id='word_1_64' title='bbox 1138 1208 1551 1274; x_wconf 80' lang='grc' dir='ltr'>ἀναστάσεως,</span> <span class='ocrx_word' id='word_1_65' title='bbox 1568 1206 1731 1262; x_wconf 15' lang='grc' dir='ltr'><strong>ήναὸν</strong></span> <span class='ocrx_word' id='word_1_66' title='bbox 1763 1206 2021 1278; x_wconf 74' lang='grc' dir='ltr'>προσεύ-</span> 
     </span>
    </p>
   </div>
   <div class='ocr_carea' id='block_1_13' title="bbox 506 1276 1585 1347">
    <p class='ocr_par' dir='ltr' id='par_1_13' title="bbox 506 1276 1585 1347">
     <span class='ocr_line' id='line_1_13' title="bbox 506 1276 1585 1347; baseline -0.001 -15"><span class='ocrx_word' id='word_1_67' title='bbox 506 1276 752 1345; x_wconf 79' lang='grc' dir='ltr'>κτήριον</span> <span class='ocrx_word' id='word_1_68' title='bbox 770 1277 1207 1347; x_wconf 71' lang='grc' dir='ltr'><strong>οἰκοδομεῖσθαι</strong></span> <span class='ocrx_word' id='word_1_69' title='bbox 1229 1278 1585 1346; x_wconf 73' lang='grc' dir='ltr'>προσέταξε.</span> 
     </span>
    </p>
   </div>
   <div class='ocr_carea' id='block_1_14' title="bbox 508 1363 2022 1442">
    <p class='ocr_par' dir='ltr' id='par_1_14' title="bbox 508 1363 2022 1442">
     <span class='ocr_line' id='line_1_14' title="bbox 508 1363 2022 1442; baseline 0.003 -21"><span class='ocrx_word' id='word_1_70' title='bbox 508 1367 726 1422; x_wconf 85' lang='grc' dir='ltr'>Τούτων</span> <span class='ocrx_word' id='word_1_71' title='bbox 768 1368 813 1421; x_wconf 82' lang='grc' dir='ltr'>δ’</span> <span class='ocrx_word' id='word_1_72' title='bbox 854 1363 943 1422; x_wconf 83' lang='grc' dir='ltr'><strong>ὧδ’</strong></span> <span class='ocrx_word' id='word_1_73' title='bbox 976 1369 1229 1439; x_wconf 81' lang='grc' dir='ltr'>ἐχόντων,</span> <span class='ocrx_word' id='word_1_74' title='bbox 1266 1370 1485 1442; x_wconf 84' lang='grc' dir='ltr'><strong>μνήμης</strong></span> <span class='ocrx_word' id='word_1_75' title='bbox 1514 1370 1643 1425; x_wconf 86' lang='grc' dir='ltr'>ἄλλο</span> <span class='ocrx_word' id='word_1_76' title='bbox 1669 1388 1723 1424; x_wconf 90' lang='grc' dir='ltr'><strong>τι</strong></span> <span class='ocrx_word' id='word_1_77' title='bbox 1766 1370 2022 1442; x_wconf 82' lang='grc' dir='ltr'>μέγιστον</span> 
     </span>
    </p>
   </div>
   <div class='ocr_carea' id='block_1_15' title="bbox 441 1459 2021 1536">
    <p class='ocr_par' dir='ltr' id='par_1_15' title="bbox 441 1459 2021 1536">
     <span class='ocr_line' id='line_1_15' title="bbox 441 1459 2021 1536; baseline 0.001 -21"><span class='ocrx_word' id='word_1_78' title='bbox 441 1460 552 1531; x_wconf 86' lang='grc'>(87)</span> <span class='ocrx_word' id='word_1_79' title='bbox 590 1462 680 1514; x_wconf 74' lang='grc' dir='ltr'>ἐπὶ</span> <span class='ocrx_word' id='word_1_80' title='bbox 709 1461 803 1515; x_wconf 78' lang='grc' dir='ltr'>τοῦ</span> <span class='ocrx_word' id='word_1_81' title='bbox 828 1459 1204 1515; x_wconf 76' lang='grc' dir='ltr'>Παλαιπινῶν</span> <span class='ocrx_word' id='word_1_82' title='bbox 1225 1460 1410 1525; x_wconf 77' lang='grc' dir='ltr'>ἔθνους</span> <span class='ocrx_word' id='word_1_83' title='bbox 1442 1463 1471 1515; x_wconf 87' lang='grc' dir='ltr'><strong>ό</strong></span> <span class='ocrx_word' id='word_1_84' title='bbox 1503 1462 1751 1534; x_wconf 71' lang='grc' dir='ltr'>θεοφιλὴς</span> <span class='ocrx_word' id='word_1_85' title='bbox 1782 1464 2021 1536; x_wconf 80' lang='grc' dir='ltr'>εἰργάζε-</span> 
     </span>
    </p>
   </div>
   <div class='ocr_carea' id='block_1_16' title="bbox 442 1548 2021 1625">
    <p class='ocr_par' dir='ltr' id='par_1_16' title="bbox 442 1548 2021 1625">
     <span class='ocr_line' id='line_1_16' title="bbox 442 1548 2021 1625; baseline 0.002 -21"><span class='ocrx_word' id='word_1_86' title='bbox 442 1568 532 1605; x_wconf 87' lang='grc' dir='ltr'><strong>το·</strong></span> <span class='ocrx_word' id='word_1_87' title='bbox 561 1551 616 1604; x_wconf 93' lang='grc' dir='ltr'><strong>τί</strong></span> <span class='ocrx_word' id='word_1_88' title='bbox 658 1551 702 1604; x_wconf 75' lang='grc' dir='ltr'>δ’</span> <span class='ocrx_word' id='word_1_89' title='bbox 738 1548 809 1623; x_wconf 84' lang='grc' dir='ltr'>ἦν</span> <span class='ocrx_word' id='word_1_90' title='bbox 834 1550 1027 1617; x_wconf 83' lang='grc' dir='ltr'>τοῦτο;</span> <span class='ocrx_word' id='word_1_91' title='bbox 1080 1552 1184 1605; x_wconf 91' lang='grc' dir='ltr'><strong>Τὸν</strong></span> <span class='ocrx_word' id='word_1_92' title='bbox 1241 1553 1300 1604; x_wconf 82' lang='grc' dir='ltr'>ὲν</span> <span class='ocrx_word' id='word_1_93' title='bbox 1337 1556 1452 1617; x_wconf 88' lang='grc' dir='ltr'>τοῖς</span> <span class='ocrx_word' id='word_1_94' title='bbox 1491 1554 1881 1625; x_wconf 83' lang='grc' dir='ltr'>Ἱεροσολύμοις</span> <span class='ocrx_word' id='word_1_95' title='bbox 1921 1555 2021 1624; x_wconf 76' lang='grc' dir='ltr'>τῆς</span> 
     </span>
    </p>
   </div>
   <div class='ocr_carea' id='block_1_17' title="bbox 442 1638 2020 1717">
    <p class='ocr_par' dir='ltr' id='par_1_17' title="bbox 442 1638 2020 1717">
     <span class='ocr_line' id='line_1_17' title="bbox 442 1638 2020 1717; baseline 0.002 -20"><span class='ocrx_word' id='word_1_96' title='bbox 442 1644 711 1717; x_wconf 73' lang='grc' dir='ltr'><strong>σωτηρίου</strong></span> <span class='ocrx_word' id='word_1_97' title='bbox 745 1646 1091 1710; x_wconf 85' lang='grc' dir='ltr'>ἀναστάσεως</span> <span class='ocrx_word' id='word_1_98' title='bbox 1123 1638 1599 1717; x_wconf 83' lang='grc' dir='ltr'>μακαριστότατον</span> <span class='ocrx_word' id='word_1_99' title='bbox 1628 1649 1813 1711; x_wconf 85' lang='grc' dir='ltr'>τόπον,</span> <span class='ocrx_word' id='word_1_100' title='bbox 1847 1647 2020 1701; x_wconf 80' lang='grc' dir='ltr'>ἐδόκει</span> 
     </span>
    </p>
   </div>
   <div class='ocr_carea' id='block_1_18' title="bbox 438 1737 2017 1809">
    <p class='ocr_par' dir='ltr' id='par_1_18' title="bbox 438 1737 2017 1809">
     <span class='ocr_line' id='line_1_18' title="bbox 438 1737 2017 1809; baseline 0.001 -20"><span class='ocrx_word' id='word_1_101' title='bbox 438 1737 549 1789; x_wconf 82' lang='grc' dir='ltr'>δεῖν</span> <span class='ocrx_word' id='word_1_102' title='bbox 575 1737 723 1808; x_wconf 83' lang='grc' dir='ltr'>αύτῷ</span> <span class='ocrx_word' id='word_1_103' title='bbox 749 1738 1020 1809; x_wconf 79' lang='grc' dir='ltr'>περιφανῆ</span> <span class='ocrx_word' id='word_1_104' title='bbox 1044 1737 1138 1792; x_wconf 77' lang='grc' dir='ltr'>καὶ</span> <span class='ocrx_word' id='word_1_105' title='bbox 1163 1738 1361 1791; x_wconf 80' lang='grc' dir='ltr'>σεπτὸν</span> <span class='ocrx_word' id='word_1_106' title='bbox 1393 1739 1668 1809; x_wconf 81' lang='grc' dir='ltr'>ἀποφῆναι</span> <span class='ocrx_word' id='word_1_107' title='bbox 1690 1742 1802 1803; x_wconf 85' lang='grc' dir='ltr'>τοῖς</span> <span class='ocrx_word' id='word_1_108' title='bbox 1832 1740 2017 1792; x_wconf 77' lang='grc' dir='ltr'>πᾶσιν.</span> 
     </span>
    </p>
   </div>
   <div class='ocr_carea' id='block_1_19' title="bbox 438 1824 2023 1901">
    <p class='ocr_par' dir='ltr' id='par_1_19' title="bbox 438 1824 2023 1901">
     <span class='ocr_line' id='line_1_19' title="bbox 438 1824 2023 1901; baseline 0.002 -22"><span class='ocrx_word' id='word_1_109' title='bbox 438 1827 646 1882; x_wconf 77' lang='grc' dir='ltr'>Αὐτίκα</span> <span class='ocrx_word' id='word_1_110' title='bbox 667 1826 799 1897; x_wconf 80' lang='grc' dir='ltr'>γοῦν</span> <span class='ocrx_word' id='word_1_111' title='bbox 830 1824 976 1881; x_wconf 77' lang='grc' dir='ltr'>οἷκον</span> <span class='ocrx_word' id='word_1_112' title='bbox 1015 1829 1302 1901; x_wconf 82' lang='grc' dir='ltr'>εύκτήριον</span> <span class='ocrx_word' id='word_1_113' title='bbox 1333 1829 1701 1900; x_wconf 83' lang='grc' dir='ltr'>συστήσασθαι</span> <span class='ocrx_word' id='word_1_114' title='bbox 1726 1829 2023 1883; x_wconf 88' lang='grc' dir='ltr'>διεκελεύε-</span> 
     </span>
    </p>
   </div>
   <div class='ocr_carea' id='block_1_20' title="bbox 437 1918 2019 1991">
    <p class='ocr_par' dir='ltr' id='par_1_20' title="bbox 437 1918 2019 1991">
     <span class='ocr_line' id='line_1_20' title="bbox 437 1918 2019 1991; baseline 0.002 -21"><span class='ocrx_word' id='word_1_115' title='bbox 437 1934 521 1980; x_wconf 90' lang='grc' dir='ltr'><strong>το,</strong></span> <span class='ocrx_word' id='word_1_116' title='bbox 552 1918 650 1972; x_wconf 79' lang='grc' dir='ltr'><strong>οὐκ</strong></span> <span class='ocrx_word' id='word_1_117' title='bbox 683 1918 834 1972; x_wconf 79' lang='grc' dir='ltr'>ἀθεεὶ</span> <span class='ocrx_word' id='word_1_118' title='bbox 864 1918 1010 1972; x_wconf 82' lang='grc' dir='ltr'>τοῦτ’</span> <span class='ocrx_word' id='word_1_119' title='bbox 1033 1920 1091 1973; x_wconf 81' lang='grc' dir='ltr'>ὲν</span> <span class='ocrx_word' id='word_1_120' title='bbox 1116 1919 1326 1991; x_wconf 79' lang='grc' dir='ltr'>διανοίᾳ</span> <span class='ocrx_word' id='word_1_121' title='bbox 1358 1918 1553 1989; x_wconf 79' lang='grc' dir='ltr'>βαλὼν,</span> <span class='ocrx_word' id='word_1_122' title='bbox 1588 1921 1700 1975; x_wconf 81' lang='grc' dir='ltr'>ἀλλ’</span> <span class='ocrx_word' id='word_1_123' title='bbox 1735 1922 1826 1975; x_wconf 88' lang='grc' dir='ltr'>ὑπ’</span> <span class='ocrx_word' id='word_1_124' title='bbox 1856 1921 2019 1975; x_wconf 75' lang='grc' dir='ltr'>αὑτοῦ</span> 
     </span>
    </p>
   </div>
   <div class='ocr_carea' id='block_1_21' title="bbox 437 2004 1608 2084">
    <p class='ocr_par' dir='ltr' id='par_1_21' title="bbox 437 2004 1608 2084">
     <span class='ocr_line' id='line_1_21' title="bbox 437 2004 1608 2084; baseline 0.003 -21"><span class='ocrx_word' id='word_1_125' title='bbox 437 2004 532 2064; x_wconf 76' lang='grc' dir='ltr'>τοῦ</span> <span class='ocrx_word' id='word_1_126' title='bbox 561 2009 812 2081; x_wconf 81' lang='grc' dir='ltr'>Σωτῆρος</span> <span class='ocrx_word' id='word_1_127' title='bbox 836 2011 1182 2082; x_wconf 77' lang='grc' dir='ltr'>ἀνακινηθεὶς</span> <span class='ocrx_word' id='word_1_128' title='bbox 1210 2010 1288 2081; x_wconf 81' lang='grc' dir='ltr'>τῷ</span> <span class='ocrx_word' id='word_1_129' title='bbox 1318 2011 1608 2084; x_wconf 80' lang='grc' dir='ltr'>πνεύματι.</span> 
     </span>
    </p>
   </div>
   <div class='ocr_carea' id='block_1_22' title="bbox 950 2104 1515 2172">
    <p class='ocr_par' dir='ltr' id='par_1_22' title="bbox 950 2104 1515 2172">
     <span class='ocr_line' id='line_1_22' title="bbox 950 2104 1515 2172; baseline 0.007 -17"><span class='ocrx_word' id='word_1_130' title='bbox 950 2104 1343 2158; x_wconf 79' lang='grc' dir='ltr'><strong>ΚΕΦΑΛΛΙΟΝ</strong></span> <span class='ocrx_word' id='word_1_131' title='bbox 1373 2106 1515 2172; x_wconf 59' lang='grc' dir='ltr'><strong>Κῷ.</strong></span> 
     </span>
    </p>
   </div>
   <div class='ocr_carea' id='block_1_23' title="bbox 441 2190 2024 2263">
    <p class='ocr_par' dir='ltr' id='par_1_23' title="bbox 441 2190 2024 2263">
     <span class='ocr_line' id='line_1_23' title="bbox 441 2190 2024 2263; baseline 0.003 -18"><span class='ocrx_word' id='word_1_132' title='bbox 441 2193 562 2247; x_wconf 86' lang='grc' dir='ltr'>Ὅτι</span> <span class='ocrx_word' id='word_1_133' title='bbox 599 2192 667 2246; x_wconf 82' lang='grc' dir='ltr'>τὸ</span> <span class='ocrx_word' id='word_1_134' title='bbox 698 2193 858 2248; x_wconf 82' lang='grc' dir='ltr'>θεῖον</span> <span class='ocrx_word' id='word_1_135' title='bbox 898 2194 1109 2263; x_wconf 79' lang='grc' dir='ltr'>μνῆμα</span> <span class='ocrx_word' id='word_1_136' title='bbox 1154 2190 1387 2262; x_wconf 82' lang='grc' dir='ltr'><strong>χώμασι</strong></span> <span class='ocrx_word' id='word_1_137' title='bbox 1463 2197 1560 2249; x_wconf 79' lang='grc' dir='ltr'>καὶ</span> <span class='ocrx_word' id='word_1_138' title='bbox 1602 2196 1870 2263; x_wconf 74' lang='grc' dir='ltr'>εἰδώλοις</span> <span class='ocrx_word' id='word_1_139' title='bbox 1903 2199 2024 2262; x_wconf 65' lang='grc' dir='ltr'>ζάπ-</span> 
     </span>
    </p>
   </div>
   <div class='ocr_carea' id='block_1_24' title="bbox 965 2263 1532 2333">
    <p class='ocr_par' dir='ltr' id='par_1_24' title="bbox 965 2263 1532 2333">
     <span class='ocr_line' id='line_1_24' title="bbox 965 2263 1532 2333; baseline 0.002 -15"><span class='ocrx_word' id='word_1_140' title='bbox 965 2263 1245 2333; x_wconf 75' lang='grc' dir='ltr'>έκρυψαν</span> <span class='ocrx_word' id='word_1_141' title='bbox 1267 2267 1322 2318; x_wconf 83' lang='grc' dir='ltr'><strong>οἰ</strong></span> <span class='ocrx_word' id='word_1_142' title='bbox 1347 2263 1532 2319; x_wconf 79' lang='grc' dir='ltr'>ἄθεοι.</span> 
     </span>
    </p>
   </div>
   <div class='ocr_carea' id='block_1_25' title="bbox 513 2352 2025 2426">
    <p class='ocr_par' dir='ltr' id='par_1_25' title="bbox 513 2352 2025 2426">
     <span class='ocr_line' id='line_1_25' title="bbox 513 2352 2025 2426; baseline 0.005 -21"><span class='ocrx_word' id='word_1_143' title='bbox 513 2352 739 2422; x_wconf 70' lang='grc' dir='ltr'>Ἄνδρες</span> <span class='ocrx_word' id='word_1_144' title='bbox 769 2352 870 2423; x_wconf 83' lang='grc' dir='ltr'>μὲν</span> <span class='ocrx_word' id='word_1_145' title='bbox 894 2353 1003 2426; x_wconf 85' lang='grc' dir='ltr'><strong>γάρ</strong></span> <span class='ocrx_word' id='word_1_146' title='bbox 1026 2369 1158 2407; x_wconf 90' lang='grc' dir='ltr'>ποτε</span> <span class='ocrx_word' id='word_1_147' title='bbox 1196 2354 1495 2419; x_wconf 89' lang='grc' dir='ltr'>δυσσεϐεῖς,</span> <span class='ocrx_word' id='word_1_148' title='bbox 1520 2356 1720 2426; x_wconf 84' lang='grc' dir='ltr'>μᾶλλον</span> <span class='ocrx_word' id='word_1_149' title='bbox 1742 2357 1801 2411; x_wconf 79' lang='grc' dir='ltr'>δὲ</span> <span class='ocrx_word' id='word_1_150' title='bbox 1827 2359 1936 2412; x_wconf 84' lang='grc' dir='ltr'>πᾶν</span> <span class='ocrx_word' id='word_1_151' title='bbox 1964 2359 2025 2411; x_wconf 82' lang='grc' dir='ltr'><strong>τὸ</strong></span> 
     </span>
    </p>
   </div>
   <div class='ocr_carea' id='block_1_26' title="bbox 438 2442 2024 2522">
    <p class='ocr_par' dir='ltr' id='par_1_26' title="bbox 438 2442 2024 2522">
     <span class='ocr_line' id='line_1_26' title="bbox 438 2442 2024 2522; baseline 0.003 -24"><span class='ocrx_word' id='word_1_152' title='bbox 438 2442 708 2514; x_wconf 83' lang='grc' dir='ltr'>δαιμόνων</span> <span class='ocrx_word' id='word_1_153' title='bbox 748 2443 836 2497; x_wconf 78' lang='grc' dir='ltr'><strong>διὰ</strong></span> <span class='ocrx_word' id='word_1_154' title='bbox 880 2444 1087 2499; x_wconf 87' lang='grc' dir='ltr'>τούτων</span> <span class='ocrx_word' id='word_1_155' title='bbox 1117 2445 1294 2514; x_wconf 85' lang='grc' dir='ltr'>γένος,</span> <span class='ocrx_word' id='word_1_156' title='bbox 1345 2447 1582 2517; x_wconf 80' lang='grc' dir='ltr'>σπουδὴν</span> <span class='ocrx_word' id='word_1_157' title='bbox 1624 2448 1805 2504; x_wconf 80' lang='grc' dir='ltr'>ἔθεντο</span> <span class='ocrx_word' id='word_1_158' title='bbox 1848 2450 2024 2522; x_wconf 80' lang='grc' dir='ltr'>σκότῳ</span> 
     </span>
    </p>
   </div>
   <div class='ocr_carea' id='block_1_27' title="bbox 443 2532 2025 2611">
    <p class='ocr_par' dir='ltr' id='par_1_27' title="bbox 443 2532 2025 2611">
     <span class='ocr_line' id='line_1_27' title="bbox 443 2532 2025 2611; baseline 0.006 -24"><span class='ocrx_word' id='word_1_159' title='bbox 443 2532 540 2587; x_wconf 76' lang='grc' dir='ltr'>καὶ</span> <span class='ocrx_word' id='word_1_160' title='bbox 567 2532 705 2607; x_wconf 86' lang='grc' dir='ltr'><strong>λήθῃ</strong></span> <span class='ocrx_word' id='word_1_161' title='bbox 733 2533 1064 2604; x_wconf 82' lang='grc' dir='ltr'>παραδοῦναι</span> <span class='ocrx_word' id='word_1_162' title='bbox 1089 2536 1152 2589; x_wconf 82' lang='grc' dir='ltr'>τὸ</span> <span class='ocrx_word' id='word_1_163' title='bbox 1183 2536 1466 2593; x_wconf 83' lang='grc' dir='ltr'>θεσπέσιον</span> <span class='ocrx_word' id='word_1_164' title='bbox 1497 2541 1675 2594; x_wconf 74' lang='grc' dir='ltr'>ἐκεῖνο</span> <span class='ocrx_word' id='word_1_165' title='bbox 1704 2542 1802 2611; x_wconf 83' lang='grc' dir='ltr'><strong>τῆς</strong></span> <span class='ocrx_word' id='word_1_166' title='bbox 1822 2541 2025 2595; x_wconf 84' lang='grc' dir='ltr'>ἀθανα-</span> 
     </span>
    </p>
   </div>
   <div class='ocr_carea' id='block_1_28' title="bbox 443 2622 2025 2706">
    <p class='ocr_par' dir='ltr' id='par_1_28' title="bbox 443 2622 2025 2706">
     <span class='ocr_line' id='line_1_28' title="bbox 443 2622 2025 2706; baseline 0.006 -28"><span class='ocrx_word' id='word_1_167' title='bbox 443 2625 573 2689; x_wconf 84' lang='grc' dir='ltr'>σίας.</span> <span class='ocrx_word' id='word_1_168' title='bbox 605 2626 816 2698; x_wconf 82' lang='grc' dir='ltr'>μνῆμα,</span> <span class='ocrx_word' id='word_1_169' title='bbox 859 2629 991 2699; x_wconf 86' lang='grc' dir='ltr'>παρ’</span> <span class='ocrx_word' id='word_1_170' title='bbox 1021 2622 1067 2697; x_wconf 85' lang='grc' dir='ltr'>ᾧ</span> <span class='ocrx_word' id='word_1_171' title='bbox 1105 2630 1221 2698; x_wconf 85' lang='grc' dir='ltr'><strong>φῶς</strong></span> <span class='ocrx_word' id='word_1_172' title='bbox 1271 2630 1658 2706; x_wconf 76' lang='grc' dir='ltr'>ἐξαστράπτων</span> <span class='ocrx_word' id='word_1_173' title='bbox 1706 2637 1735 2687; x_wconf 88' lang='grc' dir='ltr'><strong>ὁ</strong></span> <span class='ocrx_word' id='word_1_174' title='bbox 1781 2635 2025 2700; x_wconf 81' lang='grc' dir='ltr'>καταϐὰς</span> 
     </span>
    </p>
   </div>
   <div class='ocr_carea' id='block_1_29' title="bbox 440 2717 2027 2791">
    <p class='ocr_par' dir='ltr' id='par_1_29' title="bbox 440 2717 2027 2791">
     <span class='ocr_line' id='line_1_29' title="bbox 440 2717 2027 2791; baseline 0.008 -22"><span class='ocrx_word' id='word_1_175' title='bbox 440 2717 732 2789; x_wconf 81' lang='grc' dir='ltr'>οὐρανόθεν</span> <span class='ocrx_word' id='word_1_176' title='bbox 762 2718 1014 2788; x_wconf 80' lang='grc' dir='ltr'>ἄγγελος,</span> <span class='ocrx_word' id='word_1_177' title='bbox 1052 2722 1349 2778; x_wconf 84' lang='grc' dir='ltr'>ἀπεκύλισε</span> <span class='ocrx_word' id='word_1_178' title='bbox 1382 2726 1473 2780; x_wconf 80' lang='grc' dir='ltr'>τὸν</span> <span class='ocrx_word' id='word_1_179' title='bbox 1491 2726 1636 2781; x_wconf 90' lang='grc' dir='ltr'>λίθον</span> <span class='ocrx_word' id='word_1_180' title='bbox 1662 2726 1771 2780; x_wconf 84' lang='grc' dir='ltr'><strong>τῶν</strong></span> <span class='ocrx_word' id='word_1_181' title='bbox 1796 2727 1893 2791; x_wconf 82' lang='grc' dir='ltr'><strong>τὰς</strong></span> <span class='ocrx_word' id='word_1_182' title='bbox 1914 2728 2027 2781; x_wconf 91' lang='grc' dir='ltr'>δια-</span> 
     </span>
    </p>
   </div>
   <div class='ocr_carea' id='block_1_30' title="bbox 440 2807 2026 2890">
    <p class='ocr_par' dir='ltr' id='par_1_30' title="bbox 440 2807 2026 2890">
     <span class='ocr_line' id='line_1_30' title="bbox 440 2807 2026 2890; baseline 0.007 -30"><span class='ocrx_word' id='word_1_183' title='bbox 440 2807 590 2872; x_wconf 90' lang='grc' dir='ltr'>νοίας</span> <span class='ocrx_word' id='word_1_184' title='bbox 625 2807 1026 2881; x_wconf 86' lang='grc' dir='ltr'>λελιθωμένων,</span> <span class='ocrx_word' id='word_1_185' title='bbox 1059 2812 1151 2865; x_wconf 78' lang='grc' dir='ltr'><strong>καὶ</strong></span> <span class='ocrx_word' id='word_1_186' title='bbox 1183 2812 1276 2868; x_wconf 83' lang='grc' dir='ltr'><strong>τὸν</strong></span> <span class='ocrx_word' id='word_1_187' title='bbox 1308 2812 1485 2879; x_wconf 81' lang='grc' dir='ltr'>ζῶντα</span> <span class='ocrx_word' id='word_1_188' title='bbox 1520 2815 1658 2888; x_wconf 86' lang='grc' dir='ltr'>μετὰ</span> <span class='ocrx_word' id='word_1_189' title='bbox 1681 2816 1789 2872; x_wconf 84' lang='grc' dir='ltr'><strong>τῶν</strong></span> <span class='ocrx_word' id='word_1_190' title='bbox 1816 2816 2026 2890; x_wconf 81' lang='grc' dir='ltr'>νεκρῶν</span> 
     </span>
    </p>
   </div>
   <div class='ocr_carea' id='block_1_31' title="bbox 440 2890 2019 2977">
    <p class='ocr_par' dir='ltr' id='par_1_31' title="bbox 440 2890 2019 2977">
     <span class='ocr_line' id='line_1_31' title="bbox 440 2890 2019 2977; baseline 0.006 -27"><span class='ocrx_word' id='word_1_191' title='bbox 440 2895 517 2951; x_wconf 66' lang='grc' dir='ltr'><strong>ἔθ’</strong></span> <span class='ocrx_word' id='word_1_192' title='bbox 545 2897 810 2970; x_wconf 81' lang='grc' dir='ltr'>ὑπάρχειν</span> <span class='ocrx_word' id='word_1_193' title='bbox 844 2900 1248 2972; x_wconf 78' lang='grc' dir='ltr'><strong>ύπειληφότων⁹</strong></span> <span class='ocrx_word' id='word_1_194' title='bbox 1272 2905 1372 2970; x_wconf 86' lang='grc' dir='ltr'><strong>τὰς</strong></span> <span class='ocrx_word' id='word_1_195' title='bbox 1396 2890 1654 2976; x_wconf 73' lang='grc' dir='ltr'>γυναῖκας</span> <span class='ocrx_word' id='word_1_196' title='bbox 1685 2906 2019 2977; x_wconf 78' lang='grc' dir='ltr'>εὐαγγελιζό-</span> 
     </span>
    </p>
   </div>
   <div class='ocr_carea' id='block_1_32' title="bbox 445 2990 2028 3070">
    <p class='ocr_par' dir='ltr' id='par_1_32' title="bbox 445 2990 2028 3070">
     <span class='ocr_line' id='line_1_32' title="bbox 445 2990 2028 3070; baseline 0.005 -24"><span class='ocrx_word' id='word_1_197' title='bbox 445 3010 625 3061; x_wconf 86' lang='grc' dir='ltr'>μενος,</span> <span class='ocrx_word' id='word_1_198' title='bbox 679 2990 770 3043; x_wconf 87' lang='grc' dir='ltr'><strong>τόν</strong></span> <span class='ocrx_word' id='word_1_199' title='bbox 796 3008 855 3045; x_wconf 89' lang='grc' dir='ltr'><strong>τε</strong></span> <span class='ocrx_word' id='word_1_200' title='bbox 877 2993 980 3063; x_wconf 85' lang='grc' dir='ltr'>τῆς</span> <span class='ocrx_word' id='word_1_201' title='bbox 1003 2995 1263 3062; x_wconf 82' lang='grc' dir='ltr'>ἀπιστίας</span> <span class='ocrx_word' id='word_1_202' title='bbox 1311 2996 1459 3053; x_wconf 90' lang='grc' dir='ltr'>λίθον</span> <span class='ocrx_word' id='word_1_203' title='bbox 1498 3000 1598 3070; x_wconf 86' lang='grc' dir='ltr'><strong>τῆς</strong></span> <span class='ocrx_word' id='word_1_204' title='bbox 1632 2999 1814 3054; x_wconf 82' lang='grc' dir='ltr'>αὐτῶν</span> <span class='ocrx_word' id='word_1_205' title='bbox 1834 3001 2028 3055; x_wconf 87' lang='grc' dir='ltr'>διανοί-</span> 
     </span>
    </p>
   </div>
   <div class='ocr_carea' id='block_1_33' title="bbox 442 3074 2026 3162">
    <p class='ocr_par' dir='ltr' id='par_1_33' title="bbox 442 3074 2026 3162">
     <span class='ocr_line' id='line_1_33' title="bbox 442 3074 2026 3162; baseline 0.003 -22"><span class='ocrx_word' id='word_1_206' title='bbox 442 3093 507 3140; x_wconf 87' lang='grc' dir='ltr'><strong>ας</strong></span> <span class='ocrx_word' id='word_1_207' title='bbox 529 3074 640 3148; x_wconf 81' lang='grc'>(88)</span> <span class='ocrx_word' id='word_1_208' title='bbox 663 3079 756 3133; x_wconf 85' lang='grc' dir='ltr'>ὲπί</span> <span class='ocrx_word' id='word_1_209' title='bbox 777 3080 900 3154; x_wconf 77' lang='grc' dir='ltr'>δόξῃ</span> <span class='ocrx_word' id='word_1_210' title='bbox 931 3083 1031 3155; x_wconf 86' lang='grc' dir='ltr'>τῆς</span> <span class='ocrx_word' id='word_1_211' title='bbox 1060 3084 1155 3140; x_wconf 81' lang='grc' dir='ltr'>τοῦ</span> <span class='ocrx_word' id='word_1_212' title='bbox 1184 3083 1514 3159; x_wconf 82' lang='grc' dir='ltr'>ζητουμένου</span> <span class='ocrx_word' id='word_1_213' title='bbox 1531 3089 1676 3161; x_wconf 82' lang='grc' dir='ltr'>ζωῆς</span> <span class='ocrx_word' id='word_1_214' title='bbox 1690 3089 2026 3162; x_wconf 85' lang='grc' dir='ltr'>ἀφαιρούμε-</span> 
     </span>
    </p>
   </div>
   <div class='ocr_carea' id='block_1_34' title="bbox 441 3167 2027 3248">
    <p class='ocr_par' dir='ltr' id='par_1_34' title="bbox 441 3167 2027 3248">
     <span class='ocr_line' id='line_1_34' title="bbox 441 3167 2027 3248; baseline 0.008 -27"><span class='ocrx_word' id='word_1_215' title='bbox 441 3182 552 3231; x_wconf 88' lang='grc' dir='ltr'>νος.</span> <span class='ocrx_word' id='word_1_216' title='bbox 586 3167 756 3223; x_wconf 81' lang='grc' dir='ltr'>Τοῦτο</span> <span class='ocrx_word' id='word_1_217' title='bbox 790 3171 887 3241; x_wconf 85' lang='grc' dir='ltr'>μὲν</span> <span class='ocrx_word' id='word_1_218' title='bbox 924 3168 1018 3227; x_wconf 78' lang='grc' dir='ltr'><strong>οὖν</strong></span> <span class='ocrx_word' id='word_1_219' title='bbox 1059 3174 1122 3228; x_wconf 83' lang='grc' dir='ltr'><strong>τὸ</strong></span> <span class='ocrx_word' id='word_1_220' title='bbox 1161 3177 1428 3248; x_wconf 88' lang='grc' dir='ltr'>σωτήριον</span> <span class='ocrx_word' id='word_1_221' title='bbox 1462 3177 1657 3248; x_wconf 76' lang='grc' dir='ltr'>ἄντρον</span> <span class='ocrx_word' id='word_1_222' title='bbox 1696 3179 1845 3233; x_wconf 81' lang='grc' dir='ltr'>ἄθεοί</span> <span class='ocrx_word' id='word_1_223' title='bbox 1881 3197 2027 3245; x_wconf 87' lang='grc' dir='ltr'>τινες</span> 
     </span>
    </p>
   </div>
   <div class='ocr_carea' id='block_1_35' title="bbox 443 3258 2026 3341">
    <p class='ocr_par' dir='ltr' id='par_1_35' title="bbox 443 3258 2026 3341">
     <span class='ocr_line' id='line_1_35' title="bbox 443 3258 2026 3341; baseline 0.009 -30"><span class='ocrx_word' id='word_1_224' title='bbox 443 3258 538 3311; x_wconf 77' lang='grc' dir='ltr'><strong>καὶ</strong></span> <span class='ocrx_word' id='word_1_225' title='bbox 564 3260 845 3326; x_wconf 84' lang='grc' dir='ltr'>δυσσεϐεῖς</span> <span class='ocrx_word' id='word_1_226' title='bbox 868 3263 1074 3333; x_wconf 85' lang='grc' dir='ltr'>ἀφανὲς</span> <span class='ocrx_word' id='word_1_227' title='bbox 1097 3265 1156 3332; x_wconf 75' lang='grc' dir='ltr'><strong>ἐξ</strong></span> <span class='ocrx_word' id='word_1_228' title='bbox 1177 3266 1480 3339; x_wconf 86' lang='grc' dir='ltr'>ἀνθρώπων</span> <span class='ocrx_word' id='word_1_229' title='bbox 1500 3270 1826 3341; x_wconf 86' lang='grc' dir='ltr'>ποιήσασθαι</span> <span class='ocrx_word' id='word_1_230' title='bbox 1851 3271 2026 3326; x_wconf 82' lang='grc' dir='ltr'>διανε-</span> 
     </span>
    </p>
   </div>
   <div class='ocr_carea' id='block_1_36' title="bbox 441 3347 2026 3436">
    <p class='ocr_par' dir='ltr' id='par_1_36' title="bbox 441 3347 2026 3436">
     <span class='ocr_line' id='line_1_36' title="bbox 441 3347 2026 3436; baseline 0.01 -35"><span class='ocrx_word' id='word_1_231' title='bbox 441 3347 651 3419; x_wconf 84' lang='grc' dir='ltr'>νόηντο,</span> <span class='ocrx_word' id='word_1_232' title='bbox 680 3351 873 3421; x_wconf 81' lang='grc' dir='ltr'>ἄφρονι</span> <span class='ocrx_word' id='word_1_233' title='bbox 892 3352 1137 3425; x_wconf 83' lang='grc' dir='ltr'>λογισμῷ</span> <span class='ocrx_word' id='word_1_234' title='bbox 1160 3356 1260 3429; x_wconf 81' lang='grc' dir='ltr'>τὴν</span> <span class='ocrx_word' id='word_1_235' title='bbox 1290 3356 1548 3428; x_wconf 88' lang='grc' dir='ltr'>ἀλήθειαν</span> <span class='ocrx_word' id='word_1_236' title='bbox 1578 3359 1753 3433; x_wconf 84' lang='grc' dir='ltr'>ταύτῃ</span> <span class='ocrx_word' id='word_1_237' title='bbox 1782 3379 1859 3432; x_wconf 86' lang='grc' dir='ltr'><strong>πη</strong></span> <span class='ocrx_word' id='word_1_238' title='bbox 1891 3363 2026 3436; x_wconf 85' lang='grc' dir='ltr'>κρύ-</span> 
     </span>
    </p>
   </div>
   <div class='ocr_carea' id='block_1_37' title="bbox 443 3436 2024 3525">
    <p class='ocr_par' dir='ltr' id='par_1_37' title="bbox 443 3436 2024 3525">
     <span class='ocr_line' id='line_1_37' title="bbox 443 3436 2024 3525; baseline 0.011 -36"><span class='ocrx_word' id='word_1_239' title='bbox 443 3436 544 3507; x_wconf 76' lang='grc' dir='ltr'><strong>ψαι</strong></span> <span class='ocrx_word' id='word_1_240' title='bbox 581 3438 946 3510; x_wconf 80' lang='grc' dir='ltr'>λογισάμενοι.</span> <span class='ocrx_word' id='word_1_241' title='bbox 980 3443 1091 3497; x_wconf 71' lang='grc' dir='ltr'>Καὶ</span> <span class='ocrx_word' id='word_1_242' title='bbox 1131 3444 1194 3516; x_wconf 80' lang='grc' dir='ltr'>δὴ</span> <span class='ocrx_word' id='word_1_243' title='bbox 1237 3446 1404 3500; x_wconf 86' lang='grc' dir='ltr'>πολὺν</span> <span class='ocrx_word' id='word_1_244' title='bbox 1442 3449 1883 3522; x_wconf 75' lang='grc' dir='ltr'>εἰσενεγκάμενοι</span> <span class='ocrx_word' id='word_1_245' title='bbox 1926 3454 2024 3525; x_wconf 88' lang='grc' dir='ltr'>μό-</span> 
     </span>
    </p>
   </div>
   <div class='ocr_carea' id='block_1_38' title="bbox 442 3528 2026 3612">
    <p class='ocr_par' dir='ltr' id='par_1_38' title="bbox 442 3528 2026 3612">
     <span class='ocr_line' id='line_1_38' title="bbox 442 3528 2026 3612; baseline 0.011 -31"><span class='ocrx_word' id='word_1_246' title='bbox 442 3528 592 3598; x_wconf 85' lang='grc' dir='ltr'>χθον,</span> <span class='ocrx_word' id='word_1_247' title='bbox 621 3530 727 3600; x_wconf 80' lang='grc' dir='ltr'><strong>γῆν</strong></span> <span class='ocrx_word' id='word_1_248' title='bbox 753 3528 952 3596; x_wconf 76' lang='grc' dir='ltr'>ἔξωθέν</span> <span class='ocrx_word' id='word_1_249' title='bbox 982 3534 1147 3589; x_wconf 90' lang='grc' dir='ltr'>ποθεν</span> <span class='ocrx_word' id='word_1_250' title='bbox 1180 3538 1602 3610; x_wconf 82' lang='grc' dir='ltr'>εἰσφορήσαντες</span> <span class='ocrx_word' id='word_1_251' title='bbox 1619 3540 1754 3612; x_wconf 88' lang='grc'><strong>(89),</strong></span> <span class='ocrx_word' id='word_1_252' title='bbox 1776 3543 1867 3597; x_wconf 86' lang='grc' dir='ltr'><strong>τὸν</strong></span> <span class='ocrx_word' id='word_1_253' title='bbox 1888 3545 2026 3599; x_wconf 75' lang='grc' dir='ltr'>πάν-</span> 
     </span>
    </p>
   </div>
   <div class='ocr_carea' id='block_1_39' title="bbox 442 3619 2022 3707">
    <p class='ocr_par' dir='ltr' id='par_1_39' title="bbox 442 3619 2022 3707">
     <span class='ocr_line' id='line_1_39' title="bbox 442 3619 2022 3707; baseline 0.012 -36"><span class='ocrx_word' id='word_1_254' title='bbox 442 3635 514 3672; x_wconf 90' lang='grc' dir='ltr'><strong>τα</strong></span> <span class='ocrx_word' id='word_1_255' title='bbox 536 3619 869 3676; x_wconf 82' lang='grc' dir='ltr'>καλύπτουσι</span> <span class='ocrx_word' id='word_1_256' title='bbox 895 3623 1082 3689; x_wconf 87' lang='grc' dir='ltr'>τόπον,</span> <span class='ocrx_word' id='word_1_257' title='bbox 1099 3626 1315 3681; x_wconf 73' lang='grc' dir='ltr'>κᾶπειτ’</span> <span class='ocrx_word' id='word_1_258' title='bbox 1342 3631 1423 3694; x_wconf 91' lang='grc' dir='ltr'><strong>εἰς</strong></span> <span class='ocrx_word' id='word_1_259' title='bbox 1446 3628 1581 3700; x_wconf 78' lang='grc' dir='ltr'>ὕψος</span> <span class='ocrx_word' id='word_1_260' title='bbox 1626 3634 2022 3707; x_wconf 85' lang='grc' dir='ltr'>αἰωρήσαντες,</span> 
     </span>
    </p>
   </div>
   <div class='ocr_carea' id='block_1_40' title="bbox 444 3709 2024 3800">
    <p class='ocr_par' dir='ltr' id='par_1_40' title="bbox 444 3709 2024 3800">
     <span class='ocr_line' id='line_1_40' title="bbox 444 3709 2024 3800; baseline 0.013 -38"><span class='ocrx_word' id='word_1_261' title='bbox 444 3709 577 3781; x_wconf 86' lang='grc' dir='ltr'>λίθῳ</span> <span class='ocrx_word' id='word_1_262' title='bbox 607 3729 667 3765; x_wconf 89' lang='grc' dir='ltr'><strong>τε</strong></span> <span class='ocrx_word' id='word_1_263' title='bbox 703 3715 1207 3788; x_wconf 82' lang='grc' dir='ltr'>καταστρώσαντες,</span> <span class='ocrx_word' id='word_1_264' title='bbox 1243 3720 1395 3775; x_wconf 84' lang='grc' dir='ltr'>κάτω</span> <span class='ocrx_word' id='word_1_265' title='bbox 1426 3739 1531 3775; x_wconf 90' lang='grc' dir='ltr'><strong>που</strong></span> <span class='ocrx_word' id='word_1_266' title='bbox 1567 3723 1630 3777; x_wconf 81' lang='grc' dir='ltr'>τὸ</span> <span class='ocrx_word' id='word_1_267' title='bbox 1658 3723 1800 3779; x_wconf 89' lang='grc' dir='ltr'>θεῖον</span> <span class='ocrx_word' id='word_1_268' title='bbox 1829 3727 2024 3800; x_wconf 80' lang='grc' dir='ltr'>ἄντρον</span> 
     </span>
    </p>
   </div>
   <div class='ocr_carea' id='block_1_41' title="bbox 445 3802 2027 3885">
    <p class='ocr_par' dir='ltr' id='par_1_41' title="bbox 445 3802 2027 3885">
     <span class='ocr_line' id='line_1_41' title="bbox 445 3802 2027 3885; baseline 0.011 -31"><span class='ocrx_word' id='word_1_269' title='bbox 445 3802 551 3855; x_wconf 83' lang='grc' dir='ltr'>ὑπὸ</span> <span class='ocrx_word' id='word_1_270' title='bbox 579 3803 758 3877; x_wconf 88' lang='grc' dir='ltr'>πολλῷ</span> <span class='ocrx_word' id='word_1_271' title='bbox 791 3805 869 3877; x_wconf 84' lang='grc' dir='ltr'>τῷ</span> <span class='ocrx_word' id='word_1_272' title='bbox 900 3808 1113 3880; x_wconf 85' lang='grc' dir='ltr'>χώματι</span> <span class='ocrx_word' id='word_1_273' title='bbox 1142 3812 1619 3885; x_wconf 82' lang='grc' dir='ltr'>κατακρύπτουσιν</span> <span class='ocrx_word' id='word_1_274' title='bbox 1638 3833 1651 3845; x_wconf 91' lang='grc'>·</span> <span class='ocrx_word' id='word_1_275' title='bbox 1689 3813 1791 3870; x_wconf 85' lang='grc' dir='ltr'>εἷθ’</span> <span class='ocrx_word' id='word_1_276' title='bbox 1820 3819 1896 3883; x_wconf 84' lang='grc' dir='ltr'><strong>ὡς</strong></span> <span class='ocrx_word' id='word_1_277' title='bbox 1935 3820 2027 3872; x_wconf 88' lang='grc' dir='ltr'>οὑ-</span> 
     </span>
    </p>
   </div>
   <div class='ocr_carea' id='block_1_42' title="bbox 442 3892 2027 3979">
    <p class='ocr_par' dir='ltr' id='par_1_42' title="bbox 442 3892 2027 3979">
     <span class='ocr_line' id='line_1_42' title="bbox 442 3892 2027 3979; baseline 0.012 -34"><span class='ocrx_word' id='word_1_278' title='bbox 442 3892 592 3958; x_wconf 84' lang='grc' dir='ltr'>δενδς</span> <span class='ocrx_word' id='word_1_279' title='bbox 613 3896 798 3960; x_wconf 79' lang='grc' dir='ltr'>αὐτοῖς</span> <span class='ocrx_word' id='word_1_280' title='bbox 818 3898 1163 3971; x_wconf 82' lang='grc' dir='ltr'>λειπομένου,</span> <span class='ocrx_word' id='word_1_281' title='bbox 1194 3905 1293 3975; x_wconf 81' lang='grc' dir='ltr'><strong>τῆς</strong></span> <span class='ocrx_word' id='word_1_282' title='bbox 1319 3906 1422 3976; x_wconf 84' lang='grc' dir='ltr'><strong>γῆς</strong></span> <span class='ocrx_word' id='word_1_283' title='bbox 1458 3904 1717 3979; x_wconf 81' lang='grc' dir='ltr'>ὕπερθεν,</span> <span class='ocrx_word' id='word_1_284' title='bbox 1750 3909 1921 3965; x_wconf 84' lang='grc' dir='ltr'>δεινὸν</span> <span class='ocrx_word' id='word_1_285' title='bbox 1951 3911 2027 3976; x_wconf 85' lang='grc' dir='ltr'>ὠς</span> 
     </span>
    </p>
   </div>
   <div class='ocr_carea' id='block_1_43' title="bbox 442 3985 2028 4073">
    <p class='ocr_par' dir='ltr' id='par_1_43' title="bbox 442 3985 2028 4073">
     <span class='ocr_line' id='line_1_43' title="bbox 442 3985 2028 4073; baseline 0.011 -35"><span class='ocrx_word' id='word_1_286' title='bbox 442 3985 662 4057; x_wconf 80' lang='grc' dir='ltr'>ἀληθῶς</span> <span class='ocrx_word' id='word_1_287' title='bbox 687 3990 940 4058; x_wconf 83' lang='grc' dir='ltr'>ταφεῶνα</span> <span class='ocrx_word' id='word_1_288' title='bbox 969 3992 1156 4065; x_wconf 78' lang='grc' dir='ltr'>ψυχῶν</span> <span class='ocrx_word' id='word_1_289' title='bbox 1183 3997 1656 4063; x_wconf 75' lang='grc' dir='ltr'>ἐπισκευάζουσιν,</span> <span class='ocrx_word' id='word_1_290' title='bbox 1698 4002 1907 4073; x_wconf 85' lang='grc' dir='ltr'>νεκρῶν</span> <span class='ocrx_word' id='word_1_291' title='bbox 1950 4005 2028 4056; x_wconf 87' lang='grc' dir='ltr'>εἰ-</span> 
     </span>
    </p>
   </div>
   <div class='ocr_carea' id='block_1_44' title="bbox 440 4076 2028 4165">
    <p class='ocr_par' dir='ltr' id='par_1_44' title="bbox 440 4076 2028 4165">
     <span class='ocr_line' id='line_1_44' title="bbox 440 4076 2028 4165; baseline 0.011 -34"><span class='ocrx_word' id='word_1_292' title='bbox 440 4076 624 4132; x_wconf 81' lang='grc' dir='ltr'>δώλων</span> <span class='ocrx_word' id='word_1_293' title='bbox 660 4082 872 4137; x_wconf 89' lang='grc' dir='ltr'>σκότιον</span> <span class='ocrx_word' id='word_1_294' title='bbox 922 4085 1243 4159; x_wconf 83' lang='grc' dir='ltr'>Ἀφροδίτης</span> <span class='ocrx_word' id='word_1_295' title='bbox 1278 4087 1563 4161; x_wconf 84' lang='grc' dir='ltr'>ἀκολάστῳ</span> <span class='ocrx_word' id='word_1_296' title='bbox 1605 4090 1819 4162; x_wconf 81' lang='grc' dir='ltr'>δαίμονι</span> <span class='ocrx_word' id='word_1_297' title='bbox 1858 4095 2028 4165; x_wconf 86' lang='grc' dir='ltr'>μυχὸν</span> 
     </span>
    </p>
   </div>
   <div class='ocr_carea' id='block_1_45' title="bbox 441 4174 2031 4253">
    <p class='ocr_par' dir='ltr' id='par_1_45' title="bbox 441 4174 2031 4253">
     <span class='ocr_line' id='line_1_45' title="bbox 441 4174 2031 4253; baseline 0.009 -28"><span class='ocrx_word' id='word_1_298' title='bbox 441 4174 958 4247; x_wconf 66' lang='grc' dir='ltr'>οἰκοδομησάμενον</span> <span class='ocrx_word' id='word_1_299' title='bbox 998 4179 1232 4233; x_wconf 76' lang='grc' dir='ltr'>κᾶπειτα</span> <span class='ocrx_word' id='word_1_300' title='bbox 1268 4181 1518 4253; x_wconf 81' lang='grc' dir='ltr'>μυσαρὰς</span> <span class='ocrx_word' id='word_1_301' title='bbox 1549 4183 1799 4236; x_wconf 77' lang='grc' dir='ltr'>ἐνταυθοῖ</span> <span class='ocrx_word' id='word_1_302' title='bbox 1839 4184 2031 4250; x_wconf 83' lang='grc' dir='ltr'>θυσίας</span> 
     </span>
    </p>
   </div>
   <div class='ocr_carea' id='block_1_46' title="bbox 443 4262 2023 4346">
    <p class='ocr_par' dir='ltr' id='par_1_46' title="bbox 443 4262 2023 4346">
     <span class='ocr_line' id='line_1_46' title="bbox 443 4262 2023 4346; baseline 0.011 -33"><span class='ocrx_word' id='word_1_303' title='bbox 443 4262 538 4314; x_wconf 70' lang='grc' dir='ltr'>ἐπὶ</span> <span class='ocrx_word' id='word_1_304' title='bbox 568 4262 810 4336; x_wconf 83' lang='grc' dir='ltr'>βεϐήλων</span> <span class='ocrx_word' id='word_1_305' title='bbox 843 4267 937 4320; x_wconf 79' lang='grc' dir='ltr'><strong>καὶ</strong></span> <span class='ocrx_word' id='word_1_306' title='bbox 965 4269 1176 4338; x_wconf 83' lang='grc' dir='ltr'>ὲναγῶν</span> <span class='ocrx_word' id='word_1_307' title='bbox 1208 4270 1409 4341; x_wconf 83' lang='grc' dir='ltr'>βωμῶν</span> <span class='ocrx_word' id='word_1_308' title='bbox 1436 4273 1850 4338; x_wconf 80' lang='grc' dir='ltr'>ὲπισπένδοντες</span> <span class='ocrx_word' id='word_1_309' title='bbox 1880 4276 2023 4346; x_wconf 86' lang='grc'>(90)·</span> 
     </span>
    </p>
   </div>
   <div class='ocr_carea' id='block_1_47' title="bbox 440 4353 2026 4432">
    <p class='ocr_par' dir='ltr' id='par_1_47' title="bbox 440 4353 2026 4432">
     <span class='ocr_line' id='line_1_47' title="bbox 440 4353 2026 4432; baseline 0.008 -24"><span class='ocrx_word' id='word_1_310' title='bbox 440 4353 614 4429; x_wconf 80' lang='grc' dir='ltr'>ταύτῃ</span> <span class='ocrx_word' id='word_1_311' title='bbox 645 4355 756 4427; x_wconf 83' lang='grc' dir='ltr'><strong>γὰρ</strong></span> <span class='ocrx_word' id='word_1_312' title='bbox 791 4359 969 4430; x_wconf 87' lang='grc' dir='ltr'>μόνως</span> <span class='ocrx_word' id='word_1_313' title='bbox 1005 4360 1101 4415; x_wconf 71' lang='grc' dir='ltr'>καὶ</span> <span class='ocrx_word' id='word_1_314' title='bbox 1121 4361 1223 4416; x_wconf 86' lang='grc' dir='ltr'><strong>οὐκ</strong></span> <span class='ocrx_word' id='word_1_315' title='bbox 1251 4362 1446 4427; x_wconf 82' lang='grc' dir='ltr'>ἄλλως,</span> <span class='ocrx_word' id='word_1_316' title='bbox 1476 4364 1538 4417; x_wconf 78' lang='grc' dir='ltr'>τὸ</span> <span class='ocrx_word' id='word_1_317' title='bbox 1572 4364 1908 4419; x_wconf 86' lang='grc' dir='ltr'>σπουδασθὲν</span> <span class='ocrx_word' id='word_1_318' title='bbox 1945 4370 2026 4432; x_wconf 90' lang='grc' dir='ltr'><strong>εἰς</strong></span> 
     </span>
    </p>
   </div>
   <div class='ocr_carea' id='block_1_48' title="bbox 2121 657 3691 727">
    <p class='ocr_par' dir='ltr' id='par_1_48' title="bbox 2121 657 3691 727">
     <span class='ocr_line' id='line_1_48' title="bbox 2121 657 3691 727; baseline 0 -16"><span class='ocrx_word' id='word_1_319' title='bbox 2121 659 2216 711; x_wconf 74' lang='lat' dir='ltr'><strong>site</strong></span> <span class='ocrx_word' id='word_1_320' title='bbox 2251 659 2499 727; x_wconf 89' lang='lat' dir='ltr'><strong>populos,</strong></span> <span class='ocrx_word' id='word_1_321' title='bbox 2534 660 2618 712; x_wconf 88' lang='lat' dir='ltr'><strong>vir</strong></span> <span class='ocrx_word' id='word_1_322' title='bbox 2650 660 3021 715; x_wconf 86' lang='lat' dir='ltr'><strong>beatissimus.</strong></span> <span class='ocrx_word' id='word_1_323' title='bbox 3063 657 3264 713; x_wconf 69' lang='lat' dir='ltr'><strong>Verum</strong></span> <span class='ocrx_word' id='word_1_324' title='bbox 3296 659 3413 713; x_wconf 80' lang='lat' dir='ltr'><strong>haec</strong></span> <span class='ocrx_word' id='word_1_325' title='bbox 3441 665 3691 726; x_wconf 86' lang='lat' dir='ltr'><strong>separato</strong></span> 
     </span>
    </p>
   </div>
   <div class='ocr_carea' id='block_1_49' title="bbox 2121 749 3695 822">
    <p class='ocr_par' dir='ltr' id='par_1_49' title="bbox 2121 749 3695 822">
     <span class='ocr_line' id='line_1_49' title="bbox 2121 749 3695 822; baseline 0.002 -21"><span class='ocrx_word' id='word_1_326' title='bbox 2121 752 2399 805; x_wconf 79' lang='lat' dir='ltr'><strong>volumine</strong></span> <span class='ocrx_word' id='word_1_327' title='bbox 2436 752 2718 822; x_wconf 78' lang='lat' dir='ltr'><strong>colligere,</strong></span> <span class='ocrx_word' id='word_1_328' title='bbox 2752 752 2891 806; x_wconf 86' lang='lat' dir='ltr'><strong>alias</strong></span> <span class='ocrx_word' id='word_1_329' title='bbox 2928 751 3161 806; x_wconf 88' lang='lat' dir='ltr'><strong>fortasse</strong></span> <span class='ocrx_word' id='word_1_330' title='bbox 3193 753 3363 805; x_wconf 92' lang='lat' dir='ltr'><strong>otium</strong></span> <span class='ocrx_word' id='word_1_331' title='bbox 3408 749 3592 817; x_wconf 84' lang='lat' dir='ltr'><strong>fuerit,</strong></span> <span class='ocrx_word' id='word_1_332' title='bbox 3627 762 3695 804; x_wconf 85' lang='lat' dir='ltr'><strong>ne</strong></span> 
     </span>
    </p>
   </div>
   <div class='ocr_carea' id='block_1_50' title="bbox 2121 841 3480 911">
    <p class='ocr_par' dir='ltr' id='par_1_50' title="bbox 2121 841 3480 911">
     <span class='ocr_line' id='line_1_50' title="bbox 2121 841 3480 911; baseline -0.001 -16"><span class='ocrx_word' id='word_1_333' title='bbox 2121 841 2281 909; x_wconf 84' lang='lat' dir='ltr'><strong>hujus</strong></span> <span class='ocrx_word' id='word_1_334' title='bbox 2316 841 2569 897; x_wconf 70' lang='lat' dir='ltr'><strong>Historia:</strong></span> <span class='ocrx_word' id='word_1_335' title='bbox 2601 854 2803 897; x_wconf 73' lang='lat' dir='ltr'><strong>nostra:</strong></span> <span class='ocrx_word' id='word_1_336' title='bbox 2832 843 3005 896; x_wconf 88' lang='lat' dir='ltr'><strong>series</strong></span> <span class='ocrx_word' id='word_1_337' title='bbox 3037 842 3480 911; x_wconf 83' lang='lat' dir='ltr'><strong>interrumpatur.</strong></span> 
     </span>
    </p>
   </div>
   <div class='ocr_carea' id='block_1_51' title="bbox 2593 1018 3226 1093">
    <p class='ocr_par' dir='ltr' id='par_1_51' title="bbox 2593 1018 3226 1093">
     <span class='ocr_line' id='line_1_51' title="bbox 2593 1018 3226 1093; baseline -0.003 -17"><span class='ocrx_word' id='word_1_338' title='bbox 2593 1020 2757 1093; x_wconf 58' lang='lat'><strong>597</strong></span> <span class='ocrx_word' id='word_1_339' title='bbox 2791 1019 3030 1076; x_wconf 85' lang='lat' dir='ltr'><strong>CAPUT&#39;</strong></span> <span class='ocrx_word' id='word_1_340' title='bbox 3058 1018 3226 1074; x_wconf 80' lang='lat' dir='ltr'><strong>xxv.</strong></span> 
     </span>
    </p>
   </div>
   <div class='ocr_carea' id='block_1_52' title="bbox 2122 1112 3695 1185">
    <p class='ocr_par' dir='ltr' id='par_1_52' title="bbox 2122 1112 3695 1185">
     <span class='ocr_line' id='line_1_52' title="bbox 2122 1112 3695 1185; baseline -0.005 -14"><span class='ocrx_word' id='word_1_341' title='bbox 2122 1117 2397 1184; x_wconf 82' lang='lat' dir='ltr'><strong>Quomodo</strong></span> <span class='ocrx_word' id='word_1_342' title='bbox 2425 1116 2805 1185; x_wconf 74' lang='lat' dir='ltr'><strong>Hierosolymis</strong></span> <span class='ocrx_word' id='word_1_343' title='bbox 2832 1116 2886 1185; x_wconf 74' lang='lat' dir='ltr'><strong>in</strong></span> <span class='ocrx_word' id='word_1_344' title='bbox 2934 1126 3116 1168; x_wconf 85' lang='lat' dir='ltr'><strong>sancto</strong></span> <span class='ocrx_word' id='word_1_345' title='bbox 3141 1112 3442 1185; x_wconf 65' lang='lat' dir='ltr'><strong>meinicw_</strong></span> <span class='ocrx_word' id='word_1_346' title='bbox 3464 1126 3695 1166; x_wconf 72' lang='lat' dir='ltr'><strong>resurreo</strong></span> 
     </span>
    </p>
   </div>
   <div class='ocr_carea' id='block_1_53' title="bbox 2353 1182 3485 1252">
    <p class='ocr_par' dir='ltr' id='par_1_53' title="bbox 2353 1182 3485 1252">
     <span class='ocr_line' id='line_1_53' title="bbox 2353 1182 3485 1252; baseline -0.004 -11"><span class='ocrx_word' id='word_1_347' title='bbox 2353 1186 2548 1241; x_wconf 84' lang='lat' dir='ltr'><strong>ctionis</strong></span> <span class='ocrx_word' id='word_1_348' title='bbox 2580 1182 2694 1239; x_wconf 84' lang='lat' dir='ltr'><strong>loco</strong></span> <span class='ocrx_word' id='word_1_349' title='bbox 2724 1183 2973 1252; x_wconf 86' lang='lat' dir='ltr'><strong>templum</strong></span> <span class='ocrx_word' id='word_1_350' title='bbox 3000 1182 3198 1236; x_wconf 67' lang='lat' dir='ltr'><strong>exstrui</strong></span> <span class='ocrx_word' id='word_1_351' title='bbox 3223 1182 3485 1249; x_wconf 66' lang='lat' dir='ltr'><strong>pra’cepit.</strong></span> 
     </span>
    </p>
   </div>
   <div class='ocr_carea' id='block_1_54' title="bbox 2188 1272 3693 1352">
    <p class='ocr_par' dir='ltr' id='par_1_54' title="bbox 2188 1272 3693 1352">
     <span class='ocr_line' id='line_1_54' title="bbox 2188 1272 3693 1352; baseline -0.009 -14"><span class='ocrx_word' id='word_1_352' title='bbox 2188 1282 2285 1338; x_wconf 84' lang='lat' dir='ltr'><strong>His</strong></span> <span class='ocrx_word' id='word_1_353' title='bbox 2310 1281 2379 1336; x_wconf 92' lang='lat' dir='ltr'><strong>ita</strong></span> <span class='ocrx_word' id='word_1_354' title='bbox 2399 1279 2585 1352; x_wconf 87' lang='lat' dir='ltr'><strong>gestis,</strong></span> <span class='ocrx_word' id='word_1_355' title='bbox 2606 1280 2901 1347; x_wconf 76' lang='lat' dir='ltr'><strong>imperator</strong></span> <span class='ocrx_word' id='word_1_356' title='bbox 2922 1275 3032 1330; x_wconf 90' lang='lat' dir='ltr'><strong>Deo</strong></span> <span class='ocrx_word' id='word_1_357' title='bbox 3059 1276 3257 1330; x_wconf 89' lang='lat' dir='ltr'><strong>charus</strong></span> <span class='ocrx_word' id='word_1_358' title='bbox 3269 1275 3414 1328; x_wconf 85' lang='lat' dir='ltr'><strong>aliud</strong></span> <span class='ocrx_word' id='word_1_359' title='bbox 3437 1272 3693 1343; x_wconf 85' lang='lat' dir='ltr'><strong>quiddam</strong></span> 
     </span>
    </p>
   </div>
   <div class='ocr_carea' id='block_1_55' title="bbox 2125 1365 3693 1445">
    <p class='ocr_par' dir='ltr' id='par_1_55' title="bbox 2125 1365 3693 1445">
     <span class='ocr_line' id='line_1_55' title="bbox 2125 1365 3693 1445; baseline -0.01 -14"><span class='ocrx_word' id='word_1_360' title='bbox 2125 1372 2372 1445; x_wconf 80' lang='lat' dir='ltr'><strong>inprimis</strong></span> <span class='ocrx_word' id='word_1_361' title='bbox 2428 1369 2788 1425; x_wconf 83' lang='lat' dir='ltr'><strong>memorabile</strong></span> <span class='ocrx_word' id='word_1_362' title='bbox 2823 1383 3109 1439; x_wconf 78' lang='lat' dir='ltr'><strong>aggressus</strong></span> <span class='ocrx_word' id='word_1_363' title='bbox 3147 1376 3231 1422; x_wconf 89' lang='lat' dir='ltr'><strong>est</strong></span> <span class='ocrx_word' id='word_1_364' title='bbox 3280 1368 3333 1421; x_wconf 90' lang='lat' dir='ltr'><strong>in</strong></span> <span class='ocrx_word' id='word_1_365' title='bbox 3385 1365 3693 1420; x_wconf 82' lang='lat' dir='ltr'><strong>Palaestina.</strong></span> 
     </span>
    </p>
   </div>
   <div class='ocr_carea' id='block_1_56' title="bbox 2120 1453 3696 1530">
    <p class='ocr_par' dir='ltr' id='par_1_56' title="bbox 2120 1453 3696 1530">
     <span class='ocr_line' id='line_1_56' title="bbox 2120 1453 3696 1530; baseline -0.008 -13"><span class='ocrx_word' id='word_1_366' title='bbox 2120 1463 2392 1530; x_wconf 85' lang='lat' dir='ltr'><strong>Quidnam</strong></span> <span class='ocrx_word' id='word_1_367' title='bbox 2445 1476 2580 1517; x_wconf 90' lang='lat' dir='ltr'><strong>vero</strong></span> <span class='ocrx_word' id='word_1_368' title='bbox 2611 1461 2744 1515; x_wconf 90' lang='lat' dir='ltr'><strong>illud</strong></span> <span class='ocrx_word' id='word_1_369' title='bbox 2766 1460 2891 1515; x_wconf 88' lang='lat' dir='ltr'><strong>est?</strong></span> <span class='ocrx_word' id='word_1_370' title='bbox 2919 1459 3297 1515; x_wconf 87' lang='lat' dir='ltr'><strong>Beatissimum</strong></span> <span class='ocrx_word' id='word_1_371' title='bbox 3326 1456 3477 1510; x_wconf 91' lang='lat' dir='ltr'><strong>illum</strong></span> <span class='ocrx_word' id='word_1_372' title='bbox 3510 1453 3696 1508; x_wconf 90' lang='lat' dir='ltr'><strong>Domi-</strong></span> 
     </span>
    </p>
   </div>
   <div class='ocr_carea' id='block_1_57' title="bbox 2119 1545 3689 1622">
    <p class='ocr_par' dir='ltr' id='par_1_57' title="bbox 2119 1545 3689 1622">
     <span class='ocr_line' id='line_1_57' title="bbox 2119 1545 3689 1622; baseline -0.009 -11"><span class='ocrx_word' id='word_1_373' title='bbox 2119 1556 2257 1611; x_wconf 72' lang='lat' dir='ltr'><strong>nica:</strong></span> <span class='ocrx_word' id='word_1_374' title='bbox 2285 1553 2707 1609; x_wconf 75' lang='lat' dir='ltr'><strong>resurrectionis</strong></span> <span class='ocrx_word' id='word_1_375' title='bbox 2731 1553 2909 1607; x_wconf 92' lang='lat' dir='ltr'><strong>locum</strong></span> <span class='ocrx_word' id='word_1_376' title='bbox 2937 1552 3028 1622; x_wconf 91' lang='lat' dir='ltr'><strong>qui</strong></span> <span class='ocrx_word' id='word_1_377' title='bbox 3064 1558 3147 1605; x_wconf 90' lang='lat' dir='ltr'><strong>est</strong></span> <span class='ocrx_word' id='word_1_378' title='bbox 3171 1545 3584 1617; x_wconf 84' lang='lat' dir='ltr'><strong>Hierosolymis,</strong></span> <span class='ocrx_word' id='word_1_379' title='bbox 3618 1545 3689 1598; x_wconf 91' lang='lat' dir='ltr'><strong>il-</strong></span> 
     </span>
    </p>
   </div>
   <div class='ocr_carea' id='block_1_58' title="bbox 2121 1636 3698 1701">
    <p class='ocr_par' dir='ltr' id='par_1_58' title="bbox 2121 1636 3698 1701">
     <span class='ocr_line' id='line_1_58' title="bbox 2121 1636 3698 1701; baseline -0.007 -1"><span class='ocrx_word' id='word_1_380' title='bbox 2121 1647 2347 1701; x_wconf 89' lang='lat' dir='ltr'><strong>lustrem</strong></span> <span class='ocrx_word' id='word_1_381' title='bbox 2373 1659 2438 1700; x_wconf 88' lang='lat' dir='ltr'><strong>ac</strong></span> <span class='ocrx_word' id='word_1_382' title='bbox 2466 1644 2838 1699; x_wconf 84' lang='lat' dir='ltr'><strong>venerabilem</strong></span> <span class='ocrx_word' id='word_1_383' title='bbox 2869 1642 3087 1699; x_wconf 79' lang='lat' dir='ltr'><strong>cunctis</strong></span> <span class='ocrx_word' id='word_1_384' title='bbox 3106 1638 3429 1695; x_wconf 83' lang='lat' dir='ltr'><strong>mortalibus</strong></span> <span class='ocrx_word' id='word_1_385' title='bbox 3461 1636 3698 1701; x_wconf 80' lang='lat' dir='ltr'><strong>emcere,</strong></span> 
     </span>
    </p>
   </div>
   <div class='ocr_carea' id='block_1_59' title="bbox 2122 1731 3697 1800">
    <p class='ocr_par' dir='ltr' id='par_1_59' title="bbox 2122 1731 3697 1800">
     <span class='ocr_line' id='line_1_59' title="bbox 2122 1731 3697 1800; baseline -0.008 -5"><span class='ocrx_word' id='word_1_386' title='bbox 2122 1737 2283 1795; x_wconf 85' lang='lat' dir='ltr'><strong>olilcii</strong></span> <span class='ocrx_word' id='word_1_387' title='bbox 2313 1736 2396 1791; x_wconf 90' lang='lat' dir='ltr'><strong>sui</strong></span> <span class='ocrx_word' id='word_1_388' title='bbox 2437 1750 2560 1791; x_wconf 92' lang='lat' dir='ltr'><strong>esse</strong></span> <span class='ocrx_word' id='word_1_389' title='bbox 2597 1735 2954 1790; x_wconf 86' lang='lat' dir='ltr'><strong>existimavit.</strong></span> <span class='ocrx_word' id='word_1_390' title='bbox 2990 1731 3287 1789; x_wconf 78' lang='lat' dir='ltr'><strong>Confestim</strong></span> <span class='ocrx_word' id='word_1_391' title='bbox 3321 1731 3482 1800; x_wconf 83' lang='lat' dir='ltr'><strong>igitur</strong></span> <span class='ocrx_word' id='word_1_392' title='bbox 3512 1740 3697 1783; x_wconf 84' lang='lat' dir='ltr'><strong>orato-</strong></span> 
     </span>
    </p>
   </div>
   <div class='ocr_carea' id='block_1_60' title="bbox 2126 1819 3699 1889">
    <p class='ocr_par' dir='ltr' id='par_1_60' title="bbox 2126 1819 3699 1889">
     <span class='ocr_line' id='line_1_60' title="bbox 2126 1819 3699 1889; baseline -0.009 -5"><span class='ocrx_word' id='word_1_393' title='bbox 2126 1831 2262 1884; x_wconf 93' lang='lat' dir='ltr'><strong>rium</strong></span> <span class='ocrx_word' id='word_1_394' title='bbox 2286 1828 2485 1883; x_wconf 89' lang='lat' dir='ltr'><strong>ibidem</strong></span> <span class='ocrx_word' id='word_1_395' title='bbox 2503 1826 2714 1881; x_wconf 78' lang='lat' dir='ltr'><strong>exstrui</strong></span> <span class='ocrx_word' id='word_1_396' title='bbox 2739 1824 3021 1879; x_wconf 86' lang='lat' dir='ltr'><strong>mandavit</strong></span> <span class='ocrx_word' id='word_1_397' title='bbox 3047 1841 3062 1876; x_wconf 90' lang='lat'><strong>:</strong></span> <span class='ocrx_word' id='word_1_398' title='bbox 3088 1837 3195 1876; x_wconf 92' lang='lat' dir='ltr'><strong>non</strong></span> <span class='ocrx_word' id='word_1_399' title='bbox 3220 1819 3424 1889; x_wconf 87' lang='lat' dir='ltr'><strong>absque</strong></span> <span class='ocrx_word' id='word_1_400' title='bbox 3450 1819 3543 1873; x_wconf 87' lang='lat' dir='ltr'><strong>Dei</strong></span> <span class='ocrx_word' id='word_1_401' title='bbox 3567 1826 3699 1871; x_wconf 87' lang='lat' dir='ltr'><strong>nutu</strong></span> 
     </span>
    </p>
   </div>
   <div class='ocr_carea' id='block_1_61' title="bbox 2122 1910 3699 1989">
    <p class='ocr_par' dir='ltr' id='par_1_61' title="bbox 2122 1910 3699 1989">
     <span class='ocr_line' id='line_1_61' title="bbox 2122 1910 3699 1989; baseline -0.008 -12"><span class='ocrx_word' id='word_1_402' title='bbox 2122 1938 2188 1977; x_wconf 85' lang='lat' dir='ltr'><strong>eo</strong></span> <span class='ocrx_word' id='word_1_403' title='bbox 2218 1921 2470 1975; x_wconf 90' lang='lat' dir='ltr'><strong>inductus</strong></span> <span class='ocrx_word' id='word_1_404' title='bbox 2491 1958 2507 1984; x_wconf 88' lang='lat'><strong>,</strong></span> <span class='ocrx_word' id='word_1_405' title='bbox 2539 1918 2635 1975; x_wconf 90' lang='lat' dir='ltr'><strong>sed</strong></span> <span class='ocrx_word' id='word_1_406' title='bbox 2671 1917 2792 1989; x_wconf 90' lang='lat' dir='ltr'><strong>ipso</strong></span> <span class='ocrx_word' id='word_1_407' title='bbox 2827 1917 3121 1971; x_wconf 80' lang='lat' dir='ltr'><strong>Servatore</strong></span> <span class='ocrx_word' id='word_1_408' title='bbox 3144 1914 3265 1984; x_wconf 85' lang='lat' dir='ltr'><strong>ejus</strong></span> <span class='ocrx_word' id='word_1_409' title='bbox 3287 1913 3528 1967; x_wconf 85' lang='lat' dir='ltr'><strong>animum</strong></span> <span class='ocrx_word' id='word_1_410' title='bbox 3560 1910 3699 1965; x_wconf 84' lang='lat' dir='ltr'><strong>inci-</strong></span> 
     </span>
    </p>
   </div>
   <div class='ocr_carea' id='block_1_62' title="bbox 2125 2023 2294 2068">
    <p class='ocr_par' dir='ltr' id='par_1_62' title="bbox 2125 2023 2294 2068">
     <span class='ocr_line' id='line_1_62' title="bbox 2125 2023 2294 2068; baseline 0.012 -2"><span class='ocrx_word' id='word_1_411' title='bbox 2125 2023 2294 2068; x_wconf 89' lang='lat' dir='ltr'><strong>tante.</strong></span> 
     </span>
    </p>
   </div>
   <div class='ocr_carea' id='block_1_63' title="bbox 2685 2098 3147 2157">
    <p class='ocr_par' dir='ltr' id='par_1_63' title="bbox 2685 2098 3147 2157">
     <span class='ocr_line' id='line_1_63' title="bbox 2685 2098 3147 2157; baseline -0.009 -1"><span class='ocrx_word' id='word_1_412' title='bbox 2685 2100 2918 2157; x_wconf 81' lang='lat' dir='ltr'><strong>CAPUT</strong></span> <span class='ocrx_word' id='word_1_413' title='bbox 2957 2098 3147 2154; x_wconf 73' lang='lat' dir='ltr'><strong>XXVI.</strong></span> 
     </span>
    </p>
   </div>
   <div class='ocr_carea' id='block_1_64' title="bbox 2164 2189 3656 2263">
    <p class='ocr_par' dir='ltr' id='par_1_64' title="bbox 2164 2189 3656 2263">
     <span class='ocr_line' id='line_1_64' title="bbox 2164 2189 3656 2263; baseline -0.008 -12"><span class='ocrx_word' id='word_1_414' title='bbox 2164 2197 2438 2263; x_wconf 84' lang='lat' dir='ltr'><strong>Quomodo</strong></span> <span class='ocrx_word' id='word_1_415' title='bbox 2483 2195 2631 2263; x_wconf 83' lang='lat' dir='ltr'><strong>impii</strong></span> <span class='ocrx_word' id='word_1_416' title='bbox 2670 2193 2965 2261; x_wconf 72' lang='lat' dir='ltr'><strong>sepulcrum</strong></span> <span class='ocrx_word' id='word_1_417' title='bbox 3026 2190 3240 2263; x_wconf 81' lang='lat' dir='ltr'><strong>Domini</strong></span> <span class='ocrx_word' id='word_1_418' title='bbox 3280 2189 3559 2241; x_wconf 73' lang='lat' dir='ltr'><strong>ruderibus</strong></span> <span class='ocrx_word' id='word_1_419' title='bbox 3606 2194 3656 2239; x_wconf 80' lang='lat' dir='ltr'><strong>et</strong></span> 
     </span>
    </p>
   </div>
   <div class='ocr_carea' id='block_1_65' title="bbox 2396 2261 3428 2339">
    <p class='ocr_par' dir='ltr' id='par_1_65' title="bbox 2396 2261 3428 2339">
     <span class='ocr_line' id='line_1_65' title="bbox 2396 2261 3428 2339; baseline -0.01 -19"><span class='ocrx_word' id='word_1_420' title='bbox 2396 2261 2699 2320; x_wconf 68' lang='lat' dir='ltr'><strong>simulacris</strong></span> <span class='ocrx_word' id='word_1_421' title='bbox 2731 2263 3078 2339; x_wconf 74' lang='lat' dir='ltr'><strong>superpositis</strong></span> <span class='ocrx_word' id='word_1_422' title='bbox 3101 2261 3428 2313; x_wconf 70' lang='lat' dir='ltr'><strong>obtexerant.</strong></span> 
     </span>
    </p>
   </div>
   <div class='ocr_carea' id='block_1_66' title="bbox 2196 2348 3704 2429">
    <p class='ocr_par' dir='ltr' id='par_1_66' title="bbox 2196 2348 3704 2429">
     <span class='ocr_line' id='line_1_66' title="bbox 2196 2348 3704 2429; baseline -0.01 -15"><span class='ocrx_word' id='word_1_423' title='bbox 2196 2360 2408 2429; x_wconf 84' lang='lat' dir='ltr'><strong>Quippe</strong></span> <span class='ocrx_word' id='word_1_424' title='bbox 2441 2357 2592 2427; x_wconf 90' lang='lat' dir='ltr'><strong>impii</strong></span> <span class='ocrx_word' id='word_1_425' title='bbox 2622 2355 2895 2425; x_wconf 86' lang='lat' dir='ltr'><strong>quondam</strong></span> <span class='ocrx_word' id='word_1_426' title='bbox 2929 2352 3199 2417; x_wconf 87' lang='lat' dir='ltr'><strong>homines,</strong></span> <span class='ocrx_word' id='word_1_427' title='bbox 3236 2365 3332 2404; x_wconf 89' lang='lat' dir='ltr'><strong>seu</strong></span> <span class='ocrx_word' id='word_1_428' title='bbox 3367 2349 3549 2417; x_wconf 89' lang='lat' dir='ltr'><strong>potius</strong></span> <span class='ocrx_word' id='word_1_429' title='bbox 3579 2348 3704 2401; x_wconf 87' lang='lat' dir='ltr'><strong>uni-</strong></span> 
     </span>
    </p>
   </div>
   <div class='ocr_carea' id='block_1_67' title="bbox 2126 2442 3706 2518">
    <p class='ocr_par' dir='ltr' id='par_1_67' title="bbox 2126 2442 3706 2518">
     <span class='ocr_line' id='line_1_67' title="bbox 2126 2442 3706 2518; baseline -0.008 -13"><span class='ocrx_word' id='word_1_430' title='bbox 2126 2467 2348 2508; x_wconf 90' lang='lat' dir='ltr'><strong>versum</strong></span> <span class='ocrx_word' id='word_1_431' title='bbox 2380 2451 2686 2505; x_wconf 68' lang='lat' dir='ltr'><strong>daemonum</strong></span> <span class='ocrx_word' id='word_1_432' title='bbox 2716 2462 2909 2518; x_wconf 84' lang='lat' dir='ltr'><strong>genus,</strong></span> <span class='ocrx_word' id='word_1_433' title='bbox 2935 2444 3227 2515; x_wconf 90' lang='lat' dir='ltr'><strong>impiorum</strong></span> <span class='ocrx_word' id='word_1_434' title='bbox 3258 2442 3538 2497; x_wconf 82' lang='lat' dir='ltr'><strong>hominum</strong></span> <span class='ocrx_word' id='word_1_435' title='bbox 3573 2453 3706 2508; x_wconf 88' lang='lat' dir='ltr'><strong>ope-</strong></span> 
     </span>
    </p>
   </div>
   <div class='ocr_carea' id='block_1_68' title="bbox 2125 2535 3702 2610">
    <p class='ocr_par' dir='ltr' id='par_1_68' title="bbox 2125 2535 3702 2610">
     <span class='ocr_line' id='line_1_68' title="bbox 2125 2535 3702 2610; baseline -0.011 -9"><span class='ocrx_word' id='word_1_436' title='bbox 2125 2562 2212 2610; x_wconf 87' lang='lat' dir='ltr'><strong>ra,</strong></span> <span class='ocrx_word' id='word_1_437' title='bbox 2242 2541 2613 2599; x_wconf 86' lang='lat' dir='ltr'><strong>venerandum</strong></span> <span class='ocrx_word' id='word_1_438' title='bbox 2652 2539 2787 2595; x_wconf 91' lang='lat' dir='ltr'><strong>illud</strong></span> <span class='ocrx_word' id='word_1_439' title='bbox 2832 2535 3269 2594; x_wconf 81' lang='lat' dir='ltr'><strong>immortalitatis</strong></span> <span class='ocrx_word' id='word_1_440' title='bbox 3292 2542 3702 2589; x_wconf 80' lang='lat' dir='ltr'><strong>monumentum</strong></span> 
     </span>
    </p>
   </div>
   <div class='ocr_carea' id='block_1_69' title="bbox 2128 2622 3707 2703">
    <p class='ocr_par' dir='ltr' id='par_1_69' title="bbox 2128 2622 3707 2703">
     <span class='ocr_line' id='line_1_69' title="bbox 2128 2622 3707 2703; baseline -0.013 -10"><span class='ocrx_word' id='word_1_441' title='bbox 2128 2636 2371 2693; x_wconf 88' lang='lat' dir='ltr'><strong>tenebris</strong></span> <span class='ocrx_word' id='word_1_442' title='bbox 2399 2644 2565 2703; x_wconf 88' lang='lat' dir='ltr'><strong>atque</strong></span> <span class='ocrx_word' id='word_1_443' title='bbox 2604 2632 2879 2688; x_wconf 87' lang='lat' dir='ltr'><strong>oblivione</strong></span> <span class='ocrx_word' id='word_1_444' title='bbox 2910 2630 3128 2699; x_wconf 88' lang='lat' dir='ltr'><strong>penitus</strong></span> <span class='ocrx_word' id='word_1_445' title='bbox 3173 2626 3451 2681; x_wconf 86' lang='lat' dir='ltr'><strong>involvere</strong></span> <span class='ocrx_word' id='word_1_446' title='bbox 3483 2622 3707 2677; x_wconf 67' lang='lat' dir='ltr'><strong>studue»</strong></span> 
     </span>
    </p>
   </div>
   <div class='ocr_carea' id='block_1_70' title="bbox 2128 2713 3707 2793">
    <p class='ocr_par' dir='ltr' id='par_1_70' title="bbox 2128 2713 3707 2793">
     <span class='ocr_line' id='line_1_70' title="bbox 2128 2713 3707 2793; baseline -0.01 -11"><span class='ocrx_word' id='word_1_447' title='bbox 2128 2738 2273 2782; x_wconf 89' lang='lat' dir='ltr'><strong>rant.</strong></span> <span class='ocrx_word' id='word_1_448' title='bbox 2303 2725 2459 2792; x_wconf 93' lang='lat' dir='ltr'><strong>lllud,</strong></span> <span class='ocrx_word' id='word_1_449' title='bbox 2491 2725 2735 2793; x_wconf 88' lang='lat' dir='ltr'><strong>inquam,</strong></span> <span class='ocrx_word' id='word_1_450' title='bbox 2759 2718 3277 2786; x_wconf 90' lang='lat' dir='ltr'><strong>monumentum,ad</strong></span> <span class='ocrx_word' id='word_1_451' title='bbox 3306 2716 3449 2786; x_wconf 89' lang='lat' dir='ltr'><strong>quod</strong></span> <span class='ocrx_word' id='word_1_452' title='bbox 3481 2713 3707 2784; x_wconf 81' lang='lat' dir='ltr'><strong>angelus</strong></span> 
     </span>
    </p>
   </div>
   <div class='ocr_carea' id='block_1_71' title="bbox 2125 2808 3705 2885">
    <p class='ocr_par' dir='ltr' id='par_1_71' title="bbox 2125 2808 3705 2885">
     <span class='ocr_line' id='line_1_71' title="bbox 2125 2808 3705 2885; baseline -0.01 -13"><span class='ocrx_word' id='word_1_453' title='bbox 2125 2816 2254 2872; x_wconf 91' lang='lat' dir='ltr'><strong>olim</strong></span> <span class='ocrx_word' id='word_1_454' title='bbox 2280 2831 2312 2871; x_wconf 92' lang='lat' dir='ltr'><strong>e</strong></span> <span class='ocrx_word' id='word_1_455' title='bbox 2331 2815 2473 2871; x_wconf 86' lang='lat' dir='ltr'><strong>coelo</strong></span> <span class='ocrx_word' id='word_1_456' title='bbox 2495 2815 2750 2885; x_wconf 89' lang='lat' dir='ltr'><strong>delapsus</strong></span> <span class='ocrx_word' id='word_1_457' title='bbox 2772 2809 3081 2868; x_wconf 88' lang='lat' dir='ltr'><strong>admirabili</strong></span> <span class='ocrx_word' id='word_1_458' title='bbox 3105 2810 3225 2864; x_wconf 92' lang='lat' dir='ltr'><strong>luce</strong></span> <span class='ocrx_word' id='word_1_459' title='bbox 3250 2808 3496 2869; x_wconf 89' lang='lat' dir='ltr'><strong>radians,</strong></span> <span class='ocrx_word' id='word_1_460' title='bbox 3511 2820 3705 2859; x_wconf 80' lang='lat' dir='ltr'><strong>saxum</strong></span> 
     </span>
    </p>
   </div>
   <div class='ocr_carea' id='block_1_72' title="bbox 2127 2898 3706 2973">
    <p class='ocr_par' dir='ltr' id='par_1_72' title="bbox 2127 2898 3706 2973">
     <span class='ocr_line' id='line_1_72' title="bbox 2127 2898 3706 2973; baseline -0.009 -9"><span class='ocrx_word' id='word_1_461' title='bbox 2127 2907 2434 2964; x_wconf 84' lang='lat' dir='ltr'><strong>revolverat</strong></span> <span class='ocrx_word' id='word_1_462' title='bbox 2462 2922 2528 2961; x_wconf 87' lang='lat' dir='ltr'><strong>ex</strong></span> <span class='ocrx_word' id='word_1_463' title='bbox 2558 2904 2761 2959; x_wconf 88' lang='lat' dir='ltr'><strong>animis</strong></span> <span class='ocrx_word' id='word_1_464' title='bbox 2797 2918 2985 2959; x_wconf 88' lang='lat' dir='ltr'><strong>eorum</strong></span> <span class='ocrx_word' id='word_1_465' title='bbox 3031 2902 3122 2973; x_wconf 90' lang='lat' dir='ltr'><strong>qui</strong></span> <span class='ocrx_word' id='word_1_466' title='bbox 3157 2915 3284 2956; x_wconf 89' lang='lat' dir='ltr'><strong>vere</strong></span> <span class='ocrx_word' id='word_1_467' title='bbox 3330 2898 3479 2954; x_wconf 80' lang='lat' dir='ltr'><strong>saxei</strong></span> <span class='ocrx_word' id='word_1_468' title='bbox 3525 2907 3706 2961; x_wconf 89' lang='lat' dir='ltr'><strong>erant,</strong></span> 
     </span>
    </p>
   </div>
   <div class='ocr_carea' id='block_1_73' title="bbox 2126 2990 3708 3068">
    <p class='ocr_par' dir='ltr' id='par_1_73' title="bbox 2126 2990 3708 3068">
     <span class='ocr_line' id='line_1_73' title="bbox 2126 2990 3708 3068; baseline -0.007 -13"><span class='ocrx_word' id='word_1_469' title='bbox 2126 3008 2183 3056; x_wconf 87' lang='lat' dir='ltr'><strong>et</strong></span> <span class='ocrx_word' id='word_1_470' title='bbox 2197 3000 2288 3068; x_wconf 90' lang='lat' dir='ltr'><strong>qui</strong></span> <span class='ocrx_word' id='word_1_471' title='bbox 2311 2999 2582 3053; x_wconf 84' lang='lat' dir='ltr'><strong>viventem</strong></span> <span class='ocrx_word' id='word_1_472' title='bbox 2599 2995 2877 3051; x_wconf 86' lang='lat' dir='ltr'><strong>Christum</strong></span> <span class='ocrx_word' id='word_1_473' title='bbox 2904 2995 3046 3049; x_wconf 89' lang='lat' dir='ltr'><strong>inter</strong></span> <span class='ocrx_word' id='word_1_474' title='bbox 3063 3003 3310 3048; x_wconf 91' lang='lat' dir='ltr'><strong>mortuos</strong></span> <span class='ocrx_word' id='word_1_475' title='bbox 3326 2991 3504 3044; x_wconf 89' lang='lat' dir='ltr'><strong>adhuc</strong></span> <span class='ocrx_word' id='word_1_476' title='bbox 3527 2990 3708 3059; x_wconf 83' lang='lat' dir='ltr'><strong>iacere</strong></span> 
     </span>
    </p>
   </div>
   <div class='ocr_carea' id='block_1_74' title="bbox 2127 3081 3706 3146">
    <p class='ocr_par' dir='ltr' id='par_1_74' title="bbox 2127 3081 3706 3146">
     <span class='ocr_line' id='line_1_74' title="bbox 2127 3081 3706 3146; baseline -0.008 0"><span class='ocrx_word' id='word_1_477' title='bbox 2127 3091 2582 3146; x_wconf 86' lang='lat' dir='ltr'><strong>arbitrabantur:</strong></span> <span class='ocrx_word' id='word_1_478' title='bbox 2621 3086 2835 3141; x_wconf 78' lang='lat' dir='ltr'><strong>felicem</strong></span> <span class='ocrx_word' id='word_1_479' title='bbox 2884 3085 3135 3140; x_wconf 90' lang='lat' dir='ltr'><strong>nuntium</strong></span> <span class='ocrx_word' id='word_1_480' title='bbox 3179 3082 3415 3137; x_wconf 83' lang='lat' dir='ltr'><strong>ali&#39;erens</strong></span> <span class='ocrx_word' id='word_1_481' title='bbox 3461 3081 3706 3136; x_wconf 76' lang='lat' dir='ltr'><strong>mulieri~</strong></span> 
     </span>
    </p>
   </div>
   <div class='ocr_carea' id='block_1_75' title="bbox 2128 3173 3706 3247">
    <p class='ocr_par' dir='ltr' id='par_1_75' title="bbox 2128 3173 3706 3247">
     <span class='ocr_line' id='line_1_75' title="bbox 2128 3173 3706 3247; baseline -0.006 -12"><span class='ocrx_word' id='word_1_482' title='bbox 2128 3180 2250 3244; x_wconf 90' lang='lat' dir='ltr'><strong>bus,</strong></span> <span class='ocrx_word' id='word_1_483' title='bbox 2296 3189 2352 3235; x_wconf 93' lang='lat' dir='ltr'><strong>et</strong></span> <span class='ocrx_word' id='word_1_484' title='bbox 2391 3178 2795 3235; x_wconf 86' lang='lat' dir='ltr'><strong>incredulitatis</strong></span> <span class='ocrx_word' id='word_1_485' title='bbox 2844 3176 3077 3247; x_wconf 86' lang='lat' dir='ltr'><strong>lapidem</strong></span> <span class='ocrx_word' id='word_1_486' title='bbox 3127 3190 3158 3228; x_wconf 87' lang='lat' dir='ltr'><strong>a</strong></span> <span class='ocrx_word' id='word_1_487' title='bbox 3215 3173 3489 3227; x_wconf 87' lang='lat' dir='ltr'><strong>mentibus</strong></span> <span class='ocrx_word' id='word_1_488' title='bbox 3518 3187 3706 3226; x_wconf 88' lang='lat' dir='ltr'><strong>earum</strong></span> 
     </span>
    </p>
   </div>
   <div class='ocr_carea' id='block_1_76' title="bbox 2131 3262 3708 3338">
    <p class='ocr_par' dir='ltr' id='par_1_76' title="bbox 2131 3262 3708 3338">
     <span class='ocr_line' id='line_1_76' title="bbox 2131 3262 3708 3338; baseline -0.004 -13"><span class='ocrx_word' id='word_1_489' title='bbox 2131 3286 2442 3335; x_wconf 89' lang='lat' dir='ltr'><strong>removens,</strong></span> <span class='ocrx_word' id='word_1_490' title='bbox 2474 3279 2535 3325; x_wconf 92' lang='lat' dir='ltr'><strong>ut</strong></span> <span class='ocrx_word' id='word_1_491' title='bbox 2582 3268 2894 3338; x_wconf 90' lang='lat' dir='ltr'><strong>opinionem</strong></span> <span class='ocrx_word' id='word_1_492' title='bbox 2945 3268 3012 3323; x_wconf 89' lang='lat' dir='ltr'><strong>de</strong></span> <span class='ocrx_word' id='word_1_493' title='bbox 3051 3265 3163 3321; x_wconf 88' lang='lat' dir='ltr'><strong>vita</strong></span> <span class='ocrx_word' id='word_1_494' title='bbox 3208 3265 3326 3335; x_wconf 84' lang='lat' dir='ltr'><strong>ejus</strong></span> <span class='ocrx_word' id='word_1_495' title='bbox 3356 3264 3450 3332; x_wconf 89' lang='lat' dir='ltr'><strong>qui</strong></span> <span class='ocrx_word' id='word_1_496' title='bbox 3496 3265 3565 3317; x_wconf 89' lang='lat' dir='ltr'><strong>ab</strong></span> <span class='ocrx_word' id='word_1_497' title='bbox 3601 3262 3708 3318; x_wconf 82' lang='lat' dir='ltr'><strong>illis</strong></span> 
     </span>
    </p>
   </div>
   <div class='ocr_carea' id='block_1_77' title="bbox 2131 3355 3706 3433">
    <p class='ocr_par' dir='ltr' id='par_1_77' title="bbox 2131 3355 3706 3433">
     <span class='ocr_line' id='line_1_77' title="bbox 2131 3355 3706 3433; baseline -0.004 -17"><span class='ocrx_word' id='word_1_498' title='bbox 2131 3364 2496 3433; x_wconf 70' lang='lat' dir='ltr'><strong>quaerebatur,</strong></span> <span class='ocrx_word' id='word_1_499' title='bbox 2523 3360 2857 3417; x_wconf 89' lang='lat' dir='ltr'><strong>adstrueret.</strong></span> <span class='ocrx_word' id='word_1_500' title='bbox 2894 3359 3047 3414; x_wconf 84' lang='lat' dir='ltr'><strong>Hanc</strong></span> <span class='ocrx_word' id='word_1_501' title='bbox 3077 3358 3244 3428; x_wconf 83' lang='lat' dir='ltr'><strong>igitur</strong></span> <span class='ocrx_word' id='word_1_502' title='bbox 3264 3355 3558 3411; x_wconf 86' lang='lat' dir='ltr'><strong>salutarem</strong></span> <span class='ocrx_word' id='word_1_503' title='bbox 3578 3369 3706 3425; x_wconf 87' lang='lat' dir='ltr'><strong>spe-</strong></span> 
     </span>
    </p>
   </div>
   <div class='ocr_carea' id='block_1_78' title="bbox 2130 3446 3707 3525">
    <p class='ocr_par' dir='ltr' id='par_1_78' title="bbox 2130 3446 3707 3525">
     <span class='ocr_line' id='line_1_78' title="bbox 2130 3446 3707 3525; baseline -0.004 -15"><span class='ocrx_word' id='word_1_504' title='bbox 2130 3456 2371 3522; x_wconf 88' lang='lat' dir='ltr'><strong>luncam,</strong></span> <span class='ocrx_word' id='word_1_505' title='bbox 2406 3455 2557 3525; x_wconf 91' lang='lat' dir='ltr'><strong>impii</strong></span> <span class='ocrx_word' id='word_1_506' title='bbox 2589 3454 2808 3525; x_wconf 88' lang='lat' dir='ltr'><strong>quidam</strong></span> <span class='ocrx_word' id='word_1_507' title='bbox 2846 3467 2911 3508; x_wconf 89' lang='lat' dir='ltr'><strong>ac</strong></span> <span class='ocrx_word' id='word_1_508' title='bbox 2938 3450 3155 3522; x_wconf 82' lang='lat' dir='ltr'><strong>profani</strong></span> <span class='ocrx_word' id='word_1_509' title='bbox 3185 3449 3434 3505; x_wconf 89' lang='lat' dir='ltr'><strong>homines</strong></span> <span class='ocrx_word' id='word_1_510' title='bbox 3462 3446 3707 3503; x_wconf 81' lang='lat' dir='ltr'><strong>funditus</strong></span> 
     </span>
    </p>
   </div>
   <div class='ocr_carea' id='block_1_79' title="bbox 2129 3541 3706 3611">
    <p class='ocr_par' dir='ltr' id='par_1_79' title="bbox 2129 3541 3706 3611">
     <span class='ocr_line' id='line_1_79' title="bbox 2129 3541 3706 3611; baseline -0.005 -8"><span class='ocrx_word' id='word_1_511' title='bbox 2129 3547 2351 3604; x_wconf 89' lang='lat' dir='ltr'><strong>abolere</strong></span> <span class='ocrx_word' id='word_1_512' title='bbox 2395 3548 2451 3603; x_wconf 91' lang='lat' dir='ltr'><strong>in</strong></span> <span class='ocrx_word' id='word_1_513' title='bbox 2498 3548 2740 3602; x_wconf 91' lang='lat' dir='ltr'><strong>animum</strong></span> <span class='ocrx_word' id='word_1_514' title='bbox 2795 3545 3152 3611; x_wconf 83' lang='lat' dir='ltr'><strong>induxerant;</strong></span> <span class='ocrx_word' id='word_1_515' title='bbox 3205 3541 3369 3598; x_wconf 86' lang='lat' dir='ltr'><strong>stulte</strong></span> <span class='ocrx_word' id='word_1_516' title='bbox 3414 3541 3706 3596; x_wconf 80' lang='lat' dir='ltr'><strong>admodum</strong></span> 
     </span>
    </p>
   </div>
   <div class='ocr_carea' id='block_1_80' title="bbox 2129 3635 3706 3709">
    <p class='ocr_par' dir='ltr' id='par_1_80' title="bbox 2129 3635 3706 3709">
     <span class='ocr_line' id='line_1_80' title="bbox 2129 3635 3706 3709; baseline -0.004 -15"><span class='ocrx_word' id='word_1_517' title='bbox 2129 3639 2363 3709; x_wconf 79' lang='lat' dir='ltr'><strong>Opinati,</strong></span> <span class='ocrx_word' id='word_1_518' title='bbox 2395 3654 2455 3695; x_wconf 87' lang='lat' dir='ltr'><strong>se</strong></span> <span class='ocrx_word' id='word_1_519' title='bbox 2487 3640 2593 3695; x_wconf 91' lang='lat' dir='ltr'><strong>hoc</strong></span> <span class='ocrx_word' id='word_1_520' title='bbox 2624 3636 2785 3694; x_wconf 90' lang='lat' dir='ltr'><strong>modo</strong></span> <span class='ocrx_word' id='word_1_521' title='bbox 2822 3637 3111 3693; x_wconf 85' lang='lat' dir='ltr'><strong>veritatem</strong></span> <span class='ocrx_word' id='word_1_522' title='bbox 3158 3650 3280 3691; x_wconf 88' lang='lat' dir='ltr'><strong>esse</strong></span> <span class='ocrx_word' id='word_1_523' title='bbox 3314 3635 3706 3690; x_wconf 80' lang='lat' dir='ltr'><strong>occultaturos.</strong></span> 
     </span>
    </p>
   </div>
   <div class='ocr_carea' id='block_1_81' title="bbox 2128 3727 3707 3799">
    <p class='ocr_par' dir='ltr' id='par_1_81' title="bbox 2128 3727 3707 3799">
     <span class='ocr_line' id='line_1_81' title="bbox 2128 3727 3707 3799; baseline -0.004 -14"><span class='ocrx_word' id='word_1_524' title='bbox 2128 3728 2317 3799; x_wconf 84' lang='lat' dir='ltr'><strong>Itaque</strong></span> <span class='ocrx_word' id='word_1_525' title='bbox 2365 3745 2471 3785; x_wconf 92' lang='lat' dir='ltr'><strong>non</strong></span> <span class='ocrx_word' id='word_1_526' title='bbox 2526 3732 2646 3784; x_wconf 91' lang='lat' dir='ltr'><strong>siue</strong></span> <span class='ocrx_word' id='word_1_527' title='bbox 2693 3744 2909 3785; x_wconf 89' lang='lat' dir='ltr'><strong>summo</strong></span> <span class='ocrx_word' id='word_1_528' title='bbox 2974 3728 3203 3793; x_wconf 87' lang='lat' dir='ltr'><strong>labore,</strong></span> <span class='ocrx_word' id='word_1_529' title='bbox 3259 3727 3488 3793; x_wconf 86' lang='lat' dir='ltr'><strong>plurima</strong></span> <span class='ocrx_word' id='word_1_530' title='bbox 3543 3727 3707 3780; x_wconf 91' lang='lat' dir='ltr'><strong>humo</strong></span> 
     </span>
    </p>
   </div>
   <div class='ocr_carea' id='block_1_82' title="bbox 2131 3818 3704 3891">
    <p class='ocr_par' dir='ltr' id='par_1_82' title="bbox 2131 3818 3704 3891">
     <span class='ocr_line' id='line_1_82' title="bbox 2131 3818 3704 3891; baseline -0.001 -17"><span class='ocrx_word' id='word_1_531' title='bbox 2131 3821 2348 3876; x_wconf 88' lang='lat' dir='ltr'><strong>aliunde</strong></span> <span class='ocrx_word' id='word_1_532' title='bbox 2372 3822 2600 3877; x_wconf 85' lang='lat' dir='ltr'><strong>advecta</strong></span> <span class='ocrx_word' id='word_1_533' title='bbox 2631 3831 2968 3891; x_wconf 79' lang='lat' dir='ltr'><strong>aggestaque</strong></span> <span class='ocrx_word' id='word_1_534' title='bbox 2990 3829 3160 3873; x_wconf 89' lang='lat' dir='ltr'><strong>totum</strong></span> <span class='ocrx_word' id='word_1_535' title='bbox 3196 3818 3373 3873; x_wconf 91' lang='lat' dir='ltr'><strong>locum</strong></span> <span class='ocrx_word' id='word_1_536' title='bbox 3397 3818 3704 3888; x_wconf 86' lang='lat' dir='ltr'><strong>opplevere.</strong></span> 
     </span>
    </p>
   </div>
   <div class='ocr_carea' id='block_1_83' title="bbox 2131 3908 3706 3979">
    <p class='ocr_par' dir='ltr' id='par_1_83' title="bbox 2131 3908 3706 3979">
     <span class='ocr_line' id='line_1_83' title="bbox 2131 3908 3706 3979; baseline -0.002 -15"><span class='ocrx_word' id='word_1_537' title='bbox 2131 3911 2304 3979; x_wconf 87' lang='lat' dir='ltr'><strong>Quem</strong></span> <span class='ocrx_word' id='word_1_538' title='bbox 2334 3927 2455 3968; x_wconf 92' lang='lat' dir='ltr'><strong>cum</strong></span> <span class='ocrx_word' id='word_1_539' title='bbox 2481 3912 2747 3968; x_wconf 87' lang='lat' dir='ltr'><strong>mediocri</strong></span> <span class='ocrx_word' id='word_1_540' title='bbox 2777 3910 3073 3966; x_wconf 90' lang='lat' dir='ltr'><strong>altitudine</strong></span> <span class='ocrx_word' id='word_1_541' title='bbox 3095 3909 3422 3964; x_wconf 84' lang='lat' dir='ltr'><strong>extulissent</strong></span> <span class='ocrx_word' id='word_1_542' title='bbox 3449 3918 3505 3963; x_wconf 89' lang='lat' dir='ltr'><strong>et</strong></span> <span class='ocrx_word' id='word_1_543' title='bbox 3530 3908 3706 3979; x_wconf 88' lang='lat' dir='ltr'><strong>lapide</strong></span> 
     </span>
    </p>
   </div>
   <div class='ocr_carea' id='block_1_84' title="bbox 2132 3998 3708 4070">
    <p class='ocr_par' dir='ltr' id='par_1_84' title="bbox 2132 3998 3708 4070">
     <span class='ocr_line' id='line_1_84' title="bbox 2132 3998 3708 4070; baseline -0.004 -12"><span class='ocrx_word' id='word_1_544' title='bbox 2132 4003 2586 4067; x_wconf 87' lang='lat' dir='ltr'><strong>constravissent,</strong></span> <span class='ocrx_word' id='word_1_545' title='bbox 2619 4002 2722 4057; x_wconf 87' lang='lat' dir='ltr'><strong>sub</strong></span> <span class='ocrx_word' id='word_1_546' title='bbox 2761 4001 2863 4055; x_wconf 86' lang='lat' dir='ltr'><strong>hac</strong></span> <span class='ocrx_word' id='word_1_547' title='bbox 2890 4008 3036 4054; x_wconf 87' lang='lat' dir='ltr'><strong>tanta</strong></span> <span class='ocrx_word' id='word_1_548' title='bbox 3060 3998 3316 4070; x_wconf 85' lang='lat' dir='ltr'><strong>congerie</strong></span> <span class='ocrx_word' id='word_1_549' title='bbox 3345 4012 3556 4052; x_wconf 89' lang='lat' dir='ltr'><strong>sacram</strong></span> <span class='ocrx_word' id='word_1_550' title='bbox 3584 4010 3708 4066; x_wconf 86' lang='lat' dir='ltr'><strong>spe-</strong></span> 
     </span>
    </p>
   </div>
   <div class='ocr_carea' id='block_1_85' title="bbox 2131 4088 3708 4164">
    <p class='ocr_par' dir='ltr' id='par_1_85' title="bbox 2131 4088 3708 4164">
     <span class='ocr_line' id='line_1_85' title="bbox 2131 4088 3708 4164; baseline -0.003 -16"><span class='ocrx_word' id='word_1_551' title='bbox 2131 4094 2350 4149; x_wconf 90' lang='lat' dir='ltr'><strong>luncam</strong></span> <span class='ocrx_word' id='word_1_552' title='bbox 2377 4093 2725 4149; x_wconf 87' lang='lat' dir='ltr'><strong>obtexerunt.</strong></span> <span class='ocrx_word' id='word_1_553' title='bbox 2758 4093 2963 4147; x_wconf 91' lang='lat' dir='ltr'><strong>Dehinc</strong></span> <span class='ocrx_word' id='word_1_554' title='bbox 2981 4094 3203 4164; x_wconf 87' lang='lat' dir='ltr'><strong>perinde</strong></span> <span class='ocrx_word' id='word_1_555' title='bbox 3252 4106 3315 4145; x_wconf 90' lang='lat' dir='ltr'><strong>ac</strong></span> <span class='ocrx_word' id='word_1_556' title='bbox 3347 4091 3392 4146; x_wconf 88' lang='lat' dir='ltr'><strong>si</strong></span> <span class='ocrx_word' id='word_1_557' title='bbox 3435 4088 3563 4144; x_wconf 91' lang='lat' dir='ltr'><strong>nihil</strong></span> <span class='ocrx_word' id='word_1_558' title='bbox 3590 4103 3708 4145; x_wconf 80' lang='lat' dir='ltr'><strong>am-</strong></span> 
     </span>
    </p>
   </div>
   <div class='ocr_carea' id='block_1_86' title="bbox 2130 4178 3707 4253">
    <p class='ocr_par' dir='ltr' id='par_1_86' title="bbox 2130 4178 3707 4253">
     <span class='ocr_line' id='line_1_86' title="bbox 2130 4178 3707 4253; baseline -0.004 -17"><span class='ocrx_word' id='word_1_559' title='bbox 2130 4181 2274 4253; x_wconf 89' lang='lat' dir='ltr'><strong>plius</strong></span> <span class='ocrx_word' id='word_1_560' title='bbox 2315 4182 2449 4251; x_wconf 89' lang='lat' dir='ltr'><strong>ipsis</strong></span> <span class='ocrx_word' id='word_1_561' title='bbox 2496 4189 2835 4252; x_wconf 90' lang='lat' dir='ltr'><strong>superesset,</strong></span> <span class='ocrx_word' id='word_1_562' title='bbox 2895 4195 3060 4251; x_wconf 87' lang='lat' dir='ltr'><strong>supra</strong></span> <span class='ocrx_word' id='word_1_563' title='bbox 3113 4178 3244 4234; x_wconf 92' lang='lat' dir='ltr'><strong>illud</strong></span> <span class='ocrx_word' id='word_1_564' title='bbox 3285 4179 3481 4245; x_wconf 90' lang='lat' dir='ltr'><strong>solum,</strong></span> <span class='ocrx_word' id='word_1_565' title='bbox 3531 4178 3707 4233; x_wconf 84' lang='lat' dir='ltr'><strong>infau-</strong></span> 
     </span>
    </p>
   </div>
   <div class='ocr_carea' id='block_1_87' title="bbox 2130 4270 3704 4343">
    <p class='ocr_par' dir='ltr' id='par_1_87' title="bbox 2130 4270 3704 4343">
     <span class='ocr_line' id='line_1_87' title="bbox 2130 4270 3704 4343; baseline -0.004 -16"><span class='ocrx_word' id='word_1_566' title='bbox 2130 4282 2274 4327; x_wconf 91' lang='lat' dir='ltr'><strong>stum</strong></span> <span class='ocrx_word' id='word_1_567' title='bbox 2321 4287 2548 4343; x_wconf 87' lang='lat' dir='ltr'><strong>prorsus</strong></span> <span class='ocrx_word' id='word_1_568' title='bbox 2588 4272 2893 4326; x_wconf 89' lang='lat' dir='ltr'><strong>animarum</strong></span> <span class='ocrx_word' id='word_1_569' title='bbox 2939 4270 3249 4340; x_wconf 87' lang='lat' dir='ltr'><strong>sepulcrum</strong></span> <span class='ocrx_word' id='word_1_570' title='bbox 3277 4276 3704 4334; x_wconf 84' lang='lat' dir='ltr'><strong>exstruxerunt;</strong></span> 
     </span>
    </p>
   </div>
   <div class='ocr_carea' id='block_1_88' title="bbox 2134 4359 3704 4420">
    <p class='ocr_par' dir='ltr' id='par_1_88' title="bbox 2134 4359 3704 4420">
     <span class='ocr_line' id='line_1_88' title="bbox 2134 4359 3704 4420; baseline -0.004 -1"><span class='ocrx_word' id='word_1_571' title='bbox 2134 4364 2426 4419; x_wconf 88' lang='lat' dir='ltr'><strong>obscuram</strong></span> <span class='ocrx_word' id='word_1_572' title='bbox 2476 4373 2818 4420; x_wconf 89' lang='lat' dir='ltr'><strong>mortuorum</strong></span> <span class='ocrx_word' id='word_1_573' title='bbox 2847 4362 3266 4419; x_wconf 87' lang='lat' dir='ltr'><strong>simulacrorum</strong></span> <span class='ocrx_word' id='word_1_574' title='bbox 3303 4374 3594 4415; x_wconf 89' lang='lat' dir='ltr'><strong>cavernam</strong></span> <span class='ocrx_word' id='word_1_575' title='bbox 3647 4359 3704 4413; x_wconf 92' lang='lat' dir='ltr'><strong>in</strong></span> 
     </span>
    </p>
   </div>
   <div class='ocr_carea' id='block_1_89' title="bbox 508 4546 2024 4637">
    <p class='ocr_par' dir='ltr' id='par_1_89' title="bbox 508 4561 2019 4637">
     <span class='ocr_line' id='line_1_89' title="bbox 508 4561 2019 4637; baseline 0.003 -19"><span class='ocrx_word' id='word_1_576' title='bbox 508 4561 621 4632; x_wconf 87' lang='lat'><strong>(86)</strong></span> <span class='ocrx_word' id='word_1_577' title='bbox 639 4561 842 4637; x_wconf 55' lang='grc' dir='ltr'>[αὔτα</span> <span class='ocrx_word' id='word_1_578' title='bbox 870 4562 972 4617; x_wconf 73' lang='grc' dir='ltr'><strong>ἐπὶ</strong></span> <span class='ocrx_word' id='word_1_579' title='bbox 1003 4564 1227 4637; x_wconf 65' lang='grc' dir='ltr'>οἰκείας</span> <span class='ocrx_word' id='word_1_580' title='bbox 1256 4564 1598 4632; x_wconf 79' lang='grc' dir='ltr'>ὑποθέσεως</span> <span class='ocrx_word' id='word_1_581' title='bbox 1629 4567 2019 4636; x_wconf 78' lang='grc' dir='ltr'>συναγαγεῖν.</span> 
     </span>
    </p>
   </div>
   <div class='ocr_carea' id='block_1_90' title="bbox 2126 4546 3702 4637">
    <p class='ocr_par' dir='ltr' id='par_1_90' title="bbox 2132 4546 3702 4637">
     <span class='ocr_line' id='line_1_90' title="bbox 2132 4546 3702 4637; baseline -0.005 -15"><span class='ocrx_word' id='word_1_582' title='bbox 2132 4546 2287 4633; x_wconf 74' lang='lat' dir='ltr'><strong>rant,</strong></span> <span class='ocrx_word' id='word_1_583' title='bbox 2335 4566 2675 4622; x_wconf 87' lang='lat' dir='ltr'><strong>referendam</strong></span> <span class='ocrx_word' id='word_1_584' title='bbox 2718 4565 2922 4637; x_wconf 83' lang='lat' dir='ltr'><strong>putavi.</strong></span> <span class='ocrx_word' id='word_1_585' title='bbox 2958 4562 3702 4637; x_wconf 76' lang='lat' dir='ltr'><strong>Christophorsonustamen</strong></span> 
     </span>
    </p>
   </div>
   <div class='ocr_carea' id='block_1_91' title="bbox 443 4632 2022 4704">
    <p class='ocr_par' dir='ltr' id='par_1_91' title="bbox 443 4632 2022 4704">
     <span class='ocr_line' id='line_1_91' title="bbox 443 4632 2022 4704; baseline 0.001 -15"><span class='ocrx_word' id='word_1_586' title='bbox 443 4632 608 4689; x_wconf 88' lang='lat' dir='ltr'><strong>Certe</strong></span> <span class='ocrx_word' id='word_1_587' title='bbox 639 4633 900 4689; x_wconf 89' lang='lat' dir='ltr'><strong>Eusebius</strong></span> <span class='ocrx_word' id='word_1_588' title='bbox 933 4635 1077 4704; x_wconf 91' lang='lat' dir='ltr'><strong>quod</strong></span> <span class='ocrx_word' id='word_1_589' title='bbox 1106 4632 1524 4704; x_wconf 88' lang='lat' dir='ltr'><strong>hicpollicetur,</strong></span> <span class='ocrx_word' id='word_1_590' title='bbox 1552 4644 1736 4703; x_wconf 87' lang='lat' dir='ltr'><strong>postea</strong></span> <span class='ocrx_word' id='word_1_591' title='bbox 1757 4632 2022 4704; x_wconf 80' lang='lat' dir='ltr'><strong>itnplewt,</strong></span> 
     </span>
    </p>
   </div>
   <div class='ocr_carea' id='block_1_92' title="bbox 443 4704 2021 4772">
    <p class='ocr_par' dir='ltr' id='par_1_92' title="bbox 443 4704 2021 4772">
     <span class='ocr_line' id='line_1_92' title="bbox 443 4704 2021 4772; baseline 0.001 -15"><span class='ocrx_word' id='word_1_592' title='bbox 443 4717 742 4771; x_wconf 90' lang='lat' dir='ltr'><strong>omnesque</strong></span> <span class='ocrx_word' id='word_1_593' title='bbox 774 4704 1032 4771; x_wconf 88' lang='lat' dir='ltr'><strong>epistolas</strong></span> <span class='ocrx_word' id='word_1_594' title='bbox 1060 4714 1115 4758; x_wconf 90' lang='lat' dir='ltr'><strong>et</strong></span> <span class='ocrx_word' id='word_1_595' title='bbox 1142 4706 1454 4761; x_wconf 83' lang='lat' dir='ltr'><strong>sanctiones</strong></span> <span class='ocrx_word' id='word_1_596' title='bbox 1490 4706 1619 4772; x_wconf 87' lang='lat' dir='ltr'><strong>imp.</strong></span> <span class='ocrx_word' id='word_1_597' title='bbox 1658 4705 2021 4771; x_wconf 86' lang='lat' dir='ltr'><strong>Constantini,</strong></span> 
     </span>
    </p>
   </div>
   <div class='ocr_carea' id='block_1_93' title="bbox 441 4773 2026 4845">
    <p class='ocr_par' dir='ltr' id='par_1_93' title="bbox 441 4773 2026 4845">
     <span class='ocr_line' id='line_1_93' title="bbox 441 4773 2026 4845; baseline 0.003 -19"><span class='ocrx_word' id='word_1_598' title='bbox 441 4788 564 4843; x_wconf 62' lang='lat' dir='ltr'><strong>quae</strong></span> <span class='ocrx_word' id='word_1_599' title='bbox 604 4776 672 4845; x_wconf 76' lang='lat' dir='ltr'><strong>ad</strong></span> <span class='ocrx_word' id='word_1_600' title='bbox 701 4774 1026 4845; x_wconf 81' lang='lat' dir='ltr'><strong>catholicam</strong></span> <span class='ocrx_word' id='word_1_601' title='bbox 1058 4774 1220 4830; x_wconf 82' lang='lat' dir='ltr'><strong>tidem</strong></span> <span class='ocrx_word' id='word_1_602' title='bbox 1260 4773 1597 4845; x_wconf 85' lang='lat' dir='ltr'><strong>spectabant,</strong></span> <span class='ocrx_word' id='word_1_603' title='bbox 1621 4776 1855 4845; x_wconf 70' lang='lat' dir='ltr'><strong>speciali</strong></span> <span class='ocrx_word' id='word_1_604' title='bbox 1884 4776 2026 4831; x_wconf 91' lang='lat' dir='ltr'><strong>libro</strong></span> 
     </span>
    </p>
   </div>
   <div class='ocr_carea' id='block_1_94' title="bbox 443 4843 2024 4911">
    <p class='ocr_par' dir='ltr' id='par_1_94' title="bbox 443 4843 2024 4911">
     <span class='ocr_line' id='line_1_94' title="bbox 443 4843 2024 4911; baseline 0.003 -14"><span class='ocrx_word' id='word_1_605' title='bbox 443 4843 765 4911; x_wconf 83' lang='lat' dir='ltr'><strong>complexus</strong></span> <span class='ocrx_word' id='word_1_606' title='bbox 813 4851 916 4897; x_wconf 89' lang='lat' dir='ltr'><strong>est.</strong></span> <span class='ocrx_word' id='word_1_607' title='bbox 958 4844 1015 4898; x_wconf 85' lang='lat' dir='ltr'><strong>Id</strong></span> <span class='ocrx_word' id='word_1_608' title='bbox 1047 4859 1136 4899; x_wconf 90' lang='lat' dir='ltr'><strong>me</strong></span> <span class='ocrx_word' id='word_1_609' title='bbox 1178 4843 1362 4899; x_wconf 82' lang='lat' dir='ltr'><strong>docuit</strong></span> <span class='ocrx_word' id='word_1_610' title='bbox 1406 4848 1574 4899; x_wconf 82' lang='lat' dir='ltr'><strong>codex</strong></span> <span class='ocrx_word' id='word_1_611' title='bbox 1619 4843 1937 4909; x_wconf 68' lang='lat' dir='ltr'><strong>Medicaeus,</strong></span> <span class='ocrx_word' id='word_1_612' title='bbox 1971 4848 2024 4901; x_wconf 91' lang='lat' dir='ltr'><strong>in</strong></span> 
     </span>
    </p>
   </div>
   <div class='ocr_carea' id='block_1_95' title="bbox 446 4912 2026 4986">
    <p class='ocr_par' dir='ltr' id='par_1_95' title="bbox 446 4912 2026 4986">
     <span class='ocr_line' id='line_1_95' title="bbox 446 4912 2026 4986; baseline 0.004 -22"><span class='ocrx_word' id='word_1_613' title='bbox 446 4927 553 4981; x_wconf 91' lang='lat' dir='ltr'><strong>quo</strong></span> <span class='ocrx_word' id='word_1_614' title='bbox 594 4914 661 4986; x_wconf 78' lang='lat' dir='ltr'><strong>ad</strong></span> <span class='ocrx_word' id='word_1_615' title='bbox 712 4912 920 4986; x_wconf 78' lang='lat' dir='ltr'><strong>c_alc_em</strong></span> <span class='ocrx_word' id='word_1_616' title='bbox 983 4912 1253 4986; x_wconf 44' lang='lat' dir='ltr'><strong>Historias</strong></span> <span class='ocrx_word' id='word_1_617' title='bbox 1286 4913 1658 4986; x_wconf 69' lang='lat' dir='ltr'><strong>ecclesiastica:</strong></span> <span class='ocrx_word' id='word_1_618' title='bbox 1724 4917 2026 4986; x_wconf 86' lang='lat' dir='ltr'><strong>perscripta</strong></span> 
     </span>
    </p>
   </div>
   <div class='ocr_carea' id='block_1_96' title="bbox 447 4981 2027 5052">
    <p class='ocr_par' dir='ltr' id='par_1_96' title="bbox 447 4981 2027 5052">
     <span class='ocr_line' id='line_1_96' title="bbox 447 4981 2027 5052; baseline 0.002 -17"><span class='ocrx_word' id='word_1_619' title='bbox 447 4992 528 5035; x_wconf 83' lang='lat' dir='ltr'><strong>est</strong></span> <span class='ocrx_word' id='word_1_620' title='bbox 559 4982 785 5050; x_wconf 77' lang='lat' dir='ltr'><strong>epistola</strong></span> <span class='ocrx_word' id='word_1_621' title='bbox 814 4981 1157 5038; x_wconf 84' lang='lat' dir='ltr'><strong>Constantini</strong></span> <span class='ocrx_word' id='word_1_622' title='bbox 1188 4983 1255 5037; x_wconf 89' lang='lat' dir='ltr'><strong>ad</strong></span> <span class='ocrx_word' id='word_1_623' title='bbox 1285 4983 1624 5047; x_wconf 86' lang='lat' dir='ltr'><strong>Palaestinos,</strong></span> <span class='ocrx_word' id='word_1_624' title='bbox 1657 4981 1820 5052; x_wconf 82' lang='lat' dir='ltr'><strong>quam</strong></span> <span class='ocrx_word' id='word_1_625' title='bbox 1848 4986 1899 5039; x_wconf 91' lang='lat' dir='ltr'><strong>in</strong></span> <span class='ocrx_word' id='word_1_626' title='bbox 1933 4981 2027 5041; x_wconf 79' lang='lat' dir='ltr'><strong>sn-</strong></span> 
     </span>
    </p>
   </div>
   <div class='ocr_carea' id='block_1_97' title="bbox 446 5052 2023 5122">
    <p class='ocr_par' dir='ltr' id='par_1_97' title="bbox 446 5052 2023 5122">
     <span class='ocr_line' id='line_1_97' title="bbox 446 5052 2023 5122; baseline 0.003 -18"><span class='ocrx_word' id='word_1_627' title='bbox 446 5054 660 5121; x_wconf 87' lang='lat' dir='ltr'><strong>periore</strong></span> <span class='ocrx_word' id='word_1_628' title='bbox 690 5053 832 5107; x_wconf 89' lang='lat' dir='ltr'><strong>libro</strong></span> <span class='ocrx_word' id='word_1_629' title='bbox 858 5052 1046 5108; x_wconf 88' lang='lat' dir='ltr'><strong>retulit</strong></span> <span class='ocrx_word' id='word_1_630' title='bbox 1080 5054 1364 5118; x_wconf 88' lang='lat' dir='ltr'><strong>Eusebius,</strong></span> <span class='ocrx_word' id='word_1_631' title='bbox 1396 5052 1451 5107; x_wconf 80' lang='lat' dir='ltr'><strong>et</strong></span> <span class='ocrx_word' id='word_1_632' title='bbox 1489 5063 1612 5120; x_wconf 90' lang='lat' dir='ltr'><strong>post</strong></span> <span class='ocrx_word' id='word_1_633' title='bbox 1653 5055 2023 5122; x_wconf 75' lang='lat' dir='ltr'><strong>supradictain</strong></span> 
     </span>
    </p>
   </div>
   <div class='ocr_carea' id='block_1_98' title="bbox 440 5119 2025 5194">
    <p class='ocr_par' dir='ltr' id='par_1_98' title="bbox 440 5119 2025 5194">
     <span class='ocr_line' id='line_1_98' title="bbox 440 5119 2025 5194; baseline 0.001 -19"><span class='ocrx_word' id='word_1_634' title='bbox 440 5119 721 5194; x_wconf 76' lang='lat' dir='ltr'><strong>epistolam</strong></span> <span class='ocrx_word' id='word_1_635' title='bbox 766 5122 1026 5194; x_wconf 80' lang='lat' dir='ltr'><strong>leguntur</strong></span> <span class='ocrx_word' id='word_1_636' title='bbox 1042 5124 1162 5194; x_wconf 66' lang='lat' dir='ltr'><strong>haec</strong></span> <span class='ocrx_word' id='word_1_637' title='bbox 1192 5124 1394 5194; x_wconf 85' lang='lat' dir='ltr'><strong>verba:</strong></span> <span class='ocrx_word' id='word_1_638' title='bbox 1429 5119 1607 5194; x_wconf 76' lang='grc' dir='ltr'>[αὕτα</span> <span class='ocrx_word' id='word_1_639' title='bbox 1639 5119 1738 5194; x_wconf 83' lang='grc' dir='ltr'><strong>μὲν</strong></span> <span class='ocrx_word' id='word_1_640' title='bbox 1786 5119 1880 5179; x_wconf 71' lang='grc' dir='ltr'><strong>οὖν</strong></span> <span class='ocrx_word' id='word_1_641' title='bbox 1921 5120 2025 5194; x_wconf 78' lang='grc' dir='ltr'><strong>ᾧδέ</strong></span> 
     </span>
    </p>
   </div>
   <div class='ocr_carea' id='block_1_99' title="bbox 483 5191 2027 5272">
    <p class='ocr_par' dir='ltr' id='par_1_99' title="bbox 483 5191 2027 5272">
     <span class='ocr_line' id='line_1_99' title="bbox 483 5191 2027 5272; baseline 0 0"><span class='ocrx_word' id='word_1_642' title='bbox 483 5209 534 5272; x_wconf 74' lang='grc' dir='ltr'>οε</span> <span class='ocrx_word' id='word_1_643' title='bbox 562 5191 788 5272; x_wconf 60' lang='grc' dir='ltr'>κείετθαρι</span> <span class='ocrx_word' id='word_1_644' title='bbox 832 5191 969 5272; x_wconf 47' lang='lat' dir='ltr'><strong>ﬁes</strong></span> <span class='ocrx_word' id='word_1_645' title='bbox 1010 5193 1068 5272; x_wconf 65' lang='lat' dir='ltr'><strong>5i-</strong></span> <span class='ocrx_word' id='word_1_646' title='bbox 1100 5192 1320 5272; x_wconf 52' lang='grc' dir='ltr'>λυτάν</span> <span class='ocrx_word' id='word_1_647' title='bbox 1372 5195 1498 5272; x_wconf 64' lang='grc' dir='ltr'>εοῖές</span> <span class='ocrx_word' id='word_1_648' title='bbox 1540 5191 1770 5272; x_wconf 49' lang='lat' dir='ltr'><strong>“esse-</strong></span> <span class='ocrx_word' id='word_1_649' title='bbox 1798 5196 1894 5272; x_wconf 65' lang='grc' dir='ltr'>κει</span> <span class='ocrx_word' id='word_1_650' title='bbox 1926 5191 2027 5272; x_wconf 58' lang='grc' dir='ltr'><strong>’ἑὰς</strong></span> 
     </span>
    </p>
   </div>
   <div class='ocr_carea' id='block_1_100' title="bbox 474 5262 2027 5336">
    <p class='ocr_par' dir='ltr' id='par_1_100' title="bbox 474 5262 2027 5336">
     <span class='ocr_line' id='line_1_100' title="bbox 474 5262 2027 5336; baseline 0.003 -21"><span class='ocrx_word' id='word_1_651' title='bbox 474 5263 579 5332; x_wconf 82' lang='grc' dir='ltr'><strong>πὲρ</strong></span> <span class='ocrx_word' id='word_1_652' title='bbox 610 5264 711 5336; x_wconf 79' lang='grc' dir='ltr'>τῆς</span> <span class='ocrx_word' id='word_1_653' title='bbox 734 5262 981 5336; x_wconf 56' lang='grc' dir='ltr'><strong>ἀληθοῦςΔ</strong></span> <span class='ocrx_word' id='word_1_654' title='bbox 1010 5263 1416 5336; x_wconf 26' lang='grc' dir='ltr'>εύσεϐείαςλτοῦ</span> <span class='ocrx_word' id='word_1_655' title='bbox 1443 5262 1725 5336; x_wconf 81' lang='grc' dir='ltr'>θεοφιλοῦς</span> <span class='ocrx_word' id='word_1_656' title='bbox 1746 5265 1904 5336; x_wconf 85' lang='grc' dir='ltr'>ήμῶν</span> <span class='ocrx_word' id='word_1_657' title='bbox 1932 5266 2027 5319; x_wconf 79' lang='grc' dir='ltr'>καὶ</span> 
     </span>
    </p>
   </div>
   <div class='ocr_carea' id='block_1_101' title="bbox 440 5332 2029 5408">
    <p class='ocr_par' dir='ltr' id='par_1_101' title="bbox 440 5332 2029 5408">
     <span class='ocr_line' id='line_1_101' title="bbox 440 5332 2029 5408; baseline 0.008 -23"><span class='ocrx_word' id='word_1_658' title='bbox 440 5332 749 5408; x_wconf 73' lang='grc' dir='ltr'>πραοτάτου</span> <span class='ocrx_word' id='word_1_659' title='bbox 800 5332 1063 5408; x_wconf 84' lang='grc' dir='ltr'>βασιλέως</span> <span class='ocrx_word' id='word_1_660' title='bbox 1106 5332 1426 5400; x_wconf 80' lang='grc' dir='ltr'>ἐπιστολὰς,</span> <span class='ocrx_word' id='word_1_661' title='bbox 1473 5335 1567 5403; x_wconf 85' lang='grc' dir='ltr'><strong>ἀφ’</strong></span> <span class='ocrx_word' id='word_1_662' title='bbox 1626 5332 1818 5407; x_wconf 79' lang='grc' dir='ltr'>ἑτέρας</span> <span class='ocrx_word' id='word_1_663' title='bbox 1851 5337 2029 5408; x_wconf 79' lang='grc' dir='ltr'>ἀρχῆς</span> 
     </span>
    </p>
   </div>
   <div class='ocr_carea' id='block_1_102' title="bbox 441 5402 1229 5475">
    <p class='ocr_par' dir='ltr' id='par_1_102' title="bbox 441 5402 1229 5475">
     <span class='ocr_line' id='line_1_102' title="bbox 441 5402 1229 5475; baseline 0.003 -19"><span class='ocrx_word' id='word_1_664' title='bbox 441 5402 587 5475; x_wconf 71' lang='grc' dir='ltr'>δμού</span> <span class='ocrx_word' id='word_1_665' title='bbox 601 5402 1105 5475; x_wconf 50' lang='lat' dir='ltr'><strong>rrdtaag&#39;o&#39;uvavd‘fw</strong></span> <span class='ocrx_word' id='word_1_666' title='bbox 1112 5421 1229 5475; x_wconf 87' lang='grc' dir='ltr'>μεν.</span> 
     </span>
    </p>
   </div>
   <div class='ocr_carea' id='block_1_103' title="bbox 508 5473 2027 5545">
    <p class='ocr_par' dir='ltr' id='par_1_103' title="bbox 508 5473 2027 5545">
     <span class='ocr_line' id='line_1_103' title="bbox 508 5473 2027 5545; baseline 0.002 -18"><span class='ocrx_word' id='word_1_667' title='bbox 508 5473 620 5545; x_wconf 85' lang='grc'>(87)</span> <span class='ocrx_word' id='word_1_668' title='bbox 662 5473 920 5542; x_wconf 79' lang='grc' dir='ltr'>Μνήμης</span> <span class='ocrx_word' id='word_1_669' title='bbox 947 5473 1189 5529; x_wconf 69' lang='grc' dir='ltr'>ἇλλότι</span> <span class='ocrx_word' id='word_1_670' title='bbox 1228 5473 1537 5544; x_wconf 75' lang='grc' dir='ltr'>μέγιστον.</span> <span class='ocrx_word' id='word_1_671' title='bbox 1566 5473 1752 5529; x_wconf 89' lang='lat' dir='ltr'><strong>Prima</strong></span> <span class='ocrx_word' id='word_1_672' title='bbox 1780 5491 1884 5529; x_wconf 86' lang='lat' dir='ltr'><strong>vox</strong></span> <span class='ocrx_word' id='word_1_673' title='bbox 1928 5477 2027 5530; x_wconf 83' lang='lat' dir='ltr'><strong>de-</strong></span> 
     </span>
    </p>
   </div>
   <div class='ocr_carea' id='block_1_104' title="bbox 442 5540 2027 5614">
    <p class='ocr_par' dir='ltr' id='par_1_104' title="bbox 442 5540 2027 5614">
     <span class='ocr_line' id='line_1_104' title="bbox 442 5540 2027 5614; baseline 0.003 -19"><span class='ocrx_word' id='word_1_674' title='bbox 442 5540 609 5614; x_wconf 64' lang='lat' dir='ltr'><strong>lentla&#39;</strong></span> <span class='ocrx_word' id='word_1_675' title='bbox 665 5540 879 5598; x_wconf 79' lang='lat' dir='ltr'><strong>videtur</strong></span> <span class='ocrx_word' id='word_1_676' title='bbox 913 5552 1099 5614; x_wconf 85' lang='lat' dir='ltr'><strong>utpote</strong></span> <span class='ocrx_word' id='word_1_677' title='bbox 1154 5540 1459 5614; x_wconf 70' lang='lat' dir='ltr'><strong>superﬂua,</strong></span> <span class='ocrx_word' id='word_1_678' title='bbox 1508 5545 1614 5601; x_wconf 88' lang='lat' dir='ltr'><strong>nisi</strong></span> <span class='ocrx_word' id='word_1_679' title='bbox 1655 5545 1792 5614; x_wconf 87' lang='lat' dir='ltr'><strong>forte</strong></span> <span class='ocrx_word' id='word_1_680' title='bbox 1826 5546 2027 5600; x_wconf 86' lang='lat' dir='ltr'><strong>suban-</strong></span> 
     </span>
    </p>
   </div>
   <div class='ocr_carea' id='block_1_105' title="bbox 444 5613 2027 5687">
    <p class='ocr_par' dir='ltr' id='par_1_105' title="bbox 444 5613 2027 5687">
     <span class='ocr_line' id='line_1_105' title="bbox 444 5613 2027 5687; baseline 0.001 -21"><span class='ocrx_word' id='word_1_681' title='bbox 444 5613 884 5687; x_wconf 67' lang='lat' dir='ltr'><strong>diatur_p.v&#39;l)p.qc</strong></span> <span class='ocrx_word' id='word_1_682' title='bbox 918 5613 1103 5687; x_wconf 79' lang='grc' dir='ltr'>ἓνεκα.</span> <span class='ocrx_word' id='word_1_683' title='bbox 1154 5613 1344 5687; x_wconf 83' lang='lat' dir='ltr'><strong>Posset</strong></span> <span class='ocrx_word' id='word_1_684' title='bbox 1370 5618 1544 5687; x_wconf 85' lang='lat' dir='ltr'><strong>etiam</strong></span> <span class='ocrx_word' id='word_1_685' title='bbox 1584 5613 1716 5687; x_wconf 87' lang='lat' dir='ltr'><strong>dici_</strong></span> <span class='ocrx_word' id='word_1_686' title='bbox 1746 5616 1827 5687; x_wconf 83' lang='grc' dir='ltr'><strong>εἰς</strong></span> <span class='ocrx_word' id='word_1_687' title='bbox 1888 5616 2027 5687; x_wconf 74' lang='grc' dir='ltr'>μνή-</span> 
     </span>
    </p>
   </div>
   <div class='ocr_carea' id='block_1_106' title="bbox 448 5633 2028 5754">
    <p class='ocr_par' dir='ltr' id='par_1_106' title="bbox 448 5633 2028 5754">
     <span class='ocr_line' id='line_1_106' title="bbox 448 5633 2027 5687; baseline 0.002 -21"><span class='ocrx_word' id='word_1_688' title='bbox 448 5633 625 5667; x_wconf 82' lang='lat' dir='ltr'><strong>matur</strong></span> <span class='ocrx_word' id='word_1_689' title='bbox 663 5633 884 5686; x_wconf 87' lang='grc' dir='ltr'>μνημης</span> <span class='ocrx_word' id='word_1_690' title='bbox 920 5633 1103 5668; x_wconf 84' lang='grc' dir='ltr'>ενεκα.</span> <span class='ocrx_word' id='word_1_691' title='bbox 1155 5633 1344 5670; x_wconf 74' lang='grc' dir='ltr'>ιὀεεει</span> <span class='ocrx_word' id='word_1_692' title='bbox 1379 5633 1544 5670; x_wconf 79' lang='lat' dir='ltr'><strong>etiam</strong></span> <span class='ocrx_word' id='word_1_693' title='bbox 1584 5633 1690 5668; x_wconf 70' lang='grc' dir='ltr'>αισι</span> <span class='ocrx_word' id='word_1_694' title='bbox 1746 5633 1827 5678; x_wconf 88' lang='grc' dir='ltr'><strong>εις</strong></span> <span class='ocrx_word' id='word_1_695' title='bbox 1927 5633 2027 5687; x_wconf 89' lang='grc' dir='ltr'>νη-</span> 
     </span>
     <span class='ocr_line' id='line_1_107' title="bbox 448 5633 2028 5754; baseline 0.003 -19"><span class='ocrx_word' id='word_1_696' title='bbox 448 5698 573 5754; x_wconf 86' lang='grc' dir='ltr'>μην.</span> <span class='ocrx_word' id='word_1_697' title='bbox 621 5681 908 5754; x_wconf 74' lang='lat' dir='ltr'><strong>Turnebus</strong></span> <span class='ocrx_word' id='word_1_698' title='bbox 950 5686 1020 5739; x_wconf 88' lang='lat' dir='ltr'><strong>ad</strong></span> <span class='ocrx_word' id='word_1_699' title='bbox 1050 5700 1203 5741; x_wconf 91' lang='lat' dir='ltr'><strong>oram</strong></span> <span class='ocrx_word' id='word_1_700' title='bbox 1247 5685 1334 5741; x_wconf 88' lang='lat' dir='ltr'><strong>sui</strong></span> <span class='ocrx_word' id='word_1_701' title='bbox 1369 5686 1492 5741; x_wconf 87' lang='lat' dir='ltr'><strong>libri</strong></span> <span class='ocrx_word' id='word_1_702' title='bbox 1524 5683 1835 5740; x_wconf 84' lang='lat' dir='ltr'><strong>emendavit</strong></span> <span class='ocrx_word' id='word_1_703' title='bbox 1878 5633 2028 5751; x_wconf 55' lang='grc' dir='ltr'>ἓξιον</span> 
     </span>
    </p>
   </div>
   <div class='ocr_carea' id='block_1_107' title="bbox 447 5767 849 5822">
    <p class='ocr_par' dir='ltr' id='par_1_107' title="bbox 447 5767 849 5822">
     <span class='ocr_line' id='line_1_108' title="bbox 447 5767 849 5822; baseline 0.002 -17"><span class='ocrx_word' id='word_1_704' title='bbox 447 5767 552 5822; x_wconf 17' lang='grc' dir='ltr'>ιιι-ον</span> <span class='ocrx_word' id='word_1_705' title='bbox 576 5767 849 5822; x_wconf 83' lang='grc' dir='ltr'>μεγιστον.</span> 
     </span>
    </p>
   </div>
   <div class='ocr_carea' id='block_1_108' title="bbox 472 5821 2028 5901">
    <p class='ocr_par' dir='ltr' id='par_1_108' title="bbox 472 5821 2028 5901">
     <span class='ocr_line' id='line_1_109' title="bbox 472 5821 2028 5901; baseline 0.002 -24"><span class='ocrx_word' id='word_1_706' title='bbox 472 5890 482 5901; x_wconf 41' lang='grc'><strong><em>⁸</em></strong></span> <span class='ocrx_word' id='word_1_707' title='bbox 515 5821 627 5892; x_wconf 83' lang='lat'><strong>(88)</strong></span> <span class='ocrx_word' id='word_1_708' title='bbox 659 5821 775 5890; x_wconf 80' lang='grc' dir='ltr'><strong>Τῆς</strong></span> <span class='ocrx_word' id='word_1_709' title='bbox 802 5823 1020 5901; x_wconf 51' lang='lat' dir='ltr'><strong>minim</strong></span> <span class='ocrx_word' id='word_1_710' title='bbox 1036 5824 1325 5901; x_wconf 70' lang='grc' dir='ltr'>διανοίας.</span> <span class='ocrx_word' id='word_1_711' title='bbox 1361 5825 1557 5901; x_wconf 68' lang='lat' dir='ltr'><strong>Vocem</strong></span> <span class='ocrx_word' id='word_1_712' title='bbox 1587 5825 1766 5901; x_wconf 58' lang='grc' dir='ltr'>αὐτῶν</span> <span class='ocrx_word' id='word_1_713' title='bbox 1800 5826 1867 5901; x_wconf 78' lang='lat' dir='ltr'><strong>ad</strong></span> <span class='ocrx_word' id='word_1_714' title='bbox 1910 5842 2028 5880; x_wconf 91' lang='lat' dir='ltr'><strong>tnu-</strong></span> 
     </span>
    </p>
   </div>
   <div class='ocr_carea' id='block_1_109' title="bbox 450 5890 2028 5968">
    <p class='ocr_par' dir='ltr' id='par_1_109' title="bbox 450 5890 2028 5968">
     <span class='ocr_line' id='line_1_110' title="bbox 450 5890 2028 5968; baseline 0.004 -23"><span class='ocrx_word' id='word_1_715' title='bbox 450 5890 635 5961; x_wconf 80' lang='lat' dir='ltr'><strong>lieres,</strong></span> <span class='ocrx_word' id='word_1_716' title='bbox 658 5907 775 5963; x_wconf 74' lang='lat' dir='ltr'><strong>qua:</strong></span> <span class='ocrx_word' id='word_1_717' title='bbox 801 5895 974 5965; x_wconf 88' lang='lat' dir='ltr'><strong>prima</strong></span> <span class='ocrx_word' id='word_1_718' title='bbox 1007 5895 1124 5952; x_wconf 83' lang='lat' dir='ltr'><strong>luce</strong></span> <span class='ocrx_word' id='word_1_719' title='bbox 1154 5897 1220 5953; x_wconf 87' lang='lat' dir='ltr'><strong>ad</strong></span> <span class='ocrx_word' id='word_1_720' title='bbox 1248 5890 1557 5968; x_wconf 77' lang='lat' dir='ltr'><strong>sepulcrum</strong></span> <span class='ocrx_word' id='word_1_721' title='bbox 1603 5896 1816 5954; x_wconf 89' lang='lat' dir='ltr'><strong>Domini</strong></span> <span class='ocrx_word' id='word_1_722' title='bbox 1860 5910 2028 5953; x_wconf 75' lang='lat' dir='ltr'><strong>vene~</strong></span> 
     </span>
    </p>
   </div>
   <div class='ocr_carea' id='block_1_110' title="bbox 2127 4633 3706 4702">
    <p class='ocr_par' dir='ltr' id='par_1_110' title="bbox 2127 4633 3706 4702">
     <span class='ocr_line' id='line_1_111' title="bbox 2127 4633 3706 4702; baseline -0.004 -10"><span class='ocrx_word' id='word_1_723' title='bbox 2127 4653 2247 4692; x_wconf 87' lang='lat' dir='ltr'><strong>eam</strong></span> <span class='ocrx_word' id='word_1_724' title='bbox 2285 4640 2470 4692; x_wconf 89' lang='lat' dir='ltr'><strong>retulit</strong></span> <span class='ocrx_word' id='word_1_725' title='bbox 2504 4639 2570 4690; x_wconf 87' lang='lat' dir='ltr'><strong>ad</strong></span> <span class='ocrx_word' id='word_1_726' title='bbox 2611 4633 2805 4691; x_wconf 77' lang='lat' dir='ltr'><strong>saxeos</strong></span> <span class='ocrx_word' id='word_1_727' title='bbox 2852 4636 2972 4690; x_wconf 89' lang='lat' dir='ltr'><strong>illos</strong></span> <span class='ocrx_word' id='word_1_728' title='bbox 3010 4644 3065 4688; x_wconf 89' lang='lat' dir='ltr'><strong>et</strong></span> <span class='ocrx_word' id='word_1_729' title='bbox 3105 4634 3445 4693; x_wconf 86' lang='lat' dir='ltr'><strong>incredulos.</strong></span> <span class='ocrx_word' id='word_1_730' title='bbox 3486 4633 3553 4687; x_wconf 90' lang='lat' dir='ltr'><strong>de</strong></span> <span class='ocrx_word' id='word_1_731' title='bbox 3582 4634 3706 4702; x_wconf 83' lang='lat' dir='ltr'><strong>qui-</strong></span> 
     </span>
    </p>
   </div>
   <div class='ocr_carea' id='block_1_111' title="bbox 2127 4703 3700 4831">
    <p class='ocr_par' dir='ltr' id='par_1_111' title="bbox 2127 4703 3700 4831">
     <span class='ocr_line' id='line_1_112' title="bbox 2127 4703 3700 4831; baseline -0.003 -70"><span class='ocrx_word' id='word_1_732' title='bbox 2127 4708 2434 4831; x_wconf 74' lang='lat' dir='ltr'><strong>husbpaulo</strong></span> <span class='ocrx_word' id='word_1_733' title='bbox 2485 4718 2615 4761; x_wconf 88' lang='lat' dir='ltr'><strong>ante</strong></span> <span class='ocrx_word' id='word_1_734' title='bbox 2662 4708 2873 4762; x_wconf 87' lang='lat' dir='ltr'><strong>locutus</strong></span> <span class='ocrx_word' id='word_1_735' title='bbox 2920 4715 3007 4761; x_wconf 89' lang='lat' dir='ltr'><strong>est</strong></span> <span class='ocrx_word' id='word_1_736' title='bbox 3048 4704 3315 4759; x_wconf 86' lang='lat' dir='ltr'><strong>Eusebius</strong></span> <span class='ocrx_word' id='word_1_737' title='bbox 3353 4720 3368 4770; x_wconf 89' lang='lat'><strong>;</strong></span> <span class='ocrx_word' id='word_1_738' title='bbox 3414 4703 3556 4772; x_wconf 89' lang='lat' dir='ltr'><strong>quod</strong></span> <span class='ocrx_word' id='word_1_739' title='bbox 3595 4718 3700 4756; x_wconf 90' lang='lat' dir='ltr'><strong>nou</strong></span> 
     </span>
     <span class='ocr_line' id='line_1_113' title="bbox 2128 4792 2317 4831; baseline 0 0"><span class='ocrx_word' id='word_1_740' title='bbox 2128 4793 2225 4831; x_wconf 89' lang='lat' dir='ltr'><strong>nro</strong></span> <span class='ocrx_word' id='word_1_741' title='bbox 2265 4792 2317 4831; x_wconf 93' lang='lat' dir='ltr'><strong>o.</strong></span> 
     </span>
    </p>
   </div>
   <div class='ocr_carea' id='block_1_112' title="bbox 2167 4792 2317 4832">
    <p class='ocr_par' dir='ltr' id='par_1_112' title="bbox 2167 4792 2317 4832">
     <span class='ocr_line' id='line_1_114' title="bbox 2167 4792 2317 4832; baseline 0.007 -2"><span class='ocrx_word' id='word_1_742' title='bbox 2167 4792 2317 4832; x_wconf 82' lang='lat' dir='ltr'><strong>I‘ODO.</strong></span> 
     </span>
    </p>
   </div>
   <div class='ocr_carea' id='block_1_113' title="bbox 2127 4793 3703 4919">
    <p class='ocr_par' dir='ltr' id='par_1_113' title="bbox 2127 4793 3703 4919">
     <span class='ocr_line' id='line_1_115' title="bbox 2127 4793 3703 4919; baseline -0.005 -16"><span class='ocrx_word' id='word_1_743' title='bbox 2127 4793 2466 4919; x_wconf 44' lang='lat' dir='ltr'><strong>?r?8l)2;3.17ﬁr</strong></span> <span class='ocrx_word' id='word_1_744' title='bbox 2491 4846 2713 4919; x_wconf 67' lang='grc' dir='ltr'><strong>ἔξωθέν</strong></span> <span class='ocrx_word' id='word_1_745' title='bbox 2750 4847 2950 4919; x_wconf 34' lang='grc' dir='ltr'>ποθεν-</span> <span class='ocrx_word' id='word_1_746' title='bbox 2971 4840 3463 4919; x_wconf 53' lang='grc' dir='ltr'>εἰσφορήσαντεςτ</span> <span class='ocrx_word' id='word_1_747' title='bbox 3522 4840 3703 4895; x_wconf 86' lang='lat' dir='ltr'><strong>Malim</strong></span> 
     </span>
    </p>
   </div>
   <div class='ocr_carea' id='block_1_114' title="bbox 2127 4914 3707 4990">
    <p class='ocr_par' dir='ltr' id='par_1_114' title="bbox 2127 4914 3707 4990">
     <span class='ocr_line' id='line_1_116' title="bbox 2127 4914 3707 4990; baseline -0.001 -22"><span class='ocrx_word' id='word_1_748' title='bbox 2127 4914 2308 4984; x_wconf 79' lang='lat' dir='ltr'><strong>legere</strong></span> <span class='ocrx_word' id='word_1_749' title='bbox 2335 4914 2441 4990; x_wconf 84' lang='grc' dir='ltr'><strong>γῆν</strong></span> <span class='ocrx_word' id='word_1_750' title='bbox 2468 4918 2527 4985; x_wconf 74' lang='grc' dir='ltr'>ἐξ</span> <span class='ocrx_word' id='word_1_751' title='bbox 2551 4918 2673 4971; x_wconf 82' lang='grc' dir='ltr'>ὅθεν</span> <span class='ocrx_word' id='word_1_752' title='bbox 2707 4914 2867 4969; x_wconf 84' lang='grc' dir='ltr'>ποθέν</span> <span class='ocrx_word' id='word_1_753' title='bbox 2892 4954 2908 4979; x_wconf 92' lang='grc'><strong>,</strong></span> <span class='ocrx_word' id='word_1_754' title='bbox 2940 4915 2992 4969; x_wconf 88' lang='lat' dir='ltr'><strong>id</strong></span> <span class='ocrx_word' id='word_1_755' title='bbox 3019 4925 3123 4978; x_wconf 91' lang='lat' dir='ltr'><strong>est,</strong></span> <span class='ocrx_word' id='word_1_756' title='bbox 3158 4915 3320 4967; x_wconf 87' lang='lat' dir='ltr'><strong>humo</strong></span> <span class='ocrx_word' id='word_1_757' title='bbox 3352 4916 3707 4980; x_wconf 84' lang='lat' dir='ltr'><strong>undecunque</strong></span> 
     </span>
    </p>
   </div>
   <div class='ocr_carea' id='block_1_115' title="bbox 2128 4997 2370 5042">
    <p class='ocr_par' dir='ltr' id='par_1_115' title="bbox 2128 4997 2370 5042">
     <span class='ocr_line' id='line_1_117' title="bbox 2128 4997 2370 5042; baseline 0.004 -2"><span class='ocrx_word' id='word_1_758' title='bbox 2128 4997 2370 5042; x_wconf 63' lang='grc'><strong>3226518.</strong></span> 
     </span>
    </p>
   </div>
   <div class='ocr_carea' id='block_1_116' title="bbox 2164 5002 3700 5125">
    <p class='ocr_par' dir='ltr' id='par_1_116' title="bbox 2164 5002 3700 5125">
     <span class='ocr_line' id='line_1_118' title="bbox 2164 5002 3700 5125; baseline -0.018 0"><span class='ocrx_word' id='word_1_759' title='bbox 2164 5002 2587 5125; x_wconf 43' lang='grc' dir='ltr'><strong>8ῗξόῇίῧὸυσίας</strong></span> <span class='ocrx_word' id='word_1_760' title='bbox 2622 5055 2722 5110; x_wconf 74' lang='grc' dir='ltr'><strong>ἐπὶ</strong></span> <span class='ocrx_word' id='word_1_761' title='bbox 2764 5053 2987 5124; x_wconf 81' lang='grc' dir='ltr'>βωμῶν</span> <span class='ocrx_word' id='word_1_762' title='bbox 3024 5050 3513 5125; x_wconf 73' lang='grc' dir='ltr'>ἐπισπένδοντες.</span> <span class='ocrx_word' id='word_1_763' title='bbox 3567 5048 3700 5125; x_wconf 73' lang='lat' dir='ltr'><strong>Pes-</strong></span> 
     </span>
    </p>
   </div>
   <div class='ocr_carea' id='block_1_117' title="bbox 2127 5122 3697 5192">
    <p class='ocr_par' dir='ltr' id='par_1_117' title="bbox 2127 5122 3697 5192">
     <span class='ocr_line' id='line_1_119' title="bbox 2127 5122 3697 5192; baseline -0.003 -13"><span class='ocrx_word' id='word_1_764' title='bbox 2127 5122 2264 5181; x_wconf 85' lang='lat' dir='ltr'><strong>sime</strong></span> <span class='ocrx_word' id='word_1_765' title='bbox 2280 5127 2423 5180; x_wconf 91' lang='lat' dir='ltr'><strong>huuc</strong></span> <span class='ocrx_word' id='word_1_766' title='bbox 2447 5128 2623 5181; x_wconf 91' lang='lat' dir='ltr'><strong>locum</strong></span> <span class='ocrx_word' id='word_1_767' title='bbox 2648 5122 3349 5192; x_wconf 80' lang='lat' dir='ltr'><strong>vertitChristOphnrsonus</strong></span> <span class='ocrx_word' id='word_1_768' title='bbox 3374 5124 3477 5176; x_wconf 92' lang='lat' dir='ltr'><strong>hoc</strong></span> <span class='ocrx_word' id='word_1_769' title='bbox 3501 5122 3657 5175; x_wconf 91' lang='lat' dir='ltr'><strong>modo</strong></span> <span class='ocrx_word' id='word_1_770' title='bbox 3682 5139 3697 5175; x_wconf 92' lang='lat'><strong>:</strong></span> 
     </span>
    </p>
   </div>
   <div class='ocr_carea' id='block_1_118' title="bbox 2130 5195 3700 5262">
    <p class='ocr_par' dir='ltr' id='par_1_118' title="bbox 2130 5195 3700 5262">
     <span class='ocr_line' id='line_1_120' title="bbox 2130 5195 3700 5262; baseline -0.004 -13"><span class='ocrx_word' id='word_1_771' title='bbox 2130 5196 2265 5249; x_wconf 85' lang='lat' dir='ltr'><strong>Tum</strong></span> <span class='ocrx_word' id='word_1_772' title='bbox 2301 5197 2636 5251; x_wconf 83' lang='lat' dir='ltr'><strong>detestabiles</strong></span> <span class='ocrx_word' id='word_1_773' title='bbox 2674 5197 2747 5248; x_wconf 83' lang='lat' dir='ltr'><strong>ibi</strong></span> <span class='ocrx_word' id='word_1_774' title='bbox 2803 5196 3040 5249; x_wconf 81' lang='lat' dir='ltr'><strong>victimas</strong></span> <span class='ocrx_word' id='word_1_775' title='bbox 3095 5208 3249 5262; x_wconf 85' lang='lat' dir='ltr'><strong>super</strong></span> <span class='ocrx_word' id='word_1_776' title='bbox 3298 5195 3532 5260; x_wconf 82' lang='lat' dir='ltr'><strong>impurus</strong></span> <span class='ocrx_word' id='word_1_777' title='bbox 3575 5206 3700 5244; x_wconf 84' lang='lat' dir='ltr'><strong>aras</strong></span> 
     </span>
    </p>
   </div>
   <div class='ocr_carea' id='block_1_119' title="bbox 2129 5262 3695 5335">
    <p class='ocr_par' dir='ltr' id='par_1_119' title="bbox 2129 5262 3695 5335">
     <span class='ocr_line' id='line_1_121' title="bbox 2129 5262 3695 5335; baseline -0.004 -15"><span class='ocrx_word' id='word_1_778' title='bbox 2129 5266 2431 5321; x_wconf 82' lang='lat' dir='ltr'><strong>immolare.</strong></span> <span class='ocrx_word' id='word_1_779' title='bbox 2474 5266 2637 5335; x_wconf 81' lang='lat' dir='ltr'><strong>Atqui</strong></span> <span class='ocrx_word' id='word_1_780' title='bbox 2679 5281 2789 5319; x_wconf 87' lang='lat' dir='ltr'><strong>vox</strong></span> <span class='ocrx_word' id='word_1_781' title='bbox 2836 5264 3155 5326; x_wconf 83' lang='grc' dir='ltr'>σπένδοντες</span> <span class='ocrx_word' id='word_1_782' title='bbox 3178 5262 3695 5335; x_wconf 28' lang='lat' dir='ltr'><strong>satis‘indicat,__non</strong></span> 
     </span>
    </p>
   </div>
   <div class='ocr_carea' id='block_1_120' title="bbox 2128 5330 3697 5403">
    <p class='ocr_par' dir='ltr' id='par_1_120' title="bbox 2128 5330 3697 5403">
     <span class='ocr_line' id='line_1_122' title="bbox 2128 5330 3697 5403; baseline -0.006 -14"><span class='ocrx_word' id='word_1_783' title='bbox 2128 5339 2195 5390; x_wconf 83' lang='lat' dir='ltr'><strong>de</strong></span> <span class='ocrx_word' id='word_1_784' title='bbox 2220 5336 2459 5392; x_wconf 86' lang='lat' dir='ltr'><strong>victimis</strong></span> <span class='ocrx_word' id='word_1_785' title='bbox 2489 5330 2578 5391; x_wconf 76' lang='lat' dir='ltr'><strong>hic</strong></span> <span class='ocrx_word' id='word_1_786' title='bbox 2600 5336 2892 5391; x_wconf 88' lang='lat' dir='ltr'><strong>Eusebium</strong></span> <span class='ocrx_word' id='word_1_787' title='bbox 2919 5336 3091 5403; x_wconf 86' lang='lat' dir='ltr'><strong>loqui,</strong></span> <span class='ocrx_word' id='word_1_788' title='bbox 3113 5335 3207 5388; x_wconf 87' lang='lat' dir='ltr'><strong>sed</strong></span> <span class='ocrx_word' id='word_1_789' title='bbox 3236 5333 3303 5387; x_wconf 88' lang='lat' dir='ltr'><strong>de</strong></span> <span class='ocrx_word' id='word_1_790' title='bbox 3327 5330 3697 5403; x_wconf 74' lang='lat' dir='ltr'><strong>libationihus,</strong></span> 
     </span>
    </p>
   </div>
   <div class='ocr_carea' id='block_1_121' title="bbox 2127 5398 3701 5473">
    <p class='ocr_par' dir='ltr' id='par_1_121' title="bbox 2127 5398 3701 5473">
     <span class='ocr_line' id='line_1_123' title="bbox 2127 5398 3701 5473; baseline -0.005 -15"><span class='ocrx_word' id='word_1_791' title='bbox 2127 5407 2254 5460; x_wconf 86' lang='lat' dir='ltr'><strong>vino</strong></span> <span class='ocrx_word' id='word_1_792' title='bbox 2282 5407 2514 5472; x_wconf 88' lang='lat' dir='ltr'><strong>scilicet,</strong></span> <span class='ocrx_word' id='word_1_793' title='bbox 2540 5406 2680 5461; x_wconf 86' lang='lat' dir='ltr'><strong>lacte</strong></span> <span class='ocrx_word' id='word_1_794' title='bbox 2723 5415 2777 5459; x_wconf 91' lang='lat' dir='ltr'><strong>et</strong></span> <span class='ocrx_word' id='word_1_795' title='bbox 2821 5398 3116 5465; x_wconf 83' lang='lat' dir='ltr'><strong>similibus,</strong></span> <span class='ocrx_word' id='word_1_796' title='bbox 3160 5418 3282 5473; x_wconf 66' lang='lat' dir='ltr'><strong>quae</strong></span> <span class='ocrx_word' id='word_1_797' title='bbox 3327 5400 3556 5473; x_wconf 76' lang='lat' dir='ltr'><strong>gentiles</strong></span> <span class='ocrx_word' id='word_1_798' title='bbox 3594 5398 3701 5473; x_wconf 83' lang='lat' dir='ltr'><strong>diis</strong></span> 
     </span>
    </p>
   </div>
   <div class='ocr_carea' id='block_1_122' title="bbox 2127 5467 3702 5548">
    <p class='ocr_par' dir='ltr' id='par_1_122' title="bbox 2127 5467 3702 5548">
     <span class='ocr_line' id='line_1_124' title="bbox 2127 5467 3702 5548; baseline -0.007 -19"><span class='ocrx_word' id='word_1_799' title='bbox 2127 5478 2242 5548; x_wconf 88' lang='lat' dir='ltr'><strong>suis</strong></span> <span class='ocrx_word' id='word_1_800' title='bbox 2283 5467 2607 5548; x_wconf 66' lang='lat' dir='ltr'><strong>oﬂ&#39;erebitnt.</strong></span> <span class='ocrx_word' id='word_1_801' title='bbox 2638 5476 2790 5530; x_wconf 79' lang='lat' dir='ltr'><strong>Adde</strong></span> <span class='ocrx_word' id='word_1_802' title='bbox 2816 5476 2961 5544; x_wconf 89' lang='lat' dir='ltr'><strong>quod</strong></span> <span class='ocrx_word' id='word_1_803' title='bbox 3005 5467 3261 5548; x_wconf 67' lang='lat' dir='ltr'><strong>victimas</strong></span> <span class='ocrx_word' id='word_1_804' title='bbox 3278 5467 3448 5548; x_wconf 67' lang='lat' dir='ltr'><strong>super</strong></span> <span class='ocrx_word' id='word_1_805' title='bbox 3465 5468 3576 5548; x_wconf 72' lang='lat' dir='ltr'><strong>aris</strong></span> <span class='ocrx_word' id='word_1_806' title='bbox 3600 5467 3702 5548; x_wconf 83' lang='lat' dir='ltr'><strong>im—</strong></span> 
     </span>
    </p>
   </div>
   <div class='ocr_carea' id='block_1_123' title="bbox 2128 5541 3701 5615">
    <p class='ocr_par' dir='ltr' id='par_1_123' title="bbox 2128 5541 3701 5615">
     <span class='ocr_line' id='line_1_125' title="bbox 2128 5541 3701 5615; baseline -0.008 -17"><span class='ocrx_word' id='word_1_807' title='bbox 2128 5546 2341 5611; x_wconf 89' lang='lat' dir='ltr'><strong>molari,</strong></span> <span class='ocrx_word' id='word_1_808' title='bbox 2380 5561 2607 5615; x_wconf 89' lang='lat' dir='ltr'><strong>prorsus</strong></span> <span class='ocrx_word' id='word_1_809' title='bbox 2642 5541 2939 5600; x_wconf 77' lang='lat' dir='ltr'><strong>absurdum</strong></span> <span class='ocrx_word' id='word_1_810' title='bbox 2966 5553 3068 5598; x_wconf 91' lang='lat' dir='ltr'><strong>est.</strong></span> <span class='ocrx_word' id='word_1_811' title='bbox 3112 5541 3314 5615; x_wconf 63' lang='lat' dir='ltr'><strong>Hostia:</strong></span> <span class='ocrx_word' id='word_1_812' title='bbox 3360 5541 3507 5615; x_wconf 88' lang='lat' dir='ltr'><strong>enim</strong></span> <span class='ocrx_word' id='word_1_813' title='bbox 3525 5541 3701 5615; x_wconf 42' lang='lat' dir='ltr'><strong>“juxta-</strong></span> 
     </span>
    </p>
   </div>
   <div class='ocr_carea' id='block_1_124' title="bbox 2128 5605 3700 5685">
    <p class='ocr_par' dir='ltr' id='par_1_124' title="bbox 2128 5605 3700 5685">
     <span class='ocr_line' id='line_1_126' title="bbox 2128 5605 3700 5685; baseline -0.006 -16"><span class='ocrx_word' id='word_1_814' title='bbox 2128 5631 2254 5670; x_wconf 89' lang='lat' dir='ltr'><strong>aras</strong></span> <span class='ocrx_word' id='word_1_815' title='bbox 2278 5605 2663 5685; x_wconf 48' lang='lat' dir='ltr'><strong>m&#39;aétabantur</strong></span> <span class='ocrx_word' id='word_1_816' title='bbox 2681 5658 2696 5680; x_wconf 89' lang='lat'><strong>,</strong></span> <span class='ocrx_word' id='word_1_817' title='bbox 2723 5630 2829 5668; x_wconf 85' lang='lat' dir='ltr'><strong>non</strong></span> <span class='ocrx_word' id='word_1_818' title='bbox 2862 5628 3024 5685; x_wconf 86' lang='lat' dir='ltr'><strong>super</strong></span> <span class='ocrx_word' id='word_1_819' title='bbox 3046 5612 3181 5667; x_wconf 87' lang='lat' dir='ltr'><strong>aris.</strong></span> <span class='ocrx_word' id='word_1_820' title='bbox 3211 5608 3385 5664; x_wconf 82' lang='lat' dir='ltr'><strong>Notus</strong></span> <span class='ocrx_word' id='word_1_821' title='bbox 3408 5613 3492 5659; x_wconf 89' lang='lat' dir='ltr'><strong>est</strong></span> <span class='ocrx_word' id='word_1_822' title='bbox 3520 5605 3700 5660; x_wconf 81' lang='lat' dir='ltr'><strong>Ovidii</strong></span> 
     </span>
    </p>
   </div>
   <div class='ocr_carea' id='block_1_125' title="bbox 2128 5683 3076 5754">
    <p class='ocr_par' dir='ltr' id='par_1_125' title="bbox 2128 5683 3076 5754">
     <span class='ocr_line' id='line_1_127' title="bbox 2128 5683 3076 5754; baseline -0.002 -15"><span class='ocrx_word' id='word_1_823' title='bbox 2128 5700 2341 5754; x_wconf 84' lang='lat' dir='ltr'><strong>versus,</strong></span> <span class='ocrx_word' id='word_1_824' title='bbox 2375 5683 2533 5740; x_wconf 84' lang='lat' dir='ltr'><strong>Fast.</strong></span> <span class='ocrx_word' id='word_1_825' title='bbox 2561 5685 2656 5741; x_wconf 92' lang='lat' dir='ltr'><strong>lib.</strong></span> <span class='ocrx_word' id='word_1_826' title='bbox 2686 5701 2728 5752; x_wconf 86' lang='grc' dir='ltr'><strong>ι,</strong></span> <span class='ocrx_word' id='word_1_827' title='bbox 2753 5685 2857 5741; x_wconf 78' lang='grc'><strong>557</strong></span> <span class='ocrx_word' id='word_1_828' title='bbox 2880 5683 3076 5752; x_wconf 71' lang='grc' dir='ltr'>οιέειι.</span> 
     </span>
    </p>
   </div>
   <div class='ocr_carea' id='block_1_126' title="bbox 2134 5788 3701 5872">
    <p class='ocr_par' dir='ltr' id='par_1_126' title="bbox 2134 5788 3701 5872">
     <span class='ocr_line' id='line_1_128' title="bbox 2134 5788 3701 5872; baseline -0.007 -17"><span class='ocrx_word' id='word_1_829' title='bbox 2134 5799 2300 5865; x_wconf 71' lang='lat' dir='ltr'><strong>Rodo,</strong></span> <span class='ocrx_word' id='word_1_830' title='bbox 2331 5814 2508 5872; x_wconf 86' lang='lat' dir='ltr'><strong>caper,</strong></span> <span class='ocrx_word' id='word_1_831' title='bbox 2543 5799 2722 5855; x_wconf 81' lang='lat' dir='ltr'><strong>vitem.</strong></span> <span class='ocrx_word' id='word_1_832' title='bbox 2769 5796 2964 5852; x_wconf 80' lang='lat' dir='ltr'><strong>Tamen</strong></span> <span class='ocrx_word' id='word_1_833' title='bbox 3007 5794 3125 5848; x_wconf 83' lang='lat' dir='ltr'><strong>hinc</strong></span> <span class='ocrx_word' id='word_1_834' title='bbox 3168 5788 3496 5872; x_wconf 37' lang='lat' dir='ltr'><strong>[huicllcum</strong></span> <span class='ocrx_word' id='word_1_835' title='bbox 3536 5788 3701 5872; x_wconf 69' lang='lat' dir='ltr'><strong>stultis</strong></span> 
     </span>
    </p>
   </div>
   <div class='ocr_carea' id='block_1_127' title="bbox 3305 5860 3702 5926">
    <p class='ocr_par' dir='ltr' id='par_1_127' title="bbox 3305 5860 3702 5926">
     <span class='ocr_line' id='line_1_129' title="bbox 3305 5860 3702 5926; baseline 0.005 -12"><span class='ocrx_word' id='word_1_836' title='bbox 3305 5860 3375 5914; x_wconf 82' lang='lat' dir='ltr'><strong>od</strong></span> <span class='ocrx_word' id='word_1_837' title='bbox 3408 5873 3553 5926; x_wconf 81' lang='lat' dir='ltr'><strong>oras,</strong></span> <span class='ocrx_word' id='word_1_838' title='bbox 3590 5866 3702 5916; x_wconf 81' lang='lat' dir='ltr'><strong>etc.</strong></span> 
     </span>
    </p>
   </div>
  </div>
