4186 6416
470 454 608 510 1087

1182 450 1457 509 EUSEBII
1488 453 1972 516 CAESARIENSIS
2009 457 2164 516 OPP.
2207 456 2390 515 PARS
2439 460 2484 513 1.
2519 486 2590 498 —
2616 455 3010 515 HISTORICA.

3595 463 3620 517 1
3630 460 3734 516 088

470 572 735 626 honorem
770 567 960 624 lascivi
1009 569 1272 625 daemonis
1309 585 1471 642 quem
1523 570 1794 629 Venerem
1827 585 2052 638 vocant,

2156 573 2318 645 ἔργον
2340 572 2490 638 ἄξειν
2520 572 2790 644 ἐνόμιζον,
2814 574 2863 626 εί
2891 573 2978 626 διὰ
3003 570 3210 626 τούτων
3252 570 3360 626 τῶν
3388 572 3598 642 ἐναγῶν
3636 591 3738 645 μυ-

469 662 818 728 :edilicantes,
852 661 943 717 ubi
967 665 1298 718 exsecranda
1321 663 1592 719 sacrificia
1621 682 1786 738 super
1812 667 2054 736 profanis

470 763 527 809 et
557 753 788 823 impuris
815 752 1083 809 altaribus
1104 753 1431 811 oﬂ'erebant.
1465 756 1523 811 id
1550 760 1693 812 enim
1725 759 1869 829 quod
1898 759 2056 813 insti-

470 853 708 906 tuerant,
745 833 1069 897 ita'demum
1116 858 1178 900 se
1215 844 1564 915 perfecturos
1591 861 1716 901 esse
1743 848 2053 916 Opinaban-

470 946 581 1001 tur,
613 936 659 991 si
690 936 920 1006 impuris
942 935 1255 1003 huiusmodi
1280 937 1534 993 sordibus
1562 937 1732 1010 498
1759 939 2051 995 salutarem

468 1029 790 1099 speluncam
822 1027 1161 1083 obruissent.
1190 1028 1375 1084 Miseri
1404 1030 1547 1084 enim
1578 1031 1715 1085 illud
1750 1031 2055 1101 intelligere

469 1134 578 1175 non
608 1128 886 1189 poterant,
931 1119 1052 1174 ﬁeri
1104 1121 1333 1176 omnino
1376 1137 1483 1176 non
1526 1137 1709 1192 posse,
1745 1131 1806 1177 ut
1838 1122 1931 1193 qui
1986 1124 2054 1179 de

468 1219 647 1265 morte
670 1210 958 1265 victoriam
990 1210 1292 1276 retulisset,
1319 1211 1425 1266 hoc
1450 1212 1696 1282 ipsorum
1721 1212 1933 1269 facinus
1954 1226 2052 1269 oc-

466 1305 675 1361 cultum
732 1305 1070 1375 relinqueret
1101 1323 1117 1361 :
1153 1306 1611 1375 quemadmodum
1655 1323 1757 1364 nec
1798 1308 1916 1363 fieri
1951 1323 2050 1378 po-

466 1410 598 1465 teSt,
622 1407 684 1454 ut
729 1398 815 1455 sol
846 1413 1011 1468 supra
1042 1407 1229 1459 terras
1257 1399 1501 1466 radians,
1540 1409 1595 1456 ct
1633 1410 1954 1457 consuetum
1996 1402 2051 1457 in

464 1493 606 1548 cmlo
632 1507 856 1548 cursum
882 1506 1172 1562 peragens,
1197 1492 1363 1549 totius
1390 1494 1612 1564 generis
1651 1494 1873 1550 humani
1909 1495 2054 1550 noti-

466 1586 595 1640 tiam
624 1570 1009 1655 subterfngiat.
1043 1584 1254 1654 Quippe
1286 1585 1603 1642 Servatoris
1637 1586 1810 1644 nostri
1854 1599 2052 1658 poten-

462 1678 540 1730 tia
565 1676 726 1747 longe
753 1675 1122 1745 praestantiori
1151 1676 1273 1731 luce
1308 1677 1694 1747 resplendens,
1724 1693 1824 1734 nec
1869 1689 1928 1734 ut
1970 1680 2052 1736 sol

462 1782 716 1838 corpora,
737 1768 831 1823 sed
857 1767 1068 1823 animos
1093 1767 1374 1822 hominum
1406 1769 1707 1835 illustrans,
1737 1778 1909 1825 totum
1934 1771 2049 1842 jam

463 1870 738 1915 terrarum
768 1859 959 1914 orbem
988 1859 1159 1914 radiis
1214 1860 1495 1930 implebat.
1522 1862 1633 1917 Sed
1689 1862 2051 1918 nihilominus

2156 665 2452 736 ταγμάτων
2475 665 2536 718 τὸ
2557 666 2823 735 σωτήριον
2846 664 3039 735 ἄντρον
3071 663 3479 736 κατακρύψειαν
3497 682 3510 695 ·
3538 666 3600 721 ού
3625 666 3737 739 γάρ

2154 749 2256 809 οἶοί
2285 757 2333 809 τ’
2358 751 2499 828 ἦσαν
2529 757 2767 810 συνιέναι
2807 758 2855 809 οἱ
2902 756 3145 821 δείλαιοι,
3173 757 3248 821 ὡς
3276 757 3377 811 οὐκ
3417 752 3531 828 εἶχε
3574 757 3737 827 φύσιν

2152 847 2244 902 τὸν
2261 848 2402 903 κατά
2423 847 2516 902 τοῦ
2543 847 2774 903 θανάτου
2800 847 3029 920 βραϐεῖα
3053 848 3480 921 ἀναδησάμενον,
3506 850 3737 925 κρύφιον

2153 941 2477 996 καταλιπεῖν
2507 941 2570 995 τὸ
2599 941 2951 1013 κατόρθωμα,
2989 942 3111 996 οὐδὲ
3150 943 3248 1015 τὴν
3293 943 3586 1015 σύμπασαν
3628 945 3738 998 τῶν

2153 1032 2457 1106 ἀνθρώπων
2479 1032 2688 1107 [φύσιν]
2719 1034 2902 1088 λαθεῖν
2935 1033 3047 1106 (9|)
3076 1034 3308 1106 λάμπων
3343 1036 3483 1108 ὑπὲρ
3514 1036 3619 1109 γῆς
3645 1054 3741 1106 γε·

2153 1126 2379 1197 νόμενος
2397 1128 2427 1179 ὁ
2449 1126 2621 1198 ἥλιος,
2654 1126 2748 1180 καὶ
2773 1127 2865 1180 τὸν
2894 1129 3091 1181 οἰκεῖον
3113 1129 3170 1181 ἐν
3193 1127 3411 1200 οὐρανῷ
3437 1128 3740 1184 διῖππεύων

2152 1217 2382 1290 δρόμον’
2416 1217 2606 1272 τούτου
2657 1219 2766 1292 γὰρ
2811 1218 3135 1291 κρειττόνως
3185 1218 3365 1291 ψυχὰς
3411 1219 3737 1293 ἀνθρώπων,

2153 1309 2268 1364 ἀλλ’
2296 1311 2358 1364 οὐ
2402 1309 2631 1382 σώματα
2673 1312 2706 1382 ἡ
2752 1312 3017 1383 σωτήριος
3048 1312 3443 1380 καταυγάσασα
3487 1312 3739 1384 δύναμις,

2151 1402 2262 1457 τῶν
2302 1403 2520 1457 οἰκείων
2566 1403 2660 1456 τοῦ
2696 1403 2874 1471 φωτὸς
2908 1402 3289 1476 μαρμαρυγῶν
3330 1404 3422 1458 τὸν
3449 1402 3742 1476 σύμπαντα

2153 1491 2499 1565 κατεπλήρου
2532 1492 2757 1564 κόσμον.
2796 1491 2944 1565 Πλὴν
2976 1491 3111 1545 ἀλλά
3138 1490 3248 1545 τῶν
3284 1492 3461 1547 ἀθέων
3491 1492 3587 1548 καὶ
3614 1493 3743 1547 δυσ-

2153 1583 2328 1637 σε6ῶν
2374 1582 2583 1655 ἀνδρῶν
2640 1582 2709 1636 τά
2749 1583 2890 1637 κατά
2926 1582 3026 1655 τῆς
3067 1582 3323 1655 ἀληθείας
3364 1585 3739 1655 μηχανήματα

2157 1681 2391 1750 μακροῖς
2414 1677 2767 1752 παρετείνετο
2794 1679 3028 1749 χρόνοις,
3050 1676 3243 1741 κούδείς
3266 1694 3326 1730 τε
3357 1676 3468 1731 τῶν
3497 1675 3740 1741 πώποτε,

2151 1766 2250 1838 οὐχ
2277 1766 2615 1838 ἡγουμένων,
2648 1769 2708 1819 οὐ
2738 1766 3081 1837 στρατηγῶν,
3114 1767 3215 1820 οὐκ
3238 1765 3418 1819 αὐτῶν
3451 1766 3737 1838 βασιλέων,

2154 1860 2248 1913 ἐπὶ
2269 1858 2586 1930 καθαιρέσει
2601 1858 2708 1913 τῶν
2722 1859 3140 1930 τετολμημένων
3161 1858 3390 1932 εὕρηται
3416 1860 3739 1933 ἐπιτήδειος,

461 1968 527 2008 ea
560 1968 683 2023 quis
721 1952 870 2022 impii
901 1967 965 2006 ac
998 1951 1210 2020 profani
1249 1953 1503 2010 homines
1531 1955 1796 2011 adversus
1842 1959 2049 2011 verita-

2153 1952 2185 2023 ἢ
2217 1951 2375 2023 μόνος
2400 1928 2480 2016 εἷς
2499 1953 2527 2005 ὁ
2555 1951 2633 2023 τῷ
2657 1928 2994 2021 παμϐασιλεῖ
3015 1950 3132 2022 Θεῷ
3156 1928 3327 2022 φίλος.
3352 1952 3465 2005 Καὶ
3498 1928 3744 2023 πνεύμα-

466 2054 574 2101 tem
618 2044 920 2099 machinati
956 2043 1200 2109 fuerant,
1233 2043 1396 2114 longo
1428 2047 1695 2117 temporis
1721 2047 1901 2117 spatio
1931 2062 2057 2115 per-

463 2145 802 2192 manserunt.
826 2134 937 2191 Nec
961 2135 1103 2191 ullus
1130 2151 1196 2190 ex
1223 2137 1573 2205 praesidibus,
1596 2146 1691 2192 aut
1717 2151 1784 2191 ex
1802 2137 2050 2203 ducibus,

462 2238 558 2284 aut
597 2245 665 2285 ex
700 2231 836 2300 ipsis
875 2231 1041 2286 etiam
1095 2231 1553 2300 imperatoribus,
1594 2231 1688 2300 qui
1726 2232 1795 2286 ad
1838 2240 2051 2285 tantum

460 2323 640 2379 scelus
673 2323 1028 2378 evertendum
1055 2323 1284 2378 idoneus
1314 2326 1476 2391 foret,
1507 2324 1762 2380 inventus
1794 2334 1879 2379 est
1913 2338 2053 2394 prae-

464 2423 546 2468 ter
578 2427 749 2467 unum
791 2412 905 2468 Deo
930 2414 1176 2467 omnium
1217 2414 1334 2483 regi
1366 2414 1814 2483 acceptissimum
1848 2415 2052 2481 princi-

461 2517 607 2574 pem.
634 2502 736 2570 Qui
772 2503 958 2559 divino
988 2504 1264 2560 animatus
1319 2506 1545 2574 spiritu,
1587 2521 1707 2559 cum
1740 2521 1905 2576 supra
1938 2521 2050 2561 me-

461 2606 734 2651 moratum
770 2595 976 2661 locum,
1004 2595 1261 2651 omnibus
1291 2597 1669 2666 purgamentis
1698 2611 1763 2651 ac
1793 2597 2049 2651 sordibus

464 2688 535 2743 ab
564 2687 899 2742 adversariis
923 2687 1302 2743 fraudulenter
1324 2689 1694 2753 obstructum,
1709 2699 1764 2742 et
1784 2687 2046 2743 oblivioni

462 2781 684 2851 penitus
715 2780 974 2835 traditum
1001 2793 1131 2837 esse
1165 2780 1387 2852 indigne
1424 2781 1616 2847 ferret,
1650 2797 1751 2837 nec
1782 2782 2069 2852 improhi-.

2151 2062 2205 2098 τι
2235 2044 2366 2114 γοῦν
2395 2046 2624 2115 κάτοχος
2653 2043 2805 2115 θείῳ,
2834 2043 3013 2116 χῶρον
3046 2043 3209 2098 αὑτὸν
3235 2045 3439 2099 ἐκεῖνον
3466 2044 3560 2098 τὸν
3589 2044 3745 2117 δεδη-

2150 2138 2414 2209 λωμένον,
2446 2136 2648 2201 πάσαις
2688 2138 2750 2191 ού
2786 2136 3058 2208 καθαραῖς
3090 2136 3245 2200 ὕλαις
3282 2136 3492 2209 ἐχθρῶν
3518 2137 3744 2190 ἐπιδου-

2150 2229 2271 2292 λαῖς
2300 2228 2775 2299 κατακεκρύφθαι,
2821 2227 2961 2301 λήθῃ
2995 2244 3055 2282 τε
3090 2227 3185 2282 καὶ
3220 2227 3414 2299 ἀγνοίᾳ
3454 2226 3747 2300 παραδεδο-

2155 2318 2317 2391 μένον
2346 2319 2406 2371 ού
2442 2317 2709 2388 παριδὼν,
2733 2317 2855 2371 οὐδὲ
2887 2321 2955 2389 τῇ
2985 2319 3093 2372 τῶν
3121 2317 3308 2371 αἰτίων
3332 2317 3744 2389 παραχωρήσας

2151 2411 2480 2482 κακίᾳ,Θεὸν
2503 2411 2597 2464 τὸν
2627 2409 2795 2464 αὐτοῦ
2831 2409 3093 2481 συνεργὸν
3127 2408 3616 2479 ἐπικαλεσάμενος,
3644 2425 3746 2463 κα·

2149 2503 2439 2575 θαίρεσθαι
2460 2503 2809 2575 προστάττει,
2833 2503 3003 2575 αὐτὴν
3030 2502 3094 2573 δὴ
3121 2502 3355 2572 μάλιστα
3382 2501 3481 2573 τὴν
3503 2500 3611 2555 ὑπὸ
3638 2502 3746 2554 τῶν

2147 2596 2357 2667 ἐχθρῶν
2380 2597 2761 2668 μεμιασμένην
2799 2594 3109 2649 ἀπολαῦσαι
3131 2595 3240 2649 δεῖν
3265 2594 3509 2665 οἰόμενος
3531 2594 3632 2666 τῆς
3649 2592 3745 2646 τοῦ

2148 2687 2467 2756 παναγάθου
2497 2688 2562 2741 δι’
2602 2686 2769 2742 αὐτοῦ
2802 2687 3222 2759 μεγαλουργίας.
3258 2687 3409 2757 Ἅμα
3431 2685 3489 2739 δὲ
3510 2686 3750 2758 προσ-τά-

2156 2795 2327 2851 γματι
2347 2778 2416 2833 τά
2440 2780 2540 2851 τῆς
2571 2780 2790 2851 ἀπάτης
2823 2780 3192 2851 μηχανήματα
3217 2780 3298 2843 είς
3329 2778 3523 2847 ἔδαφος
3542 2777 3749 2833 ἀνωθεν

465 2871 563 2926 tati
591 2886 781 2927 eorum
804 2872 895 2941 qui
924 2871 979 2926 id
1019 2870 1190 2929 moliti
1220 2871 1438 2930 fuerant
1467 2872 1771 2929 cedendum
1803 2887 1926 2927 esse
1958 2887 2052 2927 ar-

2157 2870 2252 2938 ἀφ’
2292 2868 2500 2940 ὑψηλοῦ
2535 2870 2954 2942 κατερρίπτετο,
2999 2868 3185 2923 ἐλύετο
3213 2886 3272 2923 τε
3306 2869 3403 2922 καὶ
3433 2867 3748 2939 καθῃρεῖτο,

463 2962 801 3029 bilraretur;
832 2963 927 3017 Dei
954 2962 1223 3033 adjutoris
1250 2964 1334 3020 sui
1369 2965 1592 3019 numine
1622 2964 1898 3028 invocato,
1923 2980 2053 3034 pur-

2158 2962 2345 3025 αὐτοῖς
2378 2961 2588 3028 ξοάνοις
2612 2963 2707 3016 καὶ
2732 2962 2974 3034 δαίμοσι,
3009 2961 3105 3016 καί
3130 2961 3201 3015 τά
3236 2960 3335 3032 τῆς
3366 2959 3575 3031 πλάνης
3602 2960 3751 3012 οἱκο-

464 3053 581 3124 gari
598 3052 860 3123 przecepit
885 3070 900 3107 :
921 3061 1076 3108 ratus
1096 3067 1217 3108 eam
1235 3054 1472 3110 maxime
1500 3054 1599 3109 soli
1632 3064 1865 3124 partem,
1888 3069 2050 3124 quam
2160 3054 2299 3126 δομή
2309 3070 2477 3124 ματα.

462 3144 770 3200 adversarii
801 3145 1299 3212 contaminassent,
1331 3161 1429 3203 sua
1460 3162 1627 3217 opera
1686 3162 1752 3203 ac
1814 3147 2123 3202 ministerio
2162 3148 2346 3202 divina
2378 3147 2482 3201 frui
2518 3145 2925 3218 magnificentia
2951 3152 3217 3216 oportere.
3257 3145 3435 3200 Simul
3463 3153 3626 3214 atque
3647 3142 3753 3198 hoc

464 3237 532 3292 ab
561 3236 890 3306 imperatore
911 3246 1244 3307 praeceptum
1274 3248 1380 3302 est,
1397 3241 1659 3296 continuo
1680 3255 1844 3309 opera
1877 3240 1966 3295 illa
2015 3240 2083 3295 ad
2118 3238 2363 3295 fraudem
2394 3249 2728 3310 comparata,
2752 3253 2783 3295 e
2805 3237 3022 3294 sublimi
3054 3239 3122 3294 ad
3149 3237 3326 3294 solum
3357 3234 3563 3305 deiecta
3588 3244 3751 3302 sunt;

463 3338 520 3384 et
541 3329 774 3385 aedilicia
796 3330 863 3385 ad
884 3331 1239 3402 decipiendos
1265 3332 1514 3391 homines
1536 3343 1873 3401 constructa,
1912 3350 2037 3391 cum
2064 3334 2201 3406 ipsis
2232 3333 2430 3391 statois
2464 3350 2530 3390 ac
2561 3333 2895 3390 daemonibus
2922 3332 3102 3387 diruta
3150 3340 3279 3386 sunt
3305 3343 3371 3386 ac
3396 3327 3683 3399 dissipata.

1019 3444 1250 3501 CAPUT
1289 3446 1507 3504 XXVII.

2669 3445 3071 3504 ΚΕΦΑΛΛΙΟΝ
3102 3446 3233 3499 ΚΖ’.

468 3530 744 3599 Quomodo
794 3532 1178 3614 Constant-inus
1221 3540 1402 3614 templi
1446 3541 1727 3614 materiam
1755 3557 1819 3596 ac
1860 3540 2052 3595 rudera

2161 3542 2352 3609 Ὅπως
2410 3540 2868 3614 Κωσζταντῖνος
2926 3537 3033 3614 τοῦ
3095 3534 3414 3614 elocole
3458 3533 3568 3601 τὰς
3602 3531 3760 3599 ὕλας

840 3605 1145 3674 longissime
1166 3605 1358 3676 ρωῙὲέὶ
1385 3612 1683 3665 mandarit.

2234 3605 2463 3747 ῖαῖξτὰ
2516 3611 2759 3681 χώματα
2808 3607 3051 3680 μακράν
3081 3622 3202 3661 που
3225 3605 3517 3675 ῥιφθῆναι
3571 3618 3761 3672 προσ-

2274 3700 2348 3737 τα
2389 3699 2477 3737 εν.

2274 3699 2477 3737 Iacer.

539 3756 726 3830 Neque
769 3768 952 3815 tamen
985 3760 1077 3817 hic
1122 3765 1438 3834 conquievit
1476 3766 1828 3835 imperatoris
1863 3767 2053 3823 alacri-

2237 3776 2311 3829 Ού
2349 3776 2456 3846 μὴν
2497 3777 2555 3829 ἐν
2586 3774 2798 3840 τούτοις
2831 3773 2904 3830 τά
2935 3773 3035 3844 τῆς
3066 3770 3303 3842 σπουδῆς
3339 3771 3546 3825 ἵστατο.
3587 3768 3760 3823 Πάλιν

470 3859 577 3906 tas.
627 3850 734 3906 Sed
765 3861 1032 3922 praeterea
1059 3854 1173 3910 tolli
1204 3865 1327 3911 ruta
1354 3872 1521 3924 caesa,
1561 3869 1612 3913 et
1660 3876 1824 3929 quam
1858 3860 2053 3929 longis-

2166 3869 2225 3922 δὲ
2275 3869 2531 3941 βασιλεὺς
2585 3869 2841 3943 αἴρεσθαι
2885 3869 2982 3923 καὶ
3031 3868 3371 3941 πορρωτάτω
3425 3864 3525 3935 τῆς
3575 3860 3761 3935 χώρας

469 3945 609 3998 sime
647 3951 806 3999 extra
855 3945 995 4001 ﬁnes
1038 3949 1281 4021 regionis
1314 3951 1511 4023 projici
1562 3954 1866 4008 mandavit.
1905 3953 2053 4020 Quod

2171 3962 2654 4034 ἀπορῤιπτεῖσθαι,
2707 3961 2816 4017 τῶν
2857 3960 3305 4033 καθαιρουμένων
3345 3957 3446 4030 τὴν
3495 3960 3553 4011 ἐν
3592 3955 3761 4019 λίθοις

472 4035 661 4092 itidem
713 4051 1044 4111 praeceptum
1079 4041 1329 4112 protinus
1354 4044 1690 4099 exsecutioni
1747 4047 2053 4099 mandatum

2168 4055 2265 4107 καὶ
2296 4051 2475 4119 ξύλοις
2502 4053 2635 4125 ὓλην
2662 4054 2990 4126 προστάττει
3011 4071 3024 4085 ⁸
3050 4054 3211 4122 ἔργον
3232 4053 3289 4105 δὲ
3324 4052 3420 4105 καὶ
3464 4049 3602 4121 τῷδε
3623 4065 3766 4120 παρ-

471 4134 577 4179 est.
621 4124 916 4199 Hucusque
948 4145 1083 4186 vero
1122 4146 1451 4202 progressus
1491 4134 1808 4203 imperator,
1855 4152 2053 4205 nequa-

2165 4143 2456 4212 ηκολούθει
2483 4144 2561 4216 τῷ
2598 4124 2762 4215 λόγιρ.
2810 4145 2946 4198 Ἀλλ’
2968 4144 3077 4199 οὐδ’
3109 4146 3202 4199 ἐπὶ
3234 4143 3408 4214 τούτῳ
3440 4141 3601 4213 μόνον
3632 4157 3767 4210 προ-

473 4232 637 4289 quam
670 4219 777 4276 sibi
802 4221 1092 4277 satisfecit.
1122 4223 1230 4280 Sed
1261 4225 1449 4280 divino
1481 4226 1718 4295 quodam
1757 4238 1891 4282 mstu
1923 4229 2053 4282 inci-

2170 4236 2345 4290 ελθεῖν
2371 4238 2484 4309 ἀπή
2494 4254 2634 4309 ρκει.
2668 4237 2839 4291 Πάλιν
2861 4238 2906 4292 δ’
2930 4236 3252 4301 ἐπιθειάσας
3277 4233 3550 4306 βασιλεὺς,
3575 4228 3767 4285 τοῦδα-

474 4317 642 4376 tatus,
660 4308 826 4379 jussit
874 4322 934 4367 ut
964 4312 1084 4369 loco
1109 4314 1376 4372 altissime
1403 4315 1626 4385 effosso,
1659 4319 1834 4373 solum
1880 4319 2053 4389 ipsum

2170 4345 2271 4397 φος
2303 4328 2454 4394 αὐτὸ,
2476 4308 2631 4382 πολὺ
2660 4328 2754 4381 τοῦ
2783 4325 2962 4400 χώρου
3008 4326 3171 4398 βάθος
3192 4324 3581 4397 ἀνορύξαντας,
3615 4320 3766 4391 αὐτῷ

472 4409 664 4473 utpote
691 4406 996 4462 demonum
1023 4407 1256 4477 piaculis
1281 4410 1916 4478 contaminatum,siinul
1938 4427 2053 4467 cum

2169 4417 2255 4490 χοῖ
2290 4418 2481 4489 πόρρω
2522 4435 2626 4471 που
2651 4417 2926 4484 ἐξωτάτω,
2954 4418 3175 4490 λύθροις
3205 4417 3301 4471 ἀτε
3319 4415 3643 4488 δαιμπικῆς
3674 4413 3768 4482 ὲῤ·

474 4505 660 4568 egesta
685 4497 852 4555 humo
882 4513 1049 4570 quam
1080 4499 1399 4574 longissime
1420 4511 1827 4571 exportaretur.

2175 4509 2518 4581 ῥυπωμένον,
2542 4509 2894 4582 ἐκφορεῖσθαι
2914 4508 3374 4581 παρακελεύεται.

912 4590 1082 4663 499
1107 4590 1336 4650 CAPUT
1374 4592 1616 4649 xxvm.

2677 4601 3082 4656 ΚΕΦΑΛΑΙΟΝ
3124 4600 3240 4655 KH'
3249 4639 3263 4655 .

745 4680 1119 4753 Nanifestatio
1138 4687 1467 4742 sanctissimi
1501 4688 1754 4758 sepulcri.

2257 4694 2603 4765 Φανέρωσις
2632 4694 2742 4748 τοῦ
2771 4694 2946 4765 ἁγίου
2988 4693 3107 4747 τῶν
3133 4692 3321 4765 ἁγίων
3342 4690 3678 4762 μνήματος.

546 4769 660 4828 Nec
695 4789 848 4829 mora
874 4814 891 4842 ,
924 4775 1070 4832 istud
1097 4791 1317 4848 quoque
1371 4788 1429 4833 ut
1476 4778 1691 4849 iussum
1729 4788 1849 4835 erat
1875 4779 2053 4852 implet

2243 4787 2598 4860 Παραχρῆμα
2621 4785 2666 4840 δ’
2698 4784 3005 4839 ἐπετελεῖτο
3028 4786 3123 4839 καὶ
3152 4781 3334 4838 τοῦτο.
3383 4783 3472 4847 Ὠς
3506 4781 3551 4836 δ’
3580 4780 3768 4852 ἕτερον

478 4870 592 4919 tum
623 4873 729 4920 est.
765 4864 1056 4938 Postquam
1093 4869 1240 4925 aliud
1268 4868 1468 4939 solum,
1528 4871 1685 4929 locus
1724 4872 1938 4930 scilicet
1972 4876 2053 4943 qui

2170 4876 2288 4933 ἀνθ’
2320 4877 2509 4950 ἑτέρου
2539 4879 2801 4947 στοιχεῖον
2830 4877 2860 4930 ὁ
2882 4875 3027 4931 κατά
3052 4874 3247 4947 βάθους
3270 4875 3372 4947 τῆς
3392 4873 3499 4945 γῆς
3524 4871 3768 4941 ἀνεφάνη

479 4955 536 5010 in
578 4956 688 5011 imo
713 4969 855 5026 erat,
879 4962 1177 5031 apparuit;
1209 4971 1340 5017 tunc
1368 4978 1497 5019 vero
1546 4965 1723 5035 ipsum
1776 4977 2053 5037 augustum

2173 4971 2372 5045 χῶρος,
2412 4972 2544 5026 αὐτὸ
2577 4971 2643 5043 δὴ
2682 4971 2868 5025 λοιπὸν
2906 4970 2971 5025 τὸ
3014 4968 3210 5041 σεμνὸν
3243 4968 3339 5022 καὶ
3367 4965 3635 5035 πανάγιον
3666 4962 3770 5034 τῆς

477 5050 1002 5121 sanctissimumque
1056 5053 1354 5112 Dominicaa
1408 5059 1834 5115 resurrectionis
1882 5075 2053 5115 monui

2178 5061 2451 5134 σωτηρίου
2483 5062 2832 5126 ἀναστάσεως
2866 5060 3166 5135 μαρτύριον
3199 5058 3331 5131 παρ’
3361 5056 3553 5111 ἐλπίδα
3586 5056 3772 5109 πᾶσαν

480 5154 721 5202 mentum
752 5155 951 5217 praeter
983 5149 1230 5205 omnium
1265 5166 1416 5220 spem
1456 5152 1704 5221 refulsit,
1730 5162 1785 5208 et
1805 5154 2053 5224 spelunca

2180 5153 2522 5222 ἀνεφαίνετο,
2564 5154 2660 5207 καὶ
2692 5153 2752 5207 τό
2795 5171 2857 5208 τε
2891 5153 3047 5223 ἅγιον
3084 5150 3192 5205 τῶν
3226 5150 3398 5220 ἁγίων
3431 5149 3628 5220 ἄντρον
3671 5147 3771 5215 τὴν

480 5236 572 5294 illa
602 5252 724 5309 qua:
750 5248 941 5295 saneta
965 5250 1281 5297 sanctorum
1325 5257 1456 5298 vere
1494 5244 1599 5299 dici
1646 5254 1848 5314 potest,
1886 5260 2053 5301 resur-

2180 5245 2378 5317 ὁμοίαν
2399 5245 2502 5316 τῆς
2528 5244 2622 5299 τοῦ
2644 5247 2900 5319 Σωτῆρος
2930 5243 3277 5308 ἀναϐιώσεως
3292 5240 3683 5312 ἀπελάμϐανεν
3705 5242 3775 5293 εἰ·

479 5329 746 5389 rectionis
768 5329 1080 5388 Servatoris
1112 5334 1284 5390 nostri
1321 5334 1615 5404 quamdam
1671 5336 1942 5406 expressit
1990 5339 2053 5393 si-

2180 5337 2334 5393 κόνα.
2370 5338 2461 5392 Διὸ
2488 5338 2627 5409 μετά
2649 5339 2746 5410 τὴν
2776 5340 2835 5393 ὲν
2864 5339 3042 5410 σκότῳ
3074 5336 3391 5399 κατάδυσιν,
3411 5329 3568 5399 αὖθις
3601 5333 3696 5386 ἐπὶ
3716 5333 3774 5385 τὲ

2186 5516 2426 5571 neralem
2464 5516 2628 5588 hujus
2656 5517 2949 5573 locutionis
2980 5529 3198 5572 sensum
3219 5557 3236 5582 ,
3264 5528 3378 5588 quo
3399 5511 3495 5588 cii:
3513 5509 3778 5588 ἐδύνξατυ

480 5580 751 5660 plevimus
792 5580 955 5660 (ῥύσιν
999 5580 1730 5660 ροειρύμπασαντλξῐοωιη
1767 5588 1947 5660 locum
1971 5580 2053 5660 sit

2184 5588 2494 5660 aquivalet,
2535 5580 2888 5660 respexisse,
2916 5602 3103 5660 eoque
3128 5580 3296 5660 sensu
3330 5584 3395 5660 τὸ
3431 5580 3559 5653 εἶχε
3587 5582 3780 5660 φύσιος

482 5651 965 5731 rescriberejubet
999 5651 1254 5731 Valesius
1278 5672 1291 5707 :
1334 5656 1410 5719 ὡς
1438 5654 1558 5731 οὐδὲ
1583 5673 1635 5712 τ.
1674 5672 1726 5711 σ.
1755 5657 1875 5709 ἀνθ.
1915 5655 2053 5731 φύσι

2184 5651 2278 5729 (ἐ
2330 5651 2574 5731 ἐδύνατο)
2610 5651 2738 5731 ante
2783 5658 2972 5731 λαθεῖν
3002 5651 3776 5731 subintellexisse,subjecti

482 5723 686 5796 δυνηθῇ
711 5725 916 5791 λαθεῖν,
946 5736 1050 5783 etc.
1087 5726 1192 5781 Sed
1225 5725 1380 5797 forte
1401 5727 1676 5795 scriptura
1710 5737 1897 5782 nostra
1929 5723 2053 5780 ferr

2182 5723 2368 5797 partes
2406 5729 2485 5797 τῷ
2516 5723 2565 5784 δ’
2596 5728 2771 5797 ἥλιος
2817 5728 3126 5785 tribuendo.
3167 5724 3423 5783 Judiceut
3464 5726 3777 5796 peritiores.

482 5743 686 5796 ουνηοῃ
714 5743 916 5791 λαυειν,
946 5743 1050 5783 etc.
1087 5743 1192 5781 Sea
1225 5743 1368 5783 ποι-ιθ
1401 5743 1676 5795 scriptura
1710 5743 1897 5782 nostra
1946 5743 2074 5780 Iern
2221 5743 2368 5784 artes
2406 5747 2468 5801 'tq

460 5802 683 5863 potest,
724 5797 889 5851 modo
929 5805 1271 5867 supponatur
1342 5795 1675 5863 Eusebium,
1711 5798 1953 5866 neglecta
1981 5813 2075 5851 ra-
2182 5743 2341 5856 Eon.

486 5867 634 5920 tione
664 5866 1129 5940 grammaticam}:
1157 5866 1285 5938 εἷχε
1323 5868 1524 5946 φύσιν
1551 5878 1942 5946 consentanea,
1980 5882 2074 5946 ge-

551 5512 665 5597 (9i)
697 5511 859 5599 Vulg:
902 5512 1047 5570 οὐδὲ
1075 5512 1192 5599 τὴν
1215 5516 1423 5599 οσύμπ.
1463 5513 1631 5599 ἀνρρ.
1665 5514 1894 5599 λαθεῖν.
1932 5514 2078 5597 ευρ-
