4186 6396
388 370 528 429 1089

1488 370 1577 428 DE
1617 373 1779 431 VITA
1818 374 2287 433 CONSTANTINI
2326 377 2459 436 LIB.
2504 378 2597 435 lli;

3534 383 3677 438 ιυνο

383 485 500 555 φῶς
531 482 746 559 προῄει,
782 485 1012 554 καὶτοῖς
1041 487 1133 542 ἐπὶ
1155 486 1291 543 θέαν
1323 488 1746 565 ἀφικνουμένοις
1769 495 1967 569 ἐναργῆ

2080 498 2470 567 militudinem,
2526 516 2650 555 cum
2696 508 2822 571 post
2872 499 3040 556 situm
3074 513 3140 555 ac
3182 498 3438 556 tenebras
3474 501 3676 571 quibus

381 578 642 652 παρεῖχεν
692 579 827 650 όρᾷν
872 577 981 634 τῶν
1049 579 1236 634 αὐτόθι
1279 582 1687 655 πεπραγμένων
1754 583 1972 658 θαυμά-

379 686 490 725 των
518 669 618 743 τὴν
643 671 907 743 ίστορίαν,
930 670 1114 743 ἔργοις
1162 673 1384 745 ἀπάσης
1422 676 1814 750 γεγωνοτέροις
1854 695 1972 748 φω-

381 762 478 905 vi;
532 762 645 833 (92)
699 761 797 834 τὴν
862 761 958 816 τοῦ
996 763 1250 837 Σωτῆρος
1295 765 1596 822 ἀνάστασιν
1659 770 1974 843 μαρτυρού-

387 869 426 905 υ.
458 869 569 905 νον.

385 869 569 924 μενον.

892 1125 1292 1180 ΚΕΦΑΛΑῘΟΝ
1313 1127 1446 1181 ΚΘ’.

385 1218 578 1291 Ὅπως
630 1218 768 1291 περὶ
814 1215 953 1291 τῆς,
978 1218 1319 1289 οἰκοδομῆς,
1363 1221 1462 1276 καὶ
1496 1221 1646 1288 πρὸς
1677 1220 1975 1291 ἄρχοντας

465 1290 567 1343 καὶ
596 1290 749 1359 πρὸς
781 1289 1091 1358 Μακάρων
1120 1292 1347 1360 small-.9
1389 1292 1498 1347 τόν
1522 1289 1883 1346 ἐπίσκοπον.

455 1380 674 1437 Τούτων
694 1381 738 1434 δ’
763 1376 866 1436 ὦδε
890 1382 1268 1455 πραχθέντων,
1291 1384 1492 1439 αὒτίκα
1519 1383 1775 1455 βασιλεὺς
1793 1385 1974 1457 νόμων

383 1474 625 1528 εὐσεϐῶν
652 1474 949 1541 διατάξεσι,
982 1476 1270 1548 χορηγίαις
1298 1494 1359 1530 τε
1389 1476 1661 1548 ἀφθόνοις,
1708 1473 1854 1531 οἷκον
1880 1479 1974 1531 εύ-

383 1567 485 1638 κτή
496 1584 606 1639 ριον
634 1564 913 1640 θεοπρεπῆ
944 1569 1089 1640 ἀμφὶ
1116 1568 1178 1622 τὸ
1202 1571 1469 1642 σωτήριον
1494 1570 1690 1641 ἄντρον
1716 1570 1973 1640 ἐγκελεύ-

382 1675 501 1712 εται
525 1660 757 1731 πλουσίᾳ
786 1660 883 1715 καὶ
910 1661 1161 1735 βασιλικῇ
1194 1662 1483 1734 δείμασθαι
1527 1666 1865 1738 πολυτελείᾳ,
1898 1666 1975 1731 ὡς

382 1750 451 1804 ἂν
496 1753 561 1804 ἐκ
614 1750 827 1823 μακροῦ
868 1751 1028 1805 τοῦτο
1071 1752 1511 1825 προστεθειμένος,
1561 1755 1744 1809 καὶτὸ
1779 1755 1973 1827 μέλλον

2078 591 2297 646 obtecta
2332 590 2533 658 fuerat,
2572 608 2765 650 rursus
2813 594 2868 648 in
2907 592 3084 648 lucem
3135 593 3362 663 prodiit,
3413 602 3468 649 et
3504 595 3674 648 mira-

2077 680 2326 736 culorum
2359 697 2482 751 qute
2509 683 2584 739 ibi
2613 684 2889 754 quondam
2914 690 3067 753 gesta
3100 682 3347 749 fuerant,
3380 683 3671 739 historiam

2078 772 2147 828 iis
2183 774 2277 843 qui
2305 775 2372 828 ad
2408 777 2767 846 spectandum
2805 776 3189 832 conﬂuxerant
3223 776 3675 833 manifestissime

2077 865 2367 921 videndam
2420 868 2711 934 exhibuit,
2763 869 2928 925 rebus
2977 868 3116 940 ipsis
3160 884 3281 940 qua:
3333 869 3481 925 omni
3541 882 3676 923 voce

2078 955 2288 1013 clarius
2330 967 2552 1024 sonant,
2608 958 2920 1017 Servatoris
2974 959 3152 1018 nostri
3206 960 3671 1017 resurrectionem

2081 1054 2307 1101 tesrata.

2643 1133 2875 1193 CAPUT
2912 1135 3108 1196 XXIX.

2080 1226 2457 1302 Quomodo_de
2482 1235 2837 1302 construenda
2869 1229 3115 1302 ecclesia.
3142 1232 3211 1286 ad
3240 1232 3494 1302 prmities
3517 1241 3568 1289 et
3599 1233 3672 1289 ad

2327 1298 2486 1354 Maca
2496 1300 2636 1353 rium
2674 1301 2978 1371 episcopum
3005 1301 3215 1358 litteras
3240 1298 3419 1359 'dedit.

2152 1390 2249 1447 llis
2280 1391 2348 1446 ad
2384 1393 2532 1448 hunc
2562 1393 2781 1447 modum
2812 1392 3003 1463 gestis,
3032 1394 3323 1450 confestim
3371 1396 3674 1467 imperator

2079 1483 2301 1538 emissis
2330 1483 2821 1542 constitutionibus
2855 1495 2911 1542 et
2948 1486 3166 1570 liberali
3193 1498 3418 1557 sumptu
3472 1502 3670 1558 suppe-

2080 1575 2286 1640 ditato,
2341 1576 2492 1633 circa
2549 1577 2849 1633 salutarem
2899 1579 3222 1649 speluncam
3279 1579 3396 1636 Deo
3444 1580 3672 1650 dignum

2080 1671 2338 1743 templmn
2369 1672 2537 1744 regali
2566 1674 2973 1745 magnificentia
3002 1678 3219 1731 exstrui
3246 1676 3423 1747 jubet.
3455 1675 3667 1745 Quippe

2074 1764 2185 1834 jam
2230 1765 2439 1834 pridem
2481 1766 2586 1821 hoc
2614 1768 2755 1836 apud
2782 1782 2841 1822 se
2868 1769 3259 1831 constituerat,
3313 1769 3480 1837 idque
3506 1769 3670 1838 ,quod

382 1843 601 1897 ἔσεσθαι
622 1843 891 1916 κρείττονι
930 1844 1212 1917 προθυμίᾳ
1236 1846 1587 1918 τεθεαμένος.
1620 1846 1745 1911 Τοῖς
1770 1848 1872 1919 μὲν
1900 1848 1965 1920 δὴ

2074 1860 2199 1906 erat
2237 1852 2507 1920 futurum,
2550 1854 2737 1910 divina
2772 1856 3012 1925 quadam
3063 1858 3355 1914 alacritate
3405 1859 3673 1928 praevide-

381 1935 490 1989 τῶν
517 1935 686 1990 ὲθνῶν
716 1938 809 1991 ἐπὶ
830 1938 929 2009 τῆς
954 1936 1094 2008 ἑῴας
1120 1940 1401 2011 ἄρχουσιν,
1433 1940 1685 2010 ἀφθόνοις
1704 1941 1798 1996 καὶ
1819 1942 1974 2012 δαψι-

382 2027 493 2082 λέσι
530 2030 835 2101 χορηγίαις,
868 2030 1149 2103 ὑπερφυές
1189 2049 1249 2085 τε
1292 2033 1386 2085 καὶ
1419 2034 1562 2103 μέγα
1596 2034 1691 2087 καὶ
1720 2033 1973 2089 πλούσιον

379 2121 762 2177 ἀποδεικνύναι
794 2122 856 2175 τὸ
886 2121 1070 2194 ἔργον,
1091 2122 1169 2194 τῷ
1192 2124 1249 2176 δὲ
1276 2124 1376 2195 τῆς
1393 2124 1723 2196 Ἐκκλησίας
1748 2126 1973 2180 ἐπισκό-

381 2227 470 2284 πῳ
514 2212 593 2285 τῷ
633 2212 937 2285 τηνικαῦτα
981 2214 1081 2286 τῆς
1120 2216 1179 2270 ὲν
1224 2216 1619 2289 Ἰεροσολύμοις
1647 2218 1972 2288 προεστῶτι,

380 2306 587 2361 τοιάνδε
614 2308 936 2380 κατέπεμπε
958 2309 1198 2381 γραφὴν,
1230 2309 1299 2363 δι’
1326 2306 1396 2383 ἦς
1414 2311 1505 2364 τὸν
1530 2312 1796 2383 σωτήριον
1818 2310 1974 2381 λόγον

381 2399 479 2469 τῆς
513 2398 749 2463 πίστεως
786 2400 1040 2472 ἐναργέσι
1083 2404 1287 2470 φωναῖς
1320 2403 1581 2475 παρίστη,
1623 2403 1810 2458 τοῦτον
1840 2405 1976 2476 γρά-

384 2508 500 2558 φων
524 2490 614 2543 τὸν
637 2489 868 2563 τρόπον.

910 2606 1214 2663 ΚΕΦΔΛΑ]
1222 2608 1314 2662 ΟΝ
1360 2609 1441 2663 Λ’.

380 2700 843 2775 Κωνσταντίνου
871 2701 1023 2775 προς
1046 2700 1354 2775 Μακᾴριον
1387 2701 1521 2775 περὶ
1558 2701 1671 2775 τῆς
1702 2704 1810 2759 τοῦ
1826 2722 1977 2775 μαρ-

662 2772 870 2839 τυρίου
897 2772 1004 2826 τοῦ
1032 2772 1308 2842 Σωτῆρος
1349 2772 1687 2842 οἰκοδομῆς.

456 2878 476 2913 ι
500 2861 746 2935 Νικητὴς
769 2864 1200 2930 Κωνσταντῖνος,
1232 2864 1525 2935 Μέγιστος,
1546 2865 1834 2932 Σεϐαστὸς,
1852 2869 1975 2922 Μα-

380 2953 586 3026 καρίῳ.

456 3064 476 3098 ι
513 3044 763 3118 Τοσαύτη
802 3044 897 3101 τοῦ
941 3048 1192 3121 Σωτῆρος
1224 3046 1384 3120 ἡμῶν
1427 3050 1574 3101 ἐστιν
1610 3050 1642 3120 ὴ
1686 3049 1867 3121 χάρις,
1900 3047 1976 3113 ὡς

389 3140 656 3215 μηδεμίαν
698 3140 869 3212 λόγων
909 3139 1205 3212 θεραπείαν
1239 3142 1355 3212 (95)
1402 3143 1497 3196 τοῦ
1539 3143 1810 3214 παρόντος
1843 3142 1974 3196 θαύ-

2082 1955 2186 1999 rat.
2214 1946 2294 2002 Ac
2324 1947 2632 2005 rectoribus
2652 1949 2875 2020 quidem
2907 1951 3320 2021 provinciarum
3349 1967 3449 2021 per
3473 1952 3673 2008 Orien-

2081 2047 2187 2091 tem
2224 2039 2510 2108 praecepit,
2544 2040 2901 2109 ut,impensis
2929 2040 3155 2110 copiose
3197 2041 3664 2106 subministratis,

2081 2130 2276 2200 ingens
2317 2131 2669 2202 amplumque
2700 2140 2756 2186 et
2778 2133 3130 2203 magniﬁcum
3153 2147 3291 2203 Opus
3324 2132 3454 2188 illud
3483 2132 3667 2189 edice-

2079 2230 2222 2278 rent.
2255 2224 2335 2278 Ad
2364 2223 2684 2294 episcOpum
2715 2240 2848 2279 vero
2875 2225 2967 2294 qui
2999 2235 3130 2279 tunc
3179 2226 3444 2294 temporis
3472 2223 3666 2279 Hiero-

2078 2314 2416 2387 solymorum
2478 2316 2705 2385 regebat
2748 2315 3074 2384 Ecclesiam,
3128 2317 3396 2386 ejusmodi
3450 2315 3668 2371 litteras

2077 2406 2248 2471 dedit,
2297 2405 2497 2474 quibus
2535 2406 2796 2461 salutaris
2853 2405 2976 2461 ﬁdei
3008 2407 3317 2461 doctrinam
3380 2405 3667 2477 apertissio

2078 2497 2186 2552 mis
2217 2498 2404 2554 verbis
2430 2499 2772 2564 adstruehat,
2802 2498 2876 2552 ita
2903 2498 3156 2554 scribens
3185 2520 3197 2554 :

2659 2611 2892 2668 CAPUT
2934 2610 3108 2666 XXX.

2077 2701 2421 2759 Constantini
2466 2704 2536 2759 ad
2588 2704 2887 2759 Macarium
2930 2707 3159 2769 epistota
3207 2705 3271 2755 de
3300 2702 3669 2771 aediﬁcatione

2465 2776 2715 2845 martyrii
2749 2775 3055 2831 Servatoris
3089 2774 3283 2828 nostri.

2154 2885 2173 2919 ι
2211 2867 2401 2924 Victor
2435 2867 2851 2931 Constantinus,
2883 2868 3178 2929 Maximus,
3205 2868 3486 2937 Augustus
3506 2906 3524 2933 ,
3556 2866 3672 2922 Ila-

2078 2976 2254 3016 carro.

2155 3068 2174 3102 ι
2212 3051 2385 3105 Tanta
2406 3058 2493 3105 est
2515 3049 2829 3105 Servatoris
2855 3050 3028 3105 nostri
3068 3050 3264 3120 gratia,
3288 3061 3349 3105 ut
3375 3050 3519 3106 nulla
3551 3065 3664 3106 ser-

2079 3142 2259 3197 monis
2309 3140 2464 3210 copia
2518 3143 2586 3196 ad
2632 3141 2921 3211 praesentis
2967 3141 3224 3196 miraculi
3285 3142 3666 3197 narrationem

382 3245 553 3300 ματος
596 3227 751 3295 ἀξίαν
795 3225 936 3286 εῐναι
978 3231 1177 3285 δοκεῖν.
1208 3231 1283 3285 Τὸ
1316 3231 1427 3304 γὰρ
1456 3231 1517 3286 τὸ
1546 3232 1837 3304 γνώρισμα
1876 3230 1967 3285 τοῦ

2075 3232 2324 3289 sufﬁcere
2358 3231 2628 3286 videatur.
2662 3231 2798 3287 Nam
2829 3232 3224 3287 sacratissima:
3255 3231 3405 3287 illius
3450 3234 3668 3303 passio-

379 3320 684 3391 ἁγιωτάτου
710 3322 920 3377 ἐκείνου
940 3323 1148 3388 πάθους
1180 3323 1288 3377 ὑπὸ
1313 3326 1379 3395 τῇ
1414 3326 1485 3395 γῇ
1522 3324 1688 3378 πάλαι
1731 3325 1970 3398 κρυπτό-

384 3430 566 3483 μενον,
593 3413 882 3477 τοσαύταις
902 3414 1041 3467 ὲτῶν
1068 3415 1337 3488 περιόδοις
1366 3415 1572 3482 λαθεῖν,
1606 3416 1766 3489 ἄχρις
1792 3412 1853 3471 οὗ
1882 3417 1972 3471 διὰ

379 3506 480 3577 τῆς
510 3505 605 3560 τοῦ
627 3507 807 3561 κοινοῦ
835 3508 1053 3562 πάντων
1078 3508 1274 3581 ὲχθροῦ
1302 3510 1638 3582 ἀναιρέσεως
1672 3510 1782 3581 (94)
1816 3510 1970 3564 ἐλευ-

380 3596 665 3669 θερωθεῖσι
695 3602 805 3665 τοῖς
822 3600 1016 3654 ἑαυτοῦ
1039 3600 1368 3674 θεράπουσιν
1391 3602 1733 3673 άναλάμπειν
1756 3602 1968 3675 ἔμελλε,

380 3688 561 3742 πᾶσαν
606 3687 869 3762 ἔκπληξιν
906 3689 1125 3762 ἀληθῶς
1157 3691 1496 3763 ὑπερϐαίνει.
1527 3693 1593 3745 Ei
1625 3692 1734 3763 γὰρ
1767 3692 1972 3758 πάντες

379 3782 432 3834 oi
466 3780 556 3835 διὰ
586 3781 768 3852 πάσης
809 3782 910 3854 τῆς
937 3783 1264 3854 οἰκουμένης
1294 3779 1435 3839 εἶναι
1468 3783 1757 3849 δοκοῦντες
1792 3786 1967 3855 σοφοὶ,

379 3877 461 3940 είς
483 3875 542 3930 ἓν
574 3878 668 3931 καὶ
691 3876 751 3931 τὸ
772 3877 907 3932 αὐτὸ
933 3877 1299 3943 συνελθόντες,
1324 3876 1474 3943 ἄξιόν
1500 3895 1555 3932 τι
1584 3877 1679 3931 τοῦ
1707 3880 1971 3952 πράγμα-

375 3985 468 4034 τος
515 3969 863 4041 ἐθελήσουσιν
890 3972 1087 4035 εἰπεῖν,
1121 3971 1229 4024 οὐδ’
1259 3971 1326 4025 ἂν
1359 3970 1496 4043 πρὸς
1535 3970 1599 4024 τὸ
1631 3971 1969 4043 βραχύτατον

376 4059 739 4133 ἀμιλληθῆναι
789 4060 1106 4133 δυνήσαιντο
1125 4077 1140 4091 ⁸
1186 4059 1280 4114 ἐπὶ
1331 4058 1586 4114 τοσοῦτον
1633 4061 1815 4114 πᾶσαν
1854 4060 1966 4131 (95)

375 4151 718 4225 ἀνθρωπίνου
766 4151 1030 4224 λογισμοῦ
1073 4152 1389 4225 χωρητικὴν
1419 4152 1600 4222 φύσιν,
1636 4155 1669 4224 ή
1703 4153 1797 4206 τοῦ
1834 4152 1967 4208 θαύ-

377 4262 549 4317 ματος
595 4244 788 4299 τούτου
828 4244 1172 4318 ὑπερϐαίνει,
1228 4245 1339 4315 ὅσῳ
1366 4244 1476 4299 τῶν
1514 4243 1872 4317 ἀνθρωπίνων
1899 4243 1968 4298 τὰ

376 4337 603 4408 οὐράνια
659 4336 1049 4407 συνεστηκέναι
1104 4334 1473 4409 δυνατώτερα.
1508 4336 1607 4391 Διὰ
1638 4336 1798 4390 τοῦτο
1834 4335 1968 4405 γοῦν

375 4424 529 4494 οὗτος
558 4430 646 4485 ἀεὶ
678 4432 776 4485 καὶ
801 4429 1018 4502 πρῶτος
1052 4431 1150 4484 καὶ
1188 4429 1350 4500 μόνος
1387 4446 1477 4500 μοι
1501 4430 1723 4493 σκοπὸς.
1764 4428 1832 4483 ἵν’
1859 4428 1968 4482 ὦσ-

379 4539 483 4593 περ
532 4523 728 4594 ἑαυτὴν
777 4525 1049 4594 ὁσημέραι
1096 4522 1433 4594 καινοτέροις
1465 4521 1741 4593 θαύμασιν
1791 4521 1825 4592 ἡ
1864 4523 1963 4591 τῆς

374 4614 635 4685 ἀληθειας
683 4615 865 4680 πίστις
919 4615 1308 4680 ἐπιδείκνυσιν,
1357 4615 1502 4670 οὕτω
1555 4616 1650 4669 καὶ
1694 4617 1751 4669 αἱ
1796 4615 1968 4686 ψυχαὶ

447 4878 558 4952 (92)
578 4880 760 4952 Vulg.,
805 4880 1001 4951 ἔργοις
1026 4879 1274 4949 ἁπάσης
1306 4878 1712 4952 γεγωνοτέραν
1730 4877 1955 4952 φωνῆς.

375 4951 738 5008 Scribendum
780 4963 865 5007 est
904 4954 1091 5021 procul
1138 4954 1323 5023 duhiq
1346 4951 1773 5023 γεγωνοτέροις,
1802 4951 1958 5023 quod

374 5039 481 5077 non
511 5023 645 5076 vidit
685 5023 1234 5091 Christophorsonns.
1283 5021 1381 5076 Est
1429 5021 1634 5076 autem'
1664 5023 1750 5075 hic
1799 5021 1957 5091 hujus

370 5093 475 5148 loci
506 5107 740 5148 sensus:
776 5090 922 5147 illam
949 5092 1215 5148 Dominici
1240 5093 1472 5161 sepulcri
1500 5100 1621 5161 post
1647 5102 1724 5146 tot
1756 5090 1953 5146 srecnla

372 5163 817 5235 restitutionem,
865 5165 1044 5235 reipsa
1091 5164 1447 5235 contignasst}
1491 5164 1954 5235 resurrectionem

372 5234 586 5288 Dmuiui
637 5234 835 5289 nostri.
889 5231 965 5289 ιη’
999 5235 1185 5290 codice
1240 5231 1375 5288 Fuk.
1423 5233 1621 5302 legitur
1651 5234 1953 5302 γεγωνοτέ-

374 5321 506 5377 ρως,
534 5307 806 5377 quomodo
831 5307 996 5360 etiam
1031 5304 1319 5377 Turnebus
1348 5304 1744 5377 ad_oratn__libri
1774 5305 1857 5377 sui
1886 5320 1954 5359 ex

372 5374 579 5443 scripto
602 5376 789 5430 codice
811 5377 1154 5432 emendaret.
1172 5376 1226 5428 ln
1247 5375 1463 5429 scttedis
1480 5374 1666 5443 Regiis
1691 5374 1953 5443 scriptum

371 5457 456 5500 est
480 5446 878 5517 γεγωνοτέρας.
907 5448 1146 5504 Savilius
1172 5446 1240 5499 ad
1269 5460 1422 5500 oram
1449 5445 1572 5500 libri
1599 5462 1626 5499 s
1670 5445 1684 5498 i
1717 5458 1955 5511 nntarat,

370 5513 513 5571 forte
542 5516 934 5571 γεγωνότερον.

394 5532 513 5571 orte
542 5532 813 5575 γεγωνοτε
820 5535 934 5575 ρον.

438 5533 513 5571 rte
542 5533 934 5590 γεγωνότερον.

438 5586 562 5660 (θῦὶ
573 5586 746 5660 Μηδὲ
770 5591 922 5660 μίαν
948 5588 1148 5659 λόγων
1190 5587 1531 5657 θεραπείαν.
1564 5586 1717 5660 Apud
1757 5584 1951 5641 Socra-

375 5656 909 5730 tem,Theodoritum
926 5676 992 5715 ac
1014 5656 1378 5728 Nicephorum
1407 5661 1607 5730 legitur
1630 5657 1805 5727 λόγων
1826 5674 1953 5729 χορ⁴

371 5722 558 5800 ηγίςιν,
586 5729 730 5800 quod
765 5733 962 5800 rectius
993 5740 1143 5800 puto.

443 5795 556 5867 (94)
592 5795 697 5871 Alﬁ
730 5798 839 5869 τῆς
870 5801 977 5855 τοῦ
993 5795 1212 5856 ’κοινοῦ
1241 5800 1487 5857 πάντων
1528 5798 1750 5871 ἐχθροῦ
1787 5798 1956 5871 ἀναι-

370 5863 615 5935 ρέσεως.
641 5863 861 5926 Hostem
885 5871 1158 5943 publicum
1184 5863 1694 5931 Constantinus'h'ic
1718 5870 1953 5940 appellat

2076 3326 2161 3379 nis
2187 3330 2618 3386 monumentum,
2651 3324 2752 3379 sub
2786 3333 2932 3378 terra
2963 3324 3292 3394 jampridem
3326 3326 3666 3381 occultatum

2075 3425 2153 3471 tot
2183 3430 2453 3471 annorum
2496 3416 2682 3486 spatio
2710 3414 3018 3480 delituisse,
3074 3414 3241 3486 500
3287 3418 3470 3486 quoad
3514 3433 3669 3474 com-

2073 3507 2223 3563 muni
2254 3508 2500 3563 omnium
2525 3508 2685 3563 hoste
2718 3507 2961 3574 sublato,
2994 3506 3218 3563 famulis
3250 3509 3370 3579 ejus
3411 3509 3468 3565 in
3498 3509 3668 3566 liber-

2074 3608 2239 3654 tatem
2272 3599 2563 3654 vindicatis
2592 3596 2901 3669 afl‘ulgeret,
2931 3613 3153 3653 omnem
3184 3614 3378 3655 revera
3411 3600 3663 3655 adntira-

2074 3694 2277 3746 tionem
2304 3699 2551 3761 superat.
2586 3689 2721 3745 Nam
2758 3690 2974 3745 tametsi
2999 3705 3190 3746 omnes
3236 3701 3510 3762 quotquot
3542 3692 3668 3748 ubi-

2071 3799 2179 3854 que
2211 3792 2482 3839 terrarum
2518 3782 2794 3852 sapientes
2831 3781 3126 3850 habentur,
3162 3784 3217 3839 iu
3247 3799 3416 3838 unum
3462 3785 3663 3849 coacti,

2071 3876 2276 3947 aliquid
2304 3889 2404 3946 pro
2436 3874 2594 3943 hujus
2624 3873 2705 3929 rei
2731 3873 3010 3944 dignitate
3059 3874 3248 3931 dicere
3293 3875 3663 3944 instituerint,

2070 3984 2141 4024 ne
2171 3968 2238 4023 ad
2271 3966 2553 4023 minimam
2581 3965 2801 4035 quidem
2836 3966 2955 4035 ejus
2976 3977 3190 4037 partem
3225 3968 3473 4039 aspirare
3504 3984 3664 4040 posse

2070 4062 2209 4117 mihi
2241 4062 2514 4117 videntur.
2552 4058 2764 4129 Quippe
2792 4058 2955 4131 hujus
2985 4061 3235 4117 miraculi
3259 4062 3418 4128 fides,
3443 4075 3659 4117 omnem

2070 4156 2325 4211 humana:
2362 4152 2596 4208 rationis
2625 4166 2883 4222 capacem
2934 4163 3192 4210 naturam
3245 4163 3457 4209 tantum
3496 4169 3660 4211 exce-

2068 4249 2171 4315 dit,
2208 4255 2475 4318 quautum
2506 4247 2763 4303 humanis
2789 4247 2978 4303 divina
3007 4234 3351 4318 praecellunt.
3386 4247 3654 4315 Quocirca

2068 4343 2160 4398 hic
2183 4357 2325 4398 unus
2356 4341 2490 4398 mihi
2512 4355 2578 4397 ac
2606 4341 2917 4411 praecipuus
2942 4356 3163 4412 semper
3196 4350 3280 4397 est
3324 4356 3545 4411 scopus,
3598 4350 3659 4395 ut

2066 4432 2529 4502 quemadmodum
2556 4432 2813 4488 veritatis
2840 4432 2978 4488 ﬁdes
3012 4433 3170 4488 novis
3210 4431 3457 4501 quotidie
3488 4432 3659 4486 mira-

2068 4524 2205 4579 culis
2236 4523 2576 4590 inclarescit,
2597 4523 2682 4578 sic
2706 4524 2871 4580 etiam
2894 4533 3110 4581 mentes
3129 4525 3376 4580 omnium
3406 4532 3654 4579 nostrum

2070 4616 2140 4671 ad
2168 4616 2535 4672 sanctissima:
2566 4615 2704 4687 legis
2728 4616 3138 4673 observantiam
3172 4629 3301 4672 cum
3340 4617 3492 4672 omni
3538 4630 3659 4671 mo-

2062 4872 2356 4947 Licinium,
2390 4878 2687 4947 postcnjus
2717 4878 2939 4934 exitium
2969 4879 3047 4934 ait
3070 4893 3285 4934 sacrum
3315 4879 3526 4935 Domini
3561 4896 3652 4936 se-

2061 4946 2332 5069 ﬁulcrum,
2350 4948 2493 5015 quod
2518 4946 2647 5004 ante
2671 4948 2923 5016 latuerat,
2943 4950 2995 5003 in
3023 4951 3200 5005 lucem
3224 4962 3654 5021 etconspectum

2099 5030 2341 5069 ominum
2365 5018 2656 5069 nrodiisse.
2685 5019 2910 5069 Occisus
2940 5029 3025 5069 est
3052 5021 3296 5069 Licinius
3323 5038 3471 5069 anno
3489 5021 3654 5069 Clu-i-

2099 5015 2341 5087 ominum
2365 5018 2656 5087 prodiisse.
2685 5019 2910 5076 Occisus
2940 5029 3025 5075 est
3051 5021 3296 5076 Licinius
3323 5015 3471 5076 anno
3489 5021 3654 5078 Chri-

2060 5087 2130 5141 8ti
2155 5084 2283 5149 526,
2311 5084 2673 5162 _ut_scrihi_tur
2704 5088 2971 5162 in_I"aslis
3002 5091 3183 5149 ldatii.
3213 5091 3526 5162 Eodemque
3552 5108 3654 5147 an-

2060 5172 2130 5231 no
2152 5172 2276 5231 cum
2305 5155 2510 5211 Helena
2537 5158 2965 5231 Hierosolymam
2993 5163 3323 5227 advenisset,
3342 5155 3651 5231 sepulcrum

2060 5175 2130 5209 n0
2152 5175 2276 5210 cum
2305 5175 2510 5211 netena
2537 5175 2782 5216 merosm
2825 5177 2965 5214 mam
2993 5175 3323 5227 advenisset,
3342 5175 3651 5231 seputcrum

2058 5225 2272 5306 Domini
2326 5238 2749 5306 repertumest.
2780 5175 2973 5306 ﬂesset
3024 5234 3190 5306 etiam
3225 5233 3425 5302 publici
3474 5234 3652 5288 hostis

2058 5299 2282 5373 nomine
2312 5299 2523 5353 daenton
2576 5300 2987 5373 higintelligi,
3033 5304 3136 5359 nisi
3180 5299 3304 5373 quae
3346 5313 3653 5373 sequuntur

2059 5367 2226 5442 verba
2246 5379 2630 5437 repugnarent.
2646 5369 2834 5442 Neque
2854 5367 3000 5428 enim
3018 5367 3269 5430 diabolus
3286 5385 3413 5429 tunc
3427 5367 3648 5427 demum

2059 5438 2239 5515 victus
2262 5448 2427 5515 atque
2460 5438 2762 5515 oppressus
2790 5453 2899 5507 est,
2925 5460 3048 5499 cum
3086 5445 3401 5515 sepulcrum
3436 5442 3646 5515 Domini

2060 5508 2278 5582 egestisg
2309 5508 2602 5582 ruderibus
2652 5513 2927 5568 detectum
2979 5523 3084 5569 est.
3134 5508 3289 5569 Adde
3323 5511 3465 5582 quod
3498 5510 3650 5567 ἀναί-

2052 5596 2233 5709 Εεὲσέἧ,
2256 5580 2426 5702 liglest
2478 5583 2676 5650 caedes,
2704 5584 2901 5640 melius
2925 5585 2995 5641 de
3022 5583 3235 5641 Licinio
3260 5580 3460 5639 dicitur
3478 5597 3644 5651 quam

2219 5668 2246 5700 ει
2270 5669 2285 5704 ›
2344 5668 2398 5705 ο.

2098 5666 2127 5704 e
2161 5665 2246 5704 (1131
2256 5665 2398 5705 υοιο.

2129 5720 2242 5793 (95)
2288 5721 2420 5793 Ἐπὶ
2468 5722 2766 5780 τοσοῦτον
2815 5725 3044 5782 πᾶσαν.
3102 5723 3461 5778 Srribendum
3514 5732 3647 5793 puto

2036 5786 2458 5863 'éﬁelﬁocodrq)
2488 5795 2691 5861 πᾶσαν,
2713 5806 2820 5855 etc.
2855 5798 2911 5852 In
2943 5800 3082 5854 libro
3108 5793 3242 5850 Fuit.
3272 5786 3532 5850 scribitur
3552 5793 3646 5847 snt
3740 5802 3752 5813 '

2061 5861 2285 5916 τοσοῦτο
2314 5861 2443 5938 γάρ,
2477 5877 2585 5922 etc.
