4186 6388
487 405 623 466 1091

1264 394 1537 454 EUSEB"
1578 391 2063 449 CIESARIENSIS
2101 391 2252 449 OPP.
2284 393 2465 448 PARS
2505 396 2540 450 I.
2585 422 2655 435 --
2694 393 3094 452 HISTORICA.

3640 400 3780 457 1099

486 521 662 578 destia
690 530 746 575 et
777 514 1035 575 concordi
1067 513 1352 568 alacritate
1384 511 1704 566 inciteutur.
1747 509 1903 576 Quod
1941 524 2077 578 quo-

2193 508 2400 561 ιτάντων
2432 508 2590 579 ἡμῶν
2620 508 2749 579 περὶ
2772 506 2866 561 τὸν
2893 508 3049 577 ᾶγιον
3077 509 3240 579 νόμον
3273 509 3598 583 σωφροσύνῃ
3629 512 3784 589 πάσῃ

488 616 636 671 niam
662 614 918 669 omnibus
947 607 1461 680 perspectissimum
1505 618 1628 659 esse
1669 602 1912 666 confido,
1944 602 2078 655 illud

491 711 588 764 tibi
640 711 692 763 in
741 709 934 775 primis
984 716 1309 772 persuasum
1361 698 1548 763 velim,
1580 696 1719 757 nihil
1765 696 1900 750 mihi
1938 695 2081 749 anti-

489 803 650 872 quius
671 814 815 863 esse,
842 813 1005 867 quam
1029 805 1089 849 ut
1125 807 1342 849 sacrum
1371 791 1525 845 illum
1560 794 1739 843 locum
1781 803 1945 857 quem
1986 789 2078 844 Dei

484 894 640 965 jussu
679 890 997 960 turpissima
1045 887 1353 957 adjectione
1399 881 1683 937 simulacri
1727 882 1883 934 velut
1926 881 2079 950 gravi

489 985 721 1056 quodam
756 982 993 1053 pondere
1031 976 1437 1046 exoneravi,lct
1483 976 1579 1045 qui
1630 974 1702 1029 ab
1765 972 1927 1027 initio
1964 972 2082 1042 qui-

489 1080 612 1132 dem
658 1076 751 1130 Dei
779 1073 989 1145 jncﬁcio
1026 1082 1256 1129 sanctus
1304 1069 1431 1132 fuit,
1474 1076 1668 1137 postea
1719 1080 1853 1120 vero
1907 1064 2082 1119 multo

489 1168 729 1223 sanctior
755 1164 987 1221 elfectus
1020 1170 1125 1230 est,
1182 1176 1250 1216 ex
1310 1175 1421 1229 quo
1467 1156 1765 1212 Dominicze
1808 1152 2082 1224 passionis

491 1262 653 1315 fidem
699 1261 754 1315 in
807 1258 985 1313 lucem
1022 1254 1293 1324 protulit:
1332 1267 1483 1317 eum,
1516 1251 1762 1319 inquam,
1798 1248 1976 1302 locum
2006 1246 2082 1299 fa-

487 1351 762 1406 bricarum
808 1348 1218 1419 pulchritudine
1249 1357 1605 1399 exarncmus.

1047 1522 1278 1579 CAPUT
1320 1521 1515 1576 XXXI.

491 1615 647 1683 Quod
680 1615 816 1670 hanc
852 1614 1040 1679 tedam,
1076 1615 1349 1673 moenium.
1402 1613 1794 1683 (alumnarum,
1840 1621 1888 1665 et
1939 1629 2084 1664 mur-

565 1702 772 1810 ;nortmt
814 1695 1105 1744 venustate,
1144 1698 1365 1737 crateras
1408 1682 1656 1736 ecclesias
1696 1699 1949 1752 superare
1987 1699 2081 1736 vo-

590 1767 746 1810 uerti.

590 1767 746 1810 uerti.

574 1865 591 1899 τ
619 1848 782 1902 Decet
806 1846 991 1915 itaque
1030 1843 1375 1914 prudentiam
1435 1851 1583 1897 tuam
1621 1842 1835 1913 singula
1864 1843 1931 1898 ad
1948 1858 2083 1913 opus
2120 1886 2163 1941 Β

497 1939 803 1995 necessaria
856 1940 930 1993 ita
969 1938 1261 2007 disponere
1312 1946 1369 1991 et
1416 1951 1643 2003 curare,
1678 1946 1737 1991 ut
1782 1952 1888 1991 non
1920 1938 2099 1991 modo'

494 2032 728 2088 basilica
777 2032 891 2099 ipsa
939 2030 1184 2085 omnium
1237 2043 1359 2097 qua:
1398 2029 1598 2098 ubique
1652 2037 1781 2083 sunt
1829 2029 2086 2098 pulcher-

492 2124 659 2187 rima,
710 2123 803 2178 sed
844 2131 901 2178 et
946 2122 1154 2190 reliqua
1202 2122 1447 2175 membra
1527 2121 1795 2190 ejusmodi
1845 2124 1976 2185 sint,
2026 2132 2087 2176 ut

492 2221 683 2273 omnes
713 2215 1068 2284 quantumvis
1112 2212 1330 2268 eximia:
1373 2212 1715 2282 singularum
1751 2214 1970 2269 urbium
2003 2214 2087 2268 fa-

490 2307 659 2363 brica:
686 2311 754 2361 ab
789 2308 893 2363 hac
929 2322 1033 2361 una
1081 2306 1245 2361 facile
1279 2314 1642 2375 superentur.
1678 2307 1760 2362 Ac
1807 2310 1876 2362 de
1903 2308 2087 2376 parie-

492 2408 608 2455 tum
635 2399 852 2470 quidem
887 2400 1302 2455 substructione
1332 2409 1389 2455 et
1417 2400 1721 2471 elegantia,
1765 2398 2084 2456 Draciliano

493 2494 675 2548 amico
710 2502 926 2557 nostro,
955 2493 1141 2562 agenti
1185 2494 1333 2547 vires
1384 2495 1769 2564 praefectorum
1800 2494 2084 2563 przetorio,

491 2594 550 2640 et
573 2584 795 2655 praesidi
820 2584 1136 2652 provinciae,
1185 2588 1331 2641 scias
1360 2601 1389 2639 a
1438 2601 1526 2641 me
1563 2601 1755 2642 curam
1787 2600 1911 2641 esse
1936 2600 2087 2640 com-

495 2676 745 2731 missam.
773 2672 1245 2744 Jussitsiquidem
1278 2678 1451 2746 pietas
1501 2689 1715 2742 nostra,
1747 2690 1807 2731 ut
1843 2678 2087 2733 artiﬁces

492 2777 552 2824 et
584 2766 850 2837 operarii,
890 2775 946 2820 et
988 2781 1326 2837 quaecunque
1356 2769 1424 2822 ad
1463 2769 1570 2823 boc
1597 2784 1734 2838 opus
1778 2770 2086 2823 necessaria

493 2877 616 2917 esse
664 2877 731 2916 ex
783 2862 1072 2932 prudentia
1125 2870 1217 2915 tua
1268 2864 1645 2929 cognoverint,
1697 2864 1953 2932 protinus
2002 2863 2089 2917 in-

498 2963 683 3009 stante
715 2954 928 3008 illorum
960 2953 1329 3010 sollicitudine
1353 2955 1687 3026 dirigantur.
1721 2957 1796 3011 De
1820 2956 2087 3013 columnis

495 3066 628 3106 vero
657 3059 707 3105 et
738 3051 1124 3117 marmoribus,
1166 3065 1508 3120 quzccunque
1552 3062 1608 3106 et
1662 3052 1991 3120 pretiosiora
2031 3062 2089 3106 et

503 3146 725 3200 utiliora
761 3160 885 3199 esse
934 3144 1053 3214 ipso
1098 3153 1320 3215 aspectu
1371 3142 1725 3212 iudicaveris,
1758 3160 1891 3201 cura
1923 3155 1985 3201 ut
2018 3146 2085 3201 ad

2188 601 2282 652 καὶ
2314 599 2656 670 ὀμογνὼμονι
2693 600 2974 672 προθυμίᾳ
3003 600 3421 671 σπουδαιότεραι
3460 602 3778 670 γίγνωνται.

2191 694 2368 765 Ὅπερ
2398 694 2443 745 δ’
2476 688 2569 747 οὖν
2603 691 2713 764 (96)
2741 693 2909 745 πᾶσιν
2944 686 3084 745 εἶναι
3122 692 3331 762 νομίζω
3350 694 3607 763 φανερὸν,
3635 694 3782 747 ἐκεῖ·

2188 804 2247 839 νο
2279 784 2512 856 μάλιστα
2542 784 2834 840 πεπεῖσθαι
2870 782 3153 854 βούλομαι,
3186 782 3263 845 ὼς
3300 782 3411 855 ἄρα
3435 784 3655 839 πάντων
3692 801 3782 855 μοι

2192 878 2391 948 μᾶλλον
2418 877 2591 949 μέλει,
2624 876 2774 939 ὅπως
2797 873 2889 928 τὸν
2924 873 3069 944 ἱερὸν
3095 874 3306 928 ἐκεῖνον
3335 872 3524 939 τόπον,
3549 873 3611 929 ὃν
3642 874 3782 930 Θεοῦ

2190 972 2593 1044 προστάγματι,
2639 968 2925 1040 αἰσχίστης
2970 965 3189 1019 εἰδώλου
3229 965 3551 1038 προσθήκης
3591 965 3784 1037 ὥσπερ

2188 1065 2335 1129 τινος
2390 1062 2741 1134 ἐπικειμένου
2811 1060 3041 1132 βάρους,
3106 1059 3404 1129 ἐκούφισα,
3465 1057 3622 1128 ᾶγιον
3684 1059 3785 1130 μὲν

2189 1158 2249 1223 ἐξ
2302 1158 2476 1229 ἀρχῆς
2537 1154 2673 1209 Θεοῦ
2728 1154 2908 1226 κρίσει
2958 1152 3348 1225 γεγενημένον,
3404 1149 3705 1223 ἁγιώτερον
3736 1150 3781 1206 δ’

2188 1249 2595 1319 ἀπορανθέντα,
2620 1249 2712 1318 ἀφ’
2737 1242 2799 1301 οὗ
2834 1246 2927 1300 τοῦ
2959 1246 3229 1318 σωτηρίου
3255 1244 3463 1308 πάθους
3497 1242 3684 1298 πίστιν
3703 1244 3782 1308 εἰς

2190 1341 2307 1412 φῶς
2358 1342 2694 1412 προήγαγεν,
2742 1336 3191 1408 οἰκοδομημάτων
3246 1334 3433 1388 κάλλει
3493 1331 3784 1403 κοσμήσω-

2194 1452 2293 1505 μεν
2306 1478 2319 1490 .

2707 1521 3107 1575 ΚΕΦΑΛΑῙΟΝ
3146 1520 3270 1574 AA'.

2194 1618 2332 1684 Περὶ
2359 1616 2465 1670 τοῦ
2498 1614 2617 1669 τῶν
2642 1615 2712 1667 ἐν
2730 1613 2803 1681 τῇ
2820 1613 3144 1681 οἰκουμένῃ
3182 1611 3399 1669 πασῶν
3433 1606 3781 1684 ἐκκλησιῶα-

2261 1680 2726 1755 οἰκοδομηθῆναι
2758 1680 3057 1739 καλλίονα
3089 1684 3316 1752 τοίχοις
3357 1683 3459 1736 καὶ
3487 1681 3651 1735 κίοσι
3683 1680 3784 1737 καὶ

2256 1757 2611 1828 μαρμάροις-

2270 1851 2579 1922 «Προσήκει
2612 1847 2791 1901 τοίνυν
2827 1847 2926 1917 τὴν
2959 1845 3057 1917 σὴν
3080 1844 3361 1916 ἀγχίνοιαν
3385 1840 3787 1907 οὓτωδιατάξαι

2188 1958 2250 1995 τε
2283 1944 2377 1997 καὶ
2410 1943 2640 1995 ἑκάστου
2664 1939 2771 1994 τῶν
2800 1938 3115 2007 ἀναγκαίων
3143 1935 3477 2009 ποιήσασθαι
3506 1934 3784 2007 πρόνοιαν,

2186 2037 2264 2100 ὡς
2314 2036 2374 2089 οὐ
2422 2035 2581 2105 μόνον
2638 2033 2928 2104 βασιλικὴν
2970 2030 3082 2085 τῶν
3134 2027 3455 2101 ἁπανταχοῦ
3516 2026 3785 2098 βελτίονα,

2166 2114 2323 2182 ’ἀλλά
2354 2128 2449 2181 καὶ
2479 2127 2551 2181 τὰ
2577 2128 2741 2183 λοιπά
2783 2125 3008 2180 τοιαῦτα
3044 2123 3354 2194 γίγνεσθαι,
3393 2122 3471 2186 ὼς
3504 2121 3685 2175 πάντα
3717 2119 3788 2172 τὰ

2187 2220 2273 2289 ἐφ’
2318 2220 2559 2291 ἑκάστης
2595 2217 3020 2273 καλλιστεύοντα
3052 2206 3265 2280 πόλεως
3293 2214 3400 2268 ὑπὸ
3434 2213 3529 2268 τοῦ
3559 2211 3789 2282 κτίσμα-

2186 2329 2280 2377 τος
2317 2312 2510 2366 τούτου
2548 2311 2825 2365 νικᾶσθαι.
2857 2310 2971 2364 Καὶ
3014 2308 3145 2380 περ).
3179 2308 3278 2378 μὲν
3310 2306 3411 2379 τῆς
3442 2305 3552 2359 τῶν
3592 2304 3790 2374 τοίχων

2188 2403 2459 2477 ἐγέρσεώς
2506 2422 2565 2458 τε
2602 2405 2695 2458 καὶ
2733 2401 3110 2475 καλλιεργίας,
3149 2397 3497 2472 Δρακιλιανῷ
3534 2395 3613 2467 τῷ
3645 2397 3786 2467 ἡμε-

2186 2494 2331 2566 τέρῳ
2361 2495 2520 2565 φίλῳ,
2552 2493 2632 2565 τῷ
2655 2493 2895 2547 διέποντι
2920 2491 2990 2544 τὰ
3019 2490 3129 2544 τῶν
3160 2487 3440 2561 ἐπαρχιῶν
3474 2486 3614 2558 μέρη
3652 2483 3789 2556 (97),

2190 2589 2283 2641 καὶ
2311 2586 2389 2658 τῷ
2421 2589 2520 2658 τῆς
2554 2586 2824 2658 ἐπαρχίας
2857 2586 3103 2655 ἄρχοντι,
3141 2582 3271 2652 παρ’
3302 2579 3459 2651 ήμῶν
3487 2579 3589 2650 τὴν
3624 2592 3791 2649 φρον-

2187 2679 2307 2733 τίδα
2342 2677 2747 2749 ἐγκεχειρίσθαι
2779 2660 3037 2745 γίνωσκε.
3066 2673 3402 2727 Κεκέλευται
3428 2670 3539 2742 γάρ
3565 2668 3672 2725 ὑπὸ
3691 2668 3793 2739 τῆς

2188 2769 2331 2842 ἐμῆς
2358 2769 2667 2832 εὐσεϐείας,
2697 2769 2792 2822 καὶ
2819 2766 3069 2838 τεχνίτας
3100 2764 3193 2817 καὶ
3219 2762 3481 2835 ἐργάτας,
3509 2760 3604 2815 καὶ
3629 2758 3791 2813 πάνθ’

2190 2865 2334 2936 ἅπερ
2378 2865 2459 2926 εἱς
2503 2860 2795 2932 οἰκοδομὴν
2834 2860 3109 2929 ἀναγκαῖα
3156 2858 3447 2928 τυγχάνειν
3494 2853 3649 2927 παρὰ
3692 2854 3795 2924 τῆς

2192 2958 2291 3028 σῆς
2344 2954 2716 3025 καταμάθοιεν
2771 2953 3076 3023 ἀγχινοίας,
3141 2949 3490 3022 παραχρῆμα
3547 2946 3638 3002 διὰ
3694 2945 3796 3017 τῆς

2190 3046 2417 3100 ἐκείνων
2462 3044 2723 3116 προνοίας
2770 3041 3172 3111 ἀποσταλῆναι.
3211 3040 3349 3110 Περὶ
3374 3038 3433 3091 δὲ
3459 3035 3570 3090 τῶν
3598 3035 3795 3088 κιόνων

2190 3138 2371 3192 είτουν
2406 3136 2735 3209 μαρμάρων,
2770 3133 2807 3188 ἃ
2833 3133 2880 3187 δ’
2906 3132 2973 3187 ἂν
3006 3131 3293 3204 νομίσειας
3322 3125 3458 3183 εἶναι
3489 3123 3799 3198 τιμιώτερά

497 3253 598 3294 nos
625 3238 933 3310 perscribas
969 3255 984 3291 :
1022 3245 1083 3291 ut
1123 3252 1247 3291 cum
1278 3250 1346 3291 ex
1393 3236 1593 3292 litteris
1621 3238 1729 3293 tuis
1763 3238 2088 3309 cognoveri-

2193 3251 2252 3286 τε
2274 3232 2368 3286 κα)⁹
2388 3229 2803 3304 χρησιμώτερα,
2831 3228 3003 3299 αὐτῆς
3030 3225 3307 3295 συνόψεως
3326 3222 3630 3294 γενομένης
3656 3218 3793 3290 (98),

498 3347 620 3387 mus
658 3341 794 3402 quot
841 3340 895 3385 et
935 3330 1192 3401 qualibus
1237 3344 1373 3400 opus
1419 3330 1511 3390 sit.
1553 3346 1616 3385 ea
1654 3331 1893 3402 undique
1926 3331 2084 3403 501

497 3425 712 3494 possint
752 3424 1106 3493 comportari.
1167 3421 1408 3493 JEquum
1456 3430 1543 3477 est
1579 3423 1727 3477 enim
1767 3426 1946 3493 utqui
1978 3439 2092 3493 pra:

503 3517 670 3571 totius
701 3516 851 3570 orbis
874 3516 1011 3571 locis
1040 3516 1281 3571 maxime
1310 3513 1653 3570 admirabilis
1675 3525 1762 3569 est
1790 3514 1967 3579 locus,
1994 3527 2092 3584 pro

503 3610 767 3678 dignitate
795 3623 892 3663 sua
924 3617 1247 3664 exornetur.

1053 3788 1284 3844 CAPUT
1324 3787 1543 3843 XXXII.

506 3876 577 3931 Ut
611 3878 676 3931 de
711 3878 1107 3946 pulchritudine
1142 3882 1376 3944 concitat,
1411 3891 1460 3934 et
1490 3881 1557 3933 de
1602 3879 1898 3945 artiﬁcibus
1929 3895 1992 3934 ac
2028 3880 2093 3933 de

720 3950 943 4002 materia
974 3949 1246 4005 Macarius
1276 3953 1344 4004 ad
1382 3950 1636 4018 prmities
1658 3951 1876 4003 scribat.

600 4057 621 4091 ι
655 4038 828 4094 Porro
853 4056 1125 4095 cameram
1146 4041 1399 4109 basilicae,
1434 4050 1614 4096 utrum
1651 4042 1981 4108 laquealam,
2023 4056 2091 4095 an

507 4128 615 4185 aiio
674 4129 931 4201 quopiam
987 4128 1176 4198 operis
1223 4143 1426 4199 genere
1474 4126 1782 4181 faciendam
1835 4142 2090 4191 censeas,

507 4221 715 4281 certior
746 4236 775 4273 a
808 4229 860 4274 te
890 4219 1007 4273 ficri
1040 4217 1225 4274 velim.
1258 4216 1395 4271 Nam
1425 4219 1471 4271 si
1526 4217 1779 4287 laqueata
1812 4217 1925 4284 fiet,
1957 4233 2094 4273 auro

563 4393 689 4465 '(96)
723 4393 910 4461 Ὅπερ
941 4392 993 4446 δ’
1012 4386 1161 4465 οὖν.
1190 4390 1290 4448 Hic
1313 4390 1465 4447 locus
1490 4407 1556 4447 ex
1588 4391 1812 4447 Socrate
1836 4402 1892 4446 et
1914 4391 2093 4447 Thco~

508 4463 688 4521 dorito
719 4463 1093 4518 emendandus
1121 4473 1227 4518 est.

2194 3325 2332 3396 πρὸς
2362 3325 2510 3396 ἡμᾶς
2538 3323 2749 3395 γράψαι
2773 3321 3099 3383 σπούδασον,
3123 3319 3190 3371 ἵν’
3213 3318 3354 3371 ὅσων
3378 3316 3444 3370 ἂν
3471 3315 3567 3370 κα).
3591 3313 3795 3367 ὁποίων

2191 3416 2383 3488 χρείαν
2440 3410 2581 3467 εἶναι
2624 3414 2712 3467 διὰ
2763 3410 2860 3466 τοῦ
2916 3409 3009 3465 σοῦ
3070 3409 3401 3481 γράμματος
3453 3403 3793 3476 ἐπιγνῶμεν,

2192 3507 2367 3560 ταῦτα
2421 3504 2763 3576 πανταχόθεν
2825 3502 3216 3576 μετενεχθῆναι
3262 3500 3501 3572 δυνηθῇ·
3540 3499 3637 3553 τὸν
3682 3496 3796 3569 γὰρ

2191 3600 2287 3653 τοῦ
2335 3599 2543 3670 κόσμου
2593 3596 3047 3671 θαυμασιώτερον
3099 3595 3266 3649 τόπον
3310 3593 3430 3647 κατ’
3464 3591 3623 3659 ἀξίαν
3669 3607 3797 3662 φαι-

2192 3689 2485 3762 δρύνεσθαι
2516 3689 2750 3744 δίκαιον.

2711 3778 3112 3834 ΚΕΦΑΛΑῘΟΝ
3152 3777 3276 3832 AB’.

2199 3875 2320 3928 Ὅτι
2350 3874 2449 3928 καὶ
2483 3873 2617 3940 περὶ
2651 3870 2760 3924 τοῦ
2791 3870 3064 3937 κάλλους
3092 3869 3201 3937 τῆς
3227 3870 3475 3940 κόγχης,
3503 3866 3605 3921 καί
3634 3867 3799 3936 ἐργα-

2509 3923 2519 3925 V
2534 3923 2640 3997 ἷάι
2663 3923 2843 3996 νύλῶνν
2872 3923 3158 4006 ἐδήλωσέ
3174 3923 3318 4005 τοῖς⁶
3335 3923 3615 4006 ἄρχουσι.

2271 4055 2289 4087 ι
2312 4037 2423 4108 Τὴν
2446 4036 2504 4090 δὲ
2530 4037 2629 4107 τῆς
2649 4035 2935 4107 βασιλικῆς
2959 4034 3221 4104 καμάραν
3236 4073 3251 4097 ,
3286 4034 3517 4104 πότερον
3548 4030 3799 4085 λακωνα-

2200 4131 2321 4203 ρίαν
2342 4129 2474 4198 (99),
2499 4129 2533 4201 ἢ
2555 4129 2622 4182 δι’
2647 4127 2842 4199 ἐτέρας
2863 4126 3007 4191 τινὸς
3041 4125 3302 4199 ἐργασίας
3329 4124 3584 4194 γενέσθαι
3607 4140 3691 4176 σοι
3721 4120 3798 4175 δο-

2196 4224 2303 4286 κεῖ,
2344 4220 2495 4292 παρά
2530 4219 2625 4272 σοῦ
2661 4218 2867 4286 γνῶναι
2911 4216 3190 4287 βούλομαι.
3241 4217 3305 4270 Εἰ
3334 4214 3444 4287 γὰρ
3480 4212 3797 4285 λακωναρία

2196 4394 2458 4451 occurrit.
2510 4392 2808 4459 Caeterum,
2856 4402 2916 4448 ut
2974 4391 3218 4464 prmfecli
3272 4390 3531 4464 praetorio
3580 4399 3796 4464 tantum

2197 4465 2487 4521 clarissimi
2523 4474 2679 4519 erant
2710 4462 3064 4519 Constantini
3092 4473 3276 4527 aetate,
3316 4463 3389 4515 ita
3425 4462 3615 4517 vicarii
3649 4475 3796 4528 prae-

579 4534 692 4613 (97)
722 4532 1087 4617 ripaue/itare?)
1132 4532 1212 4599 τῷ
1236 4532 1502 4587 διέποντι
1537 4531 1612 4587 τὰ
1637 4531 1757 4615 τῶτς
1791 4531 2091 4656 ἑπαρέιῶν

579 4623 680 4656 ὨὯ.
707 4606 771 4656 ιιι
799 4606 888 4656 hic
923 4606 1074 4656 locus
1100 4619 1169 4656 ex
1204 4604 1453 4656 Socrate.
1484 4604 1817 4656 'l‘hcodorito
1845 4619 1909 4656 ac
1984 4619 2091 4656 tce-

2201 4540 2428 4591 l'ecturzc
2475 4536 2821 4605 prmtorianzc
2868 4536 3109 4600 ejusdmn
3153 4532 3503 4588 Constantini
3532 4530 3795 4598 tempori-

2203 4608 2302 4656 bus
2327 4616 2485 4656 erant
2513 4615 2722 4656 tantum
2749 4603 3159 4656 uerfeclissimi.
3194 4612 3253 4656 ut
3283 4606 3443 4656 docet
3470 4600 3696 4656 epistola
3728 4600 3795 4653 ad

506 4604 680 4675 μέρη.
707 4606 771 4658 Et
799 4606 888 4660 hic
923 4606 1074 4659 locus
1100 4619 1169 4659 ex
1204 4604 1453 4668 Socrate,
1484 4604 1817 4659 'l‘hcodorito
1845 4619 1909 4657 ac

550 4672 682 4729 hero
732 4676 1106 4729 emendandus
1149 4683 1233 4730 est
1278 4676 1333 4728 in
1382 4675 1524 4728 hunc
1563 4675 1777 4727 modum
1814 4692 1829 4727 :
1878 4672 1950 4726 τὰ
1979 4673 2090 4727 τῶν

541 4745 905 4826 αμπροτάτων
957 4744 1217 4826 ἐπάρχων
1274 4745 1450 4817 μέρη,
1516 4747 1567 4826 id
1600 4755 1723 4826 cst,
1779 4743 2091 4826 Draciliauo

510 4815 688 4884 agenti
735 4816 870 4868 vices
921 4815 1343 4869 clarissimorum
1395 4815 1764 4882 praefectorum
1815 4816 2089 4881 prwtorio.

510 4882 741 4954 Exstant
767 4892 915 4938 certe
937 4886 1055 4939 dua:
1082 4887 1423 4940 Constantini
1451 4886 1663 4954 legesin
1693 4884 1883 4939 codice
1908 4884 2091 4938 'l‘lieo-

512 4953 762 5016 dosiano,
788 4954 957 5007 altera
997 4956 1052 5008 in
1083 4955 1236 5010 titulo
1265 4957 1337 5009 De
1372 4953 1585 5019 usuris,
1617 4956 1786 5009 altera
1822 4954 1896 5009 De
1920 4956 2092 5009 luere-

512 5023 661 5085 ticis,
690 5025 756 5077 ad
789 5024 937 5077 hunc
961 5025 1327 5079 Dracilianum
1356 5026 1593 5093 scriptae.
1628 5024 1788 5079 Prior
1820 5027 1960 5079 lianc
1996 5026 2093 5077 lia-

512 5095 608 5166 bet
637 5094 1046 5162 inscriptionem
1074 5095 1261 5166 :Afmp.
1289 5095 1666 5166 Constantinus
1694 5098 1830 5166 Aug.
1856 5096 1925 5149 ad
1952 5094 2091 5147 Dra—

512 5165 766 5219 cilianum
793 5174 1030 5232 agentem
1062 5164 1588 5234 vicesprtefectarum
1623 5164 2091 5234 mret—Proposita

515 5245 695 5288 autem
720 5243 804 5288 est
824 5234 1083 5288 Caesarea:
1106 5237 1158 5288 in
1182 5233 1468 5289 Palaestina
1492 5250 1561 5289 xv
1609 5235 1730 5290 Kal.
1760 5235 1928 5290 Maias
1949 5233 2095 5289 Pau—

515 5305 625 5376 lino
648 5314 700 5358 et
723 5303 939 5376 Juliano
980 5320 1128 5376 coss.
1152 5303 1404 5359 Secunda
1430 5300 1567 5376 vero
1585 5309 1859 5376 proposita
1895 5308 2095 5360 dicitur

514 5373 775 5445 Kalendis
797 5374 1074 5444 Septemb.
1098 5375 1425 5438 Generasto,
1443 5373 1803 5431 Constantino
1826 5379 1965 5445 Aug.
1991 5391 2091 5438 vn,

415 5458 419 5463 ‘
515 5459 569 5499 et
592 5440 911 5500 Constantio
941 5445 1155 5500 Caesare
1180 5460 1352 5508 coss.,
1378 5446 1431 5500 id
1453 5457 1536 5501 est
1562 5463 1707 5501 anno
1734 5440 1941 5502 Christi
1965 5447 2091 5501 326.

515 5516 635 5582 Quo
657 5516 823 5570 etiam
854 5531 998 5572 anno
1029 5516 1418 5572 Constantinus
1451 5516 1590 5573 hanc
1625 5518 1908 5585 epistolam
1956 5519 2097 5572 scri-

517 5588 625 5656 psit
647 5585 713 5639 ad
743 5586 1036 5660 macerium
1068 5589 1384 5660 episc_0pum
1417 5585 1939 5660 Hierosolymorum.
1973 5589 2096 5660 Por-

518 5670 582 5728 ro
614 5659 908 5728 notandum
964 5668 1050 5714 est
1083 5658 1378 5728 praefectos
1426 5658 1682 5728 prtetorio
1731 5661 1819 5713 hic
1848 5659 1955 5714 dici
1984 5658 2097 5714 cla-

521 5723 785 5781 rissimos.
820 5727 1069 5801 Nondum
1090 5723 1259 5801 cnim,
1283 5723 1744 5801 illust'rissimatus
1773 5730 2094 5801 dignitatem
2156 5774 2157 5779 η

522 5808 866 5869 acceperant.
900 5800 1006 5853 Sed
1028 5809 1081 5853 et
1108 5801 1161 5853 in
1196 5799 1316 5855 aliis
1344 5798 1688 5855 Constantini
1720 5798 1929 5869 legibus
1953 5816 2096 5869 pra:-

517 5861 942 5943 ‘fecti'praetorio
972 5870 1264 5928 clarissimi
1313 5871 1596 5939 dicuntur,
1638 5879 1699 5927 ut
1746 5861 1801 5925 in
1829 5871 1913 5928 bis
1944 5861 2095 5928 libris

1984 4582 2091 4657 {Ee-
2125 4582 2170 4638 ο
2203 4582 3702 4673 iﬁ.‘“.‘.-:..(i.‘..‘(.i.‘.;‘izrrétiigaaaia(astuastu.
3728 4600 3796 4653 ad

2199 4676 2532 4729 Probianutn
2567 4677 2951 4744 procvnsulcm
2986 4674 3205 4728 Alrica}.
3240 4674 3396 4744 Apud
3428 4673 3795 4744 Athanasium

2201 4751 2254 4821 i_n
2273 4741 2619 4821 ΔΑιροίοςιειίιλο
2648 4746 2714 4798 ad
2739 4746 3137 4821 Constantium,
3168 4741 3303 4821 pag.
3325 4743 3451 4821 791;
3491 4741 3798 4821 ξΑντωνίνιρ

2201 4811 2433 4890 βιάρχῳ,
2454 4811 2809 4890 ’κεντηναρίῳ
2840 4816 2949 4869 τῶν
2973 4811 3373 4887 λαμπροτάτων
3411 4811 3668 4885 ἐπάρχων
3698 4811 3797 4865 τοῦ

2202 4887 2738 4960 ίερρὖᾎπραιτωρίου.

2267 4950 2378 5029 (98)
2411 4950 2736 5029 Συνόψεως
2764 4954 3112 5029 γενομένης.
3141 4952 3407 5029 Ηοο-Ιοςο⁸
3431 4950 3656 5029 σύνοψις
3687 4951 3798 5029 [οι-«-

2202 5023 2660 5095 ηιιίιιιέἱςιιίίίἐιιι
2687 5045 2750 5080 ac
2771 5023 3198 5082 delineatioirem
3244 5024 3408 5095 futuri
3441 5026 3645 5095 operis.
3677 5023 3799 5095 Quo

2202 5113 2365 5152 sensu
2410 5093 2647 5151 sumitur
2676 5098 2839 5150 etiam
2878 5100 2930 5150 in
2976 5096 3212 5166 epistola
3252 5093 3482 5147 Himerii
3511 5094 3800 5147 rationalis

2205 5167 2552 5222 Alexandria:
2603 5167 2672 5220 ad
2719 5166 3037 5234 praefectum
3084 5166 3375 5229 Mareotin,
3410 5180 3574 5233 quam
3626 5166 3799 5217 refert

2204 5238 2541 5291 Athanasius
2580 5237 2633 5291 in
2678 5236 2964 5307 Apologia,
3004 5252 3127 5307 pag.
3160 5237 3286 5291 805.
3314 5234 3614 5307 Postquam
3648 5249 3796 5287 enim

2202 5307 2341 5361 dixit
2385 5310 2687 5375 Augustum
2722 5305 2777 5361 et
2807 5305 3050 5362 Caesares
3082 5305 3419 5374 'pcrmisisse
3467 5305 3705 5375 lscliyraa
3738 5314 3800 5355 ut

2201 5374 2495 5449 ecclesiam
2524 5379 2578 5431 in
2610 5394 2749 5449 pago
2771 5394 2871 5434 suo
2903 5379 3222 5441 aedificaret,
3256 5377 3479 5429 mandat
3501 5374 3797 5449 prscposito

2202 5449 2325 5516 pagi
2360 5448 2529 5514 illius,
2575 5447 2634 5504 ut
2666 5447 2895 5504 formam
2944 5449 3115 5503 futuri
3160 5449 3343 5516 operis
3386 5447 3794 5516 quamprimum

2203 5513 2460 5581 delincet,
2496 5513 2551 5571 et
2576 5522 2640 5572 ad
2667 5519 2899 5573 oﬂicium
2928 5534 3083 5572 suum
3113 5513 3288 5571 mit—tat
3316 5534 3330 5572 :
3359 5516 3651 5586 dtpdvrccov
3685 5513 3796 5586 τοί·

2200 5605 2297 5661 νυν
2328 5589 2385 5642 ὲν
2418 5588 2572 5659 τάχει
2598 5590 2698 5661 τὴν
2734 5589 2955 5659 σύνοψιν
2994 5588 3381 5661 ποιησάμενος,
3406 5584 3485 5650 είς
3511 5586 3610 5657 τὴν
3638 5584 3791 5645 τάξιν

2203 5660 2537 5714 ἀνενεγκεῖν.

2250 5677 2543 5802 ΐίεόδῖκῆινκ
2566 5730 2648 5802 δὲ,
2666 5729 2777 5799 τῆς
2820 5728 3154 5798 βασιλικῆς
3186 5728 3463 5802 καμάραν
3481 5765 3497 5789 ,
3533 5724 3794 5802 ξτότερον

2201 5794 2601 5868 λακωναρῖαν.
2636 5794 2991 5855 Basilicarum
3021 5794 3498 5854 camersc'duobus
3530 5794 3794 5868 feremu-

2204 5876 2288 5926 dts
2316 5864 2762 5943 disponebantur.
2806 5874 2912 5927 Aut
2944 5872 3088 5926 cnim
3135 5869 3483 5926 lacunaribus
3514 5864 3789 5922 ornaban-
