4186 6408
587 391 730 451 1103

1369 384 1638 444 EUSEBll
1675 381 2155 441 CESARIENSIS
2192 382 2346 438 OPP.
2389 382 2570 439 PARS
2609 383 2725 439 l.—
2763 335 3153 439 HlSTORlCA.

3712 379 3855 434 1104

584 517 692 562 tus.
749 505 976 574 Ideoque
1032 501 1126 558 Dei
1179 501 1549 557 amantissima
1619 510 1884 572 augusta,
1926 501 2154 571 deipara

2264 499 2331 571 δὴ
2355 498 2570 570 βασιλὶς
2601 503 2635 572 ή
2665 499 3080 572 θεοσεϐεστάτη,
3107 500 3209 571 τῆς
3243 498 3494 553 θεοτόκου
3522 498 3620 570 τὴν
3661 495 3855 568 κύησιν

584 594 823 667 Virginis
861 605 1073 666 partum
1120 594 1335 650 eximiis
1383 594 1749 650 monumentis
1780 593 2037 656 ornavit,
2070 607 2164 646 sa-

582 703 732 744 cram
754 688 902 743 illam
929 680 1242 756 speluncam
1269 686 1415 741 omni
1439 686 1615 740 cultus
1639 699 1839 756 genere
1863 685 2160 739 illustrans.

583 779 694 835 Nec
743 778 911 834 multo
949 786 1073 848 post
1109 777 1405 847 imperator
1431 779 1680 831 eamdem
1723 775 1932 830 Domini
1966 773 2164 828 nativi-

583 881 748 926 tatem
779 869 1049 940 regalibus
1080 867 1324 924 donariis
1369 867 1690 932 honoravit;
1724 866 1893 920 variis
1923 880 1989 921 ex
2029 878 2163 919 auro

579 971 633 1015 et
669 969 894 1032 argento
925 959 1312 1026 monumentis,
1346 957 1591 1028 velisque
1622 972 1723 1012 acu
1747 957 1904 1026 pictis
1924 995 1939 1018 ,
1975 953 2163 1009 matris

580 1068 692 1107 suae
725 1051 1010 1108 cumulans
1047 1050 1535 1123 magniﬁcentiam.
1566 1049 1836 1104 Praeterea
1868 1050 2162 1116 imperato-

581 1145 656 1200 ris
684 1143 905 1215 quidem
943 1150 1114 1198 mater
1143 1143 1198 1197 in
1241 1140 1560 1198 memoriam
1590 1140 1926 1196 ascensionis
1959 1139 2160 1195 Christi

579 1238 822 1293 omnium
871 1235 1201 1304 Servatoris,
1249 1235 1304 1290 in
1360 1242 1544 1289 monte
1575 1231 1854 1288 Olivarum
1907 1233 2160 1288 sublimia

579 1327 850 1383 exstruxit
885 1326 1155 1391 aedilicia,
1198 1325 1251 1380 in
1280 1325 1400 1396 ipso
1445 1322 1649 1378 montis
1693 1323 1899 1377 vertice
1945 1336 2158 1377 sacram

579 1419 798 1491 erigens
824 1419 995 1474 redem
1040 1432 1161 1472 cum
1213 1415 1433 1487 templo.
1462 1414 1560 1470 llic
1594 1429 1759 1484 porro
1810 1413 2158 1469 Servatorem

579 1521 820 1575 omnium
873 1519 1174 1584 Christum,
1213 1516 1431 1571 arcanis
1487 1515 1759 1587 mysteriis
1800 1513 1961 1584 505
1997 1514 2160 1569 disci-

581 1611 736 1681 pulos
763 1626 890 1667 suos
934 1611 988 1666 in
1033 1611 1148 1680 ipsa
1194 1607 1450 1679 spelunca
1490 1608 1756 1671 initiasse,
1783 1621 1946 1660 verax
1991 1615 2158 1660 testa-

582 1712 672 1758 tur
690 1701 937 1758 historia.
956 1701 1256 1770 lmperator
1278 1713 1408 1755 vero
1428 1699 1531 1753 hoc
1557 1699 1721 1753 etiam
1757 1697 1808 1750 in
1837 1696 1974 1761 loco,
1992 1697 2158 1751 variis

580 1793 914 1849 ornamentis
955 1806 1022 1847 ac
1067 1789 1309 1846 donariis
1353 1803 1625 1843 summum
1673 1788 1914 1842 omnium
1955 1786 2154 1857 Regem

580 1893 865 1940 veneratus
906 1893 1010 1938 est.
1043 1883 1222 1951 Atque
1264 1880 1380 1935 haec
1417 1881 1525 1933 duo
1553 1887 1778 1948 augusta
1807 1893 1872 1934 ac
1899 1879 2156 1946 pulcher-
2185 1857 2228 1910 Β

580 1976 716 2030 rima
748 1982 1121 2037 monumenta,
1153 1969 1444 2026 immortali
1468 1968 1731 2025 memoria
1755 1969 1913 2038 digna
1939 1970 1992 2022 in
2019 1969 2155 2023 dua-

579 2069 677 2122 bus
707 2066 878 2122 sacris
902 2065 1205 2135 speluncis,
1245 2061 1450 2119 Helena
1482 2071 1744 2131 augusta,
1773 2061 2012 2131 religiosi
2048 2061 2154 2114 im-

578 2157 841 2226 peratoris
894 2164 1070 2211 mater
1115 2151 1540 2226 religiosissima,
1570 2153 1672 2222 piae
1717 2151 2024 2206 dev0tionis
2066 2165 2158 2206 ar-

574 2257 832 2318 gumenta
862 2248 972 2303 Deo
1021 2245 1300 2302 Servatori
1350 2260 1448 2301 suo
1508 2245 1802 2312 dedicavit,
1833 2261 1956 2300 cum
2012 2245 2155 2302 lilius

578 2338 870 2411 imperialis
930 2339 1185 2408 potentiae
1242 2337 1544 2394 subsidium
1590 2338 1639 2392 ei
1691 2337 1986 2393 conferret.
2043 2338 2155 2393 Nec

577 2430 744 2485 multo
782 2440 907 2500 post
939 2428 1229 2498 grandaeva
1258 2428 1451 2485 mulier
1477 2429 1696 2498 dignum
1739 2426 2014 2484 laboribus
2040 2429 2154 2484 suis

577 2521 852 2591 prazmium
877 2520 1080 2574 retulit.
1110 2517 1244 2572 Nam
1285 2532 1407 2573 cum
1447 2526 1618 2572 totum
1652 2517 1775 2572 vitae
1807 2533 1919 2572 sua:
1943 2529 2154 2588 tempus

649 2671 1442 2760 (εδίέῖαραπετάτξιέαςὲεε
1475 2673 1790 2760 eaMa-
1829 2673 1946 2760 [τίθη
1981 2677 2155 2760 probo

578 2743 1081 2814 interpretationem
1105 2743 1604 2814 ,Christopborsoni
1643 2744 1735 2813 qui
1767 2745 1938 2799 aulwa
1979 2743 2151 2800 inter-

577 2822 838 2885 pretatur.
865 2812 1002 2885 Nam
1029 2813 1195 2885 aulaea
1230 2812 1405 2868 scenis
1433 2815 1611 2884 potius
1637 2812 1963 2885 conveniunt
1991 2831 2151 2885 quam

575 2883 836 2954 ecclesiae.
879 2881 1010 2937 Vela
1044 2883 1208 2954 igitur
1241 2881 1590 2953 interpretari
1627 2884 1812 2954 malui.
1845 2883 1971 2940 Vela
2005 2881 2150 2941 enim

573 2954 628 3007 iu
648 2953 893 3024 ecclesiis,
918 2953 1096 3024 erant.
1129 2953 1264 3007 Nam
1292 2962 1347 3007 et
1375 2957 1427 3007 in
1463 2954 1636 3024 portis
1669 2953 1888 3008 fuerunt
1919 2954 2058 3019 vela,
2087 2958 2154 3010 de

573 3025 771 3093 quibus
802 3023 1136 3092 Epiphanius
1169 3024 1223 3093 in
1245 3022 1476 3090 epistola
1500 3028 1568 3079 ad
1597 3022 1860 3078 Joannem
1898 3024 2152 3081 Hieroso-

571 3092 894 3164 lymitanum
949 3107 1113 3161 quam
1173 3092 1368 3164 Latine
1416 3097 1582 3164 vertit
1639 3093 2052 3164 Hieronymus:
2096 3105 2152 3151 et

2269 593 2516 664 μνήμασι
2566 591 2901 665 θαυμαστοῖς
2956 593 3307 662 κατεκόσμει,
3327 591 3598 652 παντοίως
3630 589 3690 642 τὸ
3727 587 3864 660 τῇδε

2268 684 2635 756 ίερὺν.ἇντρον
2663 671 3034 756 ξραιδρύνουσα
3052 700 3066 714 ⁶
3107 681 3361 753 βασιλεὺς
3389 681 3447 734 δὲ
3481 679 3678 751 μικρὸν
3707 678 3856 732 ὓστε-

2266 793 2360 847 ρον
2404 775 2702 846 βασιλικοῖς
2762 776 3076 847 ἀναθήμασι
3122 774 3216 828 καὶ
3257 773 3463 844 ταύτην
3501 773 3698 842 ἐτίμα,
3740 771 3854 835 τοῖς

2265 867 2324 931 ἐξ
2363 868 2607 941 ἀργύρου
2642 868 2736 923 καὶ
2773 869 2976 941 χρυσοῦ
3017 866 3342 939 κειμηλίοις,
3387 860 3853 936 παραπετάσμασι

2261 977 2323 1014 τε
2362 962 2626 1026 ποικίλοις
2672 961 2784 1033 (26)
2812 961 2913 1025 τὰς
2949 962 3048 1032 τῆς
3093 959 3298 1032 μητρὸς
3340 956 3593 1020 ἐπαύξων
3638 954 3856 1024 φιλοκα-

2262 1053 2401 1118 λίας.
2432 1055 2600 1108 Πάλιν
2629 1054 2673 1107 δ’
2707 1056 2740 1126 ή
2783 1054 2883 1126 μὲν
2917 1053 3182 1125 βασιλέως
3225 1053 3408 1123 μήτηρ
3439 1051 3538 1121 τῆς
3567 1050 3648 1111 εἰς
3687 1049 3854 1119 οὐραν-

2261 1144 2386 1207 νοὺς
2429 1144 2657 1213 πορείας
2688 1143 2783 1197 τοῦ
2825 1143 2933 1196 τῶν
2976 1143 3119 1196 ὅλων
3145 1141 3440 1211 Σωτῆρος,
3485 1138 3580 1193 ἐπὶ¹
3607 1137 3700 1191 τοῦ
3741 1136 3852 1191 τῶν

2264 1234 2458 1288 ἐλαιῶν
2499 1235 2659 1304 ὅρους
2709 1236 2808 1306 τὴν
2863 1236 3085 1306 μνήμην
3129 1233 3472 1306 ἐπηρμέναις
3518 1231 3852 1298 οἰκοδομίαις

2261 1327 2496 1397 ἀνύψου,
2531 1329 2644 1383 ἀνω
2686 1327 2824 1399 πρὸς
2861 1330 2984 1391 ταῖς
3021 1326 3355 1398 ἀκρωρείαις
3402 1324 3556 1398 παρὰ
3605 1329 3706 1396 τήν
3751 1323 3849 1378 τοῦ

2262 1420 2460 1484 παντὸς
2484 1420 2646 1492 ὅρους
2686 1419 2952 1491 κορυφὴν,
3021 1418 3168 1490 ἱερὸν
3219 1413 3368 1471 οἷκον
3420 1416 3720 1488 ἐκκλησίας
3755 1418 3852 1469 ἀν-

2259 1512 2570 1582 εγείρουσα,
2603 1509 2738 1565 νεών
2771 1527 2830 1564 τε
2856 1510 2987 1580 (27)·
3013 1507 3294 1563 κάνταῦθα
3316 1507 3472 1576 λόγος
3502 1505 3706 1578 ἀληθής
3735 1504 3845 1576 (28)

2259 1603 2498 1672 κατέχει,
2532 1604 2589 1655 ἐν
2619 1601 2768 1672 αὐτῷ
2813 1601 2994 1672 ἄντρῳ
3047 1599 3158 1670 (29)
3189 1600 3316 1662 τοὺς
3354 1595 3522 1652 αὑτοῦ
3574 1594 3849 1657 θιασώτας

2263 1697 2416 1769 μυεῖν
2442 1696 2542 1760 τὰς
2571 1696 2917 1768 ἀπορρήτους
2939 1694 3162 1758 τελετὰς
3185 1693 3279 1746 τὸν
3299 1691 3408 1745 τῶν
3435 1691 3571 1744 ὅλων
3592 1689 3841 1759 Σωτῆρα.

2257 1788 2520 1852 Βασιλεὺς
2559 1787 2617 1840 δὲ
2649 1787 2930 1842 κάνταῦθα
2975 1785 3254 1849 παντοίοις
3289 1781 3600 1854 ἀναθήμασί
3641 1797 3703 1833 τε
3749 1778 3846 1832 καὶ

2258 1880 2484 1950 κόσμοις
2525 1878 2617 1932 τὸν
2669 1878 2840 1949 μέγαν
2876 1877 3132 1950 ἐγέραιρε
3188 1873 3442 1929 Βασιλέα.
3495 1871 3606 1925 Καὶ
3640 1869 3704 1941 δὴ
3749 1868 3843 1922 δύο

2257 1972 2427 2025 ταῦτα
2457 1973 2676 2043 μνήμης
2705 1969 2904 2035 ἐπάξια
2933 1969 3173 2031 αἰωνίου,
3211 1967 3384 2038 σεμνὰ
3412 1965 3505 2018 καὶ⁵
3537 1959 3839 2034 περικαλλῆ

2257 2063 2668 2135 καθιερώματα,
2699 2063 2792 2116 ἐπὶ
2822 2062 2918 2116 δύο
2955 2060 3236 2132 μυστικῶν
3269 2059 3483 2130 ἄντρων
3523 2057 3709 2127 Ἑλένη
3750 2053 3842 2108 αὑ-

2255 2155 2458 2225 γούστα
2490 2155 2610 2226 Θεῷ
2647 2153 2724 2225 τῷ
2755 2154 2925 2226 αὐτῆς
2969 2152 3202 2224 Σωτῆρι,
3253 2147 3532 2220 θεοφιλοῦς
3576 2145 3842 2216 βασιλέως

2257 2246 2507 2318 θεοφιλὴς
2586 2247 2800 2317 μήτηρ,
2876 2243 3133 2307 εὐσεϐοῦς
3206 2243 3480 2314 τεκμήρια
3545 2237 3840 2298 διαθέσεως

2257 2339 2458 2411 ἵδρυτο,
2501 2336 2680 2402 δεξιὰν
2721 2337 2858 2408 αὐτῇ
2906 2335 3187 2406 βασιλικῆς
3216 2333 3463 2398 ἐξουσίας
3499 2331 3592 2385 τοῦ
3647 2329 3839 2391 παιδὸς

2256 2431 2694 2502 παρασχομένου.
2741 2429 2968 2500 Καρπὸν
3012 2427 3057 2481 δ’
3103 2425 3325 2506 ἐπάξιον
3368 2427 3402 2496 ἡ
3450 2422 3690 2496 πρέσϐυς
3735 2420 3838 2474 οὐκ

2256 2525 2334 2586 είς
2381 2525 2598 2594 μακρὰν
2651 2519 3054 2591 ἀπελάμϐανεν,
3104 2517 3328 2587 ἀγαθοῖς
3384 2517 3482 2588 μὲν
3527 2517 3697 2570 ἅπασι
3743 2513 3837 2566 τὸν

2255 2679 2646 2737 Constantinus
2694 2676 2996 2734 Antiochiae
3031 2675 3342 2731 aediﬁcavit.
3400 2675 3580 2743 Atque
3617 2673 3691 2726 ita
3733 2688 3832 2728 ex-

2257 2751 2539 2820 plicandus
2582 2759 2662 2804 est
2692 2749 2918 2820 Eusebii
2943 2747 3121 2820 locus
3151 2746 3374 2820 _iu_line
3411 2744 3720 2820 panegyrici
3753 2744 3832 2820 _de

2255 2812 2646 2875 tricennalibus
2674 2819 3040 2880 Constantini,
3066 2827 3121 2870 et
3149 2817 3201 2870 iu
3234 2815 3373 2870 libro
3403 2812 3432 2868 ιι
3465 2812 3617 2867 Hist.
3652 2813 3826 2867 eccle-

2254 2891 2504 2958 siastictc,
2531 2898 2587 2942 et
2614 2891 2664 2944 in
2693 2904 2812 2958 cap.
2833 2887 2904 2944 45
2930 2887 3088 2954 hujus
3119 2886 3262 2947 libri,
3293 2887 3380 2941 ubi
3403 2882 3530 2958 ναόν
3555 2894 3607 2938 et
3635 2883 3831 2958 εὐκτή-

2259 2978 2370 3032 ριον
2401 2953 2968 3032 g‘lxovsimnl’jungit.
3001 2953 3175 3032 Paulo
3209 2958 3446 3032 aliteriu
3481 2953 3697 3032 lege_5,
3737 2967 3832 3006 co-

2255 3023 2375 3085 dice
2401 3030 2608 3085 Theod.
2631 3071 2647 3095 ,
2675 3031 2741 3084 de
2766 3023 2896 3083 'his'
2922 3029 3014 3096 qui
3065 3029 3134 3080 ad
3185 3026 3442 3080 ecclesias
3485 3023 3826 3092 confugiunt.

2253 3100 2329 3156 lbi
2360 3101 2504 3156 enim
2531 3101 2657 3164 ναὸς
2688 3099 2975 3170 εὐκτήριος
3001 3099 3204 3170 dicitur
3230 3097 3476 3170 basilica
3507 3110 3603 3170 seu
3642 3103 3828 3147 orato-

572 3163 2148 3254 foiajijffclffllflﬁlﬂcﬂflptlittOsetiamnuuLvisunt’ur.
2179 3192 2225 3254 ο
2258 3173 2397 3254 rium
2432 3171 2484 3252 in
2516 3163 2742 3250 qualest
2779 3163 2969 3254 altare.
3001 3167 3241 3248 Ecclesia
3277 3179 3407 3221 vero
3427 3165 3629 3247 dicitur
3655 3174 3827 3254 totum

573 3233 745 3307 Porro
763 3234 877 3307 vela
904 3247 1020 3307 quae
1052 3233 1119 3288 ad
1148 3241 1333 3304 portas
1354 3236 1823 3307 appendebautur,
1846 3233 2020 3307 (irasci
2044 3238 2152 3307 ἀμ-

573 3304 778 3376 φίθυρα
811 3305 1085 3376 dicebant,
1118 3317 1238 3376 quae
1267 3319 1364 3357 vox
1402 3305 1600 3376 legitur
1631 3306 1685 3358 in
1720 3304 2149 3376 epistolaCho's-

571 3373 682 3428 rois
709 3373 854 3443 apud
885 3373 1348 3444 Theophylactum
1400 3373 1474 3427 in
1507 3375 1647 3429 libro
1678 3390 1732 3438 v,
1763 3390 1883 3443 cap.
1916 3375 2002 3430 M.
2042 3378 2150 3432 Oc-

571 3441 762 3514 currit'
777 3445 940 3498 etiam
957 3441 1128 3514 _apud'
1167 3441 1612 3513 Chrysostomum
1659 3445 1713 3499 in
1746 3441 1964 3499 homilia
1991 3448 2058 3502 87
2093 3448 2150 3502 in

572 3512 902 3568 Matthteum.
954 3512 1022 3567 ln'
1062 3524 1248 3568 vetere
1283 3512 1473 3568 charta
1503 3516 1811 3569 donationis
1860 3531 1980 3584 quae
2005 3517 2149 3572 facta

569 3595 653 3656 est
716 3584 974 3656 Ecclesiae
1009 3583 1368 3656 _Cornutianaa
1423 3599 1587 3653 quam
1626 3585 1823 3656 Aedidit
1880 3583 2148 3656 Iosephus

571 3653 863 3710 Suaresius
897 3651 1248 3709 Vasionensis
1273 3651 1558 3724 episcopus
1613 3654 1671 3708 iit
1703 3657 1908 3710 mentio
1953 3651 2144 3711 horum

568 3725 812 3780 velorum
850 3725 935 3778 his
961 3725 1142 3779 verbis
1203 3742 1220 3778 ι
1271 3725 1340 3777 Et
1371 3740 1466 3793 pro
1501 3742 1610 3780 arte
1649 3742 1763 3788 ora,
1801 3728 1909 3779 rela
1944 3736 2148 3780 trama-

567 3797 759 3858 serica,
791 3794 1230 3864 albarauroclava
1248 3798 1375 3858 duo,
1407 3804 1512 3849 etc.
1549 3795 1685 3849 Item
1711 3806 1829 3850 ante
1851 3800 2022 3864 regias
2055 3800 2146 3850 ba-

567 3867 750 3927 silicae,
782 3867 892 3918 vela
917 3863 1058 3916 linea
1086 3865 1322 3932 plumata
1349 3865 1556 3934 majora
1587 3867 1713 3934 [ista
1759 3863 1975 3920 numero
1997 3869 2101 3921 tria
2125 3886 2145 3922 :

569 3935 691 3988 item
738 3935 853 3988 vela
896 3933 1038 3987 linea
1076 3950 1210 4003 pura
1245 3937 1372 3990 tria.
1397 3933 1531 3990 Ante
1564 3933 1938 3989 consistorium
1976 3939 2146 3992 velum

567 4003 762 4057 lincunt
783 4021 974 4072 purum
1014 4020 1200 4075 unum.
1228 4003 1296 4058 In
1317 4021 1514 4073 pronao
1537 4009 1703 4060 velum
1733 4006 1928 4058 lineum
1955 4023 2145 4075 purum

567 4085 815 4140 unum,et
836 4075 978 4127 intra
1015 4073 1287 4127 basilicam
1320 4090 1413 4138 pro
1453 4077 1674 4143 portiria
1693 4076 1804 4129 vela
1833 4073 1970 4129 linea
1996 4093 2147 4130 rosu-

567 4144 817 4218 latarseaa
850 4159 868 4198 :
909 4155 958 4198 et
1003 4145 1502 4218 ante_secretarium
1556 4145 1634 4200 vel
1664 4146 1952 4218 curricula,
1985 4147 2146 4218 (forte

565 4214 914 4269 scribendum
939 4213 1209 4285 cubicula)
1233 4215 1345 4269 vela
1371 4213 1508 4269 linea
1540 4220 1777 4269 rosulata
1807 4213 2029 4284 pensilia
2052 4219 2146 4271 Ita-

564 4286 740 4338 beutia
766 4301 921 4337 arcus
951 4285 1078 4338 duo.

637 4355 748 4424 (27)
783 4351 950 4409 Nscb’r
970 4370 1055 4408 τε.
1094 4353 1298 4410 Deesse
1328 4355 1417 4409 hic
1456 4355 1706 4410 videntur
1732 4355 1986 4410 nonnulla
2011 4398 2026 4420 ,
2053 4368 2146 4412 aut

562 4439 711 4478 certe
739 4429 1065 4493 transposita
1109 4439 1232 4480 esse
1251 4427 1559 4495 _vocahula.
1619 4428 1803 4495 Itaque
1840 4427 2014 4479 locum
2064 4431 2143 4481 sic

565 4496 773 4567 restitui
808 4491 1019 4567 mallem
1046 4495 1189 4566 ἱερὸν
1224 4491 1372 4549 οἷκον
1403 4495 1695 4567 ἐκκλησίας
1716 4491 1859 4550 ’νεών
1898 4514 1958 4549 τε
1989 4497 2142 4566 ἆγιον

563 4545 1956 4637 ἀνεγὲίροὖέᾷἶίἶςέὲεἱὺιέὲῆ⁷νεὶίίίείἓιῖἶηῇἑῆέκίῖ
1979 4545 2141 4623 (ῖίιὲἷξ
2175 4545 2218 4600 ι)

563 4636 984 4702 διοριιοτεοηυε,
1032 4637 1186 4705 quasi
1217 4637 1360 4691 dicat
1395 4637 1657 4690 Eusebius
1705 4636 1958 4690 Helenam
2007 4641 2139 4694 duas

563 4707 826 4760 ecclesias
862 4708 1235 4762 construxisse
1267 4707 1320 4760 iu
1350 4718 1532 4760 monte
1556 4707 1833 4762 Olivarnm
1856 4747 1869 4770 ,
1905 4708 2135 4763 alterum

564 4775 616 4827 in
650 4776 850 4831 vertice
874 4778 1163 4847 ,__alteram
1201 4777 1254 4831 in
1289 4791 1481 4846 specu;
1535 4778 1688 4847 quod,
1721 4787 1898 4831 tamen
1946 4794 2134 4832 verum

563 4860 670 4898 non
715 4855 866 4913 puto.
897 4844 1071 4900 Unam
1100 4847 1245 4901 enim
1270 4844 1611 4902 basilicam‘a
1654 4846 2012 4902 Constantino
2061 4850 2134 4903 ibi

563 4915 884 4988 aedilicataln
913 4930 1036 4988 e_sse
1063 4916 1240 4988 tradit
1279 4927 1468 4971 auctor
1502 4917 1778 4970 ltinerurii
1828 4921 2135 4988 Hierosoly-

564 4984 775 5057 initani.
818 4983 885 5038 Et
921 4983 1182 5040 Eusebius
1209 4988 1260 5040 in
1289 4989 1636 5057 panegyrico,
1667 4989 1753 5040 ubi
1776 4988 1843 5042 de
1871 4983 2133 5057 martyrio

563 5054 791 5127 loquens
821 5054 1378 5127 quodtjonstantintts
1413 5054 1802 5127 Hierosolymis
1822 5054 2130 5123 :edilicavit,

562 5126 751 5203 eodem
781 5127 941 5203 modo
968 5125 1204 5203 loquitur
1232 5143 1245 5178 :
1274 5122 1434 5203 leov
1478 5122 1766 5203 εὐκτήριον
1797 5122 2128 5203 παμμεγέθη

563 5191 694 5269 νεῴν
726 5212 784 5248 τε
809 5195 963 5262 ἅγιον
989 5193 1072 5269 ,τῷ
1110 5197 1360 5269 σωτηρίῳ
1387 5198 1596 5269 σημείῳ
1619 5191 1892 5262 πλουσίως
1917 5191 2132 5269 amiciat-'-

561 5265 738 5338 ψιλέσι
803 5264 1132 5338 κατεκόσμει
1204 5264 1579 5338 φιλοτιμίαις,
1638 5271 1725 5322 ubi
1778 5270 1928 5322 vides
1983 5267 2129 5324 οἷκον

561 5334 844 5407 ἐὺκτήριον
875 5345 931 5408 et
953 5334 1080 5408 ναόν
1125 5334 1412 5408 conjungi,
1461 5351 1514 5392 et
1565 5341 1632 5392 de
1683 5355 1786 5391 una
1830 5340 2128 5408 eademque

559 5399 784 5462 ecclesia
819 5407 950 5462 dici.
989 5407 1054 5460 Et
1100 5399 1246 5461 οἷκον
1299 5399 1517 5478 quidem
1559 5410 1845 5479 εὐκτήριον
1892 5399 2128 5478 appellat

560 5479 875 5548 basilicam,
898 5493 964 5532 eo
987 5481 1131 5546 quod
1159 5480 1382 5548 populus
1411 5483 1597 5533 orandi
1643 5498 1807 5534 causa
1837 5495 1900 5534 eo
1927 5496 2126 5534 conve-

559 5558 730 5613 mret;
759 5547 885 5602 ναόν
912 5563 1040 5602 vero
1069 5547 1239 5600 totam
1261 5551 1432 5603 aedem
1468 5565 1676 5604 sacram
1707 5565 1828 5619 quae
1859 5565 1967 5603 uno
2005 5564 2124 5602 am-

559 5620 672 5671 bitu
709 5630 963 5672 contenta
997 5619 1242 5672 continet
1269 5619 1320 5672 in
1365 5635 1425 5673 se
1463 5621 1692 5683 atrium,
1725 5622 1998 5688 porticus,
2034 5639 2122 5675 se-

559 5690 872 5750 cretarium,
913 5689 1314 5758 baptisterium,
1340 5700 1394 5743 et
1422 5690 1592 5758 ipsam
1628 5692 1931 5746 basdicam.
1966 5693 2120 5756 Quod

559 5759 773 5831 quidem
794 5759 1138 5831 apertissime
1167 5759 1320 5813 docet
1342 5761 1623 5831 Eusebius,
1656 5762 1795 5814 infra
1827 5763 1876 5814 in
1901 5777 2023 5831 cap.
2051 5761 2120 5817 50

559 5827 716 5896 hujus
751 5830 894 5896 libri,
926 5830 1015 5884 ubi
1047 5831 1114 5885 de
1159 5830 1437 5885 Doiniuico
1483 5847 1648 5887 aureo
1693 5831 1948 5901 loquitur,
1969 5827 2118 5901 quod

2255 3233 2547 3295 aedilicium
2593 3240 2744 3308 cujus
2787 3239 2992 3293 ambitu
3057 3239 3294 3300 atrium,
3345 3237 3607 3308 porticus,
3653 3233 3826 3300 cellae,

2253 3311 2490 3372 lavacra,
2519 3306 2693 3378 ipsum
2720 3310 2959 3374 denique
2984 3308 3286 3378 oratorium
3324 3306 3696 3378 continentur.

2325 3379 2439 3450 (28)
2465 3373 2783 3434 Κάνταῦθα
2809 3373 2989 3450 λόγος
3025 3376 3286 3450 ἀληθής.
3323 3378 3526 3450 Auctor
3550 3373 3828 3426 ltinerarii

2255 3446 2724 3520 Hierosolymitani
2748 3469 2761 3504 :
2799 3469 2815 3499 ι
2845 3446 2991 3511 Inde,
3020 3449 3214 3520 inquit,
3241 3447 3484 3520 ascendis
3516 3446 3565 3496 iu
3587 3453 3825 3520 montem

2253 3520 2470 3582 Oliveti,
2507 3515 2596 3572 ubi
2633 3520 2894 3572 Dominus
2922 3515 3220 3586 discipulos
3246 3518 3430 3570 docuit
3455 3525 3585 3568 ante
3616 3515 3826 3586 passio-

2252 3606 2397 3645 nem.
2427 3609 2445 3641 ι
2471 3589 2615 3643 Beda
2637 3598 2688 3643 in
2712 3591 2848 3643 libro
2870 3582 3083 3640 Delocis
3100 3589 3317 3650 sanctis,
3341 3603 3459 3648 cap.
3493 3586 3522 3639 7
3550 3602 3561 3636 :
3598 3603 3614 3634 ι
3645 3582 3827 3636 Tertia

2251 3675 2465 3729 quoque
2496 3659 2733 3727 ejusdem
2770 3661 2970 3712 montis
3008 3659 3070 3710 ad
3086 3661 3376 3710 australem
3398 3656 3824 3729 Bethanizepar-

2255 3722 2358 3784 tem
2381 3722 2615 3784 ecclesia
2635 3738 2741 3793 est,
2776 3729 2864 3781 ubi
2899 3729 3159 3782 Dominus
3185 3738 3309 3781 ante
3331 3728 3636 3794 passiOuem
3663 3722 3828 3794 disci-

2249 3801 2388 3868 pulis
2411 3802 2476 3855 de
2498 3800 2584 3854 die
2604 3791 2791 3866 judiCii
2817 3798 3028 3852 locutus
3055 3807 3190 3852 εει.»
3220 3791 3474 3866 lntelligit
3497 3791 3830 3868 logim'lilat-

2251 3864 2396 3934 ihaei,
2416 3885 2537 3938 cap.
2556 3864 2705 3922 χέειν.
2737 3868 2888 3922 Hanc
2912 3869 3076 3936 igitur
3099 3864 3536 3938 praadicationem
3558 3864 3826 3920 Eusebius

2250 3940 2352 3994 hoc
2375 3936 2498 3995 loco
2515 3940 2748 4008 appellat
2779 3940 3126 4010 ἀπορρήτους
3155 3937 3377 4002 τελετάς
3397 3977 3410 4001 ,
3462 3936 3512 4010 id
3546 3947 3647 4000 est,
3679 3952 3698 3984 ι
3731 3948 3824 4010 ar-

2249 4025 2382 4064 cana
2410 4003 2690 4079 mysteria,
2725 4027 2743 4060 ι
2774 4023 2840 4064 eo
2868 4003 3009 4077 quod
3040 4011 3107 4063 de
3133 4011 3296 4063 rebus
3327 4009 3560 4079 arcanis,
3595 4013 3723 4079 puta
3756 4003 3824 4057 de

2249 4076 2720 4134 cori5tiiniiiati0ne
2751 4080 2971 4144 mundi,
2999 4090 3052 4132 et
3082 4082 3149 4132 de
3198 4079 3431 4132 adventu
3475 4076 3678 4130 Christi
3725 4089 3825 4128 ex-

2250 4150 2794 4218 tremoquejudicio,
2821 4158 2945 4204 tunc
2992 4150 3272 4218 Dominus
3298 4148 3513 4201 locutus
3554 4153 3644 4200 sit.
3686 4145 3819 4198 Nam

2247 4231 2301 4273 et
2328 4217 2556 4288 apoétoli
2589 4230 2713 4272 tunc
2757 4229 3104 4273 accesserunt
3143 4219 3208 4271 ad
3249 4217 3537 4271 Dominum
3587 4223 3818 4274 secreto,

2249 4301 2309 4343 ut
2336 4295 2413 4342 ait
2439 4289 2740 4352 Malthmus,
2776 4290 2975 4359 quippe
3002 4291 3092 4357 qui
3133 4289 3389 4359 mysteria
3426 4297 3483 4359 et
3513 4288 3820 4359 futurorum

2248 4361 2630 4413 revelatiOnem
2661 4353 2822 4414 nosse
2851 4353 3172 4428 cupiebant,
3191 4353 3837 4428 'quemadmodutu__scri-,

2249 4432 2324 4484 bit
2363 4430 2719 4500 Hieronymus
2748 4432 2804 4483 in
2825 4424 3158 4484 Matt/tantm.
3193 4424 3346 4500 Quod
3371 4441 3502 4500 vero
3537 4425 3614 4477 ait
3651 4424 3822 4500 Euse-

2249 4500 2390 4562 bius,
2426 4493 2709 4554 Dowi'num
2747 4501 2862 4554 haec
2921 4502 3178 4569 mysteria
3216 4493 3512 4569 tradidisse
3560 4493 3818 4561 apostolis

2249 4570 2302 4622 in
2332 4571 2625 4640 Spelunca,
2671 4569 2726 4624 id
2771 4566 2989 4638 quidem
3041 4571 3093 4622 in
3120 4568 3438 4640 Evangelia
3465 4566 3664 4618 diserte
3704 4577 3815 4640 non

2247 4633 2524 4694 scribitur.
2572 4638 2684 4692 lino
2711 4633 3046 4692 contrarium
3083 4633 3442 4708 potius'elici
3478 4649 3640 4708 posse
3669 4633 3818 4708 vide-

2249 4721 2334 4762 tur
2360 4727 2423 4764 ex
2463 4711 2772 4778 Evangelio.
2809 4709 2865 4762 lu
2895 4724 2961 4763 eo
2993 4704 3136 4764 enim
3178 4708 3410 4778 refertur
3430 4745 3445 4770 ,
3477 4706 3663 4778 urbem
3692 4704 3819 4756 Hie-

2245 4775 2641 4850 rosolymorum
2680 4780 2735 4832 in
2782 4779 3276 4850 conspectujuisse
3308 4775 3666 4850 _discipulis,_
3689 4787 3815 4828 cum

2246 4844 2643 4904 Donni'uushzec
2690 4844 3028 4918 praedicaret.
3081 4847 3197 4903 Non
3252 4848 3414 4917 igitur
3464 4849 3516 4918 it_t
3556 4844 3815 4918 spelunca

2243 4931 2418 4986 erant,
2465 4923 2556 4973 sed
2587 4920 2640 4972 in
2685 4914 2904 4988 patente
2948 4929 3001 4972 et
3052 4927 3241 4988 aperto
3277 4914 3434 4970 loco.
3479 4914 3813 4988 Responderi

2244 4985 2422 5043 tamen
2449 5001 2624 5058 potest
2648 5030 2662 5050 .
2685 4985 3010 5058 speluncam
3039 4985 3184 5041 illam
3213 4989 3368 5058 varia
3387 4987 3641 5058 habuisse
3666 4985 3817 5058 fora-

2243 5061 2412 5125 mina,
2449 5054 2764 5125 cuiusmodi
2798 5061 2978 5128 plures
3022 5059 3294 5126 speluncae
3351 5057 3570 5128 luerunt
3615 5057 3675 5128 in,
3716 5054 3819 5107 Pa-

2242 5129 2470 5194 lmstiua,
2505 5143 2560 5181 ut
2584 5132 2778 5183 docent
2802 5126 3110 5183 itineraria.
3166 5129 3324 5180 Certe
3358 5143 3483 5180 cum
3526 5126 3817 5179 Matthteus

2239 5200 2469 5254 allirmet
2498 5202 2794 5268 discipulos
2826 5212 3036 5254 secreto
3058 5200 3124 5252 ad
3161 5199 3444 5252 Dominum
3491 5199 3815 5268 accessisse,

2238 5271 2516 5337 probabile
2544 5266 2779 5323 cst—eum
2809 5285 3114 5323 sermonem
3138 5270 3193 5321 iit
3222 5268 3481 5337 spelunca
3514 5281 3545 5321 a
3578 5266 3816 5320 Domino

2237 5341 2348 5393 illic
2383 5343 2650 5394 resudente
2678 5341 2918 5393 habitum
2951 5339 3139 5393 fuisse.

2307 5409 2577 5480 (29)Vulg.
2604 5409 2747 5476 τοὺς
2765 5412 2835 5463 ἐν
2852 5408 3012 5474 αὐτῷ
3032 5410 3242 5477 ἄντρῳ.
3269 5407 3446 5462 Prima
3466 5421 3572 5462 vox
3586 5406 3814 5480 delenda

2233 5478 2323 5534 est
2349 5478 2846 5550 utpote’superllua.
2887 5483 3147 5534 Alludere
3173 5489 3352 5550 autem
3386 5480 3601 5532 videtur
3639 5478 3813 5550 Euse-

2237 5551 2354 5604 bius
2407 5555 2473 5604 ad
2507 5548 2710 5605 morem
2763 5551 3044 5620 gentilium
3076 5590 3090 5614 ,
3123 5551 3215 5618 qui
3247 5549 3532 5602 Mithriaca
3563 5564 3722 5620 sacra
3752 5548 3808 5601 in

2231 5623 2428 5691 spelaao
2465 5619 2832 5691 peragebant,
2874 5632 2933 5674 ut
2975 5623 3135 5674 docet
3184 5619 3518 5691 Porphyrius
3545 5620 3625 5691 in
3670 5619 3813 5671 libro

2229 5690 2308 5743 De
2333 5687 2682 5756 abstinentia,
2735 5687 3381 5761 Hieronymusaliique.
3422 5687 3808 5761 Conjecturam

2229 5773 2471 5815 nostram
2500 5767 2788 5817 conlirmat
2833 5758 3002 5818 codex
3035 5759 3284 5826 Fuketii,
3321 5761 3373 5812 in
3409 5774 3515 5827 quo
3559 5773 3667 5813 vox
3715 5758 3811 5812 illa

2225 5831 2350 5896 τούς
2387 5835 2560 5889 abest.
