  <div class='ocr_page' id='page_1' title='image "/cluster/home/n/w/nwhite01/storage/ocr_20150623/20:no.2/coo.31924054873009/564.png"; bbox 0 0 4186 6392; ppageno 0'>
   <div class='ocr_carea' id='block_1_1' title="bbox 334 409 470 464">
    <p class='ocr_par' dir='ltr' id='par_1_1' title="bbox 334 409 470 464">
     <span class='ocr_line' id='line_1_1' title="bbox 334 409 470 464; baseline 0.015 -2"><span class='ocrx_word' id='word_1_1' title='bbox 334 409 470 464; x_wconf 79' lang='grc' dir='ltr'><strong>Ηθ5</strong></span> 
     </span>
    </p>
   </div>
   <div class='ocr_carea' id='block_1_2' title="bbox 1315 377 2469 448">
    <p class='ocr_par' dir='ltr' id='par_1_2' title="bbox 1315 377 2469 448">
     <span class='ocr_line' id='line_1_2' title="bbox 1315 377 2469 448; baseline -0.015 1"><span class='ocrx_word' id='word_1_2' title='bbox 1315 377 1320 386; x_wconf 85' lang='grc'>’</span> <span class='ocrx_word' id='word_1_3' title='bbox 1384 392 1475 448; x_wconf 87' lang='lat' dir='ltr'><strong>DE</strong></span> <span class='ocrx_word' id='word_1_4' title='bbox 1508 390 1670 447; x_wconf 74' lang='lat' dir='ltr'><strong>VITA</strong></span> <span class='ocrx_word' id='word_1_5' title='bbox 1703 383 2167 446; x_wconf 82' lang='lat' dir='ltr'><strong>CONSTANTINI</strong></span> <span class='ocrx_word' id='word_1_6' title='bbox 2208 381 2336 437; x_wconf 88' lang='lat' dir='ltr'><strong>LIB.</strong></span> <span class='ocrx_word' id='word_1_7' title='bbox 2376 377 2469 434; x_wconf 86' lang='lat' dir='ltr'><strong>Ill.</strong></span> 
     </span>
    </p>
   </div>
   <div class='ocr_carea' id='block_1_3' title="bbox 3458 352 3676 446">
    <p class='ocr_par' dir='ltr' id='par_1_3' title="bbox 3458 352 3676 446">
     <span class='ocr_line' id='line_1_3' title="bbox 3458 352 3676 446; baseline -0.005 -36"><span class='ocrx_word' id='word_1_8' title='bbox 3458 352 3596 410; x_wconf 78' lang='lat' dir='ltr'><strong>H06</strong></span> <span class='ocrx_word' id='word_1_9' title='bbox 3663 431 3676 446; x_wconf 32' lang='grc' dir='ltr'>ἡ</span> 
     </span>
    </p>
   </div>
   <div class='ocr_carea' id='block_1_4' title="bbox 333 479 1924 594">
    <p class='ocr_par' dir='ltr' id='par_1_4' title="bbox 333 513 1916 594">
     <span class='ocr_line' id='line_1_4' title="bbox 333 513 1916 594; baseline -0.008 -16"><span class='ocrx_word' id='word_1_10' title='bbox 333 525 509 578; x_wconf 84' lang='grc' dir='ltr'>πάντα</span> <span class='ocrx_word' id='word_1_11' title='bbox 550 524 649 593; x_wconf 83' lang='grc' dir='ltr'>τῆς</span> <span class='ocrx_word' id='word_1_12' title='bbox 679 522 825 592; x_wconf 79' lang='grc' dir='ltr'>ζωῆς</span> <span class='ocrx_word' id='word_1_13' title='bbox 863 519 1053 594; x_wconf 89' lang='grc' dir='ltr'>χρόνον</span> <span class='ocrx_word' id='word_1_14' title='bbox 1084 518 1168 572; x_wconf 71' lang='grc' dir='ltr'><strong>ἐπ’</strong></span> <span class='ocrx_word' id='word_1_15' title='bbox 1212 515 1360 587; x_wconf 82' lang='grc' dir='ltr'>αὐτῷ</span> <span class='ocrx_word' id='word_1_16' title='bbox 1387 517 1595 586; x_wconf 77' lang='grc' dir='ltr'><strong>γήραος</strong></span> <span class='ocrx_word' id='word_1_17' title='bbox 1636 513 1774 585; x_wconf 79' lang='grc' dir='ltr'>οὐδῷ</span> <span class='ocrx_word' id='word_1_18' title='bbox 1807 513 1916 566; x_wconf 89' lang='grc' dir='ltr'>δια-</span> 
     </span>
    </p>
   </div>
   <div class='ocr_carea' id='block_1_5' title="bbox 2026 479 3598 594">
    <p class='ocr_par' dir='ltr' id='par_1_5' title="bbox 2026 479 3598 577">
     <span class='ocr_line' id='line_1_5' title="bbox 2026 479 3598 577; baseline -0.019 -14"><span class='ocrx_word' id='word_1_19' title='bbox 2026 525 2192 577; x_wconf 81' lang='lat' dir='ltr'><strong>usque</strong></span> <span class='ocrx_word' id='word_1_20' title='bbox 2217 505 2280 560; x_wconf 82' lang='lat' dir='ltr'><strong>ad</strong></span> <span class='ocrx_word' id='word_1_21' title='bbox 2312 503 2487 575; x_wconf 88' lang='lat' dir='ltr'><strong>prima</strong></span> <span class='ocrx_word' id='word_1_22' title='bbox 2539 492 2834 553; x_wconf 70' lang='lat' dir='ltr'><strong>senectutis</strong></span> <span class='ocrx_word' id='word_1_23' title='bbox 2873 489 3059 546; x_wconf 80' lang='lat' dir='ltr'><strong>limina</strong></span> <span class='ocrx_word' id='word_1_24' title='bbox 3089 487 3143 542; x_wconf 92' lang='lat' dir='ltr'><strong>in</strong></span> <span class='ocrx_word' id='word_1_25' title='bbox 3179 496 3388 541; x_wconf 88' lang='lat' dir='ltr'><strong>summa</strong></span> <span class='ocrx_word' id='word_1_26' title='bbox 3429 479 3598 534; x_wconf 76' lang='lat' dir='ltr'><strong>felict-</strong></span> 
     </span>
    </p>
   </div>
   <div class='ocr_carea' id='block_1_6' title="bbox 332 605 1914 688">
    <p class='ocr_par' dir='ltr' id='par_1_6' title="bbox 332 605 1914 688">
     <span class='ocr_line' id='line_1_6' title="bbox 332 605 1914 688; baseline -0.009 -18"><span class='ocrx_word' id='word_1_27' title='bbox 332 616 720 688; x_wconf 87' lang='grc' dir='ltr'>περαναμένη,</span> <span class='ocrx_word' id='word_1_28' title='bbox 770 613 949 682; x_wconf 86' lang='grc' dir='ltr'>λόγοις</span> <span class='ocrx_word' id='word_1_29' title='bbox 993 611 1052 664; x_wconf 76' lang='grc' dir='ltr'>δὲ</span> <span class='ocrx_word' id='word_1_30' title='bbox 1110 610 1203 663; x_wconf 54' lang='grc' dir='ltr'><strong>καὶ⁵</strong></span> <span class='ocrx_word' id='word_1_31' title='bbox 1241 607 1423 680; x_wconf 76' lang='grc' dir='ltr'>ἔργοις</span> <span class='ocrx_word' id='word_1_32' title='bbox 1470 605 1582 658; x_wconf 87' lang='grc' dir='ltr'><strong>τῶν</strong></span> <span class='ocrx_word' id='word_1_33' title='bbox 1633 605 1914 676; x_wconf 76' lang='grc' dir='ltr'>σωτηρίων</span> 
     </span>
    </p>
   </div>
   <div class='ocr_carea' id='block_1_7' title="bbox 331 697 1912 779">
    <p class='ocr_par' dir='ltr' id='par_1_7' title="bbox 331 697 1912 779">
     <span class='ocr_line' id='line_1_7' title="bbox 331 697 1912 779; baseline -0.008 -16"><span class='ocrx_word' id='word_1_34' title='bbox 331 708 806 779; x_wconf 62' lang='grc' dir='ltr'>παρα-ςγελμάτων</span> <span class='ocrx_word' id='word_1_35' title='bbox 874 703 1119 766; x_wconf 79' lang='grc' dir='ltr'><strong>εὐθαλεῖς</strong></span> <span class='ocrx_word' id='word_1_36' title='bbox 1187 698 1581 772; x_wconf 80' lang='grc' dir='ltr'><strong>παρασχομένη</strong></span> <span class='ocrx_word' id='word_1_37' title='bbox 1645 697 1912 769; x_wconf 78' lang='grc' dir='ltr'>καρποὺς,</span> 
     </span>
    </p>
   </div>
   <div class='ocr_carea' id='block_1_8' title="bbox 332 786 1917 866">
    <p class='ocr_par' dir='ltr' id='par_1_8' title="bbox 332 786 1917 866">
     <span class='ocr_line' id='line_1_8' title="bbox 332 786 1917 866; baseline -0.01 -13"><span class='ocrx_word' id='word_1_38' title='bbox 332 797 548 854; x_wconf 84' lang='grc' dir='ltr'>κᾶπειθ’</span> <span class='ocrx_word' id='word_1_39' title='bbox 595 796 736 851; x_wconf 81' lang='grc' dir='ltr'>οὓτω</span> <span class='ocrx_word' id='word_1_40' title='bbox 788 795 903 866; x_wconf 85' lang='grc' dir='ltr'>βίον</span> <span class='ocrx_word' id='word_1_41' title='bbox 953 792 1185 863; x_wconf 88' lang='grc' dir='ltr'>εὐσταλῆ</span> <span class='ocrx_word' id='word_1_42' title='bbox 1239 792 1335 844; x_wconf 75' lang='grc' dir='ltr'><strong>καὶ</strong></span> <span class='ocrx_word' id='word_1_43' title='bbox 1384 789 1610 852; x_wconf 79' lang='grc' dir='ltr'>ἄλυπον,</span> <span class='ocrx_word' id='word_1_44' title='bbox 1667 786 1917 857; x_wconf 84' lang='grc' dir='ltr'>σώματος</span> 
     </span>
    </p>
   </div>
   <div class='ocr_carea' id='block_1_9' title="bbox 333 879 1911 962">
    <p class='ocr_par' dir='ltr' id='par_1_9' title="bbox 333 879 1911 962">
     <span class='ocr_line' id='line_1_9' title="bbox 333 879 1911 962; baseline -0.008 -17"><span class='ocrx_word' id='word_1_45' title='bbox 333 889 467 962; x_wconf 77' lang='grc' dir='ltr'>ὁμοῦ</span> <span class='ocrx_word' id='word_1_46' title='bbox 504 890 599 944; x_wconf 74' lang='grc' dir='ltr'><strong>καὶ</strong></span> <span class='ocrx_word' id='word_1_47' title='bbox 630 887 812 959; x_wconf 79' lang='grc' dir='ltr'>ψυχῆς</span> <span class='ocrx_word' id='word_1_48' title='bbox 842 888 900 940; x_wconf 79' lang='grc' dir='ltr'>ὲν</span> <span class='ocrx_word' id='word_1_49' title='bbox 928 886 1225 959; x_wconf 77' lang='grc' dir='ltr'>ὲρρωμένῳ</span> <span class='ocrx_word' id='word_1_50' title='bbox 1256 883 1564 956; x_wconf 84' lang='grc' dir='ltr'>φρονήματι</span> <span class='ocrx_word' id='word_1_51' title='bbox 1596 879 1911 934; x_wconf 75' lang='grc' dir='ltr'>διανύσασαο</span> 
     </span>
    </p>
   </div>
   <div class='ocr_carea' id='block_1_10' title="bbox 334 971 1919 1058">
    <p class='ocr_par' dir='ltr' id='par_1_10' title="bbox 334 971 1919 1058">
     <span class='ocr_line' id='line_1_10' title="bbox 334 971 1919 1058; baseline -0.011 -16"><span class='ocrx_word' id='word_1_52' title='bbox 334 988 419 1058; x_wconf 68' lang='grc' dir='ltr'><strong>ἐφ’</strong></span> <span class='ocrx_word' id='word_1_53' title='bbox 447 982 528 1051; x_wconf 77' lang='grc' dir='ltr'>οἷς</span> <span class='ocrx_word' id='word_1_54' title='bbox 557 987 649 1040; x_wconf 77' lang='grc' dir='ltr'><strong>καὶ</strong></span> <span class='ocrx_word' id='word_1_55' title='bbox 674 985 828 1048; x_wconf 87' lang='grc' dir='ltr'>τέλος</span> <span class='ocrx_word' id='word_1_56' title='bbox 851 981 1132 1043; x_wconf 75' lang='grc' dir='ltr'>εὐσεϐείας</span> <span class='ocrx_word' id='word_1_57' title='bbox 1155 978 1396 1044; x_wconf 74' lang='grc' dir='ltr'>ἐπάξιον,</span> <span class='ocrx_word' id='word_1_58' title='bbox 1429 973 1651 1043; x_wconf 83' lang='grc' dir='ltr'>ἀγαθῶν</span> <span class='ocrx_word' id='word_1_59' title='bbox 1680 990 1740 1026; x_wconf 90' lang='grc' dir='ltr'><strong>τε</strong></span> <span class='ocrx_word' id='word_1_60' title='bbox 1768 971 1919 1044; x_wconf 90' lang='grc' dir='ltr'><strong>παρά</strong></span> 
     </span>
    </p>
   </div>
   <div class='ocr_carea' id='block_1_11' title="bbox 334 1065 1724 1152">
    <p class='ocr_par' dir='ltr' id='par_1_11' title="bbox 334 1065 1724 1152">
     <span class='ocr_line' id='line_1_11' title="bbox 334 1065 1724 1152; baseline -0.014 -15"><span class='ocrx_word' id='word_1_61' title='bbox 334 1079 469 1136; x_wconf 72' lang='grc' dir='ltr'>Θεοῦ</span> <span class='ocrx_word' id='word_1_62' title='bbox 499 1078 732 1152; x_wconf 77' lang='grc' dir='ltr'>ἀμοιϐὴν</span> <span class='ocrx_word' id='word_1_63' title='bbox 771 1075 908 1130; x_wconf 74' lang='grc' dir='ltr'><strong>κάπὶ</strong></span> <span class='ocrx_word' id='word_1_64' title='bbox 936 1072 1029 1126; x_wconf 75' lang='grc' dir='ltr'>τοῦ</span> <span class='ocrx_word' id='word_1_65' title='bbox 1067 1071 1330 1142; x_wconf 83' lang='grc' dir='ltr'>παρόντος</span> <span class='ocrx_word' id='word_1_66' title='bbox 1361 1066 1558 1139; x_wconf 74' lang='grc' dir='ltr'>εὕρατο</span> <span class='ocrx_word' id='word_1_67' title='bbox 1587 1065 1724 1136; x_wconf 85' lang='grc' dir='ltr'>βίου.</span> 
     </span>
    </p>
   </div>
   <div class='ocr_carea' id='block_1_12' title="bbox 841 1163 1406 1222">
    <p class='ocr_par' dir='ltr' id='par_1_12' title="bbox 841 1163 1406 1222">
     <span class='ocr_line' id='line_1_12' title="bbox 841 1163 1406 1222; baseline -0.012 -1"><span class='ocrx_word' id='word_1_68' title='bbox 841 1163 1240 1222; x_wconf 82' lang='grc' dir='ltr'><strong>ΚΕΦΑΛΑῘΟΝ</strong></span> <span class='ocrx_word' id='word_1_69' title='bbox 1272 1163 1406 1218; x_wconf 71' lang='lat' dir='ltr'><strong>MAI.</strong></span> 
     </span>
    </p>
   </div>
   <div class='ocr_carea' id='block_1_13' title="bbox 339 1251 1915 1336">
    <p class='ocr_par' dir='ltr' id='par_1_13' title="bbox 339 1251 1915 1336">
     <span class='ocr_line' id='line_1_13' title="bbox 339 1251 1915 1336; baseline -0.013 -13"><span class='ocrx_word' id='word_1_70' title='bbox 339 1267 475 1335; x_wconf 78' lang='grc' dir='ltr'>Περὶ</span> <span class='ocrx_word' id='word_1_71' title='bbox 511 1262 970 1336; x_wconf 69' lang='grc' dir='ltr'>μεγαλοψυχίας</span> <span class='ocrx_word' id='word_1_72' title='bbox 1018 1257 1118 1312; x_wconf 78' lang='grc' dir='ltr'>καὶ</span> <span class='ocrx_word' id='word_1_73' title='bbox 1170 1256 1444 1321; x_wconf 76' lang='grc' dir='ltr'>εὐποιίας</span> <span class='ocrx_word' id='word_1_74' title='bbox 1486 1253 1596 1322; x_wconf 81' lang='grc' dir='ltr'>τῆς</span> <span class='ocrx_word' id='word_1_75' title='bbox 1651 1251 1915 1317; x_wconf 74' lang='grc' dir='ltr'>Ἑλένης.</span> 
     </span>
    </p>
   </div>
   <div class='ocr_carea' id='block_1_14' title="bbox 406 1343 1922 1430">
    <p class='ocr_par' dir='ltr' id='par_1_14' title="bbox 406 1343 1922 1430">
     <span class='ocr_line' id='line_1_14' title="bbox 406 1343 1922 1430; baseline -0.013 -18"><span class='ocrx_word' id='word_1_76' title='bbox 406 1359 517 1430; x_wconf 86' lang='grc' dir='ltr'><strong>Τὴν</strong></span> <span class='ocrx_word' id='word_1_77' title='bbox 548 1357 739 1428; x_wconf 81' lang='grc' dir='ltr'>γάρτοι</span> <span class='ocrx_word' id='word_1_78' title='bbox 772 1353 1067 1425; x_wconf 86' lang='grc' dir='ltr'>σύμπασαν</span> <span class='ocrx_word' id='word_1_79' title='bbox 1125 1348 1267 1418; x_wconf 76' lang='grc' dir='ltr'>ἑῴαν</span> <span class='ocrx_word' id='word_1_80' title='bbox 1299 1344 1746 1419; x_wconf 75' lang='grc' dir='ltr'>μεγαλοπρεπείᾳ</span> <span class='ocrx_word' id='word_1_81' title='bbox 1777 1343 1922 1413; x_wconf 88' lang='grc' dir='ltr'>βασι-</span> 
     </span>
    </p>
   </div>
   <div class='ocr_carea' id='block_1_15' title="bbox 337 1435 1920 1521">
    <p class='ocr_par' dir='ltr' id='par_1_15' title="bbox 337 1435 1920 1521">
     <span class='ocr_line' id='line_1_15' title="bbox 337 1435 1920 1521; baseline -0.01 -19"><span class='ocrx_word' id='word_1_82' title='bbox 337 1450 492 1521; x_wconf 85' lang='grc' dir='ltr'>λικῆς</span> <span class='ocrx_word' id='word_1_83' title='bbox 540 1447 786 1514; x_wconf 73' lang='grc' dir='ltr'>ἐξουσίας</span> <span class='ocrx_word' id='word_1_84' title='bbox 829 1441 1293 1516; x_wconf 80' lang='grc' dir='ltr'>ὲμπεριελθοῦσα,</span> <span class='ocrx_word' id='word_1_85' title='bbox 1347 1438 1516 1510; x_wconf 88' lang='grc' dir='ltr'>μυρία</span> <span class='ocrx_word' id='word_1_86' title='bbox 1567 1436 1663 1508; x_wconf 80' lang='grc' dir='ltr'><strong>μὲν</strong></span> <span class='ocrx_word' id='word_1_87' title='bbox 1710 1435 1920 1506; x_wconf 90' lang='grc' dir='ltr'>ἀθρόως</span> 
     </span>
    </p>
   </div>
   <div class='ocr_carea' id='block_1_16' title="bbox 339 1527 1922 1608">
    <p class='ocr_par' dir='ltr' id='par_1_16' title="bbox 339 1527 1922 1608">
     <span class='ocr_line' id='line_1_16' title="bbox 339 1527 1922 1608; baseline -0.013 -10"><span class='ocrx_word' id='word_1_88' title='bbox 339 1545 448 1606; x_wconf 80' lang='grc' dir='ltr'>τοῖς</span> <span class='ocrx_word' id='word_1_89' title='bbox 481 1541 620 1596; x_wconf 82' lang='grc' dir='ltr'>κατὰ</span> <span class='ocrx_word' id='word_1_90' title='bbox 665 1539 819 1593; x_wconf 82' lang='grc' dir='ltr'>πόλιν</span> <span class='ocrx_word' id='word_1_91' title='bbox 857 1537 1108 1608; x_wconf 74' lang='grc' dir='ltr'>ἐδωρεῖτο</span> <span class='ocrx_word' id='word_1_92' title='bbox 1131 1534 1344 1605; x_wconf 83' lang='grc' dir='ltr'>δήμοις,</span> <span class='ocrx_word' id='word_1_93' title='bbox 1384 1531 1489 1602; x_wconf 79' lang='grc' dir='ltr'>ἰδίᾳ</span> <span class='ocrx_word' id='word_1_94' title='bbox 1529 1546 1588 1582; x_wconf 91' lang='grc' dir='ltr'><strong>τε</strong></span> <span class='ocrx_word' id='word_1_95' title='bbox 1622 1527 1731 1581; x_wconf 90' lang='grc' dir='ltr'><strong>τῶν</strong></span> <span class='ocrx_word' id='word_1_96' title='bbox 1758 1543 1922 1598; x_wconf 84' lang='grc' dir='ltr'>προσ-</span> 
     </span>
    </p>
   </div>
   <div class='ocr_carea' id='block_1_17' title="bbox 338 1618 1924 1703">
    <p class='ocr_par' dir='ltr' id='par_1_17' title="bbox 338 1618 1924 1703">
     <span class='ocr_line' id='line_1_17' title="bbox 338 1618 1924 1703; baseline -0.01 -17"><span class='ocrx_word' id='word_1_97' title='bbox 338 1633 525 1690; x_wconf 86' lang='grc' dir='ltr'>ιόντων</span> <span class='ocrx_word' id='word_1_98' title='bbox 597 1634 843 1703; x_wconf 84' lang='grc' dir='ltr'>ὲκάστῳ·</span> <span class='ocrx_word' id='word_1_99' title='bbox 895 1627 1061 1700; x_wconf 85' lang='grc' dir='ltr'>μυρία</span> <span class='ocrx_word' id='word_1_100' title='bbox 1111 1626 1164 1678; x_wconf 75' lang='grc' dir='ltr'><strong>δὲ</strong></span> <span class='ocrx_word' id='word_1_101' title='bbox 1221 1628 1336 1687; x_wconf 86' lang='grc' dir='ltr'>τοῖς</span> <span class='ocrx_word' id='word_1_102' title='bbox 1377 1623 1789 1694; x_wconf 85' lang='grc' dir='ltr'>στρατιωτικοῖς</span> <span class='ocrx_word' id='word_1_103' title='bbox 1835 1618 1924 1671; x_wconf 87' lang='grc' dir='ltr'>τά·</span> 
     </span>
    </p>
   </div>
   <div class='ocr_carea' id='block_1_18' title="bbox 340 1712 1923 1798">
    <p class='ocr_par' dir='ltr' id='par_1_18' title="bbox 340 1712 1923 1798">
     <span class='ocr_line' id='line_1_18' title="bbox 340 1712 1923 1798; baseline -0.011 -16"><span class='ocrx_word' id='word_1_104' title='bbox 340 1743 510 1798; x_wconf 83' lang='grc' dir='ltr'>γμασι</span> <span class='ocrx_word' id='word_1_105' title='bbox 545 1725 695 1796; x_wconf 82' lang='grc' dir='ltr'>δεξιᾷ</span> <span class='ocrx_word' id='word_1_106' title='bbox 739 1721 1147 1794; x_wconf 79' lang='grc' dir='ltr'>μεγαλοπρεπεῖ</span> <span class='ocrx_word' id='word_1_107' title='bbox 1192 1717 1430 1787; x_wconf 80' lang='grc' dir='ltr'>διένεμε,</span> <span class='ocrx_word' id='word_1_108' title='bbox 1472 1713 1701 1768; x_wconf 84' lang='grc' dir='ltr'>πλεῖστά</span> <span class='ocrx_word' id='word_1_109' title='bbox 1743 1712 1791 1765; x_wconf 84' lang='grc' dir='ltr'>θ’</span> <span class='ocrx_word' id='word_1_110' title='bbox 1822 1713 1923 1765; x_wconf 85' lang='grc' dir='ltr'>ὅσα</span> 
     </span>
    </p>
   </div>
   <div class='ocr_carea' id='block_1_19' title="bbox 341 1804 1923 1891">
    <p class='ocr_par' dir='ltr' id='par_1_19' title="bbox 341 1804 1923 1891">
     <span class='ocr_line' id='line_1_19' title="bbox 341 1804 1923 1891; baseline -0.01 -19"><span class='ocrx_word' id='word_1_111' title='bbox 341 1819 532 1891; x_wconf 82' lang='grc' dir='ltr'>πένησι</span> <span class='ocrx_word' id='word_1_112' title='bbox 574 1819 800 1887; x_wconf 79' lang='grc' dir='ltr'>γυμνοῖς</span> <span class='ocrx_word' id='word_1_113' title='bbox 851 1814 946 1868; x_wconf 77' lang='grc' dir='ltr'><strong>καὶ</strong></span> <span class='ocrx_word' id='word_1_114' title='bbox 1001 1809 1388 1883; x_wconf 86' lang='grc' dir='ltr'>ἀπεριστάτοις</span> <span class='ocrx_word' id='word_1_115' title='bbox 1434 1807 1636 1870; x_wconf 81' lang='grc' dir='ltr'>ἐδίδου,</span> <span class='ocrx_word' id='word_1_116' title='bbox 1671 1808 1783 1869; x_wconf 90' lang='grc' dir='ltr'>τοῖς</span> <span class='ocrx_word' id='word_1_117' title='bbox 1825 1804 1923 1876; x_wconf 79' lang='grc' dir='ltr'><strong>μὲν</strong></span> 
     </span>
    </p>
   </div>
   <div class='ocr_carea' id='block_1_20' title="bbox 339 1893 2346 1984">
    <p class='ocr_par' dir='ltr' id='par_1_20' title="bbox 339 1893 2346 1984">
     <span class='ocr_line' id='line_1_20' title="bbox 339 1893 2346 1984; baseline -0.014 -16"><span class='ocrx_word' id='word_1_118' title='bbox 339 1912 636 1984; x_wconf 73' lang='grc' dir='ltr'>χρημάτων</span> <span class='ocrx_word' id='word_1_119' title='bbox 662 1909 834 1972; x_wconf 86' lang='grc' dir='ltr'>δόσεις</span> <span class='ocrx_word' id='word_1_120' title='bbox 863 1905 1182 1976; x_wconf 79' lang='grc' dir='ltr'>ποιουμένη,</span> <span class='ocrx_word' id='word_1_121' title='bbox 1212 1905 1324 1966; x_wconf 89' lang='grc' dir='ltr'>τοῖς</span> <span class='ocrx_word' id='word_1_122' title='bbox 1351 1902 1407 1954; x_wconf 83' lang='grc' dir='ltr'>δὲ</span> <span class='ocrx_word' id='word_1_123' title='bbox 1433 1900 1503 1954; x_wconf 85' lang='grc' dir='ltr'>τὰ</span> <span class='ocrx_word' id='word_1_124' title='bbox 1535 1899 1673 1971; x_wconf 82' lang='grc' dir='ltr'>πρὸς</span> <span class='ocrx_word' id='word_1_125' title='bbox 1701 1897 1802 1970; x_wconf 81' lang='grc' dir='ltr'><strong>τήν</strong></span> <span class='ocrx_word' id='word_1_126' title='bbox 1829 1897 1923 1950; x_wconf 79' lang='grc' dir='ltr'>τοῦ</span> <span class='ocrx_word' id='word_1_127' title='bbox 1955 1902 1998 1957; x_wconf 83' lang='grc' dir='ltr'>Β</span> <span class='ocrx_word' id='word_1_128' title='bbox 2028 1893 2134 1947; x_wconf 83' lang='lat' dir='ltr'><strong>illis</strong></span> <span class='ocrx_word' id='word_1_129' title='bbox 2175 1902 2346 1958; x_wconf 87' lang='lat' dir='ltr'><strong>pecun</strong></span> 
     </span>
    </p>
   </div>
   <div class='ocr_carea' id='block_1_21' title="bbox 341 1989 1926 2076">
    <p class='ocr_par' dir='ltr' id='par_1_21' title="bbox 341 1989 1926 2076">
     <span class='ocr_line' id='line_1_21' title="bbox 341 1989 1926 2076; baseline -0.009 -19"><span class='ocrx_word' id='word_1_130' title='bbox 341 2004 590 2076; x_wconf 85' lang='grc' dir='ltr'>σώματος</span> <span class='ocrx_word' id='word_1_131' title='bbox 623 2001 832 2072; x_wconf 84' lang='grc' dir='ltr'>σκέπην</span> <span class='ocrx_word' id='word_1_132' title='bbox 864 1997 1100 2068; x_wconf 68' lang='grc' dir='ltr'>δαψιλῶς</span> <span class='ocrx_word' id='word_1_133' title='bbox 1129 1994 1475 2068; x_wconf 74' lang='grc' dir='ltr'>ἐπαρκοῦσαο</span> <span class='ocrx_word' id='word_1_134' title='bbox 1511 1992 1728 2064; x_wconf 80' lang='grc' dir='ltr'>ἐτέρους</span> <span class='ocrx_word' id='word_1_135' title='bbox 1760 1989 1926 2060; x_wconf 82' lang='grc' dir='ltr'>ἀπήλ-</span> 
     </span>
    </p>
   </div>
   <div class='ocr_carea' id='block_1_22' title="bbox 341 2082 1928 2166">
    <p class='ocr_par' dir='ltr' id='par_1_22' title="bbox 341 2082 1928 2166">
     <span class='ocr_line' id='line_1_22' title="bbox 341 2082 1928 2166; baseline -0.01 -17"><span class='ocrx_word' id='word_1_136' title='bbox 341 2097 498 2151; x_wconf 87' lang='grc' dir='ltr'>λαττε</span> <span class='ocrx_word' id='word_1_137' title='bbox 545 2095 780 2166; x_wconf 84' lang='grc' dir='ltr'>δεσμῶν,</span> <span class='ocrx_word' id='word_1_138' title='bbox 841 2091 1119 2164; x_wconf 84' lang='grc' dir='ltr'>μετάλλων</span> <span class='ocrx_word' id='word_1_139' title='bbox 1165 2106 1226 2141; x_wconf 89' lang='grc' dir='ltr'><strong>τε</strong></span> <span class='ocrx_word' id='word_1_140' title='bbox 1273 2085 1618 2156; x_wconf 75' lang='grc' dir='ltr'>κακοπαθείᾳ</span> <span class='ocrx_word' id='word_1_141' title='bbox 1661 2082 1928 2137; x_wconf 85' lang='grc' dir='ltr'>ταλαιπω-</span> 
     </span>
    </p>
   </div>
   <div class='ocr_carea' id='block_1_23' title="bbox 332 2173 1928 2271">
    <p class='ocr_par' dir='ltr' id='par_1_23' title="bbox 332 2173 1928 2271">
     <span class='ocr_line' id='line_1_23' title="bbox 332 2173 1928 2271; baseline -0.01 -29"><span class='ocrx_word' id='word_1_142' title='bbox 332 2186 634 2271; x_wconf 79' lang='grc' dir='ltr'>ρουμένους</span> <span class='ocrx_word' id='word_1_143' title='bbox 655 2203 668 2216; x_wconf 77' lang='grc' dir='ltr'><strong>ο</strong></span> <span class='ocrx_word' id='word_1_144' title='bbox 695 2184 988 2256; x_wconf 71' lang='grc' dir='ltr'>ήλευθέρου</span> <span class='ocrx_word' id='word_1_145' title='bbox 1015 2200 1075 2235; x_wconf 89' lang='grc' dir='ltr'><strong>τε</strong></span> <span class='ocrx_word' id='word_1_146' title='bbox 1106 2181 1428 2234; x_wconf 76' lang='grc' dir='ltr'>πλεονέκτου</span> <span class='ocrx_word' id='word_1_147' title='bbox 1437 2177 1629 2249; x_wconf 88' lang='grc' dir='ltr'>μένους</span> <span class='ocrx_word' id='word_1_148' title='bbox 1649 2193 1662 2206; x_wconf 89' lang='grc'><strong>·</strong></span> <span class='ocrx_word' id='word_1_149' title='bbox 1703 2175 1799 2229; x_wconf 75' lang='grc' dir='ltr'><strong>καὶ</strong></span> <span class='ocrx_word' id='word_1_150' title='bbox 1829 2173 1928 2227; x_wconf 81' lang='grc' dir='ltr'>πά-</span> 
     </span>
    </p>
   </div>
   <div class='ocr_carea' id='block_1_24' title="bbox 342 2273 1266 2350">
    <p class='ocr_par' dir='ltr' id='par_1_24' title="bbox 342 2273 1266 2350">
     <span class='ocr_line' id='line_1_24' title="bbox 342 2273 1266 2350; baseline -0.012 -14"><span class='ocrx_word' id='word_1_151' title='bbox 342 2289 421 2335; x_wconf 72' lang='grc' dir='ltr'><strong>λιν</strong></span> <span class='ocrx_word' id='word_1_152' title='bbox 449 2280 641 2343; x_wconf 71' lang='grc' dir='ltr'>ἄλλους</span> <span class='ocrx_word' id='word_1_153' title='bbox 674 2277 889 2350; x_wconf 82' lang='grc' dir='ltr'>ὲξορίας</span> <span class='ocrx_word' id='word_1_154' title='bbox 927 2273 1266 2347; x_wconf 77' lang='grc' dir='ltr'>ἀνεκαλεῖτο.</span> 
     </span>
    </p>
   </div>
   <div class='ocr_carea' id='block_1_25' title="bbox 846 2361 1419 2424">
    <p class='ocr_par' dir='ltr' id='par_1_25' title="bbox 846 2361 1419 2424">
     <span class='ocr_line' id='line_1_25' title="bbox 846 2361 1419 2424; baseline -0.012 -1"><span class='ocrx_word' id='word_1_155' title='bbox 846 2365 1245 2424; x_wconf 81' lang='grc' dir='ltr'><strong>ΚΕΦΑΛΛΙΟΝ</strong></span> <span class='ocrx_word' id='word_1_156' title='bbox 1285 2361 1419 2418; x_wconf 83' lang='lat' dir='ltr'><strong>ME&#39;.</strong></span> 
     </span>
    </p>
   </div>
   <div class='ocr_carea' id='block_1_26' title="bbox 340 2453 1924 2583">
    <p class='ocr_par' dir='ltr' id='par_1_26' title="bbox 340 2453 1924 2583">
     <span class='ocr_line' id='line_1_26' title="bbox 340 2453 1924 2583; baseline -0.011 -61"><span class='ocrx_word' id='word_1_157' title='bbox 340 2468 534 2532; x_wconf 80' lang='grc' dir='ltr'>Ὅπως</span> <span class='ocrx_word' id='word_1_158' title='bbox 569 2460 837 2528; x_wconf 77' lang='grc' dir='ltr'>εὐλαϐῶς</span> <span class='ocrx_word' id='word_1_159' title='bbox 868 2462 937 2514; x_wconf 75' lang='grc' dir='ltr'><em>ἐν</em></span> <span class='ocrx_word' id='word_1_160' title='bbox 969 2455 1486 2583; x_wconf 54' lang='grc' dir='ltr'>ταὲ-λὲκκλησίαις</span> <span class='ocrx_word' id='word_1_161' title='bbox 1541 2453 1842 2526; x_wconf 76' lang='grc' dir='ltr'>συνήγετο</span> <span class='ocrx_word' id='word_1_162' title='bbox 1884 2453 1924 2521; x_wconf 82' lang='grc' dir='ltr'><strong><em>ἠ</em></strong></span> 
     </span>
     <span class='ocr_line' id='line_1_27' title="bbox 1155 2545 1254 2583; baseline -0.02 0"><span class='ocrx_word' id='word_1_163' title='bbox 1155 2545 1254 2583; x_wconf 77' lang='grc' dir='ltr'><strong>νη.</strong></span> 
     </span>
    </p>
   </div>
   <div class='ocr_carea' id='block_1_27' title="bbox 1155 2545 1254 2594">
    <p class='ocr_par' dir='ltr' id='par_1_27' title="bbox 1155 2545 1254 2594">
     <span class='ocr_line' id='line_1_28' title="bbox 1155 2545 1254 2594; baseline -0.01 -12"><span class='ocrx_word' id='word_1_164' title='bbox 1155 2545 1254 2594; x_wconf 81' lang='grc' dir='ltr'>νη.</span> 
     </span>
    </p>
   </div>
   <div class='ocr_carea' id='block_1_28' title="bbox 410 2613 1926 2694">
    <p class='ocr_par' dir='ltr' id='par_1_28' title="bbox 410 2613 1926 2694">
     <span class='ocr_line' id='line_1_29' title="bbox 410 2613 1926 2694; baseline -0.007 -17"><span class='ocrx_word' id='word_1_165' title='bbox 410 2622 682 2688; x_wconf 80' lang='grc' dir='ltr'>Τοιούτοις</span> <span class='ocrx_word' id='word_1_166' title='bbox 715 2621 849 2694; x_wconf 83' lang='grc' dir='ltr'>δῆτα</span> <span class='ocrx_word' id='word_1_167' title='bbox 885 2618 1334 2692; x_wconf 88' lang='grc' dir='ltr'>λαμπρυνομένη,</span> <span class='ocrx_word' id='word_1_168' title='bbox 1369 2615 1488 2671; x_wconf 80' lang='grc' dir='ltr'>οὐδὲ</span> <span class='ocrx_word' id='word_1_169' title='bbox 1519 2615 1621 2686; x_wconf 77' lang='grc' dir='ltr'>τῆς</span> <span class='ocrx_word' id='word_1_170' title='bbox 1655 2613 1792 2687; x_wconf 85' lang='grc' dir='ltr'>πρὸς</span> <span class='ocrx_word' id='word_1_171' title='bbox 1837 2614 1926 2667; x_wconf 81' lang='grc' dir='ltr'><strong>τὸν</strong></span> 
     </span>
    </p>
   </div>
   <div class='ocr_carea' id='block_1_29' title="bbox 345 2708 1924 2784">
    <p class='ocr_par' dir='ltr' id='par_1_29' title="bbox 345 2708 1924 2784">
     <span class='ocr_line' id='line_1_30' title="bbox 345 2708 1924 2784; baseline -0.008 -13"><span class='ocrx_word' id='word_1_172' title='bbox 345 2717 471 2771; x_wconf 80' lang='grc' dir='ltr'>Θεὸν</span> <span class='ocrx_word' id='word_1_173' title='bbox 503 2715 656 2779; x_wconf 81' lang='grc' dir='ltr'>ὁσίας</span> <span class='ocrx_word' id='word_1_174' title='bbox 689 2711 1086 2784; x_wconf 87' lang='grc' dir='ltr'>κατωλιγώρει,</span> <span class='ocrx_word' id='word_1_175' title='bbox 1125 2709 1395 2780; x_wconf 77' lang='grc' dir='ltr'>φοιτῶσαν</span> <span class='ocrx_word' id='word_1_176' title='bbox 1432 2709 1528 2780; x_wconf 78' lang='grc' dir='ltr'><strong>μὲν</strong></span> <span class='ocrx_word' id='word_1_177' title='bbox 1562 2708 1734 2779; x_wconf 85' lang='grc' dir='ltr'>αὐτὴν</span> <span class='ocrx_word' id='word_1_178' title='bbox 1767 2709 1825 2760; x_wconf 80' lang='grc' dir='ltr'>ὲν</span> <span class='ocrx_word' id='word_1_179' title='bbox 1857 2708 1924 2777; x_wconf 81' lang='grc' dir='ltr'>τῇ</span> 
     </span>
    </p>
   </div>
   <div class='ocr_carea' id='block_1_30' title="bbox 341 2799 1922 2881">
    <p class='ocr_par' dir='ltr' id='par_1_30' title="bbox 341 2799 1922 2881">
     <span class='ocr_line' id='line_1_31' title="bbox 341 2799 1922 2881; baseline -0.008 -18"><span class='ocrx_word' id='word_1_180' title='bbox 341 2808 604 2881; x_wconf 78' lang='grc' dir='ltr'>ἐκκλησίᾳ</span> <span class='ocrx_word' id='word_1_181' title='bbox 635 2805 728 2860; x_wconf 81' lang='grc' dir='ltr'>τοῦ</span> <span class='ocrx_word' id='word_1_182' title='bbox 755 2805 893 2860; x_wconf 87' lang='grc' dir='ltr'>Θεοῦ</span> <span class='ocrx_word' id='word_1_183' title='bbox 927 2804 1015 2858; x_wconf 74' lang='grc' dir='ltr'>διὰ</span> <span class='ocrx_word' id='word_1_184' title='bbox 1048 2802 1250 2866; x_wconf 82' lang='grc' dir='ltr'>παντὸς</span> <span class='ocrx_word' id='word_1_185' title='bbox 1313 2802 1548 2876; x_wconf 82' lang='grc' dir='ltr'>ὁρᾶσθαι</span> <span class='ocrx_word' id='word_1_186' title='bbox 1583 2799 1922 2874; x_wconf 84' lang='grc' dir='ltr'>παρέχουσα,</span> 
     </span>
    </p>
   </div>
   <div class='ocr_carea' id='block_1_31' title="bbox 339 2893 1926 2971">
    <p class='ocr_par' dir='ltr' id='par_1_31' title="bbox 339 2893 1926 2971">
     <span class='ocr_line' id='line_1_32' title="bbox 339 2893 1926 2971; baseline -0.006 -17"><span class='ocrx_word' id='word_1_187' title='bbox 339 2901 611 2971; x_wconf 83' lang='grc' dir='ltr'>λαμπροῖς</span> <span class='ocrx_word' id='word_1_188' title='bbox 653 2899 709 2952; x_wconf 82' lang='grc' dir='ltr'>δὲ</span> <span class='ocrx_word' id='word_1_189' title='bbox 752 2894 1175 2967; x_wconf 78' lang='grc' dir='ltr'>κατακοσμοῦσα</span> <span class='ocrx_word' id='word_1_190' title='bbox 1218 2893 1523 2966; x_wconf 85' lang='grc' dir='ltr'>κειμηλίοις</span> <span class='ocrx_word' id='word_1_191' title='bbox 1557 2893 1686 2956; x_wconf 79' lang='grc' dir='ltr'>τοὺς</span> <span class='ocrx_word' id='word_1_192' title='bbox 1728 2894 1926 2963; x_wconf 88' lang='grc' dir='ltr'>εὐκτη-</span> 
     </span>
    </p>
   </div>
   <div class='ocr_carea' id='block_1_32' title="bbox 344 2981 1927 3063">
    <p class='ocr_par' dir='ltr' id='par_1_32' title="bbox 344 2981 1927 3063">
     <span class='ocr_line' id='line_1_33' title="bbox 344 2981 1927 3063; baseline -0.008 -20"><span class='ocrx_word' id='word_1_193' title='bbox 344 2991 491 3063; x_wconf 85' lang='grc' dir='ltr'>ρίους</span> <span class='ocrx_word' id='word_1_194' title='bbox 521 2991 723 3054; x_wconf 86' lang='grc' dir='ltr'>οτκους,</span> <span class='ocrx_word' id='word_1_195' title='bbox 757 2989 891 3060; x_wconf 81' lang='grc' dir='ltr'>μηδὲ</span> <span class='ocrx_word' id='word_1_196' title='bbox 921 2989 1048 3051; x_wconf 80' lang='grc' dir='ltr'>τοὺς</span> <span class='ocrx_word' id='word_1_197' title='bbox 1084 2989 1141 3040; x_wconf 83' lang='grc' dir='ltr'><strong>ὲν</strong></span> <span class='ocrx_word' id='word_1_198' title='bbox 1170 2989 1292 3050; x_wconf 87' lang='grc' dir='ltr'>ταῖς</span> <span class='ocrx_word' id='word_1_199' title='bbox 1328 2984 1696 3058; x_wconf 84' lang='grc' dir='ltr'>βραχυτάταις</span> <span class='ocrx_word' id='word_1_200' title='bbox 1735 2981 1927 3035; x_wconf 84' lang='grc' dir='ltr'>πόλεσι</span> 
     </span>
    </p>
   </div>
   <div class='ocr_carea' id='block_1_33' title="bbox 342 3075 1926 3154">
    <p class='ocr_par' dir='ltr' id='par_1_33' title="bbox 342 3075 1926 3154">
     <span class='ocr_line' id='line_1_34' title="bbox 342 3075 1926 3154; baseline -0.008 -17"><span class='ocrx_word' id='word_1_201' title='bbox 342 3084 637 3154; x_wconf 83' lang='grc' dir='ltr'>παρορῶσα</span> <span class='ocrx_word' id='word_1_202' title='bbox 669 3081 849 3146; x_wconf 86' lang='grc' dir='ltr'>ναούς.</span> <span class='ocrx_word' id='word_1_203' title='bbox 893 3076 1002 3134; x_wconf 88' lang='grc' dir='ltr'>Ἦν</span> <span class='ocrx_word' id='word_1_204' title='bbox 1038 3075 1131 3133; x_wconf 74' lang='grc' dir='ltr'><strong>οὖν</strong></span> <span class='ocrx_word' id='word_1_205' title='bbox 1165 3080 1299 3150; x_wconf 83' lang='grc' dir='ltr'>ὁρᾷν</span> <span class='ocrx_word' id='word_1_206' title='bbox 1346 3077 1445 3149; x_wconf 87' lang='grc' dir='ltr'>τὴν</span> <span class='ocrx_word' id='word_1_207' title='bbox 1487 3075 1822 3146; x_wconf 82' lang='grc' dir='ltr'>θαυμασίαν,</span> <span class='ocrx_word' id='word_1_208' title='bbox 1867 3076 1926 3126; x_wconf 82' lang='grc' dir='ltr'>ἐν</span> 
     </span>
    </p>
   </div>
   <div class='ocr_carea' id='block_1_34' title="bbox 343 3163 1928 3244">
    <p class='ocr_par' dir='ltr' id='par_1_34' title="bbox 343 3163 1928 3244">
     <span class='ocr_line' id='line_1_35' title="bbox 343 3163 1928 3244; baseline -0.006 -16"><span class='ocrx_word' id='word_1_209' title='bbox 343 3175 513 3244; x_wconf 85' lang='grc' dir='ltr'>σεμνῇ</span> <span class='ocrx_word' id='word_1_210' title='bbox 542 3175 637 3227; x_wconf 74' lang='grc' dir='ltr'><strong>καὶ</strong></span> <span class='ocrx_word' id='word_1_211' title='bbox 668 3173 919 3226; x_wconf 85' lang='grc' dir='ltr'>εὐσταλεῖ</span> <span class='ocrx_word' id='word_1_212' title='bbox 950 3169 1209 3242; x_wconf 73' lang='grc' dir='ltr'>περιϐολῇ</span> <span class='ocrx_word' id='word_1_213' title='bbox 1234 3168 1311 3240; x_wconf 84' lang='grc' dir='ltr'><strong>τῷ</strong></span> <span class='ocrx_word' id='word_1_214' title='bbox 1335 3167 1528 3240; x_wconf 87' lang='grc' dir='ltr'>πλήθει</span> <span class='ocrx_word' id='word_1_215' title='bbox 1572 3163 1928 3235; x_wconf 78' lang='grc' dir='ltr'>συναγελαζο-</span> 
     </span>
    </p>
   </div>
   <div class='ocr_carea' id='block_1_35' title="bbox 2017 575 3596 658">
    <p class='ocr_par' dir='ltr' id='par_1_35' title="bbox 2017 575 3596 658">
     <span class='ocr_line' id='line_1_36' title="bbox 2017 575 3596 658; baseline -0.018 -3"><span class='ocrx_word' id='word_1_216' title='bbox 2017 575 2128 654; x_wconf 85' lang='lat' dir='ltr'><strong>tate</strong></span> <span class='ocrx_word' id='word_1_217' title='bbox 2179 597 2528 658; x_wconf 76' lang='lat' dir='ltr'><strong>traduxisset,</strong></span> <span class='ocrx_word' id='word_1_218' title='bbox 2560 599 2616 645; x_wconf 92' lang='lat' dir='ltr'><strong>et</strong></span> <span class='ocrx_word' id='word_1_219' title='bbox 2642 586 2948 644; x_wconf 90' lang='lat' dir='ltr'><strong>divinorum</strong></span> <span class='ocrx_word' id='word_1_220' title='bbox 2991 577 3366 636; x_wconf 80' lang='lat' dir='ltr'><strong>mandatorum</strong></span> <span class='ocrx_word' id='word_1_221' title='bbox 3401 575 3596 629; x_wconf 79' lang='lat' dir='ltr'><strong>uberes</strong></span> 
     </span>
    </p>
   </div>
   <div class='ocr_carea' id='block_1_36' title="bbox 2017 667 3596 747">
    <p class='ocr_par' dir='ltr' id='par_1_36' title="bbox 2017 667 3596 747">
     <span class='ocr_line' id='line_1_37' title="bbox 2017 667 3596 747; baseline -0.02 0"><span class='ocrx_word' id='word_1_222' title='bbox 2017 692 2227 747; x_wconf 80' lang='lat' dir='ltr'><strong>fructus</strong></span> <span class='ocrx_word' id='word_1_223' title='bbox 2279 699 2392 744; x_wconf 90' lang='lat' dir='ltr'><strong>tum</strong></span> <span class='ocrx_word' id='word_1_224' title='bbox 2444 681 2629 738; x_wconf 80' lang='lat' dir='ltr'><strong>verbis</strong></span> <span class='ocrx_word' id='word_1_225' title='bbox 2678 689 2790 734; x_wconf 91' lang='lat' dir='ltr'><strong>tum</strong></span> <span class='ocrx_word' id='word_1_226' title='bbox 2847 674 3102 745; x_wconf 89' lang='lat' dir='ltr'><strong>operibus</strong></span> <span class='ocrx_word' id='word_1_227' title='bbox 3151 667 3500 741; x_wconf 86' lang='lat' dir='ltr'><strong>protulisset,</strong></span> <span class='ocrx_word' id='word_1_228' title='bbox 3532 676 3596 716; x_wconf 86' lang='lat' dir='ltr'><strong>ac</strong></span> 
     </span>
    </p>
   </div>
   <div class='ocr_carea' id='block_1_37' title="bbox 2018 753 3599 853">
    <p class='ocr_par' dir='ltr' id='par_1_37' title="bbox 2018 753 3599 853">
     <span class='ocr_line' id='line_1_38' title="bbox 2018 753 3599 853; baseline -0.02 -15"><span class='ocrx_word' id='word_1_229' title='bbox 2018 789 2302 853; x_wconf 89' lang='lat' dir='ltr'><strong>propterea</strong></span> <span class='ocrx_word' id='word_1_230' title='bbox 2333 776 2496 831; x_wconf 89' lang='lat' dir='ltr'><strong>vitam</strong></span> <span class='ocrx_word' id='word_1_231' title='bbox 2529 771 2730 828; x_wconf 85' lang='lat' dir='ltr'><strong>doloris</strong></span> <span class='ocrx_word' id='word_1_232' title='bbox 2759 753 3034 837; x_wconf 76' lang='lat' dir='ltr'><strong>expertem</strong></span> <span class='ocrx_word' id='word_1_233' title='bbox 3057 777 3179 817; x_wconf 91' lang='lat' dir='ltr'><strong>cum</strong></span> <span class='ocrx_word' id='word_1_234' title='bbox 3207 771 3419 814; x_wconf 89' lang='lat' dir='ltr'><strong>summa</strong></span> <span class='ocrx_word' id='word_1_235' title='bbox 3448 768 3599 809; x_wconf 88' lang='lat' dir='ltr'><strong>meu-</strong></span> 
     </span>
    </p>
   </div>
   <div class='ocr_carea' id='block_1_38' title="bbox 2022 847 3595 941">
    <p class='ocr_par' dir='ltr' id='par_1_38' title="bbox 2022 847 3595 941">
     <span class='ocr_line' id='line_1_39' title="bbox 2022 847 3595 941; baseline -0.022 -11"><span class='ocrx_word' id='word_1_236' title='bbox 2022 847 2090 930; x_wconf 73' lang='lat' dir='ltr'><strong>lis</strong></span> <span class='ocrx_word' id='word_1_237' title='bbox 2118 847 2174 928; x_wconf 80' lang='lat' dir='ltr'><strong>et</strong></span> <span class='ocrx_word' id='word_1_238' title='bbox 2211 869 2468 941; x_wconf 86' lang='lat' dir='ltr'><strong>corporis</strong></span> <span class='ocrx_word' id='word_1_239' title='bbox 2519 865 2753 921; x_wconf 83' lang='lat' dir='ltr'><strong>sanitate</strong></span> <span class='ocrx_word' id='word_1_240' title='bbox 2795 859 3116 932; x_wconf 86' lang='lat' dir='ltr'><strong>peregisset,</strong></span> <span class='ocrx_word' id='word_1_241' title='bbox 3143 852 3358 908; x_wconf 88' lang='lat' dir='ltr'><strong>tandem</strong></span> <span class='ocrx_word' id='word_1_242' title='bbox 3390 847 3595 902; x_wconf 81' lang='lat' dir='ltr'><strong>exitum</strong></span> 
     </span>
    </p>
   </div>
   <div class='ocr_carea' id='block_1_39' title="bbox 2018 941 3598 1037">
    <p class='ocr_par' dir='ltr' id='par_1_39' title="bbox 2018 941 3598 1037">
     <span class='ocr_line' id='line_1_40' title="bbox 2018 941 3598 1037; baseline -0.022 -15"><span class='ocrx_word' id='word_1_243' title='bbox 2018 966 2235 1037; x_wconf 88' lang='lat' dir='ltr'><strong>pietatis</strong></span> <span class='ocrx_word' id='word_1_244' title='bbox 2266 977 2376 1019; x_wconf 64' lang='lat' dir='ltr'><strong>suae</strong></span> <span class='ocrx_word' id='word_1_245' title='bbox 2425 957 2861 1016; x_wconf 87' lang='lat' dir='ltr'><strong>convenientem,</strong></span> <span class='ocrx_word' id='word_1_246' title='bbox 2901 959 2956 1006; x_wconf 89' lang='lat' dir='ltr'><strong>et</strong></span> <span class='ocrx_word' id='word_1_247' title='bbox 2995 945 3298 1003; x_wconf 85' lang='lat' dir='ltr'><strong>mercedem</strong></span> <span class='ocrx_word' id='word_1_248' title='bbox 3331 941 3598 995; x_wconf 88' lang='lat' dir='ltr'><strong>bonorum</strong></span> 
     </span>
    </p>
   </div>
   <div class='ocr_carea' id='block_1_40' title="bbox 2019 1039 3456 1131">
    <p class='ocr_par' dir='ltr' id='par_1_40' title="bbox 2019 1039 3456 1131">
     <span class='ocr_line' id='line_1_41' title="bbox 2019 1039 3456 1131; baseline -0.021 -15"><span class='ocrx_word' id='word_1_249' title='bbox 2019 1074 2244 1131; x_wconf 90' lang='lat' dir='ltr'><strong>operum</strong></span> <span class='ocrx_word' id='word_1_250' title='bbox 2270 1057 2324 1110; x_wconf 92' lang='lat' dir='ltr'><strong>in</strong></span> <span class='ocrx_word' id='word_1_251' title='bbox 2350 1054 2454 1109; x_wconf 89' lang='lat' dir='ltr'><strong>hac</strong></span> <span class='ocrx_word' id='word_1_252' title='bbox 2481 1052 2645 1107; x_wconf 88' lang='lat' dir='ltr'><strong>etiam</strong></span> <span class='ocrx_word' id='word_1_253' title='bbox 2668 1048 2780 1102; x_wconf 90' lang='lat' dir='ltr'><strong>vita</strong></span> <span class='ocrx_word' id='word_1_254' title='bbox 2811 1062 2839 1100; x_wconf 86' lang='lat' dir='ltr'><strong>a</strong></span> <span class='ocrx_word' id='word_1_255' title='bbox 2877 1045 2986 1098; x_wconf 90' lang='lat' dir='ltr'><strong>Deo</strong></span> <span class='ocrx_word' id='word_1_256' title='bbox 3025 1047 3316 1097; x_wconf 86' lang='lat' dir='ltr'><strong>consecuta</strong></span> <span class='ocrx_word' id='word_1_257' title='bbox 3350 1039 3456 1102; x_wconf 66' lang='lat' dir='ltr'><strong>est.</strong></span> 
     </span>
    </p>
   </div>
   <div class='ocr_carea' id='block_1_41' title="bbox 2595 1130 3043 1195">
    <p class='ocr_par' dir='ltr' id='par_1_41' title="bbox 2595 1130 3043 1195">
     <span class='ocr_line' id='line_1_42' title="bbox 2595 1130 3043 1195; baseline -0.022 0"><span class='ocrx_word' id='word_1_258' title='bbox 2595 1135 2824 1195; x_wconf 81' lang='lat' dir='ltr'><strong>CAPUT</strong></span> <span class='ocrx_word' id='word_1_259' title='bbox 2863 1130 3043 1188; x_wconf 83' lang='lat' dir='ltr'><strong>XLIV.</strong></span> 
     </span>
    </p>
   </div>
   <div class='ocr_carea' id='block_1_42' title="bbox 2111 1215 3511 1310">
    <p class='ocr_par' dir='ltr' id='par_1_42' title="bbox 2111 1215 3511 1310">
     <span class='ocr_line' id='line_1_43' title="bbox 2111 1215 3511 1310; baseline -0.021 -13"><span class='ocrx_word' id='word_1_260' title='bbox 2111 1241 2190 1297; x_wconf 89' lang='lat' dir='ltr'><strong>De</strong></span> <span class='ocrx_word' id='word_1_261' title='bbox 2216 1237 2580 1310; x_wconf 76' lang='lat' dir='ltr'><strong>magnitudine</strong></span> <span class='ocrx_word' id='word_1_262' title='bbox 2612 1231 2782 1286; x_wconf 86' lang='lat' dir='ltr'><strong>animi</strong></span> <span class='ocrx_word' id='word_1_263' title='bbox 2817 1237 2864 1284; x_wconf 90' lang='lat' dir='ltr'><strong>et</strong></span> <span class='ocrx_word' id='word_1_264' title='bbox 2897 1221 3235 1293; x_wconf 80' lang='lat' dir='ltr'><strong>beneﬁcentia</strong></span> <span class='ocrx_word' id='word_1_265' title='bbox 3271 1215 3511 1272; x_wconf 63' lang='lat' dir='ltr'><strong>Helene.</strong></span> 
     </span>
    </p>
   </div>
   <div class='ocr_carea' id='block_1_43' title="bbox 2092 1303 3605 1405">
    <p class='ocr_par' dir='ltr' id='par_1_43' title="bbox 2092 1303 3605 1405">
     <span class='ocr_line' id='line_1_44' title="bbox 2092 1303 3605 1405; baseline -0.023 -16"><span class='ocrx_word' id='word_1_266' title='bbox 2092 1303 2451 1405; x_wconf 38' lang='lat' dir='ltr'><strong>Quippe&#39;dum</strong></span> <span class='ocrx_word' id='word_1_267' title='bbox 2484 1336 2656 1382; x_wconf 90' lang='lat' dir='ltr'><strong>totum</strong></span> <span class='ocrx_word' id='word_1_268' title='bbox 2689 1321 2966 1379; x_wconf 91' lang='lat' dir='ltr'><strong>Orientem</strong></span> <span class='ocrx_word' id='word_1_269' title='bbox 2996 1329 3118 1370; x_wconf 91' lang='lat' dir='ltr'><strong>cum</strong></span> <span class='ocrx_word' id='word_1_270' title='bbox 3151 1309 3324 1380; x_wconf 80' lang='lat' dir='ltr'><strong>regali</strong></span> <span class='ocrx_word' id='word_1_271' title='bbox 3355 1303 3605 1376; x_wconf 79' lang='lat' dir='ltr'><strong>magniﬁ-</strong></span> 
     </span>
    </p>
   </div>
   <div class='ocr_carea' id='block_1_44' title="bbox 2022 1396 3602 1496">
    <p class='ocr_par' dir='ltr' id='par_1_44' title="bbox 2022 1396 3602 1496">
     <span class='ocr_line' id='line_1_45' title="bbox 2022 1396 3602 1496; baseline -0.024 -11"><span class='ocrx_word' id='word_1_272' title='bbox 2022 1396 2214 1485; x_wconf 42' lang='lat' dir='ltr'><strong>cenwtia&#39;</strong></span> <span class='ocrx_word' id='word_1_273' title='bbox 2233 1396 2509 1496; x_wconf 82' lang='lat' dir='ltr'><strong>peragrat,</strong></span> <span class='ocrx_word' id='word_1_274' title='bbox 2562 1429 2672 1474; x_wconf 93' lang='lat' dir='ltr'><strong>tum</strong></span> <span class='ocrx_word' id='word_1_275' title='bbox 2710 1411 3048 1474; x_wconf 83' lang='lat' dir='ltr'><strong>civitatibus,</strong></span> <span class='ocrx_word' id='word_1_276' title='bbox 3085 1415 3197 1460; x_wconf 93' lang='lat' dir='ltr'><strong>tum</strong></span> <span class='ocrx_word' id='word_1_277' title='bbox 3248 1397 3473 1470; x_wconf 86' lang='lat' dir='ltr'><strong>privatis</strong></span> <span class='ocrx_word' id='word_1_278' title='bbox 3512 1396 3602 1464; x_wconf 88' lang='lat' dir='ltr'><strong>qui</strong></span> 
     </span>
    </p>
   </div>
   <div class='ocr_carea' id='block_1_45' title="bbox 2024 1494 3606 1592">
    <p class='ocr_par' dir='ltr' id='par_1_45' title="bbox 2024 1494 3606 1592">
     <span class='ocr_line' id='line_1_46' title="bbox 2024 1494 3606 1592; baseline -0.023 -14"><span class='ocrx_word' id='word_1_279' title='bbox 2024 1525 2196 1592; x_wconf 90' lang='lat' dir='ltr'><strong>ipsam</strong></span> <span class='ocrx_word' id='word_1_280' title='bbox 2233 1494 2476 1580; x_wconf 79' lang='lat' dir='ltr'><strong>adibant,</strong></span> <span class='ocrx_word' id='word_1_281' title='bbox 2504 1513 2790 1568; x_wconf 91' lang='lat' dir='ltr'><strong>innumera</strong></span> <span class='ocrx_word' id='word_1_282' title='bbox 2840 1501 3097 1559; x_wconf 83' lang='lat' dir='ltr'><strong>beneﬁcia</strong></span> <span class='ocrx_word' id='word_1_283' title='bbox 3132 1494 3429 1552; x_wconf 83' lang='lat' dir='ltr'><strong>acervatim</strong></span> <span class='ocrx_word' id='word_1_284' title='bbox 3477 1504 3606 1545; x_wconf 92' lang='lat' dir='ltr'><strong>cou-</strong></span> 
     </span>
    </p>
   </div>
   <div class='ocr_carea' id='block_1_46' title="bbox 2027 1584 3606 1673">
    <p class='ocr_par' dir='ltr' id='par_1_46' title="bbox 2027 1584 3606 1673">
     <span class='ocr_line' id='line_1_47' title="bbox 2027 1584 3606 1673; baseline -0.02 -5"><span class='ocrx_word' id='word_1_285' title='bbox 2027 1584 2191 1668; x_wconf 79' lang='lat' dir='ltr'><strong>tulit:</strong></span> <span class='ocrx_word' id='word_1_286' title='bbox 2231 1611 2516 1665; x_wconf 89' lang='lat' dir='ltr'><strong>innumera</strong></span> <span class='ocrx_word' id='word_1_287' title='bbox 2568 1613 2784 1673; x_wconf 89' lang='lat' dir='ltr'><strong>quoque</strong></span> <span class='ocrx_word' id='word_1_288' title='bbox 2842 1594 3170 1652; x_wconf 89' lang='lat' dir='ltr'><strong>militaribus</strong></span> <span class='ocrx_word' id='word_1_289' title='bbox 3194 1586 3442 1644; x_wconf 92' lang='lat' dir='ltr'><strong>numeris</strong></span> <span class='ocrx_word' id='word_1_290' title='bbox 3470 1584 3606 1638; x_wconf 88' lang='lat' dir='ltr'><strong>Iibe-</strong></span> 
     </span>
    </p>
   </div>
   <div class='ocr_carea' id='block_1_47' title="bbox 2023 1677 3610 1763">
    <p class='ocr_par' dir='ltr' id='par_1_47' title="bbox 2023 1677 3610 1763">
     <span class='ocr_line' id='line_1_48' title="bbox 2023 1677 3610 1763; baseline -0.021 -1"><span class='ocrx_word' id='word_1_291' title='bbox 2023 1706 2126 1763; x_wconf 90' lang='lat' dir='ltr'><strong>rali</strong></span> <span class='ocrx_word' id='word_1_292' title='bbox 2155 1717 2322 1758; x_wconf 87' lang='lat' dir='ltr'><strong>manu</strong></span> <span class='ocrx_word' id='word_1_293' title='bbox 2355 1698 2650 1756; x_wconf 90' lang='lat' dir='ltr'><strong>distribuit.</strong></span> <span class='ocrx_word' id='word_1_294' title='bbox 2678 1689 3016 1760; x_wconf 88' lang='lat' dir='ltr'><strong>Pauperibus</strong></span> <span class='ocrx_word' id='word_1_295' title='bbox 3059 1693 3240 1739; x_wconf 89' lang='lat' dir='ltr'><strong>autem</strong></span> <span class='ocrx_word' id='word_1_296' title='bbox 3268 1694 3332 1734; x_wconf 91' lang='lat' dir='ltr'><strong>ac</strong></span> <span class='ocrx_word' id='word_1_297' title='bbox 3368 1677 3528 1734; x_wconf 83' lang='lat' dir='ltr'><strong>nudis</strong></span> <span class='ocrx_word' id='word_1_298' title='bbox 3554 1685 3610 1729; x_wconf 90' lang='lat' dir='ltr'><strong>et</strong></span> 
     </span>
    </p>
   </div>
   <div class='ocr_carea' id='block_1_48' title="bbox 2027 1954 3608 2048">
    <p class='ocr_par' dir='ltr' id='par_1_48' title="bbox 2027 1954 3608 2048">
     <span class='ocr_line' id='line_1_49' title="bbox 2027 1954 3608 2048; baseline -0.02 -9"><span class='ocrx_word' id='word_1_299' title='bbox 2027 1954 2323 2039; x_wconf 76' lang='lat' dir='ltr'><strong>nuditatem</strong></span> <span class='ocrx_word' id='word_1_300' title='bbox 2351 1976 2561 2048; x_wconf 84' lang='lat' dir='ltr'><strong>prolixe</strong></span> <span class='ocrx_word' id='word_1_301' title='bbox 2589 1968 2966 2042; x_wconf 90' lang='lat' dir='ltr'><strong>suppeditans.</strong></span> <span class='ocrx_word' id='word_1_302' title='bbox 2996 1963 3145 2018; x_wconf 83' lang='lat' dir='ltr'><strong>Alios</strong></span> <span class='ocrx_word' id='word_1_303' title='bbox 3193 1961 3325 2014; x_wconf 89' lang='lat' dir='ltr'><strong>item</strong></span> <span class='ocrx_word' id='word_1_304' title='bbox 3354 1954 3608 2018; x_wconf 88' lang='lat' dir='ltr'><strong>vinculis,</strong></span> 
     </span>
    </p>
   </div>
   <div class='ocr_carea' id='block_1_49' title="bbox 2026 2048 3610 2130">
    <p class='ocr_par' dir='ltr' id='par_1_49' title="bbox 2026 2048 3610 2130">
     <span class='ocr_line' id='line_1_50' title="bbox 2026 2048 3610 2130; baseline -0.018 0"><span class='ocrx_word' id='word_1_305' title='bbox 2026 2084 2121 2130; x_wconf 88' lang='lat' dir='ltr'><strong>aut</strong></span> <span class='ocrx_word' id='word_1_306' title='bbox 2149 2071 2492 2129; x_wconf 90' lang='lat' dir='ltr'><strong>metallorum</strong></span> <span class='ocrx_word' id='word_1_307' title='bbox 2515 2065 2774 2122; x_wconf 64' lang='lat' dir='ltr'><strong>aerumnis</strong></span> <span class='ocrx_word' id='word_1_308' title='bbox 2794 2059 3023 2116; x_wconf 82' lang='lat' dir='ltr'><strong>aﬂlictos</strong></span> <span class='ocrx_word' id='word_1_309' title='bbox 3049 2053 3320 2118; x_wconf 81' lang='lat' dir='ltr'><strong>exsolvit;</strong></span> <span class='ocrx_word' id='word_1_310' title='bbox 3346 2048 3610 2120; x_wconf 85' lang='lat' dir='ltr'><strong>quosdam</strong></span> 
     </span>
    </p>
   </div>
   <div class='ocr_carea' id='block_1_50' title="bbox 2025 2141 3610 2232">
    <p class='ocr_par' dir='ltr' id='par_1_50' title="bbox 2025 2141 3610 2232">
     <span class='ocr_line' id='line_1_51' title="bbox 2025 2141 3610 2232; baseline -0.018 -10"><span class='ocrx_word' id='word_1_311' title='bbox 2025 2165 2281 2223; x_wconf 89' lang='lat' dir='ltr'><strong>viole&#39;ntia</strong></span> <span class='ocrx_word' id='word_1_312' title='bbox 2309 2159 2671 2232; x_wconf 88' lang='lat' dir='ltr'><strong>potentiorum</strong></span> <span class='ocrx_word' id='word_1_313' title='bbox 2702 2164 2992 2224; x_wconf 89' lang='lat' dir='ltr'><strong>oppressos</strong></span> <span class='ocrx_word' id='word_1_314' title='bbox 3023 2145 3292 2208; x_wconf 87' lang='lat' dir='ltr'><strong>liberavit,</strong></span> <span class='ocrx_word' id='word_1_315' title='bbox 3322 2141 3610 2198; x_wconf 84' lang='lat' dir='ltr'><strong>nonnullus</strong></span> 
     </span>
    </p>
   </div>
   <div class='ocr_carea' id='block_1_51' title="bbox 2025 2247 2829 2316">
    <p class='ocr_par' dir='ltr' id='par_1_51' title="bbox 2025 2247 2829 2316">
     <span class='ocr_line' id='line_1_52' title="bbox 2025 2247 2829 2316; baseline -0.02 0"><span class='ocrx_word' id='word_1_316' title='bbox 2025 2261 2189 2316; x_wconf 87' lang='lat' dir='ltr'><strong>etiam</strong></span> <span class='ocrx_word' id='word_1_317' title='bbox 2221 2259 2287 2312; x_wconf 89' lang='lat' dir='ltr'><strong>ab</strong></span> <span class='ocrx_word' id='word_1_318' title='bbox 2317 2253 2509 2310; x_wconf 79' lang='lat' dir='ltr'><strong>exsilio</strong></span> <span class='ocrx_word' id='word_1_319' title='bbox 2535 2247 2829 2307; x_wconf 89' lang='lat' dir='ltr'><strong>revocavit.</strong></span> 
     </span>
    </p>
   </div>
   <div class='ocr_carea' id='block_1_52' title="bbox 2602 2334 3034 2400">
    <p class='ocr_par' dir='ltr' id='par_1_52' title="bbox 2602 2334 3034 2400">
     <span class='ocr_line' id='line_1_53' title="bbox 2602 2334 3034 2400; baseline -0.014 0"><span class='ocrx_word' id='word_1_320' title='bbox 2602 2339 2830 2400; x_wconf 83' lang='lat' dir='ltr'><strong>CAPUT</strong></span> <span class='ocrx_word' id='word_1_321' title='bbox 2868 2334 3034 2395; x_wconf 80' lang='lat' dir='ltr'><strong>XLV.</strong></span> 
     </span>
    </p>
   </div>
   <div class='ocr_carea' id='block_1_53' title="bbox 2027 2412 3606 2512">
    <p class='ocr_par' dir='ltr' id='par_1_53' title="bbox 2027 2412 3606 2512">
     <span class='ocr_line' id='line_1_54' title="bbox 2027 2412 3606 2512; baseline -0.018 -10"><span class='ocrx_word' id='word_1_322' title='bbox 2027 2412 2315 2512; x_wconf 22' lang='lat' dir='ltr'><strong>Quomodo.</strong></span> <span class='ocrx_word' id='word_1_323' title='bbox 2355 2438 2559 2496; x_wconf 83' lang='lat' dir='ltr'><strong>Helena</strong></span> <span class='ocrx_word' id='word_1_324' title='bbox 2595 2437 2652 2492; x_wconf 87' lang='lat' dir='ltr'><strong>in</strong></span> <span class='ocrx_word' id='word_1_325' title='bbox 2698 2432 2935 2490; x_wconf 78' lang='lat' dir='ltr'><strong>ecclesiis</strong></span> <span class='ocrx_word' id='word_1_326' title='bbox 2984 2428 3226 2502; x_wconf 75' lang='lat' dir='ltr'><strong>religiose</strong></span> <span class='ocrx_word' id='word_1_327' title='bbox 3279 2433 3488 2480; x_wconf 78' lang='lat' dir='ltr'><strong>versata</strong></span> <span class='ocrx_word' id='word_1_328' title='bbox 3515 2422 3606 2475; x_wconf 79' lang='lat' dir='ltr'><strong>sit.</strong></span> 
     </span>
    </p>
   </div>
   <div class='ocr_carea' id='block_1_54' title="bbox 2097 2578 3612 2670">
    <p class='ocr_par' dir='ltr' id='par_1_54' title="bbox 2097 2578 3612 2670">
     <span class='ocr_line' id='line_1_55' title="bbox 2097 2578 3612 2670; baseline -0.017 -16"><span class='ocrx_word' id='word_1_329' title='bbox 2097 2595 2417 2670; x_wconf 73' lang='lat' dir='ltr'><strong>Huiusmodi</strong></span> <span class='ocrx_word' id='word_1_330' title='bbox 2459 2592 2720 2665; x_wconf 88' lang='lat' dir='ltr'><strong>operibus</strong></span> <span class='ocrx_word' id='word_1_331' title='bbox 2764 2603 2887 2645; x_wconf 90' lang='lat' dir='ltr'><strong>cum</strong></span> <span class='ocrx_word' id='word_1_332' title='bbox 2942 2597 3195 2657; x_wconf 88' lang='lat' dir='ltr'><strong>magnam</strong></span> <span class='ocrx_word' id='word_1_333' title='bbox 3243 2581 3345 2636; x_wconf 83' lang='lat' dir='ltr'><strong>sibi</strong></span> <span class='ocrx_word' id='word_1_334' title='bbox 3384 2578 3612 2649; x_wconf 80' lang='lat' dir='ltr'><strong>gloriam</strong></span> 
     </span>
    </p>
   </div>
   <div class='ocr_carea' id='block_1_55' title="bbox 2025 2673 3608 2762">
    <p class='ocr_par' dir='ltr' id='par_1_55' title="bbox 2025 2673 3608 2762">
     <span class='ocr_line' id='line_1_56' title="bbox 2025 2673 3608 2762; baseline -0.016 -12"><span class='ocrx_word' id='word_1_335' title='bbox 2025 2698 2420 2762; x_wconf 86' lang='lat' dir='ltr'><strong>comparasset,</strong></span> <span class='ocrx_word' id='word_1_336' title='bbox 2444 2690 2703 2759; x_wconf 89' lang='lat' dir='ltr'><strong>pietatem</strong></span> <span class='ocrx_word' id='word_1_337' title='bbox 2728 2696 2858 2753; x_wconf 82' lang='lat' dir='ltr'><strong>erga</strong></span> <span class='ocrx_word' id='word_1_338' title='bbox 2883 2679 3050 2735; x_wconf 88' lang='lat' dir='ltr'><strong>Deum</strong></span> <span class='ocrx_word' id='word_1_339' title='bbox 3075 2676 3300 2732; x_wconf 89' lang='lat' dir='ltr'><strong>minime</strong></span> <span class='ocrx_word' id='word_1_340' title='bbox 3329 2673 3568 2744; x_wconf 82' lang='lat' dir='ltr'><strong>neglexit</strong></span> <span class='ocrx_word' id='word_1_341' title='bbox 3594 2689 3608 2725; x_wconf 77' lang='grc' dir='ltr'><strong><em>τ</em></strong></span> 
     </span>
    </p>
   </div>
   <div class='ocr_carea' id='block_1_56' title="bbox 2027 2765 3612 2847">
    <p class='ocr_par' dir='ltr' id='par_1_56' title="bbox 2027 2765 3612 2847">
     <span class='ocr_line' id='line_1_57' title="bbox 2027 2765 3612 2847; baseline -0.019 -2"><span class='ocrx_word' id='word_1_342' title='bbox 2027 2803 2152 2845; x_wconf 90' lang='lat' dir='ltr'><strong>nam</strong></span> <span class='ocrx_word' id='word_1_343' title='bbox 2185 2796 2241 2842; x_wconf 89' lang='lat' dir='ltr'><strong>et</strong></span> <span class='ocrx_word' id='word_1_344' title='bbox 2293 2785 2531 2847; x_wconf 84' lang='lat' dir='ltr'><strong>assidue,</strong></span> <span class='ocrx_word' id='word_1_345' title='bbox 2582 2776 2797 2836; x_wconf 88' lang='lat' dir='ltr'><strong>cunctis</strong></span> <span class='ocrx_word' id='word_1_346' title='bbox 2833 2773 3163 2833; x_wconf 87' lang='lat' dir='ltr'><strong>videntibus,</strong></span> <span class='ocrx_word' id='word_1_347' title='bbox 3220 2769 3272 2824; x_wconf 89' lang='lat' dir='ltr'><strong>in</strong></span> <span class='ocrx_word' id='word_1_348' title='bbox 3321 2765 3612 2824; x_wconf 88' lang='lat' dir='ltr'><strong>ecclesiam</strong></span> 
     </span>
    </p>
   </div>
   <div class='ocr_carea' id='block_1_57' title="bbox 2025 2857 3615 2944">
    <p class='ocr_par' dir='ltr' id='par_1_57' title="bbox 2025 2857 3615 2944">
     <span class='ocr_line' id='line_1_58' title="bbox 2025 2857 3615 2944; baseline -0.015 -10"><span class='ocrx_word' id='word_1_349' title='bbox 2025 2880 2347 2944; x_wconf 85' lang='lat' dir='ltr'><strong>ventitabat,</strong></span> <span class='ocrx_word' id='word_1_350' title='bbox 2397 2887 2450 2932; x_wconf 90' lang='lat' dir='ltr'><strong>et</strong></span> <span class='ocrx_word' id='word_1_351' title='bbox 2496 2890 2684 2930; x_wconf 89' lang='lat' dir='ltr'><strong>sacras</strong></span> <span class='ocrx_word' id='word_1_352' title='bbox 2720 2871 2865 2927; x_wconf 67' lang='lat' dir='ltr'><strong>mdes</strong></span> <span class='ocrx_word' id='word_1_353' title='bbox 2894 2865 3114 2924; x_wconf 83' lang='lat' dir='ltr'><strong>eximiis</strong></span> <span class='ocrx_word' id='word_1_354' title='bbox 3152 2858 3491 2918; x_wconf 89' lang='lat' dir='ltr'><strong>ornamentis</strong></span> <span class='ocrx_word' id='word_1_355' title='bbox 3517 2857 3615 2911; x_wconf 87' lang='lat' dir='ltr'><strong>de-</strong></span> 
     </span>
    </p>
   </div>
   <div class='ocr_carea' id='block_1_58' title="bbox 2025 2949 3616 3040">
    <p class='ocr_par' dir='ltr' id='par_1_58' title="bbox 2025 2949 3616 3040">
     <span class='ocr_line' id='line_1_59' title="bbox 2025 2949 3616 3040; baseline -0.018 -10"><span class='ocrx_word' id='word_1_356' title='bbox 2025 2973 2270 3040; x_wconf 87' lang='lat' dir='ltr'><strong>corabat,</strong></span> <span class='ocrx_word' id='word_1_357' title='bbox 2296 2985 2365 3025; x_wconf 93' lang='lat' dir='ltr'><strong>ne</strong></span> <span class='ocrx_word' id='word_1_358' title='bbox 2393 2967 2747 3024; x_wconf 88' lang='lat' dir='ltr'><strong>minimarum</strong></span> <span class='ocrx_word' id='word_1_359' title='bbox 2777 2961 2996 3032; x_wconf 89' lang='lat' dir='ltr'><strong>quidem</strong></span> <span class='ocrx_word' id='word_1_360' title='bbox 3025 2956 3241 3012; x_wconf 88' lang='lat' dir='ltr'><strong>urbium</strong></span> <span class='ocrx_word' id='word_1_361' title='bbox 3269 2949 3485 3010; x_wconf 81' lang='lat' dir='ltr'><strong>sacella</strong></span> <span class='ocrx_word' id='word_1_362' title='bbox 3516 2949 3616 3003; x_wconf 84' lang='lat' dir='ltr'><strong>de-</strong></span> 
     </span>
    </p>
   </div>
   <div class='ocr_carea' id='block_1_59' title="bbox 2026 3041 3616 3137">
    <p class='ocr_par' dir='ltr' id='par_1_59' title="bbox 2026 3041 3616 3137">
     <span class='ocr_line' id='line_1_60' title="bbox 2026 3041 3616 3137; baseline -0.019 -14"><span class='ocrx_word' id='word_1_363' title='bbox 2026 3066 2282 3137; x_wconf 86' lang='lat' dir='ltr'><strong>spiciens.</strong></span> <span class='ocrx_word' id='word_1_364' title='bbox 2302 3063 2488 3130; x_wconf 85' lang='lat' dir='ltr'><strong>Itaque</strong></span> <span class='ocrx_word' id='word_1_365' title='bbox 2505 3059 2690 3113; x_wconf 87' lang='lat' dir='ltr'><strong>videre</strong></span> <span class='ocrx_word' id='word_1_366' title='bbox 2710 3063 2829 3110; x_wconf 89' lang='lat' dir='ltr'><strong>crat</strong></span> <span class='ocrx_word' id='word_1_367' title='bbox 2847 3052 3128 3108; x_wconf 86' lang='lat' dir='ltr'><strong>mulierem</strong></span> <span class='ocrx_word' id='word_1_368' title='bbox 3148 3059 3371 3116; x_wconf 90' lang='lat' dir='ltr'><strong>prorsus</strong></span> <span class='ocrx_word' id='word_1_369' title='bbox 3387 3041 3616 3098; x_wconf 82' lang='lat' dir='ltr'><strong>admira-</strong></span> 
     </span>
    </p>
   </div>
   <div class='ocr_carea' id='block_1_60' title="bbox 2025 3134 3615 3222">
    <p class='ocr_par' dir='ltr' id='par_1_60' title="bbox 2025 3134 3615 3222">
     <span class='ocr_line' id='line_1_61' title="bbox 2025 3134 3615 3222; baseline -0.018 -9"><span class='ocrx_word' id='word_1_370' title='bbox 2025 3134 2210 3222; x_wconf 76' lang='lat' dir='ltr'><strong>bilem,</strong></span> <span class='ocrx_word' id='word_1_371' title='bbox 2228 3155 2472 3210; x_wconf 84' lang='lat' dir='ltr'><strong>modesto</strong></span> <span class='ocrx_word' id='word_1_372' title='bbox 2489 3166 2552 3205; x_wconf 89' lang='lat' dir='ltr'><strong>ac</strong></span> <span class='ocrx_word' id='word_1_373' title='bbox 2569 3147 2783 3206; x_wconf 90' lang='lat' dir='ltr'><strong>decenti</strong></span> <span class='ocrx_word' id='word_1_374' title='bbox 2799 3145 2984 3200; x_wconf 87' lang='lat' dir='ltr'><strong>habitu</strong></span> <span class='ocrx_word' id='word_1_375' title='bbox 3001 3155 3107 3196; x_wconf 90' lang='lat' dir='ltr'><strong>una</strong></span> <span class='ocrx_word' id='word_1_376' title='bbox 3119 3154 3242 3195; x_wconf 92' lang='lat' dir='ltr'><strong>cum</strong></span> <span class='ocrx_word' id='word_1_377' title='bbox 3258 3136 3460 3206; x_wconf 86' lang='lat' dir='ltr'><strong>reliqua</strong></span> <span class='ocrx_word' id='word_1_378' title='bbox 3483 3134 3615 3188; x_wconf 80' lang='lat' dir='ltr'><strong>mul-</strong></span> 
     </span>
    </p>
   </div>
   <div class='ocr_carea' id='block_1_61' title="bbox 345 3225 1924 3336">
    <p class='ocr_par' dir='ltr' id='par_1_61' title="bbox 345 3225 1924 3336">
     <span class='ocr_line' id='line_1_62' title="bbox 345 3225 1924 3336; baseline -0.006 -18"><span class='ocrx_word' id='word_1_379' title='bbox 345 3225 532 3336; x_wconf 52' lang='lat' dir='ltr'><strong>ttéimii,</strong></span> <span class='ocrx_word' id='word_1_380' title='bbox 570 3265 671 3336; x_wconf 91' lang='grc' dir='ltr'><strong>τήν</strong></span> <span class='ocrx_word' id='word_1_381' title='bbox 703 3281 763 3316; x_wconf 89' lang='grc' dir='ltr'><strong>τε</strong></span> <span class='ocrx_word' id='word_1_382' title='bbox 808 3263 942 3333; x_wconf 78' lang='grc' dir='ltr'>πρὸς</span> <span class='ocrx_word' id='word_1_383' title='bbox 988 3225 1050 3315; x_wconf 60' lang='grc' dir='ltr'><strong>τί)</strong></span> <span class='ocrx_word' id='word_1_384' title='bbox 1080 3225 1234 3313; x_wconf 63' lang='grc' dir='ltr'>Θεῖόν</span> <span class='ocrx_word' id='word_1_385' title='bbox 1283 3225 1569 3312; x_wconf 69' lang='grc' dir='ltr'>εὐλάόειαν</span> <span class='ocrx_word' id='word_1_386' title='bbox 1608 3257 1697 3310; x_wconf 84' lang='grc' dir='ltr'><strong>διά</strong></span> <span class='ocrx_word' id='word_1_387' title='bbox 1721 3225 1924 3326; x_wconf 45' lang='grc' dir='ltr'>’πάσης</span> 
     </span>
    </p>
   </div>
   <div class='ocr_carea' id='block_1_62' title="bbox 2026 3225 3614 3336">
    <p class='ocr_par' dir='ltr' id='par_1_62' title="bbox 2033 3225 3614 3306">
     <span class='ocr_line' id='line_1_63' title="bbox 2033 3225 3614 3306; baseline -0.017 -1"><span class='ocrx_word' id='word_1_388' title='bbox 2033 3249 2263 3305; x_wconf 89' lang='lat' dir='ltr'><strong>titudine</strong></span> <span class='ocrx_word' id='word_1_389' title='bbox 2290 3253 2623 3306; x_wconf 88' lang='lat' dir='ltr'><strong>versantem,</strong></span> <span class='ocrx_word' id='word_1_390' title='bbox 2656 3252 2920 3306; x_wconf 87' lang='lat' dir='ltr'><strong>suamque</strong></span> <span class='ocrx_word' id='word_1_391' title='bbox 2942 3231 3105 3306; x_wconf 80' lang='lat'><strong>506</strong></span> <span class='ocrx_word' id='word_1_392' title='bbox 3129 3245 3257 3301; x_wconf 81' lang='lat' dir='ltr'><strong>erga</strong></span> <span class='ocrx_word' id='word_1_393' title='bbox 3288 3229 3458 3283; x_wconf 90' lang='lat' dir='ltr'><strong>Deum</strong></span> <span class='ocrx_word' id='word_1_394' title='bbox 3484 3225 3614 3280; x_wconf 90' lang='lat' dir='ltr'><strong>reli-</strong></span> 
     </span>
    </p>
   </div>
   <div class='ocr_carea' id='block_1_63' title="bbox 343 3351 1415 3426">
    <p class='ocr_par' dir='ltr' id='par_1_63' title="bbox 343 3351 1415 3426">
     <span class='ocr_line' id='line_1_64' title="bbox 343 3351 1415 3426; baseline -0.007 -16"><span class='ocrx_word' id='word_1_395' title='bbox 343 3355 624 3426; x_wconf 81' lang='grc' dir='ltr'>θεοφιλοῦς</span> <span class='ocrx_word' id='word_1_396' title='bbox 651 3354 908 3426; x_wconf 82' lang='grc' dir='ltr'>πράξεως</span> <span class='ocrx_word' id='word_1_397' title='bbox 941 3351 1415 3422; x_wconf 73' lang='grc' dir='ltr'>ἐπιδεικνυμένην.</span> 
     </span>
    </p>
   </div>
   <div class='ocr_carea' id='block_1_64' title="bbox 839 3443 1427 3509">
    <p class='ocr_par' dir='ltr' id='par_1_64' title="bbox 839 3443 1427 3509">
     <span class='ocr_line' id='line_1_65' title="bbox 839 3443 1427 3509; baseline -0.005 -12"><span class='ocrx_word' id='word_1_398' title='bbox 839 3444 1236 3498; x_wconf 79' lang='grc' dir='ltr'><strong>ΚΕΦΑΛΑΙΟΝ</strong></span> <span class='ocrx_word' id='word_1_399' title='bbox 1276 3443 1427 3509; x_wconf 55' lang='lat' dir='ltr'><strong>MCT.</strong></span> 
     </span>
    </p>
   </div>
   <div class='ocr_carea' id='block_1_65' title="bbox 349 3528 1925 3657">
    <p class='ocr_par' dir='ltr' id='par_1_65' title="bbox 349 3528 1925 3657">
     <span class='ocr_line' id='line_1_66' title="bbox 349 3528 1925 3657; baseline -0.006 -65"><span class='ocrx_word' id='word_1_400' title='bbox 349 3539 546 3598; x_wconf 78' lang='grc' dir='ltr'>Ὀπως</span> <span class='ocrx_word' id='word_1_401' title='bbox 576 3533 1075 3657; x_wconf 55' lang='grc' dir='ltr'>ὀγδοηκοντοῦτιὲ</span> <span class='ocrx_word' id='word_1_402' title='bbox 1101 3529 1260 3622; x_wconf 70' lang='grc' dir='ltr'>οὖσα</span> <span class='ocrx_word' id='word_1_403' title='bbox 1291 3531 1390 3584; x_wconf 79' lang='grc' dir='ltr'>καὶ</span> <span class='ocrx_word' id='word_1_404' title='bbox 1435 3529 1772 3599; x_wconf 79' lang='grc' dir='ltr'>διαθεμένη,</span> <span class='ocrx_word' id='word_1_405' title='bbox 1801 3528 1925 3582; x_wconf 82' lang='grc' dir='ltr'>ἐτε-</span> 
     </span>
     <span class='ocr_line' id='line_1_67' title="bbox 1069 3619 1234 3657; baseline 0.006 -1"><span class='ocrx_word' id='word_1_406' title='bbox 1069 3619 1234 3657; x_wconf 77' lang='lat' dir='ltr'><strong>eum.</strong></span> 
     </span>
    </p>
   </div>
   <div class='ocr_carea' id='block_1_66' title="bbox 1069 3619 1234 3658">
    <p class='ocr_par' dir='ltr' id='par_1_66' title="bbox 1069 3619 1234 3658">
     <span class='ocr_line' id='line_1_68' title="bbox 1069 3619 1234 3658; baseline 0.012 -2"><span class='ocrx_word' id='word_1_407' title='bbox 1069 3619 1136 3656; x_wconf 84' lang='grc' dir='ltr'>ευ</span> <span class='ocrx_word' id='word_1_408' title='bbox 1143 3619 1215 3656; x_wconf 82' lang='grc' dir='ltr'><strong>τα</strong></span> <span class='ocrx_word' id='word_1_409' title='bbox 1221 3645 1234 3658; x_wconf 84' lang='lat'><strong>.</strong></span> 
     </span>
    </p>
   </div>
   <div class='ocr_carea' id='block_1_67' title="bbox 426 3691 1922 3767">
    <p class='ocr_par' dir='ltr' id='par_1_67' title="bbox 426 3691 1922 3767">
     <span class='ocr_line' id='line_1_69' title="bbox 426 3691 1922 3767; baseline 0.002 -16"><span class='ocrx_word' id='word_1_410' title='bbox 426 3698 582 3755; x_wconf 70' lang='grc' dir='ltr'>Ἐπεὶ</span> <span class='ocrx_word' id='word_1_411' title='bbox 604 3699 661 3752; x_wconf 82' lang='grc' dir='ltr'>δὲ</span> <span class='ocrx_word' id='word_1_412' title='bbox 686 3697 870 3752; x_wconf 81' lang='grc' dir='ltr'>λοιπὸν</span> <span class='ocrx_word' id='word_1_413' title='bbox 888 3696 957 3750; x_wconf 87' lang='grc' dir='ltr'><strong>τά</strong></span> <span class='ocrx_word' id='word_1_414' title='bbox 983 3697 1080 3767; x_wconf 82' lang='grc' dir='ltr'>τῆς</span> <span class='ocrx_word' id='word_1_415' title='bbox 1103 3695 1410 3766; x_wconf 77' lang='grc' dir='ltr'>αὐτάρκους</span> <span class='ocrx_word' id='word_1_416' title='bbox 1432 3691 1732 3748; x_wconf 78' lang='grc' dir='ltr'>διανύσασα</span> <span class='ocrx_word' id='word_1_417' title='bbox 1755 3691 1922 3762; x_wconf 78' lang='grc' dir='ltr'><strong>ζωῆς,</strong></span> 
     </span>
    </p>
   </div>
   <div class='ocr_carea' id='block_1_68' title="bbox 346 3783 1928 3862">
    <p class='ocr_par' dir='ltr' id='par_1_68' title="bbox 346 3783 1928 3862">
     <span class='ocr_line' id='line_1_70' title="bbox 346 3783 1928 3862; baseline -0.008 -16"><span class='ocrx_word' id='word_1_418' title='bbox 346 3792 436 3847; x_wconf 71' lang='grc' dir='ltr'>ἐπὶ</span> <span class='ocrx_word' id='word_1_419' title='bbox 474 3790 573 3862; x_wconf 83' lang='grc' dir='ltr'>τὴν</span> <span class='ocrx_word' id='word_1_420' title='bbox 621 3789 908 3862; x_wconf 86' lang='grc' dir='ltr'>κρείττονα</span> <span class='ocrx_word' id='word_1_421' title='bbox 955 3786 1109 3859; x_wconf 76' lang='grc' dir='ltr'>λῆξιν</span> <span class='ocrx_word' id='word_1_422' title='bbox 1156 3785 1422 3849; x_wconf 82' lang='grc' dir='ltr'>ἐκαλεῖτο,</span> <span class='ocrx_word' id='word_1_423' title='bbox 1459 3784 1645 3855; x_wconf 89' lang='grc' dir='ltr'>σχεδόν</span> <span class='ocrx_word' id='word_1_424' title='bbox 1678 3800 1780 3836; x_wconf 85' lang='grc' dir='ltr'><strong>που</strong></span> <span class='ocrx_word' id='word_1_425' title='bbox 1828 3783 1928 3853; x_wconf 88' lang='grc' dir='ltr'>τῆς</span> 
     </span>
    </p>
   </div>
   <div class='ocr_carea' id='block_1_69' title="bbox 343 3875 1925 3957">
    <p class='ocr_par' dir='ltr' id='par_1_69' title="bbox 343 3875 1925 3957">
     <span class='ocr_line' id='line_1_71' title="bbox 343 3875 1925 3957; baseline -0.006 -21"><span class='ocrx_word' id='word_1_426' title='bbox 343 3883 556 3957; x_wconf 81' lang='grc' dir='ltr'>ήλικίας</span> <span class='ocrx_word' id='word_1_427' title='bbox 589 3881 732 3953; x_wconf 77' lang='grc' dir='ltr'>ἀμφὶ</span> <span class='ocrx_word' id='word_1_428' title='bbox 754 3881 882 3944; x_wconf 81' lang='grc' dir='ltr'>τοὺς</span> <span class='ocrx_word' id='word_1_429' title='bbox 903 3880 1233 3950; x_wconf 86' lang='grc' dir='ltr'>ὀγδοήκοντα</span> <span class='ocrx_word' id='word_1_430' title='bbox 1261 3878 1540 3940; x_wconf 72' lang='grc' dir='ltr'>ἐνιαυτοὺς</span> <span class='ocrx_word' id='word_1_431' title='bbox 1567 3875 1925 3949; x_wconf 86' lang='grc' dir='ltr'>διάρκέσασα,</span> 
     </span>
    </p>
   </div>
   <div class='ocr_carea' id='block_1_70' title="bbox 344 3967 1930 4048">
    <p class='ocr_par' dir='ltr' id='par_1_70' title="bbox 344 3967 1930 4048">
     <span class='ocr_line' id='line_1_72' title="bbox 344 3967 1930 4048; baseline -0.008 -16"><span class='ocrx_word' id='word_1_432' title='bbox 344 3975 482 4048; x_wconf 76' lang='grc' dir='ltr'>πρὸς</span> <span class='ocrx_word' id='word_1_433' title='bbox 512 3975 660 4046; x_wconf 82' lang='grc' dir='ltr'>αὐτῷ</span> <span class='ocrx_word' id='word_1_434' title='bbox 692 3973 958 4046; x_wconf 83' lang='grc' dir='ltr'>γενομένη</span> <span class='ocrx_word' id='word_1_435' title='bbox 993 3972 1071 4044; x_wconf 84' lang='grc' dir='ltr'>τῷ</span> <span class='ocrx_word' id='word_1_436' title='bbox 1109 3971 1280 4035; x_wconf 87' lang='grc' dir='ltr'>τέλει,</span> <span class='ocrx_word' id='word_1_437' title='bbox 1340 3984 1692 4023; x_wconf 77' lang='grc' dir='ltr'>συνεταττετο</span> <span class='ocrx_word' id='word_1_438' title='bbox 1723 3969 1818 4022; x_wconf 73' lang='grc' dir='ltr'><strong>καὶ</strong></span> <span class='ocrx_word' id='word_1_439' title='bbox 1852 3967 1930 4020; x_wconf 88' lang='grc' dir='ltr'>δι-</span> 
     </span>
    </p>
   </div>
   <div class='ocr_carea' id='block_1_71' title="bbox 348 4059 1930 4135">
    <p class='ocr_par' dir='ltr' id='par_1_71' title="bbox 348 4059 1930 4135">
     <span class='ocr_line' id='line_1_73' title="bbox 348 4059 1930 4135; baseline -0.004 -16"><span class='ocrx_word' id='word_1_440' title='bbox 348 4064 658 4119; x_wconf 76' lang='grc' dir='ltr'>ετίθετοὲπὶ</span> <span class='ocrx_word' id='word_1_441' title='bbox 685 4063 1079 4135; x_wconf 84' lang='grc' dir='ltr'>μονογενεῖυὶῷ</span> <span class='ocrx_word' id='word_1_442' title='bbox 1106 4061 1316 4133; x_wconf 83' lang='grc' dir='ltr'>βασιλεῖ</span> <span class='ocrx_word' id='word_1_443' title='bbox 1344 4061 1598 4133; x_wconf 86' lang='grc' dir='ltr'>μονάρχῳ</span> <span class='ocrx_word' id='word_1_444' title='bbox 1626 4059 1930 4131; x_wconf 86' lang='grc' dir='ltr'>κοσμοκρά-</span> 
     </span>
    </p>
   </div>
   <div class='ocr_carea' id='block_1_72' title="bbox 346 4150 1927 4226">
    <p class='ocr_par' dir='ltr' id='par_1_72' title="bbox 346 4150 1927 4226">
     <span class='ocr_line' id='line_1_74' title="bbox 346 4150 1927 4226; baseline -0.004 -18"><span class='ocrx_word' id='word_1_445' title='bbox 346 4171 480 4226; x_wconf 85' lang='grc' dir='ltr'>τορι,</span> <span class='ocrx_word' id='word_1_446' title='bbox 518 4156 675 4212; x_wconf 90' lang='grc' dir='ltr'>παισί</span> <span class='ocrx_word' id='word_1_447' title='bbox 697 4173 755 4210; x_wconf 90' lang='grc' dir='ltr'><strong>τε</strong></span> <span class='ocrx_word' id='word_1_448' title='bbox 779 4155 968 4209; x_wconf 83' lang='grc' dir='ltr'>τούτου</span> <span class='ocrx_word' id='word_1_449' title='bbox 992 4154 1283 4226; x_wconf 89' lang='grc' dir='ltr'>καίσαρσιν</span> <span class='ocrx_word' id='word_1_450' title='bbox 1307 4153 1505 4224; x_wconf 78' lang='grc' dir='ltr'>ἑαυτῆς</span> <span class='ocrx_word' id='word_1_451' title='bbox 1533 4151 1797 4219; x_wconf 77' lang='grc' dir='ltr'>ἐκγόνοις,</span> <span class='ocrx_word' id='word_1_452' title='bbox 1829 4150 1927 4222; x_wconf 85' lang='grc' dir='ltr'>τὴν</span> 
     </span>
    </p>
   </div>
   <div class='ocr_carea' id='block_1_73' title="bbox 348 4242 1927 4320">
    <p class='ocr_par' dir='ltr' id='par_1_73' title="bbox 348 4242 1927 4320">
     <span class='ocr_line' id='line_1_75' title="bbox 348 4242 1927 4320; baseline -0.004 -18"><span class='ocrx_word' id='word_1_453' title='bbox 348 4247 580 4319; x_wconf 79' lang='grc' dir='ltr'>ὑστάτην</span> <span class='ocrx_word' id='word_1_454' title='bbox 638 4248 832 4320; x_wconf 78' lang='grc' dir='ltr'>βουλήν</span> <span class='ocrx_word' id='word_1_455' title='bbox 886 4245 1251 4320; x_wconf 80' lang='grc' dir='ltr'>διοριζομένη,</span> <span class='ocrx_word' id='word_1_456' title='bbox 1321 4243 1654 4316; x_wconf 85' lang='grc' dir='ltr'>διανέμουσά</span> <span class='ocrx_word' id='word_1_457' title='bbox 1711 4261 1770 4298; x_wconf 86' lang='grc' dir='ltr'><strong>τε</strong></span> <span class='ocrx_word' id='word_1_458' title='bbox 1818 4242 1927 4295; x_wconf 86' lang='grc' dir='ltr'><strong>τῶν</strong></span> 
     </span>
    </p>
   </div>
   <div class='ocr_carea' id='block_1_74' title="bbox 348 4332 1928 4408">
    <p class='ocr_par' dir='ltr' id='par_1_74' title="bbox 348 4332 1928 4408">
     <span class='ocr_line' id='line_1_76' title="bbox 348 4332 1928 4408; baseline -0.003 -20"><span class='ocrx_word' id='word_1_459' title='bbox 348 4335 585 4405; x_wconf 73' lang='grc' dir='ltr'>ἐκγόνων</span> <span class='ocrx_word' id='word_1_460' title='bbox 624 4338 836 4408; x_wconf 76' lang='grc' dir='ltr'>ἑκάστῳ</span> <span class='ocrx_word' id='word_1_461' title='bbox 880 4336 948 4390; x_wconf 82' lang='grc' dir='ltr'>τὰ</span> <span class='ocrx_word' id='word_1_462' title='bbox 993 4337 1093 4406; x_wconf 80' lang='grc' dir='ltr'>τῆς</span> <span class='ocrx_word' id='word_1_463' title='bbox 1122 4337 1325 4398; x_wconf 73' lang='grc' dir='ltr'>οἰκείας</span> <span class='ocrx_word' id='word_1_464' title='bbox 1358 4333 1668 4406; x_wconf 81' lang='grc' dir='ltr'>ὑπάρξεως,</span> <span class='ocrx_word' id='word_1_465' title='bbox 1701 4332 1800 4402; x_wconf 82' lang='grc' dir='ltr'><strong>ὅση</strong></span> <span class='ocrx_word' id='word_1_466' title='bbox 1843 4347 1928 4393; x_wconf 88' lang='grc' dir='ltr'><strong>τις</strong></span> 
     </span>
    </p>
   </div>
   <div class='ocr_carea' id='block_1_75' title="bbox 348 4419 1928 4499">
    <p class='ocr_par' dir='ltr' id='par_1_75' title="bbox 348 4419 1928 4499">
     <span class='ocr_line' id='line_1_77' title="bbox 348 4419 1928 4499; baseline -0.015 -2"><span class='ocrx_word' id='word_1_467' title='bbox 348 4426 480 4496; x_wconf 67' lang='grc' dir='ltr'><strong>αὐτῇ</strong></span> <span class='ocrx_word' id='word_1_468' title='bbox 493 4425 596 4479; x_wconf 82' lang='grc' dir='ltr'>καθ</span> <span class='ocrx_word' id='word_1_469' title='bbox 607 4434 614 4448; x_wconf 87' lang='grc'><em>’</em></span> <span class='ocrx_word' id='word_1_470' title='bbox 625 4426 750 4496; x_wconf 78' lang='grc' dir='ltr'>ὅλης</span> <span class='ocrx_word' id='word_1_471' title='bbox 767 4429 876 4499; x_wconf 84' lang='grc' dir='ltr'>ὐπῆ</span> <span class='ocrx_word' id='word_1_472' title='bbox 886 4427 975 4496; x_wconf 80' lang='grc' dir='ltr'><strong>ρξε</strong></span> <span class='ocrx_word' id='word_1_473' title='bbox 989 4428 1089 4496; x_wconf 83' lang='grc' dir='ltr'><strong>τῆς</strong></span> <span class='ocrx_word' id='word_1_474' title='bbox 1101 4429 1249 4479; x_wconf 81' lang='grc' dir='ltr'>οἱκου</span> <span class='ocrx_word' id='word_1_475' title='bbox 1258 4425 1444 4496; x_wconf 84' lang='grc' dir='ltr'>μένης.</span> <span class='ocrx_word' id='word_1_476' title='bbox 1463 4426 1572 4478; x_wconf 66' lang='grc' dir='ltr'><strong>Καὶ</strong></span> <span class='ocrx_word' id='word_1_477' title='bbox 1585 4423 1642 4476; x_wconf 82' lang='grc' dir='ltr'>δὲ</span> <span class='ocrx_word' id='word_1_478' title='bbox 1660 4422 1792 4491; x_wconf 71' lang='lat'><strong>(29‘)</strong></span> <span class='ocrx_word' id='word_1_479' title='bbox 1805 4419 1928 4474; x_wconf 81' lang='grc' dir='ltr'>τοῦ·</span> 
     </span>
    </p>
   </div>
   <div class='ocr_carea' id='block_1_76' title="bbox 345 4513 1926 4590">
    <p class='ocr_par' dir='ltr' id='par_1_76' title="bbox 345 4513 1926 4590">
     <span class='ocr_line' id='line_1_78' title="bbox 345 4513 1926 4590; baseline -0.004 -18"><span class='ocrx_word' id='word_1_480' title='bbox 345 4533 436 4572; x_wconf 83' lang='grc' dir='ltr'><strong>τον</strong></span> <span class='ocrx_word' id='word_1_481' title='bbox 466 4516 756 4588; x_wconf 86' lang='grc' dir='ltr'>διαθεμένη</span> <span class='ocrx_word' id='word_1_482' title='bbox 784 4518 876 4570; x_wconf 85' lang='grc' dir='ltr'><strong>τὸν</strong></span> <span class='ocrx_word' id='word_1_483' title='bbox 905 4517 1128 4590; x_wconf 85' lang='grc' dir='ltr'>τρόπον,</span> <span class='ocrx_word' id='word_1_484' title='bbox 1164 4516 1350 4570; x_wconf 84' lang='grc' dir='ltr'>λοιπὸν</span> <span class='ocrx_word' id='word_1_485' title='bbox 1375 4514 1473 4586; x_wconf 80' lang='grc' dir='ltr'>τὴν</span> <span class='ocrx_word' id='word_1_486' title='bbox 1519 4514 1612 4569; x_wconf 77' lang='grc' dir='ltr'>τοῦ</span> <span class='ocrx_word' id='word_1_487' title='bbox 1639 4513 1756 4585; x_wconf 86' lang='grc' dir='ltr'>βίου</span> <span class='ocrx_word' id='word_1_488' title='bbox 1792 4530 1926 4566; x_wconf 87' lang='grc' dir='ltr'>κατ-</span> 
     </span>
    </p>
   </div>
   <div class='ocr_carea' id='block_1_77' title="bbox 2031 3323 3564 3414">
    <p class='ocr_par' dir='ltr' id='par_1_77' title="bbox 2031 3323 3564 3414">
     <span class='ocr_line' id='line_1_79' title="bbox 2031 3323 3564 3414; baseline -0.017 -17"><span class='ocrx_word' id='word_1_489' title='bbox 2031 3342 2243 3414; x_wconf 91' lang='lat' dir='ltr'><strong>gionem</strong></span> <span class='ocrx_word' id='word_1_490' title='bbox 2272 3338 2419 3395; x_wconf 84' lang='lat' dir='ltr'><strong>omni</strong></span> <span class='ocrx_word' id='word_1_491' title='bbox 2445 3334 2656 3404; x_wconf 89' lang='lat' dir='ltr'><strong>piorum</strong></span> <span class='ocrx_word' id='word_1_492' title='bbox 2684 3345 2910 3400; x_wconf 76' lang='lat' dir='ltr'><strong>cperum</strong></span> <span class='ocrx_word' id='word_1_493' title='bbox 2941 3339 3142 3398; x_wconf 83' lang='lat' dir='ltr'><strong>genere</strong></span> <span class='ocrx_word' id='word_1_494' title='bbox 3170 3323 3564 3379; x_wconf 89' lang='lat' dir='ltr'><strong>declarantem.</strong></span> 
     </span>
    </p>
   </div>
   <div class='ocr_carea' id='block_1_78' title="bbox 2604 3418 3052 3481">
    <p class='ocr_par' dir='ltr' id='par_1_78' title="bbox 2604 3418 3052 3481">
     <span class='ocr_line' id='line_1_80' title="bbox 2604 3418 3052 3481; baseline -0.004 -1"><span class='ocrx_word' id='word_1_495' title='bbox 2604 3421 2832 3481; x_wconf 79' lang='lat' dir='ltr'><strong>CAPUT</strong></span> <span class='ocrx_word' id='word_1_496' title='bbox 2863 3418 3052 3478; x_wconf 70' lang='lat' dir='ltr'><strong>XLVI.</strong></span> 
     </span>
    </p>
   </div>
   <div class='ocr_carea' id='block_1_79' title="bbox 2101 3506 3546 3644">
    <p class='ocr_par' dir='ltr' id='par_1_79' title="bbox 2101 3506 3546 3644">
     <span class='ocr_line' id='line_1_81' title="bbox 2101 3506 3546 3644; baseline -0.017 -59"><span class='ocrx_word' id='word_1_497' title='bbox 2101 3525 2376 3596; x_wconf 81' lang='lat' dir='ltr'><strong>Quomodo</strong></span> <span class='ocrx_word' id='word_1_498' title='bbox 2425 3521 2799 3644; x_wconf 47' lang='lat' dir='ltr'><strong>octogenar‘iia,</strong></span> <span class='ocrx_word' id='word_1_499' title='bbox 2835 3522 3144 3600; x_wconf 69' lang='lat' dir='ltr'><strong>testamento</strong></span> <span class='ocrx_word' id='word_1_500' title='bbox 3180 3511 3342 3582; x_wconf 76' lang='lat' dir='ltr'><strong>facta,</strong></span> <span class='ocrx_word' id='word_1_501' title='bbox 3377 3525 3404 3564; x_wconf 86' lang='lat' dir='ltr'><strong>e</strong></span> <span class='ocrx_word' id='word_1_502' title='bbox 3437 3506 3546 3562; x_wconf 80' lang='lat' dir='ltr'><strong>vita</strong></span> 
     </span>
     <span class='ocr_line' id='line_1_82' title="bbox 2740 3599 2944 3644; baseline -0.025 0"><span class='ocrx_word' id='word_1_503' title='bbox 2740 3599 2944 3644; x_wconf 79' lang='lat' dir='ltr'><strong>ecesstt.</strong></span> 
     </span>
    </p>
   </div>
   <div class='ocr_carea' id='block_1_80' title="bbox 2740 3599 2944 3644">
    <p class='ocr_par' dir='ltr' id='par_1_80' title="bbox 2740 3599 2944 3644">
     <span class='ocr_line' id='line_1_83' title="bbox 2740 3599 2944 3644; baseline -0.025 0"><span class='ocrx_word' id='word_1_504' title='bbox 2740 3599 2944 3644; x_wconf 71' lang='lat'><strong>80688&quot;.</strong></span> 
     </span>
    </p>
   </div>
   <div class='ocr_carea' id='block_1_81' title="bbox 2099 3671 3619 3756">
    <p class='ocr_par' dir='ltr' id='par_1_81' title="bbox 2099 3671 3619 3756">
     <span class='ocr_line' id='line_1_84' title="bbox 2099 3671 3619 3756; baseline -0.016 -11"><span class='ocrx_word' id='word_1_505' title='bbox 2099 3689 2217 3745; x_wconf 82' lang='lat' dir='ltr'><strong>Jam</strong></span> <span class='ocrx_word' id='word_1_506' title='bbox 2249 3692 2398 3756; x_wconf 61' lang='lat' dir='ltr'><strong>;vero</strong></span> <span class='ocrx_word' id='word_1_507' title='bbox 2433 3698 2570 3740; x_wconf 71' lang='lat' dir='ltr'><strong>tcum</strong></span> <span class='ocrx_word' id='word_1_508' title='bbox 2618 3682 2752 3738; x_wconf 87' lang='lat' dir='ltr'><strong>satis</strong></span> <span class='ocrx_word' id='word_1_509' title='bbox 2788 3680 2948 3750; x_wconf 89' lang='lat' dir='ltr'><strong>longo</strong></span> <span class='ocrx_word' id='word_1_510' title='bbox 2996 3675 3121 3730; x_wconf 65' lang='lat' dir='ltr'><strong>vita:</strong></span> <span class='ocrx_word' id='word_1_511' title='bbox 3168 3671 3343 3744; x_wconf 86' lang='lat' dir='ltr'><strong>spatio</strong></span> <span class='ocrx_word' id='word_1_512' title='bbox 3391 3671 3619 3725; x_wconf 88' lang='lat' dir='ltr'><strong>decurso</strong></span> 
     </span>
    </p>
   </div>
   <div class='ocr_carea' id='block_1_82' title="bbox 2029 3764 3619 3840">
    <p class='ocr_par' dir='ltr' id='par_1_82' title="bbox 2029 3764 3619 3840">
     <span class='ocr_line' id='line_1_85' title="bbox 2029 3764 3619 3840; baseline -0.015 0"><span class='ocrx_word' id='word_1_513' title='bbox 2029 3787 2096 3840; x_wconf 89' lang='lat' dir='ltr'><strong>ad</strong></span> <span class='ocrx_word' id='word_1_514' title='bbox 2129 3783 2422 3839; x_wconf 82' lang='lat' dir='ltr'><strong>feliciorem</strong></span> <span class='ocrx_word' id='word_1_515' title='bbox 2444 3787 2650 3836; x_wconf 92' lang='lat' dir='ltr'><strong>sortem</strong></span> <span class='ocrx_word' id='word_1_516' title='bbox 2681 3784 2991 3838; x_wconf 87' lang='lat' dir='ltr'><strong>vocaretur,</strong></span> <span class='ocrx_word' id='word_1_517' title='bbox 3025 3783 3225 3825; x_wconf 90' lang='lat' dir='ltr'><strong>annum</strong></span> <span class='ocrx_word' id='word_1_518' title='bbox 3255 3764 3430 3822; x_wconf 69' lang='lat' dir='ltr'><strong>aetatis</strong></span> <span class='ocrx_word' id='word_1_519' title='bbox 3455 3775 3619 3834; x_wconf 82' lang='lat' dir='ltr'><strong>agens</strong></span> 
     </span>
    </p>
   </div>
   <div class='ocr_carea' id='block_1_83' title="bbox 2029 3856 3616 3946">
    <p class='ocr_par' dir='ltr' id='par_1_83' title="bbox 2029 3856 3616 3946">
     <span class='ocr_line' id='line_1_86' title="bbox 2029 3856 3616 3946; baseline -0.016 -11"><span class='ocrx_word' id='word_1_520' title='bbox 2029 3879 2250 3935; x_wconf 88' lang='lat' dir='ltr'><strong>circiter</strong></span> <span class='ocrx_word' id='word_1_521' title='bbox 2271 3869 2760 3946; x_wconf 86' lang='lat' dir='ltr'><strong>octogesimum,in</strong></span> <span class='ocrx_word' id='word_1_522' title='bbox 2789 3868 2906 3938; x_wconf 88' lang='lat' dir='ltr'><strong>ipso</strong></span> <span class='ocrx_word' id='word_1_523' title='bbox 2935 3864 3128 3920; x_wconf 91' lang='lat' dir='ltr'><strong>mortis</strong></span> <span class='ocrx_word' id='word_1_524' title='bbox 3158 3859 3397 3916; x_wconf 83' lang='lat' dir='ltr'><strong>conﬁnio</strong></span> <span class='ocrx_word' id='word_1_525' title='bbox 3422 3856 3616 3927; x_wconf 89' lang='lat' dir='ltr'><strong>posita,</strong></span> 
     </span>
    </p>
   </div>
   <div class='ocr_carea' id='block_1_84' title="bbox 2032 3948 3613 4028">
    <p class='ocr_par' dir='ltr' id='par_1_84' title="bbox 2032 3948 3613 4028">
     <span class='ocr_line' id='line_1_87' title="bbox 2032 3948 3613 4028; baseline -0.014 -4"><span class='ocrx_word' id='word_1_526' title='bbox 2032 3975 2358 4026; x_wconf 91' lang='lat' dir='ltr'><strong>testamento</strong></span> <span class='ocrx_word' id='word_1_527' title='bbox 2414 3964 2581 4028; x_wconf 83' lang='lat' dir='ltr'><strong>facto,</strong></span> <span class='ocrx_word' id='word_1_528' title='bbox 2618 3959 2867 4016; x_wconf 89' lang='lat' dir='ltr'><strong>ultimam</strong></span> <span class='ocrx_word' id='word_1_529' title='bbox 2915 3955 3248 4011; x_wconf 89' lang='lat' dir='ltr'><strong>voluntatem</strong></span> <span class='ocrx_word' id='word_1_530' title='bbox 3283 3948 3613 4013; x_wconf 85' lang='lat' dir='ltr'><strong>declaravit,</strong></span> 
     </span>
    </p>
   </div>
   <div class='ocr_carea' id='block_1_85' title="bbox 2031 4042 3616 4128">
    <p class='ocr_par' dir='ltr' id='par_1_85' title="bbox 2031 4042 3616 4128">
     <span class='ocr_line' id='line_1_88' title="bbox 2031 4042 3616 4128; baseline -0.016 -10"><span class='ocrx_word' id='word_1_531' title='bbox 2031 4062 2301 4118; x_wconf 82' lang='lat' dir='ltr'><strong>baeredem</strong></span> <span class='ocrx_word' id='word_1_532' title='bbox 2325 4057 2640 4128; x_wconf 84' lang='lat' dir='ltr'><strong>relinquens</strong></span> <span class='ocrx_word' id='word_1_533' title='bbox 2669 4053 2890 4108; x_wconf 90' lang='lat' dir='ltr'><strong>unicum</strong></span> <span class='ocrx_word' id='word_1_534' title='bbox 2922 4048 3114 4111; x_wconf 86' lang='lat' dir='ltr'><strong>lilium,</strong></span> <span class='ocrx_word' id='word_1_535' title='bbox 3150 4045 3326 4101; x_wconf 92' lang='lat' dir='ltr'><strong>solum</strong></span> <span class='ocrx_word' id='word_1_536' title='bbox 3373 4042 3616 4111; x_wconf 86' lang='lat' dir='ltr'><strong>impera-</strong></span> 
     </span>
    </p>
   </div>
   <div class='ocr_carea' id='block_1_86' title="bbox 2033 4127 3617 4210">
    <p class='ocr_par' dir='ltr' id='par_1_86' title="bbox 2033 4127 3617 4210">
     <span class='ocr_line' id='line_1_89' title="bbox 2033 4127 3617 4210; baseline -0.017 0"><span class='ocrx_word' id='word_1_537' title='bbox 2033 4167 2204 4210; x_wconf 88' lang='lat' dir='ltr'><strong>torem</strong></span> <span class='ocrx_word' id='word_1_538' title='bbox 2235 4167 2301 4207; x_wconf 92' lang='lat' dir='ltr'><strong>ac</strong></span> <span class='ocrx_word' id='word_1_539' title='bbox 2331 4149 2613 4206; x_wconf 89' lang='lat' dir='ltr'><strong>dominum</strong></span> <span class='ocrx_word' id='word_1_540' title='bbox 2650 4145 2802 4201; x_wconf 91' lang='lat' dir='ltr'><strong>orbis</strong></span> <span class='ocrx_word' id='word_1_541' title='bbox 2839 4151 3132 4203; x_wconf 89' lang='lat' dir='ltr'><strong>terrarum,</strong></span> <span class='ocrx_word' id='word_1_542' title='bbox 3163 4149 3286 4193; x_wconf 90' lang='lat' dir='ltr'><strong>cum</strong></span> <span class='ocrx_word' id='word_1_543' title='bbox 3311 4133 3437 4190; x_wconf 82' lang='lat' dir='ltr'><strong>ﬁliis</strong></span> <span class='ocrx_word' id='word_1_544' title='bbox 3463 4127 3617 4186; x_wconf 91' lang='lat' dir='ltr'><strong>nobi-</strong></span> 
     </span>
    </p>
   </div>
   <div class='ocr_carea' id='block_1_87' title="bbox 2031 4224 3610 4308">
    <p class='ocr_par' dir='ltr' id='par_1_87' title="bbox 2031 4224 3610 4308">
     <span class='ocr_line' id='line_1_90' title="bbox 2031 4224 3610 4308; baseline -0.017 -6"><span class='ocrx_word' id='word_1_545' title='bbox 2031 4244 2253 4302; x_wconf 90' lang='lat' dir='ltr'><strong>lissimis</strong></span> <span class='ocrx_word' id='word_1_546' title='bbox 2295 4239 2589 4298; x_wconf 67' lang='lat' dir='ltr'><strong>cresaribus</strong></span> <span class='ocrx_word' id='word_1_547' title='bbox 2615 4236 2909 4308; x_wconf 89' lang='lat' dir='ltr'><strong>nepotibus</strong></span> <span class='ocrx_word' id='word_1_548' title='bbox 2937 4235 3067 4288; x_wconf 92' lang='lat' dir='ltr'><strong>suis.</strong></span> <span class='ocrx_word' id='word_1_549' title='bbox 3097 4231 3336 4298; x_wconf 86' lang='lat' dir='ltr'><strong>Quorum</strong></span> <span class='ocrx_word' id='word_1_550' title='bbox 3365 4224 3610 4294; x_wconf 80' lang='lat' dir='ltr'><strong>singulis,</strong></span> 
     </span>
    </p>
   </div>
   <div class='ocr_carea' id='block_1_88' title="bbox 2029 4315 3610 4408">
    <p class='ocr_par' dir='ltr' id='par_1_88' title="bbox 2029 4315 3610 4408">
     <span class='ocr_line' id='line_1_91' title="bbox 2029 4315 3610 4408; baseline -0.017 -13"><span class='ocrx_word' id='word_1_551' title='bbox 2029 4341 2170 4395; x_wconf 92' lang='lat' dir='ltr'><strong>bona</strong></span> <span class='ocrx_word' id='word_1_552' title='bbox 2201 4350 2323 4408; x_wconf 84' lang='lat' dir='ltr'><strong>quae</strong></span> <span class='ocrx_word' id='word_1_553' title='bbox 2353 4349 2448 4406; x_wconf 91' lang='lat' dir='ltr'><strong>per</strong></span> <span class='ocrx_word' id='word_1_554' title='bbox 2478 4332 2795 4388; x_wconf 87' lang='lat' dir='ltr'><strong>universum</strong></span> <span class='ocrx_word' id='word_1_555' title='bbox 2830 4327 3016 4381; x_wconf 88' lang='lat' dir='ltr'><strong>orbem</strong></span> <span class='ocrx_word' id='word_1_556' title='bbox 3047 4321 3377 4393; x_wconf 88' lang='lat' dir='ltr'><strong>possidebat,</strong></span> <span class='ocrx_word' id='word_1_557' title='bbox 3407 4315 3610 4371; x_wconf 85' lang='lat' dir='ltr'><strong>divisit.</strong></span> 
     </span>
    </p>
   </div>
   <div class='ocr_carea' id='block_1_89' title="bbox 2033 4407 3613 4483">
    <p class='ocr_par' dir='ltr' id='par_1_89' title="bbox 2033 4407 3613 4483">
     <span class='ocr_line' id='line_1_92' title="bbox 2033 4407 3613 4483; baseline -0.015 0"><span class='ocrx_word' id='word_1_558' title='bbox 2033 4430 2089 4483; x_wconf 93' lang='lat' dir='ltr'><strong>In</strong></span> <span class='ocrx_word' id='word_1_559' title='bbox 2117 4407 2262 4483; x_wconf 85' lang='lat' dir='ltr'><strong>hunc</strong></span> <span class='ocrx_word' id='word_1_560' title='bbox 2315 4425 2534 4480; x_wconf 90' lang='lat' dir='ltr'><strong>modum</strong></span> <span class='ocrx_word' id='word_1_561' title='bbox 2581 4429 2910 4477; x_wconf 87' lang='lat' dir='ltr'><strong>testamento</strong></span> <span class='ocrx_word' id='word_1_562' title='bbox 2948 4415 3114 4478; x_wconf 79' lang='lat' dir='ltr'><strong>facto,</strong></span> <span class='ocrx_word' id='word_1_563' title='bbox 3167 4412 3308 4468; x_wconf 88' lang='lat' dir='ltr'><strong>diem</strong></span> <span class='ocrx_word' id='word_1_564' title='bbox 3363 4407 3613 4464; x_wconf 90' lang='lat' dir='ltr'><strong>ultimum</strong></span> 
     </span>
    </p>
   </div>
   <div class='ocr_carea' id='block_1_90' title="bbox 2033 4499 3612 4588">
    <p class='ocr_par' dir='ltr' id='par_1_90' title="bbox 2033 4499 3612 4588">
     <span class='ocr_line' id='line_1_93' title="bbox 2033 4499 3612 4588; baseline -0.013 -12"><span class='ocrx_word' id='word_1_565' title='bbox 2033 4520 2248 4584; x_wconf 87' lang='lat' dir='ltr'><strong>clausit,</strong></span> <span class='ocrx_word' id='word_1_566' title='bbox 2271 4525 2538 4588; x_wconf 65' lang='lat' dir='ltr'><strong>praesente</strong></span> <span class='ocrx_word' id='word_1_567' title='bbox 2565 4523 2619 4570; x_wconf 89' lang='lat' dir='ltr'><strong>et</strong></span> <span class='ocrx_word' id='word_1_568' title='bbox 2641 4512 2892 4568; x_wconf 89' lang='lat' dir='ltr'><strong>adstante</strong></span> <span class='ocrx_word' id='word_1_569' title='bbox 2926 4506 3028 4576; x_wconf 91' lang='lat' dir='ltr'><strong>ipsi</strong></span> <span class='ocrx_word' id='word_1_570' title='bbox 3056 4505 3152 4561; x_wconf 89' lang='lat' dir='ltr'><strong>tali</strong></span> <span class='ocrx_word' id='word_1_571' title='bbox 3179 4512 3440 4573; x_wconf 87' lang='lat' dir='ltr'><strong>tantoque</strong></span> <span class='ocrx_word' id='word_1_572' title='bbox 3479 4499 3612 4566; x_wconf 81' lang='lat' dir='ltr'><strong>lilio,</strong></span> 
     </span>
    </p>
   </div>
   <div class='ocr_carea' id='block_1_91' title="bbox 351 4598 1924 4679">
    <p class='ocr_par' dir='ltr' id='par_1_91' title="bbox 351 4603 1923 4679">
     <span class='ocr_line' id='line_1_94' title="bbox 351 4603 1923 4679; baseline -0.004 -17"><span class='ocrx_word' id='word_1_573' title='bbox 351 4608 471 4662; x_wconf 88' lang='grc' dir='ltr'>έλυε</span> <span class='ocrx_word' id='word_1_574' title='bbox 512 4607 784 4678; x_wconf 83' lang='grc' dir='ltr'>τελευτὴν,</span> <span class='ocrx_word' id='word_1_575' title='bbox 829 4608 1096 4679; x_wconf 84' lang='grc' dir='ltr'>παρόντος</span> <span class='ocrx_word' id='word_1_576' title='bbox 1128 4609 1263 4679; x_wconf 83' lang='grc' dir='ltr'>αὐτῇ</span> <span class='ocrx_word' id='word_1_577' title='bbox 1306 4607 1400 4663; x_wconf 69' lang='grc' dir='ltr'><strong>καὶ</strong></span> <span class='ocrx_word' id='word_1_578' title='bbox 1439 4605 1781 4679; x_wconf 83' lang='grc' dir='ltr'>παρεστῶτος</span> <span class='ocrx_word' id='word_1_579' title='bbox 1807 4603 1923 4657; x_wconf 87' lang='grc' dir='ltr'><strong>υἱοῦ</strong></span> 
     </span>
    </p>
   </div>
   <div class='ocr_carea' id='block_1_92' title="bbox 2026 4598 3609 4679">
    <p class='ocr_par' dir='ltr' id='par_1_92' title="bbox 2030 4598 3609 4679">
     <span class='ocr_line' id='line_1_95' title="bbox 2030 4598 3609 4679; baseline -0.013 -9"><span class='ocrx_word' id='word_1_580' title='bbox 2030 4622 2085 4669; x_wconf 90' lang='lat' dir='ltr'><strong>et</strong></span> <span class='ocrx_word' id='word_1_581' title='bbox 2107 4613 2252 4669; x_wconf 89' lang='lat' dir='ltr'><strong>omni</strong></span> <span class='ocrx_word' id='word_1_582' title='bbox 2274 4609 2660 4679; x_wconf 88' lang='lat' dir='ltr'><strong>obsequiorum</strong></span> <span class='ocrx_word' id='word_1_583' title='bbox 2703 4617 2902 4675; x_wconf 81' lang='lat' dir='ltr'><strong>genere</strong></span> <span class='ocrx_word' id='word_1_584' title='bbox 2944 4607 3177 4656; x_wconf 88' lang='lat' dir='ltr'><strong>matrem</strong></span> <span class='ocrx_word' id='word_1_585' title='bbox 3221 4598 3458 4661; x_wconf 81' lang='lat' dir='ltr'><strong>favente,</strong></span> <span class='ocrx_word' id='word_1_586' title='bbox 3489 4609 3609 4653; x_wconf 82' lang='lat' dir='ltr'><strong>ma-</strong></span> 
     </span>
    </p>
   </div>
   <div class='ocr_carea' id='block_1_93' title="bbox 344 4695 1928 4769">
    <p class='ocr_par' dir='ltr' id='par_1_93' title="bbox 344 4695 1928 4769">
     <span class='ocr_line' id='line_1_96' title="bbox 344 4695 1928 4769; baseline -0.004 -16"><span class='ocrx_word' id='word_1_587' title='bbox 344 4697 623 4762; x_wconf 82' lang='grc' dir='ltr'>τοσούτου,</span> <span class='ocrx_word' id='word_1_588' title='bbox 667 4696 1062 4769; x_wconf 85' lang='grc' dir='ltr'>θεραπεύοντός</span> <span class='ocrx_word' id='word_1_589' title='bbox 1088 4715 1148 4750; x_wconf 90' lang='grc' dir='ltr'><strong>τε</strong></span> <span class='ocrx_word' id='word_1_590' title='bbox 1183 4699 1278 4752; x_wconf 58' lang='grc' dir='ltr'><strong>καὶ¹</strong></span> <span class='ocrx_word' id='word_1_591' title='bbox 1308 4697 1415 4752; x_wconf 86' lang='grc' dir='ltr'><strong>τῶν</strong></span> <span class='ocrx_word' id='word_1_592' title='bbox 1456 4695 1655 4768; x_wconf 88' lang='grc' dir='ltr'>χειρῶν</span> <span class='ocrx_word' id='word_1_593' title='bbox 1689 4696 1928 4764; x_wconf 84' lang='grc' dir='ltr'>ὲφαπτο-</span> 
     </span>
    </p>
   </div>
   <div class='ocr_carea' id='block_1_94' title="bbox 353 4786 1927 4860">
    <p class='ocr_par' dir='ltr' id='par_1_94' title="bbox 353 4786 1927 4860">
     <span class='ocr_line' id='line_1_97' title="bbox 353 4786 1927 4860; baseline -0.001 -18"><span class='ocrx_word' id='word_1_594' title='bbox 353 4790 541 4858; x_wconf 78' lang='grc' dir='ltr'>μένουο</span> <span class='ocrx_word' id='word_1_595' title='bbox 584 4788 659 4851; x_wconf 84' lang='grc' dir='ltr'>ὡς</span> <span class='ocrx_word' id='word_1_596' title='bbox 707 4788 782 4860; x_wconf 82' lang='grc' dir='ltr'>μὴ</span> <span class='ocrx_word' id='word_1_597' title='bbox 825 4788 1076 4843; x_wconf 84' lang='grc' dir='ltr'>τεθνάναι</span> <span class='ocrx_word' id='word_1_598' title='bbox 1119 4791 1345 4853; x_wconf 84' lang='grc' dir='ltr'>είκότως</span> <span class='ocrx_word' id='word_1_599' title='bbox 1381 4790 1482 4860; x_wconf 85' lang='grc' dir='ltr'><strong>τὴν</strong></span> <span class='ocrx_word' id='word_1_600' title='bbox 1523 4786 1927 4860; x_wconf 83' lang='grc' dir='ltr'>τρισμακαρίαν</span> 
     </span>
    </p>
   </div>
   <div class='ocr_carea' id='block_1_95' title="bbox 341 4873 1928 4951">
    <p class='ocr_par' dir='ltr' id='par_1_95' title="bbox 341 4873 1928 4951">
     <span class='ocr_line' id='line_1_98' title="bbox 341 4873 1928 4951; baseline -0.003 -17"><span class='ocrx_word' id='word_1_601' title='bbox 341 4881 455 4944; x_wconf 88' lang='grc' dir='ltr'>τοῖς</span> <span class='ocrx_word' id='word_1_602' title='bbox 479 4873 538 4932; x_wconf 81' lang='grc' dir='ltr'>εὖ</span> <span class='ocrx_word' id='word_1_603' title='bbox 567 4879 824 4950; x_wconf 79' lang='grc' dir='ltr'>φρονοῦσι</span> <span class='ocrx_word' id='word_1_604' title='bbox 853 4879 1050 4945; x_wconf 86' lang='grc' dir='ltr'>δοκεῖν,</span> <span class='ocrx_word' id='word_1_605' title='bbox 1083 4879 1382 4951; x_wconf 77' lang='grc' dir='ltr'>μεταϐολὴν</span> <span class='ocrx_word' id='word_1_606' title='bbox 1410 4879 1467 4932; x_wconf 84' lang='grc' dir='ltr'>δὲ</span> <span class='ocrx_word' id='word_1_607' title='bbox 1508 4878 1603 4932; x_wconf 70' lang='grc' dir='ltr'>καὶ</span> <span class='ocrx_word' id='word_1_608' title='bbox 1640 4876 1928 4949; x_wconf 86' lang='grc' dir='ltr'>μετάθεσιν</span> 
     </span>
    </p>
   </div>
   <div class='ocr_carea' id='block_1_96' title="bbox 340 4971 1928 5046">
    <p class='ocr_par' dir='ltr' id='par_1_96' title="bbox 340 4971 1928 5046">
     <span class='ocr_line' id='line_1_99' title="bbox 340 4971 1928 5046; baseline -0.004 -18"><span class='ocrx_word' id='word_1_609' title='bbox 340 4973 536 5046; x_wconf 86' lang='grc' dir='ltr'>ἀληθεῖ</span> <span class='ocrx_word' id='word_1_610' title='bbox 589 4973 730 5044; x_wconf 85' lang='grc' dir='ltr'>λόγῳ</span> <span class='ocrx_word' id='word_1_611' title='bbox 772 4973 872 5044; x_wconf 86' lang='grc' dir='ltr'><strong>τῆς</strong></span> <span class='ocrx_word' id='word_1_612' title='bbox 918 4972 1152 5040; x_wconf 82' lang='grc' dir='ltr'>γεώδους</span> <span class='ocrx_word' id='word_1_613' title='bbox 1201 4973 1350 5043; x_wconf 82' lang='grc' dir='ltr'>ζωῆς</span> <span class='ocrx_word' id='word_1_614' title='bbox 1395 4972 1488 5025; x_wconf 73' lang='grc' dir='ltr'>ἐπὶ</span> <span class='ocrx_word' id='word_1_615' title='bbox 1531 4973 1630 5044; x_wconf 85' lang='grc' dir='ltr'><strong>τὴν</strong></span> <span class='ocrx_word' id='word_1_616' title='bbox 1678 4971 1928 5042; x_wconf 89' lang='grc' dir='ltr'>οὐράνιον</span> 
     </span>
    </p>
   </div>
   <div class='ocr_carea' id='block_1_97' title="bbox 340 5062 1928 5139">
    <p class='ocr_par' dir='ltr' id='par_1_97' title="bbox 340 5062 1928 5139">
     <span class='ocr_line' id='line_1_100' title="bbox 340 5062 1928 5139; baseline -0.004 -17"><span class='ocrx_word' id='word_1_617' title='bbox 340 5069 653 5139; x_wconf 84' lang='grc' dir='ltr'>ὑπομεῖναι.</span> <span class='ocrx_word' id='word_1_618' title='bbox 701 5065 1155 5138; x_wconf 85' lang='grc' dir='ltr'>Ἀνεστοιχειοῢτο</span> <span class='ocrx_word' id='word_1_619' title='bbox 1183 5066 1314 5136; x_wconf 78' lang='grc' dir='ltr'>γοῦν</span> <span class='ocrx_word' id='word_1_620' title='bbox 1342 5066 1479 5136; x_wconf 89' lang='grc' dir='ltr'>αὐτῇ</span> <span class='ocrx_word' id='word_1_621' title='bbox 1499 5065 1644 5135; x_wconf 79' lang='grc' dir='ltr'>ψυχῇ</span> <span class='ocrx_word' id='word_1_622' title='bbox 1667 5062 1780 5136; x_wconf 80' lang='grc'>(50)</span> <span class='ocrx_word' id='word_1_623' title='bbox 1833 5062 1928 5116; x_wconf 78' lang='grc' dir='ltr'>ἐπὶ</span> 
     </span>
    </p>
   </div>
   <div class='ocr_carea' id='block_1_98' title="bbox 335 5153 1928 5230">
    <p class='ocr_par' dir='ltr' id='par_1_98' title="bbox 335 5153 1928 5230">
     <span class='ocr_line' id='line_1_101' title="bbox 335 5153 1928 5230; baseline -0.005 -16"><span class='ocrx_word' id='word_1_624' title='bbox 335 5159 442 5230; x_wconf 81' lang='grc' dir='ltr'>τὴν</span> <span class='ocrx_word' id='word_1_625' title='bbox 469 5158 746 5229; x_wconf 80' lang='grc' dir='ltr'>ἄφθαρτον</span> <span class='ocrx_word' id='word_1_626' title='bbox 777 5157 872 5212; x_wconf 73' lang='grc' dir='ltr'>καὶ</span> <span class='ocrx_word' id='word_1_627' title='bbox 902 5157 1198 5230; x_wconf 83' lang='grc' dir='ltr'>ἀγγελικὴν</span> <span class='ocrx_word' id='word_1_628' title='bbox 1227 5157 1439 5222; x_wconf 83' lang='grc' dir='ltr'>οὐσίαν,</span> <span class='ocrx_word' id='word_1_629' title='bbox 1470 5155 1611 5226; x_wconf 82' lang='grc' dir='ltr'>πρὸς</span> <span class='ocrx_word' id='word_1_630' title='bbox 1644 5155 1734 5208; x_wconf 80' lang='grc' dir='ltr'><strong>τὸν</strong></span> <span class='ocrx_word' id='word_1_631' title='bbox 1755 5153 1928 5226; x_wconf 79' lang='grc' dir='ltr'>αὐτῆς</span> 
     </span>
    </p>
   </div>
   <div class='ocr_carea' id='block_1_99' title="bbox 333 5249 1116 5322">
    <p class='ocr_par' dir='ltr' id='par_1_99' title="bbox 333 5249 1116 5322">
     <span class='ocr_line' id='line_1_102' title="bbox 333 5249 1116 5322; baseline -0.003 -16"><span class='ocrx_word' id='word_1_632' title='bbox 333 5249 832 5322; x_wconf 77' lang='grc' dir='ltr'>ἀναλαμϐανομένη</span> <span class='ocrx_word' id='word_1_633' title='bbox 865 5249 1116 5321; x_wconf 82' lang='grc' dir='ltr'>Σωτῆρα.</span> 
     </span>
    </p>
   </div>
   <div class='ocr_carea' id='block_1_100' title="bbox 858 5339 1429 5397">
    <p class='ocr_par' dir='ltr' id='par_1_100' title="bbox 858 5339 1429 5397">
     <span class='ocr_line' id='line_1_103' title="bbox 858 5339 1429 5397; baseline -0.005 0"><span class='ocrx_word' id='word_1_634' title='bbox 858 5341 1259 5397; x_wconf 80' lang='grc' dir='ltr'><strong>ΚΕΦΑΛΔΙΟΝ</strong></span> <span class='ocrx_word' id='word_1_635' title='bbox 1297 5339 1429 5395; x_wconf 85' lang='lat' dir='ltr'><strong>MZ&#39;.</strong></span> 
     </span>
    </p>
   </div>
   <div class='ocr_carea' id='block_1_101' title="bbox 337 5429 1928 5503">
    <p class='ocr_par' dir='ltr' id='par_1_101' title="bbox 337 5429 1928 5503">
     <span class='ocr_line' id='line_1_104' title="bbox 337 5429 1928 5503; baseline -0.003 -15"><span class='ocrx_word' id='word_1_636' title='bbox 337 5433 539 5501; x_wconf 80' lang='grc' dir='ltr'>’Ὅπως</span> <span class='ocrx_word' id='word_1_637' title='bbox 583 5432 700 5502; x_wconf 75' lang='grc' dir='ltr'><strong>τὴν</strong></span> <span class='ocrx_word' id='word_1_638' title='bbox 727 5433 956 5503; x_wconf 81' lang='grc' dir='ltr'>μητέρα</span> <span class='ocrx_word' id='word_1_639' title='bbox 997 5431 1450 5503; x_wconf 64' lang='grc' dir='ltr'>Κωγσσταντῖνος</span> <span class='ocrx_word' id='word_1_640' title='bbox 1491 5429 1792 5497; x_wconf 77' lang='grc' dir='ltr'>κατέθετο,</span> <span class='ocrx_word' id='word_1_641' title='bbox 1827 5429 1928 5484; x_wconf 79' lang='grc' dir='ltr'>καὶ</span> 
     </span>
    </p>
   </div>
   <div class='ocr_carea' id='block_1_102' title="bbox 623 5501 1644 5572">
    <p class='ocr_par' dir='ltr' id='par_1_102' title="bbox 623 5501 1644 5572">
     <span class='ocr_line' id='line_1_105' title="bbox 623 5501 1644 5572; baseline 0.001 -16"><span class='ocrx_word' id='word_1_642' title='bbox 623 5501 741 5572; x_wconf 79' lang='grc' dir='ltr'><strong>πρό</strong></span> <span class='ocrx_word' id='word_1_643' title='bbox 758 5505 974 5559; x_wconf 82' lang='grc' dir='ltr'>τούτου</span> <span class='ocrx_word' id='word_1_644' title='bbox 1000 5503 1100 5560; x_wconf 75' lang='grc' dir='ltr'>καὶ</span> <span class='ocrx_word' id='word_1_645' title='bbox 1127 5501 1320 5563; x_wconf 80' lang='grc' dir='ltr'>ζῶσαν</span> <span class='ocrx_word' id='word_1_646' title='bbox 1339 5503 1644 5570; x_wconf 78' lang='grc' dir='ltr'>ἐτίμησεν.</span> 
     </span>
    </p>
   </div>
   <div class='ocr_carea' id='block_1_103' title="bbox 416 5591 1923 5668">
    <p class='ocr_par' dir='ltr' id='par_1_103' title="bbox 416 5591 1923 5668">
     <span class='ocr_line' id='line_1_106' title="bbox 416 5591 1923 5668; baseline -0.003 -18"><span class='ocrx_word' id='word_1_647' title='bbox 416 5596 528 5650; x_wconf 73' lang='grc' dir='ltr'><strong>Καὶ</strong></span> <span class='ocrx_word' id='word_1_648' title='bbox 557 5595 620 5650; x_wconf 78' lang='grc' dir='ltr'><strong>τὸ</strong></span> <span class='ocrx_word' id='word_1_649' title='bbox 657 5595 853 5668; x_wconf 83' lang='grc' dir='ltr'>σκῆνος</span> <span class='ocrx_word' id='word_1_650' title='bbox 880 5596 936 5649; x_wconf 83' lang='grc' dir='ltr'>δὲ</span> <span class='ocrx_word' id='word_1_651' title='bbox 967 5595 1066 5667; x_wconf 75' lang='grc' dir='ltr'>τῆς</span> <span class='ocrx_word' id='word_1_652' title='bbox 1098 5593 1394 5666; x_wconf 83' lang='grc' dir='ltr'>μακαρίας,</span> <span class='ocrx_word' id='word_1_653' title='bbox 1428 5593 1490 5648; x_wconf 85' lang='grc' dir='ltr'><strong>οὐ</strong></span> <span class='ocrx_word' id='word_1_654' title='bbox 1521 5593 1622 5666; x_wconf 83' lang='grc' dir='ltr'>τῆς</span> <span class='ocrx_word' id='word_1_655' title='bbox 1658 5591 1923 5664; x_wconf 79' lang='grc' dir='ltr'>τυχούσης</span> 
     </span>
    </p>
   </div>
   <div class='ocr_carea' id='block_1_104' title="bbox 417 5725 1166 5807">
    <p class='ocr_par' dir='ltr' id='par_1_104' title="bbox 417 5725 1166 5807">
     <span class='ocr_line' id='line_1_107' title="bbox 417 5725 1166 5807; baseline 0 -24"><span class='ocrx_word' id='word_1_656' title='bbox 417 5727 549 5807; x_wconf 60' lang='lat' dir='ltr'><strong>(ggj)</strong></span> <span class='ocrx_word' id='word_1_657' title='bbox 580 5725 674 5807; x_wconf 73' lang='grc' dir='ltr'>ᾼέ.</span> <span class='ocrx_word' id='word_1_658' title='bbox 710 5727 854 5798; x_wconf 83' lang='lat' dir='ltr'><strong>Lege</strong></span> <span class='ocrx_word' id='word_1_659' title='bbox 879 5728 967 5799; x_wconf 88' lang='grc' dir='ltr'><strong>δή.</strong></span> <span class='ocrx_word' id='word_1_660' title='bbox 987 5726 1166 5807; x_wconf 76' lang='lat' dir='ltr'><strong>_Em&#39;r.</strong></span> 
     </span>
    </p>
   </div>
   <div class='ocr_carea' id='block_1_105' title="bbox 420 5794 1924 5879">
    <p class='ocr_par' dir='ltr' id='par_1_105' title="bbox 420 5794 1924 5879">
     <span class='ocr_line' id='line_1_108' title="bbox 420 5794 1924 5879; baseline -0.001 -27"><span class='ocrx_word' id='word_1_661' title='bbox 420 5794 566 5879; x_wconf 44' lang='grc' dir='ltr'>(δοῖ,</span> <span class='ocrx_word' id='word_1_662' title='bbox 593 5794 1085 5879; x_wconf 58' lang='grc' dir='ltr'>Ἀγεστοιχεὶοῦτο</span> <span class='ocrx_word' id='word_1_663' title='bbox 1133 5797 1282 5879; x_wconf 57' lang='grc' dir='ltr'>γοᾷγ</span> <span class='ocrx_word' id='word_1_664' title='bbox 1328 5794 1486 5879; x_wconf 78' lang='grc' dir='ltr'>αὐτῇ</span> <span class='ocrx_word' id='word_1_665' title='bbox 1544 5794 1738 5879; x_wconf 68' lang='grc' dir='ltr'>ψυχῇ.</span> <span class='ocrx_word' id='word_1_666' title='bbox 1800 5795 1924 5851; x_wconf 64' lang='lat' dir='ltr'><strong>Haec</strong></span> 
     </span>
    </p>
   </div>
   <div class='ocr_carea' id='block_1_106' title="bbox 352 5867 1923 5941">
    <p class='ocr_par' dir='ltr' id='par_1_106' title="bbox 352 5867 1923 5941">
     <span class='ocr_line' id='line_1_109' title="bbox 352 5867 1923 5941; baseline -0.004 -13"><span class='ocrx_word' id='word_1_667' title='bbox 352 5867 599 5940; x_wconf 85' lang='lat' dir='ltr'><strong>Origenis</strong></span> <span class='ocrx_word' id='word_1_668' title='bbox 623 5869 926 5925; x_wconf 86' lang='lat' dir='ltr'><strong>doctrinam</strong></span> <span class='ocrx_word' id='word_1_669' title='bbox 952 5867 1148 5941; x_wconf 83' lang='lat' dir='ltr'><strong>sapere</strong></span> <span class='ocrx_word' id='word_1_670' title='bbox 1179 5867 1452 5937; x_wconf 84' lang='lat' dir='ltr'><strong>videntur,</strong></span> <span class='ocrx_word' id='word_1_671' title='bbox 1487 5868 1576 5926; x_wconf 89' lang='lat' dir='ltr'><strong>cui</strong></span> <span class='ocrx_word' id='word_1_672' title='bbox 1615 5881 1776 5938; x_wconf 88' lang='lat' dir='ltr'><strong>supra</strong></span> <span class='ocrx_word' id='word_1_673' title='bbox 1810 5882 1923 5922; x_wconf 88' lang='lat' dir='ltr'><strong>mo-</strong></span> 
     </span>
    </p>
   </div>
   <div class='ocr_carea' id='block_1_107' title="bbox 2029 4688 3608 4776">
    <p class='ocr_par' dir='ltr' id='par_1_107' title="bbox 2029 4688 3608 4776">
     <span class='ocr_line' id='line_1_110' title="bbox 2029 4688 3608 4776; baseline -0.013 -15"><span class='ocrx_word' id='word_1_674' title='bbox 2029 4720 2240 4776; x_wconf 90' lang='lat' dir='ltr'><strong>nusque</strong></span> <span class='ocrx_word' id='word_1_675' title='bbox 2273 4703 2388 4773; x_wconf 86' lang='lat' dir='ltr'><strong>ejus</strong></span> <span class='ocrx_word' id='word_1_676' title='bbox 2423 4701 2802 4771; x_wconf 89' lang='lat' dir='ltr'><strong>amplectente,</strong></span> <span class='ocrx_word' id='word_1_677' title='bbox 2834 4694 2969 4750; x_wconf 90' lang='lat' dir='ltr'><strong>adeo</strong></span> <span class='ocrx_word' id='word_1_678' title='bbox 2998 4699 3058 4746; x_wconf 92' lang='lat' dir='ltr'><strong>ut</strong></span> <span class='ocrx_word' id='word_1_679' title='bbox 3101 4703 3442 4760; x_wconf 86' lang='lat' dir='ltr'><strong>nequaquam</strong></span> <span class='ocrx_word' id='word_1_680' title='bbox 3472 4688 3608 4743; x_wconf 89' lang='lat' dir='ltr'><strong>mori</strong></span> 
     </span>
    </p>
   </div>
   <div class='ocr_carea' id='block_1_108' title="bbox 2029 4778 3612 4857">
    <p class='ocr_par' dir='ltr' id='par_1_108' title="bbox 2029 4778 3612 4857">
     <span class='ocr_line' id='line_1_111' title="bbox 2029 4778 3612 4857; baseline -0.012 -7"><span class='ocrx_word' id='word_1_681' title='bbox 2029 4796 2226 4852; x_wconf 87' lang='lat' dir='ltr'><strong>mulier</strong></span> <span class='ocrx_word' id='word_1_682' title='bbox 2269 4793 2610 4857; x_wconf 89' lang='lat' dir='ltr'><strong>beatissima,</strong></span> <span class='ocrx_word' id='word_1_683' title='bbox 2651 4787 2746 4844; x_wconf 88' lang='lat' dir='ltr'><strong>sed</strong></span> <span class='ocrx_word' id='word_1_684' title='bbox 2795 4785 2976 4856; x_wconf 91' lang='lat' dir='ltr'><strong>potius</strong></span> <span class='ocrx_word' id='word_1_685' title='bbox 3033 4782 3294 4838; x_wconf 86' lang='lat' dir='ltr'><strong>caducam</strong></span> <span class='ocrx_word' id='word_1_686' title='bbox 3349 4781 3491 4835; x_wconf 86' lang='lat' dir='ltr'><strong>hanc</strong></span> <span class='ocrx_word' id='word_1_687' title='bbox 3527 4778 3612 4832; x_wconf 89' lang='lat' dir='ltr'><strong>vi-</strong></span> 
     </span>
    </p>
   </div>
   <div class='ocr_carea' id='block_1_109' title="bbox 2032 4880 3613 4942">
    <p class='ocr_par' dir='ltr' id='par_1_109' title="bbox 2032 4880 3613 4942">
     <span class='ocr_line' id='line_1_112' title="bbox 2032 4880 3613 4942; baseline -0.012 1"><span class='ocrx_word' id='word_1_688' title='bbox 2032 4898 2142 4942; x_wconf 90' lang='lat' dir='ltr'><strong>tam</strong></span> <span class='ocrx_word' id='word_1_689' title='bbox 2200 4901 2324 4942; x_wconf 91' lang='lat' dir='ltr'><strong>cum</strong></span> <span class='ocrx_word' id='word_1_690' title='bbox 2361 4880 2654 4940; x_wconf 88' lang='lat' dir='ltr'><strong>immortali</strong></span> <span class='ocrx_word' id='word_1_691' title='bbox 2704 4880 2814 4935; x_wconf 89' lang='lat' dir='ltr'><strong>vita</strong></span> <span class='ocrx_word' id='word_1_692' title='bbox 2863 4885 3206 4934; x_wconf 76' lang='lat' dir='ltr'><strong>commutare</strong></span> <span class='ocrx_word' id='word_1_693' title='bbox 3262 4882 3414 4929; x_wconf 90' lang='lat' dir='ltr'><strong>recte</strong></span> <span class='ocrx_word' id='word_1_694' title='bbox 3483 4885 3613 4926; x_wconf 82' lang='lat' dir='ltr'><strong>seu-</strong></span> 
     </span>
    </p>
   </div>
   <div class='ocr_carea' id='block_1_110' title="bbox 2031 4965 3614 5040">
    <p class='ocr_par' dir='ltr' id='par_1_110' title="bbox 2031 4965 3614 5040">
     <span class='ocr_line' id='line_1_113' title="bbox 2031 4965 3614 5040; baseline -0.011 -6"><span class='ocrx_word' id='word_1_695' title='bbox 2031 4979 2286 5035; x_wconf 88' lang='lat' dir='ltr'><strong>tientibus</strong></span> <span class='ocrx_word' id='word_1_696' title='bbox 2313 4978 2606 5033; x_wconf 86' lang='lat' dir='ltr'><strong>videretur.</strong></span> <span class='ocrx_word' id='word_1_697' title='bbox 2640 4973 2836 5028; x_wconf 84' lang='lat' dir='ltr'><strong>Anima</strong></span> <span class='ocrx_word' id='word_1_698' title='bbox 2877 4970 3041 5040; x_wconf 79' lang='lat' dir='ltr'><strong>igitur</strong></span> <span class='ocrx_word' id='word_1_699' title='bbox 3080 4967 3247 5034; x_wconf 85' lang='lat' dir='ltr'><strong>illius,</strong></span> <span class='ocrx_word' id='word_1_700' title='bbox 3276 4968 3331 5021; x_wconf 94' lang='lat' dir='ltr'><strong>in</strong></span> <span class='ocrx_word' id='word_1_701' title='bbox 3368 4965 3614 5020; x_wconf 80' lang='lat' dir='ltr'><strong>incorru-</strong></span> 
     </span>
    </p>
   </div>
   <div class='ocr_carea' id='block_1_111' title="bbox 2030 5055 3610 5142">
    <p class='ocr_par' dir='ltr' id='par_1_111' title="bbox 2030 5055 3610 5142">
     <span class='ocr_line' id='line_1_114' title="bbox 2030 5055 3610 5142; baseline -0.009 -18"><span class='ocrx_word' id='word_1_702' title='bbox 2030 5070 2271 5142; x_wconf 82' lang='lat' dir='ltr'><strong>ptibilem</strong></span> <span class='ocrx_word' id='word_1_703' title='bbox 2305 5080 2360 5125; x_wconf 92' lang='lat' dir='ltr'><strong>et</strong></span> <span class='ocrx_word' id='word_1_704' title='bbox 2410 5066 2712 5138; x_wconf 85' lang='lat' dir='ltr'><strong>angelicam</strong></span> <span class='ocrx_word' id='word_1_705' title='bbox 2765 5061 3126 5120; x_wconf 86' lang='lat' dir='ltr'><strong>substantiam</strong></span> <span class='ocrx_word' id='word_1_706' title='bbox 3182 5059 3513 5123; x_wconf 80' lang='lat' dir='ltr'><strong>reformata,</strong></span> <span class='ocrx_word' id='word_1_707' title='bbox 3542 5055 3610 5110; x_wconf 88' lang='lat' dir='ltr'><strong>ad</strong></span> 
     </span>
    </p>
   </div>
   <div class='ocr_carea' id='block_1_112' title="bbox 2029 5160 3204 5226">
    <p class='ocr_par' dir='ltr' id='par_1_112' title="bbox 2029 5160 3204 5226">
     <span class='ocr_line' id='line_1_115' title="bbox 2029 5160 3204 5226; baseline -0.01 -6"><span class='ocrx_word' id='word_1_708' title='bbox 2029 5164 2197 5220; x_wconf 90' lang='lat' dir='ltr'><strong>Deum</strong></span> <span class='ocrx_word' id='word_1_709' title='bbox 2229 5160 2575 5218; x_wconf 88' lang='lat' dir='ltr'><strong>Servatorem</strong></span> <span class='ocrx_word' id='word_1_710' title='bbox 2602 5173 2763 5215; x_wconf 89' lang='lat' dir='ltr'><strong>suum</strong></span> <span class='ocrx_word' id='word_1_711' title='bbox 2796 5165 3074 5226; x_wconf 88' lang='lat' dir='ltr'><strong>assumpta</strong></span> <span class='ocrx_word' id='word_1_712' title='bbox 3099 5161 3204 5211; x_wconf 85' lang='lat' dir='ltr'><strong>est.</strong></span> 
     </span>
    </p>
   </div>
   <div class='ocr_carea' id='block_1_113' title="bbox 2571 5332 3046 5392">
    <p class='ocr_par' dir='ltr' id='par_1_113' title="bbox 2571 5332 3046 5392">
     <span class='ocr_line' id='line_1_116' title="bbox 2571 5332 3046 5392; baseline -0.011 0"><span class='ocrx_word' id='word_1_713' title='bbox 2571 5333 2801 5392; x_wconf 84' lang='lat' dir='ltr'><strong>CAPUT</strong></span> <span class='ocrx_word' id='word_1_714' title='bbox 2843 5332 3046 5390; x_wconf 81' lang='lat' dir='ltr'><strong>XLVII.</strong></span> 
     </span>
    </p>
   </div>
   <div class='ocr_carea' id='block_1_114' title="bbox 2029 5412 3606 5497">
    <p class='ocr_par' dir='ltr' id='par_1_114' title="bbox 2029 5412 3606 5497">
     <span class='ocr_line' id='line_1_117' title="bbox 2029 5412 3606 5497; baseline -0.013 -12"><span class='ocrx_word' id='word_1_715' title='bbox 2029 5427 2304 5497; x_wconf 82' lang='lat' dir='ltr'><strong>Quomodo</strong></span> <span class='ocrx_word' id='word_1_716' title='bbox 2333 5425 2714 5497; x_wconf 68' lang='lat' dir='ltr'><strong>Constantinus</strong></span> <span class='ocrx_word' id='word_1_717' title='bbox 2746 5434 2967 5497; x_wconf 79' lang='lat' dir='ltr'><strong>matrem</strong></span> <span class='ocrx_word' id='word_1_718' title='bbox 2990 5422 3228 5497; x_wconf 75' lang='lat' dir='ltr'><strong>deposuit</strong></span> <span class='ocrx_word' id='word_1_719' title='bbox 3256 5435 3276 5474; x_wconf 93' lang='lat'><strong><em>:</em></strong></span> <span class='ocrx_word' id='word_1_720' title='bbox 3304 5427 3353 5476; x_wconf 74' lang='lat' dir='ltr'><strong>et</strong></span> <span class='ocrx_word' id='word_1_721' title='bbox 3381 5412 3606 5486; x_wconf 74' lang='lat' dir='ltr'><strong>qualiter</strong></span> 
     </span>
    </p>
   </div>
   <div class='ocr_carea' id='block_1_115' title="bbox 2449 5494 3191 5550">
    <p class='ocr_par' dir='ltr' id='par_1_115' title="bbox 2449 5494 3191 5550">
     <span class='ocr_line' id='line_1_118' title="bbox 2449 5494 3191 5550; baseline -0.008 0"><span class='ocrx_word' id='word_1_722' title='bbox 2449 5497 2599 5550; x_wconf 88' lang='lat' dir='ltr'><strong>illam</strong></span> <span class='ocrx_word' id='word_1_723' title='bbox 2632 5494 2797 5550; x_wconf 83' lang='lat' dir='ltr'><strong>coluit</strong></span> <span class='ocrx_word' id='word_1_724' title='bbox 2827 5495 2957 5548; x_wconf 86' lang='lat' dir='ltr'><strong>dum</strong></span> <span class='ocrx_word' id='word_1_725' title='bbox 2979 5495 3191 5548; x_wconf 82' lang='lat' dir='ltr'><strong>viveret.</strong></span> 
     </span>
    </p>
   </div>
   <div class='ocr_carea' id='block_1_116' title="bbox 2097 5572 3610 5658">
    <p class='ocr_par' dir='ltr' id='par_1_116' title="bbox 2097 5572 3610 5658">
     <span class='ocr_line' id='line_1_119' title="bbox 2097 5572 3610 5658; baseline -0.012 -10"><span class='ocrx_word' id='word_1_726' title='bbox 2097 5591 2348 5648; x_wconf 87' lang='lat' dir='ltr'><strong>Cadaver</strong></span> <span class='ocrx_word' id='word_1_727' title='bbox 2399 5598 2580 5644; x_wconf 88' lang='lat' dir='ltr'><strong>autem</strong></span> <span class='ocrx_word' id='word_1_728' title='bbox 2607 5587 2779 5658; x_wconf 90' lang='lat' dir='ltr'><strong>ipsius</strong></span> <span class='ocrx_word' id='word_1_729' title='bbox 2809 5586 3017 5641; x_wconf 86' lang='lat' dir='ltr'><strong>honore</strong></span> <span class='ocrx_word' id='word_1_730' title='bbox 3045 5581 3463 5652; x_wconf 84' lang='lat' dir='ltr'><strong>haudquaquam</strong></span> <span class='ocrx_word' id='word_1_731' title='bbox 3492 5572 3610 5630; x_wconf 74' lang='lat' dir='ltr'><strong>vui-</strong></span> 
     </span>
    </p>
   </div>
   <div class='ocr_carea' id='block_1_117' title="bbox 2029 5709 3606 5784">
    <p class='ocr_par' dir='ltr' id='par_1_117' title="bbox 2029 5709 3606 5784">
     <span class='ocr_line' id='line_1_120' title="bbox 2029 5709 3606 5784; baseline -0.013 0"><span class='ocrx_word' id='word_1_732' title='bbox 2029 5729 2158 5784; x_wconf 86' lang='lat' dir='ltr'><strong>dum</strong></span> <span class='ocrx_word' id='word_1_733' title='bbox 2208 5726 2458 5782; x_wconf 88' lang='lat' dir='ltr'><strong>addictus</strong></span> <span class='ocrx_word' id='word_1_734' title='bbox 2486 5723 2588 5779; x_wconf 79' lang='lat' dir='ltr'><strong>fuit</strong></span> <span class='ocrx_word' id='word_1_735' title='bbox 2642 5719 2909 5778; x_wconf 84' lang='lat' dir='ltr'><strong>Eusebius</strong></span> <span class='ocrx_word' id='word_1_736' title='bbox 2952 5727 3162 5774; x_wconf 85' lang='lat' dir='ltr'><strong>noster.</strong></span> <span class='ocrx_word' id='word_1_737' title='bbox 3223 5712 3415 5784; x_wconf 80' lang='lat' dir='ltr'><strong>Neque</strong></span> <span class='ocrx_word' id='word_1_738' title='bbox 3454 5709 3606 5784; x_wconf 70' lang='lat' dir='ltr'><strong>enim</strong></span> 
     </span>
    </p>
   </div>
   <div class='ocr_carea' id='block_1_118' title="bbox 2027 5779 3606 5864">
    <p class='ocr_par' dir='ltr' id='par_1_118' title="bbox 2027 5779 3606 5864">
     <span class='ocr_line' id='line_1_121' title="bbox 2027 5779 3606 5864; baseline -0.018 -7"><span class='ocrx_word' id='word_1_739' title='bbox 2027 5779 2537 5857; x_wconf 36' lang='lat' dir='ltr'><strong>animas—beatorum</strong></span> <span class='ocrx_word' id='word_1_740' title='bbox 2589 5793 2653 5850; x_wconf 92' lang='lat' dir='ltr'><strong>in-</strong></span> <span class='ocrx_word' id='word_1_741' title='bbox 2678 5791 2980 5864; x_wconf 83' lang='lat' dir='ltr'><strong>angelicam</strong></span> <span class='ocrx_word' id='word_1_742' title='bbox 3020 5779 3379 5846; x_wconf 76' lang='lat' dir='ltr'><strong>substantiam</strong></span> <span class='ocrx_word' id='word_1_743' title='bbox 3427 5779 3606 5838; x_wconf 70' lang='lat' dir='ltr'><strong>refer.</strong></span> 
     </span>
    </p>
   </div>
  </div>
