4186 6410
567 442 708 499 1107

1311 439 1586 498 EUSEBII
1623 442 2102 498 CESARIENSIS
2139 443 2291 498 OPP.
2336 443 2516 498 PARS
2555 443 2591 496 1.
2635 475 2706 484 -—
2743 442 3134 500 HISTORICA.

3690 442 3818 499 1108

566 562 680 630 gari
715 558 967 615 affectum
998 557 1122 612 fuit.
1153 556 1284 610 Nam
1309 572 1432 611 cum
1478 558 1678 628 ingenti
1711 560 2006 614 satellitum
2044 574 2142 614 nu~

2260 557 2471 628 ήξιοῦτο
2511 559 2784 630 σπουδῆς·
2828 557 3059 632 πλείστῃ
3092 558 3221 627 γοῦν
3249 557 3543 630 δορυφορίᾳ
3589 554 3683 610 ἐπί
3721 558 3820 626 τὴν

565 667 718 708 utero
739 651 794 706 in
831 651 1031 719 regiam
1065 648 1250 703 urbem
1281 659 1616 718 pervectum,
1648 651 1847 705 ibidem
1881 653 1933 704 in
1972 651 2140 720 regali

567 749 918 796 monumento
956 741 1264 807 depositum
1309 749 1414 796 est.
1462 740 1576 797 Hoc
1611 743 1769 797 modo
1799 743 2144 812 imperatoris

566 842 742 888 mater
765 833 979 887 vivendi
1014 832 1176 887 tinem
1224 831 1386 900 fecit;
1427 833 1623 888 mulier
1658 835 1990 904 sempiterna
2025 849 2141 889 me-

566 922 741 978 moria
789 921 1124 990 dignissima,
1161 929 1272 974 tum
1311 924 1381 977 ob
1437 923 1719 992 religiosos
1769 933 1922 979 actus
1945 925 2144 994 quibus

562 1017 778 1078 cuituit,
806 1025 920 1068 tum
949 1014 1018 1067 ob
1039 1014 1546 1084 prtestantissimum
1579 1013 1729 1069 illum
1756 1025 1811 1070 et
1847 1015 2145 1070 admirabi-

569 1109 668 1160 lem
705 1107 898 1162 iustum
927 1106 1020 1176 qui
1065 1121 1133 1160 ex
1182 1105 1273 1160 illa
1302 1115 1456 1160 ortus
1481 1115 1584 1162 est.
1633 1109 1802 1173 Quem
1829 1107 2045 1172 quidem
2076 1108 2146 1163 ob

469 1247 471 1252 .
565 1209 791 1253 caeteras
815 1211 925 1264 res,
962 1197 1201 1252 maxime
1229 1212 1358 1252 vero
1389 1198 1458 1252 ob
1498 1197 1754 1265 pietatem
1791 1198 1844 1252 in
1887 1206 2142 1264 matrem,

566 1289 784 1341 beatum
829 1290 1084 1344 convenit
1113 1288 1431 1358 praedicare.
1462 1287 1672 1358 Quippe
1702 1289 1873 1355 illam,
1896 1305 2020 1344 cum
2047 1305 2146 1344 an-

569 1389 655 1432 tea
693 1378 788 1432 Dei
817 1378 1014 1434 cultrix
1043 1363 1149 1434 non
1188 1388 1349 1444 esset,
1386 1387 1494 1432 tam
1526 1379 1669 1448 piam
1719 1394 1783 1434 ac
1836 1379 2144 1448 religiosam

569 1470 922 1537 pratstitit,ut
951 1485 980 1522 a
1008 1470 1283 1524 communi
1307 1470 1548 1524 omnium
1580 1468 1872 1525 Servatore
1898 1471 2146 1526 instituta

568 1560 738 1616 fuisse
750 1561 1041 1616 videretur.
1061 1559 1355 1628 Regalibus
1379 1569 1556 1614 autem
1577 1561 1875 1616 honoribus
1901 1561 1971 1615 ita
1999 1577 2149 1616 eant-

571 1654 691 1705 dem
721 1652 960 1718 ornavit,
985 1661 1044 1704 ut
1091 1651 1144 1706 in
1177 1653 1429 1707 omnibus
1476 1653 1790 1722 provinciis,
1827 1662 1940 1706 tum
1993 1668 2023 1707 a
2054 1669 2150 1722 pa-

571 1741 728 1811 ganis
754 1751 865 1796 tum
891 1756 922 1795 a
955 1740 1224 1797 militibus
1263 1749 1488 1810 augusta
1522 1750 1578 1796 et
1605 1742 1920 1812 imperatrix
1945 1759 2150 1798 nuncu-

574 1836 816 1896 paretur,
849 1839 905 1882 et
943 1830 1093 1883 aurei
1122 1830 1327 1883 nummi
1358 1827 1472 1897 ejus
1515 1829 1751 1900 imagine
1782 1831 2146 1902 signarentur.

573 1919 735 1990 507
758 1919 1064 1986 Quinetiam
1094 1920 1472 1976 thesaurorum
1524 1922 1787 1993 regalium
1827 1932 2150 1993 potestatem
2181 1916 2224 1970 Β

571 2015 623 2066 ei
647 2010 1035 2068 Constantinus
1069 2024 1433 2079 concesserat,
1469 2014 1665 2084 quibus
1708 2029 1808 2084 pro
1835 2015 2066 2071 arbitrio
2098 2025 2154 2072 et

572 2119 640 2156 ex
679 2103 844 2158 animi
863 2104 943 2159 sui
969 2105 1261 2171 sententia,
1288 2115 1452 2176 prout
1484 2105 1695 2161 libitum
1714 2115 1857 2162 esset
1881 2115 2148 2162 uteretur.

573 2192 706 2248 Nam
736 2204 792 2249 et
821 2193 873 2248 in
908 2196 1012 2250 hac
1055 2205 1211 2264 parte
1244 2204 1477 2250 matrem
1523 2211 1680 2250 suam
1715 2197 2061 2267 conspicuam
2099 2207 2156 2254 et

575 2289 788 2341 beatam
806 2285 1266 2355 omniumjudicio
1289 2286 1550 2342 reddidit.
1575 2287 1840 2355 Quocirca
1862 2289 2014 2346 exiis
2037 2304 2156 2360 quae

575 2379 644 2433 ad
701 2379 1018 2432 memoriam
1081 2377 1231 2433 illius
1258 2377 1638 2434 illustrandam
1689 2381 1998 2453 pertinent,
2047 2397 2154 2438 non

577 2468 848 2524 immerito
874 2469 987 2523 haec
1032 2467 1194 2523 etiam
1250 2470 1666 2540 assumpsimus,
1709 2486 1831 2542 quae
1864 2471 2156 2542 imperator

578 2574 675 2626 pro
733 2560 993 2630 singulari
1035 2575 1134 2615 sua
1167 2560 1375 2630 pietate
1425 2561 1478 2615 in
1510 2561 1776 2617 honorem
1827 2565 2018 2619 matris
2043 2580 2156 2620 suae

578 2651 770 2719 gessit,
801 2654 929 2706 dum
979 2651 1180 2706 divinis
1227 2653 1572 2722 obtemperat
1624 2653 1858 2724 legibus,
1890 2670 2009 2724 quae
2035 2656 2157 2712 filiis

579 2740 760 2794 debita
784 2741 838 2794 in
871 2750 1124 2810 parentes
1153 2739 1328 2795 oﬂicia
1360 2741 1667 2812 injungunt.
1701 2743 2014 2812 I-Iujusmodi
2040 2746 2156 2815 pul-

580 2833 850 2888 cherrima
875 2848 1041 2904 opera
1072 2833 1125 2888 in
1141 2832 1429 2889 Palaestina
1453 2835 1766 2904 imperator,
1789 2839 1867 2892 uti
1900 2838 2156 2902 diximus,

583 2930 880 2986 exstruxit.
915 2929 1020 2984 Sed
1050 2937 1104 2984 et
1132 2929 1186 2983 in
1217 2925 1446 2995 reliquis
1472 2927 1766 2996 provinciis
1785 2943 1952 2984 novas
1972 2944 2002 2984 a
2040 2928 2160 2983 fun-

583 3023 849 3075 dan-uentis
899 3021 1174 3076 aetliiicans
1227 3021 1526 3088 ecclesias,
1583 3021 1754 3076 multo
1818 3021 2160 3092 angustiores

583 3127 742 3181 quam
779 3128 896 3182 qua:
938 3122 1097 3167 antea
1123 3122 1301 3176 erant,
1340 3111 1544 3167 eﬂ'ecit.

1119 3201 1352 3259 CAPUT
1380 3201 1611 3258 XLVIII.

656 3294 936 3362 Quomodo
969 3292 1435 3362 Constantinopoli
1473 3293 1735 3363 martyrio
1769 3294 2064 3347 construxit

825 3379 1134 3432 omnemque
1157 3363 1420 3417 idolorum
1445 3364 1644 3417 cultum
1675 3363 1920 3417 abolevit.

653 3459 789 3513 Cum
823 3472 948 3513 vero
972 3459 1249 3513 civitatem
1282 3457 1518 3514 nominis
1546 3457 1632 3512 sui
1666 3458 1732 3511 ad
1759 3473 2026 3512 summam
2055 3456 2164 3528 glo-

587 3552 722 3604 riam
750 3549 1012 3605 extollere
1060 3549 1385 3605 instituisset
1408 3590 1424 3616 ,
1459 3548 1709 3618 plurimis
1756 3563 1877 3604 eam
1907 3550 2164 3605 oratoriis

587 3642 912 3707 exornavit,
938 3640 1396 3710 amplissimisque
1427 3641 1712 3713 martyriis
1749 3651 1805 3697 et
1836 3641 2164 3710 splendidis-

589 3733 744 3787 simis
773 3732 979 3787 aedibus
1019 3733 1216 3803 partim
1273 3732 1329 3786 in
1364 3731 1642 3788 suburbiis
1669 3773 1686 3800 ,
1734 3733 1934 3802 partim
1965 3732 2019 3787 in
2049 3732 2165 3803 ipsa

587 3824 808 3880 civitate
836 3825 1182 3880 constructis.
1213 3823 1390 3894 Atque
1419 3822 1524 3879 hoc
1567 3832 1730 3880 modo
1758 3825 1920 3881 simul
1955 3837 2166 3898 marty-

590 3932 712 3974 rum
753 3917 1039 3973 honoravit
1082 3917 1434 3980 memoriam,
1482 3917 1644 3971 simul
1693 3917 1964 3972 civitatem
2010 3935 2164 3974 suam

592 4010 694 4082 ipsi
735 4019 1036 4081 martyrum
1066 4007 1175 4062 Deo
1220 4008 1590 4062 consecravit.
1621 4003 1791 4064 Totus
1821 4009 2053 4076 denique
2078 4022 2167 4063 sa-

590 4104 794 4176 pientia
819 4101 911 4156 Dei
951 4109 1260 4157 exatstuans
1281 4136 1297 4163 ,
1325 4097 1512 4153 urbem
1552 4097 1701 4154 illam
1733 4115 1897 4168 quam
1928 4099 2168 4169 appella—

594 4200 742 4252 tione
770 4196 1006 4252 nominis
1040 4196 1122 4250 sui
1154 4195 1416 4266 insignire
1457 4194 1798 4259 decreverat,
1822 4193 1971 4248 omni
1999 4193 2169 4248 idolo-

593 4305 712 4344 rum
747 4287 892 4345 cuitu
945 4302 1114 4356 usque
1147 4291 1282 4343 adeo
1309 4301 1538 4341 vacuam
1565 4299 1687 4341 esse
1715 4285 1926 4353 voluit,
1959 4297 2169 4342 utnus-

585 4395 750 4453 quam
811 4379 865 4435 in
897 4378 986 4434 illa
1025 4377 1282 4434 falsorum
1312 4375 1594 4433 numinum
1625 4375 1912 4432 simulacra
1948 4375 2003 4430 in
2032 4384 2169 4432 tem-

595 4545 830 4592 mantur.
859 4535 1019 4592 Certe
1048 4534 1312 4602 Origenes
1336 4535 1392 4589 in
1426 4533 1828 4589 resurrectione
1852 4547 2079 4602 corpora
2115 4534 2166 4589 in

596 4609 831 4673 animas,
866 4617 920 4660 et
945 4611 1154 4660 animas
1181 4607 1235 4659 in
1269 4605 1493 4674 angelos
1517 4612 1780 4658 mutatum
1815 4603 1880 4656 iri
1918 4605 2164 4671 credidit,

597 4688 656 4730 ut
679 4677 878 4746 alicubi
913 4678 1044 4731 dicit
1073 4675 1452 4746 Hieronymus.

665 4745 778 4818 (5i)
810 4746 948 4818 ,Ἐπεὶ
993 4746 1109 4818 τὴν
1150 4741 1614 4818 βασιλεύουσαν
1643 4742 1907 4818 ,πόλιῃη
1936 4741 2166 4818 Romam

597 4811 867 4887 intelligit.
896 4815 973 4869 Eo
1001 4811 1145 4887 enim
1169 4817 1525 4887 tlelatumiest
1558 4812 1790 4887 cadaver
1815 4811 2029 4887 Helenae
2053 4813 2168 4865 Au-

597 4884 804 4953 guslze',
838 4895 894 4938 et
926 4894 1045 4954 post
1092 4885 1365 4938 biennium
1397 4884 1921 4954 Constantinopolim
1969 4885 2167 4954 depor-

593 4951 788 5017 tatum,
845 4965 903 5008 ut
927 4951 1119 5008 'tradit
1146 4954 1485 5024 Nicephorus
1520 4954 1572 5006 iu
1615 4951 2048 5024 libroLvttt,icap.
2075 4953 2163 5006 50.

598 5033 670 5080 Αι
701 5025 956 5079 Socrates
987 5025 1041 5078 in
1072 5024 1166 5078 lib.
1195 5041 1234 5085 ι,
1267 5023 1385 5091 cap.
1423 5023 1511 5086 i7,
1555 5024 1720 5076 verba
1758 5023 1974 5077 Eusebii
2015 5032 2165 5074 trau-

598 5095 882 5158 scribens,
923 5093 1026 5166 τὴν
1068 5092 1481 5166 βασιλεύουσαν
1505 5091 1658 5146 πόλιν
1701 5107 1893 5147 novam
1941 5091 2166 5166 Romam

600 5163 1006 5233 interpretatur.
1053 5163 1226 5230 Quem
1271 5165 1517 5218 Socratis
1564 5177 1808 5217 errorem
1859 5165 2052 5228 merito
2077 5176 2165 5217 rev

598 5233 888 5306 prehendit
917 5233 1179 5287 Batonius
1199 5270 1215 5296 ,
1241 5247 1364 5306 cum
1385 5234 1658 5306 Eusebius
1677 5233 2029 5306 regimurbis
2074 5247 2170 5306 ηοτ

602 5301 745 5363 iniue
779 5305 1007 5374 Romam
1045 5319 1260 5373 semper
1282 5305 1584 5374 designare
1609 5301 1800 5374 soleat.
1841 5301 1991 5356 Adde
2025 5303 2168 5374 quod

601 5376 842 5430 nondum
883 5373 1133 5428 dedicata
1164 5371 1286 5430 erat
1306 5371 1825 5441 Constantinopolis,
1855 5386 1918 5426 ac
1944 5371 2168 5440 proinde

598 5449 728 5501 urbs
758 5443 1122 5514 regia-vocari
1157 5457 1292 5514 non;
1309 5451 1520 5509 poterat
1543 5483 1560 5506 ,
1591 5456 1711 5514 cum
1742 5453 1871 5496 tunc
1910 5442 2169 5509 temporis

597 5525 744 5572 esset
799 5510 1008 5568 tantum
1058 5521 1214 5568 vetus
1265 5511 1599 5582 Byzantium.
1657 5510 1946 5582 Socratem,
1989 5521 2166 5566 tamen

599 5597 817 5642 secutus
845 5595 926 5641 est
947 5584 1250 5646 Cedrenus,
1282 5581 1550 5649 quietiam
1582 5582 1684 5636 hoc
1714 5583 1884 5650 addit,
1911 5581 2167 5635 Helenam

604 5657 887 5710 duodecim
924 5670 1082 5708 annis
1105 5666 1232 5706 ante
1258 5652 1671 5706 Constantinum
1694 5668 1724 5707 e
1753 5653 1890 5707 vivis
1916 5651 2115 5706 abiisse
2149 5669 2162 5703 :

602 5729 712 5803 καὶ
752 5723 992 5803 ὰπετέθῃ
1125 5723 1363 5803 ’λάρνακι
1398 5723 1656 5803 πορφυρᾷ
1693 5722 1854 5803 αὑτός
1898 5737 1956 5803 τε
1995 5721 2088 5802 κριὶ
2131 5723 2164 5793 ἡ

609 5796 791 5876 μήτηρ
819 5791 992 5876 αὐτοῦ’
1019 5791 1367 5876 ’ξλένη,.;ιτρὸ
1394 5791 1758 5876 δωδεκαξτιῖιν
1774 5793 1873 5863 τῆς
1893 5792 2055 5876 αὑτοῦ
2081 5791 2166 5846 τεὲ

604 5863 798 5930 λιυτῆς
825 5864 1187 5922 ἀποθανοῦσα,
1231 5863 1340 5919 llac
1370 5866 1580 5920 ratione
1610 5865 1861 5919 lleiouam
1897 5873 2160 5918 mortuam

2200 4591 2244 4646 Ῑ)
2274 4604 2392 4671 Quo
2419 4591 2601 4658 tamen
2631 4617 2774 4657 anno
2805 4601 3239 4672 Hierosolymam

2248 649 2640 722 βασιλεύουσαν
2691 652 2845 704 πόλιν
2891 650 3002 721 (5-1)
3055 648 3426 719 ἀνεκομίζετο,
3473 647 3718 701 ἐνταυθοῖ
3761 647 3820 700 δὲ

2247 740 2426 811 ήρίοις
2459 737 2760 810 βασιλικοῖς
2799 739 3106 794 ἀπετίθετο.
3141 738 3250 792 Τοῦ
3287 739 3383 812 μὲν
3418 733 3511 792 οὖν
3559 736 3822 807 βασιλέως

2252 831 2550 886 ἐτελειοῦτο
2582 833 2616 902 ή
2645 833 2848 904 μήτηρ,
2877 831 3003 896 ἀξία
3027 830 3294 902 γενομένη
3325 830 3544 901 μνήμης
3562 829 3820 900 ἁλήστου,

2247 923 2355 979 τῶν
2384 941 2446 977 τε
2490 924 2662 995 αὐτῆς
2699 925 2883 978 εἵνεκα
2922 923 3187 993 θεοφιλῶν
3226 922 3500 995 πράξεων,
3543 921 3640 976 τοῦ
3670 921 3722 976 τ’
3762 925 3825 987 ἐς

2246 1017 2418 1088 αὐτῆς
2463 1017 2659 1087 φύντος
2707 1016 3019 1090 ὑπερφυοῦς
3064 1016 3157 1070 καλ⁵
3197 1015 3500 1088 παραδόξου
3543 1012 3734 1084 φυτοῦο
3763 1014 3825 1069 δν

2246 1108 2383 1182 πρὸς
2415 1113 2527 1174 τοῖς
2558 1110 2748 1174 ἅπασι,
2794 1110 2887 1164 καὶ
2919 1110 3018 1180 τῆς
3059 1109 3139 1172 είς
3181 1107 3280 1179 τὴν
3314 1107 3639 1177 γειναμένην
3669 1107 3824 1170 ὁσίας

2250 1200 2574 1275 μακαρίζειν
2606 1200 2774 1266 ἄξιον,
2806 1199 2949 1256 οὕτω
2975 1199 3072 1270 μὲν
3098 1198 3268 1270 αὐτὴν
3297 1195 3525 1268 θεοσεϐῆ
3550 1198 3826 1268 καταστή-

2250 1310 2438 1359 σαντα,
2473 1293 2573 1346 ούκ
2595 1287 2761 1347 οὖσαν
2793 1292 3079 1364 πρότερον,
3114 1291 3190 1355 ὡς
3218 1291 3367 1362 αύτῷ
3399 1291 3580 1344 δοκεῖν
3612 1290 3724 1361 ('52)
3761 1292 3828 1344 ἐκ

2249 1377 2474 1450 πρώτης
2519 1377 2600 1450 τῷ
2630 1376 2792 1449 κοινῷ
2825 1377 3040 1450 Σωτῆρι
3091 1375 3557 1449 μεμαθητεῦσθαι·
3590 1375 3732 1429 οῦτω
3767 1373 3827 1428 δὲ

2249 1470 2520 1542 ἀξιώματι
2544 1468 2806 1541 βασιλικῷ
2832 1470 3183 1541 τετιμηκότα,
3210 1468 3287 1533 ὡς
3309 1471 3368 1523 ἐν
3400 1468 3601 1523 ἅπασιν
3627 1466 3824 1529 ἔθνεσι,
3862 1484 3870 1492 ·

2250 1565 2380 1635 παρ’
2414 1565 2598 1628 αὐτοῖς
2629 1580 2690 1616 τε
2721 1564 2834 1626 τοῖς
2864 1564 3275 1633 στρατιωτικοῖς
3318 1562 3592 1634 τάγμασιν
3624 1559 3828 1629 αὐγού-

2252 1670 2382 1708 σταν
2419 1653 2664 1726 βασιλίδα
2702 1651 3147 1726 ἀναγορεύεσθαι,
3181 1655 3402 1726 χρυσοῖς
3431 1670 3492 1706 τε
3526 1653 3827 1724 νομίσμασι

2251 1745 2346 1800 καὶ
2377 1744 2476 1817 τὴν
2508 1744 2677 1815 αὐτῆς
2715 1743 3078 1798 ἐκτυποῦσθαι
3111 1744 3294 1797 είκόνα
3314 1761 3328 1774 ο
3505 1743 3564 1797 δὲ
3606 1743 3701 1796 καὶ
3728 1742 3827 1814 θη·-

2255 1835 2470 1908 σαυρῶν
2517 1835 2807 1892 Βασιλικῶν
2855 1838 3083 1906 παρεῖχε
3128 1833 3225 1906 τὴν
3269 1833 3538 1900 ἐξουσίαν,
3591 1835 3829 1906 χρῆσθαι

2253 1926 2396 1982 κατὰ
2443 1927 2758 2000 προαίρεσιν
2793 1927 2888 1981 καὶ
2930 1927 3152 1980 διοικεῖν
3197 1926 3337 1980 κατὰ
3383 1924 3630 1997 γνώμην,
3679 1926 3829 1990 ὅπως

2255 2017 2322 2071 ἂν
2347 2016 2518 2070 ἐθέλοι
2548 2017 2643 2072 καὶ
2675 2017 2750 2082 ὡς
2782 2016 2848 2071 ἂν
2876 2013 2935 2072 εὖ
2967 2017 3110 2090 ἔχειν
3137 2019 3276 2090 αὐτῇ
3300 2018 3573 2090 νομίζοιτο
3599 2021 3829 2085 ἕκαστα,

2252 2102 2346 2156 τοῦ
2385 2104 2574 2169 παιδὸς
2618 2106 2790 2177 αὐτὴν
2819 2107 2924 2160 κάν
2951 2107 3161 2172 τούτοις
3192 2107 3466 2181 διαπρεπῆ
3492 2111 3586 2163 καὶ
3613 2110 3832 2182 ἀξιοζή-

2251 2194 2422 2249 λωτον
2454 2198 2841 2268 πεποιημένου.
2870 2197 2960 2252 Διδ
3009 2199 3118 2252 τῶν
3144 2202 3222 2263 εἰς
3247 2200 3410 2254 αὐτοῦ
3442 2204 3660 2273 μνήμην
3696 2204 3832 2257 ἅναξ

2256 2289 2592 2360 φερομένων,
2628 2290 2721 2342 καὶ
2749 2289 2901 2344 ταῦτ’
2925 2291 3148 2355 εἰκότως
3171 2292 3302 2363 ἡμῖν
3329 2292 3673 2366 ἀνείληπται,
3697 2295 3734 2349 ἃ
3761 2291 3833 2349 δι’

2255 2379 2536 2444 εὐσεϐείας
2579 2380 2887 2453 ὑπερϐολὴν
2932 2383 3145 2456 μητέρα
3189 2385 3386 2457 τιμῶν,
3433 2385 3671 2457 θεσμοὺς
3725 2387 3835 2442 ἀπ-

2256 2471 2394 2544 επλή
2405 2490 2496 2544 ρου
2527 2474 2722 2537 θείους,
2757 2473 2900 2544 ἀμφὶ
2924 2474 3125 2543 γονέων
3147 2475 3310 2547 τιμῆς
3331 2474 3399 2529 τὰ
3421 2475 3698 2548 πρέποντα
3726 2474 3836 2530 δια-

2256 2565 2635 2635 ταττομένους.
2669 2565 2780 2629 Τὰς
2808 2565 2905 2636 μὲν
2933 2559 3024 2619 οῦν
3067 2565 3350 2637 λεχθείσας
3388 2567 3705 2637 φιλοκαλίας
3734 2567 3844 2638 βα-

2260 2655 2439 2720 σιλεὺς
2472 2658 2607 2730 πρὸς
2630 2657 2708 2729 τῷ
2736 2657 3109 2712 Παλαιπινῶν
3148 2658 3290 2714 ἔθνει
3311 2659 3460 2714 τόνδε
3489 2661 3712 2732 συνίστη
3742 2659 3835 2716 τὸν

2257 2748 2458 2820 τρόπον
2479 2768 2492 2779 ·
2528 2749 2623 2802 καὶ
2656 2749 2799 2802 κατὰ
2828 2749 3009 2815 πάσας
3040 2751 3098 2806 δὲ
3130 2750 3230 2816 τὰς
3256 2753 3523 2824 ἐπαρχίας
3550 2757 3837 2822 νεοπαγεῖς

2260 2840 2558 2912 ἐκκλησίας
2599 2841 2996 2907 ἐπισκευάζων,
3055 2841 3254 2914 μακρῷ
3283 2842 3392 2898 τῶν
3424 2843 3711 2916 προτέρων
3754 2861 3839 2896 τιο

2264 2931 2538 3003 μιωτέρας
2565 2931 2851 3002 ἀπέφαινε.

2725 3205 3124 3259 ΚΕΦΑΛᾹΙΟΝ
3161 3207 3306 3260 ΜΗ’.

2267 3297 2460 3364 Ὅπως
2485 3297 2554 3351 ἐν
2569 3298 3234 3367 Κωσταντίνουίπόλει
3251 3299 3543 3366 μαρτύρια
3553 3296 3670 3367 μὲν
3692 3297 3840 3363 ᾠκο-

2358 3368 2607 3437 δόμησε,
2644 3367 2852 3422 πᾶσαν
2879 3367 2948 3421 δὲ
2978 3366 3438 3436 εἱδωλολατρίαν
3467 3366 3745 3436 περιεῖλε.

2335 3457 2444 3530 Τὴν
2475 3457 2532 3511 δέ
2559 3459 2612 3526 γ’
2643 3457 2930 3529 ἐπώνυμον
2973 3455 3138 3511 αὑτοῦ
3172 3456 3325 3511 πόλιν
3364 3456 3535 3529 ἐξόχῳ
3567 3459 3698 3528 τιμῇ
3750 3471 3844 3526 γε-

2266 3550 2491 3624 ραίρων,
2529 3550 2840 3622 εὐκτηρίοις
2872 3549 3117 3603 πλείοσιν
3167 3549 3475 3622 ἐφαίδρυνε,
3521 3547 3844 3621 μαρτυρίοις

2263 3659 2325 3695 τε
2361 3641 2638 3713 μεγίστοις
2670 3642 2766 3695 καὶ
2807 3638 3296 3712 περιφανεστάτοις
3341 3638 3531 3704 οἴκοις,
3575 3641 3688 3702 τοῖς
3739 3636 3845 3708 μὲν

2263 3732 2373 3805 πρὸ
2405 3731 2500 3785 τοῦ
2526 3732 2736 3795 ἄστεος,
2767 3734 2881 3794 τοῖς
2917 3731 2962 3784 δ’
3003 3732 3061 3783 ἐν
3093 3729 3242 3800 αύτῷ
3280 3729 3626 3801 τυγχάνουσι·
3668 3729 3738 3782 δι’
3767 3721 3845 3782 ὧν

2267 3822 2402 3896 ὁμοῦ
2435 3823 2534 3878 καὶ
2562 3822 2662 3884 τὰς
2691 3822 2800 3876 τῶν
2832 3820 3124 3894 μαρτύρων
3155 3823 3372 3894 μνήμας
3399 3822 3583 3893 ἐτίμα,
3619 3821 3716 3874 καὶ
3745 3821 3847 3892 τὴν

2267 3916 2434 3972 αὑτοῦ
2470 3915 2623 3970 πόλιν
2646 3915 2726 3986 τῷ
2761 3913 2869 3968 τῶν
2899 3914 3193 3986 μαρτύρων
3224 3913 3479 3984 καθιέρου
3513 3913 3651 3984 Θεῷ.
3687 3912 3846 3977 Ὀλος

2265 4005 2312 4058 δ’
2347 4005 2600 4076 ἐμπνέων
2633 4004 2745 4078 (55)
2770 4003 2906 4058 Θεοῦ
2944 4005 3156 4074 σοφίας,
3189 4005 3258 4077 ἣν
3286 4003 3386 4075 τῆς
3413 4003 3717 4076 ἐπηγορίας
3743 4003 3847 4074 τῆς

2267 4097 2431 4153 αὑτοῦ
2461 4097 2616 4152 πόλιν
2656 4094 2945 4169 ἐπώνυμον
2976 4095 3251 4166 ἀποφῆναι
3283 4094 3484 4166 ἔκρινε,
3521 4093 3846 4164 καθαρεύειν

2267 4186 2678 4260 εἰδωλολατρίας
2709 4187 2927 4259 ἁπάσης
2969 4186 3225 4251 ἐδικαίου,
3261 4185 3337 4250 ὡς
3369 4184 3618 4257 μηδαμοῦ
3657 4181 3846 4252 φαίνε-

2273 4280 2396 4334 σθαι
2441 4283 2499 4335 ἐν
2531 4281 2670 4352 αὐτῇ
2721 4277 2831 4334 τῶν
2869 4276 3243 4351 νομιζομένων
3289 4277 3430 4331 θεῶν
3464 4277 3754 4346 ἀγάλματα
3787 4273 3847 4326 ἐν

2273 4373 2438 4443 ἱεροῖς
2479 4370 2913 4443 θρησκευόμενα,
2947 4369 3062 4423 ἀλλ’
3098 4369 3221 4423 οὐδὲ
3255 4368 3471 4439 βωμοὺς
3507 4365 3726 4436 λύθροις
3755 4365 3846 4417 ai-

2271 4549 2393 4606 esse
2435 4542 2717 4604 oporteret
2761 4545 2908 4606 anno
2947 4529 3154 4606 Christi
3204 4529 3310 4586 59.5
3377 4537 3472 4606 aut
3524 4535 3673 4581 certe

3280 4598 3523 4675 profecta
3561 4597 3847 4675 essendici:

2270 4665 2358 4728 tur
2402 4675 2469 4726 ab
2499 4673 2732 4728 Eusebio
2763 4681 2817 4725 et
2848 4665 3073 4726 Ruﬁno:
3109 4672 3261 4725 Adde
3281 4665 3453 4737 'quod
3493 4665 3846 4738 post__Crispi

2268 4745 2486 4799 caesaris
2517 4752 2572 4798 et
2599 4742 2812 4797 Faustae
2842 4752 3086 4810 augusta:
3123 4755 3309 4794 necem
3330 4734 3551 4810 ‘lielena
3590 4734 3843 4810 aliquau-

2268 4815 2357 4868 diu
2403 4815 2737 4880 supervixit,
2793 4821 2852 4864 ut
2905 4806 3136 4865 testatur
3199 4810 3448 4880 Zosimus
3496 4809 3548 4862 in
3598 4806 3737 4858 libro
3783 4818 3843 4856 ιι.
3886 4807 3898 4843 τ

2268 4882 2437 4937 Porro
2465 4879 2689 4952 Crispus
2743 4882 2957 4936 occisus
2999 4891 3081 4936 est
3117 4879 3483 4952 Constantino
3511 4887 3741 4952 augusto
3771 4887 3846 4952 γη

2267 4965 2324 5008 et
2355 4943 2672 5007 Constan'tio
2699 4966 2902 5006 caesare
2948 4965 3264 5014 eoss.,anno
3286 4949 3486 5003 Christi
3511 4943 3616 5001 526
3638 4985 3655 5009 ,
3683 4943 3848 5014 utile-
3897 4966 3899 4970 -

2267 5025 2412 5092 gitur
2445 5024 2497 5075 in
2528 5020 2707 5076 Fastis
2732 5021 2905 5075 ldatii.
2931 5019 3074 5075 Mors
3107 5021 3272 5090 igitur
3323 5017 3540 5092 Helenae
3571 5031 3716 5092 anno
3748 5013 3852 5066 Do-

2269 5088 2398 5146 iuini
2427 5093 2530 5146 5‘27
2561 5102 2708 5148 recte
2728 5088 3215 5160 assignariipote’st,
3249 5088 3700 5160 quemadmodum
3720 5097 3849 5137 sen-

2273 5165 2334 5216 tit
2365 5165 2617 5232 Sigonius
2649 5164 2699 5216 iu
2732 5155 2869 5232 libro
2899 5155 3677 5232 tu;Deimperiooccidentaii.

2341 5220 2456 5301 (δεῖ
2491 5231 2648 5302 Vulg.
2677 5233 2758 5297 ὡς
2779 5230 2926 5304 αὺτρ
2941 5220 3170 5304 δοκεῖν-,⁷
3186 5229 3541 5304 §cril_iendu_m
3566 5235 3650 5279 est
3668 5220 3850 5304 ἀύτῷ.

2272 5298 2529 5358 Refertur
2553 5298 2699 5358 enim
2761 5304 2826 5354 ad
2858 5299 2940 5370 τῷ
2979 5299 3144 5370 κοινῷ
3190 5299 3424 5369 Σωτῆρι.
3463 5298 3639 5370 Atque
3667 5298 3849 5370 ita__in

2269 5372 2410 5426 libro
2439 5372 2624 5428 Μοικεί
2649 5373 2716 5426 ad
2764 5362 3061 5442 marginem
3101 5362 3455 5442 emendatum
3502 5362 3706 5442 inveni.
3739 5362 3852 5442 Nec

2271 5442 2432 5497 aliter
2473 5444 2730 5498 scribitur
2763 5443 2814 5496 in
2871 5435 2988 5496 c'od.
3022 5437 3231 5493 Fuketii
3286 5449 3343 5492 et
3409 5435 3636 5501 Savilii,
3686 5443 3742 5490 et
3793 5435 3851 5487 iu

2269 5511 2458 5579 Regiis
2479 5513 2716 5568 scltedis.
2919 5581 2932 5583 _
3023 5581 3032 5583 _
3184 5577 3197 5583 _
3370 5576 3414 5583 __
3454 5575 3488 5583 __
3695 5573 3709 5583 .

2343 5571 2454 5654 ('35)
2494 5583 2650 5653 Vulg.
2712 5584 2861 5648 ὅλως
2906 5581 2959 5634 δ’
3010 5577 3340 5654 ἐμπνέων...
3368 5571 3852 5654 Malim_scrib_cro

2271 5643 2775 5724 Elog'quodvlonge
2810 5643 3115 5724 elegantius
3138 5659 3240 5724 est.
3284 5645 3542 5724 Sic_ce_rte
3569 5645 3623 5699 in
3659 5643 3852 5700 codice

2275 5717 2414 5780 Fuit.
2449 5717 2500 5780 ἐι
2527 5725 2579 5779 in
2613 5717 2800 5794 Regiis
2835 5717 3052 5780 schedis
3089 5719 3352 5790 scriptum
3381 5717 3630 5773 habetur.
