4186 6396
541 323 682 380 1115

1283 321 1554 378 EUSEBII
1594 319 2072 378 CxESARIENSlS
2111 319 2263 376 OPP.
2307 320 2486 376 PARS
2525 321 3050 380 I.—HlSTORlCA.

3653 321 3786 376 1116

540 457 897 512 exstructam,
934 455 986 502 et
1021 447 1229 516 impura
1267 446 1532 502 sacriﬁcia
1583 449 1798 503 assidue
1846 449 1955 503 illic
1992 463 2120 518 per-

2224 445 2362 501 λωσε
2392 447 2504 518 (48)
2545 448 2768 520 πλησίον
2802 448 3043 510 ἑστάναι,
3090 447 3184 501 καὶ
3215 445 3403 510 θυσίας
3445 444 3786 519 ἀκαθάρτους

548 537 661 604 agi,
690 537 757 590 ad
798 552 898 591 nos
945 536 1168 590 relatum
1203 545 1304 591 est.
1333 537 1484 602 Quod
1508 539 1762 604 quoniam
1797 547 1852 591 et
1877 539 2115 593 alienum

545 647 574 685 a
608 629 939 700 temporibus
967 631 1186 695 nostris,
1214 639 1268 686 et
1299 631 1465 700 ipsius
1498 632 1600 687 loci
1628 633 1986 688 sanctimonia
2029 634 2118 688 in-

491 793 495 800 _
545 722 766 790 dignum
796 720 1030 784 videtur,
1061 721 1198 775 sciat
1231 719 1486 777 Gravitas
1515 722 1706 778 Vestra
1743 724 2055 778 mandatum
2086 739 2118 778 a

546 813 703 866 nobis
747 826 868 866 esse
907 827 1001 881 per
1027 813 1240 867 litteras
1285 814 1488 869 Acacio
1525 815 1646 869 viro
1677 814 2074 884 perfectissimo
2098 857 2115 883 ,

543 903 731 957 comiti
776 911 832 957 et
875 903 1054 958 amico
1101 914 1308 970 nostro,
1375 914 1435 959 ut
1479 905 1596 959 sine
1625 905 1731 958 ulla
1760 905 2023 963 dilatione
2063 917 2122 963 et

545 993 837 1047 simulacra
885 995 1066 1048 omnia
1118 1009 1236 1062 quae
1284 1004 1586 1050 memorato
1644 996 1697 1050 in
1731 995 1850 1052 loco
1903 1006 2118 1068 reperta

546 1083 791 1150 fuerint,
842 1085 952 1156 igni
988 1087 1293 1152 tradantur,
1319 1093 1374 1140 et
1403 1099 1496 1138 ara
1522 1086 1764 1141 funditus
1791 1096 2069 1142 evertatur
2097 1104 2113 1156 ;

547 1184 717 1245 utque
752 1191 940 1230 omnes
983 1176 1074 1246 qui
1121 1185 1243 1246 post
1278 1175 1580 1244 iussionem
1611 1185 1856 1232 nostram
1890 1178 2114 1247 impium

548 1265 747 1336 aliquid
796 1267 1082 1323 admittere
1132 1267 1186 1321 in
1237 1281 1302 1322 eo
1351 1267 1467 1322 loco
1491 1269 1610 1321 ausi
1658 1267 1902 1336 fuerint,
1935 1271 2119 1325 debito

549 1356 812 1426 supplicio
868 1354 1187 1411 afﬁciantur.
1254 1354 1428 1422 Quem
1487 1356 1704 1426 quidem
1753 1357 1932 1413 locum
1981 1374 2119 1429 puro

547 1447 787 1502 basilica;
809 1445 1038 1501 aedilicio
1078 1445 1334 1501 exornari
1373 1447 1752 1516 precepimus,
1786 1454 1844 1502 ut
1889 1448 2120 1507 idoneus

548 1542 754 1596 sanctis
801 1540 935 1596 viris
986 1553 1278 1598 consessus
1325 1538 1609 1594 eﬂiciatur.
1669 1540 1822 1608 Quod
1867 1541 2030 1613 510
2073 1545 2120 1600 si

549 1631 679 1702 quid
721 1631 984 1686 adversus
1019 1640 1343 1700 praeceptum
1391 1642 1635 1686 nostrum
1671 1632 1787 1701 geri
1808 1636 2117 1703 contigerit,

549 1721 756 1792 absque
781 1739 932 1778 mora
961 1725 1027 1776 ad
1058 1722 1402 1778 clementiam
1434 1735 1675 1780 nostram
1700 1723 1894 1780 litteris
1923 1726 2120 1780 vestris

551 1813 681 1868 illud
730 1814 918 1870 referri
949 1816 1218 1884 oportebit
1247 1835 1260 1870 :
1291 1824 1351 1870 ut
1398 1816 1707 1888 quicunque
1747 1817 2120 1886 deprehensus

551 1905 737 1971 fuerit,
775 1917 1028 1977 tanquam
1059 1908 1270 1964 violatae
1303 1908 1440 1982 legis
1478 1925 1605 1966 reus
1630 1920 1878 1966 extremo
1911 1911 2120 1980 suppli-

551 1999 637 2052 cio
686 1999 970 2055 afﬁciatur.
1001 2001 1186 2072 Neque
1229 2003 1374 2057 enim
1406 2003 1668 2074 ignoratis
1691 2043 1706 2067 ,
1742 2003 2120 2056 universorum

551 2088 835 2144 Dominum
883 2106 946 2147 ac
995 2093 1162 2148 Deum
1218 2093 1328 2149 illic
1373 2094 1609 2164 primum
1657 2093 1891 2149 Abrahae
1943 2093 2120 2148 visum

549 2195 783 2252 cumque
810 2199 876 2238 eo
907 2185 1233 2242 collocutum
1276 2202 1420 2243 esse.
1450 2185 1563 2242 lllic
1593 2197 1956 2244 sacrosanctae
1989 2189 2123 2258 legis

549 2274 891 2330 observantia
923 2278 1158 2347 primum
1197 2279 1385 2348 coepit.
1433 2280 1548 2336 Illic
1595 2281 1831 2350 primum
1863 2282 2123 2337 Servator

550 2365 668 2435 ipse
699 2382 804 2421 una
834 2383 956 2422 cum
984 2369 1192 2426 duobus
1209 2371 1415 2443 angelis
1444 2374 1747 2443 praesentiae
1774 2387 1886 2429 suae
1911 2374 2120 2443 copiam

548 2459 784 2513 Abrahae
812 2458 962 2513 fecit.
1010 2460 1121 2515 lllic
1152 2462 1294 2518 Deus
1333 2463 1572 2532 primum
1615 2465 1927 2522 hominibus
1959 2480 2123 2535 appa-

554 2549 682 2603 ruit.
714 2547 828 2604 lllic
855 2549 1088 2605 Abrahae
1119 2553 1186 2606 de
1215 2551 1394 2608 futura
1423 2555 1592 2623 ipsius
1629 2559 1888 2627 progenie
1928 2558 2122 2627 prazdi-

549 2638 650 2703 xit,
679 2647 841 2708 atque
865 2639 1014 2694 illico
1041 2641 1491 2709 pollicitationem
1519 2646 1780 2716 implevit.
1811 2647 1923 2704 lllic
1958 2649 2123 2704 multo

555 2737 684 2782 ante
715 2728 1004 2796 nuntiavit,
1050 2730 1403 2799 plurimarum
1439 2737 1683 2805 gentium
1709 2748 1916 2808 patrem
1961 2749 2124 2810 atque

555 2827 829 2873 auctorem
859 2820 1032 2888 ipsum
1065 2820 1329 2878 futurum.
1349 2824 1476 2891 Quae
1498 2841 1620 2881 cum
1658 2827 1730 2881 ita
1765 2829 2121 2897 sint,aaquum

551 2925 673 2965 esse
703 2912 915 2966 videtur
942 2923 1000 2966 ut
1032 2912 1184 2968 locus
1211 2915 1300 2970 ille
1330 2926 1513 2972 nostra
1543 2933 1678 2973 cura
1725 2935 1789 2974 ac
1819 2920 2120 2990 diligentia,

552 3010 666 3054 tum
717 3002 785 3056 ab
831 3005 974 3059 onmi
1012 3004 1226 3074 piaculo
1271 3019 1437 3074 purus
1475 3018 1858 3075 conservetur,
1915 3021 2026 3063 tum
2067 3011 2121 3063 in

552 3093 836 3161 pristinam
885 3096 1225 3152 sanctitatem
1278 3097 1641 3154 restituatur:
1671 3101 1806 3154 utin
1845 3109 2120 3170 posterum
2149 3133 2192 3191 ρ

550 3193 752 3252 ρταιιει·
780 3185 987 3240 cultum
1015 3188 1374 3258 omnipotenti
1408 3189 1517 3246 Deo
1539 3205 1604 3244 ac
1631 3189 1910 3245 Servatori
1937 3200 2124 3247 nostro

553 3277 794 3331 omnium
825 3277 1054 3335 Domino
1071 3290 1483 3352 congruentem,
1512 3281 1646 3336 nihil
1677 3282 1729 3337 in
1752 3295 1817 3336 eo
1849 3283 1968 3338 loco
1997 3299 2124 3352 per-

551 3377 764 3437 agatur.
801 3367 958 3435 Quod
1010 3370 1233 3440 quidem
1285 3386 1410 3426 cum
1465 3371 1646 3428 debita
1699 3371 2063 3428 sollicitudine
2096 3389 2125 3427 a

554 3460 709 3514 vobis
751 3461 1009 3515 convenit
1053 3463 1376 3530 observari,
1421 3463 1466 3517 si
1499 3462 1717 3532 quidem
1791 3467 2124 3518 voluntatem

557 3697 668 3777 illic
706 3700 1081 3777 superstitiose
1111 3703 1243 3777 coli_;
1305 3703 1556 3777 inimicos
1585 3719 1788 3777 vocans
1809 3707 2039 3777 gentiles
2065 3723 2128 3764 ac

559 3769 793 3826 Iudaeos.
829 3769 975 3826 Citat
1008 3772 1151 3828 hunc
1189 3772 1406 3830 Eusebii
1436 3775 1614 3832 locum
1651 3769 2130 3833 etianfDamasce-

556 3840 779 3913 nus_l_i_b.
812 3857 876 3913 Ill
898 3842 972 3895 De
1000 3842 1158 3913 imag.

630 3908 744 3991 μθ)
772 3912 885 3991 Καὶ
928 3908 1140 3991 ﬂuuio}
1181 3913 1474 3991 ἐδήλωσε.
1513 3915 1715 3991 Supple
1743 3917 1778 3987 ἡ
1811 3915 2126 3989 κηδέστρια.

564 3974 775 4043 Retulit,
815 3974 1427 4051 inquiithonstaritt'nus
1456 3987 1524 4040 ad
1572 3974 1668 4041 υἱός
1724 3974 1905 4039 socru}
1947 3974 2128 4041 nostra

554 4063 707 4124 (fatu
738 4051 850 4104 illic
872 4069 1003 4124 esse,
1043 4054 1099 4124 in
1129 4071 1234 4124 qua
1275 4055 1485 4123 impura
1513 4057 1777 4124 sacriﬁcia
1811 4057 2126 4124 oﬂ’erantur.

557 4117 634 4198 De
655 4119 756 4198 hac
789 4136 880 4173 ara
912 4117 1152 4198 loquitur
1176 4117 1492 4180 Eustathius
1517 4127 1570 4180 in
1589 4117 1940 4198 Hexamer'bu,
1967 4140 2126 4194 quam

557 4190 635 4268 ait
667 4190 842 4268 adhuc
857 4201 929 4268 _et
953 4194 1170 4249 stetisse
1190 4209 1288 4247 suo
1319 4202 1582 4268 tempore,
1616 4204 1676 4248 ut
1696 4195 1953 4268 e_t__ipsam
1983 4190 2128 4268 iere-

555 4256 828 4313 binthum.
857 4261 937 4316 Ex
967 4277 1076 4330 quo
1115 4273 1359 4333 apparet,
1395 4256 1493 4319 hoc
1524 4256 1956 4330 Eustathii'opns
1989 4266 2127 4319 scri-

557 4335 709 4400 ptum
733 4345 854 4400 esse
883 4343 1174 4400 antequam
1197 4334 1586 4390 CouStantinus
1617 4349 1767 4388 aram
1807 4333 1958 4388 illam
2001 4336 2129 4390 sub-

555 4399 697 4452 verti
724 4399 998 4472 jussisset.
1035 4399 1333 4458 Sozomeni
1377 4405 1595 4472 quidem
1643 4412 1824 4468 aetate,
1880 4418 1982 4457 nec
2031 4420 2124 4459 ara

2223 541 2457 612 συνεχῶς
2499 539 2881 594 ἐπιτελεῖσθαι.
2921 539 3082 594 Ὅθεν
3112 539 3296 610 ἐπειδὴ
3325 539 3550 592 καὶτῶν
3579 537 3787 609 καιρῶν

2218 633 2328 688 τῶν
2374 633 2654 705 ἡμετέρων
2699 633 2777 703 τῷ
2825 633 3012 704 κράτει
3053 633 3304 704 ἡμετέρῳ
3350 632 3626 704 ἀλλότριον
3652 632 3786 702 (49),

2220 727 2315 779 καὶ
2345 726 2444 797 τῆς
2483 727 2576 779 τοῦ
2618 725 2783 778 τόπου
2812 724 3096 795 ἁγιότητος
3126 724 3341 788 ἀνάξων
3374 723 3787 793 καταφαίνεται,

2220 815 2511 887 γινώσκειν
2556 817 2741 888 Ὑμῶν
2778 819 2876 890 τὴν
2907 818 3218 888 Σεμνότητα
3244 814 3524 886 βούλομαι,
3553 815 3786 887 65811163-

2221 911 2345 964 σθαι
2391 911 2521 980 παρ’
2568 910 2725 980 ἡμῶν
2770 910 2906 982 πρὸς
2963 909 3212 964 Ἀκάκιον
3261 907 3352 963 τὸν
3395 908 3788 980 διασημότατον

2221 1004 2434 1074 κόμητα
2467 1004 2560 1055 καὶ
2593 1002 2744 1072 φίλον
2773 1003 2929 1074 ἡμῶν
2955 1001 3086 1072 (50),
3121 1001 3427 1072 γράμματι,
3460 1000 3526 1053 ἶν’
3564 1000 3691 1054 ἀνευ
3715 1017 3790 1053 τι-

2219 1097 2310 1159 νὸς
2342 1094 2708 1163 ὑπερθέσεως,
2754 1095 2846 1148 καὶ
2877 1094 2946 1147 τὰ
2982 1093 3196 1157 εἴδωλα,
3236 1093 3338 1146 ὃσα
3361 1092 3406 1145 δ’
3446 1091 3512 1145 ἂν
3561 1091 3655 1146 ἐπὶ
3692 1090 3792 1145 τοῦ.

2220 1186 2621 1257 προειρημένου
2651 1185 2957 1257 εὑρίσκοιτο
2984 1185 3174 1247 τόπου,
3206 1184 3340 1255 πυρὶ
3372 1181 3672 1255 παραδοθῇ,
3695 1183 3792 1236 καὶ

2217 1279 2248 1330 ό
2283 1276 2464 1349 βωμὸς
2493 1280 2556 1330 ὲκ
2591 1277 2804 1349 βάθρων
2835 1277 3120 1348 ἀνατραπῇ
3142 1293 3157 1307 ·
3195 1276 3290 1328 καὶ
3331 1275 3510 1328 πάντα
3544 1273 3635 1326 τὸν
3667 1273 3795 1327 τολα

2224 1371 2430 1442 μῶντα,
2465 1370 2599 1441 μετά
2621 1370 2720 1442 τὴν
2751 1369 3024 1441 ἡμετέραν
3053 1370 3320 1432 κέλευσιν,
3338 1369 3533 1431 ἀσεϐές
3549 1386 3603 1422 τι
3627 1369 3684 1422 ὲν
3713 1366 3792 1438 τῷ

2218 1463 2446 1533 τοιούτῳ
2474 1463 2624 1534 τόπῳ
2667 1462 2949 1533 πράττειν,
2981 1462 3248 1534 τιμωρίας
3290 1460 3438 1527 ἀξιον
3473 1462 3585 1534 (51)
3613 1461 3792 1532 κρίνο-

2225 1573 2323 1627 μεν
2343 1573 2355 1585 ·
2392 1555 2451 1608 ὃν
2491 1555 2714 1627 καθαρῷ
2738 1555 3022 1626 βασιλικῆς
3055 1555 3448 1625 οἰκοδομήματι
3474 1553 3793 1625 κοσμεῖσθαι

2222 1645 2564 1717 διετάξαμεν,
2607 1649 2756 1712 ὅπως
2793 1648 2964 1717 ἁγίων
3006 1645 3310 1717 ἀνθρώπων
3347 1645 3495 1710 ἄξιον
3523 1644 3793 1716 συνέδριον

2224 1737 2536 1809 ἀποδειχθῇ.
2577 1739 2642 1791 Ei
2676 1739 2734 1792 δέ
2778 1756 2832 1792 τι
2883 1737 3034 1808 παρά
3062 1736 3123 1790 τδ
3167 1736 3502 1809 προσταχθὲν
3542 1735 3796 1804 γενέσθαι

2225 1830 2490 1900 συμϐαίη,
2521 1829 2690 1901 χωρίς
2733 1847 2878 1893 τινος
2921 1828 3230 1900 μελλήσεως
3272 1830 3338 1898 τῇ
3379 1826 3622 1898 ἡμετέρᾳ
3660 1827 3797 1897 ἡμε-

2225 1921 2410 1992 ρότητι
2443 1920 2510 1974 δι’
2539 1921 2820 1992 ὑμετέρων
2865 1918 3062 1992 δηλαδὴ
3115 1919 3458 1992 γραμμάτων
3489 1917 3794 1989 γνωρισθῆ-

2221 2029 2311 2066 ναι
2367 2012 2589 2084 πρέπει,
2645 2012 2734 2066 ἵνα
2773 2011 2866 2066 τὸν
2919 2011 3294 2082 ἁλισκόμενον,
3353 2010 3429 2074 ὡς
3477 2010 3799 2080 παρανομή-

2225 2117 2410 2164 σαντα,
2462 2099 2561 2171 τὴν
2613 2099 2872 2154 ἀνωτάτω
2920 2099 3140 2152 κόλασιν
3209 2098 3511 2168 ὑποστῆναι
3567 2094 3800 2168 προστά-

2225 2192 2422 2264 ξωμεν“.
2468 2193 2543 2245 Οὐ
2573 2191 2681 2263 γὰρ
2710 2193 2976 2260 ἀγνοεῖτε,
3009 2192 3125 2244 ἐκεῖ
3164 2191 3379 2262 πρῶτον
3410 2190 3502 2243 τὸν
3525 2189 3633 2243 τῶν
3661 2189 3799 2242 ὅλων

2221 2285 2484 2356 δεσπότην
2501 2283 2633 2337 Θεὸν
2655 2284 2748 2338 καὶ
2768 2277 2945 2352 ὦφθαι
2964 2283 3043 2354 τῷ
3075 2281 3343 2353 Ἀϐραὰμ,
3369 2283 3464 2335 καὶ
3483 2280 3794 2350 διειλέχθαι.

2236 2376 2385 2429 Ἐκεῖ
2423 2375 2523 2446 μὲν
2558 2369 2652 2430 οὖν
2685 2373 2901 2446 πρῶτον
2933 2375 2965 2446 ἡ
2997 2374 3091 2428 τοῦ
3132 2373 3286 2443 ἁγίου
3326 2373 3491 2443 νόμου
3531 2371 3797 2444 θρησκεία

2222 2466 2320 2538 τὴν
2359 2464 2637 2538 καταρχὴν
2670 2465 2893 2536 εἴληφεν
2913 2481 2926 2496 ·
2958 2464 3076 2518 ἐκεῖ
3107 2462 3324 2535 πρῶτον
3355 2464 3384 2514 ό
3414 2461 3605 2533 Σωτὴρ
3635 2459 3802 2524 αὐτὸς

2227 2558 2367 2631 μετά
2401 2559 2508 2612 τῶν
2549 2557 2643 2611 δύο
2682 2557 2949 2626 ἀγγέλων,
2989 2557 3091 2628 τὴν
3124 2555 3316 2610 ἑαυτοῦ
3358 2555 3680 2623 ἐπιφάνειαν
3719 2553 3798 2623 τῷ

2237 2652 2487 2725 Ἀϐραὰμ
2509 2650 2981 2721 ἐπεδαψιλεύσατοο
3009 2651 3126 2703 ἐκεῖ
3149 2651 3260 2713 τοῖς
3283 2646 3593 2720 ἀνθρώποις
3618 2649 3646 2699 ό
3667 2645 3799 2709 Θεὸς

2225 2741 2425 2813 ἤρξατο
2463 2739 2778 2810 φαίνεσθαι·
2812 2740 2927 2792 ἐκεῖ
2957 2739 3034 2810 τῷ
3084 2737 3334 2809 Ἀϐραὰμ
3372 2736 3501 2807 περὶ
3531 2733 3624 2787 τοῦ
3671 2734 3800 2805 μέλτ»

2223 2830 2406 2895 λοντος
2428 2830 2576 2900 αὑτῷ
2595 2830 2903 2901 σπέρματος
2926 2827 3317 2899 προηγόρευσε,
3344 2825 3436 2877 καὶ
3457 2820 3801 2894 παραχρῆμᾶ

2225 2940 2288 2992 γε
2330 2923 2428 2994 τὴν
2459 2919 2787 2990 ἐπαγγελίαν
2822 2919 3166 2991 ἐπλήρωσεν·
3209 2919 3326 2970 ἐκεῖ
3367 2914 3634 2968 πλείστων
3658 2915 3800 2967 ὅσων

2225 3015 2394 3070 ἐθνῶν
2429 3013 2646 3067 ἔσεσθαι
2678 3012 2840 3066 αὑτὸν
2884 3009 3117 3082 πατέρα,
3151 3006 3540 3080 προεκήρυξεν.
3581 3001 3682 3058 Ὧν
3706 3003 3802 3058 οὔ·

2224 3125 2332 3172 τως
2376 3107 2628 3178 ἐχόντων,
2666 3103 2814 3168 ἄξιόν
2851 3103 3018 3165 ἐστιν,
3055 3101 3131 3165 ὦς
3154 3100 3217 3169 γέ
3255 3116 3344 3172 μοι
3384 3098 3797 3166 καταφαίνεται,

2225 3199 2315 3252 διὰ
2339 3198 2436 3268 τῆς
2465 3195 2737 3268 ὑμετέρας
2760 3193 3058 3266 φροντίδος,
3081 3192 3175 3246 καὶ
3201 3190 3438 3261 καθαρὸν
3463 3187 3570 3242 ἀπὸ
3605 3186 3798 3251 παντὸς

2229 3289 2535 3362 μιάσματος
2574 3288 2666 3341 τὸν
2697 3285 2860 3340 τόπον
2886 3283 3072 3337 τοῦτον
3111 3280 3494 3353 φυλάττεσθαι,
3529 3279 3623 3332 καὶ
3661 3277 3802 3349 πρὸς

2225 3379 2322 3450 τὴν
2359 3378 2590 3448 ἀρχαίαν
2618 3374 2882 3446 ἀγιότητα
2909 3368 3369 3432 ἀνακαλέσασθαι,
3389 3366 3466 3431 ὡς
3493 3365 3656 3437 μηδὲν
3683 3363 3803 3416 ἓτε-

2227 3489 2321 3548 ρον
2377 3471 2463 3524 ὲπ’
2507 3467 2672 3523 αὑτοῦ
2718 3463 3077 3541 πράττεσθαι,
3128 3464 3162 3536 ἡ
3209 3461 3307 3534 τὴν
3355 3460 3672 3533 πρέπουσαν
3721 3453 3802 3525 τῷ

2227 3707 2774 3781 Christophorsonus,
2833 3706 3136 3781 absuntque
3157 3719 3199 3781 ⁸ξι
3230 3702 3394 3756 codd.
3427 3701 3615 3770 Regio,
3657 3697 3796 3781 ξιιὶ.

2229 3771 2682 3837 etSav.'Verum
2729 3777 2773 3830 si
2822 3776 2929 3830 mei
2979 3771 3191 3830 arbitrii
3227 3787 3314 3826 res
3360 3781 3525 3833 esset,
3581 3771 3798 3824 mallem

2227 3851 2479 3920 equidem
2541 3845 2821 3920 sequentia
2847 3844 3041 3920 -verba
3067 3913 3082 3920 _
3117 3857 3431 3920 expungere
3477 3840 3557 3912 τῷ
3607 3840 3800 3920 κράτει

2227 3910 2506 3993 ἡμετέρῳ,
2529 3910 2742 3993 quaead
2781 3915 3021 3993 priorum
3041 3983 3053 3993 _
3067 3910 3566 3993 interpretationem
3583 3910 3799 3993 Ascholii

2244 3980 2362 4046 v'ice
2388 3980 2568 4043 addita
2600 3980 2931 4040 fuisse'mihi
2967 3980 3251 4046 videntur;
3299 3980 3524 4052 καιρούς
3581 3989 3797 4048 tempus

2229 4058 2754 4130 imperiieleganter
2784 4053 2985 4130 Graeci
3007 4053 3213 4107 dicunt.
3244 4052 3414 4107 Porro
3441 4053 3798 4118 imperatores

2227 4133 2280 4184 id
2309 4123 3122 4198 prtecipuostudioambihant,
3149 4131 3208 4175 ut
3237 4131 3542 4198 temporum
3571 4134 3795 4198 suorum

2229 4191 2460 4254 felicitas
2479 4191 2534 4251 et
2559 4195 2844 4250 clementia
2873 4193 3264 4247 celebraretur.
3283 4191 3430 4246 Nihil
3457 4191 3800 4258 frequentius

2232 4269 2474 4324 occurrit
2499 4267 2640 4336 apud
2665 4263 2888 4336 Latinos
2909 4261 3228 4336 historicos.
3239 4271 3303 4336 Aet
3326 4262 3377 4314 in
3400 4261 3605 4336 legibus
3628 4261 3798 4336 impe-

2230 4351 2499 4393 ratorum.
2524 4330 2678 4406 Apud
2703 4333 3091 4406 Philostratum
3111 4331 3171 4406 _in
3197 4331 3336 4406 libro
3360 4347 3410 4406 n_
3439 4330 3514 4384 De
3550 4330 3668 4383 vitis
3713 4343 3802 4380 so—

2229 4400 2664 4478 phistarum,_‘ubi
2689 4406 2752 4459 de
2782 4402 3074 4478 Heliodoro
3111 4400 3374 4478 loquitur,
3395 4401 3510 4454 harc
3541 4413 3645 4453 vox
3673 4412 3801 4452 cor-

560 4470 854 4549 negarbor
875 4473 1217 4549 terebinthus
1237 4470 1438 4549 stabat.
1482 4474 1680 4528 Mansit
1720 4483 1894 4549 tamen
1943 4489 2131 4543 super-
2161 4485 2207 4541 D
2230 4470 2390 4549 'rupta
2422 4489 2525 4532 est.
2550 4475 2683 4549 cum
2709 4475 2852 4527 enim
2889 4471 3208 4549 Heliodorus
3236 4471 3538 4549 orationem
3573 4482 3808 4549 exorsus

560 4538 712 4614 stitio
741 4542 1022 4614 gentilium
1054 4557 1119 4602 eo
1150 4545 1202 4598 in
1237 4543 1378 4607 loco,
1398 4552 1458 4597 ut
1482 4538 2121 4614 testaturHieronymus.

558 4607 712 4684 Adeo
753 4607 968 4684 dilliqile
1019 4625 1102 4668 est
1157 4614 1640 4684 superstitionibus
1696 4613 1860 4667 libras
1912 4607 2126 4682 penitus

556 4677 815 4756 evellere.
849 4680 965 4756 μοι]
991 4677 1284 4756 omittenda
1316 4693 1442 4756 sunt
1470 4700 1590 4756 qua:
1619 4685 1819 4756 de_hoc_:
1842 4677 1959 4756 loco
1979 4687 2126 4756 scri-

559 4745 640 4824 bit
669 4748 972 4826 Antoninus
999 4754 1283 4826 martyrio
1313 4745 1620 4826 Itinerbrio:
1650 4772 1668 4804 ι
1691 4753 1763 4807 De
1789 4753 2124 4826 Bethlehem,

557 4823 754 4896 Πξίιίξῖιν
805 4834 974 4887 usque
1007 4825 1076 4896 ad
1115 4823 1351 4896 radicem
1403 4823 1645 4878 Mambre
1676 4833 1802 4877 sunt
1841 4824 2010 4896 millia
2042 4826 2124 4878 vi-

557 4893 692 4963 ginti
725 4899 995 4963 quatuor:
1029 4894 1080 4945 in
1129 4908 1235 4961 quo
1280 4893 1397 4948 loco
1446 4896 1791 4963 requiescunt
1823 4894 2124 4956 Abraham,

559 4956 713 5036 lsaac
739 4965 791 5010 et
816 4957 982 5036 Jach
1014 4974 1069 5015 et
1094 4956 1250 5026 Sdra,
1273 4964 1436 5018 simul
1463 4956 1749 5036 et-Joseph
1767 4977 1914 5036 ossa.
1934 4963 2030 5018 Est
2053 4965 2124 5019 ibi

560 5023 779 5104 basilica
805 5031 1066 5085 aediﬁcata
1101 5048 1196 5101 per
1225 5023 1515 5103 quadrum,
1545 5043 1600 5086 et
1639 5023 1836 5104 atrium
1871 5032 1922 5086 in
1947 5035 2127 5090 medio

561 5094 960 5170 disc00pertum
1001 5117 1016 5153 :
1050 5094 1116 5155 et'
1142 5094 1512 5170 per'medium’
1554 5103 1855 5170 cancellum
1899 5118 1966 5157 ex
2019 5120 2128 5160 uno

558 5163 730 5239 latere
751 5163 1294 5238 intrantChrisiiani,
1321 5188 1388 5227 ex
1417 5174 1525 5227 alio
1543 5189 1671 5229 vero
1690 5167 1880 5239 Judaei,
1907 5173 2126 5230 incensa

560 5235 865 5314 deferentes
884 5241 1078 5314 multa.
1110 5239 1245 5297 Nam
1274 5235 1541 5314 depositio
1576 5244 1743 5314 Jacob
1781 5235 2040 5314 etr'David
2073 5246 2126 5298 in

559 5314 702 5383 terra
727 5309 840 5383 illa,
865 5309 952 5383 die
995 5313 1171 5379 primo
1223 5309 1614 5383 post'Natalem
1649 5312 1860 5383 Domini
1893 5315 2130 5369 devotis-

556 5379 692 5432 sime
743 5379 1074 5442 celebratur.
1122 5383 1195 5436 ita
1223 5379 1303 5436 ἰιι
1349 5399 1416 5437 ex
1462 5384 1610 5438 omni
1653 5392 1791 5437 terra
1817 5380 2127 5438 Iudaeorum

561 5452 850 5522 conveniat
875 5451 1182 5519 multitudo,
1209 5452 1428 5509 incensa
1455 5454 1707 5508 deferens
1728 5463 1783 5506 et
1803 5453 2126 5522 lluminaria.

560 5518 628 5571 Et
654 5521 784 5574 dant
807 5536 1033 5575 munera
1065 5531 1119 5576 et
1151 5518 1399 5578 Serviunt
1432 5523 1652 5580 ibidem.
1701 5541 1721 5575 ι
1752 5518 1905 5580 Adde
1938 5523 2126 5579 Hiero-

553 5604 776 5658 nymI-m
809 5591 860 5642 in
898 5589 1178 5658 Epitaphio
1204 5593 1414 5648 Paulw.

627 5661 740 5726 (49)
767 5663 901 5736 ,Τῶν
936 5661 1156 5730 καιρῶν
1182 5663 1299 5718 τῶν
1326 5663 1626 5734 ἡμετέρων
1661 5663 1742 5729 τῷ
1780 5664 1978 5734 κράτει
2001 5668 2132 5736 fuis-

557 5729 704 5796 réptp
748 5729 1086 5798 ἀλλότριον.
1145 5729 1385 5800 Quatuor
1424 5729 1602 5805 pri'ora
1657 5729 1827 5792 verba
1868 5729 2130 5806 expun'xit

2235 4539 2578 4602 essetcoram
2608 4546 2958 4612 imperatore,
2991 4542 3066 4595 ait
3094 4539 3456 4612 Philostratus
3500 4541 3800 4612 imperato-

2230 4635 2344 4673 rem
2383 4618 2560 4671 suhito
2584 4608 2946 4670 assurrexisse
2975 4619 3030 4664 et
3069 4611 3400 4665 acclamasse
3429 4627 3445 4664 :
3481 4628 3500 4662 ι
3525 4608 3572 4665 Ο
3601 4611 3799 4672 virum,

2236 4689 2322 4744 cui
2351 4687 2581 4740 similem
2618 4683 2855 4739 nondum
2887 4681 3028 4734 vidi!
3070 4677 3115 4734 Ο
3146 4681 3311 4735 decus
3337 4691 3390 4734 et
3418 4688 3798 4734 ornamentum

2227 4773 2470 4812 meorum
2512 4749 2960 4822 temporumuttbv
2993 4750 3230 4822 ἐμαυτοῦ
3254 4749 3462 4822 καιρῶν
3494 4748 3742 4822 εὕρημαι
3775 4766 3800 4799 ι

2228 4829 2319 4881 Sic
2362 4827 2505 4880 enim
2553 4817 2836 4894 legendum
2883 4817 3229 4894 est._Eadem
3274 4817 3406 4875 voce
3465 4817 3802 4894 utitur‘Con-

2229 4898 2500 4951 stantinus
2525 4895 2576 4948 in
2609 4889 2843 4963 'epistola
2893 4893 2964 4963 ad
3001 4891 3313 4963 haereticos,
3343 4905 3464 4960 qua:
3500 4889 3696 4963 legitur
3746 4889 3798 4941 iu

2229 4969 2334 5022 line
2351 4964 2510 5029 hujus
2531 4959 2675 5018 libri.
2704 4961 2939 5016 Proinde
2957 4959 3228 5028 vulgatam
3253 4959 3534 5014 lectionem
3559 4959 3802 5029 retinen-

2229 5040 2350 5090 dam
2385 5028 2603 5089 censeo.
2642 5033 2821 5086 Verba
2874 5040 3054 5102 autem
3102 5030 3193 5102 illa
3219 5031 3295 5101 τῷ
3328 5030 3520 5102 κράτει
3551 5028 3803 5102 τῴἡμε-

2227 5107 2371 5179 τέρῳ
2395 5104 2721 5174 transposita
2747 5111 2894 5167 sunt,
2924 5110 2979 5155 et
3003 5099 3232 5156 locanda
3269 5099 3392 5170 post
3417 5114 3601 5154 vocem
3641 5101 3795 5152 ἐπει-

2261 5197 2419 5318 T1150)
2439 5243 2555 5318 Καὶ
2582 5243 2765 5318 φίλον
2790 5239 2980 5318 ἡμῶν.
3021 5240 3078 5294 1η
3109 5239 3292 5296 codice
3319 5240 3457 5297 Fuk.
3498 5252 3554 5295 et
3581 5240 3800 5295 schedis

2229 5311 2414 5386 Regiis
2439 5311 2633 5386 legitur
2661 5313 2810 5386 φίλρν
2843 5311 3126 5386 ἡμέτερον.

2301 5376 2702 5459 (Ἐυτιρωρίιιξι
2733 5376 2924 5459 (ﬁta-1".
2945 5376 3416 5459 .Legojtpwpia;
3456 5380 3606 5448 ἄξιον
3650 5376 3800 5459 ᾖηίιι

2231 5451 2337 5520 est,
2362 5451 2584 5522 capitale
2617 5457 2708 5509 sit.
2737 5455 2914 5519 Quare
2945 5451 3034 5522 hic
3068 5451 3220 5507 nihil
3245 5451 3381 5520 opus
3409 5462 3494 5506 est
3537 5451 3798 5506 eme—uda-

2234 5531 2378 5581 tione
2406 5521 2912 5592 ChristOphorsoni.
2945 5521 3118 5576 Aliter
3145 5533 3322 5576 tamen
3353 5524 3542 5591 scripti
3577 5522 3798 5575 codices

2231 5595 2550 5660 Fuk.,Sav.
2590 5611 2654 5648 ac
2692 5592 2951 5656 Turnebi,
3007 5606 3143 5660 quos
3204 5592 3293 5661 hic
3346 5593 3499 5661 sequi
3554 5601 3796 5661 praestat.

2233 5659 2401 5721 Paulo
2445 5674 2568 5735 post
2618 5663 2797 5719 scribe
2837 5677 2901 5718 ex
2953 5659 3138 5719 codice
3179 5660 3312 5716 Fuk.
3364 5659 3529 5732 6‘1‘6'};
3571 5659 3801 5735 καθαρῷ

2237 5737 2538 5807 βασιλικῆς,
2571 5746 2675 5790 etc.
