4186 6432
485 426 624 479 alr?

1586 411 1673 469 DE
1713 415 1874 471 VI'IA
1912 415 2374 473 CONSTAN'I'INI
2412 414 2522 470 LIB
2557 417 2650 473 III.

3603 416 3735 474 IIIS

481 538 884 610 παντοκράτορι
931 535 1024 588 καὶ
1058 534 1268 606 Σωτῆρι
1315 533 1472 603 ἡμῶν
1522 533 1616 586 καὶ¹
1653 533 1762 585 τῶν
1802 534 1939 587 ὅλων
1973 535 2056 587 δε-

2175 549 2358 598 neam,
2392 549 2514 602 quae
2543 549 2608 589 ex
2654 534 2748 589 Dei
2781 533 2928 590 cultu
2964 536 3234 605 praecipue
3267 534 3734 606 dependet,adim-

483 633 654 702 σπότῃ
681 627 798 698 Θεῷ
827 625 1097 679 τελεῖσθαι
1126 623 1439 695 θρησκείαν·
1475 624 1610 695 ὅπερ
1635 623 1771 695 μετά
1799 624 1897 694 τῆς
1914 624 2057 678 δεού-

484 741 582 793 σης
628 720 902 791 προσῆκον
935 717 1078 788 ὑμᾶς
1109 717 1393 784 φυλάττειν
1425 713 1534 786 (5'2)
1582 715 1882 786 φροντίδος,
1918 715 1971 768 εἴ
1992 716 2058 784 γέ

2163 628 2334 696 plere,
2364 627 2440 681 ιιιί
2464 627 2696 694 confido,
2738 627 2989 682 Gravitas
3032 625 3222 682 Vestra
3270 627 3561 682 desiderat.
3595 627 3736 680 Divi-

2165 720 2303 775 nitas
2334 735 2432 774 vos
2457 729 2664 784 servet,
2703 718 2901 774 fratres
2931 718 3260 774 charissimi.
3307 735 3328 770 ι

487 834 576 887 μοι
605 816 675 870 τὰ
720 813 1039 884 καταθύμια
1113 812 1212 882 τῆς
1257 811 1564 875 θεοσεϐείας
1611 812 1906 881 ἐξαιρέτως
1982 813 2288 884 ἠρτημένα,
2339 816 2527 888 ὥσπερ
2571 811 2664 870 οὖν
2710 815 3032 886 πέπεισμαι,
3068 816 3103 887 ή
3142 814 3416 885 Ὑμετέρα
3466 812 3738 887 Σεμνότης

484 907 822 980 πληροῦσθαι
869 905 1135 977 βούλεται.
1208 906 1265 959 '0
1327 905 1459 969 Θεὸς
1506 906 1650 976 ὑμᾶς
1713 905 2057 975 διαφυλάξοι,
2088 909 2308 980 ἀδελφοὶ
2334 909 2627 983 ἀγαπητοί.
2662 928 2684 963 ι

995 1002 1393 1055 ΚΕΦΑΛΑΙΟΝ
1430 999 1553 1054 ΝΔ’.

555 1093 887 1148 Εῖδωλείων
910 1093 1009 1146 καὶ
1031 1091 1264 1157 ξοάνων
1289 1093 1600 1161 πανταχοῦ
1633 1091 1987 1158 κατάλυσις.

557 1187 744 1240 Πάντα
778 1187 876 1255 μέν
909 1183 972 1254 δὴ
1013 1182 1188 1236 ταῦτα
1229 1182 1495 1235 συντελῶν
1532 1185 1611 1247 είς
1643 1183 1801 1247 δόξαν
1826 1185 1925 1255 τῆς
1959 1203 2063 1238 σω-

487 1278 675 1350 τηρίου
697 1275 976 1346 δυνάμεως
1003 1274 1255 1345 βασιλεὺς
1283 1274 1809 1346 διεπραγματεύετο.
1838 1276 1947 1328 Καὶ
1973 1277 2062 1329 τὸν

492 1371 590 1442 μὲν
623 1367 790 1424 αὑτοῦ
817 1367 1048 1438 Σωτῆρα
1081 1365 1215 1421 Θεὸν
1244 1358 1348 1419 ὧδέ
1392 1385 1470 1437 πη
1508 1367 1730 1420 διετέλει
1768 1367 2062 1438 γεραίρων,

488 1461 583 1533 τὴν
613 1460 672 1514 δέ
712 1478 776 1529 γε
812 1459 919 1512 τῶν
949 1457 1116 1512 ἐθνῶν
1148 1458 1516 1528 δεισιδαίμονα
1547 1459 1754 1529 πλάνην
1793 1458 2066 1522 παντοίοις

489 1549 744 1621 ἐξήλεγχε
800 1549 1042 1620 τρόποις.
1103 1548 1296 1602 Ἔνθεν
1345 1548 1569 1612 εἰκότως
1618 1548 1919 1618 ἐγυμνοῦτο
1967 1549 2066 1618 μὲν

489 1643 672 1704 αὐτοῖς
701 1639 809 1693 τῶν
849 1639 990 1694 κατὰ
1024 1641 1178 1694 πόλιν
1220 1639 1355 1694 νεῶν
1387 1639 1464 1706 ,τά
1511 1640 1841 1709 προπύλαια,
1887 1640 2066 1713 θυρῶν

490 1735 669 1806 ἔρημα
709 1733 966 1804 γινόμενα
1016 1732 1280 1804 βασιλέως
1313 1731 1732 1804 προστάγματιο
1771 1732 1971 1804 ἐτέρων
2017 1731 2062 1784 δ’

2765 1003 2992 1060 CAPUT
3021 1001 3151 1058 LIV.

2467 1099 2518 1154 F
2522 1117 2624 1154 ana
2656 1109 2705 1155 et
2736 1098 3018 1153 simulacra
3041 1097 3227 1168 ubique
3255 1096 3453 1150 diruta.

2237 1191 2363 1247 Haec
2425 1193 2606 1246 omnia
2675 1190 2970 1259 imperator
3031 1189 3096 1242 ad
3158 1185 3382 1257 gloriam
3446 1184 3738 1241 salutifera:

2167 1282 2368 1337 Christi
2399 1282 2618 1335 virtutis
2672 1279 2820 1335 omni
2873 1277 3050 1334 studio
3095 1276 3408 1347 peragebat.
3447 1278 3523 1331 Ac
3568 1275 3736 1331 Deum

2167 1375 2384 1443 quidem
2421 1374 2772 1426 Servatorem
2805 1384 2965 1425 suum
3013 1369 3116 1424 hac
3167 1369 3375 1423 ratione
3423 1368 3600 1423 colere
3629 1383 3737 1422 non

2167 1466 2438 1521 cessabat.
2473 1462 2773 1520 Gentilium
2801 1475 2933 1516 vero
2969 1459 3402 1530 superstitiosum
3453 1471 3693 1514 errorem
3718 1496 3737 1522 ,

2169 1555 2420 1610 omnibus
2450 1553 2628 1608 modis
2674 1551 2933 1608 studebat
2993 1549 3342 1606 convincere.
3378 1546 3563 1617 Itaque
3599 1562 3738 1616 quo-

2174 1647 2426 1700 rumdam
2458 1645 2512 1699 in
2551 1644 2777 1700 urbibus
2797 1642 3052 1698 fanorum
3083 1637 3347 1696 vestibula
3376 1640 3740 1702 nudabantur,

2171 1737 2344 1791 valvis
2385 1734 2540 1804 jussu
2595 1733 2938 1805 imperatoris
2989 1730 3214 1797 orbata;
3259 1730 3488 1783 aliorum
3542 1738 3740 1783 tectum

494 1829 524 1896 ἡ
555 1825 648 1878 ἐπὶ
675 1827 787 1887 τοῖς
819 1825 1033 1895 ὀρόφοις
1059 1823 1246 1894 στέγη,
1270 1823 1378 1876 τῶν
1401 1822 1766 1896 καλυπτήρων
1799 1825 2064 1895 ἀφαιρου-

2175 1825 2638 1895 corrumpebatur,
2697 1821 2892 1893 tegulis
2933 1821 3151 1876 amotis.
3211 1817 3600 1874 Nonnullorum
3650 1831 3744 1871 ve-

491 1917 689 1988 μένων,
717 1916 997 1989 ἐφθείρετο
1016 1933 1030 1946 ·
1064 1915 1236 1970 ἄλλων
1261 1914 1331 1969 τά
1368 1914 1544 1986 σεμνά
1576 1915 2061 1988 χαλκουργήματα,

491 2010 573 2076 ἐφ’
606 2003 686 2072 οἷς
716 2010 750 2080 ή
783 2008 889 2061 τῶν
924 2005 1166 2062 παλαιῶν
1189 2006 1373 2077 ἀπάτη
1408 2010 1638 2078 μακροῖς
1659 2006 2067 2078 ἐσεμνολογεῖτο

492 2099 723 2170 χρόνοις,
757 2098 958 2170 ἔκδηλα
1000 2102 1111 2162 τοῖς
1157 2099 1323 2152 πᾶσιν
1355 2099 1414 2150 ἐν
1453 2099 1680 2168 ἀγοραῖς
1716 2097 1828 2167 (55)
1866 2099 2066 2159 πάσαις

492 2193 590 2262 τῆς
622 2190 885 2262 βασιλέως
928 2189 1138 2254 πόλεως
1173 2191 1526 2262 προύτίθετοο
1561 2189 1636 2253 ὡς
1668 2191 1747 2254 εἰς
1784 2191 2069 2260 ἀσχήμονα

493 2282 621 2334 θέαν
658 2280 977 2352 προκεῖσθαι
1018 2281 1130 2342 τοῖς
1172 2279 1394 2351 ὁρῶσιν,
1430 2272 1533 2332 ὧδε
1572 2278 1668 2349 μὲν
1716 2277 1807 2331 τὸν
1845 2279 2065 2343 Πύθιον,

495 2369 719 2442 ἑτέρωθι
766 2369 824 2422 δὲ
855 2369 948 2422 τὸν
995 2367 1267 2438 Σμίνθιον,
1317 2369 1374 2420 ἐν
1420 2368 1568 2439 αὐτῷ
1599 2369 1654 2420 δὲ
1709 2369 2067 2441 ίπποδρομίῳ,

499 2463 618 2525 τοὺς
653 2462 713 2514 ἐν
748 2460 969 2528 Δελφοῖς
1009 2459 1291 2530 τρίποδας,
1325 2459 1423 2524 τάς
1465 2460 1509 2512 δ’
1551 2461 1895 2526 Ἑλικωνίδας
1924 2462 2072 2515 Μού-

496 2571 594 2618 σας
623 2555 680 2607 ἐν
723 2553 970 2623 παλατίῳ
1000 2551 1134 2622 (54).
1177 2551 1510 2624 Ἐπληροῦτο
1543 2553 1599 2605 δὲ
1633 2553 1805 2606 διόλου
1854 2555 2006 2607 πᾶσα
2035 2556 2069 2624 ή

497 2641 758 2712 βασιλέως
789 2640 1070 2712 ἐπώνυμος
1105 2641 1260 2706 πόλις
1286 2642 1395 2695 τῶν
1422 2642 1562 2695 κατὰ
1596 2643 1704 2696 πᾶν
1739 2642 1888 2707 ἔθνος
1921 2644 2070 2696 ἐντέ-

498 2752 642 2804 χνοις
701 2732 900 2805 χαλκοῦ
946 2732 1284 2802 φιλοκαλίαις
1335 2735 1754 2806 ἀφιερωμένων·
1807 2733 1887 2799 οἷς
1934 2735 2072 2789 θεῶν

496 2824 716 2895 ὀνόματι
758 2824 1012 2888 πλείστας
1059 2825 1188 2889 ὅσας
1242 2825 1574 2897 ἑκατόμϐας,
1629 2826 1954 2892 ὁλοκαύτους
2011 2845 2071 2880 τε

499 2916 686 2980 θυσίας
715 2918 792 2978 είς
829 2915 1054 2986 μάταιον
1086 2914 1376 2980 ἀποδόντες
1411 2919 1642 2988 μακροῖς
1673 2918 1863 2972 αἰῶσιν
1893 2921 1940 2971 οἱ
1974 2919 2071 2990 τὴν

500 3006 703 3076 πλάνην
736 3005 1106 3076 νενοσηκότες,
1133 3003 1232 3074 ὀψέ
1262 3023 1393 3058 ποτε
1421 3009 1636 3076 φρονεῖν
1665 3005 1928 3076 ἔγνωσαν,
1958 3007 2073 3060 τού-

506 3115 609 3159 τοις
640 3098 842 3161 αὐτοῖς,
874 3095 1182 3168 ἀθύρμασιν
1225 3097 1318 3150 ἐπὶ
1363 3097 1556 3166 γέλωτι
1604 3099 1698 3151 καὶ
1741 3100 1933 3170 παιδιᾷ
1962 3099 2069 3152 τῶν

498 3190 746 3259 δρώντων
804 3187 1066 3250 Βασιλέως
1116 3188 1478 3259 κεχρημένου.
1532 3188 1612 3242 Τά
1644 3189 1701 3243 δέ
1753 3208 1817 3259 γε
1863 3192 2070 3261 χρύσεα

500 3280 604 3332 τῶν
649 3279 978 3350 ἀγαλμάτων
1018 3279 1150 3351 ἄλλῃ
1197 3296 1276 3349 πη
1330 3280 1628 3351 μετήρχετο
1666 3281 1799 3349 (55).
1856 3283 2071 3354 Ἐπειδὴ

501 3371 610 3442 γὰρ
643 3372 846 3423 συνεῖδε
887 3371 1062 3442 μάτην
1094 3371 1436 3441 δειμαίνοντα
1467 3373 1674 3444 νηπίων
1703 3373 1856 3445 δίκην
1902 3375 2074 3447 ἀφρό-

502 3481 604 3517 νων
660 3463 728 3516 τά
773 3463 953 3534 πλήθη
1004 3465 1102 3533 τῆς
1155 3462 1361 3533 πλάνης
1413 3463 1483 3517 τὰ
1531 3465 1916 3537 μορμολύκεια,
1975 3467 2075 3542 ὕλῃ

502 3553 702 3625 χρυσοῦ
730 3555 820 3606 καὶ
842 3555 1082 3626 ἀργύρου
1110 3556 1487 3627 πεπλασμένα,
1517 3557 1612 3609 καὶ
1637 3557 1809 3612 ταῦτα
1835 3560 2078 3613 ἐκποδὼν

502 3645 638 3718 ᾤετο
686 3646 794 3699 δεῖν
828 3645 1082 3717 ἄρασθαι,
1135 3645 1324 3718 ὥσπερ
1373 3648 1496 3701 τινὰ
1546 3648 1706 3702 λίθων
1756 3652 2079 3724 ἐγκόμματα

503 3742 613 3802 τοῖς
648 3741 705 3790 ἐν
739 3738 914 3808 σκότῳ
947 3736 1218 3807 βαδίζουσι
1253 3738 1358 3810 πρὸ
1387 3739 1494 3792 τῶν
1535 3739 1712 3794 ποδῶν
1749 3744 2074 3816 ἐρριμμένα,

503 3829 653 3885 λείαν
690 3847 751 3882 τε
786 3829 881 3882 καὶ
917 3829 1126 3900 ὁμαλὴν
1160 3829 1254 3883 τοῦ
1285 3830 1473 3884 λοιποῦ
1507 3831 1606 3903 τὴν
1642 3833 1924 3906 βασιλικὴν
1965 3840 2078 3902 τοῖς

502 3925 672 3976 πᾶσιν
711 3923 1048 3977 ἀναπετάσαι
1093 3923 1318 3993 πορείαν
1351 3923 1486 3994 (56)°
1539 3924 1712 3979 ταῦτα
1755 3927 1802 3980 δ’
1838 3923 1930 3982 οῦν
1961 3929 2077 3983 δια-

505 4014 739 4086 νοηθεὶς,
784 4015 883 4085 οὐχ
924 4014 1158 4069 ὁπλιτῶν
1185 4014 1334 4085 αὐτῷ
1375 4016 1472 4070 καὶ
1513 4017 1749 4089 πλήθους
1782 4037 2080 4092 στρατοπε-

503 4107 650 4170 δείας
681 4108 925 4179 ἡγήσατο
966 4107 1074 4160 δεῖν
1103 4107 1240 4179 πρὸς
1275 4107 1365 4160 τὸν
1395 4107 1600 4162 τούτων
1638 4110 1878 4182 ἔλεγχον,
1913 4109 1992 4177 εἷς
2023 4115 2080 4168 δὲ

508 4197 666 4269 μόνος
688 4197 836 4268 αὐτῷ
860 4198 955 4251 καὶ
996 4198 1246 4270 δεύτερος
1273 4197 1380 4252 τῶν
1409 4199 1572 4252 αὐτοῦ
1601 4202 1908 4274 γνωρίμων,
1943 4205 2081 4277 πρὸς

507 4290 809 4360 ὒπηρεσίαν
829 4289 1133 4363 ἀπήρκουν,
1157 4289 1250 4354 οὒς
1273 4291 1352 4344 ἐνὶ
1371 4291 1594 4363 νεύματι
1622 4293 1760 4347 κατά
1797 4297 1902 4349 πᾶν
1931 4296 2080 4361 ἔθνος

580 4461 691 4540 (52)
731 4462 913 4540 Vulg._
945 4463 1260 4540 προσῆκεν
1311 4464 1470 4540 ὑμᾶς
1525 4465 1871 4540 φυλάττειν.
1933 4469 2079 4540 Lego

2165 1919 2408 1974 neranda
2460 1933 2526 1971 ex
2574 1929 2682 1970 tere
2729 1912 3058 1977 simulacra,
3117 1925 3237 1981 qua:
3276 1923 3433 1964 error
3479 1909 3743 1977 majorum

2168 2013 2353 2066 multis
2395 2008 2508 2079 jam
2551 2007 2708 2061 annis
2739 2004 3025 2075 magnifice
3057 2003 3338 2070 iactabat,
3387 2016 3484 2072 per
3515 2001 3628 2054 fora
3654 2017 3745 2053 ur-

2167 2103 2251 2156 bis
2304 2102 2372 2155 ab
2436 2099 2769 2167 imperatore
2821 2091 3214 2163 cognominata:
3247 2129 3264 2154 ,
3317 2093 3556 2144 omnium
3615 2104 3746 2144 ocu-

2168 2194 2239 2248 Iis
2284 2190 2526 2259 subjecta
2577 2195 2729 2252 sunt,
2783 2185 2917 2240 adeo
2959 2191 3018 2236 ut
3061 2182 3128 2237 ad
3174 2181 3468 2235 ludibrium
3512 2189 3570 2235 et
3615 2195 3746 2234 con-

2172 2283 2450 2340 tumeliam
2501 2278 2863 2351 spectantium
2910 2284 3164 2344 paterent
3208 2271 3477 2340 expositi,
3515 2271 3604 2325 hic
3635 2271 3745 2340 Py-

2171 2378 2316 2433 thius
2380 2373 2597 2445 Apollo,
2658 2371 2771 2426 illic
2833 2366 3140 2422 Sminthius
3202 2374 3308 2420 :et
3336 2365 3389 2419 in
3434 2365 3552 2432 ipso
3611 2363 3745 2431 qui--

2169 2469 2291 2524 dem
2348 2468 2496 2522 circo
2550 2463 2790 2534 tripodes
2853 2459 3148 2530 Delphici;
3202 2456 3367 2512 Musa:
3425 2465 3603 2510 autem
3641 2453 3750 2508 He-

2171 2558 2438 2616 Iiconides
2493 2558 2550 2612 in
2613 2555 2840 2627 palatio.
2891 2552 3133 2621 Denique
3192 2551 3384 2605 civitas
3439 2548 3528 2601 illa
3584 2545 3742 2617 511

2174 2650 2485 2721 imperatori
2562 2647 2940 2718 cognominis,
2988 2653 3100 2699 tota
3135 2641 3334 2712 passim
3405 2639 3605 2707 repleta
3661 2647 3746 2692 est

2174 2744 2342 2814 signis
2391 2741 2578 2806 aeneis,
2636 2755 2758 2810 quae
2807 2737 3040 2808 eleganti
3102 2748 3267 2804 opere
3300 2732 3600 2792 elaborata,
3650 2744 3748 2800 per

2174 2834 2420 2906 singulas
2442 2833 2757 2904 provincias
2793 2831 2923 2886 olim
2970 2829 3220 2884 dedicata
3259 2825 3493 2880 fuerant.
3543 2822 3750 2890 Quibus

2174 2945 2299 2985 cum
2337 2929 2590 2985 homines
2629 2926 2821 2981 morbo
2846 2923 3052 2979 erroris
3082 2919 3374 2991 Oppressi,
3403 2917 3565 2985 longo
3609 2925 3748 2970 tem—

2175 3022 2323 3092 poris
2345 3021 2519 3091 spatio
2548 3028 2812 3072 centenas
2837 3013 3084 3068 victimas
3115 3022 3171 3066 et
3209 3008 3533 3063 holocausta
3569 3007 3748 3062 incas-

2176 3129 2294 3168 sum
2328 3109 2553 3181 perinde
2603 3122 2668 3164 ac
2716 3107 2821 3161 diis
2863 3101 3290 3158 immolavissent
3316 3137 3331 3162 ,
3369 3109 3492 3152 sero
3529 3094 3750 3148 tandem

2177 3219 2373 3275 sapere
2403 3202 2736 3264 didicerunt,
2777 3204 3064 3266 postquam
3105 3193 3405 3260 imperator
3443 3187 3639 3242 iisdem
3681 3186 3750 3239 ad

2175 3298 2345 3352 risum
2401 3301 2456 3350 et
2504 3292 2962 3348 oblectamentum
3015 3282 3375 3353 spectantium
3437 3280 3512 3333 uti
3564 3279 3751 3344 cmpit.

2177 3387 2485 3444 Simulacra
2518 3397 2648 3439 vero
2678 3397 2747 3437 ex
2778 3393 2911 3434 auro
2964 3374 3287 3436 fabrefacta,
3351 3371 3460 3426 alio
3510 3369 3746 3440 quodam

2174 3485 2320 3536 ultus
2342 3487 2426 3534 est
2445 3475 2630 3531 modo.
2666 3471 2801 3527 Nam
2830 3470 3086 3539 quoniam
3127 3464 3432 3534 imperitam
3471 3461 3749 3516 hominum

2177 3569 2598 3634 multitudinem,
2629 3564 2918 3620 infantium
2949 3561 3116 3614 instar
3139 3597 3155 3621 ,
3202 3554 3510 3626 hujusmodi
3547 3552 3753 3608 erroris

2177 3658 2361 3712 larvas
2399 3672 2467 3713 ex
2496 3668 2629 3710 auro
2663 3659 3001 3720 argentoque
3032 3645 3367 3703 fabrefactas
3394 3643 3591 3697 frustra
3615 3656 3752 3697 con-

2181 3748 2501 3804 tremiscere
2528 3750 2880 3815 cognoverat,
2916 3755 3012 3795 eas
3036 3754 3067 3794 e
3109 3736 3290 3792 medio
3319 3735 3588 3790 tollendas
3629 3745 3754 3788 esse

2178 3841 2423 3904 censuit;
2450 3839 2649 3909 quippe
2678 3851 2798 3907 quae
2819 3834 2968 3890 velut
2999 3833 3303 3900 fragmenta
3339 3827 3584 3898 quaedam
3619 3825 3756 3906 lapi-

2181 3935 2304 3988 dum
2330 3940 2536 3996 esseut,
2559 3936 2684 3983 ante
2711 3925 2877 3997 pedes
2901 3925 3181 3980 hominum
3215 3921 3268 3975 in
3302 3919 3493 3974 mediis
3519 3915 3757 3972 tenebris

2179 4024 2572 4080 ambulantium
2629 4020 2914 4091 projecta,
2977 4017 3308 4090 planumque
3376 4013 3632 4080 deinceps
3701 4015 3758 4064 et

2179 4115 2442 4188 mquabile
2473 4116 2574 4169 iter
2606 4113 2706 4168 via:
2743 4113 2905 4183 regiae
2951 4109 3167 4166 cunctis
3215 4121 3332 4162 esse
3366 4103 3754 4175 aperiendum:

2180 4227 2299 4281 quae
2327 4226 2450 4266 cum
2501 4208 2645 4278 apud
2678 4222 2737 4262 se
2765 4213 3069 4276 reputasset
3097 4242 3115 4268 ,
3160 4218 3267 4257 non
3302 4199 3520 4255 militari
3556 4212 3752 4263 manu,

2183 4319 2286 4358 nec
2340 4301 2582 4357 exercitu
2621 4300 2688 4353 ad
2725 4299 2838 4353 haec
2894 4297 3240 4367 reprimenda
3291 4291 3391 4348 sibi
3454 4305 3591 4358 opus
3635 4302 3758 4344 esse

2185 4493 2402 4533 crorum
2437 4476 2718 4530 eversione
2747 4473 3010 4528 Eusebius
3038 4480 3226 4525 noster
3253 4470 3304 4522 in
3337 4479 3590 4520 sermone
3611 4466 3647 4518 2
3688 4464 3757 4518 de

510 4516 805 4606 προσῆκον,
833 4516 915 4607 {791
953 4516 1242 4607 προσήκει,
1266 4516 1560 4607 ut'leg’isse
1590 4539 1808 4591 videtur
1833 4516 2072 4596 Chr-isi:

2190 4548 2590 4602 resurrectione
2617 4547 2690 4599 ita
2713 4544 2904 4600 scribit
2936 4559 2948 4595 :
2982 4561 3000 4594 ι
3031 4543 3193 4596 Putas
3221 4537 3446 4607 gentiles
3477 4538 3757 4607 audebunt

510 4601 835 4685 phorsonus.
873 4601 930 4685 In
962 4601 1174 4659 schedis
1205 4604 1386 4676 Regiis
1409 4601 1671 4677 scriptum
1703 4611 1878 4677 reperi
1913 4630 2083 4683 προσ-

510 4681 665 4743 ῆκον,
680 4681 755 4743 ut
781 4681 1143 4743 conieceram.

584 4741 833 4824 (55)_’Er
871 4742 1135 4824 ἀγοραῖς.
1174 4745 1511 4824 δοτοιιιθηιιε
1544 4745 1611 4824 in_
1632 4745 1728 4800 lib.
1766 4762 1827 4824 ιι,
1867 4759 1988 4824 cap.
2023 4745 2084 4824 _4,

511 4813 604 4884 ubi
648 4821 828 4884 totum
870 4815 1021 4884 liunc
1057 4813 1274 4884 Eusebii
1331 4819 1504 4870 locum
1560 4815 1724 4884 plane
1770 4817 2084 4882 descripsit,

512 4881 845 5022 Exaggré
868 4880 967 4944 τάς
997 4881 1214 4948 ἀγυιὰς,
1255 4886 1347 4938 καὶ
1384 4886 1474 4938 τὸν
1499 4880 1830 4958 ἱππόδρομον
1879 4880 1974 4938 καὶ
2017 4888 2088 4940 τά

547 4967 778 5008 act-Acta.

468 5036 472 5039 '
515 5018 706 5102 ξω(ὅῆ
749 5020 864 5102 ὰς
893 5019 959 5100 ,δ’
998 5018 1388 5102 Ἑλικωνίδας
1416 5026 1763 5102 μούσας-ὲν
1795 5027 2084 5102 παλᾳτίῳ.

515 5093 850 5147 Themistius
892 5093 945 5144 in
977 5093 1224 5148 oratione
1253 5095 1288 5149 5
1322 5097 1389 5150 ad
1421 5095 1782 5150 Theodosium
1809 5099 1962 5151 testis
1981 5107 2085 5161 est,

519 5163 793 5236 Musarum
825 5168 1033 5236 statuas
1061 5162 1226 5216 fuisse
1250 5164 1304 5216 in
1336 5167 1484 5236 curia
1505 5166 1923 5236 constantinop.
1942 5167 2086 5222 Idem

516 5232 572 5313 in
595 5231 844 5313 oratione
872 5231 944 5313 ad
965 5243 1212 5313 senatum
1232 5235 1371 5302 Περὶ
1396 5235 1742 5313 προεδρίας,
1767 5239 1842 5313 ait
1868 5231 1959 5291 eas
1981 5247 2091 5291 sta-

517 5312 646 5384 tuas
673 5302 800 5384 hinc
834 5311 888 5382 et
922 5302 1044 5355 inde
1071 5303 1364 5358 collocatas
1404 5302 1796 5384 fuisse'dnplici
1841 5321 2087 5373 numero,

524 5377 599 5427 ita
635 5381 694 5424 ut
720 5387 822 5424 non
841 5377 955 5437 jam
982 5387 1176 5426 novem
1201 5383 1409 5439 esseut,
1443 5377 1538 5429 sed
1560 5377 1883 5431 octodecim.

558 5511 569 5524 .
593 5440 706 5524 (ὅᾷ)
732 5440 794 5495 Ἀ
953 5454 1036 5524 ατη
1064 5443 1413 5524 genialem.
1431 5443 1595 5524 (flrea
1617 5446 1834 5524 quidem
1867 5446 2088 5524 deorum

526 5512 813 5591 simulacra
838 5512 1224 5591 Constantinus
1254 5516 1568 5591 Byzantium
1598 5512 1789 5569 devehi
1815 5516 1998 5591 jussit,
2032 5527 2091 5571 ut

525 5582 714 5635 urbem
747 5581 891 5634 illam
917 5582 1222 5650 hujusmodi
1262 5581 1450 5654 spoliis
1470 5594 1781 5654 exornaret.
1818 5581 2090 5652 Qut}:ch-

524 5665 781 5732 quenvero
803 5667 867 5705 ex
906 5666 1040 5705 auro
1071 5653 1424 5732 argentQIjueA
1457 5653 1751 5732 fabrefacta
1805 5667 1985 5719 erant,
2023 5673 2086 5712 ea

525 5718 754 5792 conﬂari
798 5732 852 5775 et
892 5718 1240 5778 nummos—ex
1267 5718 1350 5792 ,ii's
1398 5725 1511 5778 fieri
1549 5725 1732 5792 jussit,
1765 5728 1842 5778 uti
1893 5728 2088 5782 scribit

529 5791 866 5871 Sozomenus
887 5792 940 5844 in
963 5792 1053 5845 lib.
1081 5808 1139 5858 ιι,
1174 5810 1291 5871 cap.
1311 5796 1469 5871 d,qui
1497 5791 1642 5871 hunc
1667 5793 2088 5871 Eusebiilocum

532 5864 734 5926 optime
770 5863 1174 5931 interpretatur.
1209 5863 1283 5922 De
1311 5863 1412 5922 hac
1446 5863 1765 5933 templorum
1790 5876 1841 5922 et
1865 5866 2088 5922 simula-

2195 4619 2398 4683 dicere,
2441 4618 2567 4686 quia
2600 4624 2846 4670 mortuus
2879 4623 2961 4686 est
3008 4619 3070 4686 et_
3097 4603 3594 4686 _non"_resurre§‘i.t.
3637 4603 3756 4686 Non

2191 4675 2532 4757 quaero'quid
2582 4687 2801 4757 dicant,
2858 4683 2950 4737 sed
2982 4680 3111 4750 quid
3165 4679 3460 4757 patiantur.
3503 4675 3561 4729 Si
3610 4676 3756 4757 enim

2193 4744 2339 4812 stant
2376 4744 2563 4812 eorum
2591 4744 2807 4822 templa,
2841 4768 2944 4806 non
2962 4744 3284 4806 resurrexit.
3319 4744 3372 4799 Si
3399 4761 3504 4800 non
3527 4745 3758 4822 conﬂata

2194 4837 2318 4882 sunt
2345 4843 2530 4881 eorum
2562 4814 2852 4879 simulacra
2880 4831 3002 4891 post
3042 4834 3282 4891 crucem,
3304 4833 3414 4891 non
3458 4814 3761 4891 resurrexit

2193 4900 2283 4968 qui
2314 4898 2490 4968 arguit
2510 4908 2726 4968 eaquae
2742 4908 2845 4968 non
2873 4888 3084 4968 vivunt.
3117 4908 3136 4941 ι
3171 4889 3239 4943 Ει
3266 4888 3712 4968 aliquandopost
3739 4899 3755 4936 :

2199 4956 2227 5018 ι’
2263 4956 2655 5021 Νοιινὶηνιξιιίθέ
2677 4962 2846 5018 solem
2879 4962 3193 5026 clariorem,
3219 4958 3285 5011 ad
3325 4956 3757 5026 satisfactionem

2195 5036 2612 5091 resurrectionis
2632 5033 2864 5097 Domini,
2896 5031 3174 5103 gentilium
3186 5027 3446 5103 _quotid_ie
3475 5025 3761 5103 deficiente

2194 5107 2427 5161 cultura.
2480 5097 2924 5160 Protenduntur'
2953 5110 3132 5156 autem
3186 5097 3441 5154 Ecclesia:
3485 5098 3654 5159 bona,
3706 5102 3763 5147 et

2193 5177 2434 5246 quotidie
2482 5183 2756 5246 crescunt.
2791 5192 2811 5225 ι

2266 5247 2382 5317 (56)
2420 5238 3252 5317 Ἀναπετάσαι-πορείαγῶιὶει
3286 5238 3388 5317 bas
3412 5250 3598 5317 voces,
3639 5245 3763 5317 ‘qu‘m

2194 5301 2501 5387 sequuntur
2523 5329 2702 5384 usque
2727 5315 2794 5366 ad
2823 5301 2937 5387 lucc
2963 5311 3126 5387 verba
3145 5305 3274 5387 οἷον·
3294 5309 3357 5378 δὴ
3380 5307 3474 5387 κα).
3513 5301 3764 5387 βαξιλεὺς

2194 5374 2562 5457 ὁθξιιυμάσιος,
2598 5374 2795 5457 desunt
2823 5385 2873 5436 in
2909 5383 3095 5437 codice
3144 5379 3316 5447 Regio
3346 5374 3409 5457 ἐι
3446 5378 3498 5457 in
3527 5374 3764 5457 editione

2199 5440 2647 5526 Itob.'Steph'ani.
2678 5453 2898 5526 Adjecta
2930 5440 3256 5526 suntautetn
3289 5463 3318 5500 a
3347 5440 3764 5526 Gruterotlforf

2200 5528 2336 5583 tesio
2363 5539 2418 5582 et
2459 5521 2971 5592 'Christopliorsono
3019 5521 3275 5592 aliisque,
3319 5531 3386 5570 ex
3434 5524 3765 5592 panegyrico

2199 5579 2414 5653 Eusebii
2450 5579 2504 5650 et
2521 5579 2608 5650 "ex
2634 5579 2853 5664 scriptis
2873 5579 3351 5664 codicilgnsfgerte
3376 5579 3475 5636 nos
3502 5582 3555 5633 in
3580 5579 3768 5664 codice

2197 5668 2496 5722 Fuketiano
2529 5682 2593 5721 ea
2625 5657 2955 5734 reperimus,
2977 5671 3040 5724 et
3063 5658 3300 5712 Savilius
3338 5657 3393 5708 in
3451 5664 3552 5706 suo
3579 5661 3770 5706 exem-

2197 5740 2328 5810 plari
2372 5740 2560 5796 eadem
2595 5746 2814 5791 exstare
2842 5739 3143 5788 monuerat.
