4186 6422
459 360 601 417 1119

1203 356 1478 416 EUSEBll
1515 357 2000 416 CESARIENSIS
2037 357 2190 415 OPP.
2230 357 2413 414 PARS
2451 359 2492 417 1.
2532 389 2602 400 —
2640 357 3034 415 HISTORICA.

3591 358 3732 430 mo

456 477 813 542 existimavit,
869 478 966 532 sed
996 490 1135 530 unus
1158 482 1254 530 aut
1285 475 1424 532 alter
1452 491 1518 532 ex
1550 476 1940 546 familiaribus,
1971 477 2038 532 ad

2146 479 2510 551 διεπέμπετο·
2545 481 2596 532 οξ
2621 480 2678 532 δὲ
2709 482 2776 550 τῇ
2823 477 3090 549 βασιλέως
3117 475 3545 550 ὲπιθαρροῦντες
3575 480 3726 531 εὐσε-

455 569 558 624 hoc
592 584 788 624 munus
814 567 861 622 ei
905 566 1276 632 suffecerunt;
1307 581 1448 636 quos
1477 567 1569 623 ille
1611 568 1727 623 solo
1755 583 2046 638 propemo-

455 661 584 714 dum
613 669 744 714 nutu
785 659 841 713 in
873 674 1064 714 omnes
1099 658 1410 727 provincias
1460 660 1678 716 direxit.
1733 661 1807 716 At
1857 661 1960 728 illi,
1991 671 2046 719 et

454 751 808 820 imperatoris
824 750 1048 819 pietate,
1073 759 1126 804 et
1158 765 1255 804 sua
1283 751 1525 819 ipsorum
1554 768 1681 822 erga
1708 753 1880 808 Deum
1914 753 2044 810 reli-

454 842 636 912 gione,
671 841 894 904 confisi,
943 857 1043 912 per
1081 843 1543 899 confertissimam
1589 845 1803 901 turbam
1844 855 1901 901 et
1950 862 2046 917 per

455 947 804 989 numerosam
833 932 1047 1002 plebem
1080 935 1185 990 iter
1209 935 1495 999 facientes,
1525 939 1725 1006 passim
1755 953 1857 1008 per
1881 940 2043 995 urbes

457 1033 513 1080 et
543 1038 701 1094 agros
730 1032 1005 1079 vetustum
1027 1039 1273 1082 errorem
1305 1027 1683 1085 aboleverunt.
1704 1030 1782 1084 Ac
1809 1031 2043 1098 primum

456 1115 675 1183 quidem
703 1119 1019 1171 sacerdotes
1055 1117 1227 1186 ipsos,
1272 1133 1379 1172 non
1403 1119 1521 1174 sine
1553 1120 1665 1174 risu
1689 1135 1752 1174 ac
1777 1119 2046 1175 dedecore

453 1221 522 1262 ex
561 1206 813 1263 obscuris
860 1209 1190 1278 quibusdam
1233 1212 1544 1268 recessibus
1579 1212 1712 1268 deos
1754 1227 1882 1267 suos
1919 1227 2047 1282 pro-

455 1297 600 1354 ferre
654 1299 944 1368 jubebant.
1015 1300 1226 1356 Dehinc
1282 1304 1504 1358 eosdem
1569 1303 1698 1357 deos
1776 1304 2046 1358 exteriore

461 1392 734 1446 nudantes
770 1392 953 1454 cultu,
1005 1392 1326 1448 interiorem
1365 1393 1766 1449 deformitatem
1801 1410 1921 1464 qum
1947 1397 2047 1450 sub

454 1483 598 1554 picta
622 1483 827 1540 latebat
843 1483 1039 1554 efﬁgie,
1058 1485 1299 1540 omnium
1325 1487 1636 1554 conspectui
1660 1486 2044 1556 subjiciebant.

460 1572 750 1628 Postremo
777 1573 972 1628 abrasa
1005 1574 1226 1630 utiliore
1253 1576 1482 1629 materia
1513 1585 1568 1630 et
1601 1574 1654 1629 in
1699 1576 1878 1646 ignem
1908 1591 2042 1631 con-

451 1665 597 1735 jecta
621 1675 784 1735 atque
815 1667 1044 1721 conflata
1076 1708 1092 1732 ,
1134 1668 1237 1738 ipsi
1271 1668 1488 1736 quidem
1544 1668 1596 1722 id
1629 1669 1772 1738 quod
1808 1683 2046 1722 commo-

457 1759 585 1812 dum
637 1773 701 1812 ac
757 1759 1125 1813 necessarium
1182 1773 1304 1813 esse
1368 1757 1674 1823 videbatur,
1745 1759 2041 1827 sepositum

2149 572 2294 642 ϐείᾳ,
2332 571 2482 641 σφῶν
2533 589 2591 625 τε
2638 571 2817 625 αὐτῶν
2863 573 2929 640 τῇ
2973 570 3103 642 περὶ
3139 569 3200 622 τὸ
3246 570 3401 623 Θείον
3449 570 3728 642 εὐλαϐείᾳ,

2152 663 2494 736 μυριάνδρων
2516 663 2701 736 δήμων
2723 679 2783 715 τε
2816 662 2911 715 xui
2932 658 3078 716 λαῶν
3107 661 3260 732 μέσοι
3290 661 3600 733 παριόντες,
3627 661 3729 716 ἀνὰ

2148 755 2330 818 πάσας
2381 755 2564 819 πόλεις
2614 771 2673 806 τε
2720 755 2813 807 xui
2870 752 3052 824 χώρας
3103 752 3458 823 πολυχρονίου
3519 752 3728 823 πλάνης

2148 847 2428 900 ἐποιοῦντο
2462 845 2666 918 φθορὰν
2700 846 2831 917 (57),
2864 844 3060 907 αὐτούς
3101 861 3160 898 τε
3209 846 3336 908 τοὺς
3380 845 3726 916 ίερωμένους,

2150 940 2246 991 σὺν
2263 937 2442 1009 πολλῷ
2467 939 2663 1007 γέλωτι
2690 938 2784 991 xui
2803 938 2900 991 σὺν
2923 935 3178 1009 αἰσχύνῃ,
3210 937 3482 1008 παράγειν
3510 936 3592 999 είς
3611 934 3726 1005 φῶς

2149 1032 2215 1084 ἐκ
2251 1031 2480 1085 σκοτίων
2525 1030 2713 1102 μυχῶν
2740 1031 2865 1094 τοὺς
2894 1028 3074 1082 αὐτῶν
3105 1027 3262 1092 θεοὺς
3295 1027 3724 1099 ὲγκελευόμενοι,

2148 1122 2363 1176 κᾶπειτ’
2390 1121 2834 1192 ἀπογυμνοῦντες
2867 1118 2961 1172 τοῦ
2993 1119 3308 1190 φάσματος,
3345 1117 3440 1171 xui.
3468 1118 3568 1188 τὴν
3599 1118 3726 1171 είσω

2147 1213 2245 1284 τῆς
2299 1211 2688 1284 κεχρωσμένης
2747 1210 2960 1282 μορφῆς
3017 1208 3293 1280 ἀμορφίαν
3341 1210 3454 1272 τοῖς
3510 1207 3728 1261 πάντων

2147 1305 2444 1375 ὀφθαλμοῖς
2487 1302 2907 1374 ἐνδεικνύμενοι.
2948 1297 3062 1354 Εἶτ’
3089 1299 3412 1366 ἀποξέοντες
3437 1299 3497 1352 τὸ
3536 1299 3728 1352 δοκοῦν

2147 1399 2417 1469 χρήσιμον
2460 1397 2560 1466 τῆς
2588 1395 2742 1467 ὕλης,
2777 1393 2979 1466 χωνείᾳ
3027 1411 3086 1447 τε
3120 1393 3215 1447 xui
3248 1393 3381 1464 πυρὶ
3412 1391 3726 1463 δοκιμάζονν

2145 1509 2257 1556 τες,
2293 1491 2354 1544 τὸ
2387 1489 2484 1562 μὲν
2511 1488 2789 1551 λυσιτελὲς
2830 1489 2953 1540 ὅσον
2991 1486 3175 1550 αὐτοῖς
3225 1474 3521 1554 ἀναγκαῖον
3550 1485 3726 1555 ἐνομί-

2147 1579 2289 1645 ζετο,
2334 1582 2390 1632 ὲν
2442 1579 2675 1648 ἀσφαλεῖ
2728 1576 2998 1648 τιθέμενοι
3052 1577 3316 1647 συνεῖχον,
3358 1574 3420 1628 τὸ
3466 1574 3523 1627 δὲ
3555 1573 3726 1637 ἄλλως

2147 1672 2401 1743 περιττὸν
2431 1671 2528 1723 καὶ
2581 1669 2878 1741 ᾇχρηστον,
2912 1668 2991 1730 είς
3035 1667 3255 1738 μνήμην
3289 1663 3554 1735 αἰσχύνης
3587 1680 3727 1734 παρ-

2146 1764 2388 1836 εχώρουν
2413 1766 2527 1826 τοῖς
2548 1761 2953 1832 δεισιδαίμοσιν.
2983 1754 3106 1813 Οἷον
3138 1758 3202 1830 δὴ
3224 1758 3317 1812 καὶ
3340 1757 3448 1810 τόδ’
3475 1756 3728 1827 εἴργαστο

458 1848 838 1904 reservabant.
864 1848 1139 1918 Quidquid
1173 1864 1306 1904 vero
1353 1848 1688 1918 superfluum
1719 1865 1782 1904 ac
1811 1865 2040 1918 prorsus

2149 1833 2402 1924 βασιλεὺς
2435 1851 2548 1924 (58)
2588 1854 2616 1906 ὁ
2655 1849 2986 1922 Θαυμάσιος·
3018 1849 3094 1913 ὠς
3136 1849 3244 1921 γὰρ
3271 1848 3380 1901 τῶν
3407 1845 3617 1919 νεκρῶν
3654 1847 3722 1899 εί-

457 1935 647 1990 inutile
685 1945 823 2003 erat,
881 1938 948 1992 ad
1004 1947 1322 2008 perpetuam
1386 1940 1665 2008 approbrii
1725 1941 2042 1996 memoriam

457 2027 856 2095 superstitiosis
913 2028 1273 2098 reliquerunt.
1351 2031 1516 2085 Aliud
1568 2031 1732 2085 etiam
1791 2033 2047 2102 praestitit

458 2116 712 2187 princeps
761 2119 912 2173 omni
958 2121 1320 2175 admiratione
1361 2121 1577 2191 dignus.
1637 2121 1840 2177 Eodem
1898 2124 2045 2177 enim

456 2216 704 2278 tempore
727 2223 835 2279 quo
869 2219 1209 2264 mortuorum
1239 2211 1531 2268 simulacra
1565 2227 1630 2266 ex
1658 2213 1897 2282 pretiosa
1925 2229 2045 2268 ma-

456 2299 592 2354 teria
623 2299 890 2364 confecta,
913 2316 979 2356 eo
1003 2317 1166 2370 quem
1182 2302 1424 2358 diximus
1455 2304 1616 2358 modo
1641 2304 2038 2373 spoliabantur,

2141 1942 2329 1996 δώλων
2372 1942 2440 1995 τά
2468 1943 2570 2012 τῆς
2601 1939 2927 2004 πολυτελοῦς
2963 1939 3095 2013 ὕλης
3120 1940 3212 1992 τὸν
3250 1937 3582 1992 ἀποδοθέντα
3606 1936 3727 2008 τρό-

2147 2052 2250 2090 πον
2301 2033 2643 2098 ὲσκυλεύετο,
2689 2034 2758 2088 τὰ
2810 2033 2973 2089 λοιπά
3023 2031 3212 2104 μετῄει
3249 2030 3360 2102 (59)
3409 2027 3728 2101 ἀνδρείκελα

2149 2125 2352 2198 χαλκοῦ
2392 2127 2756 2198 πεποιημένα.
2803 2126 3026 2197 Δέσμιοι
3067 2123 3202 2196 δῆτα
3247 2122 3342 2175 καὶ
3389 2121 3497 2174 οἵδε
3543 2119 3728 2191 μύθων

2148 2217 2261 2271 θεοὶ
2300 2216 2711 2289 γεγηρακότων,
2735 2214 2936 2288 τριχῶν
2981 2212 3298 2283 ὑφάσμασιν
3343 2209 3537 2280 ἤγοντο
3571 2221 3729 2280 περι-

2150 2307 2455 2378 ϐληθέντες.

456 2401 650 2447 caetera
678 2407 798 2462 quae
823 2407 890 2447 ex
925 2409 1033 2448 aere
1067 2393 1362 2450 fabrefacta
1391 2405 1584 2460 erant,
1631 2397 1980 2452 convehenda
2027 2404 2263 2457 curavit.
2315 2403 2505 2474 Itaque
2536 2403 2612 2458 dii
2667 2400 2744 2456 illi
2787 2398 3146 2455 delirantibus
3169 2398 3483 2453 Graecorum
3533 2393 3730 2450 fabulis

459 2487 739 2552 celebrati,
779 2487 1144 2556 circumiectis
1175 2490 1411 2546 restibus
1442 2491 1612 2546 vincti
1662 2493 2042 2549 trahebantur.

953 2579 1115 2650 512
1155 2581 1385 2638 CAPUT
1436 2583 1548 2638 LV.

457 2666 675 2724 Evem'o
698 2670 812 2740 {ani
843 2673 984 2742 apud
1013 2671 1315 2796 Aphazalizz.
1341 2674 1607 2742 Phoenice,
1629 2690 1676 2732 et
1697 2678 2044 2748 impudicitia:

1127 2760 1159 2796 a
1199 2761 1228 2796 ο
1255 2761 1270 2795 ι
1299 2762 1371 2796 ιο.

1127 2760 1371 2799 αυοηιιο.

526 2829 774 2888 Posthac
808 2833 1107 2902 imperator
1147 2837 1298 2890 velut
1337 2836 1728 2892 lucidissimam
1768 2838 1939 2893 facem
1974 2855 2042 2894 ex

458 2922 676 2990 specula
700 2924 938 2990 quadam
987 2925 1263 2990 attollens,
1289 2927 1532 2996 undique
1563 2929 1836 2996 regalibus
1870 2931 2042 2988 oculis

457 3015 962 3085 circumspiciebat,
992 3017 1168 3072 sicubi
1195 3017 1336 3073 forte
1368 3019 1564 3090 aliquae
1608 3021 1788 3077 adhuc
1837 3023 2040 3079 erroris

2644 2577 3052 2645 1KE‘I’AAAION
3088 2576 3219 2631 NE'.

2156 2677 2266 2734 Τοῦ
2290 2678 2361 2731 ἐν
2400 2671 2680 2745 Ἀςοάκοις
2701 2669 3128 2745 τῆςΑΦοινίκηςξ
3147 2667 3473 2733 είδωλείου,
3497 2665 3594 2720 καί
3620 2663 3728 2734 τῆς

2567 2742 2901 2808 ἀκολασίας
2931 2740 3318 2808 περιαίρεσις.

2232 2840 2354 2895 Ἐπὶ
2405 2837 2618 2900 τούτοις
2669 2834 2920 2906 βασιλεὺς
2981 2831 3171 2902 ὥσπερ
3229 2829 3350 2884 τινὰ
3413 2826 3737 2896 πολυφεγγῆ

2149 2933 2356 3004 πυρσὸν
2388 2927 2615 2998 ἐξάψας,
2667 2928 2741 2997 μή
2788 2943 2864 2996 πη
2899 2923 3144 2996 τυγχάνῃ
3173 2921 3404 2994 κρύφιόν
3434 2938 3487 2975 τι
3521 2919 3728 2988 πλάνης

2147 3025 2418 3096 λείψανον,
2448 3022 2657 3093 ὄμματι
2701 3015 2968 3088 βασιλικῷ
3010 3015 3394 3087 περιεσκόπει’
3428 3006 3518 3065 οἷα
3549 3007 3606 3064 δέ
3646 3027 3727 3072 τις

458 3105 702 3176 reliquia:
725 3109 929 3163 abditae
959 3122 1336 3180 superessent.
1371 3111 1452 3166 Ac
1480 3111 1644 3167 veluti
1671 3113 1854 3182 aquila
1900 3129 2033 3184 pen-

2146 3114 2508 3188 ούρανοπέτης
2535 3110 2710 3165 ἀετῶν
2738 3108 3173 3174 ὀξυωπέστατος,
3220 3105 3426 3161 ἀνωθεν
3452 3103 3546 3172 ἀφ’
3593 3101 3726 3172 021m,-

457 3196 542 3251 nis
577 3197 628 3250 in
653 3196 854 3253 ccelum
891 3215 1060 3269 usque
1093 3203 1376 3270 subvecta,
1413 3218 1539 3258 cum
1575 3205 1897 3260 acutissimo
1919 3205 2039 3260 visu

457 3289 682 3357 praedita
713 3291 808 3355 sit,
844 3306 906 3346 ea
943 3308 1064 3362 qua-3
1087 3295 1138 3348 in
1169 3294 1331 3349 terris
1364 3295 1681 3361 longissime
1719 3296 1947 3361 distant,
1972 3313 2040 3352 ex

455 3376 670 3433 Sublimi
696 3377 854 3436 facile
871 3383 1101 3452 despicit
1129 3403 1142 3439 :
1179 3385 1260 3441 sic
1285 3385 1395 3451 ille,
1426 3387 1552 3441 dum
1578 3387 1632 3441 in
1661 3388 2043 3457 pulcherrima:

455 3470 607 3526 urbis
650 3486 763 3527 suae
806 3473 1007 3542 palatio
1039 3485 1310 3542 versatur,
1348 3478 1709 3547 perniciosam
1748 3481 2038 3549 quamdam

457 3562 761 3619 animarum
789 3567 1090 3637 decipulam
1121 3569 1172 3623 in
1199 3568 1455 3624 Phcenice
1488 3570 1686 3638 latere,
1731 3579 1988 3643 tanquam
2011 3587 2042 3628 e

456 3654 671 3722 specula
740 3659 1041 3727 pr05pexit.
1099 3657 1305 3715 Lucum
1366 3661 1578 3718 scilicet
1631 3679 1696 3720 ac
1760 3665 2038 3735 templum,

455 3746 601 3813 quod
633 3762 740 3802 non
771 3749 823 3802 in
856 3750 1034 3804 media
1078 3751 1215 3807 urbe
1241 3792 1258 3817 ,
1291 3766 1392 3808 nec
1447 3753 1501 3808 in
1551 3755 1673 3811 foro
1703 3765 1798 3810 aut
1843 3755 2040 3827 plateis

456 3841 691 3910 positum
716 3851 856 3907 erat,
879 3841 1185 3911 cujusmodi
1225 3845 1396 3900 multa
1425 3848 1681 3901 visuntur
1717 3848 1769 3903 in
1796 3848 2037 3904 civitati-

457 3933 557 3991 bus
589 3937 893 3990 ornamenti
931 3951 1097 3992 causa
1134 3937 1426 3994 ambitiose
1456 3940 1757 4006 aediﬁcata,
1812 3942 1906 3994 sed
1945 3940 2040 3996 de-

457 4027 603 4080 vium
633 4027 875 4096 procula
917 4029 1093 4084 triviis
1138 4037 1192 4084 et
1241 4029 1455 4098 publico
1484 4031 1650 4096 calle,
1730 4031 2038 4086 fasdissimo

458 4120 686 4174 daemoni
711 4136 871 4190 quem
895 4120 1164 4178 Venerem
1194 4123 1488 4195 appellant,
1541 4125 1594 4179 in
1624 4135 1781 4194 parte
1817 4125 2038 4181 verticis

459 4213 645 4269 Libani
675 4217 874 4271 montis
896 4217 1036 4285 apud
1061 4216 1279 4286 Apbaca
1308 4227 1713 4274 consecratum.
1765 4219 1898 4273 Erat
1928 4219 2039 4274 illic

459 4307 641 4362 schola
666 4308 911 4377 quaedam
947 4311 1220 4379 nequitiae,
1259 4311 1512 4366 omnibus
1541 4311 1774 4380 impuris
1802 4312 2038 4366 homini-

460 4395 580 4460 bus,
612 4407 666 4450 et
698 4399 785 4466 qui
817 4413 1012 4468 corpus
1043 4414 1201 4453 suum
1227 4401 1372 4455 omni
1403 4399 1619 4456 licentia
1651 4413 2034 4472 corruperant,

2149 3207 2242 3260 λοῦ
2270 3207 2337 3260 τά
2381 3202 2722 3277 πορρωτάτω
2747 3199 3018 3254 διεστῶτα
3045 3197 3187 3252 κατά
3213 3197 3314 3267 τῆς
3335 3196 3438 3265 γῆς
3470 3195 3590 3257 ἴδοι,
3626 3188 3726 3247 ὦζε

2150 3301 2244 3353 xui.
2280 3289 2432 3360 οὗτος
2463 3295 2562 3365 τῆς
2590 3291 2754 3347 αὑτοῦ
2786 3289 3154 3352 καλλιπόλεως
3179 3287 3288 3359 (60)
3322 3286 3420 3358 τὴν
3447 3283 3726 3356 βασιλικὴν

2149 3387 2534 3462 ἀμφιπολεύων
2568 3385 2773 3447 ἑστίαν,
2802 3382 2974 3437 δεινόν
3012 3399 3066 3435 τι
3102 3380 3292 3451 ψυχῶν
3323 3378 3594 3450 θήρατρον
3634 3376 3726 3429 ἐπὶ

2147 3481 2242 3536 τοῦ
2272 3480 2534 3534 Φοινίκων
2562 3475 2824 3531 λανθάνον
2856 3474 3064 3538 ἔθνους,
3099 3471 3157 3538 ἐξ
3188 3473 3432 3526 ἀπόπτου
3468 3469 3726 3523 συνεῖδεν.

2152 3573 2350 3637 Ἀλσος
2378 3573 2436 3625 δὲ
2465 3569 2610 3624 τοῦτ’
2644 3565 2715 3639 ἦν
2747 3568 2843 3620 καὶ
2881 3565 3127 3635 τέμενος,
3169 3563 3269 3616 οὐκ
3313 3565 3370 3615 ὲν
3407 3561 3598 3632 μέσαις
3628 3560 3726 3612 πό·-

2147 3667 2294 3720 λεσιν
2319 3664 2428 3718 οὐδ’
2475 3660 2533 3716 ὲν
2562 3663 2791 3732 ἀγοραῖς
2827 3659 2922 3712 xui.
2950 3655 3254 3717 πλατείαις,
3277 3655 3438 3706 ὁποῖα
3460 3651 3529 3705 τὰ
3558 3651 3726 3704 πολλά

2148 3759 2352 3829 κόσμου
2381 3756 2540 3828 χάριν
2565 3756 2682 3816 ταῖς
2709 3752 2895 3805 πόλεσι
2927 3749 3325 3820 φιλοτιμεῖται·
3354 3746 3416 3799 τὸ
3446 3745 3492 3798 δ’
3525 3741 3592 3816 ἦν
3621 3744 3727 3810 ἔξω

2148 3849 2343 3911 πάτου,
2373 3845 2596 3919 τριόδων
2628 3861 2688 3896 τε
2720 3842 2814 3898 xui
2839 3841 3129 3911 λεωφόρων
3159 3837 3334 3900 ἐκτὸς,
3365 3835 3576 3906 αἰσχρῷ
3614 3834 3724 3887 δαί-

2151 3958 2271 4012 μονι
2313 3938 2652 4010 Ἀφροδίτης,
2687 3937 2744 3988 ὲν
2771 3932 3081 4006 ἀκρωρείας
3107 3931 3264 4002 μέρει
3287 3928 3381 3982 τοῦ
3408 3928 3638 3981 Λιϐάνου
3668 3929 3724 3979 ὲν

2159 4029 2417 4099 Ἀφάκοις
2453 4027 2735 4099 ἱδρυμένον
2761 4025 2894 4095 (61).
2927 4022 3098 4094 Σχολή
3123 4039 3207 4085 τις
3232 4016 3300 4090 ἦν
3325 4017 3464 4090 αὕτη
3493 4035 3721 4090 κακοερ-

2145 4124 2272 4192 γίας
2321 4123 2485 4175 πᾶσιν
2523 4119 2863 4180 ἀκολάστοις,
2905 4114 3073 4185 πολλῇ
3124 4130 3184 4166 τε
3231 4109 3481 4184 ῥᾳστώνῃ
3511 4109 3720 4179 διεφθο-

2151 4216 2266 4287 ρόσι
2293 4215 2353 4268 τὸ
2384 4213 2562 4284 σῶμα.
2593 4211 2810 4274 Γύνιδες
2841 4207 2972 4278 γοῦν
2995 4223 3140 4270 τινες
3165 4205 3357 4277 ἄνδρες
3384 4205 3484 4257 οὐκ
3510 4203 3723 4273 ἄνδρες,

2145 4308 2206 4362 τὸ
2239 4307 2434 4377 σεμνὸν
2474 4305 2572 4376 τῆς
2601 4303 2815 4374 φύσεως
2844 4299 3314 4372 ἀπαρνησάμενοι,
3359 4296 3550 4366 θηλείᾳ
3581 4295 3717 4365 νόσῳ

2144 4400 2244 4472 τὴν
2287 4398 2518 4468 δαίμονα
2567 4393 2835 4448 ἱλεοῦντο·
2882 4390 3157 4460 γυναικῶν
3206 4391 3253 4442 τ’
3301 4385 3368 4442 αὗ
3417 4387 3720 4459 παράνομοι

461 4496 664 4556 aperta.
687 4488 894 4561 Quippe
916 4488 1210 4546 effeminati
1241 4491 1486 4562 quidam,
1514 4501 1568 4547 et
1612 4493 1830 4550 feminae
1857 4494 2038 4565 potius

2146 4489 2369 4561 ὁμιλίαι,
2399 4485 2730 4558 κλεψίγαμοί
2758 4484 2805 4538 θ’
2832 4482 3062 4554 ὁμιλίαι,
3102 4481 3330 4552 ἄρρητοί
3362 4498 3421 4533 τε
3445 4482 3537 4535 xui
3569 4479 3719 4552 ἐπίρ-

531 4731 646 4802 (57)
704 4733 1042 4808 Ἐποιοῦντο
1105 4734 1356 4808 φθοράν.
1414 4733 1472 4789 ln
1523 4735 1852 4808 panegyrico
1896 4737 2041 4792 unde

463 4802 577 4876 haec
635 4807 898 4876 translata
963 4802 1116 4871 sunt,
1154 4802 1350 4876 legitur
1397 4802 1611 4876 φωράν,
1670 4802 1883 4862 rectius
1920 4823 2042 4863 meo

463 4873 677 4943 quidem
698 4872 919 4943 judicio.

535 4939 1574 5034 l.§§_).,‘3:'.8:Hieriiseiﬁawss’c:
1622 4947 1680 5034 ιη
1710 4949 2040 5034 mearis?

464 5011 680 5086 Eusebii
711 5011 976 5086 hicilocus
1005 5011 1214 5086 auctior
1255 5019 1452 5086 legitur
1479 5011 1581 5071 hoc
1621 5011 1779 5072 modo
1811 5011 1958 5072 τοῖον
1983 5019 2040 5072 δὲ

463 5085 558 5154 καὶ
577 5083 682 5135 τόδ’
704 5083 857 5154 ἔρεξε
890 5085 1142 5154 βασιλεὺς
1170 5089 1200 5140 ὁ
1233 5083 1556 5154 θαυμάσιος.
1593 5087 1651 5141 lu
1688 5088 1827 5142 libro
1856 5099 2039 5144 autem

464 5106 668 5137 καιτοο
704 5106 857 5154 ερεςε
890 5106 1142 5154 ΡασιΛευς
1170 5106 1200 5140 ο
1233 5106 1334 5140 οαυ
1383 5106 1556 5150 ασιος.
1594 5106 1651 5141 ιιι
1688 5106 1827 5142 unro
1856 5106 2039 5144 autem

464 5152 645 5230 aenei
674 5156 1144 5230 Ascriptumjnven‘i
1170 5175 1186 5212 :
1210 5106 1402 5230 oi}th
1426 5159 1526 5230 xui.
1553 5159 1672 5211 τότε
1693 5158 2042 5230 δαειργάσατο

467 5223 742 5300 βασιλεύς,
783 5235 890 5280 etc.
927 5225 991 5300 _ln
1027 5226 1214 5300 codice
1240 5223 1402 5300 Ευιςς
1422 5229 1620 5300 legitur
1645 5245 1674 5300 7:,
1705 5223 1818 5285 οἷον
1847 5223 1913 5300 δὴ
1945 5230 2042 5282 καὶ

463 5293 570 5347 τόδ’
602 5297 878 5367 εἴργαστο.
927 5295 1007 5350 lta
1045 5297 1206 5351 etiam
1239 5297 1293 5351 in
1341 5293 1500 5353 libro'
1531 5298 1744 5365 Savilii,
1780 5301 1874 5355 sed
1900 5293 2042 5356 'sine

465 5379 723 5420 3000008.

499 5379 762 5508 ρῗὲδῗῗὰ
791 5437 977 5491 λοιπὰ
999 5438 1236 5508 μετῄει.
1269 5436 1506 5493 Joannes
1550 5439 1833 5495 Portesius
1877 5441 2042 5495 vertit

465 5508 534 5560 ad
566 5508 674 5561 alia
697 5509 948 5580 perrexit.
983 5507 1516 5577 Christophorsonus
1556 5523 1686 5564 vero
1713 5511 2044 5580 interpreta-

467 5584 556 5646 tus
589 5587 674 5646 est
704 5579 932 5644 reliquas
962 5592 1239 5646 aggressus
1263 5588 1340 5632 est
1364 5587 1566 5632 statuas
1589 5618 1604 5641 ,
1639 5583 1831 5635 eodem
1859 5579 2040 5635 sensu

467 5645 850 5716 videlicetquo
871 5645 1202 5719 supra’dixit
1223 5649 1492 5704 Eusebius
1530 5648 1668 5722 ἄλλῃ
1704 5668 1777 5720 πη
1834 5653 2040 5722 μετήρ-

470 5731 613 5788 xm.-

546 5784 655 5858 (60)
695 5785 806 5856 Τῆς
828 5789 1011 5847 αὐτοῦ
1041 5791 1472 5846 aemulantum.
1515 5789 1608 5848 Sic
1637 5791 1799 5847 etiam
1823 5789 2039 5848 Themi-

2143 4739 2282 4794 stius
2313 4735 2756 4805 appellaturbem
2803 4727 3330 4805 Constantinopolim
3375 4726 3430 4781 in
3467 4727 3717 4805 oratione

2142 4809 2231 4872 16,
2259 4798 2360 4864 sub
2386 4798 2646 4867 linem,ob
2671 4809 3016 4880 venustatem
3042 4799 3253 4880 scilicet
3276 4813 3340 4852 ac
3364 4798 3717 4880 magniﬁcenj

2144 4867 2274 4934 tiam
2321 4892 2544 4945 operum
2601 4874 2962 4948 publicoruuL
3024 4884 3144 4939 quae
3198 4867 3589 4948 Constantinus
3645 4867 3721 4922 ibi

2144 4938 2432 5019 ambitiose
2473 4938 2876 5019 consuluerat.
2922 4938 3164 5019 Cuqctas
3211 4938 3355 5019 enim
3391 4938 3718 5019 urbesznop‘

2142 5020 2287 5089 pida,
2325 5017 2466 5089 loca,
2500 5015 2644 5089 fana,
2668 5013 2992 5083 spoliaverat
3015 5007 3426 5089 Con5tantinus,
3465 5015 3524 5089 ut
3566 5007 3715 5089 illam

2142 5077 2226 5143 sui
2259 5077 2495 5144 nominis
2528 5077 2718 5139 urbem
2762 5089 3076 5137 exornaret.
3117 5078 3306 5148 Itaque
3345 5077 3546 5133 merito
3577 5078 3716 5131 dixit

2144 5159 2510 5228 Hieronymus
2532 5157 2587 5210 in
2609 5153 2906 5228 Chronico,
2932 5148 3461 5228 constantinopolim
3492 5149 3712 5204 dedica-

2142 5239 2254 5284 tam
2285 5219 2451 5281 fui'sse
2473 5225 2716 5281 omnium
2743 5237 2879 5290 pene
2905 5222 3118 5275 urbium
3144 5219 3411 5281 nuditate.

2214 5296 2327 5371 (61)
2367 5298 2462 5371 Ἐν
2487 5287 2763 5371 ’ᾼφᾴκοςζς
2800 5290 3137 5371 ἱδρυμένος.
3157 5293 3232 5371 D_e
3260 5291 3361 5346 hoc
3375 5287 3590 5371 leutplo
3617 5287 3724 5371 νοτ

2146 5358 2293 5424 neris
2308 5358 2650 5437 'Aphaeiti'dis
2670 5358 2942 5437 videndus
2965 5359 3327 5437 est__Zosimus
3373 5358 3563 5437 innlib.
3587 5374 3630 5422 ι,
3659 5367 3718 5437 _et

2143 5449 2331 5494 auctor
2360 5429 2730 5507 'Etymologici
2779 5435 3006 5507 in_voce
3050 5432 3294 5507 "Agpuxu,
3327 5439 3383 5485 et
3425 5429 3629 5507 _Suidas
3659 5429 3714 5481 in

2142 5525 2276 5565 voce
2315 5499 2714 5580 Χρισέόδωρος,
2746 5514 2806 5580 et_
2835 5502 3070 5580 Joannes
3115 5499 3380 5580 Seldeuus
3423 5499 3713 5580 in_synta-

2145 5589 2325 5650 gmate
2348 5568 2410 5650 ἑ,
2437 5579 2504 5633 de
2537 5568 2644 5650 diis
2674 5568 2859 5650 Syris.
2887 5568 3710 5650 Porro_eodex.Fuk._[descri-

2143 5639 2294 5719 ptum
2328 5639 2528 5719 habet:
2555 5639 2916 5719 τῶνΛὶϐάνου
2939 5641 3031 5719 τοῦ
3060 5641 3408 5719 ὲνἈφάκοις.
3425 5639 3478 5692 lu
3497 5639 3717 5719 sclledjs

2146 5706 2326 5773 autem
2356 5717 2536 5787 Regiis
2575 5718 2770 5786 legitur
2805 5733 2818 5768 :
2865 5714 2921 5769 ἐν
2973 5706 3281 5785 ἀκρωρείας
3313 5710 3468 5781 μέρει
3512 5707 3610 5765 τοῦ
3639 5706 3711 5764 Δ.

2145 5790 2242 5858 τῆς
2268 5790 2326 5843 ὲν
2364 5787 2644 5857 Ἀφάκοις.
