4186 6414
451 359 584 416 “Si
1513 354 1603 409 DE
1648 354 1809 408 VITA
1845 353 2317 410 CONSTANTINI
2353 353 2482 410 LIB.
2522 354 2617 408 Ill.

451 480 605 550 ρητοι
625 470 875 546 πράξεις,
893 473 969 534 ὡς
989 468 1047 523 ἐν
1066 468 1253 541 ἀνόμῳ
1272 469 1365 522 καὶ
1385 469 1705 542 ἀπροστάτῃ
1724 465 1887 539 χώρῳ
1912 467 2024 537 (62)

2128 468 2340 523 dicendi
2381 482 2544 538 quam
2602 467 2727 532 viri,
2762 468 3008 525 abdicata
3059 485 3223 527 sexus
3276 469 3358 527 sui
3414 476 3702 542 gravitate,

448 567 591 623 κατά
620 565 768 620 τόνδε
797 563 889 617 τὸν
913 560 1049 616 νεὼν
1079 560 1479 632 ἐπεχειροῦντο.
1515 560 1751 631 Ἔφορός
1771 574 1829 609 τε
1856 557 2025 620 οὐδεὶς

2132 560 2417 615 muliebria
2451 562 2756 632 patientes,
2789 563 3089 620 daemonem
3134 566 3442 636 placabant.
3471 568 3554 624 Ad
3588 571 3703 626 hate
3788 625 3796 632 ,

3564 363 3707 419 “2‘!

447 654 515 730 ἦν
545 657 654 710 τῶν
678 651 1088 727 πραττομένων,
1122 649 1201 721 τῷ
1226 650 1429 722 μηδένα
1459 648 1670 721 σεμνῶν
1696 648 1909 720 ἀνδρῶν
1933 648 2029 700 αύ-

447 749 566 805 τόθι
623 746 827 817 τολμᾷν
882 742 1156 815 παριέναι.
1206 742 1344 795 Ἀλλ’
1392 741 1513 812 οὐχὶ
1551 743 1647 795 καὶ
1682 740 1906 811 βασιλέα
1936 740 2028 792 τὸν

453 841 629 915 μέγαν
655 834 745 893 οἷά
773 838 822 891 τ’
854 833 923 907 ἦν
965 836 1033 890 τὰ
1076 835 1202 906 τῇδε
1229 832 1483 904 δρώμενα
1523 832 1830 886 λανθάνειν·
1867 832 2027 884 αὐτο-

424 932 662 1003 ’πτήσας
692 929 749 983 δέ
779 926 1070 982 καὶταῦτα
1092 924 1342 997 βασιλικῇ
1383 923 1713 996 προμηθείᾳ,
1745 925 1847 977 οὐκ
1878 924 2029 991 ἀξιον

450 1019 589 1078 εἶναι
620 1021 772 1093 ἡλίου
816 1017 998 1088 αὐγῶν
1029 1018 1120 1071 τὸν
1152 1015 1355 1069 τοιόνδε
1401 1015 1536 1069 νεὼν
1575 1015 1810 1087 ἔκρινεν,
1845 1016 2030 1078 αὐτοῖς

448 1116 495 1168 δ’
528 1111 906 1184 ἀφιερώμασιν
942 1111 1008 1162 ἐκ
1050 1108 1266 1179 βάθρων
1296 1108 1358 1161 τὸ
1397 1109 1503 1160 πᾶν
1528 1106 1906 1177 ’ἀφανισθῆναι
1939 1125 2030 1161 κε-

450 1205 615 1259 λεύει.
665 1201 880 1256 Ἐλύετο
916 1201 974 1254 δὲ
1009 1199 1209 1253 αὐτίκα
1251 1197 1513 1269 βασιλικῷ
1541 1197 1793 1268 νεύματι,
1828 1197 1896 1251 τά
1932 1197 2028 1267 τῆς

450 1296 748 1352 ἀκολάστου
772 1291 978 1361 πλάνης
1010 1290 1399 1361 μηχανήματα,
1423 1289 1544 1360 χείρ
1573 1305 1633 1341 τε
1669 1287 2030 1360 στρατιωτικὴ

449 1392 515 1460 τῇ
563 1386 656 1442 τοῦ
703 1386 871 1440 τόπου
917 1384 1181 1455 καθάρσει
1220 1382 1541 1453 διηκονεῖτο,
1589 1379 1942 1453 σωφροσύνην
1984 1379 2029 1433 δ’

451 1478 751 1549 ἐμάνθανον
784 1475 979 1547 ἀπειλῇ
1030 1473 1311 1545 βασιλέως,
1346 1474 1395 1525 οἰ
1440 1472 1603 1545 μέχρι
1649 1472 1791 1526 τοῦδ’
1833 1471 2032 1526 ἀκόλα-

453 1586 589 1633 στοι,
623 1566 808 1639 ὥσπερ
849 1561 941 1620 οὖν
972 1565 1066 1619 καὶ
1110 1563 1220 1618 τῶν
1259 1564 1477 1636 δοκήσει
1527 1563 1707 1633 σοφῶν
1765 1562 2031 1636 Ἑλλήνων

450 1659 501 1711 οἰ
523 1656 934 1728 δεισιδαίμονες,
969 1654 1019 1708 οἳ
1045 1653 1142 1708 καὶ
1185 1654 1339 1708 αὐτοὶ
1360 1655 1459 1726 τῆς
1488 1655 1639 1725 σφῶν
1673 1654 2031 1726 ματαιότητος

450 1748 599 1822 ἔργῳ
627 1747 724 1820 τὴν
758 1750 951 1820 πεῖραν
981 1746 1308 1820 ἐμάνθανον.

2129 650 2395 723 illegitimi
2429 652 2717 707 mulierum
2750 656 3075 711 concubitus
3102 666 3160 711 et
3192 657 3456 713 adulteria
3479 699 3495 726 ,
3529 660 3703 715 t‘mda-

2129 758 2238 814 que
2266 760 2331 799 ac
2362 743 2571 799 nelaria
2595 743 2798 815 ﬂagitia
2831 745 2885 799 in
2910 761 2974 802 eo
2998 747 3198 818 templo
3225 757 3482 817 tanquatu
3507 750 3559 803 in
3584 748 3706 804 loco

2129 837 2197 891 ab
2225 839 2371 891 omni
2406 836 2526 906 lege
2557 853 2621 892 ac
2662 848 2879 894 rectore
2915 854 3110 904 vacuo,
3144 841 3566 910 peragebantur.
3594 839 3706 897 Nec

2129 930 2413 998 quisquam
2442 937 2563 982 erat
2587 930 2680 998 qui
2705 943 2769 983 ea
2797 945 2918 998 quae
2949 931 3060 985 illic
3083 932 3415 999 gerebantur
3440 933 3701 988 observa-

2135 1027 2235 1080 ret.
2268 1029 2551 1087 propterea
2579 1019 2723 1088 quod
2753 1033 2916 1074 nemo
2960 1020 3045 1074 vir
3078 1021 3261 1091 gravis
3309 1036 3374 1077 ac
3428 1023 3709 1077 modestus

2130 1125 2196 1163 eo
2235 1113 2497 1164 accedere
2528 1110 2786 1164 audebat.
2832 1110 2903 1164 At
2948 1126 3053 1165 non
3104 1111 3269 1165 etiam
3325 1112 3705 1183 imperatorem

2132 1200 2428 1255 maximum
2455 1200 2627 1255 latere
2656 1210 2959 1270 potuerunt
2988 1215 3111 1270 quae
3149 1202 3220 1256 ibi
3253 1203 3709 1272 perpetrabantur

2130 1290 2363 1346 scelera.
2395 1289 2502 1345 Sed
2524 1305 2650 1345 cum
2681 1305 2744 1345 ea
2773 1289 3002 1359 ipsemet
3028 1290 3392 1360 imperatoria:
3414 1296 3707 1364 providen-

2133 1383 2221 1436 tia:
2237 1381 2397 1436 oculo
2424 1381 2774 1451 insliexisset,
2793 1381 3101 1449 hujusmodi
3123 1384 3386 1452 templum
3417 1385 3704 1458 indignum

2132 1474 2342 1530 censuit
2368 1474 2511 1544 quod
2544 1472 2676 1529 solis
2701 1475 2870 1530 radiis
2898 1474 3291 1531 illustraretur.
3310 1474 3547 1534 Proinde
3572 1478 3705 1533 illud

2132 1578 2238 1617 una
2290 1578 2415 1618 cum
2471 1562 2784 1618 simulacris
2837 1577 2903 1619 ac
2949 1563 3192 1619 donariis
3250 1573 3421 1619 totum
3467 1564 3708 1621 funditus

2132 1654 2298 1710 everti
2330 1654 2517 1724 jussit.
2542 1653 2842 1709 Confestim
2872 1654 3039 1725 igitur
3073 1656 3314 1725 protervi
3354 1656 3559 1711 erroris
3589 1673 3708 1711 ma-

2132 1745 2485 1801 chinamenta
2523 1745 2869 1815 imperatoris
2898 1757 3175 1817 pracepto
3226 1747 3486 1816 dissipata
3533 1759 3703 1814 sunt,

453 1844 709 1900 militibus
749 1844 817 1899 ad
860 1844 1193 1914 purgandum
1255 1842 1432 1897 locum
1478 1856 1698 1911 operam
1768 1856 1920 1898 suam
1998 1841 2406 1911 praestantibus.
2468 1840 2536 1895 Et
2579 1843 2673 1911 qui
2722 1841 2959 1897 lascivia:
3005 1851 3167 1896 antea
3219 1841 3388 1897 dediti
3458 1839 3707 1905 fuerant,

452 1938 796 2009 imperatoris
841 1936 1002 1993 minis
1065 1938 1389 2002 conterriti,
1454 1938 1698 1993 modeSte
1736 1952 1795 1992 se
1868 1951 2060 2006 gerere
2119 1937 2451 1993 didicerunt.
2503 1935 2624 1990 Pari
2701 1937 2862 1993 modo
2926 1937 3287 2008 superstitiosi
3338 1938 3563 2009 gentiles
3604 1937 3710 2005 illi,

450 2030 539 2099 qui
569 2031 675 2085 sibi
705 2027 932 2084 multum
976 2044 1167 2100 sapere
1210 2031 1488 2095 videntur,
1535 2032 1833 2086 modestius
1872 2046 2036 2101 agere
2085 2041 2208 2085 sunt
2268 2030 2468 2085 edocti.
2506 2029 2610 2097 Qui
2663 2029 2877 2100 quidem
2899 2029 3063 2084 etiam
3113 2031 3212 2100 ipsi
3241 2045 3395 2085 suam
3425 2030 3711 2088 stultitiam

451 2140 514 2180 ac
548 2124 842 2179 vanitatem
878 2124 1052 2187 reipsa
1075 2123 1406 2178 didicerunt.

938 2214 1337 2269 ΚΕΦΔΛΑΙΟΝ
1388 2216 1531 2282 Νςν.

657 2304 1021 2373 Ἀσκληπιοῦ
1051 2304 1159 2360 τοῦ
1179 2307 1249 2359 ἐν
1267 2307 1473 2375 Αἰγαῖς
1499 2305 1852 2373 κατάλυσις.

530 2394 750 2465 Ἐπειδὴ
777 2395 886 2465 γάρ
925 2394 1089 2459 πολὺς
1120 2390 1190 2467 ἦν
1220 2398 1250 2450 ὁ
1284 2395 1394 2450 τῶν
1428 2397 1649 2468 δοκήσει
1692 2395 1872 2465 σοφῶν
1903 2397 2030 2468 περὶ

447 2487 540 2542 τὸν
571 2487 679 2541 τῶν
708 2487 946 2542 Κιλίκιον
965 2487 1193 2560 δαίμονα
1207 2487 1422 2555 πλάνος,
1445 2488 1651 2561 μυρίων
1683 2487 2030 2560 ἐπτοημένων

448 2581 536 2633 ἐπ’
563 2578 710 2651 αύτῷ
741 2579 816 2643 ὡς
844 2577 911 2633 ἀν
944 2581 1037 2634 ἐπὶ
1062 2581 1263 2652 σωτῆρι
1294 2580 1389 2635 καὶ
1422 2580 1608 2654 ἰατρῷ,
1633 2580 1761 2633 ποτὲ
1786 2581 1883 2652 μὲν
1904 2582 2028 2634 ἐπι-

449 2673 758 2745 φαινομένῳ
775 2674 889 2737 τοῖς
916 2672 1304 2741 ἐγκαθεύδουσι
1321 2672 1454 2745 (65),
1481 2672 1612 2727 ποτὲ
1636 2671 1694 2726 δὲ
1713 2672 1822 2727 τῶν
1844 2673 1913 2727 τά
1933 2673 2031 2726 σώ-

450 2781 596 2835 ματα
627 2765 943 2836 καμνόντων
991 2763 1205 2835 ἰωμένῳ
1245 2764 1345 2828 τάς
1384 2764 1606 2828 νόσους’
1653 2763 1841 2835 ψυχῶν
1879 2763 1924 2818 δ’
1959 2759 2028 2835 ἦν

446 2859 643 2932 ὀλετὴρ
673 2860 930 2933 ἄντικρυς
949 2852 1126 2925 οὗτος,
1155 2858 1248 2912 τοῦ
1272 2857 1371 2931 μὲν
1399 2858 1632 2931 ἀληθοῦς
1658 2858 1908 2929 ἀφέλκων
1924 2860 2030 2912 Σω-

445 2955 630 3026 τῆρος,
651 2954 743 3006 ἐπὶ
760 2952 817 3007 δὲ
855 2951 955 3025 τὴν
986 2950 1146 3006 ἄθεον
1171 2950 1381 3022 πλάνην
1411 2951 1705 3005 κατασπῶν
1729 2953 1857 3017 τοὺς
1891 2951 2028 3023 πρὸς

446 3048 664 3118 ἀπάτην
692 3047 970 3118 εὐχερεῖς·
1002 3046 1186 3101 εἰκότα
1210 3046 1273 3118 δὴ
1306 3044 1556 3117 βασιλεὺς
1597 3045 1851 3116 πράττων
1889 3043 2023 3117 (64),

445 3138 579 3193 Θεὸν
607 3137 854 3209 ζηλωτὴν
914 3136 1130 3208 ἀληθῶς
1162 3138 1391 3209 Σωτῆρα
1440 3135 1902 3209 προϐεϐλημένος,
1932 3139 2027 3191 καὶ

445 3228 634 3283 τοῦτον
671 3232 751 3292 εἰς
775 3227 968 3299 ἔδαφος
1003 3229 1094 3283 τὸν
1131 3227 1266 3281 νεὼν
1307 3228 1559 3282 ἐκέλευσε
1590 3227 2021 3300 καταωηθῆναι.

457 3321 570 3374 Ἑνὶ
605 3320 662 3374 δὲ
711 3319 942 3390 νεύματι
993 3319 1135 3374 κατὰ
1180 3321 1283 3392 γῆς
1329 3319 1588 3391 ἠπλοῦτο,
1632 3318 1783 3392 δεξιᾷ
1822 3323 2025 3394 καταρ-

448 3411 807 3484 ῥιπτούμενος
846 3414 1214 3484 στρατιωτικῇ
1257 3412 1317 3464 τὸ
1354 3411 1463 3465 τῶν
1520 3412 1783 3480 γενναίων
1813 3412 2024 3482 φιλοσό-

447 3522 561 3574 φων
592 3503 860 3574 βοώμενον
883 3501 1066 3574 θαῦμα
1090 3502 1225 3573 (65),
1248 3502 1341 3556 καὶ
1365 3504 1393 3555 ὁ
1416 3502 1544 3574 τῇδε
1560 3501 1670 3573 (66)
1689 3502 2019 3575 ὲνδομυχῶν,

446 3593 509 3646 οὐ
555 3592 785 3663 δαίμων,
833 3592 953 3646 οὐδὲ
1006 3609 1070 3662 γε
1126 3592 1280 3657 θεὸς,
1330 3592 1529 3657 πλάνος
1579 3593 1635 3646 δέ
1682 3612 1769 3658 τις
1810 3596 2018 3666 ψυχῶν,

451 3685 680 3754 μακροῖς
742 3683 835 3737 καὶ
891 3682 1105 3754 μυρίοις
1161 3681 1510 3754 ἐξαπατήσας
1552 3686 1782 3757 χρόνοις.
1837 3682 1951 3739 Εἶθ’
1993 3688 2022 3740 ὁ

447 3774 631 3828 κακῶν
652 3775 868 3847 ἐτέρους
903 3771 1229 3838 ἀπαλλάξειν
1262 3775 1355 3828 καὶ
1381 3792 1444 3828 συ
1454 3777 1667 3846 μφορᾶς
1702 3777 2023 3849 προϊσχόμε-

445 3883 554 3931 νος,
579 3866 731 3920 οὐδὲν
767 3867 928 3931 αὐτὸς
950 3866 1133 3938 ἐαυτῷ
1170 3866 1307 3938 πρὸς
1343 3866 1555 3937 ἄμυναν
1581 3866 1780 3939 εὕρατο
1805 3870 2023 3942 φάρμα-

444 3972 540 4010 κον
573 3956 770 4028 μᾶλλον
805 3956 937 4029 (67),
962 3957 995 4028 ἢ
1025 3957 1113 4011 ὅτε
1145 3956 1394 4029 κεραυνῷ
1417 3956 1680 4029 βληθῆναι
1704 3961 2016 4031 μυθεύεται.

515 4109 791 4182 (62)Vulg.
819 4111 900 4178 ὡς
922 4111 992 4164 ἐν
1005 4111 1206 4180 ἀνόμῳ
1218 4112 1317 4165 καὶ
1333 4104 1645 4182 ἀποστάτῃ
1658 4111 1842 4182 χώρῳ.
1865 4113 2016 4170 Scri-

444 4181 677 4262 bendum
721 4181 1459 4262 procunlhd‘ubiodtrrposydrn,
1493 4193 1551 4236 ut
1572 4181 2017 4262 legitur-inpone-

2056 2222 2104 2280 Β

2617 2206 2777 2279 513
2817 2206 3046 2265 CAPUT
3088 2208 3224 2267 LVI.

2380 2302 2674 2358 Destruclio
2716 2301 2894 2369 templi
2926 2299 3228 2372 IEsculapii
3279 2301 3456 2375 Αῖῃὶε.

2202 2394 2336 2450 Nam
2370 2404 2495 2450 cum
2524 2393 2793 2448 maximus
2821 2407 2886 2447 ac
2911 2391 3319 2464 vulgatissimus
3364 2394 3707 2465 superstitio-

2131 2490 2217 2544 nis
2247 2503 2401 2543 error
2433 2486 2583 2541 circa
2621 2484 2771 2540 illum
2803 2478 3008 2540 Ciliciae
3056 2487 3355 2541 dannonem
3387 2487 3707 2544 vanissimas

2132 2581 2377 2636 homines
2407 2585 2747 2647 occupasset,
2775 2589 2839 2631 ac
2863 2592 3030 2647 prope
3059 2578 3255 2633 inllnlti
3290 2593 3413 2634 eum
3452 2587 3705 2649 tanquam

2131 2683 2467 2730 servatorem
2499 2688 2564 2729 ac
2588 2670 2857 2728 medicum
2893 2671 3295 2728 admirarentur
3315 2712 3330 2739 ,
3380 2673 3576 2744 quippe
3613 2672 3707 2743 qui

2129 2785 2275 2826 nunc
2322 2770 2377 2825 in
2434 2769 2637 2841 templo
2684 2770 3081 2825 dormientibus
3146 2778 3486 2839 appareret,
3564 2781 3706 2821 nunc

2130 2864 2348 2919 morbos
2371 2862 2755 2932 aegrotantium
2780 2873 2998 2919 curaret
3028 2863 3168 2935 (erat
3193 2871 3370 2918 tamen
3401 2861 3491 2918 ille
3515 2875 3702 2916 revera

2130 2956 2386 3010 seductor
2445 2955 2795 3020 animarum,
2853 2964 3038 3025 utpote
3086 2953 3179 3025 qui
3234 2953 3480 3009 homines
3530 2952 3706 3025 decipi

2131 3045 2339 3111 faciles,
2374 3060 2404 3100 a
2431 3060 2564 3100 vero
2590 3044 2884 3101 Servatore
2906 3047 3167 3103 abductos
3201 3047 3268 3101 ad
3290 3045 3483 3101 falsum
3512 3045 3706 3116 impie-

2131 3140 2259 3193 tatis
2315 3152 2558 3193 errorem
2618 3137 3018 3211 pertraheret).
3055 3138 3351 3208 imperator
3404 3150 3503 3206 pro
3553 3149 3707 3190 more

2127 3238 2292 3297 atque
2328 3227 2579 3282 instituto
2611 3241 2733 3291 suo,
2791 3229 2991 3297 quippe
3025 3228 3116 3297 qui
3144 3227 3432 3281 zelatorem
3481 3240 3544 3279 ac
3573 3239 3705 3281 vere

2129 3316 2471 3371 Servatorem
2497 3317 2662 3371 Deum
2687 3316 2791 3371 sibi
2827 3318 3115 3373 colendum
3155 3326 3515 3388 proposuerat
3539 3356 3557 3380 ,
3596 3316 3700 3372 hoc

2125 3407 2291 3462 etiam
2321 3405 2582 3475 templum
2603 3405 2720 3461 solo
2741 3407 2946 3476 aequari
2976 3406 3256 3476 praecepit.
3295 3405 3405 3460 Nec
3431 3420 3604 3471 mora,
3635 3409 3703 3460 ad

2127 3513 2291 3551 unum
2320 3497 2671 3568 imperatoris
2699 3507 2888 3552 nutum
2916 3497 3066 3552 humi
3089 3497 3265 3566 jacuit
3294 3512 3456 3550 manu
3481 3497 3702 3553 militari

2124 3591 2441 3645 subversum
2473 3592 2761 3662 templum,
2794 3591 2937 3661 quod
2972 3591 3184 3645 nobiles
3230 3589 3531 3660 phil050phi
3578 3597 3701 3644 tan-

2126 3690 2311 3750 topere
2328 3693 2686 3751 suspexerant
2722 3701 2736 3738 :
2765 3692 2819 3741 et
2846 3699 2953 3739 una
2973 3698 3096 3739 cum
3126 3682 3328 3752 templo
3350 3680 3438 3736 ille
3458 3683 3575 3752 ipse
3606 3683 3699 3753 qui

2124 3773 2275 3828 intus
2314 3773 2587 3840 latitabat,
2615 3791 2724 3832 non
2759 3779 2965 3833 damon
2993 3784 3088 3831 aut
3115 3776 3270 3840 deus,
3315 3773 3408 3830 sed
3450 3774 3701 3846 deceptor

2121 3867 2338 3935 quidam
2386 3868 2720 3934 animarum,
2758 3869 2852 3939 qui
2885 3867 3185 3938 longissimi
3241 3867 3496 3937 temporis
3523 3865 3703 3937 spatio

2119 3958 2372 4016 homines
2404 3960 2457 4015 in
2490 3959 2740 4018 fraudem
2773 3962 3085 4018 induxerat.
3130 3959 3222 4016 Sic
3272 3959 3435 4031 igitur
3475 3958 3568 4014 ille
3602 3959 3696 4030 qui

2156 4113 2266 4189 (64)
2282 4115 2439 4199 V_nlg.
2470 4116 2671 4199 εἰκότα
2683 4115 2759 4199 δῇ
2773 4114 3308 4199 :tpdrwapljessime
3320 4113 3400 4199 Ch
3409 4113 3701 4199 ristophor-

2120 4183 2285 4241 sonus
2313 4183 2427 4240 haec
2452 4188 2519 4241 ad
2548 4183 2927 4256 Escnlapium
2955 4186 3157 4252 retulit,
3184 4200 3307 4256 cum
3329 4183 3403 4240 'de
3424 4183 3695 4238 Constan-

444 4253 632 4325 gyrico
653 4238 845 4373 pag‘ina
871 4250 996 4315 6&8,
1021 4252 1109 4305 ubi
1136 4238 1277 4305 tot'us
1298 4253 1387 4306 hic
1410 4238 1558 4306 locus
1588 4238 1804 4322 leugitnr.
1830 4238 2017 4309 Codex

449 4331 626 4373 tamen
656 4320 731 4373 Fu
775 4358 788 4372 .
828 4322 993 4373 etiam
1019 4320 1073 4373 in
1108 4323 1440 4373 naneevrico
1478 4323 1669 4373 scribit
1697 4323 2012 4373 ἀποστάτῃ.

449 4320 626 4397 taliter:
656 4320 788 4373 Fuit.
828 4320 1073 4397 etiamin
1108 4323 1440 4397 panegyrti
1478 4320 1669 4397 scribit
1697 4323 2012 4397 ἀποστάτῃ.

448 4389 618 4467 _Panlo
650 4400 776 4467 ante
808 4389 1158 4467 scribendum
1179 4389 1604 4464 εειξκλεψίγαμοί
1624 4409 1683 4446 τε
1708 4393 1935 4467 φθοραί,
1959 4389 2017 4451 ut

447 4458 644 4529 legitur
663 4459 717 4512 in
747 4463 1095 4528 panegyrico.

515 4528 627 4602 (65)
668 4528 795 4602 Τοζς
831 4529 1279 4599 ἐγκαθεύδουσι.
1321 4532 1493 4602 Hujus
1540 4533 1694 4587 verbi
1740 4533 1848 4588 vim
1902 4550 2011 4589 non

443 4597 710 4674 intellexit
737 4597 1288 4674 ChriStophorsonus,
1335 4597 1433 4658 nec
1472 4602 1772 4657 Portesius.
1829 4603 2015 4674 Neque

441 4668 586 4742 enim
641 4668 947 4742 decumbere
991 4684 1054 4742 ac
1086 4672 1319 4742 dormire
1349 4674 1669 4742 simpliciter
1698 4689 1759 4727 ea
1791 4690 1893 4729 vox
1925 4668 2015 4729 ἐί-

442 4739 688 4861 gniﬁcat,
712 4738 804 4792 sed
832 4738 1066 4791 dormire
1088 4740 1143 4822 in
1164 4741 1377 4811 templo.
1410 4738 1541 4795 Erat
1565 4742 1662 4823 .hic
1688 4758 1804 4798 mos
1832 4745 2012 4814 genti-
2140 4738 2155 4745 ⁷
2187 4745 2300 4815 (66)
2340 4745 2451 4799 Kal
2491 4748 2525 4800 ὁ
2545 4738 2734 4815 ’τῇδεζ
2789 4742 2976 4814 Longe
3004 4742 3182 4823 ~aliter
3233 4742 3468 4811 optimus
3516 4740 3690 4824 codex

465 4822 592 4861 tum.
617 4816 677 4859 ut
697 4817 1074 4861 ocrnoctantes
1099 4825 1152 4861 in
1177 4812 1378 4861 temnlo
1400 4826 1613 4861 summa
1639 4823 1693 4861 et
1716 4814 1948 4861 remedia
1981 4831 2011 4861 ει
2114 4813 2351 4861 Fulmlii.
2384 4814 2517 4861 Nam
2554 4827 2675 4861 nnst
2701 4830 2889 4861 vocem
2930 4812 3114 4861 θαυιια
3144 4822 3403 4861 nunctum
3442 4822 3687 4861 annomt-

465 4810 592 4884 ium,
617 4816 677 4884 u_t
697 4817 1074 4875 pernoctantes
1099 4809 1378 4884 in‘templo
1398 4812 1616 4884 somnia
1639 4823 1693 4866 et
1716 4809 1948 4869 remedia
1981 4831 2011 4870 a
2114 4809 2351 4870 Fuket'ii.
2382 4814 2517 4869 Nam
2554 4809 2676 4884 post
2701 4830 2889 4871 vocem
2912 4809 3114 4884 ’θαῦμα
3144 4809 3403 4884 punctum
3442 4812 3687 4884 apponit.

443 4878 547 4932 diis
573 4878 686 4954 suis
714 4887 1111 4954 exspectarent.
1132 4878 1302 4948 Cujus
1322 4883 1407 4954 rei
1467 4882 1679 4954 inﬁnita
1712 4897 2005 4939 occurrunt

2126 4887 2320 4941 Deinde
2354 4885 2425 4938 ita
2453 4878 2730 4954 scriptum
2775 4885 2979 4954 habet:
3016 4878 3162 4954 Ὄτί
3185 4881 3243 4954 δέ
3282 4878 3590 4954 ἐνδομυχῶν
3625 4883 3688 4954 οὐ

441 4947 702 5033 exempla
736 4936 877 5033 apud
932 4949 1182 5033 antiquos
1211 4936 1550 5033 'sgriptores,
1584 4952 1679 5033 se-d
1734 4936 2004 5033 prmciptte

2126 4936 2318 5033 sng
2340 4936 2731 5033 φδέζξέτθέάέ
2748 4936 2990 5033 rem...
3015 4952 3073 5006 δέ
3101 4936 3418 5033 τιςψυχῶνξ
3443 4936 3687 5033 pupa;

442 5016 584 5087 apud
609 5016 905 5098 {tristidem
940 5017 993 5069 in
1035 5016 1376 5101 orationibus
1409 5020 1602 5102 sacris.
1632 5016 1812 5076 Latini
1845 5016 1999 5077 dice-

444 5087 876 5166 baut‘rncubare.
919 5085 1146 5166 Plautus
1195 5105 1259 5166 tn_
1287 5089 1607 5166 Curculione
1631 5109 1651 5166 _:
1682 5094 1876 5166 (“Ideo
1915 5093 1996 5158 ﬁt,

2126 5016 2212 5079 ιαῖ
2231 5024 2445 5096 μυρίοις
2474 5016 2822 5094 ἐξαπατήσας
2853 5024 3085 5096 χρόνοις,
3115 5016 3368 5094 δῆλον’ἑκ
3402 5016 3511 5074 τῶν
3544 5016 3690 5090 πρα-

2126 5095 2354 5166 (μάτων.
2388 5095 2637 5166 Quatuor
2671 5107 2951 5166 postrema
2987 5096 3152 5147 verba
3187 5107 3307 5160 qua:
3344 5093 3405 5166 _in
3452 5092 3689 5166 vulgatis

440 5158 566 5232 ρης.
590 5157 828 5232 ιιεομεηο
851 5165 1088 5232 πείθω.
1101 5140 1996 5232 insita."saxeunnrnaoi";
2109 5140 3688 5232 ἀξείιῆέαῖᾱδῑιῑιςίιεῖῑίίι-ῖειςυέἐξιῖδιιιςξῑιάτ-οεέιλτετῑ

441 5226 661 5304 Solinus
692 5227 745 5280 in
783 5226 921 5304 cap.
945 5226 975 5277 7
1003 5242 1017 5304 ς
1050 5245 1069 5278 ι
1100 5226 1371 5299 Epidauro
1393 5232 1556 5304 decus
1583 5242 1665 5286 est
1685 5226 1997 5301 'Esculapii
2107 5235 2235 5289 lihri
2292 5235 2569 5304 adjecerat
2603 5226 2686 5289 ex'
2729 5226 3101 5304 manuscript}:
3149 5226 3371 5304 codice:
3422 5231 3555 5304 mos
3594 5230 3684 5285 ubi

440 5296 723 5377 sacellum,
754 5299 841 5377 cui
860 5296 1215 5377 incubantes,
1244 5308 1391 5377 [εἰς.
1413 5298 1848 5377 Hieronymusin
1870 5296 1992 5373 cap.
2106 5296 2659 5377 vulgatge'editiones
2711 5306 2956 5377 habent,
2998 5296 3164 5377 asia
3217 5299 3405 5377 κακῶν
3470 5298 3688 5377 ἐτέρομς

441 5365 720 5442 6_5_lsai_ae,
752 5367 820 5442 ad
859 5366 952 5442 illa
982 5370 1167 5442 verba,
1192 5369 1432 5442 habitant
1463 5372 1528 5442 in
1566 5365 1843 5438 sepulcris,
1879 5390 1899 5424 ι
1939 5365 1994 5429 in
2102 5365 2455 5439 ἀποῖλλάξειν,
2489 5386 2620 5440 etc.,
2647 5376 2817 5430 codex
2859 5365 3068 5427 Fu'ketii
3102 5374 3173 5426 ita
3212 5372 3445 5442 scribit:
3489 5365 3686 5442 '0

441 5437 708 5517 delphris,
755 5437 952 5517 inquit,
986 5437 1248 5517 idolorum
1299 5440 1573 5517 dormiens
1615 5437 1628 5496 ἐ
1682 5446 1771 5496 ubi
1804 5446 1995 5517 stratis

2126 5446 2285 5499 ιακῶν
2309 5437 2529 5517 ἐτέρους
2543 5437 2643 5517 ἀπ.
2670 5444 2766 5517 καὶ
2795 5445 3079 5517 συμφρρᾶς
3100 5440 3512 5517 προϊσχόμενος,
3530 5437 3688 5517 esse»

408 5524 421 5533 κ
443 5506 670 5587 pellibus
697 5508 997 5561 hostiarum
1028 5508 1293 5587 incubare
1312 5511 1456 5587 so_|iti
1486 5521 1752 5587 ergmttut
1767 5514 1996 5587 sonmiis

2126 5517 2261 5587 ιὺτὸν
2291 5506 2469 5585 ἐαυτῷ
2498 5506 2634 5586 πρὸς
2664 5506 2879 5587 ἄμυναν
2905 5506 3126 5587 εὕρατο,
3147 5506 3682 5587 ’θιςῖριιαὶᾳυίᾁθηι

441 5575 623 5655 futura
657 5588 1063 5655 cognoscerent.
1092 5581 1245 5646 Quod
1272 5581 1325 5634 in
1347 5581 1476 5655 latio
1504 5575 1798 5655 Esculapil
1822 5598 1995 5654 usque
2102 5586 2260 5641 lectio
2287 5575 2462 5655 aptiui'
2495 5575 2628 5640 mihi
2658 5575 2871 5640 videtur
2896 5593 2953 5639 et
2973 5575 3193 5655 'melior.
3224 5581 3280 5634 ln
3306 5575 3492 5648 Regiis
3516 5578 3682 5633 etiam

441 5646 601 5727 hpdie
655 5646 814 5701 error
869 5647 1536 5727 ethnicorum__celebrat,
1592 5646 1995 5727 multorunuiue
2101 5646 2549 5727 schedis'eiiparo
2573 5655 2836 5727 scriptpm
2872 5653 3081 5727 invepi.
3397 5646 3411 5648 ⁷
3455 5716 3472 5727 ι
3575 5723 3587 5727 Δ
3628 5715 3642 5727 _
3715 5654 3726 5727 ξ

439 5714 669 5771 aliorum
707 5737 720 5771 :
752 5731 872 5788 quae
898 5730 1005 5771 non
1046 5687 1176 5776 δυιῖι
1199 5687 1343 5777 aliud
1383 5687 1485 5778 nisi
1522 5687 1995 5779 ἱιιιηιῖιίἻίιῖἒὶἱῖἓΪ

2126 5687 2319 5711 ιυυσιηῠ
2345 5687 2549 5727 ευγυιυυ
2573 5687 2836 5726 δυιιμιιιιιι
2873 5687 3081 5708 Ιιινῠιιιο

2174 5724 2287 5794 (67)
2328 5724 2671 5799 φάρμακον,
2689 5724 2950 5795 μᾶλλον.
2985 5723 3264 5799 Postrema
3293 5716 3593 5799 vorticest
3628 5715 3681 5770 in
3718 5687 3735 5765 ἰ

2105 5786 2296 5851 codice
2337 5786 2526 5866 Regio,
2566 5805 2620 5852 et
2651 5786 2886 5851 fortasse
2920 5789 3197 5849 subaudiri
3252 5795 3446 5858 potest.
3483 5786 3680 5842 Caneri

2119 4257 2233 4310 tino
2268 4257 2600 4320 imperatore
2641 4255 2915 4320 dicantur,
2955 4266 3013 4310 ut
3044 4256 3101 4310 in
3151 4255 3402 4309 versione
3440 4268 3557 4307 mea
3594 4267 3693 4308 ex-

2118 4326 2312 4391 pressi.
2330 4324 2494 4381 Certe
2510 4326 2564 4381 in
2589 4325 2726 4381 Fuk.
2745 4335 2802 4383 et
2820 4324 3058 4381 Turnebi
3080 4324 3237 4382 codd.
3275 4325 3473 4395 legitur
3503 4322 3690 4377 εἰκότα

2116 4395 2180 4467 δὴ
2218 4395 2469 4467 βασιλεὺς
2508 4394 2783 4467 πράττων.

2188 4460 2299 4535 (65)
2334 4460 2640 4521 Γενναίων
2665 4466 3082 4536 φιλοσόφων...
3104 4460 3690 4536 ﬁaﬁua._Apollonium

2118 4531 2459 4607 Ty'anensem
2500 4531 2805 4607 intelligit,
2833 4531 3063 4607 denque
3094 4531 3290 4607 scribi_t
3329 4531 3694 4607 l’hilostratus

2119 4602 2178 4658 in
2209 4606 2303 4661 lib.
2331 4621 2348 4659 ι
2379 4621 2502 4660 eum
2554 4607 2605 4659 in
2649 4602 2849 4675 templo
2878 4602 3174 4672 Aisculapii
3223 4602 3395 4670 Egis,
3433 4611 3690 4672 tanquam

2116 4675 2290 4745 ipsius
2325 4675 2409 4729 dei
2447 4677 2736 4745 hospitem,
2766 4677 2855 4745 d_iu
2882 4685 3160 4745 versatum
3192 4686 3333 4745 esse.

439 5799 576 5840 rum.
612 5801 637 5838 ι
