4186 6434
1258 330 1532 387 EL‘SEBII
1570 325 2063 388 CESARIENSIS
2098 324 2249 383 OPP.
2291 323 2478 380 PARS
2515 324 2635 381 1.-
2671 324 3062 384 HISTORICA.

511 338 645 395 “25
1258 334 1532 387 EUSEBII
1570 334 2063 388 CESARIENSIS

2192 334 2249 383 Ρ.
2291 334 2478 380 PARS
2515 334 2635 381 l.—
2671 334 3062 384 HISTORIGA.
3630 334 3772 389 ΗΝ

502 450 658 505 malis
703 457 762 504 et
802 447 1205 506 calamitatibus
1254 445 1397 502 alios
1447 444 1813 501 liberaturum
1856 457 1927 499 se
1974 457 2089 496 esse

2209 440 2348 493 Ἀλλ’
2382 441 2483 494 οὐκ
2516 442 2575 494 ὲν
2610 441 2797 512 μύθοις
2822 436 2890 513 ἦν
2918 440 2990 495 τὰ
3027 440 3125 495 τοῦ
3171 444 3453 515 ἡμεδαποῦ
3508 443 3772 516 βασιλέως
3882 422 3887 423 7

502 539 818 611 spondebat,
854 538 1064 594 nullum
1096 541 1209 607 ipse
1238 536 1540 594 remedium
1584 536 1786 606 reperit
1822 548 1942 602 quo
1967 547 2089 587 sese

2192 532 2312 604 Θεῷ
2344 533 2718 604 κεχαρισμένα
2760 531 3184 605 κατορθώματα·
3228 535 3297 587 δι’
3336 536 3598 607 ἐναργοῦς
3630 536 3690 591 δέ
3720 539 3771 605 γ’

505 638 778 696 tueretur,
806 644 915 685 non
947 630 1121 699 magis
1148 643 1312 699 quam
1335 644 1462 683 cum
1495 626 1724 684 fulmine
1757 637 2088 696 percussum

2192 622 2395 694 ἀρετῆς
2437 621 2531 675 τοῦ
2578 622 2744 675 αὐτοῦ
2788 622 3064 693 Σωτῆρος,
3122 623 3436 697 αὐτόρριζος
3471 626 3563 679 καὶ
3588 627 3618 678 ό
3646 628 3769 698 τῇδε

505 736 630 778 eum
678 720 847 777 fuisse
888 720 1088 776 fabula:
1116 719 1345 790 ﬁngunt.
1400 721 1473 775 At
1511 735 1619 775 non
1674 719 1802 774 item
1835 713 2089 771 fabulosa

2192 712 2326 777 νεὼς
2349 713 2697 785 άνετρέπετο,
2719 711 2795 776 ὡς
2818 712 2937 785 μηδ’
2964 713 3111 785 ἴχνος
3133 713 3317 767 αὐτόθι
3337 714 3438 785 τῆς
3464 714 3768 786 ἔμπροσθεν

506 811 725 868 fuerunt
751 813 1096 882 imperatoris
1132 813 1301 867 nostri
1339 811 1623 880 facinora,
1675 810 1781 866 Deo
1833 808 2089 878 inprimis

2193 804 2603 877 περιλελεῖφθαι
2633 804 2848 868 μανίας.

506 917 753 976 accepta;
792 907 889 961 sed
919 922 1020 977 per
1048 907 1553 962 manifestissimum
1594 906 1767 975 ipsius
1797 901 2123 958 Servatoris
2161 900 2268 954 vim
2294 910 2460 969 atque
2487 899 2765 962 virtutem,
2818 899 2922 952 hoc
2958 899 3218 966 templum
3265 916 3366 954 una
3407 914 3530 954 cum
3558 901 3769 956 emeris

505 1000 772 1057 radicitus
799 1015 1051 1055 eversum
1075 1009 1176 1064 est,
1202 1000 1340 1056 adeo
1378 1010 1438 1053 ut
1467 1000 1715 1071 pristina:
1752 998 1991 1054 insania:
2021 1012 2088 1052 ne
2115 996 2399 1065 vestigium
2432 994 2650 1064 quidem
2690 994 2854 1047 ullum
2891 994 3090 1049 ibidem
3120 997 3455 1051 remanserit.

1069 1086 1300 1144 CAPUT
1353 1088 1509 1144 LVII.

579 1180 854 1243 Ouomodo
907 1179 1146 1252 gentiles,
1179 1180 1448 1234 damnatis
1506 1179 2017 1243 simularris,Deum

1113 1259 1465 1318 agnoverunt.

576 1340 766 1412 Itaque
818 1348 1090 1411 quotquot
1138 1350 1302 1395 antea
1353 1341 1737 1409 superstitioso
1779 1341 2084 1396 dzenionum

505 1429 681 1488 cultui
708 1429 909 1485 addicti
947 1427 1184 1493 fuerant,
1216 1443 1340 1483 cum
1368 1445 1616 1485 errorem
1644 1444 1802 1485 suum
1833 1429 2087 1495 confuta-

507 1530 622 1577 tum
650 1520 823 1577 oculis
850 1520 965 1576 suis
995 1520 1272 1586 viderent,
1305 1530 1360 1576 et
1389 1521 1633 1576 omnium
1689 1520 1890 1590 ubique
1953 1530 2087 1575 tern-

510 1613 725 1685 plorum
770 1627 834 1668 ac
884 1612 1306 1668 simulacrorum
1346 1613 1659 1669 vastitatem
1719 1614 2083 1679 intuerentur,

512 1704 606 1759 alii
638 1704 705 1759 ad
736 1704 1027 1760 salutarem
1056 1702 1259 1759 Christi
1285 1705 1588 1760 doctrinam
1620 1720 1679 1760 se
1707 1704 2082 1761 conferebant:

2642 1134 2651 1147 λ
2706 1086 3102 1139 ΚΕΦΑΛΔΙΟΝ
3131 1086 3256 1141 NZ'.

2189 1174 2322 1243 Πῶς
2378 1178 2432 1230 οι
2485 1176 2797 1247 "Eunaee,
2834 1178 3240 1245 καταγνόντες
3302 1178 3422 1232 τῶν
3470 1178 3765 1247 εἰδώλων,

2505 1244 2882 1314 ἐπέστρεφον
2925 1244 3015 1313 εὶς
3063 1249 3452 1317 θεογνωσιαν.

2259 1338 2465 1402 Πάντες
2504 1338 2549 1391 δ’
2574 1340 2623 1391 οἱ
2659 1338 2790 1411 πρὶν
2838 1338 3253 1410 δεισιδαίμονες,
3286 1340 3379 1394 τὸν
3418 1341 3636 1412 ἔλεγχον
3665 1341 3765 1411 τῆς

2190 1428 2369 1483 αὐτῶν
2402 1428 2611 1498 πλάνης
2650 1429 2842 1494 αὑταῖς
2881 1429 3068 1500 ὕψεσιν
3104 1430 3356 1502 ὁρῶντες,
3387 1429 3496 1484 τῶν
3532 1430 3581 1484 θ’
3607 1431 3765 1484 ἁπαν·

2191 1522 2356 1595 ταχοῦ
2386 1523 2521 1579 νεῶν
2569 1541 2629 1577 τε
2669 1524 2766 1578 καὶ
2823 1524 3132 1597 ίδρυμάτων
3174 1525 3322 1597 ἔργῳ
3364 1523 3625 1595 θεώμενοι
3667 1526 3762 1596 τὴν
3851 1568 3861 1577 ,

2190 1614 2445 1687 ἐρημίαν,
2478 1618 2526 1669 οἱ
2562 1617 2666 1686 μὲν
2697 1615 2776 1688 τῷ
2815 1617 3069 1688 σωτηρίῳ
3100 1617 3476 1690 προσέφευγον
3522 1615 3684 1686 λόγῳ,
3714 1617 3761 1668 oi

2188 1703 2255 1768 δ’,
2289 1706 2338 1757 εἰ
2366 1705 2461 1758 καὶ
2488 1705 2645 1758 τοῦτο
2673 1704 2748 1777 μὴ
2774 1704 3060 1778 ἔπραττον,
3077 1706 3179 1778 τῆς
3200 1706 3331 1776 γοῦν
3362 1705 3620 1779 πατρῴας
3642 1725 3762 1759 κατ-

513 1794 637 1860 alii,
680 1794 804 1849 licet
839 1794 978 1849 idem
1008 1793 1188 1850 facere
1224 1794 1449 1861 nollent,
1490 1795 1752 1864 majorum
1782 1805 1961 1851 tamen
1986 1812 2087 1852 ca:-

2192 1798 2481 1867 εγίνωσκον
2534 1799 2910 1870 ματαιότητος,
2961 1798 3165 1869 ἐγέλων
3228 1815 3289 1852 τε
3323 1800 3418 1852 καὶ⁵
3464 1796 3764 1867 κατεγέλων

513 1883 830 1951 remonias,
871 1892 1059 1953 utpote
1093 1898 1265 1939 vanas
1316 1892 1479 1953 atque
1535 1882 1727 1938 inanes
1757 1882 2088 1937 condemna-

512 1978 651 2032 bant
675 2016 691 2043 ,
719 1986 772 2031 et
793 1991 929 2048 quos
951 1985 1107 2031 antea
1129 1990 1227 2045 pro
1252 1975 1357 2032 diis
1376 1975 1718 2040 habuissent,
1745 1974 2084 2031 deridebant.

513 2068 711 2137 Quidni
743 2071 960 2125 veroita
982 2071 1271 2134 sentirent,
1297 2082 1423 2124 cum
1460 2069 1559 2123 sub
1594 2076 1819 2123 externa
1867 2067 2090 2121 simula-

516 2176 730 2217 crorum
765 2162 946 2231 specie
980 2171 1187 2216 tantam
1239 2159 1389 2215 intus
1436 2159 1703 2215 latentem
1768 2161 2086 2229 Spurcitiem

517 2253 851 2308 cernerent?
907 2250 1039 2307 Nam
1076 2262 1169 2306 aut
1202 2251 1525 2306 cadaverum
1576 2265 1726 2313 ossa,
1783 2259 1879 2305 aut
1924 2252 2090 2307 arida:

514 2342 768 2399 calvariae
794 2344 1077 2410 suberant,
1126 2343 1486 2412 impostorum
1522 2339 1686 2413 515.
1714 2339 1910 2395 fraude
1960 2343 2087 2396 sub-

515 2443 684 2503 rapta:
721 2448 737 2486 :
766 2444 856 2487 aut
887 2432 1090 2487 sordidi
1127 2433 1291 2504 panni
1342 2432 1488 2502 turpi
1517 2432 1858 2488 immunditia
1883 2432 2089 2496 referti,

527 2531 624 2576 aut
655 2523 891 2593 denique
923 2523 1035 2578 feni
1087 2538 1153 2580 ac
1183 2522 1393 2595 atipulaa
1419 2537 1669 2579 acervus.
1710 2522 1842 2590 Quae
1874 2538 1997 2578 cum
2038 2525 2089 2578 in

518 2614 890 2686 penetralibus
921 2615 1343 2671 simulacrorum
1388 2615 1569 2669 anima
1612 2615 1919 2670 carentium
1968 2629 2094 2670 con-

521 2717 672 2777 gesta
722 2707 1052 2777 aspicerent,
1101 2716 1159 2761 et
1209 2719 1366 2761 suam
1418 2712 1473 2759 et
1530 2713 1816 2775 parentum
1873 2718 2091 2759 suorum

522 2809 789 2851 summam
849 2795 1177 2852 dementiam
1248 2794 1629 2850 incusabant:
1673 2794 1909 2847 maxime
1970 2808 2093 2848 cum

522 2883 1042 2951 animadverterent,
1068 2884 1123 2938 in
1155 2884 1273 2938 suis
1300 2883 1408 2938 illis
1450 2883 1652 2954 adytis,
1684 2891 1847 2953 atque
1879 2884 1933 2937 in
1960 2883 2093 2953 ipsis

519 2974 826 3029 simulacris
851 2973 1052 3029 nullum
1070 2989 1191 3031 esse
1207 2975 1352 3031 intus
1375 2974 1713 3029 habitantem
1734 3016 1749 3043 ,
1773 2989 1876 3029 non
1897 2974 2095 3031 dmino-

522 3080 648 3121 nem
694 3068 915 3122 oracula
959 3066 1313 3135 fundentem,
1363 3081 1470 3122 non
1518 3067 1677 3122 deum
1714 3067 2093 3137 praedicentem

2187 1890 2297 1944 τῶν
2329 1891 2496 1945 πάλαι
2528 1890 2897 1963 νομιζομένων
2934 1892 3119 1956 αὐτοῖς
3158 1890 3318 1944 θεῶν’
3360 1892 3456 1945 καὶ
3500 1891 3620 1954 πῶς
3656 1890 3763 1962 γὰρ

2187 1983 2287 2036 οὐκ
2310 1982 2529 2053 ἔμελλον
2571 1982 2713 2036 οὕτω
2764 1985 3000 2054 φρονεῖν,
3051 1983 3150 2054 τῆς
3199 1982 3398 2050 ἔξωθεν
3428 1980 3533 2035 τῶν
3565 1981 3762 2047 ξοάνων

2189 2075 2489 2145 φαντασίας
2512 2073 2769 2147 πλείστην
2791 2076 2925 2147 ὅσην
2949 2075 3177 2148 μιαρίαν
3216 2075 3347 2128 εἴσω
3380 2074 3762 2145 κεκρυμμένην

2188 2167 2453 2240 όρῶντες;
2481 2167 2549 2220 Ἢ
2578 2166 2688 2238 γάρ
2715 2166 2923 2239 νεκρῶν
2954 2167 3220 2238 σωμάτων
3245 2166 3387 2238 ὑπῆν
3417 2166 3595 2228 ὀστέα,
3627 2163 3763 2237 ξηρά

2188 2276 2249 2313 τε
2278 2260 2493 2330 κρανία,
2531 2257 2741 2331 γοήτων
2773 2258 3119 2331 περιεργίαις
3168 2258 3594 2330 ὲσκευωρημένα
3628 2256 3759 2329 (68),

2190 2349 2223 2420 ἢ
2263 2348 2518 2420 ῥυπῶντα
2544 2349 2687 2421 ῥάκη
2719 2348 3005 2421 βδελυρίας
3043 2350 3274 2421 αἰσχρᾶς
3299 2347 3529 2420 ἔμπλεα,
3561 2348 3597 2419 ἦ
3643 2347 3764 2417 χόρ-

2189 2457 2282 2493 του
2319 2441 2415 2495 καὶ
2439 2441 2692 2512 καλάμης
2730 2441 2982 2513 φορυτός’
3019 2438 3055 2493 ἃ
3097 2440 3162 2511 δὴ
3208 2438 3317 2493 τῶν
3349 2438 3570 2509 ἀψύχων
3617 2437 3762 2500 ἐντὸς

2194 2532 2578 2604 σεσωρευμένα
2632 2532 2944 2605 θεωμένοις,
2994 2533 3178 2595 αὐτοῖς
3213 2548 3273 2584 τε
3318 2533 3413 2585 καὶ
3444 2533 3555 2594 τοῖς
3589 2528 3763 2583 αὐτῶν

2194 2623 2457 2693 πατράσι,
2481 2622 2679 2694 πολλὴν
2706 2622 2969 2694 λογισμοῦ
3000 2621 3310 2694 ἀφροσύνην
3337 2620 3762 2692 κατεμέμφοντο,

2193 2709 2280 2762 ὅτε
2308 2708 2518 2779 μάλιστ’
2549 2708 2814 2770 ἐνενόουν,
2853 2708 2930 2772 ὡς
2962 2708 3138 2771 οὐδεὶς
3171 2708 3278 2778 ἀρα
3304 2701 3371 2778 ἦν
3400 2707 3456 2759 ὲν
3487 2708 3601 2768 τοῖς
3637 2703 3764 2757 ἀδύ-

2192 2816 2305 2863 τοις
2336 2799 2512 2853 αὐτῶν
2541 2802 2750 2870 μυχοῖς,
2777 2799 2885 2853 οὐδ’
2906 2801 2964 2853 ὲν
2996 2800 3180 2862 αὐτοῖς
3200 2798 3506 2868 ἀγάλμασιν
3541 2795 3764 2858 ἒνοικος,

2193 2890 2254 2944 οὐ
2275 2889 2503 2962 δαίμων,
2541 2889 2601 2944 οὐ
2642 2889 2964 2961 χρησμῳδδς
2999 2889 3140 2962 (69),
3173 2891 3234 2943 οὐ
3268 2887 3409 2954 θεὸς,
3450 2888 3510 2941 οὐ
3556 2886 3765 2957 μάντις,

2193 2977 2281 3034 οἷα
2303 2980 2367 3052 δὴ
2392 2981 2451 3033 τὸ
2480 2981 2609 3051 πρὶν
2646 2980 3046 3052 ὑπελάμϐανον,
3080 2980 3194 3035 ἀλλ’
3232 2979 3340 3034 οὐδ’
3376 2978 3616 3050 ἀμυδρόν
3652 2994 3705 3029 τι
3730 2975 3766 3045 ἢ

2197 3070 2420 3136 σκιῶδες
2453 3071 2762 3142 φάντασμα.
2805 3072 2896 3125 Διὸ
2928 3071 2992 3143 δὴ
3035 3070 3339 3143 προχείρως
3368 3072 3481 3133 τοῖς
3511 3069 3575 3121 ἐκ
3621 3066 3768 3137 βασι-

518 3154 725 3225 futura,
774 3158 1234 3229 quemadmodum
1295 3134 1397 3214 sibi
1447 3167 1602 3214 antea
1659 3134 2088 3228 persuaserant:

2193 3161 2331 3226 λέως
2367 3134 2806 3233 καταπεμφθεῑσι
2836 3164 2946 3216 πᾶν
3292 3162 3484 3233 ἄντρον
3529 3134 3630 3213 καῖ
3663 3158 3768 3221 πᾶς

520 3251 635 3307 imo
697 3266 765 3306 ne
832 3251 1124 3307 obscurum
1176 3249 1395 3321 quidem
1455 3264 1520 3304 ac
1575 3248 1919 3305 tenebrosum
1970 3261 2092 3317 spe-

519 3353 718 3399 ctrum.
758 3342 938 3413 Atque
976 3342 1182 3398 idcirco
1229 3341 1454 3411 quodvis
1509 3338 1594 3396 vel
1646 3339 2087 3396 obscurissimum

521 3441 736 3490 antrum
763 3443 819 3489 et
847 3431 1171 3488 abditissitni
1206 3434 1413 3504 quique
1460 3444 1744 3495 recessus,
1780 3430 1848 3484 iis
1900 3430 1992 3499 qui
2019 3428 2089 3483 ah

470 3532 477 3537 ‘
520 3525 849 3597 imperatore
880 3524 1034 3583 missi
1059 3534 1217 3582 erant
1246 3523 1403 3579 facile
1426 3531 1714 3594 patuerunt
1741 3520 1935 3591 :adyta
1959 3521 2087 3590 quin

518 3620 685 3675 etiam
719 3627 775 3675 et
803 3618 1078 3674 inaccessa
1122 3617 1272 3689 prius
1323 3614 1464 3681 loca,
1492 3615 1716 3686 ipsaque
1763 3612 2087 3683 templorum

2194 3256 2501 3329 ἀπόρρητος
2528 3256 2695 3329 μυχὸς
2719 3256 2879 3327 βατός
2901 3252 2991 3328 ἦν,
3027 3255 3204 3309 ἀδατά
3240 3272 3302 3309 τε
3341 3254 3436 3309 καὶ
3472 3252 3658 3317 ἄδυτα,
3692 3253 3768 3305 εε-

2196 3343 2305 3416 ρῶν
2330 3362 2388 3398 τε
2413 3346 2480 3399 τὰ
2508 3345 2792 3409 ἐνδοτάτω,
2829 3346 3241 3417 στρατιωτικοῖς
3288 3345 3644 3399 κατεπατεῖτο
3671 3340 3769 3413 βή-

2197 3452 2378 3507 μασιν·
2410 3435 2537 3489 ῶστ⁹
2571 3438 2775 3508 ἐναργῆ
2801 3439 2911 3500 τοῖς
2952 3438 3121 3490 πᾶσιν
3147 3439 3213 3490 ὲκ
3237 3436 3403 3490 τῶνδε
3434 3435 3573 3507 (69')
3604 3433 3769 3487 κατάο

2194 3541 2374 3597 φωρον
2399 3524 2676 3595 γεγονέναι
2703 3526 2802 3596 τὴν
2823 3525 2881 3592 ἐξ
2908 3525 3101 3592 αἰῶνος
3130 3525 3340 3599 μακροῦ
3366 3526 3474 3581 τῶν
3507 3523 3769 3596 Ἑλλήνων

2192 3617 2447 3670 ἁπάντων
2481 3620 2972 3689 κατακρατήσασαν
3003 3618 3242 3683 διανοίας
3273 3619 3540 3689 πήρωσιν.

517 3708 838 3781 penetralia,
872 3708 1105 3764 militum
1151 3708 1402 3779 vestigiis
1455 3706 1791 3762 terebantur.
1859 3704 1940 3759 Ex
1987 3720 2095 3775 quo
2146 3707 2482 3777 deprehensa
2516 3720 2573 3763 et
2625 3720 2951 3765 cunctorum
3005 3710 3181 3766 oculis
3216 3710 3463 3780 exposita
3497 3709 3768 3763 θειοωεί-

519 3808 606 3857 tas
631 3802 848 3867 mentis,
873 3815 993 3871 qua:
1019 3799 1246 3872 gentiles
1284 3813 1476 3855 omnes
1496 3796 1825 3870 jampridem
1857 3795 2127 3853 involutos
2160 3806 2404 3855 tenebat.

1076 3889 1312 3947 CAPUT
1350 3890 1532 3947 LVIII.

522 3980 800 4051 Quomodo
848 3983 989 4053 apud
1022 3980 1363 4054 Heliopolim,
1384 3983 1647 4037 destructo
1686 3978 1904 4054 Veneris
1938 3978 2088 4049 fano,

870 4052 1073 4122 primus
1110 4052 1383 4109 ectlniam
1425 4052 1740 4106 construxit.

592 4146 770 4217 Atque
797 4145 917 4204 haec
952 4147 1094 4202 inter
1144 4144 1406 4216 pra-clara
1461 4142 1804 4214 imperatoris
1848 4139 2094 4197 facinora

524 4240 727 4296 merito
753 4247 1173 4304 recenseantur;
1216 4237 1362 4294 sicut
1390 4249 1447 4293 et
1479 4235 1569 4291 illa
1612 4249 1733 4304 qua:
1775 4233 2089 4304 singillatim

523 4332 577 4387 in
611 4332 779 4388 variis
806 4332 1101 4404 provinciis
1141 4329 1441 4388 constituit.
1489 4326 1799 4399 Cujusmodi
1849 4326 1975 4380 illud
2009 4331 2093 4379 est

523 4423 669 4491 quod
707 4422 761 4478 in
797 4422 930 4478 urbe
972 4420 1260 4478 Phoenices
1313 4418 1573 4490 Heliopoli
1629 4419 1700 4473 ab
1753 4432 1820 4473 eo
1880 4427 2090 4486 gestum

523 4516 778 4570 vidimus.
827 4514 945 4581 Qua
976 4515 1029 4570 in
1056 4515 1191 4571 urbe
1218 4513 1450 4585 gentiles
1490 4510 1705 4580 quidem
1743 4510 1834 4580 qui
1878 4511 2086 4563 obscoe-

526 4621 652 4659 nam
696 4606 973 4673 libidinem
1035 4608 1148 4662 deae
1212 4604 1435 4661 Veneris
1486 4602 1754 4658 vocabulo
1812 4599 2088 4665 alliciunt;

528 4697 788 4752 uxoribus
816 4712 879 4752 ac
919 4697 1132 4753 ﬁliabus
1164 4698 1278 4752 suis
1310 4694 1483 4765 stupri
1518 4695 1733 4763 impune
1771 4689 2091 4746 admittendi

2694 3895 3089 3950 ΚΕΦΑΛΑῙΟΝ
3134 3896 3267 3951 NH’.

2199 3983 2390 4051 Ὅπως
2420 3983 2490 4037 ἐν
2537 3983 2906 4041 Ἡλιουπόλει
2945 3986 3061 4055 τὴν
3101 3984 3443 4056 Ἀφροδίτην
3481 3984 3767 4049 καθελὼν,

2474 4056 2811 4123 ἐκκλησίαν
2846 4056 3198 4126 ᾠκοδόμησε
3238 4056 3487 4125 πρῶτος.

2269 4146 2381 4200 Καὶ
2405 4146 2576 4200 ταῦτα
2610 4146 2655 4200 δ’
2683 4147 2748 4201 ἄν
2779 4162 2863 4211 τις
2904 4146 3018 4218 (70)
3067 4150 3182 4211 τοῖς
3231 4145 3491 4218 βασιλέως
3548 4146 3768 4208 εἰκότως

2195 4236 2421 4308 ἀναθείη
2453 4235 2890 4309 κατορθώμασιν,
2933 4236 3124 4309 ὥσπερ
3159 4233 3251 4291 οὖν
3294 4237 3389 4291 καὶ
3428 4236 3499 4290 τά
3531 4235 3769 4307 μερικῶς

2197 4327 2318 4383 καθ’
2350 4329 2577 4383 ἕκαστον
2612 4327 2762 4392 ἔθνος
2794 4328 2943 4399 αὐτῷ
2983 4327 3359 4399 διαταχθέντα·
3392 4324 3505 4381 οἷον
3546 4328 3640 4379 ὲπὶ
3667 4325 3769 4395 τῆς

2194 4419 2453 4473 Φοινίκων
2489 4418 2899 4485 Ἡλιουπόλεως,
2931 4414 3104 4491 ἐφ’ἦς
3125 4420 3175 4472 oi
3219 4418 3315 4489 μὲν
3348 4418 3446 4488 τὴν
3474 4416 3770 4471 ἀκόλαστον

2196 4511 2388 4583 ἡδονὴν
2430 4511 2697 4582 τιμῶντες
2734 4513 3121 4583 προσρήματι,
3163 4513 3429 4582 γαμεταῖς
3470 4509 3564 4563 καὶ
3606 4508 3769 4573 θυγα-

2196 4604 2385 4674 τράσιν
2414 4602 2636 4673 ἀναίδην
2666 4603 3013 4673 ὲκπορνεύειν
3036 4602 3394 4672 συνεχώρουν.
3430 4600 3567 4654 Νυνὶ⁸
3599 4599 3656 4652 δὲ
3681 4596 3770 4652 νό-

2201 4712 2300 4767 μος
2340 4694 2529 4763 ἐφοίτα
2572 4694 2691 4757 νέος
2740 4710 2801 4747 τε
2851 4694 2945 4747 καὶ
2990 4694 3222 4766 σώφρων
3268 4691 3419 4764 παρὰ
3473 4691 3769 4761 βασιλέως,

527 4787 801 4843 licentiam
846 4797 1249 4844 concesserant.
1299 4786 1453 4843 Nunc
1497 4801 1628 4841 vero
1690 4798 1826 4839 nova
1878 4785 1962 4836 lex
2020 4781 2088 4835 ab

2197 4788 2360 4863 μηδὲν
2396 4785 2504 4840 τῶν
2550 4785 2719 4840 πάλαι
2768 4785 3012 4855 συνήθων
3044 4785 3245 4857 τολμᾷν
3284 4782 3640 4855 διαγορεύων·
3679 4781 3773 4836 καὶ

527 4932 707 4977 tamen
729 4921 944 4977 codices
963 4936 1081 4977 eam
1103 4927 1417 4990 agnoscunt.
1435 4920 1490 4974 In
1510 4919 1617 4990 fine
1636 4917 1830 4986 capitis
1866 4929 1965 4987 pro
2001 4912 2092 4967 άν-

525 4990 806 5065 ιτρέπετο,
836 4993 1004 5065 codex
1025 4988 1231 5045 Fultetii
1245 4990 1424 5065 habet
1444 4988 1828 5065 ἀνετέτραπτο.

598 5054 710 5131 (68)
727 5054 973 5131 Γοήτων
997 5060 1350 5131 περέεργίαις
1362 5054 1841 5131 ἐσκευωρημένα.
1860 5054 2092 5131 βεοιῑυε

530 5132 584 5187 in
609 5127 807 5186 codice
850 5130 1040 5200 Regio.
1070 5127 1220 5186 'Fuk.
1258 5139 1311 5184 et
1355 5128 1526 5200 Savil.
1548 5127 1825 5200 scribitur
1857 5127 2090 5178 ὲσκαιω-

532 5200 764 5274 ρημένα.
801 5194 971 5268 ρυιιιῖι
1007 5215 1190 5255 vocem
1233 5200 1306 5254 ita
1336 5199 1504 5253 vertit
1538 5194 2089 5263 Christophorsonus,

530 5276 694 5327 calve
745 5270 1189 5341 nrmtigiatorum
1233 5268 1368 5322 dolis
1412 5267 1603 5341 callide
1653 5268 1890 5321 obtectw.
1939 5261 2092 5328 Quod

529 5358 634 5395 non
675 5339 842 5408 probo
872 5356 886 5393 :
925 5336 1217 5408 inalimque
1246 5347 1481 5402 vertere,
1518 5336 1795 5408 subrepta,
1825 5343 1916 5386 aut
1938 5340 2094 5408 certe

528 5403 805 5464 adornata:
838 5418 888 5464 et
913 5411 982 5463 ad
1016 5403 1278 5476 maleﬁcia
1318 5403 1825 5476 contparatw.Ossa
1865 5403 2007 5476 enirn
2039 5408 2095 5476 et

529 5480 780 5535 calvaria:
812 5490 939 5535 sunt
965 5470 1247 5549 magorum
1278 5470 1660 5543 instrumenta,
1682 5475 1882 5543 quibus
1916 5471 1991 5526 illi
2025 5470 2093 5523 ad

528 5551 793 5603 tnalelicia
827 5565 923 5604 sua
955 5552 1265 5603 utebantur.

601 5621 710 5692 (169)
753 5622 835 5673 Οὐ
875 5618 1122 5692 datm,
1163 5619 1235 5670 οὺ
1268 5613 1639 5692 χρησμῳδός.
1670 5612 1728 5692 in
1775 5607 2097 5692 panegyrico

529 5683 1029 5743 de'lricennalihns
1059 5683 1399 5742 Constantini
1425 5683 1589 5739 aliter
1615 5684 1951 5739 coIIOCantnr
1984 5683 2096 5733 hac

528 5761 692 5814 verba
732 5775 743 5809 :
788 5757 862 5811 Οὐ
913 5755 1144 5826 δαίμων,
1201 5755 1260 5810 οὐ
1311 5755 1463 5821 θεὸς,
1522 5753 1582 5807 οὐ
1631 5751 1989 5824 χρησμῳδός,
2033 5748 2095 5799 οὐ

2201 4923 2413 4997 μάντις,
2429 4917 2585 4997 quod
2608 4916 2856 4985 equidem
2883 4916 3059 4997 .magis
3079 4918 3277 4997 probo.

2201 4985 2216 4997 “
2262 4990 2396 5070 (69')
2429 4986 2775 5042 Desideratur
2803 4985 2897 5039 καί
2916 5003 2929 5018 ·
2957 4985 3051 5041 aut
3079 4986 3361 5057 legendum
3389 4986 3635 5060 ἐναργῶς
3674 5002 3770 5057 pro

2196 5062 2422 5113 ὲναογη.
2457 5056 2613 5111 Ent'r.

2405 5095 2422 5113 ο
2458 5072 2613 5111 ιιυιτ.

2225 5078 2290 5115 να
2329 5076 2422 5129 γη.
2458 5076 2613 5111 ιιυιτ.

2272 5077 2384 5200 (ςο)
2422 5123 2746 5200 Καί-ταῦτα
2774 5124 2828 5200 δ’
2855 5125 2932 5200 ἄν
2969 5138 3207 5200 τιςλθιο.
3242 5127 3770 5200 [hominibusque

2197 5196 2477 5268 ad'vo'ccsi
2500 5197 2618 5250 illas
2650 5196 2700 5248 οί
2734 5196 2831 5267 μὲν
2860 5197 2960 5268 τὴν
2988 5196 3305 5268 ἀκόλαστον,
3348 5198 3642 5268 desuntin
3680 5209 3769 5249 co-

2202 5273 2322 5324 dice
2352 5267 2518 5336 Regio
2558 5275 2613 5320 et
2657 5268 2706 5336 in
2733 5266 2996 5336 editione
3045 5267 3181 5321 ltub.
3228 5266 3511 5336 Stephani.
3543 5266 3767 5336 Adjecta

2199 5348 2327 5392 sunt
2357 5334 2536 5390 autem
2578 5351 2608 5387 a
2641 5335 2778 5389 viris
2805 5336 3000 5399 doctis,
3040 5351 3108 5392 ex
3154 5335 3509 5402 manuscripti
3559 5334 3770 5402 codicis

2200 5408 2326 5463 ﬁde.
2366 5405 2527 5460 Certe
2565 5403 2849 5461 Turnebus
2877 5415 2933 5459 et
2968 5406 3202 5462 Savilins
3244 5407 3295 5459 in
3328 5401 3444 5460 suis
3487 5401 3770 5458 codicibus

2200 5492 2263 5532 ea
2303 5486 2621 5546 repererunt
2658 5494 2682 5546 ι
2708 5486 2762 5527 et
2808 5490 2906 5546 nos
2949 5476 3003 5529 in
3048 5474 3415 5546 Fuk.gcodiee
3459 5477 3668 5546 cadent
3700 5471 3769 5546 ad

2203 5538 2502 5616 marginem
2547 5544 2781 5612 ascripta
2814 5545 3069 5600 vidimus.
3100 5544 3391 5616 Nisirquod
3424 5544 3595 5616 codex
3620 5538 3769 5616 Fuit.

2203 5632 2307 5686 una
2325 5610 2471 5686 ’νοω
2501 5610 2849 5686 auctiorest,
2880 5630 3003 5669 cum
3036 5617 3090 5670 in
3115 5630 3181 5671 eo
3221 5610 3432 5686 legatur
3463 5615 3574 5677 τοῖς
3613 5610 3767 5683 βασι·

2202 5683 2338 5750 ut»;
2362 5685 2584 5748 εἰκότως
2610 5682 2855 5754 ἀναθείη,
2880 5696 2984 5739 etc.
