4186 6438
422 375 566 441 “'25

1480 381 1569 437 DE
1605 381 1768 438 VITA
1805 382 2262 440 CONSTANTiNl
2301 385 2428 440 LIB.
2471 388 2563 440 Ill.

3524 401 3664 456 “‘26

416 501 628 566 τούτοις
660 501 715 554 δέ
756 500 917 556 πάλιν
948 500 1255 572 ἐγγράφους
1300 499 1572 572 παρέθετο
1628 500 1983 566 διδιιισκαλίαςἸ

2103 503 2426 570 imperatore
2460 507 2662 558 directa
2697 512 2800 568 est,
2831 506 2988 574 plena
3025 509 3335 578 modestiae;
3377 531 3480 585 qua
3510 533 3666 573 cave-

418 595 496 660 ὠς
517 595 582 648 ἂν
615 596 702 646 ἐπ’
729 592 878 663 αὐτῷ
903 591 1074 663 τούτῳ
1104 592 1242 663 πρὸς
1265 592 1359 645 τοῦ
1395 591 1530 645 Θεοῦ
1572 593 1993 665 προηγουμένως

419 685 743 747 ἀποσταλεὶς
786 682 919 753 (71),
970 683 1054 752 ἐφ’
1098 675 1144 750 ᾧ
1191 684 1398 744 πάντας
1439 682 1759 754 ἀνθρώπους
1807 683 1994 753 νόμοις

419 776 771 848 σωφροσύνης
800 774 1090 829 παιδεύειν.
1129 775 1219 828 Διὸ
1247 776 1344 828 οὐκ
1378 776 1630 845 ἀπηξίου,
1661 776 1755 828 καὶ
1786 775 1994 836 τούτοις

415 869 483 922 δι’
538 867 735 920 οἰκείου
795 866 1142 937 προσομιλεῖν
1192 867 1538 937 γράμματος,
1577 865 1884 938 προῦτρεπέ
1929 882 1990 917 τε

420 958 666 1013 σπεύδειν
699 960 791 1011 ἐπὶ
818 959 916 1028 τὴν
945 958 1040 1011 τοῦ
1083 958 1387 1028 κρείττονος
1431 958 1632 1026 γνῶσιν
1657 974 1670 987 ·
1715 955 1990 1011 κάνταῦθα

416 1051 473 1105 δέ
497 1051 565 1104 τὰ
589 1051 724 1122 ἔργα
751 1051 921 1122 ἐπῆγε
943 1053 1052 1114 τοῖς
1072 1051 1247 1118 λόγοις
1273 1050 1494 1118 ἀδελφὰ,
1525 1045 1670 1102 οἷκον
1707 1049 1988 1121 εὐκτήριον

417 1143 709 1215 ἐκκλησίας
746 1160 806 1196 τε
846 1142 1100 1213 μέγιστον
1137 1141 1246 1212 (7‘2)
1294 1143 1386 1196 καὶ
1420 1141 1568 1212 παρὰ
1601 1141 1774 1194 τοῖσδε
1811 1158 1988 1194 κατα-

410 1235 742 1306 ϐαλλόμενος
759 1251 772 1264 ³
796 1233 870 1296 ὡς
899 1233 960 1286 τὸ
991 1234 1064 1306 μὴ
1087 1235 1151 1286 ἐκ
1175 1232 1271 1286 τοῦ
1293 1233 1493 1296 παντός
1521 1250 1623 1285 που
1651 1231 1846 1296 αἰῶνος
1873 1232 1983 1303 (75)

413 1330 551 1398 ἀκοῇ
591 1327 847 1396 γνωσθὲν,
885 1325 982 1380 νῦν
1011 1325 1168 1380 τοῦτο
1193 1325 1408 1398 πρῶτον
1449 1324 1608 1402 ἔργου
1651 1325 1855 1394 τυχεῖν,
1892 1324 1986 1376 καὶ

409 1419 512 1490 τὴν
577 1419 684 1473 τῶν
751 1417 1155 1488 δεισιδαιμόνων
1217 1417 1402 1480 πόλιν,
1456 1415 1752 1486 ἐκκλησίας
1807 1413 1942 1467 Θεοῦ
1965 1455 1980 1478 ,

411 1510 792 1583 πρεσϐυτέρων
834 1529 891 1564 τε
932 1513 1025 1564 καὶ
1061 1509 1319 1562 διακόνων
1351 1506 1634 1578 ἠξιῶσθαι,
1686 1505 1762 1576 τῷ
1798 1503 1854 1557 τ”
1892 1506 1985 1557 ἐπὶ

416 1603 631 1656 πάντων
666 1602 784 1673 Θεῷ
824 1602 1118 1673 ἱερωμένον
1159 1601 1454 1654 ἐπίσκοπον
1486 1597 1593 1651 τῶν
1621 1597 1746 1668 τῇδε
1778 1613 1984 1668 προκα-

412 1692 681 1756 θέξεσθαι.
715 1691 963 1764 Προνοῶν
991 1692 1047 1744 δέ
1081 1689 1357 1745 κάνταῦθα
1405 1689 1676 1759 βασιλεὺς,
1724 1687 1874 1750 ὅπως
1916 1685 1982 1739 ἂν

414 1783 628 1848 πλείους
650 1784 925 1854 προσίοιεν
953 1783 1030 1853 τῷ
1051 1782 1213 1853 λόγῳ,
1242 1781 1311 1834 τὰ
1341 1781 1480 1851 πρὸς
1518 1779 1837 1849 ἐπικουρίαν
1869 1776 1979 1830 τῶν

2106 601 2194 646 tur
2228 609 2294 648 ne
2324 595 2616 663 quidquam
2658 611 2846 653 eorum
2891 614 3009 667 quae
3052 599 3203 669 prius
3234 603 3285 657 in
3316 620 3464 660 more
3496 610 3668 676 posita

2100 693 2276 747 erant,
2309 685 2362 737 in
2393 693 2667 752 posterum
2707 699 3086 755 praesumatur.
3133 692 3312 762 Atque
3355 696 3440 750 his
3480 692 3674 755 rursus

2099 775 2330 844 scriptas
2373 776 2521 829 misit
2555 775 2946 846 institutiones,
3000 793 3182 851 utpote
3214 787 3352 841 hanc
3400 791 3669 860 praecipue

2099 865 2169 917 ob
2199 879 2419 918 causam
2449 878 2480 917 a
2516 865 2626 920 Deo
2661 867 2986 932 destinatus,
3016 879 3072 923 ut
3102 873 3382 930 universos
3408 879 3668 936 mortales

2101 956 2474 1023 temperantiae
2504 960 2788 1027 prtecepIis
2830 960 3121 1021 imbueret.
3168 963 3437 1031 Quocirca
3485 986 3552 1024 ne
3597 973 3666 1026 ad

2100 1047 2200 1100 bos
2231 1047 2448 1114 quidem
2475 1049 2788 1104 concionari
2818 1065 2916 1120 per
2949 1052 3158 1112 litteras
3191 1059 3512 1125 dedignatus
3537 1071 3661 1130 est,

2095 1133 2399 1190 exhortans
2429 1149 2486 1191 ut
2521 1137 2588 1192 ad
2615 1138 2979 1209 cognitionem
3019 1141 3116 1198 Dei
3152 1147 3404 1204 celeriter
3435 1153 3665 1208 accede-

2097 1235 2243 1279 rent.
2289 1225 2598 1296 Statimque
2632 1227 2774 1282 facta
2827 1227 2989 1283 dictis
3044 1244 3406 1292 consentanea
3466 1240 3662 1295 ibidem

2095 1314 2320 1383 adjecit,
2355 1327 2671 1372 constructa
2697 1333 2762 1374 eo
2793 1319 2955 1374 etiam
2987 1323 3040 1374 in
3069 1321 3188 1378 loco
3213 1325 3510 1384 Christiani
3543 1331 3659 1384 cul-

2093 1413 2178 1460 tus
2203 1407 2410 1475 ingenti
2449 1407 2698 1463 basilica.
2729 1408 2883 1464 Adeo
2914 1421 2972 1464 ut
3011 1416 3152 1480 quod
3178 1416 3245 1471 ab
3276 1417 3460 1475 ultima
3492 1437 3662 1492 usque

2093 1495 2376 1550 hominum
2426 1500 2688 1554 memoria
2739 1499 2928 1555 nullibi
2979 1503 3157 1560 fuerat
3211 1509 3486 1577 auditum,
3539 1522 3664 1569 tunc

2090 1586 2322 1655 primum
2349 1603 2516 1658 opere
2548 1591 2664 1658 ipso
2695 1591 3023 1660 completum
3047 1595 3139 1664 sit,
3177 1606 3231 1651 et
3264 1599 3455 1656 civitas
3489 1603 3662 1658 homi-

2089 1693 2217 1731 num
2274 1684 2653 1748 superstitioso
2713 1685 3016 1743 daemonum
3063 1692 3229 1746 cultui
3290 1693 3650 1760 addictorum,

2086 1768 2380 1824 Ecclesiam
2414 1772 2506 1828 Dei
2550 1784 2604 1830 et
2643 1778 2986 1850 presbyteros
3038 1798 3103 1838 ac
3158 1785 3416 1840 diaconos
3461 1785 3663 1842 habere

414 1877 658 1948 πενήτων
705 1875 905 1928 έκπλεα
931 1876 1178 1945 παρεῖχε,
1212 1873 1307 1926 καὶ
1337 1871 1511 1945 ταύτῃ
1543 1869 1865 1942 προτρέπων
1893 1869 1983 1922 ἐπὶ

2093 1865 2375 1930 meruerit,
2416 1875 2472 1919 et
2511 1867 2794 1938 episcopus
2822 1886 3033 1927 summo
3069 1875 3308 1928 omnium
3336 1875 3446 1930 Deo
3469 1891 3660 1933 conse-

413 1966 510 2036 τὴν
542 1968 803 2038 σωτήριον
861 1966 1110 2019 σπεύδειν
1154 1964 1518 2027 διδασκαλίαν,
1579 1962 1858 2033 μονονουχὶ
1906 1959 1984 2031 τῷ

411 2057 569 2124 φάντι
594 2058 988 2130 παραπλησίως
1011 2056 1181 2112 εἰπὼν
1209 2057 1276 2112 ἂν
1303 2057 1396 2110 καὶ
1421 2055 1602 2118 αὑτός·
1637 2072 1656 2106 ι
1691 2053 1817 2108 Εἴτε
1847 2069 1982 2124 προ-

412 2147 593 2215 φάσει,
633 2149 728 2201 εῖτ’
775 2148 999 2220 ἀληθείᾳ
1038 2147 1272 2218 Χριστὸς
1309 2144 1779 2214 καταγγελλέσθω.
1819 2162 1840 2195 ι

2091 1965 2295 2018 cratus,
2320 1955 2438 2025 ejus
2461 1957 2565 2011 loci
2597 1959 2906 2016 hominibus
2923 1962 3083 2034 515
3109 1965 3405 2033 praefuerit.
3431 1969 3512 2022 Ad
3541 1969 3658 2024 haec

2091 2050 2386 2118 imperator
2411 2051 2638 2118 provida
2676 2066 2860 2109 mente
2889 2057 3229 2127 prospiciens
3264 2068 3324 2113 ut
3367 2062 3657 2129 quamplu-

2089 2141 2213 2195 r'imi
2268 2141 2334 2194 ad
2376 2142 2533 2196 fidem
2571 2142 2777 2199 Christi
2812 2147 3153 2214 accederent,
3195 2149 3424 2216 plurima
3459 2151 3656 2208 ibidem

411 2241 480 2294 ad
517 2240 882 2296 sublevandos
921 2253 1190 2310 pauperes
1224 2237 1452 2309 largitus
1502 2248 1624 2302 est;
1681 2239 1782 2290 hac
1843 2236 2008 2288 etiam
2068 2234 2278 2287 ratione
2313 2234 2380 2288 ad
2425 2233 2716 2289 salutarem
2758 2237 3057 2294 doctrinam
3105 2241 3349 2297 homines
3413 2243 3655 2301 alliciens

407 2342 572 2403 atque
602 2335 858 2400 invitaus,
883 2349 949 2388 ac
984 2343 1190 2387 tantum
1217 2348 1322 2388 non
1358 2331 1520 2387 verba
1593 2333 1706 2402 ipsa
1753 2329 2034 2400 proferens
2060 2327 2498 2383 Paulidicentis:
2530 2347 2548 2380 ι
2575 2326 2698 2384 Sive
2731 2345 2829 2400 per
2869 2334 3228 2400 occasionem,
3262 2337 3376 2392 sive
3402 2353 3496 2408 per
3523 2339 3664 2392 veri-

411 2438 578 2483 tatem
605 2424 857 2481 Christus
882 2423 1248 2478 annuntietur.
1282 2441 1302 2473 ι

926 2514 1321 2567 ΚΕΦΔΛΛῙΟΝ
1365 2514 1490 2566 ΝΘ.

411 2605 552 2674 Περὶ
589 2602 698 2673 τῆς
741 2604 811 2658 ἐν
862 2604 1181 2673 Ἀντιοχείᾳ
1210 2603 1284 2656 δι’
1323 2601 1661 2657 Εὐστάθιον
1689 2601 1977 2671 ταραχῆς.

493 2697 651 2752 Ἀλλά
683 2697 790 2768 γὰρ
818 2697 912 2750 ἐπὶ
947 2696 1176 2760 τούτοις,
1210 2696 1461 2750 ἀπάντων
1487 2696 1544 2747 έν
1567 2694 1855 2766 θυμηδίαις
1880 2694 1980 2766 τὴν

407 2788 554 2860 ζωὴν
581 2788 890 2857 διαγόντων,
923 2787 1022 2857 τῆς
1047 2787 1093 2839 τ’
1134 2785 1460 2858 Ἐκκλησίας
1481 2783 1574 2839 τοῦ
1602 2784 1737 2838 Θεοῦ
1771 2803 1978 2839 παντα-

404 2878 503 2948 χοῦ
553 2877 694 2932 κατὰ
750 2878 928 2930 πάντα
969 2876 1167 2948 τρόπον
1210 2875 1305 2930 καὶ
1349 2875 1502 2948 παρά
1549 2878 1712 2930 πᾶσιν
1768 2876 1976 2930 ἔθνεσιν

408 2964 1068 3041 ὁψουμένης,αὖθιςότοῖς
1099 2967 1285 3031 καλοῖς
1315 2967 1618 3040 ἐφεδρεύων
1640 2967 1850 3038 φθόνος,
1882 2968 1982 3020 ἐπ-

409 3058 653 3131 ηλείφετο
669 3059 804 3130 (75')
821 3061 885 3130 τῇ
897 3057 1004 3110 τῶν
1022 3058 1287 3112 τοσούτων
1308 3058 1522 3127 ἀγαθῶν
1538 3057 1830 3130 εὐπραγίᾳ,
1845 3063 1985 3128 τάχα

2666 2506 2895 2564 CAPUT
2935 2509 3071 2565 LIX.

2090 2595 2167 2650 De
2206 2595 2436 2650 tumultu
2469 2595 2759 2652 Antiochia:
2793 2610 3007 2665 propter
3037 2598 3375 2656 Eustathium
3408 2613 3653 2659 excatalo.

2157 2687 2356 2744 Verum
2381 2689 2660 2744 enimvero
2693 2705 2812 2744 cum
2845 2693 2913 2747 ob
2945 2694 3061 2748 haec
3100 2709 3292 2750 omnes
3344 2695 3397 2748 in
3445 2711 3654 2752 summa

2085 2779 2360 2836 hilaritate
2399 2781 2567 2836 vitam
2595 2792 2837 2852 agerent,
2871 2794 2924 2838 et
2954 2784 3192 2840 Ecclesia
3227 2786 3317 2840 Dei
3351 2788 3491 2854 apud
3526 2804 3661 2843 cun-

2085 2881 2202 2928 ctas
2226 2873 2428 2943 ubique
2451 2883 2637 2942 gentes
2657 2875 2908 2930 omnibus
2938 2878 3113 2933 modis
3129 2879 3504 2946 extolleretur,
3540 2897 3661 2936 rur-

2087 2976 2180 3016 sus
2206 2962 2472 3017 daemonis
2497 2963 2656 3027 livor,
2679 2963 2769 3031 qui
2797 2963 2952 3018 bonis
2984 2979 3198 3036 semper
3230 2967 3455 3023 insidias
3475 2971 3656 3030 struit,

2091 3053 2352 3110 adversus
2381 3061 2589 3107 tantam
2622 3068 2804 3108 rerum
2850 3065 3158 3111 nostrarum
3203 3058 3514 3118 felicitatem
3543 3075 3660 3116 ca)-

406 3150 536 3204 ποτέ
565 3151 657 3204 καὶ
689 3149 848 3203 αὐτὸν
881 3149 1086 3202 ἀλλοῖον
1121 3147 1340 3202 ἔσεσθαι
1395 3148 1619 3218 βασιλέα
1663 3149 1792 3219 περὶ
1829 3149 1974 3218 ἡμᾶς

2075 3146 2156 3215 pit
2202 3145 2514 3214 insurgere,
2571 3156 2723 3202 ratus
2779 3148 3160 3217 imperatorem
3213 3152 3529 3206 tumultibus
3558 3169 3657 3207 no-

403 3240 772 3303 ὑποπτεύσας,
796 3230 1200 3292 ἁποκναίσοίντα
1236 3240 1354 3300 ταῖς
1391 3236 1684 3308 ἡμετέραις
1712 3237 1977 3306 ταραχαῖς

410 3351 463 3387 τε
493 3333 588 3386 καὶ
627 3331 937 3402 ἀκοσμίαις.
989 3329 1258 3396 Μέγιστον
1297 3328 1342 3379 δ’
1368 3323 1460 3382 οὖν
1500 3328 1705 3398 ἐξάψας
1749 3327 1974 3397 πυρσὸν,

404 3423 501 3496 τὴν
575 3421 889 3492 Ἀντιοχέων
935 3419 1266 3487 Ἐκκλησίαν
1305 3422 1592 3490 τραγικαῖς
1652 3419 1976 3490 διελάμϐανε

406 3515 730 3584 συμφοραῖς,
764 3511 839 3572 ὡς
886 3508 1080 3582 μικροῦ
1126 3510 1225 3581 τὴν
1276 3511 1454 3562 πᾶσαν
1489 3511 1553 3563 ἐκ
1597 3510 1811 3582 βάθρων
1845 3513 1977 3564 ἀνα-

405 3599 675 3671 τραπῆναι
739 3598 911 3652 πόλιν·
977 3601 1056 3662 εἰς
1106 3596 1199 3651 δύο
1268 3597 1366 3668 μὲν
1423 3598 1532 3669 γὰρ
1596 3601 1859 3671 τμήματα
1900 3602 1978 3655 δι·-

406 3689 576 3762 ῄρητο
606 3689 718 3762 (74)
763 3692 791 3742 ό
823 3689 922 3759 τῆς
965 3689 1292 3760 Ἐκκλησίας
1315 3689 1466 3753 λαὸς,
1494 3689 1555 3742 τὸ
1589 3690 1646 3744 δὲ
1673 3691 1848 3745 κοινὸν
1877 3693 1976 3763 τῆς

404 3784 611 3848 πόλεως
634 3785 816 3846 αὐτοῖς
841 3783 1066 3855 ἄρχουσι
1104 3784 1197 3837 καὶ
1230 3785 1638 3855 στρατιωτικοῖς
1668 3784 1777 3854 (75)
1815 3785 1973 3838 πολε-

405 3878 546 3948 μίων
571 3877 768 3948 τρόπον
798 3877 890 3930 ἐπὶ
911 3874 1159 3931 τοσοῦτον
1183 3875 1560 3946 ἀνακεκίνητο,
1586 3876 1661 3940 ὼς
1681 3877 1775 3930 καὶ
1803 3877 1974 3946 ξιφῶν

407 3969 620 4040 μέλλειν
654 3967 940 4031 ἅπτεσθαι,
1001 3969 1050 4021 εί
1098 3968 1172 4040 μὴ
1216 3967 1352 4021 Θεοῦ
1405 3985 1488 4031 τις
1529 3968 1821 4038 ἐπισκοπὴ,
1855 3970 1884 4022 ὅ
1913 3986 1974 4022 τε

405 4059 556 4132 παρά
587 4059 846 4131 βασιλέως
880 4059 1063 4130 φόϐος,
1095 4059 1196 4124 τὰς
1233 4057 1331 4111 τοῦ
1385 4057 1624 4129 πλήθους
1667 4058 1974 4112 ἀνέστειλεν

477 4257 588 4326 ('ll)
627 4255 1088 4326 Προητουμένως
1153 4253 1551 4326 ἀποσταλείς.
1604 4251 1832 4326 Ultima
1865 4268 1971 4326 vox

405 4328 556 4383 deest
573 4323 636 4380 in
672 4323 1039 4394 inaniiscripto
1065 4326 1251 4390 Regio,
1270 4333 1325 4378 et
1351 4324 1402 4376 in
1425 4325 1662 4394 editione
1687 4323 1970 4394 Stephani.

401 4397 581 4462 Quare
603 4397 892 4450 videndum
914 4391 996 4449 est
1014 4411 1078 4446 ne
1097 4395 1571 4462 potiuslegendum
1599 4393 1669 4446 sit
1689 4391 1969 4462 προηγμέ-

2079 3236 2210 3290 stris
2257 3245 2313 3291 et
2370 3236 2658 3291 insolentia
2717 3246 3118 3306 exasperatum,
3155 3240 3392 3296 alienato
3440 3243 3653 3298 tandem

2078 3341 2209 3395 erga
2243 3341 2344 3382 nos
2382 3328 2565 3383 animo
2614 3328 2866 3383 fortassis
2899 3329 3166 3388 futurum.
3216 3332 3450 3389 Maximo
3487 3336 3656 3406 igitur

2078 3417 2331 3472 inccndio
2357 3418 2615 3483 conflato,
2641 3419 3109 3473 Antiocheam-um
3144 3417 3447 3477 Ecclesiam
3485 3427 3654 3496 tragi-

2077 3507 2155 3562 cis
2189 3509 2510 3577 quibnsdam
2545 3511 2950 3564 calamitatibus
2981 3511 3247 3579 implevit,
3309 3513 3442 3567 adeo
3471 3527 3527 3568 ιιι
3556 3531 3653 3584 pa-
3709 3566 3716 3572 .

2077 3615 2195 3653 rum
2228 3599 2466 3654 abfuerit
2494 3601 2624 3670 quin
2657 3610 2766 3656 tota
2793 3599 3041 3655 funditus
3066 3601 3258 3656 civitas
3287 3605 3654 3660 subvertere-

2077 3701 2165 3745 tur
2190 3731 2208 3756 ,
2244 3693 2440 3761 quippe
2467 3707 2587 3747 cum
2617 3693 2845 3763 populus
2893 3693 3111 3763 quidem
3143 3695 3398 3750 Ecclesia:
3434 3697 3570 3751 duas
3597 3699 3650 3751 in

2077 3791 2254 3850 partes
2285 3783 2490 3850 divisus
2544 3793 2714 3849 esset,
2773 3785 2983 3854 reliqua
3026 3795 3207 3840 autem
3242 3785 3435 3842 civitas
3487 3788 3651 3843 simul

2077 3888 2196 3928 cum
2227 3873 2632 3943 magistratibus
2671 3890 2735 3930 ac
2763 3874 3046 3939 militibus,
3086 3876 3269 3931 hostili
3319 3879 3478 3934 modo
3508 3880 3652 3934 inter

2075 3978 2134 4019 se
2165 3963 2470 4028 dissideret,
2518 3973 2846 4035 ventumque
2874 3979 3016 4023 esset
3044 3971 3112 4022 ad
3150 3968 3377 4039 gladios,
3417 3973 3518 4025 nisi
3560 3973 3647 4027 di-

2072 4053 2200 4108 vina
2233 4052 2608 4122 Providentia,
2639 4065 2692 4110 et
2719 4057 3064 4127 imperatoris
3088 4068 3285 4125 metus,
3323 4060 3499 4130 plebis
3539 4063 3644 4117 im-

2073 4258 2228 4326 erant
2257 4249 2577 4326 Christiani,
2615 4253 2708 4308 sed
2743 4269 2933 4326 omnes
2975 4258 3182 4326 pariter
3229 4259 3520 4316 simulacra
3552 4277 3646 4318 ve-

2072 4319 2424 4375 nerabantur.
2472 4322 2660 4397 Itaque
2725 4319 3122 4397 ecclesia'haec
3175 4326 3434 4397 Heliopoli
3505 4346 3641 4386 con-

2072 4400 2281 4468 structa
2311 4399 2394 4444 est
2427 4407 2456 4444 a
2490 4391 2934 4468 Constantiuoin
2965 4411 3113 4464 spem
3161 4391 3355 4468 potius:
3381 4414 3539 4468 quam
3567 4404 3642 4456 ob

400 4483 539 4540 νωςᾷ
564 4463 759 4540 Yerum
789 4481 910 4540 cum
965 4464 1442 4540 scripticodicesA
1465 4463 1724 4540 Turnebi,
1774 4462 1964 4515 δυναἱί
2000 4487 2042 4540 D
2074 4462 2560 4540 necessitatemuut
2589 4463 2973 4540 scilicet_cives
2994 4462 3186 4540 olnn‘es
3213 4469 3280 4540 ad
3317 4462 3643 4527 Christianas

403 4551 467 4589 ac
502 4533 713 4590 Fuketii
764 4535 1084 4601 scripturam
1113 4533 1362 4587 editionis
1404 4532 1736 4587 Genevensis
1777 4545 1968 4586 tuean-

404 4615 511 4664 tur.
547 4619 664 4658 eam
701 4604 893 4656 merito
923 4605 1257 4656 retinendam
1291 4615 1510 4656 censeo.

475 4675 585 4744 (72)
628 4669 803 4726 Οἷκον
840 4670 1154 4744 εὐκτήριον
1183 4671 1537 4744 ἐκκλησίας⁵
1555 4687 1619 4723 τε
1656 4669 1961 4744 μέγιστον.

403 4734 519 4797 Non
567 4734 754 4796 dubito
801 4743 927 4811 quin
975 4734 1322 4811 scribendum
1360 4734 1436 4811 sit
1485 4734 1962 4811 οἴκονεύκτὴριον

401 4813 722 4884 ἐκκλησίας,
759 4810 893 4865 νεών
939 4828 1001 4863 τε
1049 4809 1462 4884 μέγιστοι-δίο
1507 4811 1652 4884 eni_m
1699 4809 1960 4884 Eusebius

402 4875 568 4952 loqui'
590 4885 760 4946 solet,
794 4875 1061 4952 utsupra'
1090 4875 1290 4952 notavi.
1321 4879 1385 4933 Et
1431 4894 1532 4952 per
1563 4875 1710 4932 οἷκον
1743 4881 1958 4947 quidem

400 4947 706 5024 εὐκτήριον,
731 4947 1006 5024 basilica—tn
1033 4949 1310 5018 intelligit;
1336 4964 1435 5024 per
1449 4947 1584 5024 νεὼν
1606 4964 1763 5024 vero,
1789 4957 1956 5024 totum

400 5019 645 5079 ecclesiae
679 5023 936 5074 ambitum
974 5031 1030 5073 et
1057 5026 1394 5087 conseptum,
1422 5019 1472 5072 id
1500 5028 1585 5073 est
1611 5019 1958 5083 vestibulum,

400 5093 622 5158 atrium,
650 5091 910 5160 porticus,
932 5090 1178 5160 exedras,
1193 5088 1526 5160 baptisteria,
1545 5095 1600 5160 et
1620 5089 1824 5156 reliqua
1841 5105 1962 5160 quae

401 5155 794 5218 basilicis—addi
821 5158 1088 5214 solebant.
1115 5157 1171 5211 In
1200 5155 1384 5214 codice
1408 5157 1546 5212 Fuit.
1573 5155 1787 5227 legitur,
1811 5155 1960 5211 οἷκον

399 5234 688 5304 είικτήριονΔ
715 5229 1007 5304 ἐκκλησίας
1039 5227 1310 5304 μέγιστον.

471 5248 681 5304 ιιτηριον
715 5248 1007 5353 εκκΑησιας
1039 5248 1310 5309 μεγιστον.
1630 5295 1654 5306 -

471 5303 581 5372 (75)
627 5299 696 5355 Τὸ
727 5299 813 5372 μὴ
887 5317 928 5372 κῃ
972 5315 1082 5372 του
1124 5297 1348 5362 παντός
1393 5311 1510 5372 που
1555 5299 1789 5372 αἰῶνος.
1840 5295 1958 5372 Non

399 5369 674 5427 immerito
707 5371 828 5439 quis
859 5369 1044 5424 mirari
1077 5377 1258 5439 potest
1301 5383 1398 5421 cur
1447 5369 1708 5420 Eusebius
1755 5370 1857 5421 hoc
1887 5369 1958 5420 ah

400 5444 546 5497 omni
575 5456 688 5496 aevo
719 5437 1014 5494 inauditum
1053 5453 1176 5492 esse
1209 5437 1372 5499 dicat,
1417 5439 1558 5506 quod
1593 5438 1724 5490 urbs
1768 5452 1957 5505 super-

2061 5365 2146 5418 κίν

2072 4529 2352 4604 religionis
2383 4529 2772 4604 professionem
2799 4533 3076 4588 invitaret.
3107 4533 3278 4590 Paulo
3306 4549 3428 4604 post
3460 4540 3512 4592 in
3546 4558 3640 4594 eo-

2066 4598 2186 4675 dice
2215 4598 2350 4675 Fuk.
2382 4602 2574 4675 legitur
2616 4600 2776 4675 ἔργου
2820 4605 3024 4672 τυχεῖν,
3054 4606 3255 4659 rectius
3287 4598 3451 4675 quam
3495 4622 3550 4662 ut
3585 4612 3636 4665 in

2069 4668 2303 4740 vulgatis
2331 4668 2660 4740 editionibus
2684 4671 2863 4740 ἔργον.

2136 4736 2272 4814 (ιτς)
2311 4736 2880 4814 ,Ἐπηλείφετοξ-Άιίἰ
2911 4741 3258 4814 ἐπηγείρετο,
3295 4755 3353 4800 ιιι
3384 4757 3440 4802 et
3471 4749 3640 4804 inter-

2063 4809 2190 4876 pres
2221 4809 2418 4878 legisse
2451 4811 2683 4878 videtur.
2715 4811 2869 4866 Ειιιτ.

2133 4877 2850 4954 (Ἱιξλνιιιίς.-διαιρεῖσθαι.
2911 4879 3050 4954 Lego
3089 4883 3482 4954 διαιρεθέντων
3525 4888 3636 4942 τῶν

2063 4946 2164 5017 τῆς
2208 4947 2534 5017 Ἐκκλησίας
2569 4948 2736 5013 λαῶν,
2780 4953 2920 5018 quod
2970 4946 3256 5008 confirmat
3289 4958 3544 5011 Socrates
3582 4963 3632 5012 in

2063 5017 2202 5071 libro
2236 5034 2282 5075 ι.
2317 5033 2433 5075 can.
2467 5020 2556 5072 ‘24.
2595 5017 2789 5073 Verum
2827 5029 2970 5074 totus
3020 5023 3170 5075 locus
3215 5039 3281 5075 ex
3316 5043 3447 5075 mss.
3480 5029 3632 5075 colli--

2063 5029 2202 5071 nuro
2236 5034 2282 5076 ι,
2317 5033 2433 5087 cap.
2467 5029 2556 5072 24.
2596 5029 2789 5073 Verum
2827 5029 2970 5074 totus
3020 5029 3170 5077 locus
3215 5039 3281 5078 ex
3316 5043 3447 5080 mss.
3480 5029 3633 5082 cudi--

2063 5087 2216 5140 cibus
2241 5085 2405 5149 Fult.,
2435 5089 2619 5142 Savilii
2647 5104 2712 5141 ac
2737 5087 2974 5145 Turnebi
3002 5092 3073 5146 ita
3109 5095 3474 5150 restituendus
3505 5107 3629 5150 est:

2060 5154 2154 5239 βίς
2187 5157 2293 5239 δύο.
2316 5157 2414 5239 μέν
2444 5156 2556 5239 γὰρ
2574 5159 3084 5239 τμηματαβιῄρητο
3117 5163 3272 5239 esea;
3310 5165 3634 5239 Ἐκκλησίας

2060 5224 2215 5289 λαός.
2246 5224 2388 5311 τὸδὲ
2407 5224 2737 5313 ,κοινδντῆς
2769 5224 2975 5313 πόλεως
3009 5224 3205 5313 ἰαύτοῖς
3229 5224 3508 5313 ’ἀρχουσιί
3539 5224 3633 5290 καῖ

2062 5296 2436 5370 στρατιώταις,
2478 5296 2752 5367 πολεμίων
2783 5299 2984 5370 τρόπον
3011 5304 3104 5354 ἐπὶ
3144 5296 3394 5356 τοσοῦτ’ον
3435 5303 3632 5359 ἀνακε-

2128 5383 2495 5510 ἱῖἒῗἈὺτοῒς
2540 5437 2800 5506 ἄρχουσι
2847 5440 2946 5493 καὶ
2994 5442 3455 5510 στρατιωτικοῖς.
3489 5440 3628 5498 Male

2057 5503 2587 5578 Ch'ris'tophorsouus'
2615 5503 2805 5563 milites
2828 5503 3188 5578 prmididrios
3221 5503 3628 5567 vertitftllilites

2056 5577 2553 5644 enimpraesidiarii
2587 5579 2638 5630 in
2673 5577 2868 5634 castris
2907 5592 3095 5642 erant,
3140 5597 3243 5633 non
3286 5583 3337 5632 in
3385 5582 3625 5634 civitati-

2054 5643 2175 5719 bus.
2206 5643 2454 5719 intelligo
2495 5647 2660 5719 igitur
2687 5650 2948 5704 militares
2998 5650 3089 5717 qui
3133 5649 3328 5703 militia
3358 5652 3624 5719 perfuncti

2055 5712 2326 5842 fuerant
2363 5712 2492 5798 item
2518 5712 2784 5775 ofﬁciales
2834 5712 3050 5776 comitis
3083 5712 3446 5788 Orientisfet
3488 5734 3626 5774 cou-

2058 5799 2118 5839 su
2145 5801 2258 5842 arts
2329 5801 2482 5842 vmc.

2058 5799 2258 5842 solaris
2288 5799 2482 5857 byn-nc.

401 5514 617 5566 stitioso
647 5513 946 5565 daemonum
995 5509 1161 5561 cultui
1197 5506 1376 5561 dedita
1423 5506 1707 5560 ecclesiam
1739 5515 1794 5560 et
1842 5507 1957 5574 epi-

403 5597 620 5650 sc0pum
649 5580 932 5648 acceperit.
980 5575 1037 5632 ld
1065 5578 1207 5650 enim
1243 5577 1360 5650 aliis
1399 5591 1610 5650 quoq_ue
1641 5575 1866 5650 urbibus
1891 5591 1957 5632 eo

399 5645 643 5718 tempore
691 5645 1012 5718 contigerat.
1046 5647 1174 5718 iSed
1242 5647 1473 5718 fortasse
1523 5645 1789 5718 Eusebius
1825 5647 1955 5718 _hoc

402 5714 594 5774 novum
621 5729 675 5775 et
711 5714 1004 5772 inauditum
1039 5717 1204 5771 fuisse
1235 5717 1502 5787 intelligit,
1537 5714 1953 5787 quoduecclesia

400 5789 493 5845 Dei
527 5792 580 5845 iu
605 5805 668 5846 ea
695 5789 826 5845 urbe
851 5798 1158 5844 constructa
1187 5798 1351 5854 esset,
1383 5783 1434 5841 in
1469 5783 1572 5858 qua
1605 5783 1740 5840 uulli
1779 5785 1953 5841 adhuc
