4186 6434
565 339 701 396 ΝΕΞἸ

1267 337 1540 394 EUSEBII
1578 334 2055 393 CASSARIENSIS
2093 333 2243 391 OPP.
2288 334 2469 390 PARS
2507 335 2546 389 Ι.
2587 365 2657 375 -—
2695 333 3086 391 lllSTORlCA.

3697 337 3841 392 Ηἒὸ

565 467 750 528 petum
778 455 1190 526 repressissent.
1209 457 1388 525 Atque
1410 455 1500 510 hic
1541 471 1729 511 rursus
1751 455 2013 525 principis
2039 469 2143 508 eie-

2255 455 2448 523 ὀρμάς.
2481 454 2650 506 Πάλιν
2690 452 2737 504 θ’
2769 455 2802 523 ή
2831 453 3090 522 βασιλέως
3115 451 3451 517 ἀνεξικακία,
3479 450 3636 522 δίκην
3662 453 3844 522 Σωτῆ-

566 552 792 616 mentia,
844 551 1017 605 instar
1043 549 1356 604 Servatoris
1383 549 1432 604 ei
1468 548 1778 602 animorum
1815 546 2034 612 medici,

565 643 677 710 gris
696 641 1004 696 hominibus
1030 639 1357 694 medicinam
1378 639 1645 696 orationis
1661 638 2147 707 adhibuit.Quippe

567 748 735 787 unum
757 747 823 788 ex
855 733 922 786 iis
951 745 1088 800 quos
1121 730 1270 785 circa
1295 745 1353 786 se
1377 741 1653 799 Spectatos
1680 731 1937 793 habebat,
1969 734 2144 784 comi-

567 825 638 879 tis
667 824 873 878 honore
927 823 1269 886 decoratum,
1325 822 1599 876 hominem
1652 820 2052 884 fidelissimum,
2083 837 2148 872 (ιι)

567 913 740 978 ιιιίείι,
784 911 994 982 plebem
1039 910 1196 980 quasi
1238 911 1510 980 legatione
1560 910 1759 965 blanda
1789 911 2144 978 compellans.

563 1005 808 1076 Aliisque
832 1019 998 1076 super
1042 1004 1182 1059 alias
1230 1003 1454 1073 scriptis
1481 1004 1704 1068 litteris,
1761 1003 2009 1057 hortatus
2065 1013 2149 1057 est

565 1113 660 1153 eos
689 1107 750 1152 ut
789 1098 908 1166 paci
966 1099 1273 1156 studerent,
1325 1098 1524 1153 docens
1574 1112 1679 1166 qua
1711 1097 1923 1150 ratione
1950 1096 2148 1151 divinae

568 1190 817 1261 religioni
848 1190 1204 1260 congruentia
1231 1199 1508 1259 gererent.
1545 1188 1624 1242 Ac
1668 1188 1884 1242 tandem
1915 1189 1980 1243 iis
2021 1204 2144 1257 pcr-

568 1281 764 1347 suasit,
822 1279 1219 1347 excusavitque
1270 1292 1366 1332 eos
1406 1277 1459 1330 in
1493 1278 1608 1332 suis
1641 1275 1861 1338 litteris,
1893 1289 2148 1329 asserens

565 1387 628 1429 se
663 1387 849 1428 coram
878 1370 1319 1440 audiisseipsum
1353 1370 1446 1438 qui
1489 1369 1654 1424 totius
1708 1368 1993 1423 seditionis
2051 1382 2148 1421 an-

565 1472 687 1520 ctor
714 1463 932 1519 fuisset.
994 1462 1177 1531 Atque
1206 1463 1306 1516 has
1353 1462 1468 1528 ejus
1511 1459 1770 1530 epistolas
1799 1474 1904 1513 non
1937 1457 2142 1529 vulgari

567 1556 816 1612 doctrina
852 1563 908 1609 et
939 1553 1173 1609 utilitate
1194 1553 1445 1617 refertas,
1487 1553 1589 1608 hoc
1613 1552 1728 1606 loco
1750 1553 2142 1620 apposuissem,

567 1648 672 1703 nisi
705 1648 814 1703 reis
848 1647 1160 1717 ignominiaa
1189 1655 1371 1701 notam
1411 1646 1714 1698 inurerent.
1746 1643 2013 1709 Quocirca
2046 1643 2147 1696 has

566 1742 788 1812 quidem
822 1742 1188 1811 impraesentia
1213 1742 1482 1804 omittam,
1523 1738 1726 1807 quippe
1753 1737 1847 1805 qui
1879 1737 2142 1792 malorum

571 1835 888 1889 memoriam
919 1834 1335 1903 haudquaquam
1357 1845 1620 1887 renovare
1645 1829 2019 1885 decreverim:
2053 1844 2146 1883 eas
2180 1815 2221 1868 Β

569 1940 701 1980 vero
739 1925 885 1980 solas
936 1925 1024 1980 hic
1063 1925 1327 1988 inseram,
1357 1939 1494 1994 quas
1540 1922 1629 1978 ille
1659 1923 1727 1977 de
1755 1921 1984 1976 aliorum
2015 1937 2146 1988 pace

567 2027 624 2070 et
649 2016 938 2071 concordia
973 2015 1140 2087 516
1172 2017 1413 2087 gaudens
1467 2025 1524 2070 et
1581 2013 1861 2085 gratulans
1907 2016 2147 2068 conscri-

565 2107 699 2176 psit.
733 2105 938 2172 Quibus
973 2109 1191 2177 quidem
1227 2107 1422 2163 litteris
1452 2108 1706 2162 hortatur
1731 2121 1850 2170 eos,
1904 2115 1963 2159 ut
2013 2105 2147 2160 alte-

567 2199 682 2251 rius
717 2197 821 2251 loci
879 2199 1182 2254 antistitem
1220 2239 1237 2264 ,
1287 2199 1441 2269 cujus
1490 2199 1803 2252 interventu
1843 2210 2029 2264 pacem
2065 2196 2148 2249 in-

565 2299 650 2343 ter
673 2303 731 2343 se
765 2289 1044 2355 fecissent,
1093 2305 1438 2359 nequaquam
1488 2288 1591 2344 sibi
1614 2288 1896 2342 vindicare
1927 2287 2096 2342 velint
2129 2305 2143 2340 :

565 2381 659 2434 sed
694 2380 872 2450 potius
899 2381 1057 2450 juxta
1119 2379 1377 2436 Ecclesia:
1426 2381 1614 2444 ritum,
1647 2393 1771 2434 eum
1829 2379 2142 2448 episcupuni

2253 560 2344 615 ρος
2395 544 2488 596 καὶ
2529 543 2718 613 ψυχῶν
2773 542 2982 614 ἰατροῦ,
3028 543 3128 605 τὰς
3183 541 3271 594 διὰ
3327 541 3500 610 λόγων
3539 540 3840 613 θεραπείας

2252 637 2496 708 προσῆγε
2546 639 2660 700 τοῖς
2705 635 3038 707 νενοσηκόσι·
3085 635 3500 702 διεπρεσϐεύετο
3549 635 3685 706 δῆτα
3725 640 3845 700 τοῖς

2250 731 2398 794 λαοῖς
2443 730 2829 800 ἡμερωτέρως,
2883 729 2992 781 τῶν
3045 730 3178 798 παρ’
3229 726 3378 798 αὑτῷ
3435 725 3696 797 δοκίμων,
3742 731 3845 782 καὶ

2250 824 2315 892 τῇ
2367 819 2476 873 τῶν
2543 822 2799 892 κομήτων
2858 819 2983 888 ἀξία
3039 820 3420 891 τετιμημένων
3480 819 3690 892 ἀνδρῶν
3747 821 3844 874 τὸν

2253 912 2571 965 πιστότατον
2621 913 2942 983 ἐκπέμψας·
2979 916 3194 984 φρονεῖν
3231 929 3291 965 τε
3334 913 3404 966 τὰ
3443 912 3582 982 πρὸς
3617 913 3846 984 εἰρήνην

2252 1002 2572 1074 ἐπαλλήλοις
2618 1005 2852 1076 παρῄνει
2893 985 3235 1076 γράμμασιν,
3271 1005 3522 1060 ἐδίδασκέ
3559 1022 3620 1057 τε
3662 1007 3847 1076 πράτ-

2250 1112 2363 1148 τειν
2399 1094 2679 1164 θεοσεϐείᾳ
2703 1096 3040 1167 πρεπόντως·
3072 1096 3258 1151 ἔπειθέ
3299 1113 3358 1150 τε
3385 1099 3478 1151 καὶ
3520 1097 3846 1166 ἀπελογεῖτο

2249 1189 2314 1243 δι’
2366 1182 2440 1243 ὧν
2487 1189 2623 1260 πρὸς
2670 1189 2866 1252 αὐτοὺς
2919 1188 3176 1259 ἔγραφεν,
3213 1189 3288 1254 ὡς
3313 1189 3408 1242 τοῦ
3447 1190 3546 1261 τῆς
3597 1190 3844 1254 στάσεως

2250 1281 2424 1334 αἰτίου
2476 1280 2782 1351 διακηκοὼς
2841 1279 2952 1351 (76)
3001 1281 3162 1344 αὐτὸς
3215 1283 3322 1352 εἴη.
3376 1281 3486 1334 Καὶ
3540 1281 3746 1345 ταύτας
3792 1282 3840 1335 δ’

2250 1371 2411 1426 αὑτοῦ
2436 1375 2536 1436 τὰς
2564 1373 2874 1436 ἐπιστολὰς,
2901 1374 2964 1426 οὐ
2987 1374 3090 1444 τῆς
3113 1375 3382 1444 τυχούσης
3411 1373 3747 1436 παιδεύσεως
3779 1390 3842 1428 τε

2249 1464 2343 1517 καὶ
2387 1463 2651 1532 ὠφελείας
2697 1463 2944 1536 πλήρεις,
3003 1465 3319 1537 παρεθέμην
3349 1466 3416 1519 ἂν
3448 1467 3539 1518 ἐπὶ
3575 1465 3669 1518 τοῦ
3697 1483 3842 1536 παρ-

2247 1556 2420 1620 όντος,
2447 1557 2496 1608 εἰ
2556 1557 2633 1627 μὴ
2659 1555 2912 1628 διαϐολήν
2949 1557 3154 1628 ἐπῆγον
3176 1559 3289 1622 τοῖς
3319 1557 3833 1630 κατηγορουμένοις·

2247 1647 2329 1701 διὸ
2366 1646 2569 1710 ταύτας
2604 1647 2702 1718 μέν
2732 1647 3095 1719 ἀναϐήσομαι,
3139 1649 3331 1719 κρίνας
3373 1650 3446 1720 μὴ
3479 1647 3837 1703 ἀνανεοῦσθαι

2249 1735 2436 1790 κακῶν
2473 1739 2714 1808 μνήμην,
2753 1737 2920 1807 μόνας
2951 1739 3008 1792 δὲ
3055 1738 3276 1808 συνάψω
3315 1738 3394 1809 τῷ
3434 1738 3598 1809 λόγῳ,
3644 1737 3710 1802 ἃς
3744 1739 3841 1792 ἐπὶ

2249 1831 2516 1901 συναφεία
2560 1829 2654 1882 καὶ
2697 1828 2886 1899 εἰρήνῃ
2937 1829 3044 1881 τῶν
3089 1828 3264 1883 ἄλλων
3292 1828 3696 1900 εὐθυμούμενος
3723 1829 3835 1896 (77)

2250 1919 2573 1992 συνέγραψε·
2619 1919 2686 1972 δι’
2721 1912 2796 1972 ὧν
2849 1919 3083 1992 παρῄνει
3120 1918 3400 1990 ἀλλοτρίου
3439 1920 3536 1990 μὲν
3577 1918 3836 1991 ἄρχοντος

2249 2015 2333 2081 ἐφ’
2446 2014 2544 2078 τὴν
2577 2013 2799 2084 εἰρήνην
2827 2013 3142 2081 πεποίηντο,
3187 2011 3453 2082 μηδαμῶς
3497 2011 3700 2065 ἐθέλειν
3749 2030 3841 2082 με-

2247 2105 2622 2169 ταποιεῖσθαι,
2665 2105 2854 2176 θεσμῷ
2896 2105 2940 2157 δ’
2986 2104 3278 2173 ἐκκλησίας
3329 2103 3517 2157 τοῦτον
3563 2104 3838 2176 αἱρεῖσθαι

2248 2199 2501 2270 ποιμένα.
2526 2198 2584 2251 ὃν
2610 2197 2770 2261 αὐτὸς
2804 2197 3133 2262 ἀναδείξειεν
3155 2199 3182 2251 ὁ
3209 2197 3385 2260 κοινὸς
3414 2197 3520 2250 τῶν
3545 2197 3680 2250 ὅλων
3711 2199 3838 2250 Σω-

2252 2288 2380 2359 τήρ.
2410 2288 2615 2358 Γράφει
2645 2287 2702 2340 δὲ
2731 2285 2878 2357 αὐτῷ
2917 2303 2976 2339 τε
3014 2285 3091 2355 τῷ
3113 2285 3224 2357 λαῷ
3254 2287 3347 2338 καὶ
3374 2289 3487 2348 τοῖς
3516 2279 3838 2349 ἐπισκόποις

2252 2381 2524 2454 διαφόρως
2551 2382 2619 2434 τὰ
2652 2381 3074 2450 ὑποτεταγμένα
3091 2393 3105 2407 ⁸

563 2471 788 2539 eligant,
820 2487 980 2540 quem
1016 2473 1129 2541 ipse
1155 2474 1458 2530 communis
1489 2472 1736 2528 omnium
1785 2471 2046 2527 Servator
2103 2475 2493 2546 designaverit.
2526 2475 2728 2530 Scribit
2752 2485 2936 2528 autem
2969 2483 3080 2527 tum
3142 2473 3209 2528 ad
3261 2475 3540 2542 populum,
3596 2483 3706 2527 tum
3768 2474 3839 2528 ad

564 2563 868 2633 episcopos,
893 2564 1006 2618 haec
1029 2579 1147 2633 quae
1178 2572 1514 2632 sequuntur:

1157 2654 1386 2712 CAPUT
1421 2653 1537 2709 LX.

597 2745 930 2802 Constantini
963 2748 1183 2814 epistola
1217 2748 1286 2802 ad
1318 2747 1690 2813 Antiocltenos,
1728 2764 1792 2803 ηε
1817 2747 2105 2804 Eusebium

637 2817 882 2871 Caesarea
919 2818 1311 2882 abstraherent,
1339 2819 1429 2872 sed
1463 2829 1516 2870 ut
1544 2817 1707 2870 alium
1753 2830 2068 2887 qua’rereut.

640 2923 661 2959 ι
708 2904 895 2960 Victor
939 2905 1331 2963 Constantinus
1380 2906 1675 2975 Maximus,
1709 2907 2015 2978 Augustus,
2051 2923 2146 2977 po-

554 2995 684 3067 pulo
710 2995 1082 3053 Antiochensi.

638 3100 661 3137 e
697 3083 868 3151 Quam
900 3099 1055 3156 grata
1103 3093 1184 3141 est
1207 3093 1261 3140 et
1282 3101 1441 3156 quam
1469 3087 1706 3158 jucunda
1739 3088 1952 3144 cunctis
1983 3090 2144 3157 hujus

564 3174 747 3229 saeculi
807 3175 1164 3243 prudentibus
1232 3193 1296 3233 ac
1363 3181 1700 3248 sapientibus
1759 3181 1894 3235 viris
1954 3191 2133 3236 vestra

563 3267 876 3321 concordia.
906 3266 1020 3338 Ego
1054 3277 1202 3324 certe
1255 3285 1374 3337 vos,
1419 3272 1636 3335 fratres,
1676 3273 2013 3343 sempiterna
2044 3273 2140 3329 he-

2790 2653 3186 2707 ΚΕΦΛΛΑΙΟΝ
3224 2650 3297 2705 Ξ’.

2251 2747 2707 2802 Κωνσταντίνου
2736 2746 2887 2813 πρὸς
2912 2744 3260 2812 Ἀντιοχέας,
3283 2743 3369 2813 μὴ
3400 2742 3688 2810 ἀποσπᾷν
3721 2745 3839 2798 Εὐ·

2393 2816 2599 2870 σέὸιον
2628 2815 3004 2884 Καισαρείας,
3034 2817 3173 2869 ἀλλ’
3193 2815 3398 2883 ἕτερον
3422 2813 3692 2882 ζητῆσαι.

2335 2929 2354 2960 ι
2395 2907 2640 2978 Νικητὴς
2664 2908 3090 2969 Κωνσταντῖνος,
3130 2905 3416 2975 Μέγιστος,
3433 2903 3719 2968 Σεϐαστὸς,
3755 2903 3836 2975 τῴ

2251 2997 2366 3069 λαῷ
2396 2996 2731 3068 Ἀντιοχέων.

2330 3109 2348 3142 ι
2403 3091 2490 3154 Ὠς
2523 3088 2893 3160 κεχαρισμένη
2937 3105 2999 3157 γε
3029 3090 3096 3160 τῇ
3134 3085 3228 3141 τοῦ
3268 3088 3473 3160 κόσμου
3527 3088 3741 3141 συνέσει
3772 3104 3837 3140 τε

2247 3184 2341 3237 καὶ
2388 3181 2551 3253 σοφίᾳ
2602 3183 2637 3253 ἡ
2681 3183 2809 3252 παρ’
2844 3181 2996 3252 ὑμῶν
3030 3181 3284 3252 ὁμόνοια·
3337 3181 3431 3234 καὶ
3463 3179 3624 3249 ἔγωγ’
3657 3180 3825 3249 ὑμᾶς,

2248 3276 2486 3346 ἀδελφοὶ,
2514 3273 2779 3328 ἀθάνατον
2809 3271 2989 3342 φιλίαν
3022 3272 3194 3342 φιλεῖν
3230 3271 3465 3341 ἔγνωκα,
3499 3271 3832 3344 προκληθεὶς

1094 3383 1372 3471 ordo:st
1403 3386 1597 3441 αἰτίου
1637 3379 1991 3468 διακήκοώς.
2013 3387 2132 3471 En-

2245 3391 2378 3445 Nam
2417 3392 2484 3471 de
2508 3389 2716 3471 Fausta
2759 3389 2981 3444 omnino
3018 3389 3131 3471 haec
3173 3388 3393 3470 intelligi
3428 3403 3829 3471 nonpossunt,

563 3453 826 3526 stathium
862 3454 1111 3526 intelligit
1141 3457 1562 3526 Antiochenseni
1598 3453 2026 3526 episcopuin,’ut
2068 3475 2130 3511 ex

567 3522 724 3576 titulo
759 3523 959 3591 capitis
983 3536 1225 3592 apparet.
1257 3525 1427 3591 Quem
1453 3543 1574 3580 cum
1615 3522 1907 3582 Eusebiani
1944 3528 2135 3582 fraude

562 3603 619 3671 et
652 3592 915 3671 calumnia
941 3609 972 3647 e
996 3594 1125 3648 sede
1151 3611 1249 3649 sua
1279 3596 1621 3671 dejecissent,
1649 3599 1840 3671 ingens
1873 3598 2135 3671 tumultus

560 3663 868 3737 Antiochia:
916 3673 1142 3737 extortus
1202 3675 1307 3720 est.
1337 3663 1409 3737 ild
1460 3670 1686 3737 contigit
1711 3663 1879 3722 'anno
1931 3669 2131 3722 Christi

563 3733 785 3808 5‘29,_ut‘
817 3749 881 3787 ex
916 3733 1387 3808 Philostorgiilib.
1419 3752 1456 3790 ιι
1488 3733 1781 3808 manifeste
1824 3738 2129 3808 colligitur;

565 3813 660 3856 aut
688 3800 813 3869 550,
857 3813 919 3856 ιιι
953 3800 1217 3858 εειιυειᾶ
1244 3807 1455 3860 videtur
1500 3806 1868 3863 Tlieodoritus
1904 3800 2134 3862 inwlibro

563 3887 642 3937 tt,
677 3887 796 3940 cap.
839 3873 929 3926 51.
973 3871 1072 3925 Hic
1101 3875 1244 3930 enim
1293 3875 1567 3930 Meletium
1607 3880 1674 3932 ad
1716 3879 1902 3933 sedem
1945 3879 2135 3932 Antio-

563 3944 798 4017 chenam
830 3944 1150 4017 transla_tum
1184 3959 1305 4000 esse
1337 3947 1528 4017 scribit
1555 3949 1778 4016 triginta
1821 3948 1979 4002 annis
2010 3959 2132 4017 post

564 4012 963 4087 abdicationem
1018 4013 1315 4070 Eustathii.
1389 4012 1664 4072 Meletium
1728 4034 1893 4087 porro
1942 4012 2136 4072 Antio-

563 4082 742 4136 chiam
784 4084 1103 4138 translatum
1147 4099 1267 4139 esse
1317 4096 1531 4141 constat
1577 4082 1963 4143 anno'Christi
2007 4088 2131 4142 560.

564 4152 926 4232 Quamobrem
990 4156 1244 4232 assentiri
1303 4172 1410 4232 non
1448 4171 1696 4232 possum
1761 4158 2139 4232 illustrissimo

563 4223 827 4298 cardinali
861 4223 1115 4298 Baronio,
1153 4226 1269 4294 qui,
1303 4223 1536 4281 Eusebio
1578 4239 1764 4284 nostro
1794 4243 2010 4298 semper
2055 4229 2138 4282 in-

563 4291 770 4366 fensus,
797 4293 923 4366 dum
953 4292 1070 4366 ejus
1098 4291 1465 4351 narrationem
1501 4299 1653 4366 sequi
1686 4291 1928 4364 recusat,
1953 4299 2136 4352 omnia

563 4363 902 4430 permiscuit.
953 4365 1048 4418 Ait
1092 4367 1234 4421 enim
1288 4371 1431 4422 hunc
1493 4363 1779 4422 tumultum
1831 4363 2137 4422 Antiochia:

2245 3470 2373 3516 ante
2408 3461 2601 3530 viginti
2637 3459 2751 3514 fere
2777 3474 2971 3530 annos,
3003 3460 3047 3512 si
3085 3459 3709 3530 Baroniumgsequitnur,
3736 3479 3831 3516 oe-

2243 3534 2378 3586 cisa.
2406 3528 2720 3600 Hieronymi
2750 3545 2878 3585 vero
2907 3529 3060 3600 locus
3096 3544 3161 3582 ex
3195 3530 3333 3600 libro
3365 3528 3442 3583 De
3482 3528 3830 3597 scriptoribus

2243 3598 2642 3661 ecclesiasticis,
2685 3615 2874 3668 parum
2945 3598 3073 3652 facit
3120 3615 3217 3668 pro
3271 3599 3529 3666 Baronio,
3589 3616 3710 3654 eum
3773 3605 3828 3657 in

2244 3672 2480 3740 antiquis
2527 3670 2874 3729 editionihus.
2921 3670 3166 3738 adeoque
3214 3670 3265 3722 in
3312 3668 3658 3740 Lugdunensi
3707 3687 3831 3739 quae

2246 3739 2410 3810 penes
2445 3755 2532 3795 me
2568 3750 2680 3801 est,
2711 3741 2916 3795 diserte
2949 3740 3210 3808 scriptum
3240 3741 3331 3802 sit,
3359 3740 3452 3791 sub
3481 3739 3828 3796 Constantino

2244 3812 2477 3880 principe
2525 3812 2719 3864 missus
2747 3821 2820 3864 est
2854 3811 2909 3862 in
2940 3811 3204 3863 exsilium.
3247 3810 3609 3880 Quamobrem
3654 3811 3828 3866 Ense-

2239 3881 2386 3934 Ιιιιιῐῐι
2415 3878 2506 3935 hic
2529 3882 2679 3950 sequi
2721 3880 2902 3934 malim
2930 3894 3094 3949 quam
3126 3880 3436 3950 Baronium.
3464 3878 3652 3948 Neque
3679 3883 3825 3936 enim

2240 3952 2418 4013 video,
2453 3966 2550 4004 cur
2590 3949 2723 4005 tanti
2762 3960 2940 4005 motus
2975 3951 3029 4003 in
3079 3951 3354 4005 creatione
3400 3949 3667 4004 Eustatliii
3703 3967 3825 4005 esse

2242 4021 2548 4090 potuerint,
2597 4022 2664 4076 de
2715 4022 2912 4090 quibus
2958 4020 3010 4074 in
3044 4019 3268 4090 epistola
3305 4020 3654 4088 imperatoris
3682 4022 3827 4075 Con-

2243 4091 2461 4143 stantini
2501 4089 2558 4142 fit
2589 4089 2818 4153 mentio,
2844 4100 2902 4143 tit
2952 4091 3018 4144 ad
3069 4089 3162 4145 eos
3210 4090 3478 4144 sedandos
3527 4089 3827 4146 mittendus

2242 4159 2408 4213 fuerit
2444 4175 2648 4224 comes,
2676 4170 2861 4230 totque
2887 4160 3145 4228 epistolas
3173 4161 3241 4215 ah
3283 4159 3612 4230 imperatore
3655 4161 3822 4230 scribi

2241 4231 2565 4299 oportuerit.
2589 4233 2740 4283 Adde
2770 4229 2914 4299 quod
2949 4231 3338 4284 Constantinus
3367 4232 3419 4284 in
3478 4229 3704 4298 epistola
3746 4232 3826 4284 ait

2245 4316 2302 4354 se
2330 4314 2514 4354 coram
2542 4300 2817 4355 audivisse
2849 4315 2973 4354 eum
3002 4302 3092 4367 qui
3129 4300 3294 4354 totius
3324 4299 3602 4355 seditionis
3633 4310 3828 4354 auctor

2245 4371 2553 4432 exstiterat,
2579 4371 2926 4424 Eustathium
2953 4371 3180 4435 scilicet,
3217 4385 3376 4437 quem
3401 4370 3469 4421 ad
3497 4370 3818 4423 comitatuin

563 4433 856 4514 contigisse
891 4504 904 4514 _
929 4450 1101 4514 anno“
1143 4437 1352 4491 Domini
1409 4437 1549 4502 524,
1605 4439 1656 4491 id
1706 4448 1823 4503 est,
1890 4441 2138 4514 proximo
2174 4461 2216 4514 ῃ
2246 4441 2434 4494 venire
2479 4441 2708 4514 jussnm,
2752 4439 3140 4514 in_Thraciam
3167 4433 3473 4514 relegavit,
3502 4439 3679 4514 Atque
3719 4439 3825 4514 hoc

563 4513 692 4575 ante
733 4504 1000 4575 synodum
1039 4505 1314 4563 Nicaanam
1363 4521 1550 4562 anno:
1587 4518 1713 4563 tunc
1758 4504 1908 4563 cuuf
1941 4509 2138 4562 Eusta-

569 4573 713 4626 thius
749 4573 1035 4644 episcopus
1067 4577 1439 4631 Antiochenus
1469 4588 1686 4634 creatus
1721 4589 1838 4644 est;
1865 4594 1987 4633 cum
2038 4578 2137 4633 So-

566 4652 764 4722 crates,
793 4644 1131 4722 S_o_zonie_nus
1180 4646 1816 4722 ac_Theod‘oritushunc
1851 4648 2135 4703 tumultum

567 4713 620 4787 in
654 4713 991 4787 depositione
1018 4717 1190 4784 ipsius
1222 4718 1489 4773 Eustatliii
1520 4719 1818 4787 contigisse
1847 4728 2135 4774 testentur.

567 4781 673 4860 Sed
721 4781 988 4860 Baronius
1028 4781 1370 4860 certissimis,
1421 4799 1480 4842 ut
1519 4781 1738 4859 quide'ni
1787 4791 1903 4858 ipse
1951 4799 2136 4858 pulal.

564 4854 884 4929 rationibus,
919 4854 1257 4929 Eustathium
1288 4874 1396 4929 non
1443 4854 1555 4914 suh'
1583 4854 2132 4929 Constantino'imp.,

565 4921 659 4972 sed
706 4923 806 4976 sub
835 4924 1174 5004 Constantio,
1208 4942 1275 4981 ex
1318 4928 1660 5004 Antiochena
1699 4930 1838 5004 sede
1866 4921 2137 5004 dejectnni

564 4993 1028 5073 essencontendit.
1068 4994 1356 5073 Videamus
1377 4999 1574 5073 _igitur
1620 4999 1820 5073 quibus
1867 4993 1949 5073 id:
1971 5015 2136 5073 argu_-_

568 5067 768 5116 mentis
809 5072 1056 5117 astruere
1101 5068 1328 5122 nitatur.
1377 5067 1814 5123 Primum’aliert
1853 5067 2136 5124 Athanasii

567 5130 746 5212 locum
779 5146 844 5186 ex
865 5133 1096 5212 cpistola
1123 5139 1188 5189 ad
1222 5139 1498 5212 solitarius
1527 5141 1628 5194 sub
1665 5140 1912 5212 initium;
1941 5158 1960 5190 ι
1990 5139 2136 5199 Fuit,

565 5203 763 5281 inquit,
786 5203 1005 5281 quidam
1038 5204 1352 5262 Eustathius
1384 5211 1668 5281 episcopus
1702 5209 2022 5272 Antiochiae,
2059 5213 2140 5264 vir

567 5271 911 5353 confessione
929 5274 1125 5353 clarus,
1152 5271 1439 5353 LelC.,-—:(
1465 5271 1624 5353 quem
1660 5280 1906 5353 homines
1928 5271 2141 5353 Arianae

565 5346 839 5408 opinionis
877 5346 951 5397 ita
983 5349 1123 5414 apud
1154 5346 1528 5403 Constantium
1563 5352 1687 5403 ficta
1731 5351 2005 5404 calumnia
2047 5365 2141 5404 ac-

565 5423 844 5491 cusarunt,
863 5419 1026 5491 quasi
1055 5417 1110 5469 in
1147 5427 1375 5472 matrem
1394 5421 1685 5491 ‘principis
1714 5421 2139 5474 contumeliosus

565 5481 775 5561 fuisset.
802 5501 834 5561 t_
863 5481 1202 5561 Verum__eg_o
1249 5503 1347 5557 pro
1380 5481 1694 5544 constatitio
1723 5491 2138 5561 Constantinum

567 5554 623 5604 in
659 5554 759 5608 hoc
808 5555 1092 5610 Athanasii
1143 5554 1277 5612 Ἰοεό
1342 5561 1687 5615 scribendum
1737 5575 1858 5615 esse
1909 5560 2137 5615 atlirtno.

567 5621 736 5701 Quam
779 5627 1212 5682 emendationem
1234 5630 1674 5701 c_onfirmant__ea
1721 5646 1842 5701 quae
1874 5632 1940 5685 de
1975 5633 2142 5699 impe-

567 5694 764 5772 ratoris
806 5706 982 5772 matre
1012 5714 1134 5772 mox
1161 5698 1541 5772 subjiciuntur.
1573 5694 1830 5756 Helenam
1871 5701 2013 5754 enim
2052 5694 2141 5752 in-

568 5761 778 5831 telligit,
795 5779 912 5834 qua:
934 5769 986 5822 in
1008 5761 1282 5827 Orientem
1302 5770 1449 5829 circa
1471 5771 1573 5827 hoc
1597 5782 1807 5842 tempus
1826 5775 2135 5828 advenerat.

2244 4508 2492 4580 primum
2509 4508 2719 4565 facinus
2742 4509 3070 4563 Arianorum
3110 4520 3358 4564 recenset
3387 4509 3720 4580 Athanasius
3768 4511 3822 4563 in

2239 4581 2469 4648 epistola
2517 4582 2776 4647 superius
2827 4591 3157 4645 memorata,
3202 4582 3346 4646 quod
3385 4579 3680 4632 notandum
3716 4590 3820 4633 est.

2241 4650 2297 4704 ιιι
2325 4651 2468 4704 enim
2514 4661 2724 4718 gestum
2757 4660 2841 4704 est
2871 4659 2996 4704 ante
3027 4650 3304 4720 synodum
3349 4649 3511 4718 Tyri,
3561 4650 3821 4720 adversus

2238 4721 2595 4775 Athanasium
2645 4729 2926 4782 coactam,
2986 4719 3037 4773 id
3073 4718 3165 4774 ἐει
3191 4727 3316 4772 ante
3349 4733 3551 4772 annum
3607 4718 3820 4771 Domini

2240 4792 2364 4845 554.
2403 4791 2576 4859 Recte
2611 4791 2774 4859 igitur
2812 4790 3142 4844 Athanasius
3176 4788 3460 4844 historiam
3503 4787 3626 4842 belli
3675 4789 3819 4856 quod

2239 4861 2424 4915 Ariani
2461 4858 2714 4914 Ecclesiae
2747 4859 3038 4914 Catholicae
3072 4859 3391 4920 intulerunt,
3421 4872 3453 4911 a
3483 4859 3821 4926 depositione

2243 4931 2512 4985 Eustathii
2549 4929 2850 4991 exorditur,
2903 4939 3158 5000 tanquam
3191 4944 3222 4981 a
3266 4929 3443 5000 primo
3485 4927 3817 5000 Arianorum

2243 5002 2485 5055 facinore
2511 5015 2526 5053 :
2558 5000 2703 5068 quod
2737 5014 2859 5053 cuni
2893 4999 3024 5069 ipsis
3049 5015 3116 5054 ex
3149 4999 3419 5069 sententia
3445 4999 3818 5060 successisset,

2241 5082 2435 5124 caetera
2472 5085 2643 5138 prona
2685 5070 2786 5123 sibi
2811 5068 3091 5139 deinceps
3137 5083 3202 5122 ac
3236 5068 3414 5123 facilia
3466 5081 3588 5122 esse
3633 5069 3823 5139 existi-
3909 5109 3914 5114 .

2243 5152 2478 5195 inarunt.
2505 5140 2772 5194 Caeterum
2806 5138 3342 5206 Baronii’sententia,
3378 5148 3486 5191 tum
3517 5154 3582 5193 ex
3613 5138 3678 5192 iis
3701 5153 3821 5206 quae

2241 5226 2402 5278 supra
2429 5211 2540 5264 dixi
2577 5210 2858 5272 refellitur,
2889 5222 2999 5263 tum
3025 5225 3091 5264 ex
3122 5223 3188 5263 eo
3213 5211 3354 5276 quod
3385 5207 3694 5270 Flaccillus,
3729 5211 3822 5278 qui

2243 5291 2362 5350 post
2413 5280 2697 5334 Paulinum
2745 5291 2799 5335 et
2852 5280 3119 5350 Eulalium
3177 5279 3464 5350 Eustathio
3519 5279 3814 5339 successit,

2243 5349 2383 5405 inter
2415 5351 2833 5422 episcoposqui
2887 5349 3112 5422 Tyrensi
3158 5351 3362 5422 synodo
3418 5349 3819 5422 interfuerunt,

2242 5419 2578 5476 memoratur
2603 5419 2670 5475 ab
2707 5419 3010 5477 Athanasio
3037 5423 3089 5474 in
3138 5420 3385 5488 apologia
3418 5421 3485 5472 ad
3519 5419 3648 5486 imp.
3679 5420 3820 5471 Con-

2242 5493 2529 5557 stantium,
2563 5501 2622 5544 ut
2660 5502 2810 5546 recte
2840 5491 3151 5546 observavit
3189 5488 3420 5544 Iacobus
3453 5488 3818 5544 Gothofredus

2243 5563 2298 5615 iti
2323 5563 2791 5616 dissertationibus
2814 5561 2881 5616 ad
2910 5562 3002 5616 lib.
3029 5577 3065 5614 ιι
3096 5559 3462 5628 Philostorgii.

2312 5633 2423 5702 (77)
2444 5631 2600 5702 Vulg.
2615 5632 2733 5686 τῶν
2757 5631 2962 5686 ἄλλων
2972 5627 3819 5702 ἑνθυμούμενοζ.-8ει·ἰι›ειιιίυω

2241 5699 2331 5756 est
2370 5699 2805 5773 εὖθυμούμενος,
2847 5713 2905 5756 ut
2937 5703 3134 5770 legisse
3175 5704 3381 5756 videtur
3429 5699 3818 5772 Cliristophor-

2241 5790 2425 5828 sonus.
