4186 6458
558 356 688 412 ιιει

1268 356 1540 413 EUSEBH
1579 351 2065 412 C/ESARIENSIS
2105 352 2256 410 OPP.
2299 351 2484 409 PARS
2519 353 2565 409 l.
2602 384 2673 395 -
2711 353 3106 412 IllSTORlCA.

3690 360 3832 417 “5!

552 489 608 531 et
640 477 989 543 arcessimus,
1023 491 1141 547 qum.
1167 475 1326 533 fidem
1356 477 1631 547 opinionis
1659 488 1858 531 nostra:
1876 491 2107 532 eversur

2211 535 2213 540 λ
2241 470 2335 529 οὖν
2356 474 2565 529 ἐπαινῶ
2589 476 2682 530 τὸν
2709 475 2903 548 ἄνδρα,
2928 475 2991 540 ὃς
3019 475 3114 530 καὶ
3143 474 3271 546 ὑμῖν
3304 473 3472 545 τιμῆς
3499 491 3559 529 τε
3594 475 3690 529 καὶ
3717 478 3835 531 δια-

551 569 720 621 sunt?
750 568 1011 638 Equidem
1055 568 1232 620 virum
1271 569 1418 621 illum
1450 582 1610 635 quem
1645 582 1738 621 vos
1765 577 1822 622 et
1851 567 2060 622 honore
2079 578 2133 619 et

554 659 928 713 benevolentia
984 659 1205 729 dignum
1257 658 1557 726 iudicatis,
1613 658 1905 727 plurimum
1948 658 2131 711 laudo.

549 749 666 805 Non
693 760 874 805 tamen
905 750 1041 804 adeo
1074 751 1281 819 despici
1334 759 1554 818 oportet
1599 751 1652 804 id
1680 748 1821 819 quod
1849 749 1990 817 apttd
2022 749 2134 803 sin-

549 842 706 909 gulos
741 851 915 894 ratum
972 840 1303 909 firmumque
1342 854 1568 895 manere
1615 838 1897 903 debuerat,
1927 846 1986 891 ut
2017 838 2134 893 siu-

546 933 654 1003 ςαἸὶ
682 934 926 988 contenti
950 948 1057 987 non
1085 933 1193 985 sint
1223 934 1516 988 sententiis
1533 933 1667 994 suis,
1696 946 1794 985 nec
1817 930 2131 991 domesticis

546 1028 705 1082 bonis
736 1040 928 1080 omnes
959 1026 1340 1095 perfruantur,
1376 1034 1547 1095 utque
1576 1026 1629 1078 in
1666 1024 2033 1093 disquireudis
2064 1023 2129 1077 iis

544 1120 635 1190 qui
669 1135 736 1174 ex
767 1133 923 1189 :equo
952 1116 1096 1186 digni
1126 1119 1237 1172 sint
1266 1120 1606 1186 episcopatu.
1642 1133 1749 1172 non
1784 1118 1959 1170 dicam
1988 1132 2127 1170 unus

541 1223 636 1269 aut
667 1212 821 1273 alter,
847 1211 941 1265 sed
978 1211 1197 1280 plurimi
1245 1210 1480 1265 Eusebio
1510 1224 1670 1279 pares
1701 1224 1808 1263 non
1848 1208 2128 1274 proferan-

542 1317 648 1362 tur.
674 1305 890 1361 Etenim
942 1320 1064 1360 cum
1096 1305 1367 1373 asperitas
1399 1311 1455 1357 et
1486 1301 1746 1356 violentia
1782 1302 1985 1355 nullam
2035 1316 2126 1355 ee-

539 1397 863 1455 clesiastlcis
890 1400 1186 1455 honoribus
1230 1395 1532 1451 molestiam
1597 1393 1874 1458 facessat,
1931 1408 2123 1449 omnes

538 1493 748 1549 similes
778 1494 920 1547 inter
948 1506 1008 1546 se
1040 1498 1189 1552 sunt,
1237 1496 1295 1542 et
1332 1487 1529 1555 aequati
1558 1486 1612 1539 in
1638 1484 1815 1553 pretio
1859 1484 2116 1538 habendi.

534 1586 724 1655 Neque
751 1589 895 1640 enim
924 1584 1121 1638 rationi
1144 1588 1576 1637 consentaneum
1614 1577 1801 1641 fuerit,
1840 1586 1899 1630 ut
1927 1576 2117 1644 hujus-

533 1681 682 1735 modi
711 1679 996 1748 inquisitio
1024 1679 1090 1730 ad
1137 1676 1371 1730 aliorum
1415 1674 1508 1727 fiat
1559 1672 1863 1741 injuriam:
1917 1669 2119 1739 quippe

533 1788 656 1825 eum
683 1772 922 1824 omnium
958 1779 1184 1831 mentes.
1226 1768 1340 1822 sive
1390 1764 1710 1820 humiliores
1742 1763 1871 1827 sint,
1906 1762 2021 1817 sive
2047 1761 2116 1814 il-

531 1863 841 1927 lustriores,
870 1861 1048 1915 divina
1081 1861 1297 1914 decreta
1330 1873 1394 1912 ex
1428 1871 1585 1926 aequo
1612 1856 1921 1922 suscipiant
1955 1863 2117 1922 atque
2153 1853 2192 1907 B

534 1954 848 2010 custodiant
877 1972 890 2008 :
927 1953 1061 2007 adeo
1082 1961 1139 2005 ttt
1164 1951 1277 2016 alii,
1310 1953 1452 2022 quod
1496 1952 1715 2017 quidem
1746 1950 1811 2003 ad
1865 1962 2114 2002 commn-

535 2063 658 2102 nem
692 2048 862 2114 legem
899 2046 1159 2115 pertinet,
1185 2043 1498 2103 nullatenus
1523 2043 1643 2097 aliis
1668 2041 1958 2095 inferiores
1982 2040 2113 2093 sint.

534 2138 686 2208 Quod
734 2141 777 2192 si
827 2139 1115 2192 veritatem
1150 2145 1337 2207 aperte
1388 2136 1640 2205 proferre
1685 2134 1958 2197 volumus,
1993 2130 2115 2201 jure

529 2235 653 2302 quis
697 2231 896 2285 dixerit
947 2230 1050 2284 hoc
1095 2244 1200 2283 non
1250 2243 1372 2283 esse
1403 2227 1677 2281 hominem
1710 2227 1974 2288 retinere,
2018 2224 2113 2277 sed

528 2323 869 2387 abstrahere,
898 2331 951 2375 et
983 2319 1254 2374 violentiae
1291 2319 1472 2387 potius
1501 2319 1553 2371 id
1590 2319 1731 2385 quod
1760 2316 1940 2386 agitur
1974 2329 2114 2383 opus

526 2433 669 2481 esse,
699 2430 863 2484 quam
894 2414 1141 2481 justitize.
1172 2415 1239 2467 Et
1274 2416 1391 2467 sive
1423 2413 1524 2464 hoc
1557 2411 1715 2465 modo
1738 2448 1754 2473 ,
1787 2410 1901 2463 sive
1954 2409 2115 2461 aliter

527 2508 695 2562 sentit
725 2507 1036 2568 multitudo,
1063 2520 1162 2575 ego
1192 2505 1407 2574 quidem
1437 2503 1641 2571 liquido
1666 2510 1719 2555 et
1744 2501 2006 2554 audacter
2028 2498 2115 2552 af-

530 2577 711 2661 firmo,
736 2613 858 2651 eam
895 2613 1008 2651 rem
1044 2595 1524 2651 criminationibus
1558 2608 1776 2648 causam
1817 2592 2063 2660 prmbcre
2091 2628 2107 2654 ,

525 2704 580 2748 et
611 2692 849 2760 ingentis
881 2688 1144 2743 tumultus
1183 2696 1564 2756 tempestatem
1596 2685 1859 2739 excitare.
1901 2680 2032 2735 Nam
2055 2692 2111 2735 et

523 2781 646 2848 agni
685 2780 925 2835 dentium
962 2792 1181 2832 suorum
1214 2775 1321 2829 vim
1361 2791 1425 2830 ac
1456 2777 1622 2829 rolmr
1643 2778 1941 2837 ostentant,
1972 2784 2108 2839 quo-

525 2874 627 2927 ties
658 2871 896 2941 pastoris
954 2884 1083 2924 cura
1144 2885 1208 2923 ac
1248 2868 1618 2922 sollicitudine
1664 2866 1715 2919 in
1753 2864 1988 2919 deterius
2024 2864 2109 2916 la-

524 2965 708 3026 bente,
751 2963 981 3032 pristina
1031 2961 1428 3031 gubernatione
1482 2974 1540 3014 se
1576 2958 1868 3013 destitutos
1897 2958 2102 3011 vident.

523 3053 677 3121 Quod
708 3055 752 3109 si
782 3056 898 3109 lizec
929 3056 1000 3108 ita
1031 3069 1090 3107 se
1117 3054 1321 3108 habent
1350 3063 1407 3107 et
1431 3066 1533 3107 nos
1579 3051 1838 3120 opinione
1864 3065 1968 3104 non
2007 3047 2106 3103 fal-

477 3148 702 3214 ,limur,
765 3147 867 3201 hoc
923 3147 1157 3216 primum
1208 3143 1447 3199 omnium
1485 3143 1851 3205 considerate,
1885 3141 2101 3205 fratres,

520 3240 713 3311 (multa
741 3242 885 3294 enim
910 3250 965 3293 et
995 3239 1228 3291 maxima
1260 3237 1400 3291 bona
1432 3235 1616 3289 statim
1645 3233 1715 3287 ab
1745 3233 1902 3286 initio
1949 3232 2105 3286 vobis

517 3328 833 3401 nascentur)
892 3345 1021 3384 num
1079 3332 1292 3385 sincera
1342 3330 1485 3384 inter
1514 3343 1610 3382 vos
1653 3326 1896 3401 Charitas
1942 3336 2108 3395 atque

514 3423 762 3483 dilectio,
813 3422 1032 3489 aliquod
1065 3424 1145 3475 sui
1196 3421 1585 3475 detrimentum
1617 3434 1844 3490 passura
1880 3419 1976 3472 sit.
2006 3417 2108 3472 De-

515 3515 646 3571 inde
699 3531 828 3570 vero
866 3516 997 3569 illud
1049 3514 1394 3584 perpendite,
1436 3515 1611 3567 virum
1654 3513 1802 3566 illum
1834 3511 1926 3580 qui
1974 3510 2104 3565 boni

513 3606 725 3661 consilii
753 3620 918 3661 causa
950 3606 1018 3658 ad
1048 3620 1145 3659 vos
1177 3613 1425 3669 venerat,
1470 3606 1714 3659 debitum
1744 3605 1847 3659 sibi
1880 3603 2106 3658 honoris

514 3693 751 3749 fructum
810 3710 877 3750 ex
930 3696 1346 3763 divinojudieio
1393 3697 1725 3765 percipere;
1765 3695 1964 3764 quippe
2005 3696 2100 3763 qui

519 3801 625 3841 non
659 3787 868 3858 vulgari
899 3786 1128 3841 affectus
1155 3788 1227 3841 sit
1259 3786 1547 3853 beneﬁcio,
1598 3803 1721 3841 cum
1748 3787 1816 3842 de
1842 3788 1961 3857 ejus
1984 3786 2099 3841 vir-

583 4050 696 4124 (84)
711 4048 867 4119 Vulg.
886 4048 1018 4124 ταῖς
1030 4047 1207 4124 ἰδίαις
1220 4049 1479 4124 γνώμαις
1488 4049 1748 4114 ἕκαστος
1757 4047 2067 4124 ἀρκεῖσθαι
2081 4088 2097 4111 ,

511 4119 567 4177 ἰὰ
593 4119 703 4184 est,
735 4124 844 4191 suis
870 4121 1089 4191 quisque
1121 4119 1374 4175 limitibus
1405 4130 1677 4174 contentus
1708 4123 1797 4173 ait.
1833 4122 1926 4172 bist
1952 4134 2097 4172 entnt

510 4191 707 4264 γνώμη
744 4190 1234 4264 limes_agrorunt,
1285 4192 1426 4245 unde
1472 4191 1761 4259 guamalt‘ci
1804 4190 2100 4264 scriptores

512 4259 830 4330 dicti,_qui
903 4260 970 4313 de
1048 4260 1311 4331 limitibus
1406 4275 1658 4331 agrorum
1737 4259 2094 4331 scripserunt.

515 4334 714 4387 Eadem
757 4329 1006 4384 iratione
1085 4330 1212 4402 ὅρος
1283 4329 1707 4400 apud'Gmacos
1789 4329 2097 4402 promiscue

509 4404 765 4465 sumitur.
816 4411 924 4455 tam
981 4414 1080 4470 pro
1119 4399 1403 4456 sententia
1456 4415 1619 4470 quam
1656 4414 1754 4468 pro
1804 4400 1992 4453 limite.
2029 4399 2096 4454 Ut

506 4475 650 4531 enim
688 4474 847 4538 limes
901 4486 1092 4541 agros.
1140 4471 1214 4524 ita
1266 4476 1537 4526 sententia
1593 4470 1716 4524 lites
1763 4480 2090 4541 et_contro-

2241 567 2443 631 θέσεως
2476 567 2625 633 ἄξιος
2672 568 3024 639 δοκιμάζεται
3048 585 3063 600 ·
3100 568 3160 621 οὑ
3211 567 3319 638 μὴν
3352 566 3497 619 οὕτω
3528 567 3581 635 γ’
3608 567 3832 639 ἐξησθε-

2237 659 2460 731 νηκέναι
2516 660 2578 712 τὸ
2634 661 2762 732 παρ’
2814 661 3068 723 ἑκάστοις
3118 657 3306 730 κύριόν
3357 675 3419 711 τε
3463 659 3559 711 καὶ
3612 657 3828 728 βέϐαιον

2235 752 2447 820 ὀφεῖλον
2477 751 2660 821 μένειν
2682 750 2811 824 χρὴ,
2848 752 2924 815 ὡς
2956 750 3031 823 μὴ
3058 753 3180 815 ταῖς
3214 749 3373 815 ἰδίαις
3412 748 3663 821 γνώμαις
3694 749 3826 802 Eun

2242 861 2406 907 στους
2438 844 2728 916 ἀρκεῖσθαι
2772 843 2905 916 (84),
2933 843 3030 897 καὶ
3059 843 3169 897 τῶν
3190 842 3408 898 οἰκείων
3444 844 3655 908 πάντας
3687 844 3826 898 ἀποο

2233 935 2440 1000 λαύειν,
2479 935 2538 989 ἔν
2575 953 2634 989 τε
2662 935 2945 1007 ἐφαμίλλῳ
2976 935 3283 1006 διασκέψει,
3319 937 3400 999 εἰς
3427 935 3581 989 τοῦδε
3601 934 3700 989 τοῦ
3730 938 3825 991 ἀν-

2233 1030 2363 1101 δρὸς
2414 1029 2705 1100 σύγκρισιν
2755 1029 2855 1099 οὑχ
2893 1029 2990 1083 ἕνα
3048 1029 3233 1099 μόνον,
3268 1027 3409 1082 ἀλλὰ
3460 1029 3555 1082 καὶ
3604 1029 3826 1094 πλείους

2230 1124 2484 1195 ἐκφῆναι.
2519 1123 2610 1176 Διὸ
2637 1122 2701 1193 δὴ
2724 1122 2877 1175 οὐδὲν
2907 1121 3020 1175 οὔτ’
3046 1121 3366 1193 ἐκπλήξεως
3401 1119 3524 1174 οὗτε
3551 1121 3826 1194 τραχύτη-

2228 1234 2320 1279 τος
2367 1214 2689 1285 ἐνοχλούσης
2720 1217 2840 1278 ταῖς
2876 1216 3006 1286 περὶ
3055 1213 3156 1286 τὴν
3215 1212 3546 1285 Ἐκκλησίαν
3598 1215 3820 1285 τιμαῖς,

2227 1306 2421 1376 ὁμοίας
2436 1322 2495 1358 τε
2515 1305 2608 1358 καὶ
2642 1305 2732 1359 διὰ
2748 1304 2966 1359 πάντων
2984 1303 3180 1372 ἐπίσης
3199 1301 3493 1373 ἀγαπητὰς
3512 1297 3652 1355 εἶναι
3685 1320 3824 1374 συμ-

2227 1399 2423 1453 ϐαίνει.
2450 1400 2584 1454 Οὑδέ
2601 1399 2710 1472 γὰρ
2724 1398 2965 1467 εὔλογον,
2989 1399 3294 1468 εἰς’ἐτέρων
3312 1396 3694 1467 πλεονέκτημα
3710 1396 3821 1470 (85)

2228 1492 2499 1547 ποιεῖσθαι
2546 1494 2647 1563 τὴν
2699 1493 2828 1565 περ).
2871 1491 3065 1545 τούτου
3113 1491 3425 1561 ἐπίσκεψιν,
3463 1491 3564 1562 τῆς
3600 1492 3822 1545 πάντων

2223 1584 2461 1649 διανοίας
2476 1585 2692 1657 ἐπίσης,
2709 1585 2773 1639 ἄν
2789 1586 2833 1637 τ’
2849 1583 3123 1647 ἐλάττους,
3143 1583 3208 1637 ἄν
3224 1600 3284 1635 τε
3304 1582 3526 1654 μείζους
3548 1582 3659 1653 (86)
3679 1579 3819 1639 εἶναι

2221 1677 2447 1741 δοκοῖεν,
2464 1677 2532 1731 τὰ
2564 1678 2687 1731 θεῖα
2709 1677 2956 1748 δόγματα
2980 1674 3389 1747 ὑποδεχομένης
3412 1692 3471 1727 τε
3496 1675 3592 1729 καὶ
3616 1674 3824 1744 φυλατ-

2222 1770 2441 1839 τούσης,
2473 1769 2550 1834 ὡς
2578 1769 2720 1823 κατὰ
2770 1769 2940 1841 μηδὲν
2968 1770 3095 1832 τοὺς
3122 1768 3358 1840 ,ἐτέρους
3394 1768 3475 1831 είς
3504 1766 3598 1821 τὸν
3630 1768 3815 1822 κοινὸν

2218 1861 2380 1932 νόμον
2417 1862 2793 1915 ἐλαττοῦσθαι.
2848 1863 2913 1915 Εἰ
2965 1861 3029 1933 δὴ
3079 1860 3317 1932 τάληθὲς
3367 1860 3481 1929 (87)
3531 1859 3813 1932 γνώριμον

2217 1954 2509 2026 διαρρήδην
2534 1952 2971 2024 ἀποφαινόμεθα,
3020 1953 3096 2016 ὡς
3123 1952 3185 2005 οὐ
3214 1950 3456 2016 κάθεξιν,
3483 1951 3621 2005 ἀλλὰ
3646 1953 3813 2022 ἁφαῖ-

2220 2065 2369 2118 ρεσιν
2403 2047 2603 2117 μᾶλλον
2634 2047 2700 2101 ἂν
2731 2047 2875 2100 εἴποι
2904 2063 2989 2109 τις
3018 2044 3238 2099 ἔσεσθαι
3284 2045 3533 2117 τάνδρὸς,
3563 2046 3659 2099 καὶ
3687 2046 3810 2109 βίας

2217 2140 2398 2211 ἔργον,
2432 2142 2492 2194 οὑ
2522 2140 2873 2209 δικαιοσύνης
2898 2137 3228 2210 γενήσεσθαι
3251 2138 3314 2191 τὸ
3334 2136 3639 2208 γινόμενονυ
3656 2134 3733 2187 ἄν
3759 2136 3807 2190 θ’

2216 2230 2414 2295 οὕτως,
2444 2231 2508 2286 ἄν
2531 2230 2579 2283 θ’
2611 2230 2812 2302 ἑτέρως
2828 2229 2897 2283 τὰ
2925 2228 3103 2300 πλήθη
3130 2229 3323 2299 φρονῇ,
3355 2227 3431 2289 ὡς
3456 2227 3630 2297 ἔγωγε
3650 2227 3808 2299 διαρ-

2218 2322 2385 2393 ρήδην
2416 2322 2510 2376 καὶ
2543 2320 2820 2391 εὐτόλμως
2842 2320 3239 2390 ἀποφαίνομαι,
3266 2318 3579 2390 ἐγκλήσεως
3610 2317 3809 2371 ὑπόθε-

2217 2429 2300 2467 σιν
2332 2407 2471 2467 εἶναι
2520 2411 2717 2476 τοῦτο,
2770 2410 3222 2482 προκαλουμένην
3276 2411 3338 2464 οὑ
3386 2411 3486 2480 τῆς
3533 2409 3808 2480 τυχούσης

2217 2504 2458 2569 στάσεως
2483 2505 2730 2574 ταραχήν
2749 2521 2762 2534 ·
2792 2502 3216 2575 ἐπισημαίνουσι
3242 2503 3373 2571 γοῦν
3401 2502 3500 2574 τὴν
3522 2501 3632 2554 τῶν
3660 2500 3807 2556 ὁδόν-

2212 2613 2319 2649 των
2357 2595 2519 2665 φύσιν
2551 2612 2608 2648 τε
2664 2595 2759 2648 καὶ
2802 2594 3055 2665 δύναμιν,
3112 2593 3205 2648 καὶ
3253 2594 3482 2666 ἁρνειοὶ,
3533 2593 3660 2646 ὅταν
3705 2588 3804 2646 τοῦ

2213 2686 2469 2757 ποιμένος
2495 2686 2595 2756 τῆς
2625 2685 2916 2757 συνηθείας
2941 2703 3002 2739 τε
3031 2685 3127 2739 καὶ
3151 2684 3448 2757 θεραπείας
3484 2682 3807 2739 ὑπολισθού-

2212 2798 2313 2852 σης
2335 2780 2426 2832 ἐπὶ
2442 2778 2512 2833 τὰ
2526 2778 2714 2850 χείρω,
2742 2779 2842 2851 τῆς
2867 2778 2997 2849 πρὶν
3015 2778 3296 2848 διαγωγῆς
3330 2775 3801 2850 ἀποστερηθῶσιν.

2210 2873 2275 2925 Εἰ
2303 2872 2366 2942 δὴ
2395 2870 2552 2925 ταῦθ’
2578 2871 2752 2934 οὑτως
2804 2870 2940 2941 ἔχει,
2982 2870 3076 2924 καὶ
3122 2871 3186 2924 ού
3226 2870 3597 2941 σφαλλόμεθα,
3645 2867 3806 2923 τοῦτο

2210 2966 2425 3035 πρῶτον
2468 2962 2760 3028 θεάσασθε,
2815 2961 3071 3031 ἀδελφοίο
3127 2961 3298 3016 πολλὰ
3354 2961 3463 3035 γὰρ
3518 2963 3649 3032 ὑμῖν
3707 2963 3804 3017 καὶ

2212 3057 2422 3127 μεγάλα
2449 3059 2514 3111 ἐκ
2542 3054 2769 3128 πρώτης
2799 3056 3176 3126 ἀπαντήσεται
3195 3072 3210 3085 ·
3249 3054 3468 3124 πρῶτον
3520 3054 3804 3111 ἁπάντων.

2208 3149 2242 3218 ἡ
2278 3146 2414 3219 πρὸς
2436 3146 2701 3217 ἀλλήλους
2728 3144 3021 3217 γνησιότης
3048 3162 3109 3199 τε
3140 3146 3237 3199 καὶ
3259 3145 3520 3208 διάθεσις,
3551 3146 3601 3198 εἰ
3637 3145 3803 3216 μηδὲν

2212 3238 2384 3309 αὐτῆς
2423 3237 2728 3292 ἐλαττωθὲν
2773 3237 3124 3306 αἰσθήσεται·
3156 3232 3255 3289 εἷθ’
3287 3236 3369 3289 ὅτι
3398 3235 3494 3289 καὶ
3531 3236 3603 3288 δι’
3633 3235 3802 3308 ὀρθὴν

2216 3330 2524 3403 συμϐουλὴν
2560 3329 2890 3401 ἀφικόμενος
2938 3328 3085 3399 (88),
3138 3327 3199 3381 τὸ
3242 3329 3363 3382 κατ’
3393 3327 3551 3394 ἀξίαν
3601 3328 3667 3379 ἐκ
3696 3326 3802 3397 τῆς

2212 3423 2361 3488 θείας
2409 3424 2645 3497 κρίσεως
2677 3420 3021 3495 καρποῦται,
3054 3422 3116 3475 ού
3162 3421 3263 3493 τὴν
3315 3419 3589 3492 τυχοῦσαν
3639 3420 3800 3492 χάριν

2210 3513 2468 3585 εἰληφὼς,
2518 3515 2597 3586 τῷ
2632 3515 2761 3586 περ).
2803 3512 2970 3568 αὑτοῦ
2989 3512 3259 3584 τοσαύτην
3303 3513 3449 3584 ὑμᾶς
3497 3512 3799 3575 ἐπιεικείας

2207 3606 2384 3678 ψῆφον
2416 3606 2765 3676 ἐνέγκασθαι·
2790 3606 2884 3661 ἐπὶ
2908 3604 3138 3670 τούτοις,
3174 3605 3202 3658 ὃ
3240 3605 3340 3676 τῆς
3373 3604 3642 3677 ὑμετέρας
3675 3620 3800 3657 συν-

2214 3699 2403 3772 ηθείας
2452 3700 2564 3769 (89)
2590 3701 2739 3755 ἐστὶν
2770 3700 2953 3773 ἀγαθὴ
2988 3700 3216 3772 γνώμη,
3268 3696 3632 3769 σπουδὴν-τὴν
3664 3697 3803 3768 πρέ·-

2206 3806 2415 3844 πουσαν
2442 3790 2823 3859 εἰσενέγκασθε
2853 3793 2934 3855 είς
2964 3790 3289 3861 ἐπιζήτησιν
3323 3788 3517 3859 ἀνδρὸς
3558 3781 3622 3840 οὗ
3656 3785 3797 3857 χρῄ-

2202 4054 2345 4107 idem
2408 4053 2568 4123 paulo
2620 4062 2746 4108 ante
2798 4053 3013 4107 dixerat
3068 4049 3501 4108 Constantinus;
3555 4052 3793 4107 honores

2202 4127 2602 4180 ecclesiasticos
2635 4125 2846 4180 similes
2870 4139 2993 4179 esse
3014 4139 3206 4178 omnes
3232 4133 3288 4177 et
3310 4124 3505 4191 aequali
3535 4125 3586 4176 in
3612 4137 3792 4191 pretio

2208 4197 2504 4248 habendos.
3392 4236 3401 4245 .

2266 4266 2359 4337 (87
2370 4276 2382 4326 )
2406 4265 2682 4337 νιιικεεὶς
2712 4262 2788 4333 δὴ
2820 4260 3098 4337 τάληθές.
3128 4260 3256 4317 Haec
3281 4262 3346 4315 ad
3389 4262 3785 4337 prteredentem

2198 4333 2479 4405 periodum
2501 4335 2695 4390 referri
2716 4346 2958 4404 possunt.
2978 4335 3157 4402 Atque
3175 4338 3245 4386 ita
3267 4344 3387 4400 post
3404 4333 3626 4387 verbum
3652 4334 3792 4385 ἀπο-

2198 4404 2503 4475 φαινόμεθα
2557 4418 2815 4472 ῃιιηςιυηι
2848 4407 3168 4475 Διιοιιιηιίιηιι
3216 4405 3357 4469 erit,
3402 4415 3455 4459 et
3505 4405 3657 4457 locus
3706 4419 3789 4457 sic

2205 4473 2494 4529 vertendus
2518 4493 2533 4530 :
2562 4478 2712 4529 Adeo
2739 4473 2924 4535 ntalii,
2946 4473 3087 4542 quod
3110 4475 3325 4541 quidem
3358 4476 3422 4525 ad
3440 4488 3786 4526 communem

508 4538 1573 4614 versiastt-rmiuat.Porroscribendum
1596 4541 1807 4614 videtur
1826 4538 2093 4614 ἑκάστους
2128 4542 2169 4595 D
2201 4546 2358 4598 fidem
2392 4547 2649 4614 pertinet,
2681 4538 2990 4597 nullatenus
3029 4538 3311 4597 inierint-es
3351 4544 3479 4607 sint,
3512 4545 3785 4609 siquidem

509 4612 830 4684 ἀρκεῖσθαιο
866 4613 1118 4678 sequitur
1146 4613 1292 4684 enim
1323 4610 1575 4684 καὶ-τῶν
1617 4609 1835 4684 οίκείων
1880 4610 2089 4684 πάντας

507 4676 817 4736 ἀπολαύειν.
854 4676 1176 4749 Quanquam
1198 4676 1332 4732 Fuk.
1351 4695 1416 4733 ac
1431 4678 1671 4734 Turnebi
1698 4679 1857 4734 codd.
1890 4682 2092 4733 habent

508 4755 728 4805 πάντων
761 4751 1073 4806 ἀπολαύειν.

579 4824 692 4894 (85)
738 4823 890 4894 Vulg.
924 4824 1010 4894 εἰς
1038 4820 1240 4894 ἕτερον
1258 4820 1693 4889 πλεονέκτημα.
1727 4817 2089 4894 Scribendum

504 4888 598 4946 est'
622 4888 702 4956 είς
722 4888 922 4962 ὲτέρὼν
945 4893 1341 4963 πλεονέκτημα.
1365 4896 1477 4944 Nm
1523 4888 1706 4951 deaet,
1741 4890 1916 4963 inquit
1943 4888 2090 4963 Cott~

503 4959 893 5028 stantiuns,'ut
933 4959 1259 5028 ltujusniotti
1287 4964 1604 5016 deliberatio
1637 4964 1702 5013 de
1738 4959 1987 5025 eligendo
2032 4961 2086 5013 in

504 5033 773 5086 Eustatbii
826 5031 1003 5083 locum
1062 5032 1342 5101 episcopo,
1372 5033 1492 5085 aliis
1550 5031 1801 5101 iniuriam
1850 5028 2081 5101 afferat;

501 5118 601 5156 nec
655 5102 792 5157 alias
852 5098 1118 5157 Ecclesias
1178 5098 1411 5170 spoliare
1457 5098 1687 5154 debetis.
1747 5098 1917 5152 Paulo
1967 5112 2089 5166 post

501 5177 776 5227 assentior
839 5174 1117 5241 Scaligcro
1157 5185 1213 5227 et
1255 5174 1786 5239 Christopborsono,
1836 5171 1953 5241 qni_
1982 5171 2084 5241 τῆς

500 5245 721 5297 πάντων
757 5238 1014 5308 διανοίας
1038 5245 1416 5296 etnettdnrttnl.
1459 5238 1635 5308 Atque
1671 5242 1741 5292 ita
1781 5243 1831 5292 in
1862 5238 1995 5294 Fuk.
2032 5238 2087 5294 et

502 5317 689 5370 Savilii
718 5316 879 5369 codd.
926 5328 981 5369 et
1030 5317 1082 5369 itt
1121 5317 1396 5368 veteribus
1439 5314 1655 5367 sehedis
1691 5313 1956 5380 scriptum
2003 5312 2085 5364 itt-

500 5390 642 5441 vrtti.

571 5457 681 5529 (86)
724 5459 828 5511 Ἂν
852 5457 902 5513 τ’
926 5454 1239 5524 ἐλάττους,
1267 5452 1346 5507 ἄν
1372 5451 1728 5529 tsﬂslé'ovc.
1749 5449 1805 5505 ld
1841 5460 1943 5529 est,
1964 5452 2085 5529 sive

499 5523 727 5583 minoris
765 5531 938 5592 urbis,
971 5523 1269 5595 Cuiusmodi
1301 5537 1384 5577 est
1416 5523 1685 5583 (Sesama,
1718 5525 1904 5577 inculte
1931 5527 2077 5586 sint;

498 5599 615 5651 sive
654 5602 875 5660 tnaiOris
935 5600 1207 5659 civitatis,
1269 5596 1571 5664 cujnsntodi
1624 5604 1709 5646 est
1764 5595 2078 5648 Antiochia.

500 5668 721 5735 Omnes,
749 5670 946 5738 tnqnit,
990 5678 1099 5720 tam
1140 5665 1520 5739 μικροπολῖται
1563 5678 1725 5739 quain
1760 5678 2078 5739 magnarum

500 5733 716 5793 urbium
764 5733 935 5801 cives,
983 5733 1396 5805 aeqttaies'sunt
1451 5733 1593 5804 apud
1659 5733 1866 5787 Deum.
1896 5735 2080 5799 Quare

505 5812 711 5862 minora
751 5812 946 5872 oppida
983 5824 1088 5861 non
1132 5819 1258 5862 sunt
1306 5806 1588 5876 spolianda
1638 5810 1751 5860 suis
1783 5806 2074 5874 episcopis.
2136 5874 2141 5877 η

2196 4629 2381 4667 verum
2415 4627 2599 4684 aperte
2630 4616 2876 4667 volumus
2904 4615 3105 4667 dicere.
3135 4616 3517 4684 Quamobrem
3540 4616 3645 4665 huc
3678 4628 3785 4666 nun

2192 4697 2274 4738 εει
2319 4683 2595 4739 hominem
2638 4696 2894 4744 retinere,
2925 4685 3020 4737 sed
3053 4685 3326 4751 abripere,
3356 4696 3461 4737 ουρ.
3494 4683 3679 4751 Atque
3711 4697 3785 4736 ita

2193 4754 2343 4809 locus
2369 4755 2457 4809 ltic
2484 4756 2843 4822 distinguitur
2871 4757 2922 4815 in
2961 4755 3234 4807 veteribus
3257 4754 3496 4807 schedis.

2265 4824 2376 4894 (88)
2414 4825 2491 4877 Δι’
2534 4824 2723 4892 ὀρθὴν
2762 4822 3124 4892 συμϐουλὴν
3160 4824 3544 4892 ἀφικόμενος.
3583 4822 3663 4878 Ex
3702 4823 3784 4877 his

2193 4896 2490 4964 colligitur,
2538 4896 2834 4948 Eusebium
2889 4905 3135 4948 nostrum
3172 4895 3528 4964 Antiochiam
3566 4896 3782 4948 venisse

2192 4981 2295 5017 una
2330 4962 2454 5018 cum
2506 4968 2731 5035 reliquis
2775 4965 3083 5031 episcopis.
3123 4966 3218 5033 qui
3268 4962 3617 5018 Eustathiutn
3666 4968 3778 5017 An—

2192 5037 2504 5089 tiochenum
2559 5039 2876 5105 episcomtm
2914 5036 2981 5105 in
3031 5038 3237 5105 synodo
3298 5038 3776 5089 condemnarunt“

2188 5115 2245 5159 et
2296 5107 2667 5161 Antiochenus
2718 5115 2840 5173 post
2892 5104 3288 5172 depositiouem
3342 5105 3614 5159 Ettstatbii
3653 5121 3776 5158 eum

2189 5190 2356 5243 penes
2406 5191 2465 5229 se
2511 5178 2761 5229 detinere
2812 5174 3068 5230 voluisse.
3117 5174 3229 5227 lloc
3294 5188 3380 5228 εει
3424 5176 3569 5240 quod
3614 5190 3778 5242 supra

2189 5248 2325 5316 dixit
2363 5245 2774 5308 Constantinus,
2807 5246 2870 5298 οὑ
2893 5243 3133 5308 κάθεξιν,
3170 5243 3287 5296 ἀλλ’
3313 5243 3605 5316 ἀφαίρεσιν
3643 5244 3784 5316 μᾶλ-

2186 5314 2298 5369 λον.
2328 5317 2471 5370 ldem
2507 5319 2667 5368 tradit
2695 5317 3062 5370 Tlteodorttus
3093 5317 3145 5367 iit
3176 5316 3266 5369 hii.
3296 5332 3334 5376 t.
3367 5314 3489 5382 Cap.
3520 5315 3614 5369 21.

2256 5390 2370 5455 (89)
2433 5389 2503 5439 Ὃ
2529 5385 2639 5453 τῆς
2686 5384 2975 5454 ὑμετέρας
3022 5386 3369 5455 συνηθείας.
3415 5385 3770 5439 Scrihendun.

2186 5468 2334 5525 puto,
2354 5454 2445 5510 ὅτι
2468 5458 2565 5525 τῆς
2585 5457 2857 5529 ὑμετέρας
2883 5454 3170 5529 σύνηθείας
3194 5457 3345 5508 ἐστὶν
3369 5456 3549 5529 ἀγαθῇ
3580 5457 3775 5526 γνώμῃ

2186 5524 2420 5598 σπουδὴν
2460 5524 2562 5599 τὴν
2609 5524 2705 5599 πρ.
2757 5524 3195 5599 είσενέγκασθαι.
3231 5524 3772 5599 subauditur"enim
3854 5524 3864 5533 ’

2183 5599 2292 5651 ἀπὸ
2322 5594 2751 5652 κοινοῦ’νει-ι›ὐιιι
2778 5594 3063 5668 θεάσασθε.
3092 5597 3247 5662 Quod
3274 5598 3319 5650 si
3347 5596 3469 5666 quis
3500 5596 3773 5668 vulgatam

2186 5671 2472 5723 lectienetn
2507 5672 2647 5725 tueri
2681 5670 2829 5732 velit,
2872 5667 3127 5737 equidem
3178 5682 3283 5722 non
3325 5667 3658 5738 magnopere
3684 5682 3775 5723 re-

2182 5743 2452 5811 pugnabo.
