4186 6456
494 424 629 488 1139

1220 420 1488 478 ΕΗΞΕΒΙΙ
1528 421 2007 479 (ἸᾸΣΞΜΠΕΝΞΙΞ
2032 419 2180 476 OPP.
2222 417 2406 471 PARS
2445 416 2482 469 l.
2516 447 2587 456 —-
2626 413 3015 470 HlSTOithA.

3614 416 3752 471 ιιιο

488 563 670 635 piens,
729 563 1053 619 hortabatur
1101 576 1216 625 eos,
1275 571 1331 616 ut
1377 563 1444 615 ad
1474 562 1683 617 laudem
1732 563 1931 617 divina:
1952 563 2046 616 reli

2175 574 2269 619 νος
2305 555 2584 626 βασιλεὺς,
2607 554 2785 609 πάντα
2814 552 3074 624 πράττειν
3102 554 3187 605 ἐπ’
3222 553 3467 626 εὐφημίᾳ
3490 552 3585 607 τοῦ
3609 554 3753 611 θείου

488 657 666 726 gionis
697 655 1092 725 propagandam
1118 664 1311 708 cuncta
1338 663 1584 723 agerent.
1617 651 1911 722 Postquam
1935 670 2067 709 vero

486 747 772 805 sublatise
806 745 985 801 medio
1021 746 1470 808 dissensionibus,
1522 745 1819 800 Ecclesiam
1863 746 1956 801 Dei
1998 747 2064 800 ad

487 839 864 901 concordiam,
888 845 943 891 et
974 838 1285 890 unanimem
1314 837 1575 890 doctrinae
1620 847 1942 891 concentum
1980 852 2068 891 re—

486 926 726 990 vocavit;
756 924 882 978 inde
907 933 1310 994 transgressus,
1341 924 1487 978 aliud
1529 924 1824 993 impiorum
1868 942 2062 996 genus,

484 1023 669 1084 utpote
718 1013 978 1083 pestilens
1027 1016 1250 1068 humani
1310 1014 1530 1084 generis
1586 1029 1878 1078 venenum,
1927 1019 2066 1071 abo-

484 1104 701 1159 lendum
740 1116 861 1158 esse
913 1103 1148 1159 censuit.
1200 1104 1368 1158 Erant
1424 1104 1475 1158 hi
1516 1106 1805 1175 perniciosi
1839 1108 2061 1175 quidam

480 1195 748 1259 homines,
780 1194 872 1264 qui
902 1196 1004 1250 sub
1030 1195 1163 1248 falsa
1195 1194 1476 1250 modestiae
1497 1206 1551 1250 et
1575 1197 1859 1266 gravitatis
1880 1199 2064 1267 specie

479 1285 645 1342 urbes
668 1288 976 1342 vastabant.
1005 1285 1154 1353 Quos
1193 1287 1716 1356 pseudoprophetas
1759 1298 1814 1342 et
1838 1304 2063 1356 rapaces

478 1377 635 1446 lupos
659 1378 858 1433 alicubi
884 1378 1149 1433 Servatur
1187 1378 1423 1448 appellat
1452 1380 1539 1433 his
1574 1380 1755 1434 verbis
1808 1397 1824 1435 :
1874 1380 2062 1435 Cavete

473 1485 508 1525 α
548 1468 702 1540 falsis
736 1470 1025 1539 prophetis,
1057 1470 1151 1540 qui
1175 1471 1376 1524 venient
1420 1471 1489 1524 ad
1533 1488 1622 1527 vos
1651 1473 1704 1526 in
1742 1475 2058 1528 vestimentis

473 1559 695 1626 ovium;
726 1560 870 1613 intus
905 1570 1081 1613 autem
1116 1568 1239 1613 sunt
1267 1559 1378 1627 lupi
1408 1576 1643 1628 rapaces.
1677 1559 1762 1614 Ex
1798 1560 2057 1627 fructibus

468 1666 653 1704 eorum
681 1653 1006 1722 cognoscetis
1056 1668 1163 1706 eos.
1210 1650 1376 1720 Igitur
1425 1653 1593 1708 misso
1645 1655 1709 1707 ad
1750 1655 2057 1721 provincia-

472 1756 593 1795 rum
621 1743 879 1811 praesides
901 1754 1194 1811 prarcepto,
1235 1743 1545 1810 lmjusmodi
1579 1744 1859 1799 hominum
1884 1761 2055 1815 genus

470 1833 656 1901 abegit
677 1848 742 1887 ac
771 1832 999 1904 fugavit.
1028 1834 1229 1888 Przeter
1259 1834 1434 1904 ipsam
1469 1843 1651 1890 autem
1686 1836 1882 1906 legem,
1939 1838 2055 1891 int-

2171 649 2330 717 λόγον
2381 646 2634 718 παρῄνει.
2702 645 2856 698 Ἐπεὶ
2902 643 2960 697 δὲ
3004 643 3104 707 τὰς
3152 643 3462 708 διαστάσεις
3512 646 3754 701 ἐκποδὼν

2170 737 2562 810 ποιησάμενος,
2604 734 2708 789 ὑπὸ
2750 734 3039 805 σύμφωνον
3081 733 3345 805 ἁρμονίαν
3388 735 3487 807 τὴν
3525 737 3755 810 Ἐκκληο

2170 831 2287 882 σεαν
2320 828 2416 882 τοῦ
2454 827 2591 881 Θεοῦ
2627 828 3021 897 κατεστήσατο,
3053 825 3202 879 ἔνθεν
3240 826 3501 896 μεταϐὰς,
3538 827 3666 882 ἄλλο
3699 844 3754 884 τι

2167 919 2323 986 γένος
2356 916 2532 972 ἀθέων
2557 916 2766 988 ἀνδρῶν
2781 915 2934 986 ᾠήθη
2951 916 3081 980 δεῖν,
3099 916 3287 986 ὥσπερ
3314 915 3639 989 δηλητήριον
3655 917 3753 975 τοῦ

2165 1009 2272 1063 τῶν
2301 1006 2603 1079 ἀνθρώπων
2627 1006 2831 1077 ἀφανὲς
2883 1006 3220 1076 καταστῆσαι
3266 1006 3411 1077 βίου·
3457 1006 3647 1080 φθόροι
3691 1006 3754 1064 δέ

2164 1119 2308 1166 τινες
2334 1102 2577 1171 ὑπῆρχον
2611 1094 2777 1163 οὗτοι,
2820 1102 3169 1169 προσχήματι
3211 1098 3395 1170 σεμνῷ
3421 1099 3757 1172 λυμαινόμε-

2165 1210 2245 1246 νοι
2270 1192 2367 1256 τὰς
2396 1192 2581 1255 πόλεις
2602 1209 2617 1223 ⁸
2650 1191 3099 1263 ψευδοπροφήτας
3133 1192 3387 1263 αὑτοὺςῆ
3417 1191 3618 1257 λύκους
3652 1192 3754 1268 ἆρ-

2165 1302 2347 1353 παγας
2379 1285 2646 1355 σωτήριος
2672 1282 2937 1335 ἀπεκάλει
2959 1275 3063 1335 ὧδέ
3084 1290 3185 1334 που
3211 1281 3543 1347 θεσπίζουσα
3574 1285 3749 1356 φωνή·

2161 1373 2495 1444 Προσέχετε
2560 1372 2679 1427 ἀπὸ
2728 1371 2848 1426 τῶν
2908 1371 3421 1441 ψευδοπροφητῶν
3442 1412 3461 1439 ,
3531 1374 3752 1442 οἵτινες

2159 1466 2516 1520 ἐλεύσονται
2554 1465 2708 1534 πρὸς
2748 1463 2906 1535 ὑμᾶς
2956 1465 3027 1518 ἐν
3062 1465 3357 1535 ἐνδύμασι
3405 1465 3752 1535 προϐάτων,

2158 1562 2385 1636 ἔσωθεν
2414 1560 2481 1614 δέ
2505 1564 2625 1615 εἱσι
2660 1562 2838 1615 λύκοι
2875 1560 3159 1631 ἅρπαγες*
3192 1560 3311 1615 ἀπὸ
3350 1558 3485 1632 τῶν,
3506 1562 3752 1632 καρπῶν

2157 1654 2357 1708 αὐτῶν
2433 1652 2842 1723 ἐπιγνώσεσθε
2900 1655 3145 1720 αὐτούς.
3214 1654 3623 1725 Καταπεμφθὲν
3683 1655 3748 1729 δὴ

2157 1749 2271 1809 τοῖς
2297 1745 2418 1799 κατ’
2450 1744 2602 1808 ἔθνος
2639 1746 2868 1817 ἡγεμόσι
2894 1746 3247 1817 πρόσταγμα,
3280 1748 3387 1800 πᾶν
3419 1748 3479 1800 τὸ
3501 1747 3609 1800 τῶν
3639 1764 3740 1801 τοι·

2156 1838 2329 1892 ούτων
2364 1837 2530 1908 σῦλον
2553 1838 2772 1910 ήλαυνε’
2804 1839 2940 1910 πρὸς
2971 1838 3029 1891 δὲ
3063 1837 3141 1910 τῷ
3163 1838 3334 1910 νόμῳ,
3363 1840 3458 1893 καὶ
3486 1840 3749 1904 ζωοποιὺν

472 1936 691 1992 perator
711 1928 1008 1981 salutarem
1045 1943 1263 1998 quoque
1295 1929 1691 1983 institutionem
1722 1930 1788 1982 ad
1820 1945 1917 1985 eos
1955 1946 2047 1983 no-

2156 1928 2506 1983 διδασκαλίαν
2542 1930 2623 1994 εἰς
2650 1928 2828 1982 αὐτῶν
2861 1929 3153 2001 πρόσωπον
3187 1930 3465 1996 διετίθετο,
3495 1931 3749 1987 σπεύδειν

466 2016 716 2070 minutim
746 2016 972 2083 direxit,
993 2018 1295 2072 exhortans
1353 2019 1603 2073 homines
1632 2029 1691 2073 ut
1726 2020 2054 2089 quantocius

464 2107 843 2177 paenitentiam
900 2122 1174 2179 agerent:
1227 2109 1527 2165 Ecclesium
1586 2112 1732 2165 enim
1782 2111 1874 2165 Dei
1921 2113 2053 2180 ipsis

461 2209 677 2267 portum
712 2202 906 2257 salutis
930 2202 1068 2259 fore.
1099 2203 1238 2258 Audi
1272 2219 1404 2274 ergo
1430 2205 1701 2274 quomodo
1731 2204 1783 2256 in
1814 2203 1930 2259 suis
1978 2205 2050 2257 ad

459 2305 559 2347 eos
587 2291 786 2348 litteris
809 2295 1192 2351 coneionatur.

1021 2387 1252 2444 CAPUT
1301 2387 1488 2444 LXIV.

607 2473 949 2530 Constantini
975 2480 1282 2533 constitutio
1319 2481 1572 2535 adversus
1614 2482 1908 2537 Itwreticos.

539 2584 562 2621 ι
598 2567 784 2624 Vittor
808 2570 1202 2627 Constantinus
1235 2571 1503 2629 Maximus
1533 2573 1806 2645 Augustus
1829 2615 1844 2641 ,
1878 2576 2051 2630 hatre-

460 2657 605 2713 ticis.

535 2768 558 2803 ι
580 2752 872 2821 Agnoscite
928 2769 1070 2809 nunc
1096 2754 1257 2824 lnijus
1286 2755 1424 2827 legis
1452 2755 1741 2822 beneﬁcio,
1788 2773 1821 2813 ο
1857 2758 2053 2813 Nova-

460 2841 619 2907 tiani,
647 2842 1035 2912 Valentiniani,
1088 2847 1475 2914 Marcionistaa,
1529 2849 1809 2915 Pauliani,
1837 2862 1886 2907 et
1929 2852 2050 2920 qui-

460 2936 562 2990 bus
588 2934 990 3009 Cataphrygtun
1022 2954 1217 2994 nomen
1278 2949 1364 2993 est
1416 2940 1648 2996 inditum
1671 2985 1686 3006 ,
1724 2957 1917 2997 omnes
1952 2944 2048 2998 de-

462 3027 628 3098 nique
660 3029 752 3099 qui
814 3030 1050 3086 hwreses
1099 3033 1330 3101 privatis
1364 3033 1604 3089 canibus
1657 3035 1940 3091 instruitis
1966 3047 2052 3089 at-

458 3136 567 3190 que
598 3121 862 3192 impletis,
890 3131 1024 3192 quot
1058 3125 1358 3179 mendaciis
1404 3127 1680 3195 opinionis
1722 3136 1921 3183 vestrae
1950 3144 2049 3182 νος

458 3217 603 3269 nitas
628 3213 961 3283 implicetur,
992 3225 1047 3270 et
1110 3231 1275 3285 quam
1310 3218 1637 3285 perniciosis
1666 3220 1889 3274 venenis
1945 3220 2047 3274 im-

459 3305 588 3358 lmta
640 3306 713 3361 sit
766 3314 947 3361 vestra
1003 3309 1297 3362 doctrina:
1351 3309 1488 3364 adeo
1551 3319 1609 3364 ut
1637 3311 1785 3365 sanis
1820 3312 2044 3367 morbus

456 3397 832 3467 gravissimus,
859 3399 1165 3454 viventibus
1190 3410 1451 3470 perpetua
1491 3417 1639 3457 mors
1687 3417 1784 3471 per
1809 3419 1904 3458 vos
1942 3404 2043 3457 im-

454 3499 721 3558 portetur.
776 3487 822 3544 0
887 3491 1135 3546 veritatis
1199 3493 1431 3560 inimici,
1470 3493 1657 3549 hostes
1688 3496 1832 3562 vitm,
1886 3496 2041 3551 exitii

378 3648 383 3655 l
455 3580 755 3635 consiliarii
789 3597 803 3635 :
838 3593 1034 3636 cuncta
1063 3583 1202 3651 apud
1236 3599 1333 3639 vos
1375 3595 1502 3639 suut
1546 3586 1759 3640 veritati
1823 3595 2045 3641 contra-

455 3671 572 3737 ria;
610 3671 947 3741 turpissimis
996 3672 1220 3743 ﬂagitiis
1258 3690 1495 3745 congrua
1550 3693 1566 3732 :
1626 3677 1844 3746 ineptiis
1887 3687 1941 3733 et
1976 3678 2043 3732 li-

453 3765 692 3833 gmentis
751 3763 909 3837 521
962 3766 1161 3820 referta
1189 3784 1203 3821 ιη
1235 3768 1431 3835 quibus
1475 3783 1575 3823 vos
1602 3771 1885 3825 mendacia
1910 3772 2046 3841 qni-

454 3857 582 3911 dem
623 3858 902 3926 astruitis;
961 3858 1281 3914 innocentes
1359 3870 1542 3916 autem
1612 3863 1944 3932 apprimitis,
1990 3872 2046 3920 et

454 3949 807 4005 credentibus
832 3949 1008 4004 lucem
1037 3952 1271 4021 negatis.
1301 3950 1381 4006 Ac
1410 3953 1514 4008 sub
1554 3955 1782 4009 obtentu
1821 3957 2040 4023 quidem

454 4042 760 4097 divinitatis
820 4043 1039 4097 assidue
1099 4055 1435 4112 peccantes,
1499 4057 1694 4101 cuncta
1753 4049 2038 4116 polluitis:

453 4149 621 4201 puras
663 4150 793 4189 vero
828 4146 877 4189 et
923 4136 1158 4189 illiliatas
1217 4138 1497 4192 hominum
1554 4142 1921 4195 conscientias
1954 4141 2045 4195 le—

455 4225 696 4281 tbatibus
748 4226 921 4295 plagis
953 4226 1279 4290 vulneratis,
1318 4238 1484 4296 atque
1534 4229 1711 4299 ipsmn
1740 4247 2045 4300 propemo-

452 4315 579 4370 dum
606 4317 750 4371 dieni
776 4317 1085 4371 mortalium
1113 4318 1287 4373 oculis
1321 4320 1675 4390 intercipitis.
1707 4321 1774 4376 Et
1804 4323 1929 4391 quid
1961 4334 2045 4377 at-

453 4408 589 4467 tinet
630 4410 846 4482 singula
906 4427 1255 4482 percensere,
1298 4427 1422 4467 cum
1481 4430 1581 4469 nec
1619 4414 1864 4471 brevitas
1909 4426 2045 4471 teni-

453 4503 625 4572 poris,
659 4518 759 4560 nec
788 4506 1105 4575 magnitudo
1128 4506 1551 4576 occupationum
1579 4518 1893 4563 nostrarum
1931 4525 2044 4577 pa—

2156 2020 2248 2074 ὲπὶ
2274 2020 2561 2091 μετάνοιαν
2595 2020 2896 2093 παρορμῶν
2924 2022 3049 2084 τοὺς
3082 2021 3302 2092 ἄνδρας·
3336 2023 3609 2094 σωτηρίας
3637 2024 3749 2096 γὰρ

2154 2112 2325 2182 ὅρμον
2351 2113 2536 2175 αὐτοῖς
2565 2111 2784 2165 ἔσεσθαι
2807 2111 2906 2183 τὴν
2937 2110 3264 2183 Ἐκκλησίαν
3284 2113 3379 2166 τοῦ
3408 2113 3563 2168 Θεοῦ.
3582 2115 3749 2170 Ἐπά-

2154 2220 2348 2256 κουσον
2388 2203 2433 2256 δ’
2478 2204 2627 2266 ὅπως
2679 2204 2775 2257 καὶ
2815 2202 3025 2267 τούτοις
3078 2203 3169 2258 διὰ
3216 2204 3311 2259 τοῦ
3362 2203 3500 2276 πρὸς
3546 2206 3748 2271 αὐτοὺς

2155 2293 2350 2365 ὡμίλει
2380 2294 2728 2366 γράμματος.

2679 2387 3080 2441 ΚΕΦΑΛΛΙΟΝ
3117 2388 3232 2441 ΞΝ.

2159 2480 2622 2537 Κωνσταττίνου
2668 2478 2962 2547 διάταγμα
3007 2479 3158 2546 πρὸς
3199 2479 3345 2545 τοὺς
3383 2482 3740 2548 αἰρετικούς.

2231 2592 2248 2623 ι
2283 2572 2527 2644 Νικητὴς
2552 2575 2960 2637 Κωνσταντῖνος
2986 2576 3257 2643 Μέγιστος
3282 2576 3571 2641 Σεϐαστὸς,
3591 2580 3741 2651 αἰρε-

2155 2668 2347 2729 τικοῖς.

2232 2776 2249 2807 ι
2291 2756 2588 2824 Ἐπέγνωτε
2635 2757 2728 2811 νῦν
2778 2757 2865 2811 διὰ
2909 2759 3007 2828 τῆς
3057 2758 3380 2830 νομοθεσίας
3422 2760 3647 2834 ταύτης,
3692 2756 3743 2818 ὦ

2152 2849 2504 2914 Ναυατιανοὶ,
2541 2850 2919 2914 Οὑαλεντῖνοιν
2941 2852 3386 2922 Μαρκιωνισταὶ,
3421 2853 3742 2919 Παυλιανοὶ,

2152 2940 2205 2994 οἵ
2231 2957 2291 2992 τε
2319 2940 2461 2995 κατὰ
2489 2940 2709 3011 Φρύγας
2731 2942 3180 3014 ἐπικεκλημένοι,
3209 2941 3304 2997 καὶ
3333 2944 3533 3009 πάντες
3553 2946 3743 3010 ἁπλῶς

2151 3031 2200 3082 oi
2225 3028 2324 3093 τὰς
2363 3029 2604 3101 αἱρέσεις
2645 3031 2732 3085 διὰ
2768 3032 2877 3084 τῶν
2925 3033 3139 3085 οἰκείων
3176 3033 3509 3105 πληροῦντες
3538 3051 3741 3107 συσση-

2156 3121 2363 3192 μάτων,
2396 3123 2512 3177 ὅσοι
2542 3121 2793 3192 ψεύδεσιν
2826 3125 2860 3194 ή
2901 3124 3030 3194 παρ’
3059 3124 3188 3194 ὑμῖν
3235 3124 3531 3197 ματαιότης
3562 3127 3742 3197 ὲμπὲ-

2153 3211 2402 3273 πλεκται.
2430 3213 2526 3267 καὶ
2552 3214 2699 3278 ὅπως
2724 3214 2948 3279 ἰοϐὁλοις
2965 3216 3075 3269 τισὶ
3102 3216 3416 3287 φαρμάκοις
3441 3220 3473 3290 ή
3498 3218 3742 3291 ὑμετέρα

2151 3305 2431 3375 συνέχεται
2460 3305 2809 3360 διδασκαλία⁸
2849 3307 2926 3369 ὡς
2969 3308 3095 3371 τοὺς
3144 3308 3243 3378 μὲν
3283 3309 3626 3377 ὑγιαίνοντας
3659 3312 3743 3374 είς

2148 3397 2469 3465 ἀσθένειαν,
2518 3400 2647 3463 τοὺς
2697 3399 2755 3453 δὲ
2817 3398 3029 3464 ζῶντας
3083 3402 3164 3464 εἰς
3225 3401 3447 3474 διηνεκῆ
3508 3403 3741 3459 θάνατον

2147 3489 2455 3558 ἀπάγεσθαι
2483 3490 2548 3545 δι’
2579 3491 2753 3563 ὑμῶν.
2788 3487 2861 3544 Ὠ
2883 3493 2980 3563 τῆς
3009 3494 3106 3563 μὲν
3126 3493 3384 3564 ἀληθείας
3406 3493 3613 3565 ἐχθροὶ,
3637 3498 3742 3567 τῆς

2145 3580 2202 3635 δὲ
2237 3580 2380 3653 ζωῆς
2426 3582 2699 3654 πολέμιοι,
2741 3584 2835 3636 καὶ
2885 3584 3167 3647 ἀπολείας’
3194 3584 3517 3656 σύμϐουλοιί
3558 3588 3743 3641 πάντα.

2146 3676 2277 3745 παρ’
2306 3675 2434 3745 ὑμῖν
2465 3674 2564 3745 τῆς
2589 3672 2849 3746 ἀληθείας
2885 3674 3033 3726 ἐστὶν
3067 3674 3308 3739 ἐναντία,
3353 3675 3601 3745 αἰσχροῖς
3634 3692 3740 3728 πο-

2146 3766 2457 3839 νηρεύμασι
2496 3767 2817 3836 συνᾴδοντα,
2872 3766 3124 3831 ἀτοπίαις
3167 3767 3262 3820 καὶ
3311 3766 3553 3838 δράμασι
3598 3767 3739 3838 χρῆ-

2150 3874 2226 3928 μα
2261 3858 2359 3930 (8),
2394 3857 2459 3910 δι’
2484 3851 2560 3912 ὧν
2595 3859 2751 3928 ὑμεῖς
2797 3859 2866 3912 τὰ
2896 3857 2996 3928 μὲν
3043 3857 3212 3930 ψευδῆ
3271 3856 3736 3925 κατασκευάζετε,

2145 3951 2272 4013 τοὺς
2292 3949 2335 4002 δ’
2351 3951 2769 4021 ἀναμαρτήτους
2785 3949 3016 4016 θλίϐετε,
3033 3949 3093 4004 τὸ
3119 3949 3232 4020 φῶς
3249 3953 3359 4014 τοῖς
3389 3950 3737 4005 πιστεύουσιν

2146 4039 2419 4112 ἀρνεῖσθε.
2448 4040 2569 4093 Ἐπὶ
2598 4041 2950 4112 προσχήματι
2977 4039 3107 4109 γοῦν
3141 4040 3416 4111 θειότητος
3441 4040 3529 4093 ἀεὶ
3560 4040 3738 4113 πλημ-

2150 4134 2462 4205 μελοῦντες,
2487 4134 2664 4187 πάντα
2706 4131 2969 4204 μιαίνετε,
3001 4132 3099 4197 τὰς
3130 4132 3342 4197 ἀθώους
3370 4132 3463 4186 καὶ
3488 4131 3737 4205 καθαρὰς

2149 4226 2483 4298 συνειδήσεις
2537 4225 2934 4297 θανατηφόροις
2992 4225 3229 4295 πληγαῖς
3302 4225 3732 4298 τραυματίζετε,

2144 4317 2283 4387 αὑτὴ
2301 4333 2316 4363 t
2339 4317 2419 4379 δὲ,
2455 4315 2639 4387 σχεδὸν
2668 4317 2864 4379 εἰπεῖν,
2894 4315 2992 4386 τὴν
3012 4313 3225 4386 ἡμέραν
3253 4313 3362 4367 τῶν
3378 4312 3734 4385 ἀνθρωπείων

2144 4406 2439 4480 ὀφθαλμῶν
2468 4406 2873 4475 καθαρπάζετε.
2923 4408 3035 4461 Καὶ
3059 4406 3109 4460 τί
3143 4407 3226 4460 δεῖ
3261 4406 3602 4462 καθέκαστον
3642 4406 3735 4461 λέ-

2144 4516 2293 4569 γειν;
2329 4500 2500 4553 Ὅπου
2532 4517 2595 4569 γε
2624 4500 2753 4571 περὶ
2789 4498 2899 4552 τῶν
2933 4498 3213 4571 ὑμετέρων
3252 4498 3437 4552 κακῶν
3466 4500 3643 4553 εἰπεῖν
3680 4515 3739 4555 τι

452 4594 657 4649 tiantnr
718 4612 819 4652 nos
848 4599 915 4652 de
945 4597 1272 4654 criminibus
1301 4599 1504 4654 vestris
1533 4615 1631 4668 pro
1666 4600 1866 4655 merito
1897 4602 2040 4671 ipso-

2151 4596 2266 4652 κατ’
2292 4593 2470 4659 ἀξίαν,
2499 4591 2620 4647 οὔτε
2646 4592 2877 4665 βραχέος
2905 4592 3024 4646 ἐστὶ
3051 4593 3265 4663 χρόνου,
3303 4591 3429 4646 οὔτε
3461 4592 3571 4645 τῶν
3599 4593 3721 4664 ήμεο

451 4701 573 4740 rum
604 4688 770 4742 verba
807 4689 1030 4745 facere?
1061 4690 1270 4760 Quippe
1311 4700 1418 4743 tam
1447 4692 1635 4760 gravia
1673 4702 1798 4747 sunt
1828 4703 1883 4748 et
1919 4696 2037 4747 im-

450 4791 635 4834 mensa
669 4779 872 4833 scelera
932 4793 1153 4848 vestra;
1209 4782 1347 4838 adeo
1372 4783 1515 4837 fmda
1556 4793 1612 4840 et
1636 4787 1785 4839 onmi
1821 4788 2038 4841 atroci-

449 4880 563 4925 tate
614 4872 991 4938 exuberantia,
1052 4885 1112 4928 ut
1155 4891 1225 4931 ne
1287 4877 1405 4930 dies
1462 4879 1682 4946 quidem
1726 4881 1936 4949 integer
1968 4882 2035 4934 ad

447 4978 637 5017 eorum
671 4964 1092 5034 explicationem
1145 4967 1397 5024 subiciat.
1462 4969 1524 5023 Et
1558 4971 1760 5040 alioqui
1817 4972 1886 5025 ab
1919 4971 2037 5025 hu—

444 5055 682 5121 iusmodi
736 5059 897 5111 rebus
955 5074 1117 5115 aures
1171 5075 1425 5118 amovere
1480 5073 1535 5117 ct
1566 5063 1755 5118 oculos
1785 5075 2036 5119 avertere

446 5152 628 5216 decet,
675 5164 746 5204 ne
806 5166 935 5218 pura
986 5166 1050 5206 ac
1083 5152 1297 5208 sincera
1342 5155 1467 5210 fidei
1525 5165 1725 5211 nostra:
1779 5156 2036 5211 alacritas

444 5239 765 5307 particulari
829 5255 1019 5295 earum
1069 5242 1405 5310 expositione
1462 5243 1716 5298 violetur.
1781 5245 2036 5309 Quidtest

446 5333 614 5402 igitur
667 5333 817 5403 quod
876 5332 1182 5400 huiusmodi
1241 5336 1384 5390 maia
1442 5337 1647 5391 diutius
1699 5337 2038 5392 toleremus?

449 5424 689 5479 maxime
711 5440 834 5479 cum
864 5425 1122 5479 diuturna
1160 5426 1423 5494 patientia
1464 5428 1650 5489 faciat,
1684 5436 1741 5480 ut
1775 5426 1827 5480 hi
1884 5442 2036 5495 quo-

443 5538 481 5612 ἢ
512 5537 838 5612 ὑποϐάλλειν
869 5539 1059 5611 ὄνομα.
1092 5540 1165 5594 De
1192 5542 1476 5596 catholicis
1499 5558 1629 5596 vero
1659 5541 2035 5595 sacerdotibus

445 5611 539 5679 qui
584 5626 642 5665 se
688 5626 859 5682 puros
901 5629 929 5663 ιι
984 5612 1183 5682 Meletii
1231 5614 1527 5666 schismate
1578 5620 1910 5674 servassvnt,
1963 5614 2032 5663 ita

447 5680 702 5754 sanciunt
728 5697 744 5754 :_
780 5680 1079 5754 ΪΕξουσίανΑ
1109 5681 1256 5754 ἔχειν
1296 5684 1390 5737 καὶ
1417 5682 1893 5754 προχειρίζεσθαι,
1943 5683 2036 5735 καὶ

446 5756 617 5825 (Nega
637 5751 1123 5825 enthéycabat_régv
1140 5751 1318 5820 ’ἀξίων
1347 5752 1443 5808 τοῦ
1475 5751 1703 5825 κλήρου.

522 5821 597 5884 (8)
633 5821 856 5890 Χρῆμα.
894 5824 947 5874 In
992 5822 1154 5886 Fuk.,
1200 5829 1329 5879 δην.
1379 5837 1436 5877 et
1486 5821 1720 5877 Tui-uehi
1755 5823 2033 5877 codicibus

453 5892 713 5961 Scriptum
745 5894 921 5949 inveni
951 5892 1232 5968 χαίροντα,
1276 5904 1437 5967 prout
1479 5894 1744 5962 Scaliger,
1782 5890 2030 5950 Christo-

2143 4688 2320 4759 τὲρων
2350 4687 2649 4758 ἀσχολιῶν*
2682 4687 2825 4739 οὕτω
2857 4686 2966 4757 γάρ
3011 4687 3126 4739 ἐστι
3168 4685 3356 4756 μακρά
3386 4685 3481 4739 καὶ
3514 4686 3730 4757 ἄμετρα

2139 4780 2208 4834 τὰ
2235 4782 2366 4851 παρ’
2394 4781 2522 4851 ὑμῖν
2549 4781 2723 4851 ἀτοπή
2734 4796 2897 4849 ματα,
2934 4778 3108 4843 οὓτως
3138 4778 3384 4849 εἰδεχθῆ,
3414 4780 3511 4833 καὶ
3548 4780 3730 4849 πάσης

2140 4871 2412 4943 ἀπηνείας
2458 4873 2664 4944 πλήρη,
2701 4873 2778 4935 ὡς
2824 4872 2946 4943 μηδ’
2986 4872 3279 4944 ὀλόκληρον
3323 4871 3540 4943 ἡμέραν
3593 4870 3732 4942 πρὸς

2140 4963 2405 5034 ἔκφρασιν
2420 4965 2625 5017 τούτων
2638 4965 2826 5037 ἀρκεῖν
2846 4981 2859 4993 ·
2890 4964 3065 5027 ἄλλως
3111 4981 3168 5017 τε
3207 4966 3301 5017 καὶ
3332 4963 3601 5018 ἐκκλίνειν
3621 4964 3732 5016 τῶν

2137 5055 2392 5109 τοιούτων
2415 5058 2681 5129 προσήκει
2713 5056 2812 5119 τὰς
2841 5054 3030 5119 ἀκοὰς,
3050 5056 3174 5120 τούς
3191 5058 3236 5109 τ’
3259 5056 3571 5129 ὀφθαλμοὺς
3589 5059 3730 5112 ἀπο·

2139 5150 2560 5221 στρέφεινρπὲρ
2579 5148 2668 5203 τοῦ
2690 5148 2763 5220 μή
2784 5149 3098 5220 χραίνεσθαι
3114 5151 3179 5220 τῇ
3198 5148 3536 5203 καθὲκαστον
3548 5150 3733 5222 διηγή-

2140 5241 2335 5312 σειτὴν
2371 5242 2469 5312 τῆς
2497 5242 2770 5312 ἡμετέρας
2804 5241 3041 5305 πίστεως
3071 5241 3340 5314 εἰλικρινῆ
3360 5242 3728 5316 καίκαθαράν

2139 5333 2472 5405 προθυμίαν.
2510 5335 2577 5387 Τί
2610 5330 2725 5397 οὖν,
2748 5333 3049 5405 ἀνεξόμεθα
3083 5334 3391 5407 περαιτέρω
3419 5335 3526 5388 τῶν
3557 5334 3728 5389 τοιού-

2137 5443 2246 5479 των
2281 5427 2499 5494 κακῶν;
2525 5428 2713 5501 Ἀλλ’-η
2731 5429 2918 5501 μακρά
2936 5428 3386 5499 παρεπιθύμησις
3413 5428 3511 5499 (9),
3534 5428 3727 5501 ὥσπερ

2137 5542 2442 5611 pltorsmtus
2469 5542 2667 5611 aliique
2695 5544 2745 5595 in
2778 5545 2888 5607 suis
2917 5543 3070 5595 libris
3104 5526 3440 5610 repererunt.

2210 5614 2285 5680 (9)
2313 5612 2522 5680 Μαχμὰ
2556 5615 3056 5683 παρεπιθύμησις.
3094 5612 3721 5685 ἰθυνιολπαρενθύμλσις,

2138 5682 2189 5752 id
2221 5694 2320 5748 est,
2360 5685 2675 5752 negligentia
2723 5695 2774 5737 et
2837 5682 3214 5737 dissimulatio.
3258 5683 3315 5738 ltt
3361 5682 3723 5748 corldaFuk“

2138 5750 2306 5805 Sat-il.
2358 5750 2697 5807 ac‘Turnehi
2755 5754 3054 5822 ὑπέρθεσις
3106 5756 3321 5822 legitur.
3376 5752 3548 5808 Paulo
3603 5765 3725 5822 post

2139 5772 2306 5805 δαὶ-ιι.
2358 5772 2422 5807 3C
2475 5772 2697 5807 IUI'lICIlI
2755 5772 2860 5808 υπε
2903 5772 3054 5818 υεσις
3106 5772 3321 5822 nglllll‘.
3376 5772 3548 5808 ΙῚΙΙΙΙΟ
3603 5772 3676 5822 μοι

2136 5824 2317 5880 seribo
2343 5840 2409 5879 ex
2445 5826 2628 5882 codice
2664 5822 2824 5891 Fuit...
2856 5772 2947 5882 gtdt
2965 5825 3228 5898 δημοσίας
3268 5823 3676 5899 ὲπιστρεφείας.
