4186 6456
353 455 485 514 {165

1456 448 1547 502 DE
1589 446 1749 503 VlTA
1786 442 2249 501 CONSTANTINI
2288 445 2419 503 LIB.
2463 445 2555 503 IV.

3484 450 3621 505 “(i2

353 574 387 645 ἠ
442 570 561 625 θεία
608 567 768 642 μῆνις
819 565 927 620 τῶν
984 566 1112 637 τῇδε
1176 564 1516 627 ἀπελάσασα,
1563 566 1677 628 τοῖς
1748 561 1943 632 ὑμετέ-

2052 560 2225 616 iustar
2254 562 2495 619 fulminis
2530 564 2807 634 ingruens,
2833 565 3075 634 fugatum
3107 580 3174 621 ex
3197 565 3405 620 nostris
3443 565 3622 634 regio-

358 682 472 737 ροις
537 662 729 733 μέρεσι
800 659 1175 731 παραδέδωκε,
1239 657 1340 729 τῆς
1397 658 1481 711 ἐπ’
1547 656 1696 726 αύτῷ
1754 654 1945 724 αἰσχύ-

355 771 453 825 νης
503 753 616 824 (40)
653 749 1086 821 πολυθρύλλητον
1115 750 1176 803 τὸ
1206 749 1335 820 παρ’
1361 748 1491 819 ὑμῖν
1524 748 1782 820 τρόπαιον
1818 747 1946 799 ἁπο-

360 846 633 917 φήναντα.
653 864 673 898 ι

879 932 1278 987 ΚΕΦΑΛΑΙΟΝ
1322 931 1423 986 lB'.

363 1027 484 1080 Ὅτι
517 1027 636 1081 τῶν
668 1020 790 1097 μὲν
819 1026 1083 1097 διωκτῶγ
1111 1022 1233 1080 εἶδε
1268 1026 1376 1092 τὰς
1395 1023 1683 1097 πτώσεις,
1701 1023 1951 1094 εὐθυμεῖ

471 1098 537 1151 δὲ
565 1095 685 1152 νῦν
709 1097 805 1151 διὰ
836 1115 950 1166 την
999 1096 1110 1150 τῶν
1167 1095 1531 1165 Χριστιανῶν
1560 1095 1829 1164 εἰρήνην.

437 1211 457 1245 ι
501 1191 659 1245 Ἀλλὰ
684 1190 792 1263 γὰρ
825 1192 904 1256 είς
930 1190 1094 1244 καλὸν
1118 1191 1293 1244 ἐκεῖνο
1326 1187 1740 1260 προκεχώρηκε,
1774 1188 1835 1241 τὸ
1884 1192 1943 1243 ὲν

360 1284 439 1355 τῷ
472 1284 591 1338 καθ’
616 1285 763 1354 ἡμᾶς
789 1282 943 1336 αἰῶνι
974 1282 1071 1354 τὴν
1107 1282 1215 1336 τῶν
1254 1282 1511 1336 τοιούτων
1544 1282 1815 1353 τιμωρίαν
1842 1298 1942 1335 πε·-

368 1372 563 1443 ριφανῆ
592 1371 885 1443 δειχθῆναι·
911 1371 1122 1425 ἐπεῖδον
1145 1370 1253 1443 γὰρ
1281 1373 1377 1425 καὶ
1410 1371 1571 1436 αὐτὸς
1588 1371 1695 1424 τῶν
1713 1372 1943 1444 ἔναγχος

363 1462 641 1532 ἀθεμίτοις
670 1460 1055 1533 προστάγμασι
1082 1461 1173 1515 τὸν
1195 1460 1272 1532 τῷ
1293 1459 1411 1532 Θεῷ
1435 1461 1790 1533 ἀνακείμενον
1816 1461 1941 1516 λαὸν

362 1553 796 1626 ὲκταραξάντων.
829 1554 920 1606 Διὸ
952 1553 1016 1625 δὴ
1049 1554 1141 1607 καὶ
1176 1552 1343 1625 πολλὴ
1377 1552 1650 1627 χάρις.τῷ
1686 1552 1826 1625 Θεῷ,
1859 1553 1941 1606 ὅτι

362 1646 545 1719 τελείᾳ
577 1646 802 1718 προνοίᾳ
844 1648 952 1700 πᾶν
974 1646 1035 1699 τὸ
1067 1643 1404 1717 ἀνθρώπινον
1428 1644 1490 1698 τὺ
1523 1643 1826 1717 θεραπεῦον
1851 1644 1941 1696 τὸν

363 1737 504 1791 θεῖον
523 1738 705 1808 νόμον,
730 1736 1082 1807 ἀποδοθείσης
1116 1737 1299 1800 αὐτοῖς
1321 1736 1419 1807 τῆς
1450 1737 1693 1807 εἰρήνης,
1720 1735 1943 1803 ἀγάλλε-

363 1847 454 1883 ται
511 1832 607 1884 καὶ
639 1832 859 1903 γαυριᾷ.
905 1829 1184 1883 Ἐντεῦθεν
1234 1830 1328 1883 καὶ
1363 1831 1495 1901 ήμῖν
1527 1829 1709 1893 αὐτοῖς
1747 1829 1942 1882 πέπει-

2048 653 2207 709 nibus
2237 668 2448 711 vestras
2478 658 2531 713 in
2579 668 2755 715 terras
2798 658 3193 727 transportavit
3225 674 3240 710 :
3275 658 3367 722 qui
3401 656 3621 725 quidem

2045 760 2145 799 suo
2168 748 2435 804 dedecore
2464 762 2632 821 atque
2662 752 2960 822 ignominia
2992 762 3252 820 tropaeum
3280 749 3415 804 illud
3440 757 3621 804 tanto-

2044 852 2179 907 pere
2206 854 2236 893 a
2271 840 2715 910 vobisjactatum
2755 844 3095 898 constitnit.s

2635 932 2864 988 CAPUT
2913 932 3025 987 XII.

2046 1018 2204 1083 Quod
2229 1032 2625 1093 persecuturum
2653 1026 2864 1078 ruinam
2898 1025 3106 1083 viderit.
3150 1024 3393 1093 quodque
3418 996 3527 1090 iam
3555 1024 3621 1081 ob

2397 1092 2821 1148 Christianorum
2838 1110 3017 1163 pacem
3035 1094 3265 1148 uelatur.

2120 1199 2140 1232 ι
2180 1180 2468 1238 Enimvero
2482 1185 2765 1239 commode
2789 1184 2989 1239 factum
3016 1185 3250 1250 videtur,
3268 1185 3409 1254 quod
3435 1156 3646 1240 nostra?

2042 1288 2258 1345 quoque
2306 1284 2463 1330 aetate
2503 1275 2816 1344 huiusmodi
2870 1277 3123 1332 homines
3178 1278 3626 1333 manifestissime

2042 1378 2235 1434 pmnas
2267 1366 2557 1421 dederunt.
2599 1365 2733 1422 Nam
2779 1376 2833 1421 et
2886 1382 2988 1435 ego
3028 1377 3302 1437 Spectator
3333 1367 3407 1421 l'ni
3442 1368 3624 1425 exitus

2046 1457 2283 1523 illorum,
2306 1460 2396 1527 qui
2429 1474 2604 1528 nuper
2629 1457 3339 1529 iniquissimisjussionibus
3368 1458 3623 1527 populum

2046 1549 2154 1603 Deo
2180 1560 2562 1607 consecratum
2594 1552 3031 1621 exagitaverant.
3080 1550 3315 1606 Proinde
3359 1551 3625 1605 titaxitnas

2047 1644 2153 1698 Deo
2176 1644 2379 1712 gratias
2406 1660 2526 1715 ago,
2559 1644 2712 1713 cujus
2745 1645 3010 1716 singulari
3040 1645 3381 1717 providentia
3440 1644 3623 1700 cuncti

2043 1735 2300 1790 mortales
2322 1736 2413 1805 qui
2442 1737 2687 1791 divinam
2720 1736 2897 1808 legem
2925 1738 3243 1802 observant,
3273 1737 3479 1792 reddita
3507 1736 3612 1792 sibi

2043 1842 2179 1896 pace
2206 1827 2481 1883 exsultant
2520 1844 2586 1884 ac
2623 1830 2883 1899 gestiunt.
2912 1830 2992 1886 Ex
3022 1845 3130 1899 quo
3147 1830 3308 1899 plane
3339 1830 3469 1884 mihi
3500 1844 3629 1900 per-

365 1939 519 1993 σμαι,
547 1922 622 1985 ὡς
644 1923 724 1976 δτι
746 1921 1006 1976 κάλλιστα
1028 1921 1122 1975 καὶ
1138 1921 1524 1991 ἀσφαλέστατα
1543 1919 1688 1991 ἔχειν
1705 1920 1938 1984 ἅπαντα,

2050 1923 2270 1985 suadeo,
2298 1923 2602 1980 rectissime
2631 1924 2814 1979 omnia
2856 1937 2921 1977 ac
2972 1921 3246 1977 tutissime
3292 1937 3353 1977 se
3396 1920 3624 1990 habere,

360 2013 523 2067 ὁπότε
548 2013 634 2067 διὰ
668 2013 765 2084 τῆς
789 2012 1012 2067 ἐκείνων
1036 2011 1284 2083 καθαρᾶς
1310 2029 1369 2065 τε
1394 2015 1491 2066 καὶ
1517 2010 1742 2081 δοκίμου
1807 2009 1942 2082 θρη-

2050 2031 2169 2070 cum
2213 2030 2312 2084 per
2363 2031 2555 2082 puram
2610 2032 2675 2072 ac
2732 2017 3008 2072 sinceram
3057 2014 3270 2069 illorum
3305 2012 3627 2083 religionem

365 2104 573 2169 σκείας,
613 2106 678 2158 ὲκ
720 2104 821 2174 τῆς
850 2105 978 2174 περὶ
1005 2103 1067 2157 τὸ
1094 2102 1237 2156 θεῖον
1285 2101 1605 2173 συμφωνίας
1635 2101 1839 2164 πάντας
1865 2102 1945 2164 είς

2050 2123 2250 2178 perque
2307 2109 2635 2163 concordem
2691 2108 2757 2163 de
2791 2108 2977 2163 divino
3010 2105 3245 2161 Numine
3291 2106 3624 2162 sententiain

362 2197 549 2251 ἑαυτὸν
568 2195 809 2268 ἀγείρειν
843 2195 999 2260 ἀξιοῖ.
1057 2213 1077 2248 ι

884 2376 1283 2431 ΚΕΦΑΛΛΙΟΝ
1328 2376 1429 2429 II".

364 2468 789 2539 Παρακλήσεις
822 2466 978 2522 ὥστε
1015 2469 1157 2592 “(civim
1198 2468 1336 2544 ἕταρ’
1367 2462 1528 2530 αὐτῷ
1553 2465 1949 2533 Χριστιανοὺς

1068 2552 1285 2592 ναέταν.

1068 2552 1285 2607 manu.

440 2650 460 2684 ι
494 2629 695 2684 Τούτου
721 2629 816 2683 τοῦ
844 2628 1141 2698 καταλόγου
1178 2628 1288 2700 (41)
1315 2627 1421 2683 τῶν
1451 2628 1770 2701 ἀνθρώπων,
1805 2626 1950 2698 λέγω

363 2721 428 2793 δὴ
465 2722 574 2775 τῶν
600 2723 963 2794 Χριστιανῶν,
991 2715 1065 2778 ὧν
1088 2721 1229 2793 ὑπὲρ
1245 2720 1449 2775 τούτων
1474 2722 1502 2773 ὁ
1518 2722 1626 2784 πᾶς
1653 2739 1742 2793 μοι
1768 2720 1948 2789 λόγος,

367 2814 486 2878 πῶς
525 2814 626 2869 οίει
662 2832 729 2886 με
750 2815 976 2886 ἥδεσθαι
1011 2814 1298 2879 ἀκούοντα,
1333 2816 1415 2869 ὅτι
1445 2814 1660 2884 καὶτῆς
1688 2814 1950 2885 Περσίδος

363 2905 433 2960 τὰ
458 2906 726 2977 κράτιστα
746 2905 1308 2977 ἐπιπλεῖστον,ὥσπερ
1341 2905 1455 2959 ἐστι
1488 2921 1577 2977 μοι
1621 2903 1949 2975 βουλομένῳ,

364 2997 725 3069 κεκόσμηται.
762 2998 853 3051 Σοί
875 2998 922 3051 τ’
950 2993 1044 3051 οὖν
1076 2998 1152 3061 ὼς
1191 2998 1274 3050 ὅτι
1298 2996 1587 3060 κάλλιστα,
1618 2996 1848 3060 ἐκείνοις
1903 2994 1951 3048 θ’

362 3086 621 3151 ὡσαύτως
640 3087 963 3159 ὑπάρχοιτὰ
975 3087 1259 3149 κάλλιστα,
1275 3088 1304 3141 ὃ
1330 3105 1382 3141 τι
1414 3088 1497 3141 σοὶ
1519 3087 1795 3151 κάκείνοις
1815 3086 1949 3158 (42).

364 3177 522 3234 Οὕτω
566 3179 676 3251 γὰρ
710 3178 851 3243 ἔξεις
901 3178 994 3232 τὸν
1042 3178 1153 3232 τῶν
1208 3179 1344 3233 ὅλων
1401 3179 1681 3251 Δεσπότην
1739 3178 1951 3249 πατέρα

2044 2213 2237 2253 omnes
2293 2198 2541 2256 homines
2590 2200 2661 2256 ad
2704 2200 2945 2271 seipsum
3002 2212 3302 2269 aggregare
3349 2199 3493 2255 Deus
3543 2197 3630 2255 di-

2046 2299 2260 2358 gnetur.
2294 2307 2314 2340 ι

2628 2379 2860 2437 CAPUT
2901 2379 3039 2436 Xlll.

2048 2467 2366 2525 Exhortatio
2392 2479 2446 2525 ut
2468 2469 2796 2526 Christianos
2820 2472 2875 2526 in
2910 2468 3126 2525 Perside
3146 2478 3355 2537 agentes
3388 2468 3627 2523 benevole

2637 2544 3035 2610 complectatur.

2127 2629 2380 2699 tQuanta
2403 2647 2564 2703 porro
2596 2633 2867 2705 voluptate
2918 2648 3004 2688 me
3057 2633 3195 2688 allici
3239 2646 3453 2698 censes,
3502 2645 3626 2685 cum

2053 2725 2212 2780 audio
2247 2725 2299 2780 id
2324 2725 2472 2795 quod
2499 2725 2632 2780 mibi
2662 2727 2899 2782 maxime
2924 2726 2977 2783 in
3013 2728 3153 2783 votis
3184 2724 3501 2788 est,borum
3529 2722 3632 2776 bo-

2053 2820 2259 2873 minum
2290 2819 2657 2883 multitudine,
2699 2819 3132 2877 Christianorum
3162 2819 3380 2875 scilicet
3402 2814 3493 2890 (de
3542 2816 3632 2870 bis

2051 2911 2197 2967 enim
2227 2911 2282 2964 in
2313 2911 2605 2981 praesentia
2635 2909 3221 2982 loquor),nobilissima
3243 2922 3473 2979 quaeque
3499 2904 3633 2961 Per-

2054 3002 2188 3058 sidis
2217 3001 2333 3057 loca
2365 3000 2522 3072 longe
2568 2998 2787 3070 lateque
2821 3015 2946 3057 esse
2974 3001 3255 3056 decorata.
3289 2998 3430 3069 Opto
3467 2997 3634 3068 igitur

2055 3103 2196 3149 utet
2254 3102 2359 3149 tute
2404 3107 2492 3149 res
2518 3107 2681 3164 quam
2715 3092 3143 3158 ﬂorentissimae,
3169 3101 3225 3146 et
3261 3090 3475 3146 illorum
3505 3104 3634 3159 per-

2059 3181 2184 3236 inde
2220 3180 2329 3236 sint
2372 3178 2774 3236 ﬂorentissimae
2811 3194 2830 3235 :
2860 3180 2961 3235 hoc
2995 3190 3079 3235 est
3107 3195 3169 3235 ut
3204 3190 3330 3246 tuae,
3364 3182 3443 3234 sic
3469 3177 3631 3251 533

362 3269 498 3324 Θεὸν
518 3242 658 3342 (ιδ),
670 3242 799 3325 ἵλεω
828 3272 923 3325 καὶ
951 3271 1173 3342 εὐμενῆ.
1194 3272 1431 3335 Τούτους
1453 3242 1740 3344 τοιγαροῦν
1759 3242 1946 3343 ἐπειδὴ

2056 3272 2290 3327 illorum.
2319 3269 2435 3327 Hoc
2463 3270 2609 3325 enim
2648 3273 2808 3326 modo
2839 3285 3111 3327 summum
3162 3271 3405 3327 omnium
3453 3271 3634 3325 Domi-

362 3363 618 3426 τοσοῦτος
650 3358 722 3427 εἴ,
759 3364 840 3416 σοὶ
875 3361 1266 3434 παρατίθεμαι,
1305 3363 1432 3427 τοὺς
1476 3364 1672 3428 αὐτοὺς
1701 3362 1945 3428 τούτους,

365 3456 448 3510 ὅτι
482 3455 577 3509 uoti.
617 3454 870 3526 εὐσεϐείᾳ
918 3453 1188 3525 ἐπίσημος
1248 3450 1319 3519 εἴ,
1373 3455 1683 3527 ἐγχειρίζω,
1725 3453 1949 3519 τούτους

365 3545 556 3614 ἀγάπα
580 3543 851 3616 ἁρμοδίως
872 3546 969 3615 τῆς
988 3544 1213 3598 σεαυτοῦ
1247 3545 1672 3617 φιλανθρωπίας·
1708 3545 1856 3618 αὐτῷ
1886 3563 1949 3599 τε

366 3637 474 3708 γὰρ
494 3639 589 3690 καὶ
628 3639 758 3708 ἡμῖν
781 3637 1191 3708 ἀπερίγραπτον
1229 3635 1422 3701 δώσεις
1459 3636 1549 3692 διὰ
1579 3638 1681 3709 τῆς
1711 3639 1950 3704 πίστεως

368 3730 467 3800 τὴν
496 3730 674 3801 χάριν.
706 3747 727 3782 s

895 3913 1290 3968 ΚΕΦΑΛΔΙΟΝ
1319 3916 1418 3969 1Δ¹.

373 4006 571 4074 Ὅπως
599 4008 970 4075 Χριστιανοῑς
1004 3990 1122 4081 μὲν
1173 4005 1253 4080 ἦν
1298 4009 1526 4081 simini,
1556 4008 1800 4081 σπουδῇ
1826 4006 1947 4061 τῶν

729 4077 1069 4133 Κωνσταντί
1072 4095 1182 4133 νου
1199 4077 1597 4149 προσευχῶν.

433 4169 589 4224 Οὕτω
627 4170 692 4244 δὴ
729 4170 913 4226 λοιπὸν
960 4170 1069 4224 τῶν
1113 4170 1428 4242 ἁπανταχοῦ
1479 4171 1581 4242 τῆς
1618 4169 1948 4247 οἰκουμένης

365 4262 537 4319 ἐθνῶν
562 4264 750 4336 ῶσπερ
792 4266 881 4335 ὑφ’
909 4266 991 4319 ἑνὶ
1028 4264 1336 4338 κυϐερνήτῃ
1380 4264 1828 4336 διευθυνομένων,
1858 4266 1951 4318 καὶ

2055 3377 2185 3416 num
2221 3376 2284 3415 ac
2327 3371 2615 3431 parentem
2671 3360 2863 3426 Deum,
2906 3363 3203 3432 pmpitium
3241 3376 3307 3418 ac
3353 3362 3633 3433 placatum

2055 3453 2341 3509 habiturus
2380 3468 2459 3508 es.
2493 3451 2602 3508 Hos
2643 3452 2845 3523 itaque,
2872 3453 3311 3524 quandoquidem
3348 3453 3472 3511 talis
3514 3463 3635 3509 tan-

2056 3555 2251 3615 tusque
2267 3560 2350 3612 es,
2380 3546 2476 3602 tibi
2507 3545 2849 3602 commendo.
2875 3545 3010 3615 Hos,
3041 3547 3484 3617 quandoquidem
3513 3532 3633 3617 pie-

2058 3649 2167 3693 tate
2187 3639 2430 3703 excellis,
2463 3640 2559 3693 tibi
2600 3639 2655 3693 in
2685 3653 2907 3693 manum
2935 3639 3108 3693 trado.
3138 3637 3250 3694 llos
3287 3652 3386 3708 pro
3416 3648 3507 3693 tua
3534 3637 3637 3693 hu-

2058 3733 2320 3786 manitate
2354 3731 2740 3802 complectere.
2778 3730 2870 3786 Sic
2903 3730 3047 3785 enim
3086 3739 3143 3785 et
3173 3729 3268 3785 tibi
3312 3728 3414 3800 ipsi
3456 3739 3511 3786 et
3535 3744 3635 3785 no-

2054 3824 2159 3887 bis,
2196 3826 2299 3879 hac
2331 3831 2423 3879 tua
2452 3823 2561 3880 ﬁde
2579 3822 2901 3879 immensum
2920 3822 3248 3878 beneﬁcium
3273 3820 3579 3891 pratstabis.
3606 3839 3628 3875 ι

2635 3914 2866 3971 CAPUT
2892 3912 3038 3970 XIV.

2057 4007 2329 4076 Quomodo
2362 4010 2593 4065 assiduis
2614 4009 2956 4064 Constantini
2986 4008 3225 4074 precibus
3260 4025 3366 4077 pax
3399 4010 3525 4062 data
3558 4017 3637 4063 est

2671 4078 3018 4134 Christianis.

2126 4173 2184 4230 1n
2223 4173 2366 4228 hunc
2393 4174 2612 4229 modum
2639 4188 2761 4229 cum
2787 4188 2977 4228 omnes
2998 4172 3198 4241 ubique
3225 4184 3433 4242 gentes,
3467 4174 3640 4227 instar

2058 4266 2216 4320 navis
2236 4265 2516 4335 cujusdam
2545 4305 2560 4329 ,
2597 4265 2758 4320 unius
2786 4265 3172 4336 gubernatoris
3201 4275 3519 4325 regerentur
3549 4265 3637 4317 itt-

441 4446 553 4519 (40)
595 4446 751 4515 Vulg.
803 4444 915 4514 τῆς
936 4445 1038 4519 ὑπ’
1057 4443 1594 4519 αὐτῶνῌαίοέχύνης.
1617 4445 1679 4519 in
1710 4445 1946 4501 Historia

2054 4456 2300 4519 pretatus
2324 4458 2427 4509 est,
2472 4448 2544 4519 ita
2580 4449 2741 4502 vertit
2769 4466 2784 4503 :
2819 4447 3029 4518 Optime
3072 4448 3238 4517 igitur
3266 4456 3456 4509 tecum,
3487 4446 3640 4499 simt-

371 4515 685 4589 Theodoriti
735 4519 936 4589 rectius
969 4517 1182 4589 legitur,
1217 4516 1317 4589 τῆς
1367 4518 1453 4568 ἐπ’
1486 4515 1658 4589 ,αὐτῷ
1696 4519 1844 4589 αίσχ.
1870 4535 1940 4589 ᾼπ.

371 4589 431 4642 τὺ
456 4590 583 4660 παρ’
625 4588 753 4657 ὑμῖν
785 4585 1043 4660 τρόπαιον
1074 4585 1826 4660 ἀποφήναντα.ηγειιιξιίιιιιιιιιι
1868 4587 1948 4640 in-

373 4656 585 4724 telligit,
626 4656 716 4727 qui
753 4673 786 4711 a
816 4656 1000 4711 Persis
1030 4656 1256 4720 captus,
1282 4656 1502 4724 ignobili
1539 4658 1677 4726 apud
1707 4672 1800 4710 eos
1830 4673 1947 4710 ser-

373 4730 543 4783 vitute
587 4729 894 4789 consenuit,
939 4738 994 4781 et.
1046 4728 1258 4795 privato
1302 4729 1566 4781 dedecore
1613 4727 1943 4793 triumphum

374 4799 664 4854 PerSarutn
710 4797 1048 4860 nobilitavit,
1099 4797 1149 4849 id
1195 4805 1280 4850 est
1323 4797 1607 4849 victoriam
1656 4796 1943 4850 Persarum

373 4872 440 4923 de
474 4869 732 4923 Romanis
783 4867 1193 4922 celeberrimam
1247 4865 1377 4919 fecit
1424 4881 1520 4920 sua
1575 4867 1742 4934 ipsius
1788 4868 1944 4932 igno-

374 4939 563 4993 tninia.
611 4937 708 4991 llic
742 4947 827 4992 est
878 4952 1067 4991 sensus
1111 4937 1229 4997 eius
1274 4935 1411 5000 loci,
1458 4950 1770 5006 quetnnec
1814 4935 1945 5006 Epi-

375 5009 764 5079 phanius,_n_ec
800 5007 992 5079 reliqui
1046 5007 1369 5079 interpretes
1411 5005 1647 5079 assecuti
1690 5017 1838 5061 sunt.
1865 5005 1942 5061 'ln

375 5022 628 5079 priamus,
664 5023 764 5063 nec
800 5022 992 5131 reditu:
1046 5022 1369 5071 interpretes
1411 5022 1647 5059 assecuti
1690 5022 1838 5061 sunt.
1887 5022 1942 5061 in

373 5079 563 5134 codice
606 5076 742 5132 Fuk.
787 5089 843 5131 et
939 5077 1126 5131 urnebi
1180 5077 1375 5146 legitur
1432 5076 1793 5148 ἀποφήνασα,
1837 5094 1944 5132 non

376 5150 537 5204 male.

443 5219 570 5288 (4|)
636 5219 854 5273 Τούτου
927 5215 1033 5270 τοῦ
1088 5216 1471 5288 νωταψτυυ.
1507 5216 1745 5288 Rectius
1805 5216 1944 5285 apud

375 5285 761 5358 Theodoritum
789 5288 983 5357 legitur
1010 5286 1196 5358 τούτῳᾼ
1211 5285 1290 5356 τῷ
1318 5286 1619 5358 καταλόγῳ.
1650 5286 1773 5358 Haec
1801 5287 1947 5358 enim

376 5357 683 5413 referuntur
711 5363 777 5411 ad
813 5356 1034 5428 verbum
1070 5356 1427 5427 κεκόσμηται.
1447 5356 1581 5428 Μυί
1607 5356 1785 5412 scribe
1804 5356 1946 5428 ὑπὲρ

378 5431 483 5499 γὰρ
508 5430 711 5483 τούτων
736 5445 804 5499 ett
832 5425 1160 5499 Theodoritu
1190 5425 1252 5499 et
1274 5425 1598 5499 Nicephoro:

445 5496 557 5571 (42)
593 5501 744 5570 Vulg.
769 5496 805 5550 ὅ
862 5515 917 5571 τι
948 5498 1047 5552 σοί
1080 5497 1353 5571 κάκείνῳ.
1374 5498 1536 5571 Apud
1560 5497 1948 5571 Theodoritunt

376 5580 431 5625 et
458 5567 825 5641 Nicephorum
844 5569 1055 5641 legitur
1081 5568 1140 5641 ὅς
1173 5569 1288 5621 ἐστι
1312 5569 1396 5622 σοὶ
1421 5567 1712 5641 κάκείνοις.
1744 5569 1799 5621 In
1827 5569 1949 5641 edi-

379 5642 527 5695 tione
568 5640 753 5694 Jacobi
798 5637 1068 5709 Sirniondi
1110 5640 1358 5709 legituré
1387 5656 1441 5692 τι
1484 5638 1631 5709 esti,
1660 5651 1766 5692 etc.
1816 5637 1948 5703 Quae

379 5713 544 5779 verba
583 5711 919 5779 Epiphanius
949 5707 1324 5765 Seltolas'ticus
1373 5713 1451 5765 sic
1495 5707 1683 5762 Latine
1737 5711 1945 5761 vertit:

380 5778 461 5850 Tu
500 5797 621 5850 ergo
661 5779 854 5848 optime
887 5781 1353 5850 gubernaveﬁrt’stsi
1391 5781 1554 5849 lueris
1585 5780 1721 5834 sicut
1755 5778 1874 5850 illi,_
1892 5786 1944 5830 et

381 5847 623 5919 habueris
655 5847 926 5919 commune
964 5850 1103 5918 quod
1145 5849 1249 5919 illi.
1276 5847 1590 5907 Joachimus
1630 5861 1806 5903 autem
1835 5847 1945 5903 Ca-

383 5916 648 5976 merarius
688 5921 778 5987 qui
834 5916 1144 5975 Τιιθοιὶοιίιί
1190 5918 1486 5977 Historiam
1546 5920 1735 5976 Latine
1770 5920 1943 5975 inter-

704 6011 979 6073 Psrnoc.
1023 6010 1142 6073 Gn.
1190 6013 1327 6091 xx,

2073 4519 2270 4588 iterque
2309 4534 2428 4571 cum
2470 4518 2579 4573 illis
2629 4521 2821 4588 Optime
2870 4520 3068 4588 agitur,
3116 4519 3242 4588 quin
3291 4519 3640 4588 communiter

2049 4585 2468 4657 cum'utrisque.
2519 4589 2586 4642 Et
2638 4585 2719 4643 sic
2767 4586 2882 4642 fere
2910 4585 3165 4642 Joannes
3215 4585 3458 4655 Langus.
3496 4586 3637 4657 Mihi

2051 4667 2230 4713 tamen
2283 4656 2371 4712 hic
2420 4674 2611 4713 sensus
2678 4673 2784 4711 non
2843 4657 3134 4711 satisfacit.
3204 4657 3342 4711 Olim
3419 4656 3633 4721 quidem

2047 4729 2393 4783 scribendum
2455 4730 2749 4797 putabam,
2791 4729 2873 4781 ὅτι
2928 4729 2992 4780 σὺ
3039 4725 3344 4790 κάκείνοις,
3392 4726 3639 4780 κάκεῖνοί

2050 4814 2152 4850 σοι.
2181 4799 2353 4865 Quam
2383 4798 2667 4853 lectionem
2698 4799 2751 4851 in
2781 4801 3030 4852 versione
3065 4814 3182 4852 mea
3212 4806 3435 4852 secutus
3461 4814 3639 4851 erant.

2051 4866 2157 4923 Sed
2213 4884 2380 4935 nunc,
2418 4885 2476 4923 re
2519 4868 2779 4922 attentius
2824 4867 3161 4931 examinata,
3195 4867 3513 4921 Theodoriti
3573 4882 3640 4921 ae

2048 4938 2338 5006 Nicephori
2389 4939 2676 4993 lectionem
2713 4939 3051 4993 retinendam
3093 4952 3315 5001 censeo,
3362 4947 3418 4990 et
3466 4948 3637 4990 totum

2051 5009 2225 5062 locum
2258 5009 2349 5078 sic
2398 5009 2770 5078 interpretor:
2809 5007 2944 5074 Ομιο
2984 5009 3168 5077 igitur,
3211 5016 3272 5061 ut
3313 5016 3362 5060 et
3409 5015 3516 5078 tua:
3556 5023 3643 5060 res

2047 5094 2205 5147 quam
2233 5076 2644 5146 ﬂorentissimte,
2673 5088 2723 5131 et
2772 5076 3247 5144 illorum’perinde
3289 5081 3398 5131 sint
3437 5076 3642 5144 ﬂoren-

2050 5150 2287 5211 tissimaz,
2334 5151 2436 5201 hoc
2464 5158 2577 5211 est,
2615 5149 2898 5216 utriusque
2941 5157 3181 5201 vestrum
3213 5163 3280 5203 ex
3329 5162 3506 5215 aequo.
3562 5147 3639 5198 Ita

2049 5233 2242 5289 sensus
2267 5230 2351 5273 est
2395 5220 2798 5289 apertissimus,
2825 5229 2880 5272 et
2913 5220 3198 5282 sequentia
3233 5219 3455 5289 egregie
3501 5231 3641 5270 con-

2048 5288 2289 5361 venient,
2333 5298 2540 5361 tantum
2589 5287 2826 5361 ὑπάρχοι
2854 5289 2948 5361 ΔἱιιΔ
2989 5289 3234 5361 optativo
3277 5287 3639 5361 scribendum

2050 5359 2175 5432 erit.
2207 5359 2483 5432 Mnscnlus
2511 5371 2662 5432 certe
2692 5357 2818 5429 legit
2844 5357 3106 5432 ὑπάρχοι.
3144 5359 3237 5432 Sic
3259 5357 3409 5432 enim
3440 5357 3634 5432 vertit:

2050 5427 2214 5481 Cedat
2255 5430 2417 5499 igitur
2452 5430 2504 5482 id
2540 5427 2634 5499 tibi
2682 5426 2877 5498 aplime
2904 5426 3085 5499 stillis
3126 5428 3410 5481 similiter:
3446 5438 3495 5499 et
3519 5426 3638 5499 tibi,

2049 5493 2293 5571 inquam,
2312 5509 2361 5552 et
2394 5499 2525 5571 illis.
2557 5497 2615 5553 In
2648 5493 2835 5555 codice
2860 5497 3000 5554 Fuk.
3036 5500 3236 5571 legitur
3263 5499 3363 5550 ὅτι
3391 5493 3496 5559 σοί,
3519 5495 3638 5548 sine

2052 5570 2141 5621 illa
2179 5584 2308 5623 voce
2346 5569 2604 5624 κάκείνω.

2123 5638 2235 5710 (45)
2260 5622 2504 5707 Πατέρα
2536 5622 2704 5694 ὀέόν.
2750 5638 2810 5693 In
2858 5639 3211 5710 Theodoritq
3233 5650 3297 5689 ac
3329 5632 3640 5710 Nicephoro

2052 5705 2248 5783 legitur
2289 5705 2482 5783 πρᾶον,
2513 5710 2640 5764 ἴλεὼ
2664 5727 2723 5763 τε
2756 5712 2850 5765 καὶ
2892 5709 3116 5783 εὐμενῆ.
3167 5706 3277 5783 Nec
3309 5707 3467 5783 aliter
3509 5705 3640 5771 legit

2050 5776 2385 5849 Epiphanius
2426 5783 2815 5851 scholasticus,
2863 5794 2922 5837 ut
2959 5776 3037 5836 'ex
3084 5776 3336 5834 'versione
3371 5776 3489 5845 ejus
3536 5791 3635 5843 ap-

2053 5860 2226 5920 paret.

3236 6008 3316 6069 37
