4186 6448
604 446 779 507 ηδε

1320 442 1594 501 EUSEBII
1630 442 2113 502 CESARIENSIS
2148 440 2299 501 OPP.
2338 441 2523 500 PARS
2558 441 2601 501 1.
2632 473 2702 486 -
2738 442 3131 504 HISTORICA.

3720 453 3845 513 1164

601 559 823 619 dustria
846 597 868 625 ,
890 565 945 613 et
978 554 1264 628 imperium
1312 569 1379 611 ac
1418 555 1737 628 religionem
1773 556 1960 612 famuli
1989 558 2082 613 Dei
2113 557 2162 612 li-

2286 554 2383 627 τὴν
2412 556 2518 610 ὑπὸ
2538 555 2617 627 τῷ
2642 555 2937 628 θεράποντι
2952 558 3048 613 τοῦ
3076 558 3213 614 Θεοῦ
3237 559 3511 617 πολιτείαν
3539 562 3648 635 (44)
3680 566 3847 623 ἀσπα-

601 652 927 710 bentissime
955 649 1449 719 amplecterentur,
1488 659 1590 706 nec
1628 650 1769 705 ullus
1794 651 2030 721 amplius
2063 650 2183 706 Ro-

602 760 827 801 manum
858 742 1144 813 imperium
1181 741 1549 811 perturbaret,
1573 744 1756 798 cuncti
1781 746 2008 815 posthac
2032 754 2185 798 tran-

603 838 828 911 quillam
861 842 920 892 et
945 834 1187 904 quietam
1228 833 1398 888 vitam
1434 835 1689 904 agebant.
1720 834 2023 905 Imperator
2051 850 2182 891 vero

533 936 551 1002 1
604 933 726 988 cuni
754 929 967 1001 piorum
998 926 1284 984 hominum
1314 940 1511 996 preces
1556 926 1624 982 ad
1654 927 1891 984 salutem
1926 928 2182 999 reipubli-

592 1038 680 1080 τε
710 1021 1005 1092 plurimum
1044 1017 1301 1075 conferre
1334 1017 1696 1087 existimaret,
1722 1034 1819 1075 eas
1848 1035 2064 1090 quoque
2085 1035 2181 1076 ne-

599 1113 845 1172 cessario
890 1110 1267 1169 conciliandas
1319 1109 1426 1165 sibi
1475 1111 1713 1180 putavit.
1746 1111 1935 1182 Itaque
1970 1122 2026 1168 et
2065 1112 2181 1180 ipse

596 1207 825 1278 supplex
848 1207 942 1263 Dei
971 1221 1129 1276 opem
1162 1205 1498 1277 imploravit,
1531 1215 1587 1262 et
1637 1207 1963 1276 praesidibus
1987 1203 2178 1261 Eccle-

596 1301 806 1357 siarum
831 1300 1116 1371 praecepit,
1148 1309 1209 1357 ut
1239 1315 1338 1373 pro
1367 1315 1427 1358 se
1461 1315 1653 1372 preces
1678 1299 1748 1355 ad
1781 1298 1952 1355 Deum
1986 1297 2179 1353 funde-

554 1458 573 1473 γ
593 1401 736 1451 rent.

1197 1480 1431 1540 CAPUT
1462 1478 1581 1536 XV.

646 1574 811 1643 Quod
832 1575 889 1630 in
914 1574 1142 1631 nummis
1174 1583 1226 1630 et
1248 1575 1596 1646 imaginibus,
1626 1574 1894 1643 precantis
1919 1572 2109 1627 habitu

1154 1646 1325 1716 eﬂingi
1344 1645 1397 1699 se
1418 1645 1607 1716 jussit.

658 1738 876 1807 Quanta
922 1752 1090 1809 porro
1117 1736 1313 1793 divinae
1346 1736 1469 1792 fidei
1500 1736 1585 1792 vis
1614 1750 1681 1792 ac
1725 1735 1901 1790 virtus
1945 1734 2000 1790 in
2051 1735 2172 1807 ejus

592 1833 781 1887 animo
810 1832 1113 1898 insederit,
1140 1828 1226 1887 vel
1254 1845 1319 1886 ex
1366 1830 1471 1886 hoc
1518 1844 1628 1885 uno
1654 1829 1855 1900 conjici
1883 1827 2045 1885 facile
2074 1843 2172 1898 po-

2285 646 2549 720 ζομένων,
2614 649 2844 721 μηδενὸς
2894 653 3092 723 μηκέτι
3120 652 3576 725 παρενοχλοῦντος
3599 657 3693 729 τὴν
3729 660 3847 716 Ῥω-

2286 741 2461 811 μαίων
2493 741 2691 813 ἀρχὴν,
2734 743 2794 797 ὲν
2815 743 3071 797 εύσταθεῖ
3084 745 3180 798 καὶ
3205 746 3464 818 ἀταράχῳ
3489 745 3586 819 βίῳ
3610 749 3703 821 τὴν
3718 750 3848 824 ζωὴν

2281 831 2466 903 διῆγον
2489 833 2538 885 οἰ
2572 833 2793 898 πάντες.
2818 834 3082 900 Βασιλεὺς
3107 836 3165 890 δὲ
3188 836 3379 908 κρίνας
3394 838 3539 909 αὐτῷ
3563 838 3632 893 τά
3656 842 3849 912 μεγάλα

2284 922 2576 978 συντείνειν
2602 925 2739 995 πρὸς
2774 925 2873 998 τὴν
2902 927 3011 982 τῶν
3044 928 3183 982 ὅλων
3213 928 3461 1003 φυλακὴν
3490 931 3590 995 τὰς
3612 932 3715 985 τῶν
3744 932 3829 986 θεο

2283 1016 2457 1070 σεσῶν
2498 1019 2686 1090 εὐχὰς,
2722 1022 2927 1086 ταύτας
2953 1023 3267 1092 ἀναγκαίως
3297 1021 3597 1097 ἐπορίζετο,
3616 1026 3770 1092 αὑτός
3806 1027 3850 1081 θ’

2284 1109 2467 1180 ἱκέτης
2530 1113 2851 1184 γιγνόμενος
2895 1115 2987 1168 τοῦ
3037 1115 3194 1181 Θεοῦ,
3226 1119 3340 1182 τοῖς
3381 1117 3489 1172 τῶν
3531 1118 3849 1190 Ἐκκλησιῶν

2282 1201 2563 1274 προέδροις
2587 1203 2698 1278 (45)
2744 1204 2847 1271 τάς
2879 1206 3021 1279 ὑπὲρ
3050 1208 3217 1263 αὐτοῦ
3257 1209 3411 1275 λιτάς
3455 1209 3720 1265 ποιεῖσθαι
3772 1209 3849 1266 ὲν-

2281 1293 2586 1350 εκελεύετο.

2803 1481 3204 1537 ΚΕΦΑΛΑῙΟΝ
3225 1482 3328 1540 IE'.

2278 1567 2408 1621 Ὀτι
2434 1567 2531 1623 καὶ
2563 1569 2634 1623 ἐν
2661 1574 3117 1652 νομίσμασιιωί
3242 1578 3498 1643 εἰκόσιν,
3514 1577 3596 1646 ὡς
3617 1581 3848 1652 εὐχόμε-

2698 1660 2809 1698 νον
2840 1645 3061 1698 ἑαυτὸν
3073 1643 3420 1715 ἐχάραττεν.

2347 1734 2486 1808 Ὅση
2547 1737 2594 1791 δ’
2648 1736 2812 1790 αὐτοῦ
2844 1740 2911 1809 τῇ
2942 1737 3089 1810 ψυχῇ
3132 1739 3369 1803 πίστεως
3397 1740 3584 1795 ἐνθέου
3619 1742 3727 1815 (46)
3751 1743 3848 1795 ὑπ-

2276 1829 2567 1900 εστήρικτο
2595 1829 2845 1902 δύναμις,
2870 1831 3031 1902 μάθοι
3060 1831 3126 1886 ἀν
3145 1849 3230 1897 τις
3257 1834 3353 1887 καὶ
3380 1835 3446 1888 ὲκ
3474 1835 3631 1889 τοῦδε
3653 1837 3849 1906 λογιζό-

592 1933 720 1992 test,
750 1925 894 1994 quod
927 1925 981 1979 in
1006 1923 1187 1982 aureis
1212 1924 1452 1979 nummis
1480 1924 1709 1995 exprimi
1745 1938 1805 1979 se
1827 1922 1989 1994 jussit
2019 1921 2162 1978 vultu

2275 1937 2455 1992 μενος,
2486 1921 2563 1986 ὡς
2602 1923 2662 1977 ὲν
2681 1925 2795 1988 τοῖς
2813 1926 3046 1996 ’χρυσοῖς
3085 1926 3387 1998 νομίσμασι
3423 1929 3526 2001 τὴν
3564 1929 3726 1983 αὑτοῦ
3759 1930 3850 1984 αὐε-

589 2018 644 2074 in
675 2016 870 2073 ccnlum
898 2017 1113 2072 sublato
1133 2056 1152 2082 ,
1179 2024 1236 2073 et
1266 2015 1523 2072 manibus
1548 2015 1809 2086 expansis
1839 2014 2009 2069 instar
2042 2026 2169 2082 pre-

588 2109 783 2166 cantis.
810 2107 878 2163 Et
901 2106 1062 2178 hujus
1105 2104 1326 2178 quidem
1354 2104 1545 2160 formai
1574 2104 1785 2159 nummi
1814 2118 1913 2175 per
1946 2102 2170 2158 univer-

586 2216 707 2256 sum
759 2201 950 2256 orbem
980 2198 1286 2255 Romanum
1337 2205 1721 2253 cucurrerunt.
1774 2195 1833 2250 In
1882 2196 1998 2266 ipsa
2037 2208 2169 2249 vero

584 2293 738 2365 regia
767 2293 926 2362 juxta
954 2290 1218 2361 quasdam
1259 2289 1475 2361 januas,
1513 2287 1568 2343 in
1596 2286 1931 2357 imaginibus
1972 2285 2040 2341 ad
2086 2286 2169 2357 ipe

585 2401 704 2442 sum
734 2383 987 2441 vestibuli
1030 2381 1304 2453 fastigium
1336 2379 1533 2450 positis
1574 2378 1822 2449 depictus
1846 2387 1930 2434 est
1968 2388 2123 2434 stans
2149 2420 2165 2446 ,

584 2476 779 2531 deﬁxis
825 2474 1044 2544 quidem
1072 2473 1129 2528 in
1173 2470 1376 2528 coelum
1418 2470 1590 2527 oculis
1615 2509 1633 2537 ,
1675 2470 1929 2527 manibus
1982 2482 2166 2531 autem

584 2565 842 2637 expansis
863 2562 1141 2636 precantis
1169 2564 1224 2618 in
1256 2562 1501 2619 modum.

1165 2762 1400 2823 CAPUT
1443 2763 1584 2820 XVI.

584 2862 742 2929 Quod
776 2860 1030 2932 imagines
1068 2874 1195 2932 sua:
1232 2860 1290 2914 in
1323 2855 1835 2932 templisidolorum
1859 2870 2020 2926 pom,
2054 2852 2166 2925 lege

1151 2930 1266 2984 lata
1303 2931 1594 2999 prohibuit.

654 3025 748 3080 Sic
780 3025 946 3094 igitur
984 3023 1077 3080 ille
1104 3038 1165 3079 se
1210 3023 1323 3078 Deo
1367 3020 1769 3093 supplicantem
1807 3017 1971 3074 etiam
2004 3019 2058 3071 in
2087 3026 2165 3070 ta-

579 3115 721 3173 bulis
760 3117 922 3185 pictis
971 3114 1240 3170 exhibuit.
1308 3112 1618 3181 Quinetiam
1670 3111 1789 3182 lcge
1829 3110 1938 3165 lata
1992 3110 2165 3163 vetuit

2272 2012 2366 2076 τὸς
2395 2013 2578 2067 εἰκόνα
2598 2007 2699 2069 ὧδε
2736 2015 3044 2086 γράφεσθαι
3079 2015 3355 2083 διετύπου,
3390 2020 3468 2084 ὡς
3505 2020 3618 2076 ἄνω
3647 2021 3850 2093 βλέπειν

2273 2104 2452 2159 δοκεῖν
2492 2106 2893 2178 ἀνατεταμένος
2942 2108 3081 2181 πρὸς
3111 2108 3264 2177 Θεὸν,
3301 2112 3507 2184 τρόπον
3542 2103 3846 2185 εὖχομένου.

2274 2196 2476 2252 Τούτου
2507 2198 2608 2270 μὲν
2649 2194 2742 2253 οὖν
2774 2199 2843 2253 τά
2872 2200 3250 2274 ὲκτυπὼματα
3293 2204 3419 2259 καθ’
3438 2204 3570 2276 ὅλης
3592 2206 3691 2277 τῆς
3724 2206 3851 2259 Ῥω-

2276 2286 2452 2358 μαίων
2483 2287 2757 2360 διέτρεχεν
2796 2290 3139 2362 οἰκουμένης·
3176 2295 3235 2347 ὲν
3269 2293 3455 2359 αὐτοῖς
3487 2295 3545 2349 δὲ
3573 2294 3850 2366 βασιλείοις

2274 2380 2414 2434 κατά
2456 2397 2608 2445 τινας
2658 2368 2835 2445 πύλας
2865 2381 2978 2454 (47)
3006 2384 3064 2436 ὲν
3083 2387 3206 2449 ταῖς
3241 2387 3323 2450 εἰς
3340 2384 3405 2439 τὸ
3435 2386 3708 2459 μετέωρον
3752 2385 3853 2440 τῶν

2272 2472 2564 2545 προπύλων
2592 2474 2981 2546 ἀνακειμέναις
3008 2477 3233 2545 εἰκόσιν,
3270 2478 3447 2543 ἑστὼς
3492 2478 3673 2552 ὄρθιος
3702 2478 3851 2549 ἐγρά-

2272 2581 2423 2633 φετο,
2474 2565 2587 2621 ἀνω
2622 2566 2720 2638 μὲν
2761 2568 2843 2631 εἰς
2891 2567 3117 2641 οὐρανὸν
3162 2570 3481 2640 ἐμϐλέπων,
3515 2570 3596 2626 τὼ
3626 2573 3771 2643 χεῖρε
3810 2570 3851 2625 δ’

2271 2656 2629 2729 έκτεταμένος
2665 2657 2777 2731 (48)
2807 2659 3101 2730 εὐχομένου
3130 2663 3395 2733 σχήματι.

2796 2751 3199 2805 ΚΕΦΑΛΑΙΟΝ
3241 2750 3358 2821 ις’.

2273 2843 2402 2897 Ὀτι
2420 2842 2518 2897 καὶ
2539 2842 2609 2899 ἐν
2630 2843 2953 2919 εἰδωλείοις
2977 2845 3216 2919 εἰκόνας
3242 2846 3434 2902 αὑτοῦ
3464 2845 3675 2916 θεῖναι,
3702 2848 3851 2919 νόμῳ

2865 2914 3256 2971 διεκώλυσεν.

2341 2998 2469 3059 ’Ὧδε
2499 3006 2597 3078 μὲν
2621 2998 2714 3060 οὖν
2735 3006 2895 3072 αὐτὸς
2923 3007 3117 3062 ἑαυτὸν
3161 3010 3265 3063 κάν
3290 3013 3415 3075 ταῖς
3441 3014 3683 3084 γραφαῖς
3708 3008 3849 3081 εὐχό-

2272 3115 2431 3171 μενον
2460 3099 2753 3172 ἀνιστόρει’
2773 3100 2926 3172 νόμῳ
2953 3101 2995 3152 δ’
3017 3101 3281 3174 ἀπεῖργεν
3308 3103 3420 3175 (49)
3455 3106 3676 3169 εἰκόνας
3695 3101 3849 3158 αὑτοῦ

578 3207 845 3279 imagines
864 3221 990 3263 suas
1015 3208 1069 3261 in
1096 3204 1365 3261 idolorum
1394 3204 1610 3275 templis
1625 3202 1864 3258 dedicari
1882 3242 1899 3267 ,
1932 3215 2001 3255 ne
2022 3198 2162 3254 forte

2268 3191 2500 3247 εἰδώλων
2535 3194 2594 3246 ὲν
2632 3194 2781 3257 ναοῖς
2819 3192 3190 3258 ἀνατίθεσθαι,
3228 3194 3305 3259 ὡς
3341 3196 3482 3268 μηδὲ
3518 3198 3682 3271 μέχρι
3709 3214 3850 3251 exta-

578 3315 768 3357 errore
797 3299 980 3355 vetitae
1006 3296 1433 3371 superstitionis,
1455 3295 1542 3353 vel
1577 3295 1732 3351 inani
1772 3294 1958 3366 specie
2003 3303 2161 3348 tenus

2264 3284 2503 3358 γραφίας
2547 3287 2613 3357 τῇ
2665 3285 2846 3357 πλάνῃ
2895 3284 3005 3340 τῶν
3056 3287 3450 3359 ἀπειρημένων
3483 3290 3763 3361 μολύνοιτο
3795 3289 3847 3361 (ἡ

578 3396 980 3465 inquinaretur.

1063 3483 1228 3558 534
1257 3481 1487 3541 CAPUT
1520 3482 1679 3540 xvu.

705 3578 1046 3634 Precatioues
1073 3578 1131 3634 in
1154 3576 1378 3647 palatio,
1404 3589 1453 3631 et
1486 3574 1731 3630 recitatio
1751 3588 2034 3630 sacrarum

1188 3646 1615 3716 Scripturarum.

646 3741 850 3797 Verum
887 3742 976 3797 his
1008 3740 1167 3813 longe
1229 3739 1542 3811 augustiora
1597 3734 1894 3808 perspiciet
1930 3735 2162 3807 quicun-

574 3848 687 3904 que
730 3832 1011 3888 attendere
1069 3830 1352 3898 voluerit,
1406 3828 1640 3897 qualiter
1691 3826 1784 3882 ille
1837 3825 1892 3881 in
1956 3823 2160 3897 palatio

645 4061 762 4135 (44)
808 4060 1027 4130 Τὴν...
1058 4059 1387 4116 πολιτείαν.
1424 4057 1789 4135 Christianam
1838 4056 2155 4126 religionem

572 4128 838 4204 intelligo,
876 4128 1051 4204 quam
1097 4146 1290 4186 omnes
1340 4128 1731 4204 propemodum
1776 4136 1977 4204 gentes
2027 4135 2157 4204 tunc

574 4197 840 4275 temporis
882 4197 1147 4272 amplexae
1178 4197 1357 4268 sunt,
1389 4198 1604 4268 abjecto
1651 4198 1841 4268 patriae
1893 4197 2158 4267 supersti-

571 4275 738 4332 tionis
769 4287 979 4328 errore.

641 4345 756 4416 (45)
785 4343 941 4412 Vulg.
971 4342 1099 4410 τοῖς
1126 4340 1245 4397 τῶν
1307 4336 1675 4408 Ἐκκλησιῶν
1725 4335 2151 4407 προέδροις-...η

641 4415 1056 4469 κελευόμενος.
1085 4413 1275 4469 Scribe
1305 4415 1417 4469 τοῖς
1443 4426 1504 4464 τε
1563 4408 1673 4463 τῶν
1724 4408 2058 4469 Ἑκκλησιῶν
2090 4426 2151 4462 π.

570 4414 1056 4486 ἐγκελευόμενος.
1085 4414 1275 4469 Scribe
1305 4415 1417 4475 τοῖς
1443 4426 1504 4464 τε
1563 4414 1673 4463 τῶν
1724 4414 2058 4478 Ἐκκλησιῶν
2090 4426 2150 4462 π.

567 4488 681 4541 Nisi
710 4489 869 4541 malis
894 4486 1172 4541 ascribere
1216 4481 1576 4546 ὲνεκελεύετο,
1605 4479 1880 4551 utlegitur
1910 4481 1962 4533 in
1993 4481 2150 4534 codd.

566 4556 730 4622 Fuk.,
758 4556 886 4612 Sav.
915 4564 972 4610 et
999 4554 1257 4609 Turnehi.

968 4432 1056 4482 ος.
1074 4408 1275 4469 Scribe
1305 4415 1417 4475 τοῖς
1443 4426 1504 4482 τε
1563 4408 1693 4482 τῶν,
1724 4408 2058 4482 Ἑκκλησιῶν
2085 4426 2151 4482 π.

2264 3377 2474 3451 γραφή]
2507 3377 2645 3451 (50)-

2779 3471 3180 3525 ΚΕΦΑΛΑῘΟΝ
3203 3469 3301 3526 ΙΖ’.

2274 3564 2372 3618 Ἐν
2409 3564 2682 3628 παλατίφ
2703 3564 3059 3648 προσευχαὶ,
3088 3567 3186 3620 καί
3213 3567 3388 3622 θείων
3418 3566 3689 3638 Γωφῶν
3711 3566 3849 3622 ἁνα-

2912 3652 3190 3703 γνωσεις.

2332 3725 2599 3795 Σκέψαιτο
2622 3725 2668 3779 δ’
2695 3724 2762 3779 ἄν
2790 3742 2875 3789 τις
2899 3726 2968 3780 τὰ
2991 3726 3198 3783 τούτων
3243 3728 3573 3803 σεμνότερα,
3606 3727 3849 3800 διαγνοὺς

2260 3815 2336 3881 ὡς
2365 3820 2424 3871 ὲν
2461 3815 2648 3881 αὐτοῖς
2677 3817 2791 3879 τοῖς
2838 3815 3130 3887 βασιλείοις
3185 3818 3524 3890 Ἐκκλησίας
3557 3818 3695 3875 Θεοῦ
3731 3818 3849 3893 τρό-

2258 4077 2382 4145 cum
2414 4061 2645 4145 genti_l_es
2682 4060 2828 4117 idem
2874 4059 3140 4145 facerem,
3172 4070 3525 4145 uthtestatur
3570 4061 3844 4134 Virgilius,

2266 4132 2516 4199 zEneid.,
2552 4133 2644 4187 lib.
2676 4148 2717 4197 ι,
2746 4146 2889 4186 vers.
2915 4131 3009 4197 97,
3036 4131 3163 4186 dum
3194 4133 3312 4186 ait:

2330 4223 2397 4277 Et
2426 4222 2659 4294 geminas
2687 4220 2969 4295 [duplices]
3008 4220 3197 4277 tollens
3224 4223 3294 4276 ad
3323 4222 3507 4277 sidera
3537 4225 3773 4292 palmas.

2256 4334 2389 4390 Illud
2408 4348 2541 4388 vero
2564 4333 2837 4402 peculiare
2860 4331 2962 4402 fuit
2986 4331 3332 4402 Christianis.
3359 4346 3566 4390 manus
3594 4335 3649 4389 in
3675 4330 3851 4388 crucis

2257 4406 2486 4461 formam
2507 4401 2841 4472 expandere.
2867 4401 3239 4457 Tertullianus
3266 4403 3316 4456 in
3346 4403 3445 4457 lib.
3478 4403 3557 4459 De
3583 4405 3842 4472 oratione,

2256 4491 2377 4542 cap.
2408 4475 2465 4529 ll
2505 4491 2518 4526 :
2557 4471 2715 4527 (Nos
2765 4486 2895 4527 vero
2944 4488 3048 4525 non
3104 4472 3403 4527 attollimus
3452 4483 3714 4541 tantum,
3757 4471 3849 4527 sed

2255 4547 2420 4603 etiam
2467 4544 2848 4612 expandimus,
2883 4552 2939 4596 et
2974 4542 3250 4597 Dominica
3291 4544 3561 4612 passione
3613 4543 3849 4601 modula-

639 4611 753 4697 (Mi)
776 4611 1062 4693 Πίστεως
1088 4623 1320 4681 ἐνθέου.
1355 4622 1671 4697 Anastasius
1694 4618 2149 4697 Bibliothecarius

2260 4630 2442 4697 ιιιιιςλρ
2483 4611 2626 4697 Idem
2661 4612 3273 4697 in‘ApolageticOHc‘ap‘.‘
3288 4611 3379 4668 50.

569 4697 623 4751 in
647 4688 908 4754 'ver'sione
925 4688 1198 4768 septima;
1217 4697 1432 4768 synodi,
1463 4695 1773 4768 ubicunque
1818 4688 2149 4768 vox__Ev0_soc

566 4769 804 4839 occurrit
830 4769 883 4822 in
913 4761 1125 4839 Graeco,
1164 4761 1411 4839 deificum
1464 4761 1873 4839 interpretatur.
1907 4761 2148 4839 Sicndei-

567 4838 701 4893 ficos
753 4838 922 4894 libros
971 4828 1148 4893 Latini
1186 4828 1455 4892 vo'cahant
1507 4828 1728 4890 codices
1776 4846 1949 4887 sacra:
2000 4828 2150 4884 Scri-

568 4918 869 4979 pturte,ut
923 4908 1119 4979 legitur
1181 4909 1235 4962 in
1294 4899 2147 4979 θεοίέσ-ρατθαιξοιιξε-Οωσίιρξιηί.

638 4977 751 5050 (4⁷)
771 4970 954 5032 ’Κατά
975 4970 1145 5046 itm
1169 4979 1391 5050 πύλας.
1415 5046 1426 5050 _
1460 4970 1518 5050 lii
1563 4970 1721 5030 codd.
1753 4970 1889 5050 tjuk.
1920 4987 1983 5027 ac
2010 4970 2151 5050 Tur-

566 5043 692 5120 nebi
727 5043 786 5120 'et
830 5050 885 5104 in
918 5043 1136 5105 schedis
1180 5043 1364 5120 Regiis
1415 5043 1798 5120 legiturxasdt
1844 5057 1999 5120 τινας
2045 5043 2147 5120 πό-

564 5118 702 5184 λεις,
750 5118 908 5190 longe
952 5120 1174 5186 rectius,
1219 5114 1288 5174 ut'
1328 5114 1582 5190 equidem
1617 5129 1836 5170 censeo.
1865 5115 1957 5190 Ait
1998 5114 2146 5167 enim

565 5186 868 5255 Eusebius,
891 5205 997 5244 non
1036 5195 1089 5244 in
1130 5186 1408 5253 omnibus,
1439 5188 1534 5242 sed
1565 5186 1619 5239 in
1664 5186 2023 5255 quarumdam
2056 5199 2146 5236 ur-

563 5262 713 5316 bium
747 5261 963 5329 palatiis
986 5260 1403 5316 Constantinum
1433 5260 1502 5312 ita
1534 5255 2027 5329 depictumfuisse.

636 5321 763 5403 (48)⁸
796 5324 909 5403 Td);
940 5330 1101 5403 χεῖρε
1149 5331 1201 5403 δῖ
1264 5321 1676 5399 ὲκτεταμένός.
1732 5326 1992 5403 Quisquis
2047 5321 2147 5375 fuit

564 5395 837 5471 interpres
884 5395 1048 5470 huius
1081 5401 1232 5467 libri,
1279 5395 1485 5471 parum
1523 5407 1727 5471 attente
1782 5399 1925 5450 hunc
1965 5395 2144 5447 locum

563 5467 757 5541 vertit,
790 5475 893 5530 hoc
928 5467 1113 5530 modo.
1141 5484 1190 5526 et
1220 5467 1482 5542 precantis
1510 5467 1681 5537 [arma
1719 5482 1908 5542 manus
1935 5479 2145 5542 sursum

562 5535 773 5611 tollens,
809 5562 935 5602 cum
972 5553 1191 5600 vertere
1221 5535 1551 5604 debuisset,
1593 5537 1836 5611 manibus
1875 5535 2140 5605 expansis.

562 5627 619 5670 ut
651 5607 926 5686 precantes
972 5615 1165 5686 solent.
1207 5611 1504 5686 Christiani
1550 5610 1693 5663 enim
1728 5607 1873 5686 inter
1913 5618 2145 5686 precau~

560 5673 688 5741 dum
720 5702 914 5743 manus
955 5685 1271 5755 expandere,
1314 5680 1586 5755 solebant,
1618 5687 1676 5755 ut
1701 5673 2144 5755 crucis—simili-

563 5758 802 5813 tudinem
849 5758 952 5815 hoc
1000 5746 1161 5812 modo
1207 5752 1618 5808 adumbrarent.
1648 5746 1974 5802 Allevabant
2020 5746 2144 5813 qui-

559 5828 683 5880 dem
715 5842 906 5883 manus
944 5824 1265 5887 Christiani,
1300 5823 1427 5877 dum
1463 5834 1652 5891 preces
1696 5818 2005 5872 funderent.
2021 5815 2145 5891 Sed

560 5900 664 5953 hoc
724 5913 834 5955 non
904 5908 1024 5955 erat
1074 5885 1350 5966 proprium
1407 5885 1888 5957 Christianorum,
1924 5885 2209 5961 quippe“

2325 4684 2438 4808 (49)
2474 4685 2650 4754 Νόμῳ
2683 4682 2735 4736 δ’
2771 4680 3082 4765 ,ἀπώτενε
3115 4680 3503 4765 At.'Socra_tes
3558 4685 3614 4738 in
3669 4683 3764 4738 lib.
3796 4697 3846 4746 t,

2325 4772 2378 4808 ι).
2444 4756 2499 4808 8.
2540 4764 2878 4808 contrarium
2915 4753 3109 4806 SCl‘lbll.
3149 4754 3235 4807 his
3269 4752 3493 4807 verbis:
3533 4755 3652 4808 Καὶ
3692 4753 3846 4808 παύει

2252 4752 2378 4825 cap.
2408 4752 2499 4819 l8,
2540 4752 3235 4825 contrarium‘scribitbis
3269 4752 3493 4825 verbis:
3533 4755 3652 4809 Καὶ
3692 4753 3849 4809 παύει

2255 4821 2355 4898 μὲν
2385 4825 2455 4898 τά
2494 4826 2820 4898 μονοίμὰχια,
2853 4822 3069 4898 εἰκόνας
3096 4821 3153 4876 δὲ
3176 4821 3275 4898 τᾲς
3303 4822 3441 4898 ἰδίας
3472 4825 3537 4878 ὲν
3566 4827 3692 4898 τοῖς
3707 4826 3849 4887 ναοῖς

2251 4893 2565 4951 ἐναπέθετο.
2618 4893 2814 4965 Verum
2863 4907 2970 4946 non
3009 4893 3316 4965 immerito
3352 4896 3479 4963 quis
3540 4897 3853 4965 suspicetur

2250 4974 2736 5034 corruptumgesse
2800 4963 2946 5017 hunc
3002 4962 3248 5018 Socratis
3302 4962 3510 5019 locum.
3585 4962 3851 5020 Réceuset

2250 5038 2395 5091 enim
2418 5032 2545 5089 illic
2577 5032 3096 5106 Socrates_cuticta,
3135 5048 3262 5106 quin
3292 5034 3359 5087 ad
3387 5036 3849 5106 exstinguendam

2249 5107 2531 5177 gentilium
2579 5102 3029 5177 superstitionem
3058 5117 3088 5156 a
3125 5100 3493 5177 constantin
3532 5100 3847 5176 efcogitata

2249 5173 2398 5232 Sunt.
2447 5175 2591 5229 luter
2634 5188 2758 5247 qua}
2801 5173 2877 5226 ait
2910 5173 3364 5247 Constantinum,
3390 5173 3705 5247 imagines
3727 5188 3851 5231 suas

2250 5264 2316 5302 ac
2360 5256 2572 5301 statuas
2623 5242 2675 5298 in
2702 5242 2947 5316 deorum
3004 5243 3219 5310 templis
3250 5242 3554 5316 posuissef
3576 5246 3746 5316 Atqui
3789 5260 3853 5316 eo

2250 5318 2394 5372 facto
2426 5331 2529 5370 non
2578 5314 3022 5384 exstinguebatur
3050 5315 3364 5382 superstitio
3395 5314 3726 5384 gentilium,
3762 5314 3852 5370 sed

2248 5386 2549 5457 augebatur
2604 5395 2698 5439 aut
2748 5384 3077 5457 mutabatur.
3125 5385 3516 5457 Imperatorem
3555 5388 3709 5457 enim
3762 5386 3849 5440 Dei

2249 5453 2370 5512 loc'o
2395 5457 2676 5511 adoraturi
2718 5463 2879 5508 erant
2912 5453 3160 5524 gentiles.
3191 5454 3571 5520 Quamobrem
3604 5456 3856 5511 Socratis

2251 5528 2399 5582 locus
2423 5525 2795 5581 emendandus
2822 5534 2906 5577 est
2921 5523 2997 5576 ex
3030 5523 3266 5580 Eusebio
3309 5525 3360 5578 in
3396 5525 3547 5579 hunc
3582 5529 3805 5583 modum
3835 5542 3851 5577 :

2246 5598 2476 5721 ξίκὲνας
2505 5596 2563 5650 δὲ
2587 5596 2688 5658 τὰς
2734 5592 2872 5656 ἰδίας
2910 5595 2969 5649 ὲν
2995 5596 3109 5657 τοῖς
3151 5597 3299 5659 ναοῖς
3347 5595 3624 5667 ἀπεῖργεν
3667 5595 3858 5651 ἀνατί-

2281 5685 2343 5721 εσ
2378 5685 2455 5721 αι.
2488 5693 2512 5714 ν

2281 5670 2455 5724 εσθαι.
2488 5693 2512 5714 ν

2319 5739 2433 5811 (50)
2474 5738 2808 5792 Μολύνοιτο
2856 5737 2897 5811 ἡ
2949 5733 3168 5805 magri.
3234 5734 3474 5791 Deienda
3535 5745 3675 5806 puto
3742 5736 3856 5811 lure

2244 5808 2411 5865 verba
2451 5811 2486 5880 ἡ
2534 5812 2742 5881 γραφή,
2791 5810 2989 5876 quippe
3036 5822 3157 5881 quae
3188 5820 3408 5881 sensum
3461 5811 3723 5865 turbant.
3760 5808 3858 5862 llis

2246 5882 2392 5937 enim
2424 5876 2719 5950 eipuirctis
2749 5893 2941 5935 sensus
2969 5887 3053 5934 est
3087 5876 3460 5945 plattissiutus.
