4186 6396
508 395 644 453 1165

1590 394 1679 449 DE
1716 393 1877 448 vmt
1913 352 2368 449 CONS'DANTINI
2407 394 2535 452 LlB.
2577 392 2669 449 IV.

3502 461 3510 468 ,
3596 394 3735 449 nos

502 528 604 568 πον
650 510 759 584 (51)
796 511 1023 576 διέθετο,
1060 511 1261 584 σπουδῇ
1290 511 1531 584 ἐξάρχων
1578 512 1740 576 αὐτὸς
1765 511 1871 566 τῶν
1924 512 2069 566 ἔνδον

2170 515 2456 581 quamdam
2483 512 2628 568 velut
2671 511 2969 567 Ecclesiam
3011 508 3101 564 Dei
3149 507 3453 565 constituit.
3494 508 3567 563 Ac
3615 512 3734 565 dili-

500 604 1027 676 ὲκκλησιαζομένων·
1058 604 1194 675 μετὰ
1231 605 1415 675 χεῖράς
1447 603 1511 672 γέ
1537 620 1618 657 τοι
1639 603 1926 674 λαμϐάνων
1970 602 2070 666 τὰς

503 695 738 767 βίϐλους,
773 697 838 766 τῇ
875 694 984 748 τῶν
1032 694 1402 747 θεοπνεύστων
1434 694 1629 763 λογίων
1660 693 1861 765 θεωρίᾳ
1904 710 2071 765 προσ-

499 788 678 856 ανεῖχε
696 784 787 838 τὸν
802 783 944 838 νοῦψ
978 779 1076 837 εἶτ’
1100 784 1263 855 εὐχὰς
1287 784 1577 855 ἐνθέσμους
1603 785 1699 837 σὺν
1722 786 1834 848 τοῖς
1864 782 1954 836 τὸν
1979 782 2073 853 βα-

502 874 698 928 σίλειον
724 870 872 927 οἷκον
900 872 1198 945 πληροῦσιν
1219 873 1331 944 (52)
1365 873 1637 928 ἀπεδίδου.

1016 1058 1409 1112 ΚΕΦΑΛΑΙΟΝ
1444 1057 1550 1111 IH'.

508 1150 622 1219 Τῆς
639 1148 943 1219 Κυριακῆς
968 1148 1081 1218 τὴν
1093 1148 1334 1273 anui-anr
1364 1147 1460 1226 καὶ
1486 1145 1876 1217 παρασκευῆς
1900 1163 2074 1215 νομο-

1128 1234 1203 1272 εσ
1227 1235 1266 1272 a
1287 1235 1483 1273 τιιιαν.

1128 1234 1266 1272 εσια
1287 1235 1483 1288 τιμᾳν.

570 1313 683 1367 Καὶ
708 1310 918 1384 ἡμέραν
956 1310 1000 1364 δ’
1052 1309 1227 1382 εὐχῶν
1271 1308 1521 1381 ἡγεῖσθαι
1571 1306 1922 1377 κατάλληλον,
1973 1306 2075 1378 τὴν

502 1405 695 1479 κυρίαν
723 1402 936 1473 ἀληθῶς
976 1402 1070 1455 καὶ
1100 1400 1320 1475 πρώτην
1358 1401 1525 1464 ὅντως
1552 1400 1835 1471 Κυριακὴν
1867 1414 1931 1451 τε
1980 1398 2075 1452 καὶ

502 1496 786 1567 σωτήριον,
815 1492 1086 1547 διετύπου·
1124 1492 1358 1547 διάκονοι
1405 1492 1450 1545 δ’
1485 1490 1635 1562 αὐτῷ
1674 1489 1767 1543 καὶ
1798 1488 2071 1561 ὑπηρέται

500 1586 618 1658 Θεῷ
637 1586 1045 1657 καθιερωμένοι,
1079 1584 1193 1655 βίου
1220 1600 1280 1637 τε
1302 1584 1587 1654 σεμνότητι
1617 1583 1709 1635 καὶ
1737 1582 1904 1652 ἀρετῇ
1921 1581 2072 1654 πάσῃ

500 1678 717 1748 κόσμιοι
748 1677 956 1749 ἄνδρες,
987 1675 1222 1745 φύλακες
1249 1673 1343 1728 τοῦ
1372 1673 1569 1736 παντὸς
1587 1672 1736 1726 οἴκου
1772 1670 1884 1743 (55)
1936 1668 2071 1723 καθ-

506 1770 766 1825 ίστανται·
803 1769 1088 1839 δορυφόροι
1124 1785 1183 1820 τε
1216 1766 1402 1820 πιστοὶ
1427 1762 1905 1836 σωματοφύλακες,
1947 1761 2071 1832 τρό-

2172 604 2348 672 gentia
2402 603 2618 673 quidem
2646 612 2701 657 et
2727 602 3008 656 alacritate
3053 601 3276 668 praeibat
3304 600 3515 658 cunctis
3556 601 3648 670 qui
3678 602 3733 655 in

2171 693 2465 747 Ecclesiam
2531 693 2678 747 illam
2708 701 2864 747 erant
2891 692 3110 761 ascripti
3143 708 3159 746 :
3193 700 3249 746 et
3272 706 3468 745 sacros
3506 691 3734 747 Codices

2173 786 2224 838 in
2269 800 2461 839 manus
2503 800 2722 849 sumens
2749 785 2969 840 oracula
2998 799 3025 837 a
3059 786 3170 838 Deo
3205 783 3346 838 edita
3375 792 3584 837 attento
3616 781 3733 836 ani-

2172 891 2260 928 mo
2290 877 2671 931 meditabatur.
2702 874 2931 929 Posthac
2953 874 3223 929 solemnes
3254 888 3443 943 preces
3469 889 3595 930 cum
3617 888 3734 928 unt-

2171 959 2328 1024 verso
2357 969 2655 1024 aulicorum
2689 980 2832 1023 cmtu
2859 968 3148 1022 recitabat.

2723 1056 2946 1113 CAPUT
2980 1055 3162 1111 XVIII.

2263 1146 2417 1202 Diem
2457 1147 2786 1202 Dominicum
2822 1157 2871 1202 et
2904 1157 3105 1230 scutum
3150 1148 3337 1218 feriam
3374 1150 3629 1205 honorari

2823 1229 3081 1285 praecipit.

2242 1306 2395 1362 Diem
2422 1323 2549 1363 vero
2576 1308 2979 1377 precationibus
3011 1322 3310 1378 congruum
3361 1311 3549 1367 haberi
3603 1326 3735 1368 con-

2172 1398 2381 1465 stituit,
2411 1413 2531 1453 eum
2565 1401 2655 1467 qui
2701 1401 2904 1471 primus
2932 1409 3017 1456 est
3042 1411 3097 1455 et
3125 1411 3284 1470 caput
3314 1411 3654 1467 caeterorum,
3680 1411 3735 1460 et

2171 1490 2262 1558 qui
2315 1505 2502 1545 revera
2556 1489 2869 1547 Dominicus
2902 1502 2987 1548 est
3033 1508 3097 1549 ac
3140 1494 3416 1549 salutaris.
3467 1493 3733 1550 Praeterea

2170 1579 2436 1637 diaconos
2477 1583 2689 1638 et.Deo
2726 1594 3070 1640 consecratos
3108 1584 3385 1641 ministros
3409 1626 3425 1650 ,
3473 1587 3564 1656 qui
3612 1587 3736 1642 vita:

2171 1673 2444 1742 gravitate
2478 1683 2535 1729 et
2559 1674 2781 1745 reliquis
2804 1677 3099 1733 virtutibus
3126 1679 3307 1733 ornati
3335 1668 3536 1744 essent,
3566 1681 3735 1736 totius

2172 1763 2365 1819 domus
2411 1766 2664 1822 custodes
2694 1768 2994 1824 ordinavit.
3046 1769 3289 1850 Denique
3321 1780 3658 1846 protectores
3682 1780 3736 1825 et

498 1881 621 1927 ποις
675 1862 884 1925 εὐνοίας
933 1858 1074 1932 [καὶ]
1108 1859 1286 1912 πίστει
1336 1856 1792 1928 καθωπλισμένοι,
1835 1855 2058 1926 βασιλέα

2172 1854 2463 1924 stipatores
2490 1856 2580 1911 ﬁdi
2608 1897 2625 1922 ,
2654 1859 3045 1916 benevolentiae
3082 1872 3139 1916 et
3174 1863 3298 1919 ﬁdei
3331 1864 3502 1919 armis
3527 1863 3736 1918 instru-

497 1951 813 2006 διδάσκαλον
843 1948 1080 2003 εὐσεϐῶν
1108 1948 1444 2002 ἐδιδάσκοντο
1463 1945 1574 2016 (54)
1603 1944 1840 2015 τρόπων,
1864 1943 2070 2015 τιμῶν-

496 2057 592 2104 τες
618 2040 717 2111 ούχ
750 2034 912 2112 ἦττον
956 2039 1050 2091 καὶ
1071 2037 1222 2090 αὐτοὶ
1244 2035 1342 2107 τὴν
1372 2036 1635 2106 σωτήριον
1664 2034 1758 2087 καὶ
1788 2034 2072 2106 Κυριακὴν

496 2132 728 2203 ἡμέραν,
759 2130 923 2201 εὐχάς
947 2146 1006 2183 τε
1038 2131 1097 2182 ἐν
1131 2129 1322 2190 αὑταῖς
1350 2125 1725 2188 συντελοῦντες
1750 2123 1850 2188 τὰς
1868 2121 2078 2193 βασιλεῖ

495 2224 674 2294 φίλας.
707 2222 915 2276 Ταυτὺν
947 2221 1005 2274 δέ
1029 2218 1287 2293 πράττειν
1320 2216 1415 2270 καὶ
1437 2216 1638 2278 πάντας
1653 2216 1844 2285 ἐνῆγεν
1868 2211 2074 2285 ἀνθρὼ-

496 2331 631 2377 πους
658 2315 687 2367 ὁ
714 2312 1001 2384 μακάριος,
1029 2310 1217 2382 ὥσπερ
1244 2309 1410 2380 εὐχὴν
1451 2306 1653 2376 ταύτην
1684 2304 2070 2377 πεποιημένος,

497 2405 675 2477 ἡρέμα
712 2404 1030 2474 σύμπαντας
1078 2400 1396 2472 ἀνθρώπους
1447 2398 1714 2462 θεοσεϐεῖς
1758 2396 2072 2468 ἀπεργάσα-

501 2497 644 2551 σθαι.
671 2496 763 2549 Διδ
801 2498 912 2558 τοῖς
942 2495 1048 2549 ὑπὸ
1076 2495 1175 2566 τὴν
1216 2493 1504 2563 Ῥωμαίων
1529 2491 1701 2563 ἀρχὴν
1725 2489 2073 2561 πολιτευομέ-

498 2606 609 2652 νοις
631 2588 820 2652 όιπασι,
852 2587 1044 2659 σχολὴν
1065 2586 1218 2656 ἄγειν
1236 2588 1355 2650 ταῖς
1377 2583 1682 2655 ἐπωνύμοις
1710 2582 1803 2637 τοῦ
1824 2582 2072 2654 Σωτῆρος

497 2679 732 2751 ἡμέραις
768 2678 1056 2742 ἐνουθέτει,
1088 2679 1289 2749 ὁμοίως
1339 2676 1397 2731 δὲ
1436 2676 1651 2740 καὶτὰς
1678 2675 1771 2729 τοῦ
1802 2674 2069 2729 σαϐϐάτου

495 2773 660 2843 τιμᾷν
685 2771 819 2842 (55)·
857 2772 1073 2842 μνήμης
1096 2769 1260 2824 ’ἐνεκά
1288 2786 1377 2842 μοι
1414 2769 1590 2824 δοκεῖν
1625 2767 1734 2821 τῶν
1764 2768 1822 2821 ἐν
1847 2766 2071 2830 ταύταις

495 2863 573 2935 τῷ
592 2862 753 2934 κοινῷ
768 2863 979 2934 Σωτῆρι
1000 2860 1309 2934 πεπράχθαι
1344 2861 1846 2933 μνημονευομένων.
1875 2860 1985 2931 Τὴν
2013 2857 2072 2912 δέ

494 2970 559 3023 γε
597 2954 860 3025 σωτήριον
909 2952 1142 3024 ἡμέραν,
1189 2952 1256 3023 ἡν
1287 2954 1378 3006 καὶ
1408 2952 1584 3022 φωτὸς
1614 2947 1753 3005 εἶναι
1779 2952 1872 3005 καὶ
1918 2951 2069 3023 ἡλίου

496 3043 782 3115 ἐπώνυμον
832 3042 1141 3114 συμϐαίνει,
1198 3040 1266 3095 τὰ
1327 3039 1693 3112 στρατιωτικὰ
1751 3041 1929 3094 πάντα
1984 3038 2071 3092 διὰ

498 3133 731 3203 σπουδῆς
768 3133 931 3203 τιμᾷν
974 3131 1260 3198 διδάσκων,
1306 3134 1417 3193 τοῖς
1451 3131 1548 3201 μὲν
1574 3130 1671 3201 τῆς
1711 3129 1894 3182 ἐνθέου
1938 3145 2068 3199 μετ--

496 3188 950 3296 έχουσιῖπίστεως,
969 3188 1258 3286 ἀκωλύτως
1282 3225 1347 3292 τῇ
1364 3188 1765 3292 ’ἐκκλησία-τοῦ
1788 3218 1919 3273 Θεοῦ
1937 3188 2071 3290 καρ-
2095 3188 2139 3249 c

494 3318 669 3387 τερείν
704 3316 973 3385 μετεδίδου
1018 3315 1234 3384 σχολῆς,
1278 3316 1360 3381 ἐφ’
1396 3306 1441 3380 ᾧ
1479 3312 1578 3375 τὰς
1617 3310 1800 3380 εύχὰς,
1840 3310 2069 3382 μηδενὸς

496 3406 679 3469 αὐτοῖς
705 3404 952 3476 ἐμποδὼν
975 3405 1317 3476 γιγνομένου,
1347 3402 1639 3458 συντελεῖν.

2172 1947 2270 2010 cti,
2311 1947 2697 2017 imperatorem
2736 1951 2911 2022 ipsum
2943 1953 3160 2020 pietatis
3194 1955 3513 2025 magistrum
3565 1956 3735 2010 habe-

2171 2039 2337 2105 bant;
2387 2048 2444 2094 et
2477 2041 2769 2097 salutarem
2820 2058 2885 2098 ac
2932 2042 3269 2099 Dominicum
3312 2046 3455 2100 diem
3509 2047 3734 2116 perinde

2170 2130 2540 2199 honorabant;
2570 2148 2743 2204 eoque
2770 2135 2857 2191 die
2879 2138 3220 2205 precationes
3248 2137 3565 2207 imperatori
3597 2153 3732 2207 gra-

2175 2231 2259 2274 tas
2288 2221 2355 2275 ad
2403 2222 2568 2277 Deum
2599 2223 2917 2280 fundebant.
2954 2225 3210 2297 Reliquos
3235 2228 3399 2282 etiam
3428 2227 3685 2283 mortales
3711 2267 3731 2294 ,

2172 2313 2238 2366 ad
2266 2314 2406 2368 idem
2435 2314 2746 2373 faciendum
2781 2321 3028 2375 incitavit
3065 2322 3319 2391 princeps
3348 2320 3730 2387 beatissimus;

2174 2413 2356 2474 utpote
2383 2407 2473 2475 qui
2523 2408 2575 2463 id
2605 2410 2840 2465 maxime
2869 2411 2922 2464 in
2955 2412 3093 2466 votis
3122 2413 3383 2475 haberet,
3417 2421 3476 2467 ut
3504 2413 3727 2466 univer-

2171 2511 2264 2551 sos
2294 2499 2539 2556 homines
2569 2501 2827 2570 paulatim
2866 2501 2958 2557 Dei
2988 2502 3224 2557 cultores
3271 2502 3532 2559 eiiiceret.
3558 2504 3735 2573 Atque

2170 2591 2241 2644 ob
2273 2592 2409 2647 hanc
2440 2608 2658 2649 causam
2692 2595 2903 2650 cunctis
2941 2596 3040 2650 sub
3082 2595 3308 2664 imperio
3354 2594 3603 2650 Romano
3634 2596 3734 2650 de-

2172 2684 2421 2752 gentibus
2465 2686 2760 2754 prazcepit,
2806 2697 2866 2740 ut
2911 2686 3190 2741 Dominico
3238 2687 3325 2743 die
3365 2686 3734 2754 feriarentur;

2171 2782 2338 2842 utque
2381 2773 2521 2829 diem
2558 2777 2649 2844 qui
2686 2786 2769 2830 est
2805 2777 2979 2847 pridie
3020 2778 3229 2833 sabbati
3279 2778 3532 2834 similiter
3561 2779 3737 2835 bonn-

2171 2873 2360 2918 rarent
2389 2881 2404 2918 :
2438 2863 2494 2919 in
2526 2868 2840 2924 memoriam
2869 2907 2883 2931 ,
2914 2878 2972 2922 ut
3014 2870 3250 2938 videtur,
3292 2885 3477 2925 earum
3514 2886 3691 2925 rerum
3717 2912 3734 2937 ,

2169 2964 2289 3020 qua:
2316 2968 2347 3007 a
2392 2956 2663 3009 communi
2699 2958 2937 3010 omnium
2972 2955 3265 3013 Servatore
3296 2958 3401 3014 illis
3434 2960 3625 3015 diebus
3649 2975 3738 3031 ge-

2170 3050 2267 3095 sta:
2293 3056 2415 3096 esse
2442 3045 2814 3113 perhibentur.
2848 3044 3016 3099 Porro
3040 3061 3164 3101 cum
3197 3049 3497 3102 exercitum
3521 3064 3735 3105 omnem

2172 3130 2239 3183 ad
2269 3132 2522 3187 salutaris
2556 3133 2701 3200 diei,
2742 3135 2832 3204 qui
2864 3136 3001 3189 lucis
3032 3150 3097 3191 ac
3126 3137 3258 3191 solis
3303 3138 3607 3208 appellatur
3639 3155 3736 3194 no-

2178 3218 2362 3284 mine,
2394 3219 2705 3290 religiosum
2751 3223 2957 3278 cultum
3002 3223 3348 3293 institueret;
3400 3227 3468 3281 iis
3518 3228 3734 3296 quidem

2174 3308 2266 3377 qui
2301 3310 2459 3364 Iidem
2484 3312 2744 3367 divinitus
2769 3314 3087 3384 inspiratam
3121 3315 3356 3384 amplexi
3383 3329 3734 3385 erant,exer-

2175 3403 2335 3459 cendi
2368 3418 2427 3459 se
2451 3419 2517 3461 ex
2543 3420 2693 3461 more
2723 3407 3079 3477 institutoque
3114 3408 3371 3477 Ecclesia:
3396 3411 3493 3467 Dei
3528 3421 3736 3484 tempus

498 3507 668 3567 atque
698 3499 867 3553 otium
894 3499 1141 3561 indulsit,
1171 3514 1280 3566 quo
1301 3493 1511 3567 absque
1535 3498 1646 3551 ullo
1674 3498 2061 3566 impedimento
2099 3499 2440 3555 orationibus
2462 3510 2741 3556 vacarent.

1017 3594 1413 3648 ΚΕΦΑΛΑΙΟΝ
1449 3591 1551 3647 16'.

500 3683 698 3752 ὀπως
734 3684 834 3739 καὶ
866 3684 1007 3751 τοὺς
1042 3685 1314 3752 ἐθνικοὺς
1337 3685 1722 3753 στρατιώτας,
1751 3685 1822 3739 ἐν
1850 3689 2067 3754 Κυρια-

879 3754 1014 3822 κιιῖς
1031 3756 1311 3826 εὔχεσθαι
1329 3755 1680 3824 προσέταξε.

566 3844 690 3911 Τοῖς
740 3846 834 3902 καὶ
888 3849 1055 3920 μὴπω
1092 3845 1186 3902 τοῦ
1225 3847 1371 3902 θείου
1398 3847 1560 3917 λόγου
1603 3845 1980 3919 μετασχοῦσιν,
2008 3848 2066 3900 ἐν

563 4022 674 4096 (51)
726 4024 1084 4096 Ἐκκλησίας
1135 4025 1284 4081 Θεοῦ
1333 4028 1573 4096 τρόπον.
1627 4025 1959 4083 Sozomenns
2003 4024 2055 4096 in

493 4096 591 4150 lib.
622 4112 670 4158 t,
703 4110 753 4166 c.
780 4095 831 4159 7,
858 4099 940 4166 Ade
983 4097 1337 4152 Constantino
1363 4095 1512 4166 imp.
1557 4098 1628 4151 ita
1678 4096 1909 4151 scribit:
1944 4095 2056 4149 Kal.

494 4167 553 4219 ἐν
587 4167 706 4239 τοῖς.
733 4164 1017 4235 βασιλείοις
1048 4166 1333 4239 εὐκτήριον
1357 4163 1502 4239 οἷκον
1532 4167 1917 4239 κατεσκεύασε.
1952 4170 2061 4239 Ap-

495 4244 646 4303 paret
674 4236 1031 4289 Sozomenum
1065 4236 1116 4288 id
1155 4235 1232 4291 ex'
1270 4237 1499 4291 Eusebio
1540 4246 1745 4296 nostro,
1780 4235 1856 4287 uti
1890 4235 2056 4298 solet,

497 4306 758 4359 hausisse.
802 4305 907 4359 Sed
946 4304 1208 4360 Eusebius
1236 4321 1341 4360 non
1370 4306 1502 4360 dicit
1544 4305 1960 4361 Constantinum
2002 4304 2055 4357 in

495 4374 691 4442 palatio
715 4373 998 4428 ecclesiam
1021 4376 1333 4432 aediﬁcasse.
1362 4376 1473 4430 Hoc
1497 4384 1703 4430 tantum
1730 4375 1881 4436 dicit,
1908 4374 2055 4427 illum

493 4443 733 4515 ecclesia:
778 4445 1063 4512 quamdam
1100 4446 1331 4515 speciem
1381 4449 1435 4499 in
1487 4445 1689 4515 palatio
1730 4444 2055 4515 instituisse.

494 4512 628 4567 Vide
681 4515 1064 4582 panegyricum
1116 4512 1328 4568 Eusebii
1375 4515 1429 4569 in
1482 4512 1867 4582 tricennalibqs
1910 4514 2054 4567 Con-

494 4559 1046 4651 έιὲιῖἷιῑηῖ’ρὐί.’ὀέὲζ
1052 4559 2055 4652 'mitiﬁcis.;.".:;;.I;.nr.5;.1ie
2084 4559 2131 4616 Β

493 4654 799 4707 caulirmat.

565 4721 675 4794 (52)
720 4720 848 4788 Τοῖς
872 4721 980 4794 τόν
1016 4721 1333 4794 ,βασίλεων
1358 4718 1527 4777 οἷκον
1556 4719 1911 4794 πληροῦσιν.
1938 4718 2058 4776 Vox

494 4788 743 4859 ambigua
777 4804 860 4845 est
912 4791 1176 4861 βασίλειος
1221 4788 1396 4856 οἶκος,
1433 4807 1553 4861 quae
1583 4803 1638 4845 et
1668 4788 1952 4845 Ecclesium
2004 4802 2059 4843 et

496 4862 750 4932 palatium
792 4860 1080 4932 signiﬁcat.
1122 4864 1200 4915 Ae
1244 4860 1750 4916 videtttr’Ettsebitts
1796 4861 1863 4913 de
1904 4860 2059 4932 indue

497 4931 628 4984 Stria
674 4932 726 4985 in
760 4931 916 4999 hujus
963 4933 1110 4986 vocis
1155 4933 1503 4999 ambiguitate
1553 4932 1764 4994 lusisse.
1807 4944 1872 4983 eo
1915 4931 2059 4998 quod

494 5000 833 5056 Constantini
867 5003 1126 5070 palatium
1153 5002 1327 5070 simile
1353 5011 1493 5054 esset
1509 5001 1786 5070 “ecclesia.
1825 4999 1889 5070 Et
1918 5013 2058 5069 quos

494 5070 583 5125 hic
642 5081 794 5126 vocat
856 5066 980 5135 τοὺς
1023 5071 1138 5142 τὸν
1166 5068 1434 5142 βασίλειον
1481 5066 1627 5142 οἷκον
1684 5066 2057 5142 πληροῦντας,

495 5142 890 5211 ευρταννοοιινίι
912 5142 1038 5204 τοὺς
1065 5141 1209 5196 ἔνδον
1236 5140 1777 5211 ἐκκλησιαζομένους.

564 5207 675 5282 (55)
713 5212 981 5279 Φύλακες
1022 5211 1130 5265 τοῦ
1177 5207 1402 5276 παντὸς(
1427 5207 1616 5265 οἶκοι).
1659 5212 1927 5282 Interpres
1957 5207 2061 5263 Son

496 5280 704 5335 zotneni
758 5284 1082 5336 sententiam
1138 5288 1354 5337 secutus
1413 5282 1698 5335 ecclesiam
1757 5280 2057 5345 intellexit,

494 5353 576 5405 cui
605 5366 708 5420 non
728 5354 1023 5420 assentior.
1048 5350 1181 5405 Nam
1205 5349 1466 5404 Eusebius
1494 5351 1608 5420 ipse
1634 5350 1685 5404 in
1703 5348 2057 5420 Panegyrico,

494 5435 615 5488 pag.
648 5418 780 5483 628,
828 5423 916 5476 ubi
964 5422 1078 5476 haec
1114 5422 1180 5474 ad
1233 5421 1455 5489 verbum
1506 5418 1773 5489 leguntur,
1813 5418 1943 5473 nihil
1993 5421 2061 5473 de

493 5489 717 5543 ecclesia
754 5491 902 5546 dicit.
948 5493 1152 5547 Sensus
1203 5488 1374 5559 igitur,
1402 5488 1573 5559 hujus
1610 5488 1709 5543 loci
1756 5498 1873 5551 est,
1915 5489 2061 5543 Con-

495 5560 788 5613 stantinum
833 5562 1097 5615 ministris
1122 5574 1186 5615 ac
1215 5558 1430 5613 ramulis
1455 5558 1553 5612 Dei
1594 5567 1650 5611 et
1688 5560 2060 5613 sacerdotibus

496 5644 680 5683 curam
713 5639 767 5683 et
795 5632 1094 5691 custodiam
1127 5630 1295 5683 totius
1334 5628 1518 5697 palatii
1562 5628 1646 5682 sui
1673 5628 2012 5682 commisisse
2040 5644 2056 5681 :

500 5699 570 5753 ita
629 5707 685 5751 ut
738 5702 1044 5757 sacerdotes
1093 5709 1277 5754 essent
1335 5699 1489 5768 quasi
1542 5700 1759 5766 quidam
1829 5698 2059 5763 majores

493 5770 720 5897 gamus,
773 5781 863 5826 aut
933 5785 1070 5842 quos
1129 5767 1368 5826 Romani
1417 5781 1578 5825 curas
1631 5767 1817 5838 palatii
1890 5781 2057 5823 voca-

533 5849 644 5895 ant.

533 5849 644 5895 ant.

2647 3596 2807 3668 535
2859 3595 3086 3653 CAPUT
3116 3595 3264 3651 XIX.

2213 3683 2491 3751 Quomodo
2539 3689 2700 3742 etiam
2731 3690 2946 3757 gentiles
2976 3690 3163 3742 milites
3198 3689 3379 3744 diebus
3409 3688 3701 3746 Dominicis

2727 3775 2882 3812 orare
2917 3760 3173 3813 docuerit.

2242 3847 2483 3944 Reliquis
2513 3863 2641 3904 vero
2666 3851 2758 3921 qui
2782 3850 2976 3904 divinat
3002 3850 3125 3905 ﬁdei
3156 3850 3459 3906 doctrinam
3490 3851 3727 3905 nondum

2231 4024 2346 4098 (54)
2384 4025 2761 4082 Διδάσκαλον
2789 4026 3081 4098 εὐσεϐῶν
3126 4025 3532 4082 ἐδιδάσκοντο.
3586 4026 3736 4098 εστι.

2161 4094 2394 4181 bendtim
2437 4108 2565 4181 puto
2589 4097 2987 4181 ἐπεγράφοντο.
3019 4098 3153 4151 Nam
3180 4111 3380 4181 excusa
3414 4098 3572 4181 lectio
3600 4097 3728 4154 ferri

2164 4181 2270 4237 non
2308 4164 2505 4231 potest.
2536 4164 2718 4237 Atque
2738 4164 2899 4223 ita'in
2934 4164 3284 4237 Pa_ncgyrico_.
3316 4180 3437 4234 pag.
3467 4166 3591 4221 628.

2235 4236 2347 4306 (55)
2393 4237 2501 4290 Kal
2542 4234 2651 4303 τὰξν
2678 4237 2785 4291 τοῦ
2815 4234 3126 4306 σαϐϐἁζοϋ
3146 4234 3342 4306 τιμᾷν.
3374 4236 3734 4306 Sct'ibendum

2161 4305 2251 4359 est
2274 4308 2459 4379 procul
2487 4309 2652 4379 dubio
2695 4309 2796 4379 τὴν
2824 4305 3056 4379 πρὸ-τοῦ
3101 4305 3395 4379 σαϐϐάτου.
3441 4305 3616 4379 Atque
3659 4308 3733 4362 ita

2161 4384 2382 4443 apparet
2430 4376 2624 4446 legisse
2679 4374 2803 4446 eu'ut
2856 4374 2948 4446 Qui
3007 4376 3191 4446 titulos
3241 4377 3430 4428 horum
3479 4374 3729 4446 capitum

2160 4444 2503 4513 composuit.‘
2520 4444 2625 4501 Sed
2664 4455 2719 4500 et
2751 4444 3088 4500 Sozomenus
3132 4445 3186 4497 in
3224 4446 3362 4498 libro
3412 4445 3607 4513 primo,
3640 4460 3731 4498 ca-

2158 4514 2269 4582 pite
2290 4512 2350 4584 17,
2370 4516 2600 4584 idip'sum
2628 4515 2936 4578 conﬁrmat,
2975 4513 3324 4584 dttmgscribit
3351 4532 3363 4566 :
3394 4512 3505 4584 Τὴν
3536 4512 3593 4566 δὲ
3621 4515 3736 4567 Κυ-

2159 4581 2354 4671 ξξὲκὴῗ
2366 4581 2553 4671 ..κάλον
2561 4586 2725 4671 μένὲιν
2753 4588 2785 4654 ἡ
2797 4584 2992 4671 μέΕΞΥι
3008 4583 3095 4671 ἢν.
3106 4581 3344 4671 ’,Εξρῗιῖῗι
3360 4581 3613 4671 “PMB.
3631 4584 3734 4671 τῆς

2160 4651 2448 4725 ἑϐδομάδος
2473 4651 2845 4725 ὀνομάζουσιν,
2869 4651 3217 4725 Ἕλληνεςδέ
3235 4651 3732 4725 ἡλίῳλᾶνατιθέασὶ,

2159 4725 2253 4796 κα).
2280 4721 2381 4796 τὴν
2407 4725 2513 4796 πρὸ
2542 4721 2640 4791 τῆς
2668 4723 2919 4796 ἑϐδόμης,
2966 4721 3326 4796 ἐνομοθέτησε
3346 4721 3735 4796 ⁷-δικαστηρίων

2160 4795 2253 4864 καὶ
2272 4791 2380 4864 τῶν
2409 4791 2582 4848 ἄλλων
2595 4792 2787 4864 σχολὴν
2813 4791 2964 4864 ᾄγειν
2977 4791 3204 4864 πάντας,
3228 4793 3321 4864 καὶ
3348 4794 3406 4845 ἐν
3431 4791 3615 4864 εὐχαῖς
3638 4794 3736 4847 καὶ⁵

2159 4861 2327 4944 λιταῖς
2338 4863 2397 4915 τὸ
2421 4864 2576 4944 Oef-ou
2602 4860 2945 4944 θεραπεύειν,
2978 4861 3182 4944 idest”:
3218 4861 3316 4914 Dic
3339 4860 3525 4944 autem
3551 4862 3735 4944 Domi-

2161 4934 2277 4985 nico
2301 4950 2452 5002 quem
2475 4930 2686 4986 Hebra'i
2708 4933 2934 5001 primum
2970 4930 3193 5009 sabbati,
3216 4932 3434 4998 gentiles
3455 4946 3572 5011 vero
3595 4933 3734 4984 diem

2160 5000 2301 5055 Solis
2317 5002 2600 5070 appellant;
2623 5003 2745 5054 item
2757 5009 2902 5054 sexta
2915 4998 3067 5069 ferta,
3081 5010 3293 5053 cunctos
3306 5018 3336 5051 α
3348 5002 3571 5068 judicia
3594 5002 3735 5054 aliis-

2158 5086 2257 5141 que
2289 5072 2531 5141 operibus
2566 5071 2752 5139 fert'ari
2784 5070 3046 5141 prwcepit,
3075 5071 3402 5141 et_pr§cibus
3437 5087 3499 5123 ac
3529 5072 3734 5137 suppli-

2160 5138 2450 5193 catiom'bus
2502 5138 2669 5193 Deum
2723 5138 2976 5193 venerari.
3009 5139 3063 5191 In
3099 5138 3182 5191 Itis
3216 5138 3507 5193 Sozonteni
3553 5140 3734 5193 verbis

2161 5211 2407 5263 nonnihil
2454 5209 2785 5277 difﬁcultatis
2831 5208 3109 5271 occurrit,
3154 5211 3298 5277 quod
3347 5209 3565 5277 quidem
3613 5222 3734 5275 spe-

2160 5288 2273 5333 ctat
2316 5279 2385 5333 ad
2420 5279 2562 5365 diem
2595 5276 2843 5365 Veneris.
2873 5278 2974 5332 Vix
3020 5276 3184 5359 enim
3216 5276 3381 5365 mihi
3404 5277 3734 5365 persuadere

2159 5363 2400 5418 possum,
2448 5349 2860 5403 Constantinum
2894 5348 3237 5416 praecepisse,
3282 5356 3341 5401 ιιι
3378 5362 3445 5401 eo
3471 5347 3558 5400 die
3587 5361 3616 5399 a
3640 5347 3735 5415 ju-

2161 5419 2320 5471 diciis
2367 5419 2724 5473 abstinerent.
2749 5418 2911 5472 Certe
2953 5417 3219 5470 Eusebius
3250 5416 3302 5470 id
3346 5431 3454 5469 non
3496 5415 3628 5469 dicit
3662 5417 3734 5472 da

2161 5485 2389 5542 Veneris
2423 5490 2532 5548 die.
2568 5489 2662 5543 sed
2710 5495 2919 5541 tantum
2961 5490 3029 5539 de
3062 5487 3150 5539 die
3198 5486 3495 5539 Dominico.
3543 5484 3732 5540 Exstat

2161 5556 2502 5611 Constantini
2544 5556 2625 5610 lex
2656 5557 2709 5610 in
2757 5559 2945 5610 codice
2976 5554 3373 5619 Theodosiano,
3419 5553 3599 5618 titulo,
3646 5553 3729 5609 De

2161 5625 2346 5696 fariis,
2393 5627 2446 5679 in
2494 5641 2601 5695 qua
2653 5627 2771 5681 dies
2819 5636 3024 5680 tantum
3081 5624 3389 5696 Dominicus
3439 5624 3727 5696 excipitur.

2160 5693 2347 5766 Itaque
2374 5698 2429 5751 id
2457 5693 2530 5750 de
2551 5709 2652 5751 suo
2676 5697 2965 5750 admensus
2983 5702 3069 5747 est
3093 5694 3446 5766 szomenus.
3474 5693 3577 5766 Qui
3604 5706 3728 5766 cuin

2163 5761 2449 5821 sua'mate
2482 5767 2533 5820 id
2560 5768 2838 5821 observari
2875 5766 3081 5818 videret
3109 5761 3575 5831 Constantinopoli
3606 5764 3729 5823 (fuit

2163 5838 2307 5893 enim
2334 5838 2626 5892 advocatus
2655 5837 2710 5890 in
2737 5849 2801 5891 ea
2834 5837 2989 5899 urbe,
3021 5846 3125 5886 una
3153 5846 3280 5887 cum
3305 5835 3559 5904 Aquilino
3591 5849 3726 5902 quo-
