4186 6408
447 421 584 478 1167

1135 406 1417 475 'EUSEBII
1454 416 1928 474 CAESARIENSIS
1966 416 2116 475 ore.
2158 418 2339 474 PARS
2378 417 2420 473 l.
2463 446 2536 456 —
2572 413 2961 471 HISTORICA.

3553 406 3692 466 “68

445 549 833 613 susceperant,
882 541 1052 594 altera
1102 554 1220 610 tege
1270 538 1568 607 praecepit,
1622 546 1682 593 ut
1713 537 2009 592 Dominicis

2109 537 2343 609 δευτέρῳ
2366 535 2514 606 νόμῳ
2540 531 2890 595 διεκελεύετο,
2918 529 3021 593 τὰς
3036 525 3321 599 Κυριακάς
3339 524 3554 598 ἡμέρας
3575 516 3693 596 (56)

444 638 638 692 diebus
664 634 717 688 in
741 647 989 702 campum
1019 646 1212 700 purum
1249 630 1631 700 procederent,
1659 639 1713 685 et
1743 628 2015 699 precatio-

446 741 570 781 nem
601 738 761 794 quam
798 730 959 775 antea
1005 720 1365 785 didicissent,
1414 718 1572 774 simul
1620 732 1810 773 omnes
1861 718 2015 788 signo

444 818 570 872 dato
601 814 669 869 ad
713 813 880 869 Deum
920 810 1230 866 funderent.
1261 810 1449 880 Neque
1475 810 1620 864 enim
1660 809 1831 864 hastis
1852 819 1907 865 et
1929 825 2019 863 ar-

444 915 657 962 matura
680 944 696 969 ,
735 918 835 959 nec
871 903 1120 973 corporis
1165 901 1374 956 viribus
1417 900 1690 957 conlidere
1718 914 1812 955 eos
1856 915 2016 970 opor-

371 1019 381 1033 ι
446 1008 600 1053 tere:
638 995 733 1052 sed
767 1008 1039 1050 summum
1084 992 1328 1047 omnium
1360 990 1525 1046 Deum
1549 1031 1565 1057 ,
1603 998 1882 1044 auctorem
1913 991 2014 1044 bo-

443 1103 638 1145 norum
672 1085 913 1141 omnium
946 1082 1226 1154 ipsiusque
1257 1081 1392 1136 adeo
1437 1080 1678 1135 victoriae
1721 1094 2017 1150 agnoscen-

440 1182 571 1238 dum
604 1192 764 1244 esse;
798 1176 958 1245 eique
981 1173 1251 1229 solemnes
1281 1187 1472 1242 preces
1507 1171 1743 1242 persolvi
1776 1173 1972 1227 debere
1995 1211 2011 1238 ,

442 1269 691 1325 manibus
735 1265 952 1336 quidem
989 1265 1043 1319 in
1073 1262 1272 1320 caelum
1318 1262 1575 1326 sublatis.
1611 1264 1806 1318 mentis
1831 1272 2012 1319 autem

442 1359 614 1415 oculis
659 1357 825 1412 altius
853 1356 921 1411 ad
966 1354 1144 1426 ipsum
1193 1368 1364 1424 usque
1408 1354 1532 1411 coeli
1580 1369 1760 1425 regem
1791 1354 2019 1421 erectis;

443 1451 592 1506 hunc
640 1448 883 1504 victoria:
929 1454 1210 1502 auctorem
1231 1484 1248 1511 ,
1289 1447 1432 1502 hunc
1461 1447 1803 1502 Servatorem
1830 1456 2012 1501 custo-

441 1542 677 1611 demque
705 1548 761 1596 et
792 1537 1097 1609 adjutorem
1124 1537 1379 1593 invocare
1407 1536 1461 1591 in
1493 1537 1896 1607 precationibus
1919 1552 2012 1593 eos

443 1634 667 1691 debere.
695 1630 819 1702 Ipse
855 1646 1018 1701 porro
1046 1630 1379 1701 precationis
1404 1629 1633 1687 formam
1668 1631 1879 1687 cunctis
1910 1633 2010 1685 nii-

443 1724 632 1780 litibus
681 1721 937 1787 tradidit,
974 1720 1169 1789 iubens
1213 1730 1271 1776 ut
1319 1720 1515 1777 Latino
1540 1735 1794 1778 sermone
1820 1736 2011 1779 omnes

443 1815 854 1887 pronuntiarent
885 1814 954 1869 ad
982 1814 1130 1871 hunc
1161 1814 1402 1869 modum.

1039 1904 1267 1962 CAPUT
1300 1902 1421 1962 XX.

443 1996 647 2053 Forma
679 1995 990 2067 precationis
1016 2012 1051 2051 α
1088 1995 1434 2052 Constantino
1484 1996 1739 2052 militibus
1787 1997 2007 2051 tradita.

518 2172 539 2206 ι
571 2153 647 2209 Te
677 2152 849 2209 solum
878 2152 1224 2223 agnoscimus
1248 2152 1456 2221 Deum;
1497 2163 1552 2208 te
1581 2167 1763 2223 regem
1795 2152 2012 2224 profite-

441 2260 596 2309 mur;
648 2254 702 2301 te
743 2244 1048 2315 adiutorem
1098 2245 1434 2300 invocamus.
1490 2243 1591 2300 Tui
1641 2248 1879 2300 muneris
1926 2253 2012 2299 est

440 2336 584 2406 quod
608 2335 872 2392 victorias
903 2335 1215 2401 retulimus,
1236 2336 1381 2405 quod
1407 2334 1592 2391 hostes
1610 2334 2007 2403 superavimus.

444 2426 564 2483 Tibi
593 2428 662 2484 ob
690 2428 968 2499 praeterita
1009 2425 1121 2495 jam
1152 2427 1292 2483 bona
1323 2426 1527 2497 gratias
1583 2426 1820 2496 agimus,
1846 2433 1903 2479 et
1932 2423 2013 2478 fu-

444 2532 566 2577 tura
592 2535 623 2575 a
651 2530 703 2577 te
735 2534 1037 2593 speramus.
1065 2520 1188 2576 ’l‘ibi
1216 2534 1403 2576 omnes
1425 2518 1813 2588 supplicamus,
1845 2526 2010 2586 utque

444 2612 830 2682 imperatorem
859 2619 1103 2667 nostrum
1132 2610 1567 2671 Constantinum,
1594 2623 1700 2662 una
1729 2621 1849 2662 cum
1878 2606 2012 2675 piis-

443 2703 597 2760 simis
623 2702 741 2773 ejus
767 2703 957 2759 liberis
989 2701 1314 2758 incolumem
1340 2709 1397 2756 et
1416 2700 1675 2754 victorem
1702 2696 2009 2753 diutissime

441 2797 600 2853 nobis
625 2809 832 2862 serves,
863 2809 1174 2864 rogamus.»
1202 2791 1330 2847 Hac
1355 2792 1441 2847 die
1455 2789 1597 2847 Solis
1625 2806 1656 2845 a
1684 2789 2009 2844 militaribus

440 2886 685 2943 numeris
718 2885 837 2941 lleri
860 2925 877 2953 ,
904 2894 959 2942 et
981 2884 1098 2941 haec
1121 2884 1288 2941 verba
1315 2883 1459 2938 inter
1482 2881 1813 2953 precandum
1842 2879 1912 2936 ab
1940 2879 2009 2935 iis

440 2976 675 3048 proferri
697 2978 978 3050 praecepit.

1031 3158 1256 3217 CAPUT
1282 3158 1424 3216 XXI.

2038 1877 2086 1934 Β

2116 630 2176 681 ἐν
2200 626 2542 697 προαστείοις
2561 624 2653 677 ἐπὶ
2675 620 2916 693 καθαροῦ
2939 619 3186 692 προϊέναι
3211 618 3393 673 πεδίου
3411 618 3544 689 (57),
3570 619 3696 671 κάν-

2113 718 2287 774 ταῦθα
2346 718 2789 789 μεμελετημένην
2835 712 2999 784 εὐχὴν
3051 712 3110 778 ἐξ
3173 712 3292 776 ἐνὸς
3349 711 3693 783 συνθήματος

2113 811 2247 884 ὁμοῦ
2281 812 2405 874 τοὺς
2435 812 2642 873 πάντας
2666 807 3008 877 ἀναπέμπειν
3033 805 3173 875 Θειξν
3208 805 3345 875 μήτε
3366 803 3475 874 γάρ
3501 803 3691 873 δόρασι

2114 902 2345 974 χρῆσθαι
2374 900 2505 972 (58),
2540 901 2676 971 μήτε
2707 898 3080 967 παντευχίαις,
3120 895 3239 966 μηδ’
3257 895 3394 966 ἀλκῇ
3424 895 3693 965 σωμάτων

2113 991 2210 1055 τὰς
2248 989 2457 1044 ἑαυτῶν
2495 988 2746 1055 ἐξάπτειν
2771 985 3011 1049 ἐλπίδας,
3043 984 3134 1038 τὸν
3159 984 3203 1036 δ’
3235 984 3329 1036 ἐπὶ
3367 984 3587 1037 πάντων
3615 984 3692 1036 εί-

2112 1079 2258 1134 δέναι
2288 1079 2442 1144 Θεὸν,
2471 1078 2670 1141 παντὸς
2702 1074 2910 1145 ἀγαθοῦ
2942 1075 3147 1145 δοτῆρα
3185 1074 3280 1127 καὶ¹
3308 1073 3478 1142 αὐτῆς
3506 1072 3686 1143 νίκης

2110 1161 2155 1236 ᾧ
2177 1167 2383 1232 καὶτὰς
2410 1167 2703 1237 ἐνθέσμους
2732 1165 3030 1236 προσήκειν
3049 1162 3354 1216 ἀποδιδόναι
3368 1161 3552 1233 εὐχὰς,
3577 1161 3691 1214 ἀνω

2115 1259 2212 1330 μὲν
2266 1258 2518 1329 αἴροντας
2562 1259 2641 1322 είς
2687 1254 2912 1329 οὐρανὸν
2965 1253 3271 1325 μετεώρους
3332 1252 3432 1316 τὰς
3478 1256 3687 1323 χεῖρας,

2110 1350 2367 1404 ἀνωτάτω
2395 1350 2439 1404 δ’
2489 1351 2579 1403 ἐπὶ
2621 1350 2714 1403 τὸν
2751 1350 2999 1420 οὐράνιον
3045 1344 3266 1419 βασιλέα
3293 1343 3418 1406 τοὺς
3443 1344 3540 1414 τῆς
3572 1344 3689 1397 δια-

2110 1441 2257 1504 νοίας
2291 1439 2759 1512 παραπέμποντας
2792 1437 3124 1508 ὀφθαλμοὺς,
3170 1434 3421 1487 κάκεῖνον
3450 1433 3570 1495 ταῖς
3597 1432 3688 1484 εὐ-

2110 1536 2230 1604 χαῖς
2256 1532 2411 1599 νίκης
2433 1532 2634 1603 δοτῆρα
2657 1529 2751 1584 καὶ
2780 1530 3020 1601 σωτῆρα,
3050 1527 3267 1598 φύλακά
3296 1542 3355 1579 τε
3387 1524 3481 1578 καὶ
3497 1522 3688 1594 βοηθὸν

2109 1621 2528 1692 ἐπιϐοωμένους.
2583 1621 2695 1674 Καὶ
2734 1619 2832 1690 τῆς
2861 1619 3026 1690 εὐχῆς
3052 1617 3109 1670 δὲ
3137 1619 3247 1679 τοῖς
3279 1616 3687 1686 στρατιωτικοῖς

2110 1713 2282 1768 ἅπασι
2328 1710 2645 1774 διδάσκαλος
2692 1706 2760 1781 ἦν
2793 1710 2974 1773 αὐτὸς,
3017 1708 3264 1779 Ῥωμαία
3291 1705 3506 1780 γλώττῃ
3555 1706 3683 1769 τοὺς

2109 1802 2318 1866 πάντας
2346 1795 2447 1856 ὦδε
2475 1802 2653 1870 λέγειν
2682 1801 3162 1872 ἐγκελευσάμενος.

2627 1905 3023 1960 ΚΕΦΛΛΑῙΟΝ
3068 1906 3154 1959 Κ’.

2110 1996 2316 2066 Εὺχῆς
2349 1996 2607 2065 ῥήματα,
2656 1994 3041 2119 στιὲαὲιιῗταις
3068 1992 3186 2050 ὑπὸ
3226 1993 3677 2049 Κωνσταντίνοι

2779 2083 2810 2119 ο
2848 2082 2877 2117 ε
2903 2081 3040 2119 o'nc.

2779 2081 3040 2132 οσεισης.

2184 2177 2203 2208 ι
2244 2158 2311 2211 Σὲ
2347 2157 2504 2228 μόνον
2546 2155 2766 2226 οἴδαμεν
2793 2155 2944 2210 Θεόν·
2977 2157 3035 2209 σὲ
3068 2153 3293 2226 βασιλέα
3321 2154 3678 2227 γνωρίζομεν·

2111 2249 2169 2301 σὲ
2201 2247 2393 2318 βοηθὸν
2419 2246 2859 2318 ἀνακαλούμεθα·
2896 2247 3049 2319 παρὰ
3096 2245 3190 2299 σοῦ
3218 2246 3318 2310 τὰς
3345 2246 3499 2309 νίκας
3545 2244 3684 2318 ῂρά-

2111 2338 2268 2410 μεθαο
2301 2338 2389 2391 διά
2414 2337 2509 2392 σοῦ
2535 2338 2817 2411 κρείττους
2846 2338 2955 2391 τῶν
2975 2337 3182 2410 ἐχθρῶν
3215 2337 3575 2409 κατέστημεψ
3598 2337 3683 2390 σοὶ

2107 2430 2205 2500 τὴν
2241 2428 2349 2483 τῶν
2375 2429 2729 2501 ὑπαρξάντων
2756 2427 2976 2496 ἀγαθῶν
3021 2429 3179 2501 χάριν
3235 2428 3592 2499 γνωρίζομεν·
3618 2427 3681 2480 σὲ

2107 2521 2344 2575 καὶτῶν
2400 2521 2697 2593 μελλόντων
2752 2519 3061 2592 ἐλπίζομεν·
3114 2520 3208 2574 σοῦ
3264 2522 3460 2585 πάντες
3506 2520 3680 2574 ἱκέται

2106 2609 2384 2681 γινόμεθω
2416 2610 2506 2665 τὸν
2536 2610 2802 2684 ἡμέτερον
2839 2609 3062 2682 βασιλέα
3091 2610 3520 2673 Κωνσταντίνον,
3553 2609 3681 2661 παῖ-

2106 2702 2202 2766 δάς
2228 2719 2287 2755 τε
2315 2702 2477 2756 αὑτοῦ
2504 2702 2788 2772 θεοφιλεῖς,
2817 2705 2908 2757 ἐπὶ
2938 2704 3200 2775 μήκιστον
3225 2704 3357 2772 ἡμῖν
3378 2701 3514 2772 βίου,
3543 2702 3681 2757 σῶον

2106 2794 2202 2847 καὶ
2260 2794 2479 2865 νικητὴν
2535 2794 2895 2864 φυλάττεσθαι
2950 2792 3313 2863 ποτνιώμεθα.
3373 2811 3393 2844 ι
3446 2793 3680 2847 Τοιαῦτα

2107 2884 2248 2939 κατά
2272 2886 2372 2958 τὴν
2397 2886 2489 2939 τοῦ
2534 2885 2711 2955 φωτὸς
2741 2885 2953 2957 ἡμέραν
2985 2884 3294 2955 ἐνομοθέτει
3315 2882 3575 2955 πράττειν
3608 2882 3680 2936 τὰ

2108 2978 2473 3052 στρατιωτικά
2489 2980 2764 3049 τάγματα,
2782 2980 2876 3032 καὶ
2900 2977 3155 3041 τοιαύτας
3180 2976 3457 3032 ἐδίδασκεν
3479 2977 3537 3032 ἐν
3558 2979 3678 3040 ταῖς

2107 3068 2243 3143 πρὸς
2277 3068 2408 3123 Θεὸν
2431 3069 2613 3140 εὐχαῖς
2642 3068 2857 3137 ἀφιέναι
2888 3066 3090 3137 φωνάς.

2609 3160 3005 3215 ΚΕΦΑΔΔῙΟΝ
3034 3161 3166 3217 KA'.

446 3247 512 3305 In
546 3247 709 3304 armis
742 3248 968 3304 militum
1011 3250 1220 3331 signum
1258 3248 1550 3331 Dominicis
1582 3248 1750 3304 crucis
1783 3249 2005 3321 exprimi

2120 3255 2224 3309 Ἕν
2250 3252 2376 3319 τοῖς
2401 3252 2844 3331 στρπιωτικῶιε
2864 3251 3080 3331 ὅίτλοές
3110 3250 3330 3321 σημεῖα
3357 3250 3462 3306 τοῦ
3493 3266 3674 3308 σταυ-

1132 3320 1307 3390 Jubet.

520 3408 828 3477 Quinetiam
868 3410 922 3465 in
973 3409 1107 3480 ipsis
1161 3410 1363 3478 armis,
1420 3408 1675 3467 salutaris
1719 3411 1905 3480 tropaei
1934 3410 2009 3466 sic

442 3515 607 3570 gnum
642 3502 806 3571 jussit
835 3501 1038 3573 effingi.
1075 3500 1261 3572 thue
1315 3509 1443 3558 ante
1481 3502 1806 3558 instructum
1841 3501 2009 3556 armis

440 3593 739 3648 exercitum
790 3609 896 3649 non
923 3608 1085 3651 aurea
1114 3595 1270 3665 signa
1300 3603 1356 3650 et
1385 3593 1675 3652 simulacra
1699 3635 1717 3663 ,
1761 3604 1821 3651 ut
1846 3603 2006 3650 antea

441 3682 614 3737 moris
643 3691 782 3748 erat,
814 3683 909 3740 sed
937 3683 1112 3740 solum
1135 3685 1314 3741 crucis
1342 3692 1606 3756 tropaeum
1656 3684 2009 3756 prefer-retur

441 3773 739 3828 mandavit.

909 3864 1071 3937 536
1116 3865 1345 3923 CAPUT
1387 3865 1550 3921 xxn.

473 4023 476 4027 ἢ
584 3951 830 4009 Studium
855 3957 1106 4025 precandi
1134 3966 1183 4011 et
1219 3960 1390 4013 cultus
1421 3958 1542 4028 festi
1559 3956 1859 4014 Paschalis.

511 4111 629 4182 Ipse
652 4125 782 4168 vero
810 4120 996 4182 utpote
1010 4126 1289 4170 sacrorum
1312 4113 1689 4188 mysteriorum
1715 4115 2007 4187 particeps,

445 4268 598 4342 dam,
636 4275 696 4322 ut
741 4269 857 4338 ipse
875 4268 1074 4342 scribit
1105 4267 1304 4342 ιιι-λιιι).
1342 4266 1403 4342 ιι)
1444 4266 2009 4339 Constantinum,ejus

448 4337 526 4393 rei
556 4336 831 4394 auctorem
868 4336 1033 4393 fuisse
1061 4338 1307 4394 credidit.

511 4406 624 4477 (56)
652 4406 768 4474 Τὰς
791 4409 1090 4477 Κυριακὰς
1107 4408 1350 4477 ἡμέρας.
1376 4405 1599 4462 Scriben
1608 4408 1729 4463 dum
1752 4415 1853 4470 est,
1884 4407 2005 4477 ταῖς

441 4477 745 4599 ﬁngunt;
800 4476 1059 4551 ἡμέραις,
1117 4476 1225 4533 vel
1252 4488 1398 4535 certe
1426 4476 1566 4532 κατὰ
1604 4478 1702 4543 τάς
1725 4476 2007 4548 Κυρωκάς

484 4564 523 4599 υ.
560 4564 675 4599 auc.

443 4547 795 4699 lib-($3332
1177 4614 1404 4699 πεδίου.
1428 4617 1693 4699 Campum.
1708 4632 1897 4688 purum
1922 4615 2005 4671 di-

444 4686 630 4756 cit,_in
661 4700 767 4756 quo
804 4686 966 4756 nullae
994 4703 1121 4756 arae,
1155 4688 1299 4740 nulla
1326 4698 1509 4756 essent
1543 4686 1811 4756 sepulcra.

516 4754 836 4826 (ὣ)νίΜήτε
878 4754 1221 4825 γὰρδόρασι
1253 4755 1529 4824 χρῆσθαι.
1575 4754 1633 4811 In
1675 4755 2008 4826 Panegyrico

445 4822 662 4897 Eusebii
711 4822 964 4897 ubilich
993 4822 1181 4897 iisdem
1249 4822 1429 4880 verbis
1478 4827 1744 4897 leguntur,
1802 4822 2006 4897 rectius

443 4894 701 4964 scribitur
723 4894 1109 4964 xpﬁvattquod
1156 4896 1422 4964 interpres
1456 4894 1561 4950 non
1604 4894 2004 4951 animadvertit.

511 4963 624 5032 (59)
670 4962 792 5017 Ἐπ’
813 4962 1012 5018 αὐτῶν
1037 4962 1157 5017 τῶν
1185 4962 1409 5019 ὅπλων.
1434 4966 1575 5020 Idem
1610 4966 1799 5020 scribit
1837 4965 2008 5019 Soza-

444 5047 634 5108 ιιξεξριιε
680 5034 746 5108 in
779 5032 872 5108 libo
900 5051 948 5108 ιε
972 5048 1028 5108 οι
1081 5034 1153 5108 7.=
1184 5034 1322 5108 Ἔοέις
1357 5035 1438 5108 δὲ
1473 5034 1806 5108 στρατιώτας
1836 5050 2005 5108 προετ-

441 5100 512 5181 εθ
510 5100 636 5187 ἔζων
668 5102 873 5187 Epicteti;
890 5102 1039 5183 αὐτῷ
1070 5102 1323 5183 τὸνβεὸν
1347 5100 1552 5187 σέβειν,
1567 5105 1636 5159 τὰ
1645 5107 1855 5187 ’τούτων
1866 5100 2007 5187 ῥ’πλα

440 5171 523 5241 τῷ
554 5171 806 5242 συμϐόλῳ
831 5173 925 5226 τοῦ
960 5171 1193 5245 σταυροῦ
1224 5177 1609 5247 κατεσήμαινε.
1640 5175 1767 5242 Quae
1788 5176 2006 5244 quidem

443 5241 732 5321 δοῑοιιιςιιὶ
772 5245 936 5321 verba
998 5245 1355 5321 e_x_h;usebio_
1380 5249 1660 5321 desumpta
1692 5260 1816 5321 esse
1848 5259 2004 5321 nemo

442 5324 548 5384 non
582 5310 770 5384 videt,
795 5311 964 5368 Porro
1004 5313 1183 5366 ὃπλων
1216 5314 1433 5368 nomine
1461 5310 1615 5370 scuta
1647 5314 1913 5384 intelligo,
1952 5314 2005 5366 in

442 5379 635 5454 quibus
694 5381 935 5454 salutare
994 5386 1211 5454 crucis__
1234 5384 1441 5454 signum
1511 5385 1725 5454 depingi
1766 5379 2007 5454 jusserat

441 5451 845 5521 Constantinus.
876 5451 1034 5508 Certe
1069 5454 1122 5507 in
1168 5449 1370 5507 Notitia
1403 5449 1612 5521 imperii
1647 5449 1872 5507 li‘oniani
1903 5453 2006 5506 liu-

438 5520 674 5591 jusmodi
715 5533 868 5577 scuta
912 5524 1178 5585 visuntur,
1235 5524 1287 5575 in
1333 5520 1527 5591 quibus
1566 5524 1782 5591 signum
1830 5522 2009 5576 crucis

443 5588 671 5663 diversis
702 5592 877 5663 modis
906 5607 1217 5663 expressum
1243 5588 1362 5663 est!
1380 5588 1488 5645 Sed
1509 5603 1562 5646 et
1593 5588 1919 5663 Prudentius
1954 5591 2007 5644 in

444 5658 581 5732 libro
601 5656 799 5732 Contra
822 5656 1196 5732 Symmachum
1213 5662 1352 5732 idem
1374 5671 1602 5715 testatur
1622 5663 1706 5717 his
1724 5662 1970 5717 versibus
1990 5676 2007 5713 :

510 5726 746 5798 Qltrislus
771 5726 1087 5798 purpureum
1115 5729 1347 5785 stellanti
1374 5733 1542 5797 pictus
1575 5732 1630 5785 in
1662 5748 1795 5786 auro

513 5796 1029 5916 ﬁgitﬁgit-labarum
1057 5817 1076 5856 :
1103 5799 1399 5871 clypeorum
1439 5802 1667 5871 tnsiguia
1693 5801 1932 5858 Christus

569 5881 683 5921 Ηίτι
692 5881 794 5921 rat.

1020 5962 1099 5972 ναις...
1124 5969 1149 5973 ,Α

2602 3323 2718 3391 ,οοῦ
2742 3322 2847 3376 τοῦ
2877 3322 3171 3389 Σωτῆρος.

2181 3413 2318 3485 Ἤδη
2341 3413 2397 3467 δὲ
2426 3413 2519 3467 καὶ
2546 3413 2632 3466 ἐπ’
2657 3410 2834 3467 αὐτῶν
2858 3411 2966 3465 τῶν
2994 3412 3175 3465 ὅπλων
3199 3410 3331 3483 (59),
3354 3410 3414 3464 τὸ
3440 3410 3535 3466 τοῦ
3564 3427 3673 3464 σω-

2104 3502 2293 3577 τηρίου
2322 3504 2583 3576 τροπαίου
2612 3502 2875 3575 σύμϐολον
2908 3500 3413 3571 κατασημαίνεσθαι
3463 3500 3635 3555 ἐποίει
3656 3515 3674 3531 ο

2104 3596 2199 3649 τοῦ
2230 3612 2291 3649 τε
2324 3594 2545 3649 ἐνόπλου
2588 3593 2817 3666 στρατοῦ
2847 3591 2957 3663 (60)
2988 3590 3395 3662 προπομπεύειν
3414 3629 3430 3654 ,
3458 3588 3674 3661 χρυσῶν

2110 3686 2211 3758 μέν
2240 3685 2568 3757 ἀγαλμάτων
2603 3683 2713 3756 (61)
2737 3685 2894 3737 ὁποῖα
2920 3682 3182 3756 πρότερον
3208 3683 3392 3746 αὐτοῖς
3432 3682 3553 3746 ἔθος
3581 3676 3673 3753 ἦν,

2105 3775 2169 3830 τὸ
2203 3775 2384 3847 μηδὲν,
2421 3776 2580 3847 μόνον
2611 3775 2668 3828 δὲ
2697 3773 2760 3827 τδ
2789 3774 3057 3846 σωτήριον
3083 3774 3362 3846 τρόπαιον.

2612 3863 3009 3919 ΚΕΦΑΛΑΙΟΝ
3040 3865 3169 3919 KB'.

2154 3958 2397 4028 Σπουδὴ
2449 3957 2797 4029 προσευχῆς
2850 3957 2983 4029 (62),
3036 3958 3140 4029 καὶ
3187 3955 3326 4027 τιμὴ
3365 3954 3477 4025 τῆς
3532 3956 3639 4010 τοῦ

2640 4027 2870 4098 Πάσχα
2888 4027 3116 4096 ἑορτῆς.

2176 4119 2344 4183 Αὐτὸς
2371 4119 2418 4173 δ’
2441 4112 2530 4174 οἶά
2549 4136 2633 4185 τις
2657 4119 2884 4191 μέτοχος
2911 4117 3073 4189 ἱερῶν
3096 4115 3315 4189 ὀργίων,
3347 4117 3406 4170 ἐν
3427 4117 3668 4190 ἀπορῤἠο

2178 4273 2292 4398 (60)
2304 4272 2465 4345 Vulg.
2482 4273 2584 4329 τοῦ
2604 4290 2667 4327 τε
2683 4267 2946 4326 ἐνόπλου
2963 4271 3243 4340 σταυροῦ.
3260 4270 3403 4351 Lego
3420 4269 3673 4394 στρατοῦ,

2207 4359 2380 4398 egisse
2396 4343 2607 4397 videtur
2620 4343 2904 4398 interpres.
2921 4342 3149 4397 Causam
3164 4357 3364 4395 erroris
3381 4356 3485 4398 orte
3528 4355 3668 4395 uisse

2107 4354 2169 4399 ut
2188 4340 2380 4415 legisse
2396 4340 2607 4397 videtur
2614 4342 3161 4415 interpres._(_3ausani
3164 4341 3364 4395 erroris
3376 4340 3668 4415 praebuisse

2107 4409 2319 4469 videtur
2368 4409 2777 4482 compendiaria
2817 4413 3085 4482 scribendi
3127 4409 3328 4482 forma.
3374 4410 3505 4482 Nam
3541 4424 3665 4482 cum

2110 4482 2363 4539 librarius
2388 4477 2692 4551 scripsisset
2723 4480 2930 4551 aspoﬁ.__
2957 4480 3232 4549 imperitus
3279 4477 3583 4548 exscriptor
3617 4477 3671 4533 id

2111 4551 2422 4623 significare
2445 4547 2955 4623 crediditscaippofi.

2179 4615 2290 4691 (61)
2322 4619 2587 4691 imam-
2620 4618 2736 4691 μέν
2781 4615 3153 4691 ἀγαλμάτων.
3194 4619 3332 4691 Ante
3365 4618 3479 4691 haec
3508 4615 3671 4691 verba

2107 4688 2270 4747 codd.
2319 4689 2527 4745 Fuketii
2557 4698 2613 4744 et
2649 4688 2883 4743 Turnebi
2927 4692 3059 4742 duas
3085 4689 3302 4744 voculas
3331 4690 3530 4741 addunt
3571 4688 3672 4740 hoc

2108 4760 2267 4815 modo
2296 4778 2309 4814 :
2339 4759 2408 4813 τά
2439 4757 2545 4829 τῶν
2587 4756 2823 4829 χρυσῶν,
2852 4766 2972 4829 etc.
3017 4755 3084 4810 Et
3124 4758 3187 4829 in
3220 4757 3667 4829 sequentemlinea

2107 4840 2228 4899 post
2264 4844 2451 4899 vocem
2491 4828 2552 4881 τὸ
2586 4825 2776 4899 phase,
2829 4827 3011 4899 iidem
3038 4827 3248 4899 codices
3273 4836 3326 4899 et_
3367 4825 3674 4899 Savilianus

2108 4893 2312 4954 addunt
2334 4898 2559 4953 verbum
2585 4893 2851 4965 ἡγεῖσθαι.
2907 4893 3013 4951 Sed
3066 4896 3280 4963 vulgata
3314 4896 3475 4951 lectio
3513 4894 3672 4963 longe

2146 4978 2345 5023 raestat.

2108 4986 2824 5108 prgé?l.vnlg._'0uov_6h
2853 5032 3217 5108 προσευχῆς.
3270 5031 3437 5108 ﬂujus
3453 5032 3673 5108 _eapiiis

2110 5097 2322 5162 titulum
2384 5097 2612 5159 feliciter
2666 5097 2822 5159 milti'
2848 5097 3035 5161 videor
3082 5097 3670 5172 ’ἑιιιειιάειεέθεΣπουδὴ

2107 5175 2433 5250 προσευχῆς.
2483 5174 2676 5250 Ιιιυιιοο
2728 5175 2871 5250 enim
2923 5175 3100 5250 capite
3154 5173 3269 5250 agit
3298 5172 3560 5225 Eusebius
3592 5171 3672 5250 ne

2109 5240 2286 5303 st'udio
2316 5240 2590 5314 precandi,
2622 5258 2729 5313 quo
2758 5240 3148 5314 Constantinus
3193 5240 3485 5310 imperator
3513 5240 3670 5314 arde-

2109 5318 2219 5371 bat.
2250 5310 2479 5369 causam
2504 5310 2678 5367 errori
2701 5314 2848 5368 dedit
2869 5313 3293 5381 antiquariorum
3317 5310 3670 5381 consuetudo,

2107 5387 2199 5454 qni
2233 5385 2285 5438 in
2325 5383 2494 5437 titulis
2528 5384 2763 5454 capitum
2811 5377 3208 5452 perscribendis
3243 5381 3482 5454 primam
3518 5377 3666 5454 |i_tte-

2110 5448 2223 5509 ram
2267 5455 2517 5507 omittere
2552 5448 2826 5513 solebant;
2852 5464 2911 5505 ut
2950 5466 3070 5521 eam
3119 5448 3343 5521 posthac
3372 5463 3464 5521 per
3485 5448 3667 5521 otium

2110 5523 2330 5578 utiniato
2360 5524 2541 5577 colore
2566 5524 2935 5592 depingerent.
2962 5516 3206 5575 Certe’in
3239 5518 3452 5592 schedis
3485 5516 3670 5592 Regiis

2108 5594 2279 5663 prima
2321 5593 2459 5663 tituli
2520 5586 2696 5647 littera
2730 5586 3186 5663 'seinperomissa
3234 5599 3336 5663 est:
3367 5586 3426 5639 ln
3483 5590 3668 5663 codice

2108 5656 2287 5717 autem
2320 5661 2531 5716 Fulsetii
2583 5661 2850 5715 interdum
2870 5656 3120 5723 additur,
3159 5657 3429 5711 interdum
3459 5656 3667 5707 omitti-

2113 5743 2217 5786 tur.
2266 5730 2508 5800 Exempli
2555 5733 2727 5800 gratia
2774 5732 2958 5800 titulu_s
3004 5729 3160 5800 hujus
3203 5728 3413 5794 capitis,
3473 5736 3581 5777 tum
3614 5725 3667 5776 in

2110 5801 2246 5856 Fuk.
2272 5797 2478 5861 codice.
2502 5797 2638 5854 et'in
2672 5801 2881 5854 scitedis
2912 5797 3094 5867 Regiis
3118 5799 3190 5852 ita
3219 5806 3507 5862 conceptus
3532 5804 3616 5847 e~t
3648 5808 3664 5845 :

2115 5872 2215 5926 ποῦ
2273 5871 2354 5925 δεῖ
2405 5871 2732 5935 προσευχῆς,
2764 5871 2963 5926 omissa
3001 5870 3184 5936 prima
3240 5867 3450 5933 littera;
3506 5877 3668 5933 quam
