4186 6394
280 397 419 453 H77

1377 395 1467 450 DE
1503 394 1666 452 Vl'l‘A
1704 390 2171 450 CONSTANTINI
2209 391 2340 450 LIB.
2382 391 2471 450 IV.

3390 391 3533 448 M78

275 533 429 591 ρετον
462 513 670 569 πλεῖσθ’
707 515 808 569 ὅσα
838 515 1099 586 παρεῖχεν
1117 553 1131 578 ,
1167 508 1269 566 ὦδε
1296 513 1395 584 μὲν
1423 514 1655 584 ἀγροὺς,
1686 512 1852 566 ἀλλα-

1964 513 2098 568 dona
2127 556 2143 581 ,
2175 528 2318 568 nunc
2370 526 2565 576 agros,
2602 525 2746 566 nunc
2803 523 3052 565 annonas
3101 508 3156 563 in
3216 507 3529 566 alimoniam

270 605 390 678 χόθι
439 604 494 658 δὲ
546 605 865 667 σιτοδοσίας,
903 605 995 657 ἐπὶ
1050 602 1284 674 χορηγίᾳ
1329 604 1578 675 πενήτων
1620 603 1849 674 ἀνδρῶν,

268 696 474 750 παίδων
506 697 550 750 τ’
583 697 834 768 ὀρφανῶν
869 694 1267 765 καὶγυναικῶν
1303 697 1537 769 οίκτρῶν
1577 695 1855 767 δωρούμε-

267 806 358 853 νος
384 807 398 820 ο
430 789 531 859 ἤδη
551 789 604 842 δὲ
634 790 729 843 σὺν
780 789 941 860 πολλῇ
991 788 1252 861 φροντίδι,
1290 790 1384 843 καὶ
1430 788 1855 859 περιϐλημάτων

270 879 537 933 πλείστων
568 882 706 933 ὅσων
736 884 962 952 γυμνοῖς
1006 880 1099 935 καὶ
1130 881 1374 952 ἀνείμοσι
1403 880 1653 952 προύνόει
1679 896 1692 910 ·
1739 878 1856 932 δια-

271 971 546 1041 φερόντως
576 969 619 1022 δ’
650 970 869 1040 ἠξιοῦτο
894 971 1062 1041 τιμῆς
1107 970 1354 1033 πλείονος
1398 972 1527 1033 τους
1565 970 1658 1022 τὸν
1709 967 1857 1037 σφῶν

274 1060 390 1132 βίον
433 1063 499 1131 τῇ
551 1060 689 1115 κατά
746 1060 879 1116 Θεὸν
930 1060 1228 1124 ἀναθέντας
1282 1060 1597 1131 φιλοσοφίᾳο
1643 1059 1735 1115 τὸν
1764 1055 1857 1113 οὖν

274 1156 539 1225 πανάγιον
561 1157 668 1209 τῶν
710 1157 1085 1229 ἀειπαρθένων
1127 1156 1223 1209 τοῦ
1257 1155 1392 1209 Θεοῦ
1440 1156 1635 1228 χορὸν,
1672 1169 1859 1224 μονον-

273 1249 397 1319 ουχὶ
448 1249 543 1303 καὶ
604 1249 777 1302 σέϐων
824 1249 1077 1313 διετέλει,
1108 1252 1228 1313 ταῖς
1266 1248 1374 1302 τῶν
1412 1247 1629 1300 τοιῶνδε
1660 1246 1859 1317 ψυχαῖς

274 1340 481 1393 ἐνοικον
511 1340 672 1394 αὑτὸν
703 1340 968 1412 ὑπάρχειν
1078 1340 1420 1412 καθιέρωσαν
1458 1338 1686 1401 ἐαυτάς,
1724 1336 1860 1391 Θεὸν

280 1431 619 1503 πειθόμενος.

789 1525 1186 1578 ΚΕΦΑΛΑΙΟΝ
1221 1524 1343 1577 ΚΘ¹.

308 1615 705 1686 Λογπογραφίαι
733 1617 830 1670 καὶ
852 1616 1171 1682 ἐπιδείξεις
1199 1616 1317 1669 ὑπὸ
1347 1618 1827 1673 Κωνσταντινου.

346 1709 455 1762 Ναὶ
485 1708 588 1778 ιιὴν
631 1707 729 1779 τὴν
788 1706 953 1761 αὑτοῦ
992 1708 1155 1771 αὐτὸς
1203 1706 1442 1761 διάνοιαν
1491 1710 1605 1770 τοῖς
1652 1707 1860 1772 ἐνθέοις

280 1798 590 1866 συναύξων,
626 1797 991 1869 ἐπαγρύπνως
1029 1798 1127 1867 μὲν
1171 1796 1322 1867 διῆγε
1354 1797 1480 1861 τοὺς
1506 1798 1615 1850 τῶν
1652 1796 1861 1851 νυκτῶν

278 1890 523 1961 καιροὺς,
550 1888 711 1959 σχολῇ
738 1868 795 1941 δέ
818 1886 1172 1959 λογογραφῶν
1194 1888 1328 1957 (77),
1356 1890 1600 1957 συνεχεῖς
1626 1890 1860 1941 ἐποιεῖτο
1893 1868 1934 1923 Β

277 1980 378 2043 τὰς
401 1980 671 2053 παρόδους
698 1979 833 2052 (78),
859 1982 1155 2051 προσήκειν
1176 1979 1475 2052 ἡγούμενος
1495 1979 1690 2051 ἐαυτῷ,
1715 1978 1859 2049 λόγῳ

276 2072 608 2144 παιδευτικῷ
630 2074 738 2127 τῶν
761 2074 1078 2146 ἀρχομένων
1124 2075 1349 2146 κρατεῖν
1370 2113 1385 2137 ,
1412 2073 1635 2145 λογικήν
1671 2089 1730 2125 τε
1760 2071 1861 2144 τὴν

278 2164 572 2237 σύμπασαν
603 2165 1048 2237 καταστήσασθαι
1084 2164 1383 2236 βασιλείαν.
1419 2164 1511 2217 Διὸ
1532 2164 1596 2235 δὴ
1633 2164 1861 2217 συνεκά-

276 2256 359 2311 λει
384 2258 481 2328 μὲν
503 2257 685 2320 αὐτὸς,
720 2257 891 2329 μυρία
915 2258 961 2312 δ’
982 2257 1240 2311 ἔσπευδεν
1262 2258 1349 2310 ἐπ’
1371 2256 1633 2327 ἀκρόασιν
1654 2254 1857 2326 πλήθη,

278 2348 696 2418 φιλοσοφοῦντος
737 2344 1081 2418 ἀκουσόμενα
1121 2348 1406 2419 βασιλέως.
1458 2349 1521 2401 Εἰ
1553 2346 1611 2400 δέ
1645 2364 1722 2418 πη
1769 2346 1858 2399 λέ-

277 2456 429 2508 γοντι
476 2439 749 2507 θεολογίας
791 2440 940 2510 αὐτῷ
975 2441 1214 2511 παρήκοι
1248 2440 1473 2513 καιρὸς,
1505 2440 1724 2505 πάντως
1756 2457 1857 2494 που

275 2530 457 2604 ὂρθιος
483 2531 652 2595 ἐστὼς
673 2572 687 2597 ,
716 2531 1181 2603 συνεστραμμένῳ
1215 2532 1493 2604 προσώπῳ
1512 2574 1527 2598 ,
1560 2532 1860 2588 κατεσταλ-

280 2622 414 2695 μένῃ
444 2641 501 2676 τε
533 2625 682 2695 φωνῇ
711 2663 726 2686 ,
773 2627 924 2694 μυεῖν
971 2622 1151 2687 ἔδοξεν
1193 2624 1388 2689 αὐτοὺς
1427 2625 1542 2697 (79)
1584 2627 1859 2697 παρόντας

279 2717 379 2770 σὺν
408 2715 666 2787 εὐλαϐείᾳ
702 2718 767 2787 τῇ
803 2715 949 2785 πάσῃ
991 2715 1088 2787 τὴν
1131 2713 1311 2770 ἔνθεον
1356 2716 1729 2772 διδασκαλίανο
1760 2714 1858 2772 εἶτ’

277 2808 693 2875 ἐπιφωνούντων
721 2806 871 2876 βοαῖς
905 2808 1173 2879 εὐφήμοις
1202 2809 1310 2862 τῶν
1335 2809 1720 2881 ἀκροωμένων,
1747 2811 1859 2865 ἅνω

281 2898 499 2969 βλέπειν
532 2899 611 2962 είς
642 2900 867 2969 οὐρανὸν
892 2900 1095 2953 διένευε
1114 2941 1128 2963 ,
1170 2900 1265 2954 καὶ
1293 2901 1451 2972 μόνον
1502 2902 1858 2974 ὑπερθαυμά-

280 2986 393 3053 ζειν
415 2990 509 3043 καὶ
545 2991 711 3061 τιμᾷν
753 2988 1069 3060 σεϐασμίοις
1105 2991 1346 3055 ἐπαίνοις
1378 2993 1470 3046 τὸν
1516 2994 1612 3046 ἐπὶ
1644 2994 1860 3048 πάντων

283 3081 526 3152 βασιλέα,
570 3082 929 3155 ’Υποδιαιρῶν
956 3083 1012 3136 δὲ
1043 3083 1137 3147 τὰς
1165 3084 1469 3149 ὑποθέσεις,
1496 3088 1618 3140 τοτὲ
1642 3089 1739 3158 μὲν
1761 3089 1859 3159 τῆς

280 3175 542 3231 πολυθέου
594 3176 802 3247 πλάνης
839 3176 1094 3246 ἐλέγχους
1145 3178 1541 3244 κατεϐάλλετο,
1588 3181 1858 3252 παριστὰς

279 3270 494 3339 ἀπάτην
523 3265 663 3323 εἶναι
696 3271 792 3323 καὶ
822 3270 1111 3340 ἀθεότητος
1140 3270 1421 3341 πρόϐολον,
1441 3270 1538 3342 τὴν
1557 3270 1855 3325 τῶν”ἐθνῶν

278 3360 732 3434 δεισιδαιμονίαψ
792 3364 914 3416 τοτέ
977 3363 1033 3415 δὲ
1091 3363 1189 3434 τὴν
1251 3364 1517 3435 μόναρχον
1571 3364 1856 3435 παρεδίδου

281 3451 511 3521 θεότητα
535 3471 542 3479 ι
570 3450 706 3521 διῄει
732 3452 777 3504 δ’
806 3451 1005 3521 ἑφεξῆς
1035 3452 1127 3505 τὸν
1171 3455 1299 3524 περὶ
1339 3455 1595 3525 προνοίας
1618 3493 1633 3515 ,
1663 3454 1771 3508 τῶν
1798 3471 1858 3507 τε

281 3540 511 3596 καθόλου
538 3580 552 3603 ,
606 3542 834 3593 καὶτῶν
870 3543 997 3611 περὶ
1028 3541 1227 3611 μέρους
1266 3542 1450 3611 λόγον’
1488 3543 1639 3596 ἐνθεν
1665 3543 1722 3596 δὲ
1766 3545 1858 3597 ἐπὶ

283 3632 381 3702 τὴν
411 3631 670 3701 σωτήριον
699 3630 1013 3684 κατέϐαινεν
1041 3632 1348 3702 οἰκονομίαν
1369 3671 1383 3695 ,
1418 3633 1513 3685 καὶ
1536 3632 1738 3703 ταύτην
1766 3632 1861 3685 δει-

284 3724 417 3787 κνὺς
472 3723 784 3792 ἀναγκαίως
822 3722 964 3778 κατὰ
1010 3723 1102 3776 τὸν
1149 3726 1495 3796 προσήκοντα
1534 3723 1859 3796 γεγενῆσθαι

282 3815 472 3885 λόγον·
516 3816 756 3888 μεταϐὰς
792 3815 836 3868 δ’
862 3815 1130 3878 ἐντεῦθεν,
1155 3815 1254 3887 τὴν
1288 3816 1418 3888 περὶ
1462 3816 1556 3869 τοῦ
1592 3815 1735 3869 θείου
1782 3815 1861 3869 δι-

283 3909 615 3979 καιωτηρίου
663 3908 1008 3962 διδασκαλίαν
1057 3910 1258 3963 ἐκίνει·
1323 3909 1453 3963 ἔνθα
1503 3908 1566 3981 δὴ
1628 3910 1861 3980 μάλιστα

281 4002 390 4056 τῶν
420 4000 702 4072 ἀκροατῶν
729 3999 1153 4072 πληκτικώτατα
1189 4000 1499 4071 καθήπτετο
1518 4041 1533 4065 ,
1572 4001 1862 4071 διελέγχων

282 4095 411 4157 τοὺς
460 4094 715 4166 ἅρπαγας
755 4094 849 4148 καὶ
894 4093 1255 4156 πλεονέκτας,
1311 4091 1435 4156 τούς
1488 4092 1536 4146 τ’
1587 4092 1863 4165 ἀπληστίᾳ

286 4186 760 4258 φιλοχρημοσύνης
791 4187 929 4255 σφᾶς
961 4187 1157 4248 αὐτοὺς
1190 4184 1572 4248 ἐκδεδωκότας.
1602 4184 1785 4238 Παίων
1816 4184 1862 4238 δ’

285 4280 475 4351 ὥσπερ
507 4281 601 4335 καὶ
650 4278 1016 4350 διαμαστίζων
1043 4277 1120 4348 τῷ
1163 4277 1307 4348 λόγῳ
1338 4276 1446 4331 τῶν
1482 4275 1863 4349 περιεστώτων

285 4371 579 4442 γνωρίμων
630 4370 815 4435 τινας,
861 4370 1011 4424 κάτω
1076 4369 1252 4422 νεύειν
1313 4368 1719 4439 πληττομένους
1766 4369 1864 4441 τὴν

285 4458 589 4533 συνείδησιν
606 4462 779 4515 ἐποίει
803 4478 816 4493 ο
842 4455 922 4525 οἷς
958 4460 1021 4532 δὴ
1052 4460 1333 4532 λαμπραῖς
1362 4465 1564 4531 φωναῖς
1595 4463 1868 4534 μαρτυρό-

357 4659 470 4731 (77)
509 4657 715 4728 Σχολῇ
743 4656 811 4710 δὲ
857 4656 1245 4731 λογογραφῶν
1266 4698 1281 4713 .
1315 4656 1390 4711 Ne
1423 4658 1544 4731 quis
1574 4657 1717 4731 (forte
1748 4659 1865 4731 exi-

282 4730 471 4787 stimet
515 4731 808 4783 Eusebium
851 4740 1089 4781 nostrum
1142 4730 1229 4782 hic
1273 4730 1524 4782 assentiri
1570 4730 1697 4794 imp.
1724 4730 1866 4782 Cou-

283 4800 552 4860 suiutiuo.
598 4800 736 4852 idem
776 4813 991 4867 quoque
1039 4807 1271 4850 testatur
1306 4798 1490 4852 Victor
1525 4799 1576 4852 iu
1626 4797 1866 4867 Epitome

283 4870 389 4952 his.
414 4870 635 4924 verbis:
676 4887 696 4918 ι
726 4867 841 4939 ipse
894 4868 1108 4922 assidue
1156 4871 1355 4938 legere,
1399 4870 1658 4936 scribere,
1695 4870 1866 4922 medi-

285 4951 415 4996 tari.
450 4961 467 4992 ι

361 5008 474 5080 (78)
528 5008 807 5063 Ἐποιεῖτο
838 5008 943 5080 τὰς
975 5006 1297 5077 παρόδους.
1334 5006 1492 5080 (lianc
1538 5024 1723 5063 vocem
1759 5024 1863 5062 non

283 5078 558 5137 intellexit
588 5082 874 5147 interpres.
909 5079 997 5133 Sic
1028 5079 1174 5132 enim
1211 5078 1395 5150 vertit,
1426 5079 1725 5150 frequentes
1747 5095 1866 5133 cum

284 5152 397 5205 suis
435 5153 600 5204 inibat
635 5165 966 5217 congressus.
1007 5163 1127 5200 cum
1176 5148 1491 5217 vertendum
1518 5148 1721 5211 luerit,
1754 5165 1865 5202 cre-

285 5223 407 5275 bras
435 5222 655 5274 habebat
687 5221 979 5288 conciones.
1024 5217 1156 5288 Nam
1204 5216 1434 5288 πάροδον
1464 5220 1752 5279 ποιεῖσθαι,
1785 5228 1868 5271 est

284 5291 452 5344 verba
492 5288 689 5354 facere,
719 5287 1067 5360 quodAGraaci
1104 5286 1442 5360 frequentius
1470 5290 1656 5360 dicunt
1695 5289 1865 5360 πρόσ-

286 5360 407 5413 οδον
442 5360 728 5414 ποιεῖσθαι.
762 5360 851 5412 Sic
877 5357 1140 5412 Isin-rates
1171 5359 1223 5409 iu
1249 5358 1471 5410 exordio
1492 5357 1862 5426 Areopagitici,

285 5432 417 5500 περὶ
447 5429 720 5501 σωτηρίας
754 5428 849 5501 τὴν
885 5428 1140 5500 πρόσοδον
1180 5427 1541 5501 ἐποιησάμην.
1576 5429 1867 5501 Pausanias

286 5502 341 5554 iu
367 5499 639 5565 Achaicis,
675 5516 795 5569 pag.
829 5499 937 5552 168
992 5500 1247 5569 editionis
1273 5499 1512 5564 Aldinae,
1544 5508 1599 5552 et
1649 5499 1700 5551 iu
1736 5501 1869 5553 duo-

287 5572 388 5623 bus
417 5571 649 5623 decretis
678 5568 683 5569 ⁷
709 5570 977 5623 Deiiorum
1003 5611 1018 5634 ,
1075 5585 1195 5635 quae
1240 5568 1491 5634 leguntur
1538 5569 1677 5621 inter
1728 5584 1869 5619 inar-

288 5656 441 5693 mora
487 5641 896 5699 Arundelliana,
940 5654 1057 5706 pag.
1087 5640 1155 5693 δεῖ
1183 5648 1234 5691 et
1263 5639 1353 5695 43.
1403 5635 1543 5691 εἶναι
1592 5637 1648 5690 δέ
1686 5637 1874 5702 αὐτοῖς

288 5709 553 5781 πρόσοδον
598 5710 739 5781 πρὸς
786 5709 884 5781 τὴν
917 5706 1113 5781 βουλὴν
1141 5710 1234 5761 καὶ
1280 5707 1371 5761 τὸν
1421 5709 1588 5780 δῆμον
1631 5706 1868 5781 πρώτοις

290 5779 433 5852 μετά
474 5779 545 5832 τὰ
595 5780 736 5851 ἱερά.
783 5778 927 5852 Quae
960 5781 1037 5834 sic
1068 5778 1509 5852 interpretanda
1562 5778 1688 5852 sunt
1727 5778 1865 5852 :‘Ad

292 5848 530 5904 Senatum
570 5848 773 5921 quoque
796 5857 844 5904 et
862 5850 929 5903 ad
952 5851 1200 5918 papulum
1220 5849 1368 5905 rerim
1395 5848 1565 5914 facian
1590 5850 1623 5901 ‘i
1646 5848 1860 5914 expletis

1957 620 2256 674 pauperum
2312 613 2368 660 et
2419 605 2819 659 viduarumac
2872 604 3204 673 pupillorum
3266 603 3527 673 largiens.

1958 698 2201 768 Denique
2225 699 2389 754 etiam
2415 710 2594 755 vestes
2619 699 2779 753 nudis
2808 698 3121 753 hominibus
3149 697 3265 751 ﬁeri
3296 696 3531 753 sollicita

1958 790 2267 860 provisione
2311 793 2543 849 curavit.
2591 792 2709 847 Prae
2745 792 2956 847 caneris
2986 806 3117 845 vero
3166 804 3258 844 eos
3295 790 3532 843 maxime

1958 882 2285 947 honorabat,
2329 883 2419 952 qui
2475 898 2535 938 se
2592 892 2738 938 totos
2760 884 2958 939 divina:
2987 882 3343 955 philosophia:
3371 881 3527 936 addi-

1958 972 2188 1029 xissent.
2222 974 2401 1044 Ipsum
2433 974 2652 1044 quidem
2695 975 3099 1030 sanctissimum
3146 982 3529 1043 perpetuarum

1960 1065 2054 1121 Dei
2087 1066 2357 1134 virginum
2385 1075 2587 1122 caelum
2619 1077 2829 1123 tantum
2861 1083 2967 1122 non
2995 1072 3383 1131 venerabatur,
3406 1080 3530 1120 cum

1960 1159 2140 1229 ipsum
2170 1160 2256 1214 cui
2295 1175 2355 1215 se
2381 1169 2840 1217 consecraverant
2868 1160 3056 1229 Deum,
3076 1162 3133 1216 in
3160 1175 3344 1217 earum
3373 1173 3529 1215 men-

1962 1250 2108 1306 tibus
2141 1251 2412 1318 babitare,
2449 1267 2549 1323 pro
2581 1262 2735 1308 certo
2762 1251 3012 1308 haberet.

2514 1527 2742 1584 CAPUT
2775 1526 2973 1583 XXIX.

2100 1623 2519 1680 Lucubrationes
2550 1629 2602 1677 et
2628 1622 3039 1677 declamationes
3060 1620 3411 1677 Constantini.

2035 1716 2176 1784 Quin
2206 1724 2263 1770 et
2295 1721 2439 1768 totas
2468 1712 2741 1768 interdum
2772 1722 2961 1768 noctes
3016 1712 3146 1782 vigil
3197 1711 3532 1781 traducebat,

1964 1825 2117 1868 suam
2152 1808 2270 1878 ipse
2323 1813 2561 1861 mentem
2612 1804 2914 1860 divinarum
2947 1820 3130 1862 rerum
3182 1805 3536 1861 meditatione

1966 1902 2264 1957 instruens.
2296 1898 2363 1954 Et
2401 1911 2500 1969 per
2531 1897 2703 1952 otium
2739 1897 3045 1952 scribendis
3072 1897 3412 1953 orationibus
3434 1911 3535 1952 va—

1965 2007 2115 2059 cans,
2137 1991 2363 2046 crebras
2394 1989 2631 2045 habebat
2662 1989 2957 2044 conciones
2987 1989 3224 2058 :quippe
3251 1988 3345 2058 qui
3372 1987 3535 2044 oilicii

1962 2084 2043 2138 sui
2075 2095 2196 2138 esse
2219 2081 2576 2145 existimaret,
2616 2078 2842 2150 populos
2866 2080 2970 2135 sibi
3011 2079 3289 2149 subjectos
3326 2094 3534 2150 praecea

1962 2175 2074 2244 ptis
2115 2173 2344 2228 rationis
2389 2185 2599 2241 regere,
2630 2180 2686 2225 et
2729 2171 3089 2242 principatum
3117 2186 3273 2225 suum
3306 2169 3536 2226 rationis

1963 2270 2249 2340 imperium
2276 2269 2511 2324 eﬂicere.
2557 2267 2825 2335 Quocirca
2877 2268 2994 2336 ipse
3042 2266 3261 2335 quidem
3310 2266 3535 2321 concio~

1961 2378 2085 2418 nem
2118 2361 2737 2425 advocabat,caaterum
2769 2360 3182 2415 innumerabilis
3214 2361 3537 2415 accurrebat

1960 2455 2278 2523 multitudo,
2308 2454 2611 2525 principem
2662 2451 2825 2525 διο
2856 2451 3330 2522 philosOpbantem
3379 2451 3537 2505 audi-

1964 2555 2106 2601 tura.
2140 2546 2293 2615 Quod
2345 2545 2393 2601 si
2448 2544 2592 2599 forte
2624 2544 2767 2598 inter
2805 2543 3114 2608 dicendum,
3147 2540 3214 2597 de
3264 2540 3534 2612 theologia

1960 2640 2216 2709 loquendi
2244 2639 2425 2708 aliqua
2472 2651 2593 2694 sese
2635 2636 2922 2693 obtulisset
2950 2634 3188 2700 occasio,
3219 2644 3369 2689 stans
3395 2632 3540 2688 illico

1961 2739 2247 2791 contracto
2294 2730 2446 2786 vultu
2494 2745 2560 2785 ac
2594 2729 2833 2785 demissa
2892 2743 3049 2793 voce,
3105 2743 3229 2783 cum
3273 2724 3537 2796 singulari

1962 2826 2223 2896 religione
2256 2838 2321 2879 ac
2351 2822 2640 2888 modestia,
2699 2822 2897 2877 divinat
2950 2820 3213 2876 doctrina.-
3265 2819 3541 2891 mysteriis

1961 2917 2182 2972 initiare
2214 2914 2494 2970 auditores
2520 2910 2830 2967 videbatur.
2858 2910 3103 2981 Cumque
3133 2910 3373 2965 universi
3423 2907 3543 2963 fauo

1962 3011 2062 3064 stis
2086 3008 2314 3065 vocibus
2338 3007 2392 3062 ei
2424 3003 2839 3075 applauderent,
2887 3003 3001 3073 ipse
3050 3002 3129 3057 eis
3178 3001 3438 3056 innuebat
3480 3009 3541 3056 ut

1961 3118 2174 3159 sursum
2205 3099 2395 3156 oculos
2421 3095 2760 3161 attollerent,
2782 3109 3062 3163 unumque
3090 3093 3239 3147 illum
3265 3108 3535 3147 summum

1962 3194 2204 3249 omnium
2240 3205 2423 3261 regem
2464 3188 2739 3260 praecipuo
2765 3186 2914 3241 cultu
2944 3193 2999 3240 et
3023 3184 3385 3239 admiratione
3413 3196 3540 3250 pro-

1965 3291 2344 3354 sequerentur.
2374 3279 2546 3337 Porro
2576 3277 2887 3333 orationum
2942 3290 3159 3331 suarum
3193 3273 3536 3344 partitionem

1965 3378 2038 3431 ita
2070 3374 2325 3441 faciebat,
2363 3382 2424 3428 ut
2459 3373 2695 3443 primum
2747 3368 2966 3438 quidem
3028 3364 3408 3421 refutationem
3444 3377 3540 3419 er-

1962 3468 2107 3524 roris
2135 3467 2414 3538 gentilium
2454 3463 2511 3520 in
2567 3462 2757 3519 multis
2812 3459 2916 3516 diis
2944 3458 3209 3521 colendis,
3237 3456 3390 3527 quasi
3423 3455 3516 3512 fun

1964 3558 2282 3613 damentum
2297 3556 2689 3619 substerneret,
2708 3553 2876 3607 certis
2916 3549 3219 3605 rationibus
3254 3555 3531 3612 astruens,

1965 3646 2409 3716 superstitionem
2458 3643 2675 3700 illorum
2718 3656 2924 3696 meram
2974 3638 3217 3694 fraudem
3290 3653 3429 3701 esse,
3483 3647 3541 3693 et

1965 3737 2261 3807 impietatis
2312 3730 2798 3806 propugnaculum.
2848 3730 2978 3786 Post
3032 3730 3146 3784 haec
3178 3731 3245 3783 de
3278 3726 3541 3800 singulari

1965 3829 2196 3900 imperio
2229 3827 2326 3883 Dei
2359 3824 2685 3882 disserebat.
2712 3821 2849 3877 Tum
2877 3836 3184 3877 sermonem
3217 3820 3450 3876 faciebat
3473 3823 3541 3875 de

1964 3922 2328 3993 providentia.
2383 3934 2487 3985 qua
2520 3926 2575 3974 et
2621 3917 2877 3972 universa
2922 3923 3185 3985 reguntur
3221 3922 3275 3969 et
3302 3911 3536 3983 singula.

1968 4014 2107 4069 Hinc
2156 4013 2223 4066 ad
2276 4011 2575 4067 salutarem
2633 4005 2990 4076 progrediens
3052 4003 3538 4074 dispensationem,

1967 4105 2113 4160 hanc
2173 4114 2390 4170 quoque
2444 4100 2758 4155 necessario
2816 4107 2870 4153 et
2928 4094 3273 4153 convenienti
3329 4093 3541 4149 ratione

1967 4193 2168 4248 laetam
2218 4190 2391 4245 fuisse
2435 4188 2776 4244 ostendebat.
2825 4185 2957 4242 lude
3021 4185 3283 4241 orationis
3318 4198 3538 4239 cursum

1970 4295 2316 4353 promovens,
2347 4279 2778 4349 disputationem
2814 4278 2879 4333 de
2912 4278 3094 4334 divino
3121 4277 3323 4341 judicio
3349 4287 3543 4345 aggre-

1969 4375 2236 4431 diebatur.
2267 4372 2386 4441 Quo
2418 4372 2473 4426 in
2498 4369 2617 4425 loco
2643 4369 2953 4424 auditorum
2980 4371 3195 4422 animos
3222 4366 3541 4437 gravissime

1968 4466 2404 4539 perstringebat,
2447 4474 2699 4533 raptores
2736 4477 3057 4531 coargueus,
3084 4467 3140 4514 et
3168 4460 3454 4523 violentos,
3483 4463 3541 4512 et

1968 4661 2137 4719 sacris
2179 4660 2338 4728 primi
2384 4660 2619 4713 omnium
2655 4658 2876 4728 habeant
2920 4655 3261 4728 facultatem.
3288 4651 3543 4728 Polybius

1968 4737 2019 4788 iu
2053 4731 2145 4785 lib.
2172 4722 2245 4796 iv,
2286 4746 2405 4798 pag.
2438 4730 2562 4799 502,
2593 4728 2777 4799 ἔφοδον
2808 4722 3005 4799 διδόναι
3038 4741 3135 4799 pro
3163 4722 3539 4799 eodem‘dixjt.

1966 4792 2385 4871 Οίόμενοιδεῖνξ
2420 4798 2502 4871 τῷ
2548 4792 2609 4852 τε
2635 4792 2645 4799 ’
2668 4799 2882 4871 μαχατᾷ
2934 4792 3171 4871 δίδοσθαι
3207 4793 3319 4871 ,τὴν
3354 4792 3543 4871 ἔφοδον

1966 4817 2214 4871 υιομενοι
2256 4817 2385 4863 οειν,
2425 4817 2502 4870 τῳ
2548 4817 2609 4852 τε
2709 4817 2882 4870 αχατᾳ
2934 4817 3171 4851 οιοοσυαι
3220 4817 3319 4865 την
3354 4817 3542 4863 arguam

1966 4874 2059 4927 ἐπὶ
2082 4872 2209 4934 τοὺς
2240 4868 2487 4934 πολλούς,
2512 4882 2615 4924 etc.
2649 4817 2748 4935 (gini
2785 4874 2933 4922 locus
2960 4884 3080 4921 cuiu
3117 4864 3315 4933 insigni
3347 4865 3542 4935 utendo

1967 4931 2252 5010 corruptus
2286 4944 2388 5001 sit.
2513 4931 2877 5010 “obis'obiter
2919 4931 3315 5010 emt-inlabitur.
3353 4931 3543 5010 Scribe

1968 5004 2210 5083 igitur-oi.
2257 5011 2354 5083 μὲν
2395 5009 2505 5063 νέοι
2549 5006 2717 5083 ᾤοντο
2757 5008 2887 5083 δεῖν,
2912 5018 3023 5083 _e_t_c.
3060 5005 3189 5083 Quae
3234 5004 3546 5083 emendatio

1968 5075 2318 5138 conﬁrmatur
2378 5075 2728 5149 sequentibus
2777 5077 2981 5149 Polybii
3022 5078 3233 5149 yerbis.
3284 5075 3547 5141 Sequitur

1968 5094 2318 5138 connrmatui
2378 5094 2728 5149 sequentibus
2777 5094 2866 5132 l’ut
2911 5094 2981 5133 Dii
3030 5094 3233 5130 verbis.
3284 5094 3543 5141 nequitur

1967 5153 2143 5217 enim,
2180 5152 2229 5204 οἰ
2261 5150 2318 5204 δὲ
2352 5149 2535 5220 ἔφοροι
2579 5148 2808 5212 δεδιότες
2839 5094 2937 5219 τζν
2978 5145 3110 5220 τῶν*
3134 5145 3268 5220 νέων
3314 5158 3543 5220 συστροτ

1969 5223 2096 5294 φήν.
2129 5210 2205 5294 Et,
2226 5223 2344 5276 haec
2387 5210 2604 5294 quidem
2634 5221 2701 5273 de
2734 5210 2906 5294 vocis'
2937 5216 3355 5294 signiﬁcatione.
3388 5210 3541 5293 Quod

1967 5287 2097 5346 vero
2142 5292 2209 5345 ad
2265 5306 2376 5349 rem
2408 5287 2600 5360 ‘ipsain
2649 5290 2877 5360 attinet,
2928 5289 2996 5340 ab
3042 5287 3147 5341 hoc
3199 5287 3542 5360 Constantini

1968 5363 2113 5416 facto
2148 5361 2361 5415 videtur
2411 5353 2658 5414 manasse
2692 5373 2807 5413 mos
2857 5359 3243 5426 imperatorum
3284 5353 3544 5426 Byzanti-

1968 5448 2200 5495 norum,
2253 5432 2346 5499 qui
2399 5430 2715 5501 conciones
2753 5421 3114 5501 catecbfeticas
3160 5436 3215 5479 et
3266 5421 3342 5477 de
3383 5421 3543 5501 rebus

1968 5503 2139 5556 sacris
2167 5490 2461 5565 habebant,
2491 5514 2608 5565 quae
2642 5498 2868 5554 Silentia
2895 5498 3235 5562 dicebantur,
3262 5502 3323 5547 ut
3352 5490 3542 5543 videre

1967 5572 2131 5628 estin
2162 5571 2438 5625 Glossario
2467 5569 2708 5640 Meursii.
2829 5639 2837 5640 ί
2937 5636 2958 5640 _
3111 5634 3162 5640 ﬂ
3242 5630 3284 5640 _
3322 5628 3338 5640 _
3399 5627 3427 5640 _,

2040 5642 2150 5713 (Z9)
2191 5641 2380 5713 Mnsz’r
2419 5639 2631 5713 ἔδοξεν
2657 5639 2900 5713 qucque.
2937 5636 2994 5692 In
3017 5634 3184 5713 codd.
3229 5628 3541 5713 ‘Fukelia‘uo

1967 5697 2295 5791 ac_‘TiI'rlie|ii
2338 5697 2919 5791 legitur'pue'ivﬁwiat
2950 5707 3077 5773 τοὺς
3105 5701 3395 5775 παρόνταςι
3435 5697 3541 5751 “0‘

1970 5784 2132 5849 ctius,
2170 5797 2289 5838 meo
2318 5780 2533 5853 quidem
2565 5780 2789 5853 judicio.
