  <div class='ocr_page' id='page_1' title='image "/cluster/home/n/w/nwhite01/storage/ocr_20150623/20:no.2/coo.31924054873009/602.png"; bbox 0 0 4186 6394; ppageno 0'>
   <div class='ocr_carea' id='block_1_1' title="bbox 269 426 401 482">
    <p class='ocr_par' dir='ltr' id='par_1_1' title="bbox 269 426 401 482">
     <span class='ocr_line' id='line_1_1' title="bbox 269 426 401 482; baseline -0.023 0"><span class='ocrx_word' id='word_1_1' title='bbox 269 426 401 482; x_wconf 70' lang='lat'><strong>“8|</strong></span> 
     </span>
    </p>
   </div>
   <div class='ocr_carea' id='block_1_2' title="bbox 1360 406 2449 467">
    <p class='ocr_par' dir='ltr' id='par_1_2' title="bbox 1360 406 2449 467">
     <span class='ocr_line' id='line_1_2' title="bbox 1360 406 2449 467; baseline -0.001 0"><span class='ocrx_word' id='word_1_2' title='bbox 1360 411 1450 467; x_wconf 80' lang='lat' dir='ltr'><strong>DE</strong></span> <span class='ocrx_word' id='word_1_3' title='bbox 1491 409 1654 467; x_wconf 78' lang='lat' dir='ltr'><strong>VITA</strong></span> <span class='ocrx_word' id='word_1_4' title='bbox 1692 406 2153 467; x_wconf 67' lang='lat' dir='ltr'><strong>CONSTAN‘I‘INI</strong></span> <span class='ocrx_word' id='word_1_5' title='bbox 2189 407 2298 464; x_wconf 81' lang='lat' dir='ltr'><strong>LIB</strong></span> <span class='ocrx_word' id='word_1_6' title='bbox 2355 406 2449 466; x_wconf 78' lang='lat' dir='ltr'><strong>IV.</strong></span> 
     </span>
    </p>
   </div>
   <div class='ocr_carea' id='block_1_3' title="bbox 3372 409 3508 465">
    <p class='ocr_par' dir='ltr' id='par_1_3' title="bbox 3372 409 3508 465">
     <span class='ocr_line' id='line_1_3' title="bbox 3372 409 3508 465; baseline 0.029 -4"><span class='ocrx_word' id='word_1_7' title='bbox 3372 409 3508 465; x_wconf 69' lang='grc'><strong>1183</strong></span> 
     </span>
    </p>
   </div>
   <div class='ocr_carea' id='block_1_4' title="bbox 273 522 1845 616">
    <p class='ocr_par' dir='ltr' id='par_1_4' title="bbox 273 531 1845 616">
     <span class='ocr_line' id='line_1_4' title="bbox 273 531 1845 616; baseline -0.006 -22"><span class='ocrx_word' id='word_1_8' title='bbox 273 542 369 616; x_wconf 77' lang='grc' dir='ltr'><strong>μὴ,</strong></span> <span class='ocrx_word' id='word_1_9' title='bbox 396 543 501 610; x_wconf 81' lang='grc' dir='ltr'>ὅπη</span> <span class='ocrx_word' id='word_1_10' title='bbox 537 539 688 608; x_wconf 75' lang='grc' dir='ltr'>φίλον</span> <span class='ocrx_word' id='word_1_11' title='bbox 715 536 932 606; x_wconf 83' lang='grc' dir='ltr'>ὲκάστῳ</span> <span class='ocrx_word' id='word_1_12' title='bbox 957 577 970 600; x_wconf 91' lang='grc'><strong>,</strong></span> <span class='ocrx_word' id='word_1_13' title='bbox 1028 534 1261 606; x_wconf 81' lang='grc' dir='ltr'><strong>κρινέτω</strong></span> <span class='ocrx_word' id='word_1_14' title='bbox 1285 550 1298 563; x_wconf 94' lang='grc'><strong>·</strong></span> <span class='ocrx_word' id='word_1_15' title='bbox 1356 534 1479 605; x_wconf 74' lang='grc' dir='ltr'>ἐμοὶ</span> <span class='ocrx_word' id='word_1_16' title='bbox 1527 533 1572 587; x_wconf 86' lang='grc' dir='ltr'>δ’</span> <span class='ocrx_word' id='word_1_17' title='bbox 1614 531 1845 602; x_wconf 77' lang='grc' dir='ltr'><strong>ἐφείσθω</strong></span> 
     </span>
    </p>
   </div>
   <div class='ocr_carea' id='block_1_5' title="bbox 1945 522 3512 616">
    <p class='ocr_par' dir='ltr' id='par_1_5' title="bbox 1951 522 3512 601">
     <span class='ocr_line' id='line_1_5' title="bbox 1951 522 3512 601; baseline -0.002 -17"><span class='ocrx_word' id='word_1_18' title='bbox 1951 532 2169 601; x_wconf 89' lang='lat' dir='ltr'><strong>injuria,</strong></span> <span class='ocrx_word' id='word_1_19' title='bbox 2205 537 2408 584; x_wconf 85' lang='lat' dir='ltr'><strong>statuat</strong></span> <span class='ocrx_word' id='word_1_20' title='bbox 2436 528 2667 597; x_wconf 91' lang='lat' dir='ltr'><strong>quisque</strong></span> <span class='ocrx_word' id='word_1_21' title='bbox 2694 531 2853 597; x_wconf 83' lang='lat' dir='ltr'><strong>prout</strong></span> <span class='ocrx_word' id='word_1_22' title='bbox 2878 524 3167 580; x_wconf 72' lang='lat' dir='ltr'><strong>videbitur.</strong></span> <span class='ocrx_word' id='word_1_23' title='bbox 3218 522 3346 579; x_wconf 80' lang='lat' dir='ltr'><strong>Ilihi</strong></span> <span class='ocrx_word' id='word_1_24' title='bbox 3373 526 3512 581; x_wconf 81' lang='lat' dir='ltr'><strong>inte-</strong></span> 
     </span>
    </p>
   </div>
   <div class='ocr_carea' id='block_1_6' title="bbox 267 629 758 702">
    <p class='ocr_par' dir='ltr' id='par_1_6' title="bbox 267 629 758 702">
     <span class='ocr_line' id='line_1_6' title="bbox 267 629 758 702; baseline -0.018 -14"><span class='ocrx_word' id='word_1_25' title='bbox 267 631 473 702; x_wconf 77' lang='grc' dir='ltr'>τάληθῆ</span> <span class='ocrx_word' id='word_1_26' title='bbox 506 629 758 700; x_wconf 79' lang='grc' dir='ltr'>γράφειν.</span> 
     </span>
    </p>
   </div>
   <div class='ocr_carea' id='block_1_7' title="bbox 777 713 1330 769">
    <p class='ocr_par' dir='ltr' id='par_1_7' title="bbox 777 713 1330 769">
     <span class='ocr_line' id='line_1_7' title="bbox 777 713 1330 769; baseline -0.007 0"><span class='ocrx_word' id='word_1_27' title='bbox 777 713 1173 769; x_wconf 80' lang='grc' dir='ltr'><strong>ΚΕΦΑΛΛΙΟΝ</strong></span> <span class='ocrx_word' id='word_1_28' title='bbox 1210 713 1330 767; x_wconf 87' lang='grc' dir='ltr'><strong>ΛΒ’.</strong></span> 
     </span>
    </p>
   </div>
   <div class='ocr_carea' id='block_1_8' title="bbox 269 800 1844 885">
    <p class='ocr_par' dir='ltr' id='par_1_8' title="bbox 269 800 1844 885">
     <span class='ocr_line' id='line_1_8' title="bbox 269 800 1844 885; baseline -0.011 -14"><span class='ocrx_word' id='word_1_29' title='bbox 269 815 408 885; x_wconf 73' lang='grc' dir='ltr'>Περὶ</span> <span class='ocrx_word' id='word_1_30' title='bbox 444 809 901 885; x_wconf 65' lang='grc' dir='ltr'>συγγρᾴμμᾳτςος</span> <span class='ocrx_word' id='word_1_31' title='bbox 944 805 1460 885; x_wconf 38' lang='grc' dir='ltr'>Κῳτσταντίγουη</span> <span class='ocrx_word' id='word_1_32' title='bbox 1483 801 1516 855; x_wconf 81' lang='grc' dir='ltr'><strong>δ</strong></span> <span class='ocrx_word' id='word_1_33' title='bbox 1560 800 1709 870; x_wconf 80' lang='grc' dir='ltr'>πρὸς</span> <span class='ocrx_word' id='word_1_34' title='bbox 1738 800 1844 854; x_wconf 81' lang='grc' dir='ltr'><strong>τὸν</strong></span> 
     </span>
    </p>
   </div>
   <div class='ocr_carea' id='block_1_9' title="bbox 586 875 1524 947">
    <p class='ocr_par' dir='ltr' id='par_1_9' title="bbox 586 875 1524 947">
     <span class='ocr_line' id='line_1_9' title="bbox 586 875 1524 947; baseline -0.011 -12"><span class='ocrx_word' id='word_1_35' title='bbox 586 875 920 947; x_wconf 54' lang='grc' dir='ltr'><strong>ὶῶῦίὰγίων</strong></span> <span class='ocrx_word' id='word_1_36' title='bbox 946 877 1257 943; x_wconf 75' lang='grc' dir='ltr'>σύλλογον</span> <span class='ocrx_word' id='word_1_37' title='bbox 1281 875 1524 942; x_wconf 76' lang='grc' dir='ltr'>ἔγραψε.</span> 
     </span>
    </p>
   </div>
   <div class='ocr_carea' id='block_1_10' title="bbox 346 964 1845 1045">
    <p class='ocr_par' dir='ltr' id='par_1_10' title="bbox 346 964 1845 1045">
     <span class='ocr_line' id='line_1_10' title="bbox 346 964 1845 1045; baseline -0.011 -16"><span class='ocrx_word' id='word_1_38' title='bbox 346 973 590 1045; x_wconf 79' lang='grc' dir='ltr'>Ῥωμαία</span> <span class='ocrx_word' id='word_1_39' title='bbox 618 971 715 1042; x_wconf 81' lang='grc' dir='ltr'>μὲν</span> <span class='ocrx_word' id='word_1_40' title='bbox 745 966 839 1023; x_wconf 77' lang='grc' dir='ltr'>οὖν</span> <span class='ocrx_word' id='word_1_41' title='bbox 877 966 1091 1039; x_wconf 77' lang='grc' dir='ltr'>γλώττῃ</span> <span class='ocrx_word' id='word_1_42' title='bbox 1119 966 1220 1043; x_wconf 76' lang='grc' dir='ltr'><strong>τῂν</strong></span> <span class='ocrx_word' id='word_1_43' title='bbox 1248 965 1356 1018; x_wconf 81' lang='grc' dir='ltr'><strong>τῶν</strong></span> <span class='ocrx_word' id='word_1_44' title='bbox 1396 964 1569 1031; x_wconf 89' lang='grc' dir='ltr'>λόγων</span> <span class='ocrx_word' id='word_1_45' title='bbox 1608 978 1845 1030; x_wconf 89' lang='grc' dir='ltr'>συγγρα-</span> 
     </span>
    </p>
   </div>
   <div class='ocr_carea' id='block_1_11' title="bbox 268 1055 1846 1139">
    <p class='ocr_par' dir='ltr' id='par_1_11' title="bbox 268 1055 1846 1139">
     <span class='ocr_line' id='line_1_11' title="bbox 268 1055 1846 1139; baseline -0.015 -14"><span class='ocrx_word' id='word_1_46' title='bbox 268 1068 376 1139; x_wconf 63' lang='grc' dir='ltr'><strong>φὴν</strong></span> <span class='ocrx_word' id='word_1_47' title='bbox 418 1064 659 1136; x_wconf 79' lang='grc' dir='ltr'>βασιλεὺς</span> <span class='ocrx_word' id='word_1_48' title='bbox 701 1062 961 1132; x_wconf 88' lang='grc' dir='ltr'>παρεῖχε·</span> <span class='ocrx_word' id='word_1_49' title='bbox 996 1057 1320 1128; x_wconf 89' lang='grc' dir='ltr'>μετέϐαλλον</span> <span class='ocrx_word' id='word_1_50' title='bbox 1366 1056 1409 1139; x_wconf 46' lang='grc' dir='ltr'><strong>δέ</strong></span> <span class='ocrx_word' id='word_1_51' title='bbox 1450 1056 1620 1126; x_wconf 76' lang='grc' dir='ltr'>αὐτὴν</span> <span class='ocrx_word' id='word_1_52' title='bbox 1654 1055 1846 1126; x_wconf 83' lang='grc' dir='ltr'>μεθερ-</span> 
     </span>
    </p>
   </div>
   <div class='ocr_carea' id='block_1_12' title="bbox 273 1138 1844 1229">
    <p class='ocr_par' dir='ltr' id='par_1_12' title="bbox 273 1138 1844 1229">
     <span class='ocr_line' id='line_1_12' title="bbox 273 1138 1844 1229; baseline -0.01 -20"><span class='ocrx_word' id='word_1_53' title='bbox 273 1156 537 1229; x_wconf 75' lang='grc' dir='ltr'>μηνευταὶ</span> <span class='ocrx_word' id='word_1_54' title='bbox 568 1152 679 1217; x_wconf 63' lang='grc'><strong>(82)</strong></span> <span class='ocrx_word' id='word_1_55' title='bbox 729 1150 879 1219; x_wconf 82' lang='grc' dir='ltr'>φωνῇ</span> <span class='ocrx_word' id='word_1_56' title='bbox 921 1148 1008 1217; x_wconf 81' lang='grc' dir='ltr'><strong>(τῇ</strong></span> <span class='ocrx_word' id='word_1_57' title='bbox 1051 1144 1318 1217; x_wconf 77' lang='grc' dir='ltr'><strong>ἡμετέρᾳ)</strong></span> <span class='ocrx_word' id='word_1_58' title='bbox 1369 1138 1451 1205; x_wconf 74' lang='grc' dir='ltr'>οἷς</span> <span class='ocrx_word' id='word_1_59' title='bbox 1479 1142 1636 1196; x_wconf 77' lang='grc' dir='ltr'>τοῦτο</span> <span class='ocrx_word' id='word_1_60' title='bbox 1673 1145 1844 1194; x_wconf 84' lang='grc' dir='ltr'>ποιεῖν</span> 
     </span>
    </p>
   </div>
   <div class='ocr_carea' id='block_1_13' title="bbox 271 1231 1844 1319">
    <p class='ocr_par' dir='ltr' id='par_1_13' title="bbox 271 1231 1844 1319">
     <span class='ocr_line' id='line_1_13' title="bbox 271 1231 1844 1319; baseline -0.011 -20"><span class='ocrx_word' id='word_1_61' title='bbox 271 1248 430 1319; x_wconf 75' lang='grc' dir='ltr'>ἔργον</span> <span class='ocrx_word' id='word_1_62' title='bbox 474 1240 560 1314; x_wconf 84' lang='grc' dir='ltr'><strong>ἦν.</strong></span> <span class='ocrx_word' id='word_1_63' title='bbox 599 1239 719 1293; x_wconf 85' lang='grc' dir='ltr'><strong>Τῶν</strong></span> <span class='ocrx_word' id='word_1_64' title='bbox 748 1238 791 1292; x_wconf 81' lang='grc' dir='ltr'>δ’</span> <span class='ocrx_word' id='word_1_65' title='bbox 837 1233 1279 1307; x_wconf 83' lang='grc' dir='ltr'>έρμηνευθέντων</span> <span class='ocrx_word' id='word_1_66' title='bbox 1326 1233 1520 1303; x_wconf 89' lang='grc' dir='ltr'>λόγων,</span> <span class='ocrx_word' id='word_1_67' title='bbox 1555 1231 1844 1302; x_wconf 81' lang='grc' dir='ltr'><strong>δείγματος</strong></span> 
     </span>
    </p>
   </div>
   <div class='ocr_carea' id='block_1_14' title="bbox 270 1322 1844 1398">
    <p class='ocr_par' dir='ltr' id='par_1_14' title="bbox 270 1322 1844 1398">
     <span class='ocr_line' id='line_1_14' title="bbox 270 1322 1844 1398; baseline -0.009 -11"><span class='ocrx_word' id='word_1_68' title='bbox 270 1335 458 1387; x_wconf 68' lang='grc' dir='ltr'>ἕνεκεν</span> <span class='ocrx_word' id='word_1_69' title='bbox 479 1370 495 1393; x_wconf 88' lang='grc'><strong>,</strong></span> <span class='ocrx_word' id='word_1_70' title='bbox 549 1328 686 1398; x_wconf 86' lang='grc' dir='ltr'><strong>μετά</strong></span> <span class='ocrx_word' id='word_1_71' title='bbox 723 1326 824 1398; x_wconf 80' lang='grc' dir='ltr'>τὴν</span> <span class='ocrx_word' id='word_1_72' title='bbox 856 1324 1136 1397; x_wconf 84' lang='grc' dir='ltr'>παροῦσαν</span> <span class='ocrx_word' id='word_1_73' title='bbox 1185 1322 1439 1376; x_wconf 85' lang='grc' dir='ltr'>ὑπόθεσιν</span> <span class='ocrx_word' id='word_1_74' title='bbox 1477 1322 1603 1392; x_wconf 76' lang='grc' dir='ltr'>ἑξῆς</span> <span class='ocrx_word' id='word_1_75' title='bbox 1640 1324 1844 1376; x_wconf 71' lang='grc' dir='ltr'>ἐκεῖνον</span> 
     </span>
    </p>
   </div>
   <div class='ocr_carea' id='block_1_15' title="bbox 271 1414 1847 1492">
    <p class='ocr_par' dir='ltr' id='par_1_15' title="bbox 271 1414 1847 1492">
     <span class='ocr_line' id='line_1_15' title="bbox 271 1414 1847 1492; baseline -0.006 -16"><span class='ocrx_word' id='word_1_76' title='bbox 271 1422 517 1492; x_wconf 79' lang='grc' dir='ltr'><strong>συνάψω,</strong></span> <span class='ocrx_word' id='word_1_77' title='bbox 550 1421 609 1474; x_wconf 83' lang='grc' dir='ltr'><strong>ὃν</strong></span> <span class='ocrx_word' id='word_1_78' title='bbox 641 1422 671 1473; x_wconf 85' lang='grc' dir='ltr'>ὁ</span> <span class='ocrx_word' id='word_1_79' title='bbox 698 1420 858 1482; x_wconf 78' lang='grc' dir='ltr'>αὐτὸς</span> <span class='ocrx_word' id='word_1_80' title='bbox 898 1417 1176 1490; x_wconf 74' lang='grc' dir='ltr'>ἐπέγραψε</span> <span class='ocrx_word' id='word_1_81' title='bbox 1219 1414 1302 1481; x_wconf 85' lang='grc' dir='ltr'><strong>Τῷ</strong></span> <span class='ocrx_word' id='word_1_82' title='bbox 1336 1415 1457 1469; x_wconf 77' lang='grc' dir='ltr'><strong>τῶν</strong></span> <span class='ocrx_word' id='word_1_83' title='bbox 1484 1414 1669 1484; x_wconf 76' lang='grc' dir='ltr'>ἁγίων</span> <span class='ocrx_word' id='word_1_84' title='bbox 1693 1416 1847 1467; x_wconf 71' lang='grc' dir='ltr'>συλ-</span> 
     </span>
    </p>
   </div>
   <div class='ocr_carea' id='block_1_16' title="bbox 270 1506 1842 1586">
    <p class='ocr_par' dir='ltr' id='par_1_16' title="bbox 270 1506 1842 1586">
     <span class='ocr_line' id='line_1_16' title="bbox 270 1506 1842 1586; baseline -0.007 -15"><span class='ocrx_word' id='word_1_85' title='bbox 270 1519 453 1586; x_wconf 66' lang='grc' dir='ltr'>λόγῳ,</span> <span class='ocrx_word' id='word_1_86' title='bbox 482 1518 547 1586; x_wconf 81' lang='grc' dir='ltr'>τῇ</span> <span class='ocrx_word' id='word_1_87' title='bbox 593 1513 883 1583; x_wconf 70' lang='grc' dir='ltr'>Ἐκκλησία</span> <span class='ocrx_word' id='word_1_88' title='bbox 915 1512 1008 1564; x_wconf 80' lang='grc' dir='ltr'>τοῦ</span> <span class='ocrx_word' id='word_1_89' title='bbox 1049 1509 1184 1564; x_wconf 82' lang='grc' dir='ltr'>Θεοῦ</span> <span class='ocrx_word' id='word_1_90' title='bbox 1226 1507 1443 1570; x_wconf 80' lang='grc' dir='ltr'>ἀναθεὶς</span> <span class='ocrx_word' id='word_1_91' title='bbox 1472 1507 1568 1577; x_wconf 84' lang='grc' dir='ltr'>τὴν</span> <span class='ocrx_word' id='word_1_92' title='bbox 1605 1506 1842 1578; x_wconf 86' lang='grc' dir='ltr'>γραφὴν,</span> 
     </span>
    </p>
   </div>
   <div class='ocr_carea' id='block_1_17' title="bbox 271 1598 1846 1677">
    <p class='ocr_par' dir='ltr' id='par_1_17' title="bbox 271 1598 1846 1677">
     <span class='ocr_line' id='line_1_17' title="bbox 271 1598 1846 1677; baseline -0.006 -17"><span class='ocrx_word' id='word_1_93' title='bbox 271 1609 351 1668; x_wconf 83' lang='grc' dir='ltr'>ὡς</span> <span class='ocrx_word' id='word_1_94' title='bbox 382 1609 453 1677; x_wconf 84' lang='grc' dir='ltr'><strong>μή</strong></span> <span class='ocrx_word' id='word_1_95' title='bbox 483 1624 567 1669; x_wconf 87' lang='grc' dir='ltr'><strong>τις</strong></span> <span class='ocrx_word' id='word_1_96' title='bbox 592 1607 802 1676; x_wconf 82' lang='grc' dir='ltr'>κόμπον</span> <span class='ocrx_word' id='word_1_97' title='bbox 828 1601 963 1656; x_wconf 79' lang='grc' dir='ltr'>εἶναι</span> <span class='ocrx_word' id='word_1_98' title='bbox 994 1603 1232 1672; x_wconf 79' lang='grc' dir='ltr'><strong>νομίσειε</strong></span> <span class='ocrx_word' id='word_1_99' title='bbox 1272 1601 1371 1672; x_wconf 83' lang='grc' dir='ltr'>τὴν</span> <span class='ocrx_word' id='word_1_100' title='bbox 1396 1599 1666 1671; x_wconf 81' lang='grc' dir='ltr'><strong>ἡμετέραν</strong></span> <span class='ocrx_word' id='word_1_101' title='bbox 1704 1598 1846 1669; x_wconf 77' lang='grc' dir='ltr'>ἀμφὶ</span> 
     </span>
    </p>
   </div>
   <div class='ocr_carea' id='block_1_18' title="bbox 270 1694 1063 1767">
    <p class='ocr_par' dir='ltr' id='par_1_18' title="bbox 270 1694 1063 1767">
     <span class='ocr_line' id='line_1_18' title="bbox 270 1694 1063 1767; baseline -0.004 -17"><span class='ocrx_word' id='word_1_102' title='bbox 270 1697 383 1751; x_wconf 83' lang='grc' dir='ltr'>τῶν</span> <span class='ocrx_word' id='word_1_103' title='bbox 410 1695 704 1767; x_wconf 76' lang='grc' dir='ltr'>λεχθέντων</span> <span class='ocrx_word' id='word_1_104' title='bbox 741 1694 1063 1765; x_wconf 75' lang='grc' dir='ltr'><strong>μαρτυρίαν.</strong></span> 
     </span>
    </p>
   </div>
   <div class='ocr_carea' id='block_1_19' title="bbox 779 1773 1311 1829">
    <p class='ocr_par' dir='ltr' id='par_1_19' title="bbox 779 1773 1311 1829">
     <span class='ocr_line' id='line_1_19' title="bbox 779 1773 1311 1829; baseline -0.008 0"><span class='ocrx_word' id='word_1_105' title='bbox 779 1774 1170 1829; x_wconf 77' lang='grc' dir='ltr'><strong>ΚΕΦΑΛΑΙΟΝ</strong></span> <span class='ocrx_word' id='word_1_106' title='bbox 1210 1773 1311 1827; x_wconf 83' lang='lat' dir='ltr'><strong>AI&quot;</strong></span> 
     </span>
    </p>
   </div>
   <div class='ocr_carea' id='block_1_20' title="bbox 1949 614 3303 684">
    <p class='ocr_par' dir='ltr' id='par_1_20' title="bbox 1949 614 3303 684">
     <span class='ocr_line' id='line_1_20' title="bbox 1949 614 3303 684; baseline -0.006 -7"><span class='ocrx_word' id='word_1_107' title='bbox 1949 623 2051 677; x_wconf 92' lang='lat' dir='ltr'><strong>rim</strong></span> <span class='ocrx_word' id='word_1_108' title='bbox 2082 622 2166 676; x_wconf 81' lang='lat' dir='ltr'><strong>fas</strong></span> <span class='ocrx_word' id='word_1_109' title='bbox 2198 621 2268 676; x_wconf 90' lang='lat' dir='ltr'><strong>sit</strong></span> <span class='ocrx_word' id='word_1_110' title='bbox 2289 635 2467 675; x_wconf 89' lang='lat' dir='ltr'><strong>rerum</strong></span> <span class='ocrx_word' id='word_1_111' title='bbox 2492 618 2776 671; x_wconf 71' lang='lat' dir='ltr'><strong>veritatem</strong></span> <span class='ocrx_word' id='word_1_112' title='bbox 2805 617 3022 683; x_wconf 83' lang='lat' dir='ltr'><strong>scriptis</strong></span> <span class='ocrx_word' id='word_1_113' title='bbox 3047 614 3303 684; x_wconf 84' lang='lat' dir='ltr'><strong>prodere.</strong></span> 
     </span>
    </p>
   </div>
   <div class='ocr_carea' id='block_1_21' title="bbox 2483 706 2970 764">
    <p class='ocr_par' dir='ltr' id='par_1_21' title="bbox 2483 706 2970 764">
     <span class='ocr_line' id='line_1_21' title="bbox 2483 706 2970 764; baseline -0.006 -1"><span class='ocrx_word' id='word_1_114' title='bbox 2483 706 2716 764; x_wconf 85' lang='lat' dir='ltr'><strong>CAPUT</strong></span> <span class='ocrx_word' id='word_1_115' title='bbox 2758 706 2970 761; x_wconf 83' lang='lat' dir='ltr'><strong>XXXII.</strong></span> 
     </span>
    </p>
   </div>
   <div class='ocr_carea' id='block_1_22' title="bbox 1949 798 3508 882">
    <p class='ocr_par' dir='ltr' id='par_1_22' title="bbox 1949 798 3508 882">
     <span class='ocr_line' id='line_1_22' title="bbox 1949 798 3508 882; baseline -0.004 -26"><span class='ocrx_word' id='word_1_116' title='bbox 1949 802 2030 856; x_wconf 81' lang='lat' dir='ltr'><strong>De</strong></span> <span class='ocrx_word' id='word_1_117' title='bbox 2105 800 2438 855; x_wconf 75' lang='lat' dir='ltr'><strong>Constantini</strong></span> <span class='ocrx_word' id='word_1_118' title='bbox 2496 801 2770 882; x_wconf 79' lang='lat' dir='ltr'><strong>oratione,</strong></span> <span class='ocrx_word' id='word_1_119' title='bbox 2830 814 3035 882; x_wconf 68' lang='lat' dir='ltr'><strong>quam.</strong></span> <span class='ocrx_word' id='word_1_120' title='bbox 3069 798 3139 851; x_wconf 84' lang='lat' dir='ltr'><strong>ad</strong></span> <span class='ocrx_word' id='word_1_121' title='bbox 3207 806 3508 853; x_wconf 68' lang='lat' dir='ltr'><strong>sanctorum</strong></span> 
     </span>
    </p>
   </div>
   <div class='ocr_carea' id='block_1_23' title="bbox 2510 879 2968 938">
    <p class='ocr_par' dir='ltr' id='par_1_23' title="bbox 2510 879 2968 938">
     <span class='ocr_line' id='line_1_23' title="bbox 2510 879 2968 938; baseline -0.002 -15"><span class='ocrx_word' id='word_1_122' title='bbox 2510 880 2694 923; x_wconf 74' lang='lat' dir='ltr'><strong>aetum</strong></span> <span class='ocrx_word' id='word_1_123' title='bbox 2735 879 2968 938; x_wconf 70' lang='grc' dir='ltr'>εειίρειι.</span> 
     </span>
    </p>
   </div>
   <div class='ocr_carea' id='block_1_24' title="bbox 2017 958 3512 1031">
    <p class='ocr_par' dir='ltr' id='par_1_24' title="bbox 2017 958 3512 1031">
     <span class='ocr_line' id='line_1_24' title="bbox 2017 958 3512 1031; baseline -0.003 -14"><span class='ocrx_word' id='word_1_124' title='bbox 2017 963 2083 1018; x_wconf 85' lang='grc' dir='ltr'>Ει</span> <span class='ocrx_word' id='word_1_125' title='bbox 2118 962 2417 1031; x_wconf 87' lang='lat' dir='ltr'><strong>imperator</strong></span> <span class='ocrx_word' id='word_1_126' title='bbox 2460 961 2676 1030; x_wconf 82' lang='lat' dir='ltr'><strong>quidem</strong></span> <span class='ocrx_word' id='word_1_127' title='bbox 2721 958 2913 1015; x_wconf 89' lang='lat' dir='ltr'><strong>Latino</strong></span> <span class='ocrx_word' id='word_1_128' title='bbox 2949 973 3200 1016; x_wconf 86' lang='lat' dir='ltr'><strong>sermone</strong></span> <span class='ocrx_word' id='word_1_129' title='bbox 3240 959 3512 1015; x_wconf 87' lang='lat' dir='ltr'><strong>orationes</strong></span> 
     </span>
    </p>
   </div>
   <div class='ocr_carea' id='block_1_25' title="bbox 1948 1049 3508 1123">
    <p class='ocr_par' dir='ltr' id='par_1_25' title="bbox 1948 1049 3508 1123">
     <span class='ocr_line' id='line_1_25' title="bbox 1948 1049 3508 1123; baseline -0.004 -14"><span class='ocrx_word' id='word_1_130' title='bbox 1948 1054 2322 1123; x_wconf 81' lang='lat' dir='ltr'><strong>componebat.</strong></span> <span class='ocrx_word' id='word_1_131' title='bbox 2358 1052 2465 1106; x_wconf 87' lang='lat' dir='ltr'><strong>Eas</strong></span> <span class='ocrx_word' id='word_1_132' title='bbox 2493 1066 2623 1105; x_wconf 90' lang='lat' dir='ltr'><strong>vero</strong></span> <span class='ocrx_word' id='word_1_133' title='bbox 2668 1051 2723 1106; x_wconf 88' lang='lat' dir='ltr'><strong>in</strong></span> <span class='ocrx_word' id='word_1_134' title='bbox 2764 1049 3010 1106; x_wconf 64' lang='lat' dir='ltr'><strong>Graecam</strong></span> <span class='ocrx_word' id='word_1_135' title='bbox 3046 1060 3235 1120; x_wconf 85' lang='lat' dir='ltr'><strong>postea</strong></span> <span class='ocrx_word' id='word_1_136' title='bbox 3268 1050 3508 1120; x_wconf 83' lang='lat' dir='ltr'><strong>linguam</strong></span> 
     </span>
    </p>
   </div>
   <div class='ocr_carea' id='block_1_26' title="bbox 1944 1142 3513 1211">
    <p class='ocr_par' dir='ltr' id='par_1_26' title="bbox 1944 1142 3513 1211">
     <span class='ocr_line' id='line_1_26' title="bbox 1944 1142 3513 1211; baseline -0.004 -11"><span class='ocrx_word' id='word_1_137' title='bbox 1944 1146 2337 1200; x_wconf 81' lang='lat' dir='ltr'><strong>convertebant</strong></span> <span class='ocrx_word' id='word_1_138' title='bbox 2392 1143 2745 1211; x_wconf 89' lang='lat' dir='ltr'><strong>interpretes,</strong></span> <span class='ocrx_word' id='word_1_139' title='bbox 2794 1143 2991 1211; x_wconf 86' lang='lat' dir='ltr'><strong>quibus</strong></span> <span class='ocrx_word' id='word_1_140' title='bbox 3037 1142 3093 1196; x_wconf 89' lang='lat' dir='ltr'><strong>id</strong></span> <span class='ocrx_word' id='word_1_141' title='bbox 3147 1157 3346 1196; x_wconf 90' lang='lat' dir='ltr'><strong>munus</strong></span> <span class='ocrx_word' id='word_1_142' title='bbox 3389 1149 3513 1195; x_wconf 82' lang='lat' dir='ltr'><strong>erat</strong></span> 
     </span>
    </p>
   </div>
   <div class='ocr_carea' id='block_1_27' title="bbox 1945 1233 3513 1307">
    <p class='ocr_par' dir='ltr' id='par_1_27' title="bbox 1945 1233 3513 1307">
     <span class='ocr_line' id='line_1_27' title="bbox 1945 1233 3513 1307; baseline -0.003 -16"><span class='ocrx_word' id='word_1_143' title='bbox 1945 1237 2267 1307; x_wconf 87' lang='lat' dir='ltr'><strong>injunctum.</strong></span> <span class='ocrx_word' id='word_1_144' title='bbox 2337 1235 2415 1288; x_wconf 79' lang='lat' dir='ltr'><strong>Ex</strong></span> <span class='ocrx_word' id='word_1_145' title='bbox 2480 1235 2565 1289; x_wconf 90' lang='lat' dir='ltr'><strong>bis</strong></span> <span class='ocrx_word' id='word_1_146' title='bbox 2636 1234 2974 1289; x_wconf 79' lang='lat' dir='ltr'><strong>orationibus</strong></span> <span class='ocrx_word' id='word_1_147' title='bbox 3021 1233 3210 1289; x_wconf 83' lang='lat' dir='ltr'><strong>Graeco</strong></span> <span class='ocrx_word' id='word_1_148' title='bbox 3262 1247 3513 1289; x_wconf 86' lang='lat' dir='ltr'><strong>sermone</strong></span> 
     </span>
    </p>
   </div>
   <div class='ocr_carea' id='block_1_28' title="bbox 1945 1322 3515 1396">
    <p class='ocr_par' dir='ltr' id='par_1_28' title="bbox 1945 1322 3515 1396">
     <span class='ocr_line' id='line_1_28' title="bbox 1945 1322 3515 1396; baseline -0.003 -14"><span class='ocrx_word' id='word_1_149' title='bbox 1945 1326 2250 1391; x_wconf 87' lang='lat' dir='ltr'><strong>translatis,</strong></span> <span class='ocrx_word' id='word_1_150' title='bbox 2289 1325 2520 1396; x_wconf 80' lang='lat' dir='ltr'><strong>exempli</strong></span> <span class='ocrx_word' id='word_1_151' title='bbox 2548 1327 2747 1396; x_wconf 86' lang='lat' dir='ltr'><strong>gratia,</strong></span> <span class='ocrx_word' id='word_1_152' title='bbox 2775 1341 2935 1378; x_wconf 89' lang='lat' dir='ltr'><strong>unam</strong></span> <span class='ocrx_word' id='word_1_153' title='bbox 2980 1324 3109 1379; x_wconf 89' lang='lat' dir='ltr'><strong>huic</strong></span> <span class='ocrx_word' id='word_1_154' title='bbox 3150 1325 3298 1394; x_wconf 81' lang='lat' dir='ltr'><strong>Operi</strong></span> <span class='ocrx_word' id='word_1_155' title='bbox 3352 1322 3515 1392; x_wconf 84' lang='lat' dir='ltr'><strong>subji-</strong></span> 
     </span>
    </p>
   </div>
   <div class='ocr_carea' id='block_1_29' title="bbox 1944 1407 3512 1485">
    <p class='ocr_par' dir='ltr' id='par_1_29' title="bbox 1944 1407 3512 1485">
     <span class='ocr_line' id='line_1_29' title="bbox 1944 1407 3512 1485; baseline -0.003 -14"><span class='ocrx_word' id='word_1_156' title='bbox 1944 1417 2111 1481; x_wconf 87' lang='lat' dir='ltr'><strong>ciam,</strong></span> <span class='ocrx_word' id='word_1_157' title='bbox 2154 1432 2315 1485; x_wconf 92' lang='lat' dir='ltr'><strong>quam</strong></span> <span class='ocrx_word' id='word_1_158' title='bbox 2356 1416 2448 1470; x_wconf 90' lang='lat' dir='ltr'><strong>ille</strong></span> <span class='ocrx_word' id='word_1_159' title='bbox 2511 1407 2597 1463; x_wconf 77' lang='lat' dir='ltr'><strong>Ad</strong></span> <span class='ocrx_word' id='word_1_160' title='bbox 2628 1418 2932 1466; x_wconf 76' lang='lat' dir='ltr'><strong>sanctorum</strong></span> <span class='ocrx_word' id='word_1_161' title='bbox 2964 1416 3154 1462; x_wconf 70' lang='lat' dir='ltr'><strong>caelum</strong></span> <span class='ocrx_word' id='word_1_162' title='bbox 3212 1412 3512 1483; x_wconf 84' lang='lat' dir='ltr'><strong>inscripsit,</strong></span> 
     </span>
    </p>
   </div>
   <div class='ocr_carea' id='block_1_30' title="bbox 1943 1504 3515 1572">
    <p class='ocr_par' dir='ltr' id='par_1_30' title="bbox 1943 1504 3515 1572">
     <span class='ocr_line' id='line_1_30' title="bbox 1943 1504 3515 1572; baseline -0.003 -12"><span class='ocrx_word' id='word_1_163' title='bbox 1943 1505 2202 1561; x_wconf 64' lang='lat' dir='ltr'><strong>Ecclesia:</strong></span> <span class='ocrx_word' id='word_1_164' title='bbox 2255 1506 2348 1560; x_wconf 88' lang='lat' dir='ltr'><strong>Dei</strong></span> <span class='ocrx_word' id='word_1_165' title='bbox 2395 1504 2829 1560; x_wconf 90' lang='lat' dir='ltr'><strong>lucubrationem</strong></span> <span class='ocrx_word' id='word_1_166' title='bbox 2866 1504 3011 1559; x_wconf 88' lang='lat' dir='ltr'><strong>illam</strong></span> <span class='ocrx_word' id='word_1_167' title='bbox 3057 1518 3413 1572; x_wconf 89' lang='lat' dir='ltr'><strong>nuncupans:</strong></span> <span class='ocrx_word' id='word_1_168' title='bbox 3446 1516 3515 1556; x_wconf 85' lang='lat' dir='ltr'><strong>ne</strong></span> 
     </span>
    </p>
   </div>
   <div class='ocr_carea' id='block_1_31' title="bbox 1943 1593 3513 1663">
    <p class='ocr_par' dir='ltr' id='par_1_31' title="bbox 1943 1593 3513 1663">
     <span class='ocr_line' id='line_1_31' title="bbox 1943 1593 3513 1663; baseline -0.003 -12"><span class='ocrx_word' id='word_1_169' title='bbox 1943 1598 2034 1651; x_wconf 90' lang='lat' dir='ltr'><strong>cui</strong></span> <span class='ocrx_word' id='word_1_170' title='bbox 2077 1596 2224 1651; x_wconf 81' lang='lat' dir='ltr'><strong>forte</strong></span> <span class='ocrx_word' id='word_1_171' title='bbox 2276 1605 2523 1652; x_wconf 89' lang='lat' dir='ltr'><strong>nostrum</strong></span> <span class='ocrx_word' id='word_1_172' title='bbox 2557 1610 2723 1663; x_wconf 85' lang='lat' dir='ltr'><strong>super</strong></span> <span class='ocrx_word' id='word_1_173' title='bbox 2777 1596 2863 1651; x_wconf 89' lang='lat' dir='ltr'><strong>his</strong></span> <span class='ocrx_word' id='word_1_174' title='bbox 2896 1596 3060 1650; x_wconf 88' lang='lat' dir='ltr'><strong>rebus</strong></span> <span class='ocrx_word' id='word_1_175' title='bbox 3102 1593 3468 1650; x_wconf 89' lang='lat' dir='ltr'><strong>testimonium</strong></span> <span class='ocrx_word' id='word_1_176' title='bbox 3494 1631 3513 1657; x_wconf 86' lang='lat'><strong>,</strong></span> 
     </span>
    </p>
   </div>
   <div class='ocr_carea' id='block_1_32' title="bbox 1943 1687 3163 1759">
    <p class='ocr_par' dir='ltr' id='par_1_32' title="bbox 1943 1687 3163 1759">
     <span class='ocr_line' id='line_1_32' title="bbox 1943 1687 3163 1759; baseline -0.001 -18"><span class='ocrx_word' id='word_1_177' title='bbox 1943 1703 2083 1743; x_wconf 86' lang='lat' dir='ltr'><strong>vana</strong></span> <span class='ocrx_word' id='word_1_178' title='bbox 2118 1700 2281 1759; x_wconf 86' lang='lat' dir='ltr'><strong>atque</strong></span> <span class='ocrx_word' id='word_1_179' title='bbox 2311 1688 2492 1742; x_wconf 86' lang='lat' dir='ltr'><strong>inanis</strong></span> <span class='ocrx_word' id='word_1_180' title='bbox 2522 1687 2704 1741; x_wconf 84' lang='lat' dir='ltr'><strong>fabula</strong></span> <span class='ocrx_word' id='word_1_181' title='bbox 2742 1702 2866 1743; x_wconf 86' lang='lat' dir='ltr'><strong>esse</strong></span> <span class='ocrx_word' id='word_1_182' title='bbox 2893 1688 3163 1742; x_wconf 85' lang='lat' dir='ltr'><strong>videatur.</strong></span> 
     </span>
    </p>
   </div>
   <div class='ocr_carea' id='block_1_33' title="bbox 2365 1775 3092 1849">
    <p class='ocr_par' dir='ltr' id='par_1_33' title="bbox 2365 1775 3092 1849">
     <span class='ocr_line' id='line_1_33' title="bbox 2365 1775 3092 1849; baseline -0.001 -17"><span class='ocrx_word' id='word_1_183' title='bbox 2365 1777 2525 1849; x_wconf 67' lang='grc'><strong>542</strong></span> <span class='ocrx_word' id='word_1_184' title='bbox 2570 1776 2795 1831; x_wconf 82' lang='lat' dir='ltr'><strong>CAPUT</strong></span> <span class='ocrx_word' id='word_1_185' title='bbox 2850 1775 3092 1831; x_wconf 78' lang='lat' dir='ltr'><strong>XXXIII.</strong></span> 
     </span>
    </p>
   </div>
   <div class='ocr_carea' id='block_1_34' title="bbox 272 1862 1845 1942">
    <p class='ocr_par' dir='ltr' id='par_1_34' title="bbox 272 1862 1843 1942">
     <span class='ocr_line' id='line_1_34' title="bbox 272 1862 1843 1942; baseline -0.005 -17"><span class='ocrx_word' id='word_1_186' title='bbox 272 1872 466 1937; x_wconf 82' lang='grc' dir='ltr'>Ὅπως</span> <span class='ocrx_word' id='word_1_187' title='bbox 492 1868 608 1942; x_wconf 65' lang='grc' dir='ltr'><strong>τῶις</strong></span> <span class='ocrx_word' id='word_1_188' title='bbox 636 1864 1095 1942; x_wconf 31' lang='grc' dir='ltr'>Εὑσεϐζοιθῂπερὶ</span> <span class='ocrx_word' id='word_1_189' title='bbox 1123 1862 1567 1942; x_wconf 62' lang='lat' dir='ltr'><strong>_toﬁ_yr_15yato¢</strong></span> <span class='ocrx_word' id='word_1_190' title='bbox 1588 1863 1695 1919; x_wconf 83' lang='grc' dir='ltr'>τοῦ</span> <span class='ocrx_word' id='word_1_191' title='bbox 1722 1866 1843 1918; x_wconf 81' lang='grc' dir='ltr'><strong>Σω-</strong></span> 
     </span>
    </p>
   </div>
   <div class='ocr_carea' id='block_1_35' title="bbox 1945 1862 3516 1942">
    <p class='ocr_par' dir='ltr' id='par_1_35' title="bbox 1949 1865 3516 1942">
     <span class='ocr_line' id='line_1_35' title="bbox 1949 1865 3516 1942; baseline -0.002 -19"><span class='ocrx_word' id='word_1_192' title='bbox 1949 1868 2224 1935; x_wconf 77' lang='grc' dir='ltr'>Ωιιοιιιοιιο</span> <span class='ocrx_word' id='word_1_193' title='bbox 2250 1867 2461 1921; x_wconf 76' lang='lat' dir='ltr'><strong>Eusebii</strong></span> <span class='ocrx_word' id='word_1_194' title='bbox 2487 1876 2553 1942; x_wconf 66' lang='lat' dir='ltr'><strong>tle</strong></span> <span class='ocrx_word' id='word_1_195' title='bbox 2584 1865 2881 1921; x_wconf 74' lang='lat' dir='ltr'><strong>Servatoris</strong></span> <span class='ocrx_word' id='word_1_196' title='bbox 2905 1868 3142 1942; x_wconf 35' lang='lat' dir='ltr'><strong>sepul‘cro</strong></span> <span class='ocrx_word' id='word_1_197' title='bbox 3172 1866 3516 1938; x_wconf 76' lang='lat' dir='ltr'><strong>panegyricus</strong></span> 
     </span>
    </p>
   </div>
   <div class='ocr_carea' id='block_1_36' title="bbox 530 1933 1575 2007">
    <p class='ocr_par' dir='ltr' id='par_1_36' title="bbox 530 1933 1575 2007">
     <span class='ocr_line' id='line_1_36' title="bbox 530 1933 1575 2007; baseline -0.005 -15"><span class='ocrx_word' id='word_1_198' title='bbox 530 1938 713 2007; x_wconf 84' lang='grc' dir='ltr'>τῆρος</span> <span class='ocrx_word' id='word_1_199' title='bbox 732 1933 1079 2000; x_wconf 76' lang='grc' dir='ltr'><strong>ἐπιδείξεων</strong></span> <span class='ocrx_word' id='word_1_200' title='bbox 1111 1933 1302 2000; x_wconf 76' lang='grc' dir='ltr'>ἑστὼς</span> <span class='ocrx_word' id='word_1_201' title='bbox 1326 1933 1575 2003; x_wconf 74' lang='grc' dir='ltr'>ἤκουσε.</span> 
     </span>
    </p>
   </div>
   <div class='ocr_carea' id='block_1_37' title="bbox 342 2046 1842 2124">
    <p class='ocr_par' dir='ltr' id='par_1_37' title="bbox 342 2046 1842 2124">
     <span class='ocr_line' id='line_1_37' title="bbox 342 2046 1842 2124; baseline -0.004 -15"><span class='ocrx_word' id='word_1_202' title='bbox 342 2055 575 2109; x_wconf 83' lang='grc' dir='ltr'>Κάκεῖνο</span> <span class='ocrx_word' id='word_1_203' title='bbox 600 2053 657 2106; x_wconf 85' lang='grc' dir='ltr'><strong>δὲ</strong></span> <span class='ocrx_word' id='word_1_204' title='bbox 691 2054 909 2124; x_wconf 82' lang='grc' dir='ltr'>μνήμης</span> <span class='ocrx_word' id='word_1_205' title='bbox 934 2049 994 2105; x_wconf 81' lang='grc' dir='ltr'>οὗ</span> <span class='ocrx_word' id='word_1_206' title='bbox 1034 2068 1121 2121; x_wconf 92' lang='grc' dir='ltr'>μοι</span> <span class='ocrx_word' id='word_1_207' title='bbox 1150 2050 1297 2104; x_wconf 88' lang='grc' dir='ltr'>δοκεῖ</span> <span class='ocrx_word' id='word_1_208' title='bbox 1336 2050 1639 2122; x_wconf 84' lang='grc' dir='ltr'>ἀπόϐλητον</span> <span class='ocrx_word' id='word_1_209' title='bbox 1685 2046 1842 2112; x_wconf 89' lang='grc' dir='ltr'>εἷναι,</span> 
     </span>
    </p>
   </div>
   <div class='ocr_carea' id='block_1_38' title="bbox 268 2132 1841 2209">
    <p class='ocr_par' dir='ltr' id='par_1_38' title="bbox 268 2132 1841 2209">
     <span class='ocr_line' id='line_1_38' title="bbox 268 2132 1841 2209; baseline -0.004 -17"><span class='ocrx_word' id='word_1_210' title='bbox 268 2137 301 2192; x_wconf 74' lang='grc' dir='ltr'><strong>ὃ</strong></span> <span class='ocrx_word' id='word_1_211' title='bbox 326 2138 389 2209; x_wconf 76' lang='grc' dir='ltr'><strong>εὴ</strong></span> <span class='ocrx_word' id='word_1_212' title='bbox 419 2139 510 2191; x_wconf 69' lang='grc' dir='ltr'>καὶ</span> <span class='ocrx_word' id='word_1_213' title='bbox 540 2139 623 2207; x_wconf 76' lang='grc' dir='ltr'><strong>ἐφ’</strong></span> <span class='ocrx_word' id='word_1_214' title='bbox 650 2136 807 2208; x_wconf 86' lang='grc' dir='ltr'>ἡμῶν</span> <span class='ocrx_word' id='word_1_215' title='bbox 838 2134 1014 2189; x_wconf 84' lang='grc' dir='ltr'>αὐτῶν</span> <span class='ocrx_word' id='word_1_216' title='bbox 1038 2136 1072 2187; x_wconf 87' lang='grc' dir='ltr'><strong>ό</strong></span> <span class='ocrx_word' id='word_1_217' title='bbox 1100 2132 1401 2204; x_wconf 85' lang='grc' dir='ltr'>θαυμάσιος</span> <span class='ocrx_word' id='word_1_218' title='bbox 1442 2133 1841 2204; x_wconf 81' lang='grc' dir='ltr'>κατεπράξατο.</span> 
     </span>
    </p>
   </div>
   <div class='ocr_carea' id='block_1_39' title="bbox 280 2221 1846 2298">
    <p class='ocr_par' dir='ltr' id='par_1_39' title="bbox 280 2221 1846 2298">
     <span class='ocr_line' id='line_1_39' title="bbox 280 2221 1846 2298; baseline -0.004 -17"><span class='ocrx_word' id='word_1_219' title='bbox 280 2227 501 2296; x_wconf 74' lang='grc' dir='ltr'>Ἐπειδὴ</span> <span class='ocrx_word' id='word_1_220' title='bbox 527 2228 634 2298; x_wconf 85' lang='grc' dir='ltr'><strong>γάρ</strong></span> <span class='ocrx_word' id='word_1_221' title='bbox 662 2243 790 2280; x_wconf 87' lang='grc' dir='ltr'>ποτε</span> <span class='ocrx_word' id='word_1_222' title='bbox 818 2225 1006 2296; x_wconf 87' lang='grc' dir='ltr'>θάρσει</span> <span class='ocrx_word' id='word_1_223' title='bbox 1030 2223 1130 2293; x_wconf 79' lang='grc' dir='ltr'><strong>τῆς</strong></span> <span class='ocrx_word' id='word_1_224' title='bbox 1164 2221 1327 2276; x_wconf 87' lang='grc' dir='ltr'><strong>αύτοῦ</strong></span> <span class='ocrx_word' id='word_1_225' title='bbox 1356 2222 1481 2294; x_wconf 76' lang='grc' dir='ltr'>περὶ</span> <span class='ocrx_word' id='word_1_226' title='bbox 1506 2222 1567 2275; x_wconf 84' lang='grc' dir='ltr'><strong>τὸ</strong></span> <span class='ocrx_word' id='word_1_227' title='bbox 1594 2222 1733 2275; x_wconf 88' lang='grc' dir='ltr'>θεῖον</span> <span class='ocrx_word' id='word_1_228' title='bbox 1758 2222 1846 2274; x_wconf 76' lang='grc' dir='ltr'>εύ-</span> 
     </span>
    </p>
   </div>
   <div class='ocr_carea' id='block_1_40' title="bbox 268 2311 1843 2384">
    <p class='ocr_par' dir='ltr' id='par_1_40' title="bbox 268 2311 1843 2384">
     <span class='ocr_line' id='line_1_40' title="bbox 268 2311 1843 2384; baseline -0.004 -13"><span class='ocrx_word' id='word_1_229' title='bbox 268 2317 515 2380; x_wconf 83' lang='grc' dir='ltr'>λαϐείας,</span> <span class='ocrx_word' id='word_1_230' title='bbox 545 2316 687 2384; x_wconf 78' lang='grc' dir='ltr'>ἀμφὶ</span> <span class='ocrx_word' id='word_1_231' title='bbox 718 2315 811 2367; x_wconf 83' lang='grc' dir='ltr'>τοῦ</span> <span class='ocrx_word' id='word_1_232' title='bbox 850 2312 1117 2383; x_wconf 80' lang='grc' dir='ltr'><strong>σωτηρίου</strong></span> <span class='ocrx_word' id='word_1_233' title='bbox 1169 2313 1445 2382; x_wconf 84' lang='grc' dir='ltr'>μνήματος</span> <span class='ocrx_word' id='word_1_234' title='bbox 1475 2311 1632 2379; x_wconf 88' lang='grc' dir='ltr'>λόγον</span> <span class='ocrx_word' id='word_1_235' title='bbox 1663 2329 1843 2383; x_wconf 89' lang='grc' dir='ltr'>παρα-</span> 
     </span>
    </p>
   </div>
   <div class='ocr_carea' id='block_1_41' title="bbox 269 2401 1845 2479">
    <p class='ocr_par' dir='ltr' id='par_1_41' title="bbox 269 2401 1845 2479">
     <span class='ocr_line' id='line_1_41' title="bbox 269 2401 1845 2479; baseline -0.004 -19"><span class='ocrx_word' id='word_1_236' title='bbox 269 2411 421 2479; x_wconf 85' lang='grc' dir='ltr'>σχεῖν</span> <span class='ocrx_word' id='word_1_237' title='bbox 466 2409 544 2467; x_wconf 74' lang='grc' dir='ltr'><strong>είς</strong></span> <span class='ocrx_word' id='word_1_238' title='bbox 588 2406 822 2475; x_wconf 79' lang='grc' dir='ltr'>ἐπήκοον</span> <span class='ocrx_word' id='word_1_239' title='bbox 868 2402 1033 2456; x_wconf 80' lang='grc' dir='ltr'>αὑτοῦ</span> <span class='ocrx_word' id='word_1_240' title='bbox 1088 2401 1416 2473; x_wconf 88' lang='grc' dir='ltr'>δεδεήμεθα,</span> <span class='ocrx_word' id='word_1_241' title='bbox 1463 2402 1845 2474; x_wconf 84' lang='grc' dir='ltr'>προθυμότατα</span> 
     </span>
    </p>
   </div>
   <div class='ocr_carea' id='block_1_42' title="bbox 275 2492 1844 2570">
    <p class='ocr_par' dir='ltr' id='par_1_42' title="bbox 275 2492 1844 2570">
     <span class='ocr_line' id='line_1_42' title="bbox 275 2492 1844 2570; baseline -0.004 -19"><span class='ocrx_word' id='word_1_242' title='bbox 275 2499 376 2570; x_wconf 75' lang='grc' dir='ltr'>μὲν</span> <span class='ocrx_word' id='word_1_243' title='bbox 402 2497 500 2559; x_wconf 87' lang='grc' dir='ltr'><strong>τάς</strong></span> <span class='ocrx_word' id='word_1_244' title='bbox 529 2496 698 2559; x_wconf 76' lang='grc' dir='ltr'>ἀκοὰς</span> <span class='ocrx_word' id='word_1_245' title='bbox 737 2497 959 2564; x_wconf 79' lang='grc' dir='ltr'>ύπείχε’</span> <span class='ocrx_word' id='word_1_246' title='bbox 1017 2492 1253 2565; x_wconf 82' lang='grc' dir='ltr'>πλήθους</span> <span class='ocrx_word' id='word_1_247' title='bbox 1293 2493 1337 2546; x_wconf 84' lang='grc' dir='ltr'>δ’</span> <span class='ocrx_word' id='word_1_248' title='bbox 1368 2492 1649 2564; x_wconf 79' lang='grc' dir='ltr'>ἀκροατῶν</span> <span class='ocrx_word' id='word_1_249' title='bbox 1688 2510 1844 2564; x_wconf 88' lang='grc' dir='ltr'>περι-</span> 
     </span>
    </p>
   </div>
   <div class='ocr_carea' id='block_1_43' title="bbox 268 2583 1843 2655">
    <p class='ocr_par' dir='ltr' id='par_1_43' title="bbox 268 2583 1843 2655">
     <span class='ocr_line' id='line_1_43' title="bbox 268 2583 1843 2655; baseline -0.003 -13"><span class='ocrx_word' id='word_1_250' title='bbox 268 2588 529 2651; x_wconf 79' lang='grc' dir='ltr'>ιστῶτος,</span> <span class='ocrx_word' id='word_1_251' title='bbox 549 2586 693 2639; x_wconf 78' lang='grc' dir='ltr'>ἔνδον</span> <span class='ocrx_word' id='word_1_252' title='bbox 719 2587 778 2638; x_wconf 80' lang='grc' dir='ltr'>ἐν</span> <span class='ocrx_word' id='word_1_253' title='bbox 808 2586 991 2648; x_wconf 77' lang='grc' dir='ltr'>αὐτοῖς</span> <span class='ocrx_word' id='word_1_254' title='bbox 1022 2583 1309 2654; x_wconf 83' lang='grc' dir='ltr'>βασιλείοις</span> <span class='ocrx_word' id='word_1_255' title='bbox 1327 2584 1437 2653; x_wconf 77' lang='lat'><strong>(83)</strong></span> <span class='ocrx_word' id='word_1_256' title='bbox 1460 2584 1638 2655; x_wconf 78' lang='grc' dir='ltr'>ὖρθιος</span> <span class='ocrx_word' id='word_1_257' title='bbox 1655 2583 1843 2649; x_wconf 79' lang='grc' dir='ltr'>ἑστὼς,</span> 
     </span>
    </p>
   </div>
   <div class='ocr_carea' id='block_1_44' title="bbox 269 2675 1845 2750">
    <p class='ocr_par' dir='ltr' id='par_1_44' title="bbox 269 2675 1845 2750">
     <span class='ocr_line' id='line_1_44' title="bbox 269 2675 1845 2750; baseline -0.002 -17"><span class='ocrx_word' id='word_1_258' title='bbox 269 2678 390 2750; x_wconf 66' lang='grc' dir='ltr'>ἄμα</span> <span class='ocrx_word' id='word_1_259' title='bbox 420 2682 531 2741; x_wconf 87' lang='grc' dir='ltr'>τοῖς</span> <span class='ocrx_word' id='word_1_260' title='bbox 562 2677 769 2740; x_wconf 87' lang='grc' dir='ltr'>λοιποῖς</span> <span class='ocrx_word' id='word_1_261' title='bbox 800 2678 1134 2748; x_wconf 74' lang='grc' dir='ltr'><strong>ἐπηκροᾶτο·</strong></span> <span class='ocrx_word' id='word_1_262' title='bbox 1168 2679 1200 2746; x_wconf 89' lang='grc' dir='ltr'><strong>ἡ</strong></span> <span class='ocrx_word' id='word_1_263' title='bbox 1211 2675 1326 2747; x_wconf 83' lang='grc' dir='ltr'><strong>μῶν</strong></span> <span class='ocrx_word' id='word_1_264' title='bbox 1352 2675 1396 2729; x_wconf 87' lang='grc' dir='ltr'>δ’</span> <span class='ocrx_word' id='word_1_265' title='bbox 1427 2675 1845 2730; x_wconf 84' lang='grc' dir='ltr'>ἀντιϐολούντων</span> 
     </span>
    </p>
   </div>
   <div class='ocr_carea' id='block_1_45' title="bbox 268 2763 1842 2842">
    <p class='ocr_par' dir='ltr' id='par_1_45' title="bbox 268 2763 1842 2842">
     <span class='ocr_line' id='line_1_45' title="bbox 268 2763 1842 2842; baseline -0.001 -19"><span class='ocrx_word' id='word_1_266' title='bbox 268 2772 365 2823; x_wconf 71' lang='grc' dir='ltr'><strong>ἐπὶ</strong></span> <span class='ocrx_word' id='word_1_267' title='bbox 395 2770 781 2842; x_wconf 80' lang='grc' dir='ltr'>παρακειμένῳ</span> <span class='ocrx_word' id='word_1_268' title='bbox 805 2768 881 2840; x_wconf 84' lang='grc' dir='ltr'>τῷ</span> <span class='ocrx_word' id='word_1_269' title='bbox 904 2763 1167 2839; x_wconf 78' lang='grc' dir='ltr'>βασιλινῷ</span> <span class='ocrx_word' id='word_1_270' title='bbox 1194 2768 1367 2841; x_wconf 87' lang='grc' dir='ltr'>θρόνῳ</span> <span class='ocrx_word' id='word_1_271' title='bbox 1395 2767 1842 2832; x_wconf 82' lang='grc' dir='ltr'>διαναπαύεσθαι,</span> 
     </span>
    </p>
   </div>
   <div class='ocr_carea' id='block_1_46' title="bbox 270 2857 1844 2930">
    <p class='ocr_par' dir='ltr' id='par_1_46' title="bbox 270 2857 1844 2930">
     <span class='ocr_line' id='line_1_46' title="bbox 270 2857 1844 2930; baseline -0.001 -18"><span class='ocrx_word' id='word_1_272' title='bbox 270 2860 518 2915; x_wconf 75' lang='grc' dir='ltr'>ἐπείθετο</span> <span class='ocrx_word' id='word_1_273' title='bbox 548 2861 646 2930; x_wconf 84' lang='grc' dir='ltr'>μὲν</span> <span class='ocrx_word' id='word_1_274' title='bbox 666 2859 935 2930; x_wconf 83' lang='grc' dir='ltr'>οὐδαμῶς,</span> <span class='ocrx_word' id='word_1_275' title='bbox 968 2859 1344 2929; x_wconf 72' lang='grc' dir='ltr'>συντεταμένῳ</span> <span class='ocrx_word' id='word_1_276' title='bbox 1375 2858 1432 2912; x_wconf 85' lang='grc' dir='ltr'>δὲ</span> <span class='ocrx_word' id='word_1_277' title='bbox 1474 2857 1718 2929; x_wconf 78' lang='grc' dir='ltr'>λογισμῷ</span> <span class='ocrx_word' id='word_1_278' title='bbox 1747 2859 1844 2929; x_wconf 77' lang='grc' dir='ltr'>τὴν</span> 
     </span>
    </p>
   </div>
   <div class='ocr_carea' id='block_1_47' title="bbox 267 2951 1844 3025">
    <p class='ocr_par' dir='ltr' id='par_1_47' title="bbox 267 2951 1844 3025">
     <span class='ocr_line' id='line_1_47' title="bbox 267 2951 1844 3025; baseline -0.003 -16"><span class='ocrx_word' id='word_1_279' title='bbox 267 2954 540 3025; x_wconf 82' lang='grc' dir='ltr'>διάκρισιν</span> <span class='ocrx_word' id='word_1_280' title='bbox 567 2955 800 3007; x_wconf 77' lang='grc' dir='ltr'>ἐποιεῖτο</span> <span class='ocrx_word' id='word_1_281' title='bbox 825 2953 933 3006; x_wconf 84' lang='grc' dir='ltr'>τῶν</span> <span class='ocrx_word' id='word_1_282' title='bbox 960 2951 1296 3023; x_wconf 86' lang='grc' dir='ltr'>λεγομένων,</span> <span class='ocrx_word' id='word_1_283' title='bbox 1326 2955 1446 3015; x_wconf 90' lang='grc' dir='ltr'>ταῖς</span> <span class='ocrx_word' id='word_1_284' title='bbox 1488 2970 1547 3005; x_wconf 87' lang='grc' dir='ltr'><strong>τε</strong></span> <span class='ocrx_word' id='word_1_285' title='bbox 1585 2952 1844 3023; x_wconf 91' lang='grc' dir='ltr'>δογματι-</span> 
     </span>
    </p>
   </div>
   <div class='ocr_carea' id='block_1_48' title="bbox 269 3040 1844 3114">
    <p class='ocr_par' dir='ltr' id='par_1_48' title="bbox 269 3040 1844 3114">
     <span class='ocr_line' id='line_1_48' title="bbox 269 3040 1844 3114; baseline -0.003 -15"><span class='ocrx_word' id='word_1_286' title='bbox 269 3047 395 3109; x_wconf 82' lang='grc' dir='ltr'>καῖς</span> <span class='ocrx_word' id='word_1_287' title='bbox 421 3044 716 3113; x_wconf 72' lang='grc' dir='ltr'>θεολογίαις</span> <span class='ocrx_word' id='word_1_288' title='bbox 745 3043 1001 3114; x_wconf 85' lang='grc' dir='ltr'>ἀλήθειαν</span> <span class='ocrx_word' id='word_1_289' title='bbox 1030 3040 1420 3114; x_wconf 78' lang='grc' dir='ltr'>ἐπεμαρτύρει.</span> <span class='ocrx_word' id='word_1_290' title='bbox 1473 3043 1624 3096; x_wconf 83' lang='grc' dir='ltr'>Ἐπεὶ</span> <span class='ocrx_word' id='word_1_291' title='bbox 1660 3043 1718 3097; x_wconf 79' lang='grc' dir='ltr'>δὲ</span> <span class='ocrx_word' id='word_1_292' title='bbox 1751 3059 1844 3095; x_wconf 87' lang='grc' dir='ltr'><strong>πο-</strong></span> 
     </span>
    </p>
   </div>
   <div class='ocr_carea' id='block_1_49' title="bbox 268 3132 1843 3207">
    <p class='ocr_par' dir='ltr' id='par_1_49' title="bbox 268 3132 1843 3207">
     <span class='ocr_line' id='line_1_49' title="bbox 268 3132 1843 3207; baseline -0.003 -16"><span class='ocrx_word' id='word_1_293' title='bbox 268 3136 366 3200; x_wconf 81' lang='grc' dir='ltr'><strong>λὺς</strong></span> <span class='ocrx_word' id='word_1_294' title='bbox 379 3132 446 3207; x_wconf 82' lang='grc' dir='ltr'><strong>ἦν</strong></span> <span class='ocrx_word' id='word_1_295' title='bbox 459 3137 487 3188; x_wconf 84' lang='grc' dir='ltr'><strong>ό</strong></span> <span class='ocrx_word' id='word_1_296' title='bbox 502 3136 708 3207; x_wconf 88' lang='grc' dir='ltr'>χρόνος,</span> <span class='ocrx_word' id='word_1_297' title='bbox 737 3135 765 3187; x_wconf 85' lang='grc' dir='ltr'><strong>ὅ</strong></span> <span class='ocrx_word' id='word_1_298' title='bbox 783 3151 841 3187; x_wconf 90' lang='grc' dir='ltr'><strong>τε</strong></span> <span class='ocrx_word' id='word_1_299' title='bbox 861 3133 1015 3201; x_wconf 87' lang='grc' dir='ltr'>λόγος</span> <span class='ocrx_word' id='word_1_300' title='bbox 1040 3133 1360 3205; x_wconf 78' lang='grc' dir='ltr'>ὲμηκύνετο,</span> <span class='ocrx_word' id='word_1_301' title='bbox 1375 3135 1533 3205; x_wconf 90' lang='grc' dir='ltr'>ἡμεῖς</span> <span class='ocrx_word' id='word_1_302' title='bbox 1558 3134 1655 3203; x_wconf 86' lang='grc' dir='ltr'>μὲν</span> <span class='ocrx_word' id='word_1_303' title='bbox 1677 3150 1843 3187; x_wconf 81' lang='grc' dir='ltr'>κατα-</span> 
     </span>
    </p>
   </div>
   <div class='ocr_carea' id='block_1_50' title="bbox 2360 1928 3098 1990">
    <p class='ocr_par' dir='ltr' id='par_1_50' title="bbox 2360 1928 3098 1990">
     <span class='ocr_line' id='line_1_50' title="bbox 2360 1928 3098 1990; baseline 0 -1"><span class='ocrx_word' id='word_1_304' title='bbox 2360 1938 2625 1990; x_wconf 82' lang='lat' dir='ltr'><strong>orationes</strong></span> <span class='ocrx_word' id='word_1_305' title='bbox 2676 1946 2820 1990; x_wconf 77' lang='lat' dir='ltr'><strong>stans</strong></span> <span class='ocrx_word' id='word_1_306' title='bbox 2853 1928 3098 1989; x_wconf 75' lang='lat' dir='ltr'><strong>audierit.</strong></span> 
     </span>
    </p>
   </div>
   <div class='ocr_carea' id='block_1_51' title="bbox 2017 2026 3515 2097">
    <p class='ocr_par' dir='ltr' id='par_1_51' title="bbox 2017 2026 3515 2097">
     <span class='ocr_line' id='line_1_51' title="bbox 2017 2026 3515 2097; baseline 0.001 -16"><span class='ocrx_word' id='word_1_307' title='bbox 2017 2026 2153 2082; x_wconf 90' lang='lat' dir='ltr'><strong>Illud</strong></span> <span class='ocrx_word' id='word_1_308' title='bbox 2178 2042 2306 2082; x_wconf 85' lang='lat' dir='ltr'><strong>vero</strong></span> <span class='ocrx_word' id='word_1_309' title='bbox 2334 2027 2474 2096; x_wconf 91' lang='lat' dir='ltr'><strong>quod</strong></span> <span class='ocrx_word' id='word_1_310' title='bbox 2506 2026 2661 2082; x_wconf 90' lang='lat' dir='ltr'><strong>nobis</strong></span> <span class='ocrx_word' id='word_1_311' title='bbox 2684 2026 3044 2096; x_wconf 78' lang='lat' dir='ltr'><strong>prtesentibus</strong></span> <span class='ocrx_word' id='word_1_312' title='bbox 3069 2026 3239 2097; x_wconf 78' lang='lat' dir='ltr'><strong>gessit</strong></span> <span class='ocrx_word' id='word_1_313' title='bbox 3264 2026 3515 2097; x_wconf 84' lang='lat' dir='ltr'><strong>princeps</strong></span> 
     </span>
    </p>
   </div>
   <div class='ocr_carea' id='block_1_52' title="bbox 1943 2116 3515 2186">
    <p class='ocr_par' dir='ltr' id='par_1_52' title="bbox 1943 2116 3515 2186">
     <span class='ocr_line' id='line_1_52' title="bbox 1943 2116 3515 2186; baseline -0.003 -11"><span class='ocrx_word' id='word_1_314' title='bbox 1943 2117 2234 2185; x_wconf 88' lang='lat' dir='ltr'><strong>mirabilis,</strong></span> <span class='ocrx_word' id='word_1_315' title='bbox 2278 2132 2613 2186; x_wconf 87' lang='lat' dir='ltr'><strong>nequaquam</strong></span> <span class='ocrx_word' id='word_1_316' title='bbox 2651 2117 2783 2171; x_wconf 90' lang='lat' dir='ltr'><strong>mihi</strong></span> <span class='ocrx_word' id='word_1_317' title='bbox 2813 2116 3025 2171; x_wconf 87' lang='lat' dir='ltr'><strong>videtur</strong></span> <span class='ocrx_word' id='word_1_318' title='bbox 3050 2116 3263 2171; x_wconf 90' lang='lat' dir='ltr'><strong>silentio</strong></span> <span class='ocrx_word' id='word_1_319' title='bbox 3281 2123 3515 2184; x_wconf 59' lang='lat' dir='ltr'><strong>praeter.</strong></span> 
     </span>
    </p>
   </div>
   <div class='ocr_carea' id='block_1_53' title="bbox 1945 2207 3517 2278">
    <p class='ocr_par' dir='ltr' id='par_1_53' title="bbox 1945 2207 3517 2278">
     <span class='ocr_line' id='line_1_53' title="bbox 1945 2207 3517 2278; baseline -0.001 -13"><span class='ocrx_word' id='word_1_320' title='bbox 1945 2210 2207 2265; x_wconf 87' lang='lat' dir='ltr'><strong>eundum.</strong></span> <span class='ocrx_word' id='word_1_321' title='bbox 2267 2208 2401 2264; x_wconf 80' lang='lat' dir='ltr'><strong>Nam</strong></span> <span class='ocrx_word' id='word_1_322' title='bbox 2439 2225 2561 2264; x_wconf 92' lang='lat' dir='ltr'><strong>cum</strong></span> <span class='ocrx_word' id='word_1_323' title='bbox 2604 2208 2861 2278; x_wconf 73' lang='lat' dir='ltr'><strong>singulari</strong></span> <span class='ocrx_word' id='word_1_324' title='bbox 2898 2207 3092 2278; x_wconf 84' lang='lat' dir='ltr'><strong>ejusin</strong></span> <span class='ocrx_word' id='word_1_325' title='bbox 3118 2207 3282 2262; x_wconf 90' lang='lat' dir='ltr'><strong>Deum</strong></span> <span class='ocrx_word' id='word_1_326' title='bbox 3315 2211 3517 2278; x_wconf 83' lang='lat' dir='ltr'><strong>pietate</strong></span> 
     </span>
    </p>
   </div>
   <div class='ocr_carea' id='block_1_54' title="bbox 1944 2299 3518 2371">
    <p class='ocr_par' dir='ltr' id='par_1_54' title="bbox 1944 2299 3518 2371">
     <span class='ocr_line' id='line_1_54' title="bbox 1944 2299 3518 2371; baseline -0.001 -15"><span class='ocrx_word' id='word_1_327' title='bbox 1944 2302 2159 2367; x_wconf 76' lang='lat' dir='ltr'><strong>confisi,</strong></span> <span class='ocrx_word' id='word_1_328' title='bbox 2196 2317 2537 2371; x_wconf 88' lang='lat' dir='ltr'><strong>rogassemns</strong></span> <span class='ocrx_word' id='word_1_329' title='bbox 2579 2300 2869 2369; x_wconf 82' lang='lat' dir='ltr'><strong>aliquando</strong></span> <span class='ocrx_word' id='word_1_330' title='bbox 2908 2312 2967 2353; x_wconf 91' lang='lat' dir='ltr'><strong>ut</strong></span> <span class='ocrx_word' id='word_1_331' title='bbox 2993 2316 3089 2354; x_wconf 88' lang='lat' dir='ltr'><strong>nos</strong></span> <span class='ocrx_word' id='word_1_332' title='bbox 3112 2299 3179 2355; x_wconf 89' lang='lat' dir='ltr'><strong>de</strong></span> <span class='ocrx_word' id='word_1_333' title='bbox 3209 2300 3518 2355; x_wconf 88' lang='lat' dir='ltr'><strong>Servatoris</strong></span> 
     </span>
    </p>
   </div>
   <div class='ocr_carea' id='block_1_55' title="bbox 1944 2391 3518 2462">
    <p class='ocr_par' dir='ltr' id='par_1_55' title="bbox 1944 2391 3518 2462">
     <span class='ocr_line' id='line_1_55' title="bbox 1944 2391 3518 2462; baseline -0.002 -12"><span class='ocrx_word' id='word_1_334' title='bbox 1944 2394 2120 2450; x_wconf 88' lang='lat' dir='ltr'><strong>nostri</strong></span> <span class='ocrx_word' id='word_1_335' title='bbox 2148 2394 2399 2462; x_wconf 87' lang='lat' dir='ltr'><strong>sepulcro</strong></span> <span class='ocrx_word' id='word_1_336' title='bbox 2429 2394 2673 2448; x_wconf 83' lang='lat' dir='ltr'><strong>dicentes</strong></span> <span class='ocrx_word' id='word_1_337' title='bbox 2700 2394 2887 2447; x_wconf 90' lang='lat' dir='ltr'><strong>audire</strong></span> <span class='ocrx_word' id='word_1_338' title='bbox 2917 2392 3110 2458; x_wconf 83' lang='lat' dir='ltr'><strong>vellet,</strong></span> <span class='ocrx_word' id='word_1_339' title='bbox 3160 2391 3518 2447; x_wconf 81' lang='lat' dir='ltr'><strong>libentissime</strong></span> 
     </span>
    </p>
   </div>
   <div class='ocr_carea' id='block_1_56' title="bbox 1943 2488 3517 2558">
    <p class='ocr_par' dir='ltr' id='par_1_56' title="bbox 1943 2488 3517 2558">
     <span class='ocr_line' id='line_1_56' title="bbox 1943 2488 3517 2558; baseline -0.003 -12"><span class='ocrx_word' id='word_1_340' title='bbox 1943 2506 2105 2546; x_wconf 87' lang='lat' dir='ltr'><strong>aures</strong></span> <span class='ocrx_word' id='word_1_341' title='bbox 2132 2491 2287 2545; x_wconf 90' lang='lat' dir='ltr'><strong>nobis</strong></span> <span class='ocrx_word' id='word_1_342' title='bbox 2315 2489 2697 2544; x_wconf 80' lang='lat' dir='ltr'><strong>commodavit.</strong></span> <span class='ocrx_word' id='word_1_343' title='bbox 2734 2489 2980 2558; x_wconf 91' lang='lat' dir='ltr'><strong>Cumque</strong></span> <span class='ocrx_word' id='word_1_344' title='bbox 3019 2488 3254 2542; x_wconf 77' lang='lat' dir='ltr'><strong>maxima</strong></span> <span class='ocrx_word' id='word_1_345' title='bbox 3290 2489 3517 2542; x_wconf 86' lang='lat' dir='ltr'><strong>audien-</strong></span> 
     </span>
    </p>
   </div>
   <div class='ocr_carea' id='block_1_57' title="bbox 1947 2583 3517 2654">
    <p class='ocr_par' dir='ltr' id='par_1_57' title="bbox 1947 2583 3517 2654">
     <span class='ocr_line' id='line_1_57' title="bbox 1947 2583 3517 2654; baseline -0.003 -16"><span class='ocrx_word' id='word_1_346' title='bbox 1947 2586 2079 2638; x_wconf 90' lang='lat' dir='ltr'><strong>tium</strong></span> <span class='ocrx_word' id='word_1_347' title='bbox 2113 2584 2403 2638; x_wconf 86' lang='lat' dir='ltr'><strong>multitudo</strong></span> <span class='ocrx_word' id='word_1_348' title='bbox 2449 2583 2595 2639; x_wconf 88' lang='lat' dir='ltr'><strong>intus</strong></span> <span class='ocrx_word' id='word_1_349' title='bbox 2648 2584 2702 2639; x_wconf 92' lang='lat' dir='ltr'><strong>in</strong></span> <span class='ocrx_word' id='word_1_350' title='bbox 2764 2584 2878 2652; x_wconf 90' lang='lat' dir='ltr'><strong>ipsa</strong></span> <span class='ocrx_word' id='word_1_351' title='bbox 2917 2584 3062 2654; x_wconf 81' lang='lat' dir='ltr'><strong>regia</strong></span> <span class='ocrx_word' id='word_1_352' title='bbox 3112 2584 3517 2645; x_wconf 85' lang='lat' dir='ltr'><strong>circumstaret,</strong></span> 
     </span>
    </p>
   </div>
   <div class='ocr_carea' id='block_1_58' title="bbox 1945 2674 3516 2744">
    <p class='ocr_par' dir='ltr' id='par_1_58' title="bbox 1945 2674 3516 2744">
     <span class='ocr_line' id='line_1_58' title="bbox 1945 2674 3516 2744; baseline -0.004 -11"><span class='ocrx_word' id='word_1_353' title='bbox 1945 2688 2099 2733; x_wconf 88' lang='lat' dir='ltr'><strong>stans</strong></span> <span class='ocrx_word' id='word_1_354' title='bbox 2122 2676 2235 2744; x_wconf 90' lang='lat' dir='ltr'><strong>ipse</strong></span> <span class='ocrx_word' id='word_1_355' title='bbox 2265 2692 2368 2730; x_wconf 88' lang='lat' dir='ltr'><strong>una</strong></span> <span class='ocrx_word' id='word_1_356' title='bbox 2386 2692 2507 2731; x_wconf 90' lang='lat' dir='ltr'><strong>cum</strong></span> <span class='ocrx_word' id='word_1_357' title='bbox 2539 2676 2754 2732; x_wconf 66' lang='lat' dir='ltr'><strong>eaateris</strong></span> <span class='ocrx_word' id='word_1_358' title='bbox 2788 2677 3094 2732; x_wconf 91' lang='lat' dir='ltr'><strong>orationem</strong></span> <span class='ocrx_word' id='word_1_359' title='bbox 3139 2676 3367 2730; x_wconf 84' lang='lat' dir='ltr'><strong>audivit.</strong></span> <span class='ocrx_word' id='word_1_360' title='bbox 3406 2674 3516 2727; x_wconf 80' lang='lat' dir='ltr'><strong>No-</strong></span> 
     </span>
    </p>
   </div>
   <div class='ocr_carea' id='block_1_59' title="bbox 1944 2768 3519 2840">
    <p class='ocr_par' dir='ltr' id='par_1_59' title="bbox 1944 2768 3519 2840">
     <span class='ocr_line' id='line_1_59' title="bbox 1944 2768 3519 2840; baseline -0.001 -16"><span class='ocrx_word' id='word_1_361' title='bbox 1944 2769 2136 2839; x_wconf 85' lang='lat' dir='ltr'><strong>bisque</strong></span> <span class='ocrx_word' id='word_1_362' title='bbox 2160 2769 2228 2823; x_wconf 85' lang='lat' dir='ltr'><strong>ab</strong></span> <span class='ocrx_word' id='word_1_363' title='bbox 2260 2784 2329 2823; x_wconf 90' lang='lat' dir='ltr'><strong>eo</strong></span> <span class='ocrx_word' id='word_1_364' title='bbox 2368 2768 2788 2838; x_wconf 82' lang='lat' dir='ltr'><strong>postulantibus,</strong></span> <span class='ocrx_word' id='word_1_365' title='bbox 2828 2779 2886 2824; x_wconf 92' lang='lat' dir='ltr'><strong>ut</strong></span> <span class='ocrx_word' id='word_1_366' title='bbox 2919 2770 2970 2825; x_wconf 92' lang='lat' dir='ltr'><strong>in</strong></span> <span class='ocrx_word' id='word_1_367' title='bbox 3017 2770 3180 2840; x_wconf 84' lang='lat' dir='ltr'><strong>regali</strong></span> <span class='ocrx_word' id='word_1_368' title='bbox 3214 2770 3350 2824; x_wconf 88' lang='lat' dir='ltr'><strong>solio</strong></span> <span class='ocrx_word' id='word_1_369' title='bbox 3376 2770 3519 2839; x_wconf 89' lang='lat' dir='ltr'><strong>quod</strong></span> 
     </span>
    </p>
   </div>
   <div class='ocr_carea' id='block_1_60' title="bbox 1940 2860 3519 2934">
    <p class='ocr_par' dir='ltr' id='par_1_60' title="bbox 1940 2860 3519 2934">
     <span class='ocr_line' id='line_1_60' title="bbox 1940 2860 3519 2934; baseline 0.001 -19"><span class='ocrx_word' id='word_1_370' title='bbox 1940 2860 2094 2931; x_wconf 84' lang='lat' dir='ltr'><strong>juxta</strong></span> <span class='ocrx_word' id='word_1_371' title='bbox 2146 2862 2382 2931; x_wconf 89' lang='lat' dir='ltr'><strong>positum</strong></span> <span class='ocrx_word' id='word_1_372' title='bbox 2409 2872 2528 2916; x_wconf 90' lang='lat' dir='ltr'><strong>erat</strong></span> <span class='ocrx_word' id='word_1_373' title='bbox 2565 2864 2755 2917; x_wconf 86' lang='lat' dir='ltr'><strong>sedere</strong></span> <span class='ocrx_word' id='word_1_374' title='bbox 2779 2863 2970 2928; x_wconf 79' lang='lat' dir='ltr'><strong>vellet,</strong></span> <span class='ocrx_word' id='word_1_375' title='bbox 3019 2880 3290 2934; x_wconf 83' lang='lat' dir='ltr'><strong>nunquam</strong></span> <span class='ocrx_word' id='word_1_376' title='bbox 3328 2862 3519 2919; x_wconf 87' lang='lat' dir='ltr'><strong>adduci</strong></span> 
     </span>
    </p>
   </div>
   <div class='ocr_carea' id='block_1_61' title="bbox 1945 2953 3521 3026">
    <p class='ocr_par' dir='ltr' id='par_1_61' title="bbox 1945 2953 3521 3026">
     <span class='ocr_line' id='line_1_61' title="bbox 1945 2953 3521 3026; baseline 0.001 -19"><span class='ocrx_word' id='word_1_377' title='bbox 1945 2953 2121 3023; x_wconf 92' lang='lat' dir='ltr'><strong>potuit</strong></span> <span class='ocrx_word' id='word_1_378' title='bbox 2146 2962 2203 3006; x_wconf 91' lang='lat' dir='ltr'><strong>ut</strong></span> <span class='ocrx_word' id='word_1_379' title='bbox 2228 2954 2439 3007; x_wconf 85' lang='lat' dir='ltr'><strong>sederet</strong></span> <span class='ocrx_word' id='word_1_380' title='bbox 2470 2968 2486 3007; x_wconf 92' lang='lat'><strong>:</strong></span> <span class='ocrx_word' id='word_1_381' title='bbox 2518 2954 2610 3008; x_wconf 89' lang='lat' dir='ltr'><strong>sed</strong></span> <span class='ocrx_word' id='word_1_382' title='bbox 2639 2954 2848 3009; x_wconf 89' lang='lat' dir='ltr'><strong>intento</strong></span> <span class='ocrx_word' id='word_1_383' title='bbox 2881 2956 3061 3008; x_wconf 90' lang='lat' dir='ltr'><strong>animo</strong></span> <span class='ocrx_word' id='word_1_384' title='bbox 3096 2971 3214 3026; x_wconf 68' lang='lat' dir='ltr'><strong>qua:</strong></span> <span class='ocrx_word' id='word_1_385' title='bbox 3261 2956 3521 3009; x_wconf 84' lang='lat' dir='ltr'><strong>diceban-</strong></span> 
     </span>
    </p>
   </div>
   <div class='ocr_carea' id='block_1_62' title="bbox 1946 3040 3518 3112">
    <p class='ocr_par' dir='ltr' id='par_1_62' title="bbox 1946 3040 3518 3112">
     <span class='ocr_line' id='line_1_62' title="bbox 1946 3040 3518 3112; baseline 0.002 -18"><span class='ocrx_word' id='word_1_386' title='bbox 1946 3051 2032 3095; x_wconf 91' lang='lat' dir='ltr'><strong>tur</strong></span> <span class='ocrx_word' id='word_1_387' title='bbox 2054 3040 2385 3109; x_wconf 80' lang='lat' dir='ltr'><strong>expendeus,</strong></span> <span class='ocrx_word' id='word_1_388' title='bbox 2425 3040 2844 3111; x_wconf 87' lang='lat' dir='ltr'><strong>theologicorum</strong></span> <span class='ocrx_word' id='word_1_389' title='bbox 2884 3043 3189 3112; x_wconf 86' lang='lat' dir='ltr'><strong>dogmatum</strong></span> <span class='ocrx_word' id='word_1_390' title='bbox 3236 3044 3518 3098; x_wconf 84' lang='lat' dir='ltr'><strong>veritatem</strong></span> 
     </span>
    </p>
   </div>
   <div class='ocr_carea' id='block_1_63' title="bbox 1945 3130 3517 3199">
    <p class='ocr_par' dir='ltr' id='par_1_63' title="bbox 1945 3130 3517 3199">
     <span class='ocr_line' id='line_1_63' title="bbox 1945 3130 3517 3199; baseline 0.001 -14"><span class='ocrx_word' id='word_1_391' title='bbox 1945 3144 2046 3185; x_wconf 89' lang='lat' dir='ltr'><strong>suo</strong></span> <span class='ocrx_word' id='word_1_392' title='bbox 2111 3130 2421 3185; x_wconf 88' lang='lat' dir='ltr'><strong>testimonio</strong></span> <span class='ocrx_word' id='word_1_393' title='bbox 2470 3131 2877 3199; x_wconf 83' lang='lat' dir='ltr'><strong>comprobabat.</strong></span> <span class='ocrx_word' id='word_1_394' title='bbox 2932 3132 3065 3188; x_wconf 82' lang='lat' dir='ltr'><strong>Cum</strong></span> <span class='ocrx_word' id='word_1_395' title='bbox 3115 3147 3246 3187; x_wconf 87' lang='lat' dir='ltr'><strong>vero</strong></span> <span class='ocrx_word' id='word_1_396' title='bbox 3295 3133 3517 3187; x_wconf 87' lang='lat' dir='ltr'><strong>multum</strong></span> 
     </span>
    </p>
   </div>
   <div class='ocr_carea' id='block_1_64' title="bbox 270 3221 1845 3298">
    <p class='ocr_par' dir='ltr' id='par_1_64' title="bbox 270 3224 1845 3298">
     <span class='ocr_line' id='line_1_64' title="bbox 270 3224 1845 3298; baseline -0.003 -17"><span class='ocrx_word' id='word_1_397' title='bbox 270 3226 465 3282; x_wconf 84' lang='grc' dir='ltr'>παύειν</span> <span class='ocrx_word' id='word_1_398' title='bbox 488 3225 868 3298; x_wconf 82' lang='grc' dir='ltr'>προῃρήμεθα,</span> <span class='ocrx_word' id='word_1_399' title='bbox 895 3227 923 3278; x_wconf 88' lang='grc' dir='ltr'><strong>ό</strong></span> <span class='ocrx_word' id='word_1_400' title='bbox 944 3224 987 3277; x_wconf 88' lang='grc' dir='ltr'>δ’</span> <span class='ocrx_word' id='word_1_401' title='bbox 1011 3225 1111 3277; x_wconf 84' lang='grc' dir='ltr'><strong>οὐκ</strong></span> <span class='ocrx_word' id='word_1_402' title='bbox 1134 3225 1284 3295; x_wconf 82' lang='grc' dir='ltr'>ἀνῄει</span> <span class='ocrx_word' id='word_1_403' title='bbox 1304 3224 1438 3295; x_wconf 74' lang='lat'><strong>(83&#39;)</strong></span> <span class='ocrx_word' id='word_1_404' title='bbox 1461 3263 1475 3286; x_wconf 87' lang='lat'><strong>,</strong></span> <span class='ocrx_word' id='word_1_405' title='bbox 1499 3224 1773 3295; x_wconf 85' lang='grc' dir='ltr'>περαίνειν</span> <span class='ocrx_word' id='word_1_406' title='bbox 1803 3224 1845 3277; x_wconf 74' lang='grc' dir='ltr'>δ’</span> 
     </span>
    </p>
   </div>
   <div class='ocr_carea' id='block_1_65' title="bbox 1945 3221 3520 3298">
    <p class='ocr_par' dir='ltr' id='par_1_65' title="bbox 1947 3221 3520 3292">
     <span class='ocr_line' id='line_1_65' title="bbox 1947 3221 3520 3292; baseline 0.004 -18"><span class='ocrx_word' id='word_1_407' title='bbox 1947 3222 2057 3289; x_wconf 89' lang='lat' dir='ltr'><strong>jam</strong></span> <span class='ocrx_word' id='word_1_408' title='bbox 2084 3221 2342 3291; x_wconf 87' lang='lat' dir='ltr'><strong>temporis</strong></span> <span class='ocrx_word' id='word_1_409' title='bbox 2372 3223 2923 3290; x_wconf 84' lang='lat' dir='ltr'><strong>consumpsissemus,</strong></span> <span class='ocrx_word' id='word_1_410' title='bbox 2971 3232 3025 3277; x_wconf 91' lang='lat' dir='ltr'><strong>et</strong></span> <span class='ocrx_word' id='word_1_411' title='bbox 3071 3224 3331 3292; x_wconf 83' lang='lat' dir='ltr'><strong>prolixior</strong></span> <span class='ocrx_word' id='word_1_412' title='bbox 3375 3231 3520 3281; x_wconf 70' lang='lat' dir='ltr'><strong>esset</strong></span> 
     </span>
    </p>
   </div>
   <div class='ocr_carea' id='block_1_66' title="bbox 268 3311 1839 3388">
    <p class='ocr_par' dir='ltr' id='par_1_66' title="bbox 268 3311 1839 3388">
     <span class='ocr_line' id='line_1_66' title="bbox 268 3311 1839 3388; baseline -0.004 -17"><span class='ocrx_word' id='word_1_413' title='bbox 268 3321 353 3382; x_wconf 80' lang='grc' dir='ltr'><strong>είς</strong></span> <span class='ocrx_word' id='word_1_414' title='bbox 373 3317 523 3380; x_wconf 85' lang='grc' dir='ltr'>τέλος</span> <span class='ocrx_word' id='word_1_415' title='bbox 549 3313 888 3388; x_wconf 74' lang='grc' dir='ltr'>προῦτρεπεν</span> <span class='ocrx_word' id='word_1_416' title='bbox 910 3330 924 3345; x_wconf 77' lang='grc'><strong><em>⁸</em></strong></span> <span class='ocrx_word' id='word_1_417' title='bbox 964 3312 1383 3366; x_wconf 84' lang='grc' dir='ltr'>ἀντιϐολούντων</span> <span class='ocrx_word' id='word_1_418' title='bbox 1411 3313 1465 3366; x_wconf 84' lang='grc' dir='ltr'>δὲ</span> <span class='ocrx_word' id='word_1_419' title='bbox 1495 3311 1839 3376; x_wconf 74' lang='grc' dir='ltr'>καθέζεσθαι,</span> 
     </span>
    </p>
   </div>
   <div class='ocr_carea' id='block_1_67' title="bbox 269 3398 1844 3471">
    <p class='ocr_par' dir='ltr' id='par_1_67' title="bbox 269 3398 1844 3471">
     <span class='ocr_line' id='line_1_67' title="bbox 269 3398 1844 3471; baseline -0.005 -10"><span class='ocrx_word' id='word_1_420' title='bbox 269 3403 656 3468; x_wconf 85' lang='grc' dir='ltr'>ἀντεδυσώπει,</span> <span class='ocrx_word' id='word_1_421' title='bbox 683 3401 804 3456; x_wconf 82' lang='grc' dir='ltr'>τοτὲ</span> <span class='ocrx_word' id='word_1_422' title='bbox 832 3402 930 3471; x_wconf 79' lang='grc' dir='ltr'><strong>μὲν</strong></span> <span class='ocrx_word' id='word_1_423' title='bbox 963 3401 1138 3470; x_wconf 82' lang='grc' dir='ltr'>φήσας</span> <span class='ocrx_word' id='word_1_424' title='bbox 1163 3400 1238 3463; x_wconf 85' lang='grc' dir='ltr'>ὡς</span> <span class='ocrx_word' id='word_1_425' title='bbox 1258 3401 1319 3453; x_wconf 83' lang='grc' dir='ltr'>οὐ</span> <span class='ocrx_word' id='word_1_426' title='bbox 1357 3398 1575 3469; x_wconf 84' lang='grc' dir='ltr'>θεμιτὸν</span> <span class='ocrx_word' id='word_1_427' title='bbox 1602 3398 1711 3470; x_wconf 74' lang='grc' dir='ltr'>εἴη,</span> <span class='ocrx_word' id='word_1_428' title='bbox 1734 3399 1844 3453; x_wconf 83' lang='grc' dir='ltr'>τῶν</span> 
     </span>
    </p>
   </div>
   <div class='ocr_carea' id='block_1_68' title="bbox 270 3490 1846 3569">
    <p class='ocr_par' dir='ltr' id='par_1_68' title="bbox 270 3490 1846 3569">
     <span class='ocr_line' id='line_1_68' title="bbox 270 3490 1846 3569; baseline -0.006 -18"><span class='ocrx_word' id='word_1_429' title='bbox 270 3497 403 3569; x_wconf 79' lang='grc' dir='ltr'>περὶ</span> <span class='ocrx_word' id='word_1_430' title='bbox 432 3494 566 3549; x_wconf 76' lang='grc' dir='ltr'>Θεοῦ</span> <span class='ocrx_word' id='word_1_431' title='bbox 612 3492 944 3563; x_wconf 82' lang='grc' dir='ltr'>κινουμένων</span> <span class='ocrx_word' id='word_1_432' title='bbox 986 3490 1270 3561; x_wconf 82' lang='grc' dir='ltr'>δογμάτων</span> <span class='ocrx_word' id='word_1_433' title='bbox 1304 3490 1598 3561; x_wconf 82' lang='grc' dir='ltr'>ἀνειμένως</span> <span class='ocrx_word' id='word_1_434' title='bbox 1644 3491 1846 3561; x_wconf 75' lang='grc' dir='ltr'>ἀκροᾶ-</span> 
     </span>
    </p>
   </div>
   <div class='ocr_carea' id='block_1_69' title="bbox 270 3583 1843 3655">
    <p class='ocr_par' dir='ltr' id='par_1_69' title="bbox 270 3583 1843 3655">
     <span class='ocr_line' id='line_1_69' title="bbox 270 3583 1843 3655; baseline -0.006 -12"><span class='ocrx_word' id='word_1_435' title='bbox 270 3590 418 3652; x_wconf 89' lang='grc' dir='ltr'>σθαι,</span> <span class='ocrx_word' id='word_1_436' title='bbox 450 3588 571 3642; x_wconf 80' lang='grc' dir='ltr'>τοτὲ</span> <span class='ocrx_word' id='word_1_437' title='bbox 592 3586 669 3651; x_wconf 84' lang='grc' dir='ltr'><strong>δὲ,</strong></span> <span class='ocrx_word' id='word_1_438' title='bbox 704 3585 1003 3655; x_wconf 76' lang='grc' dir='ltr'>συμφέρειν</span> <span class='ocrx_word' id='word_1_439' title='bbox 1030 3583 1177 3654; x_wconf 85' lang='grc' dir='ltr'>αύτῷ</span> <span class='ocrx_word' id='word_1_440' title='bbox 1202 3584 1295 3637; x_wconf 73' lang='grc' dir='ltr'>καὶ</span> <span class='ocrx_word' id='word_1_441' title='bbox 1332 3583 1628 3637; x_wconf 88' lang='grc' dir='ltr'>λυσιτελεῖν</span> <span class='ocrx_word' id='word_1_442' title='bbox 1649 3583 1806 3637; x_wconf 79' lang='grc' dir='ltr'>τοῦτο</span> <span class='ocrx_word' id='word_1_443' title='bbox 1828 3598 1843 3612; x_wconf 91' lang='grc'><strong>·</strong></span> 
     </span>
    </p>
   </div>
   <div class='ocr_carea' id='block_1_70' title="bbox 271 3672 1847 3747">
    <p class='ocr_par' dir='ltr' id='par_1_70' title="bbox 271 3672 1847 3747">
     <span class='ocr_line' id='line_1_70' title="bbox 271 3672 1847 3747; baseline -0.004 -15"><span class='ocrx_word' id='word_1_444' title='bbox 271 3677 515 3739; x_wconf 74' lang='grc' dir='ltr'>ἑστῶτας</span> <span class='ocrx_word' id='word_1_445' title='bbox 551 3675 656 3747; x_wconf 79' lang='grc' dir='ltr'>γὰρ</span> <span class='ocrx_word' id='word_1_446' title='bbox 696 3673 989 3728; x_wconf 84' lang='grc' dir='ltr'>ὑπακούειν</span> <span class='ocrx_word' id='word_1_447' title='bbox 1020 3675 1129 3728; x_wconf 84' lang='grc' dir='ltr'><strong>τῶν</strong></span> <span class='ocrx_word' id='word_1_448' title='bbox 1162 3674 1350 3739; x_wconf 81' lang='grc' dir='ltr'>θείων,</span> <span class='ocrx_word' id='word_1_449' title='bbox 1392 3674 1558 3727; x_wconf 86' lang='grc' dir='ltr'>ὅσιον.</span> <span class='ocrx_word' id='word_1_450' title='bbox 1604 3672 1757 3726; x_wconf 80' lang='grc' dir='ltr'>Ἐπεὶ</span> <span class='ocrx_word' id='word_1_451' title='bbox 1789 3672 1847 3726; x_wconf 85' lang='grc' dir='ltr'>δὲ</span> 
     </span>
    </p>
   </div>
   <div class='ocr_carea' id='block_1_71' title="bbox 270 3761 1848 3837">
    <p class='ocr_par' dir='ltr' id='par_1_71' title="bbox 270 3761 1848 3837">
     <span class='ocr_line' id='line_1_71' title="bbox 270 3761 1848 3837; baseline -0.005 -12"><span class='ocrx_word' id='word_1_452' title='bbox 270 3771 369 3827; x_wconf 79' lang='grc' dir='ltr'><strong>καὶ</strong></span> <span class='ocrx_word' id='word_1_453' title='bbox 398 3768 567 3824; x_wconf 79' lang='grc' dir='ltr'>ταῦτα</span> <span class='ocrx_word' id='word_1_454' title='bbox 592 3767 775 3830; x_wconf 87' lang='grc' dir='ltr'>τέλους</span> <span class='ocrx_word' id='word_1_455' title='bbox 800 3764 1114 3836; x_wconf 82' lang='grc' dir='ltr'>ἐτύγχανεν,</span> <span class='ocrx_word' id='word_1_456' title='bbox 1136 3766 1292 3837; x_wconf 84' lang='grc' dir='ltr'>ἡμεῖς</span> <span class='ocrx_word' id='word_1_457' title='bbox 1330 3764 1428 3835; x_wconf 84' lang='grc' dir='ltr'>μὲν</span> <span class='ocrx_word' id='word_1_458' title='bbox 1456 3761 1636 3816; x_wconf 81' lang='grc' dir='ltr'>οἴκαδε</span> <span class='ocrx_word' id='word_1_459' title='bbox 1683 3765 1848 3817; x_wconf 62' lang='grc' dir='ltr'><strong>ἐιιταν⁴</strong></span> 
     </span>
    </p>
   </div>
   <div class='ocr_carea' id='block_1_72' title="bbox 152 3854 1842 3935">
    <p class='ocr_par' dir='ltr' id='par_1_72' title="bbox 152 3854 1842 3935">
     <span class='ocr_line' id='line_1_72' title="bbox 152 3854 1842 3935; baseline -0.006 -18"><span class='ocrx_word' id='word_1_460' title='bbox 152 3860 155 3863; x_wconf 56' lang='grc'>’</span> <span class='ocrx_word' id='word_1_461' title='bbox 270 3863 485 3935; x_wconf 76' lang='grc' dir='ltr'>ῄειμεν,</span> <span class='ocrx_word' id='word_1_462' title='bbox 521 3860 613 3915; x_wconf 76' lang='grc' dir='ltr'><strong>καὶ</strong></span> <span class='ocrx_word' id='word_1_463' title='bbox 646 3858 743 3923; x_wconf 81' lang='grc' dir='ltr'>τὰς</span> <span class='ocrx_word' id='word_1_464' title='bbox 770 3857 1017 3929; x_wconf 85' lang='grc' dir='ltr'>συνήθεις</span> <span class='ocrx_word' id='word_1_465' title='bbox 1053 3855 1510 3924; x_wconf 83' lang='grc' dir='ltr'>ἀπελαμϐανομεν</span> <span class='ocrx_word' id='word_1_466' title='bbox 1542 3854 1842 3926; x_wconf 84' lang='grc' dir='ltr'>διατριϐάς.</span> 
     </span>
    </p>
   </div>
   <div class='ocr_carea' id='block_1_73' title="bbox 1946 3306 3513 3379">
    <p class='ocr_par' dir='ltr' id='par_1_73' title="bbox 1946 3306 3513 3379">
     <span class='ocr_line' id='line_1_73' title="bbox 1946 3306 3513 3379; baseline 0.002 -14"><span class='ocrx_word' id='word_1_467' title='bbox 1946 3310 2157 3377; x_wconf 88' lang='lat' dir='ltr'><strong>oratio,</strong></span> <span class='ocrx_word' id='word_1_468' title='bbox 2185 3306 2283 3365; x_wconf 84' lang='lat' dir='ltr'><strong>nos</strong></span> <span class='ocrx_word' id='word_1_469' title='bbox 2310 3310 2525 3379; x_wconf 89' lang='lat' dir='ltr'><strong>quidem</strong></span> <span class='ocrx_word' id='word_1_470' title='bbox 2553 3312 2711 3365; x_wconf 77' lang='lat' dir='ltr'><strong>[luem</strong></span> <span class='ocrx_word' id='word_1_471' title='bbox 2739 3311 2950 3367; x_wconf 89' lang='lat' dir='ltr'><strong>dicendi</strong></span> <span class='ocrx_word' id='word_1_472' title='bbox 2973 3311 3155 3367; x_wconf 82' lang='lat' dir='ltr'><strong>facere</strong></span> <span class='ocrx_word' id='word_1_473' title='bbox 3180 3314 3513 3377; x_wconf 87' lang='lat' dir='ltr'><strong>volebamus;</strong></span> 
     </span>
    </p>
   </div>
   <div class='ocr_carea' id='block_1_74' title="bbox 1947 3402 3515 3473">
    <p class='ocr_par' dir='ltr' id='par_1_74' title="bbox 1947 3402 3515 3473">
     <span class='ocr_line' id='line_1_74' title="bbox 1947 3402 3515 3473; baseline 0.003 -17"><span class='ocrx_word' id='word_1_474' title='bbox 1947 3410 2004 3457; x_wconf 89' lang='lat' dir='ltr'><strong>at</strong></span> <span class='ocrx_word' id='word_1_475' title='bbox 2044 3402 2160 3471; x_wconf 89' lang='lat' dir='ltr'><strong>ipse</strong></span> <span class='ocrx_word' id='word_1_476' title='bbox 2198 3402 2516 3456; x_wconf 86' lang='lat' dir='ltr'><strong>hortabatur</strong></span> <span class='ocrx_word' id='word_1_477' title='bbox 2557 3417 2677 3465; x_wconf 90' lang='lat' dir='ltr'><strong>nos,</strong></span> <span class='ocrx_word' id='word_1_478' title='bbox 2718 3413 2777 3456; x_wconf 93' lang='lat' dir='ltr'><strong>ut</strong></span> <span class='ocrx_word' id='word_1_479' title='bbox 2823 3418 3169 3473; x_wconf 85' lang='lat' dir='ltr'><strong>pergeremus</strong></span> <span class='ocrx_word' id='word_1_480' title='bbox 3210 3405 3382 3459; x_wconf 91' lang='lat' dir='ltr'><strong>donec</strong></span> <span class='ocrx_word' id='word_1_481' title='bbox 3446 3407 3515 3460; x_wconf 91' lang='lat' dir='ltr'><strong>ad</strong></span> 
     </span>
    </p>
   </div>
   <div class='ocr_carea' id='block_1_75' title="bbox 1951 3492 3519 3564">
    <p class='ocr_par' dir='ltr' id='par_1_75' title="bbox 1951 3492 3519 3564">
     <span class='ocr_line' id='line_1_75' title="bbox 1951 3492 3519 3564; baseline 0.002 -15"><span class='ocrx_word' id='word_1_482' title='bbox 1951 3503 2148 3549; x_wconf 89' lang='lat' dir='ltr'><strong>metam</strong></span> <span class='ocrx_word' id='word_1_483' title='bbox 2176 3492 2433 3564; x_wconf 89' lang='lat' dir='ltr'><strong>perducta</strong></span> <span class='ocrx_word' id='word_1_484' title='bbox 2464 3503 2610 3551; x_wconf 87' lang='lat' dir='ltr'><strong>esset</strong></span> <span class='ocrx_word' id='word_1_485' title='bbox 2630 3495 2823 3550; x_wconf 90' lang='lat' dir='ltr'><strong>oratio.</strong></span> <span class='ocrx_word' id='word_1_486' title='bbox 2860 3494 3026 3551; x_wconf 86' lang='lat' dir='ltr'><strong>Nobis</strong></span> <span class='ocrx_word' id='word_1_487' title='bbox 3048 3512 3235 3551; x_wconf 81' lang='lat' dir='ltr'><strong>rursus</strong></span> <span class='ocrx_word' id='word_1_488' title='bbox 3270 3506 3327 3550; x_wconf 91' lang='lat' dir='ltr'><strong>nt</strong></span> <span class='ocrx_word' id='word_1_489' title='bbox 3356 3498 3519 3552; x_wconf 87' lang='lat' dir='ltr'><strong>sede-</strong></span> 
     </span>
    </p>
   </div>
   <div class='ocr_carea' id='block_1_76' title="bbox 1954 3583 3520 3657">
    <p class='ocr_par' dir='ltr' id='par_1_76' title="bbox 1954 3583 3520 3657">
     <span class='ocr_line' id='line_1_76' title="bbox 1954 3583 3520 3657; baseline 0.001 -18"><span class='ocrx_word' id='word_1_490' title='bbox 1954 3592 2040 3639; x_wconf 85' lang='lat' dir='ltr'><strong>ret</strong></span> <span class='ocrx_word' id='word_1_491' title='bbox 2071 3583 2521 3654; x_wconf 87' lang='lat' dir='ltr'><strong>supplicantibus,</strong></span> <span class='ocrx_word' id='word_1_492' title='bbox 2574 3585 2687 3654; x_wconf 87' lang='lat' dir='ltr'><strong>ipse</strong></span> <span class='ocrx_word' id='word_1_493' title='bbox 2711 3586 2994 3641; x_wconf 88' lang='lat' dir='ltr'><strong>obluctans</strong></span> <span class='ocrx_word' id='word_1_494' title='bbox 3040 3587 3271 3656; x_wconf 82' lang='lat' dir='ltr'><strong>benigne</strong></span> <span class='ocrx_word' id='word_1_495' title='bbox 3296 3602 3520 3657; x_wconf 83' lang='lat' dir='ltr'><strong>persua-</strong></span> 
     </span>
    </p>
   </div>
   <div class='ocr_carea' id='block_1_77' title="bbox 1952 3676 3521 3747">
    <p class='ocr_par' dir='ltr' id='par_1_77' title="bbox 1952 3676 3521 3747">
     <span class='ocr_line' id='line_1_77' title="bbox 1952 3676 3521 3747; baseline 0.003 -16"><span class='ocrx_word' id='word_1_496' title='bbox 1952 3676 2114 3731; x_wconf 92' lang='lat' dir='ltr'><strong>debat</strong></span> <span class='ocrx_word' id='word_1_497' title='bbox 2144 3693 2159 3730; x_wconf 88' lang='lat'><strong>:</strong></span> <span class='ocrx_word' id='word_1_498' title='bbox 2188 3692 2311 3731; x_wconf 91' lang='lat' dir='ltr'><strong>cum</strong></span> <span class='ocrx_word' id='word_1_499' title='bbox 2349 3692 2495 3731; x_wconf 88' lang='lat' dir='ltr'><strong>nunc</strong></span> <span class='ocrx_word' id='word_1_500' title='bbox 2541 3677 2756 3747; x_wconf 89' lang='lat' dir='ltr'><strong>quidem</strong></span> <span class='ocrx_word' id='word_1_501' title='bbox 2798 3677 3005 3733; x_wconf 89' lang='lat' dir='ltr'><strong>diceret</strong></span> <span class='ocrx_word' id='word_1_502' title='bbox 3053 3678 3205 3733; x_wconf 79' lang='lat' dir='ltr'><strong>nefas</strong></span> <span class='ocrx_word' id='word_1_503' title='bbox 3245 3693 3395 3745; x_wconf 89' lang='lat' dir='ltr'><strong>esse,</strong></span> <span class='ocrx_word' id='word_1_504' title='bbox 3428 3680 3521 3735; x_wconf 87' lang='lat' dir='ltr'><strong>ubi</strong></span> 
     </span>
    </p>
   </div>
   <div class='ocr_carea' id='block_1_78' title="bbox 1950 3763 3523 3844">
    <p class='ocr_par' dir='ltr' id='par_1_78' title="bbox 1950 3763 3523 3844">
     <span class='ocr_line' id='line_1_78' title="bbox 1950 3763 3523 3844; baseline 0.002 -23"><span class='ocrx_word' id='word_1_505' title='bbox 1950 3763 2021 3821; x_wconf 88' lang='lat' dir='ltr'><strong>de</strong></span> <span class='ocrx_word' id='word_1_506' title='bbox 2057 3765 2166 3821; x_wconf 89' lang='lat' dir='ltr'><strong>Deo</strong></span> <span class='ocrx_word' id='word_1_507' title='bbox 2211 3767 2462 3822; x_wconf 89' lang='lat' dir='ltr'><strong>instituta</strong></span> <span class='ocrx_word' id='word_1_508' title='bbox 2504 3768 2578 3822; x_wconf 87' lang='lat' dir='ltr'><strong>sit</strong></span> <span class='ocrx_word' id='word_1_509' title='bbox 2616 3767 2913 3844; x_wconf 84' lang='lat' dir='ltr'><strong>disputatio</strong></span> <span class='ocrx_word' id='word_1_510' title='bbox 2943 3770 3169 3824; x_wconf 89' lang='lat' dir='ltr'><strong>remisse</strong></span> <span class='ocrx_word' id='word_1_511' title='bbox 3191 3784 3253 3825; x_wconf 89' lang='lat' dir='ltr'><strong>ac</strong></span> <span class='ocrx_word' id='word_1_512' title='bbox 3287 3770 3523 3824; x_wconf 88' lang='lat' dir='ltr'><strong>molliter</strong></span> 
     </span>
    </p>
   </div>
   <div class='ocr_carea' id='block_1_79' title="bbox 1952 3857 3521 3920">
    <p class='ocr_par' dir='ltr' id='par_1_79' title="bbox 1952 3857 3521 3920">
     <span class='ocr_line' id='line_1_79' title="bbox 1952 3857 3521 3920; baseline 0.004 -11"><span class='ocrx_word' id='word_1_513' title='bbox 1952 3857 2284 3920; x_wconf 89' lang='lat' dir='ltr'><strong>auscultare,</strong></span> <span class='ocrx_word' id='word_1_514' title='bbox 2344 3872 2490 3911; x_wconf 91' lang='lat' dir='ltr'><strong>nunc</strong></span> <span class='ocrx_word' id='word_1_515' title='bbox 2515 3873 2643 3913; x_wconf 84' lang='lat' dir='ltr'><strong>vero</strong></span> <span class='ocrx_word' id='word_1_516' title='bbox 2689 3859 2743 3912; x_wconf 90' lang='lat' dir='ltr'><strong>id</strong></span> <span class='ocrx_word' id='word_1_517' title='bbox 2776 3858 2881 3913; x_wconf 89' lang='lat' dir='ltr'><strong>sibi</strong></span> <span class='ocrx_word' id='word_1_518' title='bbox 2924 3860 3055 3913; x_wconf 90' lang='lat' dir='ltr'><strong>utile</strong></span> <span class='ocrx_word' id='word_1_519' title='bbox 3085 3868 3141 3914; x_wconf 91' lang='lat' dir='ltr'><strong>et</strong></span> <span class='ocrx_word' id='word_1_520' title='bbox 3178 3861 3521 3916; x_wconf 87' lang='lat' dir='ltr'><strong>commodum</strong></span> 
     </span>
    </p>
   </div>
   <div class='ocr_carea' id='block_1_80' title="bbox 272 3944 3518 4022">
    <p class='ocr_par' dir='ltr' id='par_1_80' title="bbox 272 3944 3518 4022">
     <span class='ocr_line' id='line_1_80' title="bbox 272 3944 3518 4022; baseline 0.001 -15"><span class='ocrx_word' id='word_1_521' title='bbox 272 3971 395 4012; x_wconf 70' lang='lat' dir='ltr'><strong>esse</strong></span> <span class='ocrx_word' id='word_1_522' title='bbox 425 3953 737 4008; x_wconf 82' lang='lat' dir='ltr'><strong>aﬂirmaret.</strong></span> <span class='ocrx_word' id='word_1_523' title='bbox 782 3950 933 4004; x_wconf 85' lang='lat' dir='ltr'><strong>Pium</strong></span> <span class='ocrx_word' id='word_1_524' title='bbox 974 3950 1116 4004; x_wconf 89' lang='lat' dir='ltr'><strong>enim</strong></span> <span class='ocrx_word' id='word_1_525' title='bbox 1146 3964 1207 4003; x_wconf 88' lang='lat' dir='ltr'><strong>ac</strong></span> <span class='ocrx_word' id='word_1_526' title='bbox 1235 3947 1541 4016; x_wconf 76' lang='lat' dir='ltr'><strong>religiosum</strong></span> <span class='ocrx_word' id='word_1_527' title='bbox 1586 3954 1691 4011; x_wconf 83' lang='lat' dir='ltr'><strong>est,</strong></span> <span class='ocrx_word' id='word_1_528' title='bbox 1730 3945 1922 4013; x_wconf 91' lang='lat' dir='ltr'><strong>inquit,</strong></span> <span class='ocrx_word' id='word_1_529' title='bbox 1960 3954 2018 3999; x_wconf 93' lang='lat' dir='ltr'><strong>ut</strong></span> <span class='ocrx_word' id='word_1_530' title='bbox 2044 3944 2113 4000; x_wconf 86' lang='lat' dir='ltr'><strong>de</strong></span> <span class='ocrx_word' id='word_1_531' title='bbox 2152 3946 2311 4001; x_wconf 87' lang='lat' dir='ltr'><strong>rebus</strong></span> <span class='ocrx_word' id='word_1_532' title='bbox 2366 3949 2566 4004; x_wconf 86' lang='lat' dir='ltr'><strong>divinis</strong></span> <span class='ocrx_word' id='word_1_533' title='bbox 2602 3956 2808 4005; x_wconf 89' lang='lat' dir='ltr'><strong>stantes</strong></span> <span class='ocrx_word' id='word_1_534' title='bbox 2846 3950 3087 4007; x_wconf 85' lang='lat' dir='ltr'><strong>audiant.</strong></span> <span class='ocrx_word' id='word_1_535' title='bbox 3134 3950 3229 4008; x_wconf 80' lang='lat' dir='ltr'><strong>His</strong></span> <span class='ocrx_word' id='word_1_536' title='bbox 3260 3953 3518 4022; x_wconf 85' lang='lat' dir='ltr'><strong>peractis,</strong></span> 
     </span>
    </p>
   </div>
   <div class='ocr_carea' id='block_1_81' title="bbox 278 4041 3267 4120">
    <p class='ocr_par' dir='ltr' id='par_1_81' title="bbox 278 4041 3267 4120">
     <span class='ocr_line' id='line_1_81' title="bbox 278 4041 3267 4120; baseline -0.003 -19"><span class='ocrx_word' id='word_1_537' title='bbox 278 4068 372 4110; x_wconf 68' lang='lat' dir='ltr'><strong>&quot;ns</strong></span> <span class='ocrx_word' id='word_1_538' title='bbox 418 4051 632 4120; x_wconf 89' lang='lat' dir='ltr'><strong>quidem</strong></span> <span class='ocrx_word' id='word_1_539' title='bbox 692 4049 906 4102; x_wconf 89' lang='lat' dir='ltr'><strong>domum</strong></span> <span class='ocrx_word' id='word_1_540' title='bbox 965 4045 1191 4100; x_wconf 79' lang='lat' dir='ltr'><strong>reversi.</strong></span> <span class='ocrx_word' id='word_1_541' title='bbox 1235 4042 1513 4098; x_wconf 83' lang='lat' dir='ltr'><strong>consuetis</strong></span> <span class='ocrx_word' id='word_1_542' title='bbox 1560 4056 1658 4095; x_wconf 89' lang='lat' dir='ltr'><strong>nos</strong></span> <span class='ocrx_word' id='word_1_543' title='bbox 1694 4041 1884 4096; x_wconf 89' lang='lat' dir='ltr'><strong>studiis</strong></span> <span class='ocrx_word' id='word_1_544' title='bbox 1919 4050 1976 4095; x_wconf 86' lang='lat' dir='ltr'><strong>et</strong></span> <span class='ocrx_word' id='word_1_545' title='bbox 1996 4041 2476 4096; x_wconf 75' lang='lat' dir='ltr'><strong>exercitationibus</strong></span> <span class='ocrx_word' id='word_1_546' title='bbox 2505 4043 2851 4096; x_wconf 82' lang='lat' dir='ltr'><strong>reddidimus.</strong></span> <span class='ocrx_word' id='word_1_547' title='bbox 3262 4042 3267 4045; x_wconf 71' lang='grc'><em>’</em></span> 
     </span>
    </p>
   </div>
   <div class='ocr_carea' id='block_1_82' title="bbox 781 4136 1337 4192">
    <p class='ocr_par' dir='ltr' id='par_1_82' title="bbox 781 4136 1337 4192">
     <span class='ocr_line' id='line_1_82' title="bbox 781 4136 1337 4192; baseline -0.007 -1"><span class='ocrx_word' id='word_1_548' title='bbox 781 4137 1178 4192; x_wconf 78' lang='grc' dir='ltr'><strong>ΚΕΦΑΛΑΙΟΝ</strong></span> <span class='ocrx_word' id='word_1_549' title='bbox 1216 4136 1337 4188; x_wconf 85' lang='grc' dir='ltr'><strong>ΛΔ’.</strong></span> 
     </span>
    </p>
   </div>
   <div class='ocr_carea' id='block_1_83' title="bbox 280 4220 1849 4300">
    <p class='ocr_par' dir='ltr' id='par_1_83' title="bbox 280 4220 1849 4300">
     <span class='ocr_line' id='line_1_83' title="bbox 280 4220 1849 4300; baseline -0.008 -11"><span class='ocrx_word' id='word_1_550' title='bbox 280 4236 411 4288; x_wconf 78' lang='grc' dir='ltr'>’Ότι</span> <span class='ocrx_word' id='word_1_551' title='bbox 437 4230 570 4300; x_wconf 81' lang='grc' dir='ltr'>περὶ</span> <span class='ocrx_word' id='word_1_552' title='bbox 593 4230 698 4285; x_wconf 83' lang='grc' dir='ltr'>τοῦ</span> <span class='ocrx_word' id='word_1_553' title='bbox 734 4229 949 4300; x_wconf 69' lang='grc' dir='ltr'>Πάσχα</span> <span class='ocrx_word' id='word_1_554' title='bbox 980 4227 1075 4300; x_wconf 65' lang='grc' dir='ltr'>καὶ</span> <span class='ocrx_word' id='word_1_555' title='bbox 1105 4225 1277 4300; x_wconf 77' lang='grc' dir='ltr'>θείων</span> <span class='ocrx_word' id='word_1_556' title='bbox 1298 4222 1533 4288; x_wconf 75' lang='grc' dir='ltr'>,ϐίϐλων</span> <span class='ocrx_word' id='word_1_557' title='bbox 1556 4220 1706 4291; x_wconf 82' lang='grc' dir='ltr'>πρὸς</span> <span class='ocrx_word' id='word_1_558' title='bbox 1730 4224 1849 4277; x_wconf 51' lang='lat' dir='ltr'><strong>Ea-</strong></span> 
     </span>
    </p>
   </div>
   <div class='ocr_carea' id='block_1_84' title="bbox 800 4297 1319 4365">
    <p class='ocr_par' dir='ltr' id='par_1_84' title="bbox 800 4297 1319 4365">
     <span class='ocr_line' id='line_1_84' title="bbox 800 4297 1319 4365; baseline -0.01 -13"><span class='ocrx_word' id='word_1_559' title='bbox 800 4298 1004 4352; x_wconf 78' lang='grc' dir='ltr'>σέϐιον</span> <span class='ocrx_word' id='word_1_560' title='bbox 1037 4297 1319 4365; x_wconf 60' lang='grc' dir='ltr'>ἔγραψεν.</span> 
     </span>
    </p>
   </div>
   <div class='ocr_carea' id='block_1_85' title="bbox 356 4377 1832 4457">
    <p class='ocr_par' dir='ltr' id='par_1_85' title="bbox 356 4377 1832 4457">
     <span class='ocr_line' id='line_1_85' title="bbox 356 4377 1832 4457; baseline -0.009 -14"><span class='ocrx_word' id='word_1_561' title='bbox 356 4389 414 4443; x_wconf 86' lang='lat'><strong>&#39;0</strong></span> <span class='ocrx_word' id='word_1_562' title='bbox 435 4389 490 4443; x_wconf 82' lang='grc' dir='ltr'>δὲ</span> <span class='ocrx_word' id='word_1_563' title='bbox 508 4386 616 4441; x_wconf 85' lang='grc' dir='ltr'><strong>τῶν</strong></span> <span class='ocrx_word' id='word_1_564' title='bbox 630 4384 960 4457; x_wconf 83' lang='grc' dir='ltr'>Ἐκκλησιῶν</span> <span class='ocrx_word' id='word_1_565' title='bbox 984 4383 1078 4437; x_wconf 80' lang='grc' dir='ltr'><strong>τοῦ</strong></span> <span class='ocrx_word' id='word_1_566' title='bbox 1098 4382 1231 4436; x_wconf 82' lang='grc' dir='ltr'>Θεοῦ</span> <span class='ocrx_word' id='word_1_567' title='bbox 1251 4396 1509 4454; x_wconf 87' lang='grc' dir='ltr'>προνενοη</span> <span class='ocrx_word' id='word_1_568' title='bbox 1519 4378 1677 4451; x_wconf 90' lang='grc' dir='ltr'>μένος</span> <span class='ocrx_word' id='word_1_569' title='bbox 1700 4377 1832 4449; x_wconf 75' lang='lat' dir='ltr'><strong>(8i),</strong></span> 
     </span>
    </p>
   </div>
   <div class='ocr_carea' id='block_1_86' title="bbox 2485 4132 2992 4189">
    <p class='ocr_par' dir='ltr' id='par_1_86' title="bbox 2485 4132 2992 4189">
     <span class='ocr_line' id='line_1_86' title="bbox 2485 4132 2992 4189; baseline -0.006 -2"><span class='ocrx_word' id='word_1_570' title='bbox 2485 4132 2713 4188; x_wconf 81' lang='lat' dir='ltr'><strong>CAPUT</strong></span> <span class='ocrx_word' id='word_1_571' title='bbox 2756 4132 2992 4189; x_wconf 87' lang='lat' dir='ltr'><strong>XXXIV.</strong></span> 
     </span>
    </p>
   </div>
   <div class='ocr_carea' id='block_1_87' title="bbox 1956 4185 3520 4305">
    <p class='ocr_par' dir='ltr' id='par_1_87' title="bbox 1956 4185 3520 4305">
     <span class='ocr_line' id='line_1_87' title="bbox 1956 4185 3520 4305; baseline 0.002 -28"><span class='ocrx_word' id='word_1_572' title='bbox 1956 4185 2204 4289; x_wconf 56' lang='lat' dir='ltr'><strong>Quodne</strong></span> <span class='ocrx_word' id='word_1_573' title='bbox 2226 4223 2435 4278; x_wconf 73' lang='lat' dir='ltr'><strong>Paw/ta</strong></span> <span class='ocrx_word' id='word_1_574' title='bbox 2470 4185 2517 4278; x_wconf 73' lang='lat' dir='ltr'><strong>et</strong></span> <span class='ocrx_word' id='word_1_575' title='bbox 2541 4185 2605 4278; x_wconf 64' lang='lat' dir='ltr'><strong>de</strong></span> <span class='ocrx_word' id='word_1_576' title='bbox 2627 4185 3096 4305; x_wconf 32' lang='lat' dir='ltr'><strong>sin—crisjco—dieibus</strong></span> <span class='ocrx_word' id='word_1_577' title='bbox 3137 4227 3206 4279; x_wconf 84' lang='lat' dir='ltr'><strong>ad</strong></span> <span class='ocrx_word' id='word_1_578' title='bbox 3237 4224 3520 4280; x_wconf 76' lang='lat' dir='ltr'><strong>Eusebium</strong></span> 
     </span>
    </p>
   </div>
   <div class='ocr_carea' id='block_1_88' title="bbox 2630 4308 2858 4365">
    <p class='ocr_par' dir='ltr' id='par_1_88' title="bbox 2630 4308 2858 4365">
     <span class='ocr_line' id='line_1_88' title="bbox 2630 4308 2858 4365; baseline 0.004 -18"><span class='ocrx_word' id='word_1_579' title='bbox 2630 4308 2858 4365; x_wconf 68' lang='lat' dir='ltr'><strong>scripsit.</strong></span> 
     </span>
    </p>
   </div>
   <div class='ocr_carea' id='block_1_89' title="bbox 2021 4386 3520 4456">
    <p class='ocr_par' dir='ltr' id='par_1_89' title="bbox 2021 4386 3520 4456">
     <span class='ocr_line' id='line_1_89' title="bbox 2021 4386 3520 4456; baseline 0.001 -16"><span class='ocrx_word' id='word_1_580' title='bbox 2021 4386 2092 4440; x_wconf 86' lang='lat' dir='ltr'><strong>At</strong></span> <span class='ocrx_word' id='word_1_581' title='bbox 2122 4387 2210 4442; x_wconf 92' lang='lat' dir='ltr'><strong>ille</strong></span> <span class='ocrx_word' id='word_1_582' title='bbox 2249 4386 2507 4443; x_wconf 89' lang='lat' dir='ltr'><strong>Ecclesiis</strong></span> <span class='ocrx_word' id='word_1_583' title='bbox 2544 4387 2637 4442; x_wconf 89' lang='lat' dir='ltr'><strong>Dei</strong></span> <span class='ocrx_word' id='word_1_584' title='bbox 2668 4387 2887 4455; x_wconf 86' lang='lat' dir='ltr'><strong>provida</strong></span> <span class='ocrx_word' id='word_1_585' title='bbox 2931 4402 3144 4456; x_wconf 87' lang='lat' dir='ltr'><strong>semper</strong></span> <span class='ocrx_word' id='word_1_586' title='bbox 3180 4399 3359 4442; x_wconf 88' lang='lat' dir='ltr'><strong>mente</strong></span> <span class='ocrx_word' id='word_1_587' title='bbox 3390 4403 3520 4442; x_wconf 87' lang='lat' dir='ltr'><strong>con-</strong></span> 
     </span>
    </p>
   </div>
   <div class='ocr_carea' id='block_1_90' title="bbox 276 4470 1845 4554">
    <p class='ocr_par' dir='ltr' id='par_1_90' title="bbox 276 4470 1845 4554">
     <span class='ocr_line' id='line_1_90' title="bbox 276 4470 1845 4554; baseline -0.011 -16"><span class='ocrx_word' id='word_1_588' title='bbox 276 4482 408 4554; x_wconf 71' lang='grc' dir='ltr'>περὶ</span> <span class='ocrx_word' id='word_1_589' title='bbox 447 4479 788 4549; x_wconf 81' lang='grc' dir='ltr'>κατασκευῆς</span> <span class='ocrx_word' id='word_1_590' title='bbox 826 4474 1196 4530; x_wconf 90' lang='grc' dir='ltr'>θεοπνεύστων</span> <span class='ocrx_word' id='word_1_591' title='bbox 1230 4473 1427 4540; x_wconf 84' lang='grc' dir='ltr'>λογίων</span> <span class='ocrx_word' id='word_1_592' title='bbox 1460 4473 1545 4533; x_wconf 80' lang='grc' dir='ltr'>εἰς</span> <span class='ocrx_word' id='word_1_593' title='bbox 1586 4470 1845 4543; x_wconf 89' lang='grc' dir='ltr'>ἡμέτερον</span> 
     </span>
    </p>
   </div>
   <div class='ocr_carea' id='block_1_91' title="bbox 1945 4470 3520 4554">
    <p class='ocr_par' dir='ltr' id='par_1_91' title="bbox 1953 4478 3520 4543">
     <span class='ocr_line' id='line_1_91' title="bbox 1953 4478 3520 4543; baseline 0.001 -10"><span class='ocrx_word' id='word_1_594' title='bbox 1953 4478 2153 4543; x_wconf 91' lang='lat' dir='ltr'><strong>sulens,</strong></span> <span class='ocrx_word' id='word_1_595' title='bbox 2186 4478 2253 4534; x_wconf 93' lang='lat' dir='ltr'><strong>de</strong></span> <span class='ocrx_word' id='word_1_596' title='bbox 2269 4479 2628 4534; x_wconf 83' lang='lat' dir='ltr'><strong>conﬁciendis</strong></span> <span class='ocrx_word' id='word_1_597' title='bbox 2652 4478 2825 4534; x_wconf 85' lang='lat' dir='ltr'><strong>sacris</strong></span> <span class='ocrx_word' id='word_1_598' title='bbox 2867 4478 3159 4542; x_wconf 82' lang='lat' dir='ltr'><strong>codicibus,</strong></span> <span class='ocrx_word' id='word_1_599' title='bbox 3199 4490 3253 4535; x_wconf 92' lang='lat' dir='ltr'><strong>et</strong></span> <span class='ocrx_word' id='word_1_600' title='bbox 3284 4480 3349 4534; x_wconf 90' lang='lat' dir='ltr'><strong>de</strong></span> <span class='ocrx_word' id='word_1_601' title='bbox 3385 4481 3520 4535; x_wconf 77' lang='lat' dir='ltr'><strong>festo</strong></span> 
     </span>
    </p>
   </div>
   <div class='ocr_carea' id='block_1_92' title="bbox 277 4539 1845 4647">
    <p class='ocr_par' dir='ltr' id='par_1_92' title="bbox 277 4539 1845 4647">
     <span class='ocr_line' id='line_1_92' title="bbox 277 4539 1845 4647; baseline -0.011 -17"><span class='ocrx_word' id='word_1_602' title='bbox 277 4539 565 4647; x_wconf 77' lang='grc' dir='ltr'>πρόσωπον</span> <span class='ocrx_word' id='word_1_603' title='bbox 585 4539 820 4624; x_wconf 75' lang='grc' dir='ltr'>ἐπετίθει</span> <span class='ocrx_word' id='word_1_604' title='bbox 848 4567 910 4620; x_wconf 81' lang='grc' dir='ltr'>τὸ</span> <span class='ocrx_word' id='word_1_605' title='bbox 927 4567 1160 4638; x_wconf 84' lang='grc' dir='ltr'>γράμμα</span> <span class='ocrx_word' id='word_1_606' title='bbox 1176 4606 1192 4633; x_wconf 86' lang='grc'><strong>,</strong></span> <span class='ocrx_word' id='word_1_607' title='bbox 1222 4539 1358 4619; x_wconf 87' lang='grc' dir='ltr'><strong>ἀλλά</strong></span> <span class='ocrx_word' id='word_1_608' title='bbox 1383 4564 1447 4637; x_wconf 84' lang='grc' dir='ltr'>δὴ</span> <span class='ocrx_word' id='word_1_609' title='bbox 1475 4562 1567 4617; x_wconf 77' lang='grc' dir='ltr'>καὶ</span> <span class='ocrx_word' id='word_1_610' title='bbox 1595 4539 1722 4633; x_wconf 76' lang='grc' dir='ltr'>περὶ</span> <span class='ocrx_word' id='word_1_611' title='bbox 1747 4539 1845 4630; x_wconf 78' lang='grc' dir='ltr'>τῆς</span> 
     </span>
    </p>
   </div>
   <div class='ocr_carea' id='block_1_93' title="bbox 1945 4539 3521 4647">
    <p class='ocr_par' dir='ltr' id='par_1_93' title="bbox 1953 4539 3521 4638">
     <span class='ocr_line' id='line_1_93' title="bbox 1953 4539 3521 4638; baseline 0.001 -14"><span class='ocrx_word' id='word_1_612' title='bbox 1953 4539 2190 4638; x_wconf 84' lang='lat' dir='ltr'><strong>paschali</strong></span> <span class='ocrx_word' id='word_1_613' title='bbox 2234 4570 2300 4624; x_wconf 92' lang='lat' dir='ltr'><strong>ad</strong></span> <span class='ocrx_word' id='word_1_614' title='bbox 2337 4585 2436 4625; x_wconf 90' lang='lat' dir='ltr'><strong>nos</strong></span> <span class='ocrx_word' id='word_1_615' title='bbox 2482 4569 2768 4638; x_wconf 88' lang='lat' dir='ltr'><strong>epistolam</strong></span> <span class='ocrx_word' id='word_1_616' title='bbox 2805 4568 3044 4636; x_wconf 88' lang='lat' dir='ltr'><strong>scripsit.</strong></span> <span class='ocrx_word' id='word_1_617' title='bbox 3083 4539 3216 4622; x_wconf 80' lang='lat' dir='ltr'><strong>Nam</strong></span> <span class='ocrx_word' id='word_1_618' title='bbox 3265 4584 3386 4624; x_wconf 90' lang='lat' dir='ltr'><strong>cum</strong></span> <span class='ocrx_word' id='word_1_619' title='bbox 3420 4586 3521 4626; x_wconf 86' lang='lat' dir='ltr'><strong>nos</strong></span> 
     </span>
    </p>
   </div>
   <div class='ocr_carea' id='block_1_94' title="bbox 278 4655 1850 4735">
    <p class='ocr_par' dir='ltr' id='par_1_94' title="bbox 278 4655 1850 4735">
     <span class='ocr_line' id='line_1_94' title="bbox 278 4655 1850 4735; baseline -0.009 -14"><span class='ocrx_word' id='word_1_620' title='bbox 278 4665 587 4735; x_wconf 77' lang='grc' dir='ltr'>ἁγιωτάτης</span> <span class='ocrx_word' id='word_1_621' title='bbox 616 4659 711 4715; x_wconf 79' lang='grc' dir='ltr'><strong>τοῦ</strong></span> <span class='ocrx_word' id='word_1_622' title='bbox 735 4660 927 4729; x_wconf 86' lang='grc' dir='ltr'>Πάσχα</span> <span class='ocrx_word' id='word_1_623' title='bbox 960 4659 1170 4729; x_wconf 77' lang='grc' dir='ltr'>ἑορτῆς.</span> <span class='ocrx_word' id='word_1_624' title='bbox 1198 4655 1714 4729; x_wconf 82' lang='grc' dir='ltr'>Προσφωνησάντων</span> <span class='ocrx_word' id='word_1_625' title='bbox 1742 4655 1850 4723; x_wconf 81' lang='grc' dir='ltr'><strong>γάρ</strong></span> 
     </span>
    </p>
   </div>
   <div class='ocr_carea' id='block_1_95' title="bbox 275 4745 1852 4828">
    <p class='ocr_par' dir='ltr' id='par_1_95' title="bbox 275 4745 1852 4828">
     <span class='ocr_line' id='line_1_95' title="bbox 275 4745 1852 4828; baseline -0.008 -17"><span class='ocrx_word' id='word_1_626' title='bbox 275 4756 437 4828; x_wconf 84' lang='grc' dir='ltr'>ἡμῶν</span> <span class='ocrx_word' id='word_1_627' title='bbox 484 4754 595 4825; x_wconf 77' lang='grc'><strong>(85)</strong></span> <span class='ocrx_word' id='word_1_628' title='bbox 657 4748 831 4820; x_wconf 81' lang='grc' dir='ltr'>αὐτῷ.</span> <span class='ocrx_word' id='word_1_629' title='bbox 867 4748 1133 4819; x_wconf 85' lang='grc' dir='ltr'>μυστικὴν</span> <span class='ocrx_word' id='word_1_630' title='bbox 1197 4747 1534 4818; x_wconf 79' lang='grc' dir='ltr'>ἀνακάλυψιν</span> <span class='ocrx_word' id='word_1_631' title='bbox 1600 4746 1695 4800; x_wconf 82' lang='grc' dir='ltr'>τοῦ</span> <span class='ocrx_word' id='word_1_632' title='bbox 1750 4745 1852 4817; x_wconf 84' lang='grc' dir='ltr'>τῆς</span> 
     </span>
    </p>
   </div>
   <div class='ocr_carea' id='block_1_96' title="bbox 351 4879 1849 4960">
    <p class='ocr_par' dir='ltr' id='par_1_96' title="bbox 351 4879 1849 4960">
     <span class='ocr_line' id='line_1_96' title="bbox 351 4879 1849 4960; baseline -0.008 -14"><span class='ocrx_word' id='word_1_633' title='bbox 351 4890 461 4960; x_wconf 70' lang='grc'><strong>(82)</strong></span> <span class='ocrx_word' id='word_1_634' title='bbox 499 4884 994 4960; x_wconf 54' lang='grc' dir='ltr'>Μεθερμηιςευται.</span> <span class='ocrx_word' id='word_1_635' title='bbox 1042 4883 1154 4937; x_wconf 89' lang='lat' dir='ltr'><strong>Sub</strong></span> <span class='ocrx_word' id='word_1_636' title='bbox 1204 4883 1554 4960; x_wconf 80' lang='lat' dir='ltr'><strong>dispositione</strong></span> <span class='ocrx_word' id='word_1_637' title='bbox 1606 4879 1849 4960; x_wconf 84' lang='lat' dir='ltr'><strong>magistri</strong></span> 
     </span>
    </p>
   </div>
   <div class='ocr_carea' id='block_1_97' title="bbox 277 4952 1852 5020">
    <p class='ocr_par' dir='ltr' id='par_1_97' title="bbox 277 4952 1852 5020">
     <span class='ocr_line' id='line_1_97' title="bbox 277 4952 1852 5020; baseline -0.007 -5"><span class='ocrx_word' id='word_1_638' title='bbox 277 4952 576 5015; x_wconf 74' lang='lat' dir='ltr'><strong>ciliciorum</strong></span> <span class='ocrx_word' id='word_1_639' title='bbox 609 4952 763 5012; x_wconf 76' lang='lat' dir='ltr'><strong>erant</strong></span> <span class='ocrx_word' id='word_1_640' title='bbox 804 4956 1124 5020; x_wconf 88' lang='lat' dir='ltr'><strong>interpretes</strong></span> <span class='ocrx_word' id='word_1_641' title='bbox 1177 4954 1449 5007; x_wconf 87' lang='lat' dir='ltr'><strong>variarum</strong></span> <span class='ocrx_word' id='word_1_642' title='bbox 1496 4952 1735 5020; x_wconf 83' lang='lat' dir='ltr'><strong>gentium</strong></span> <span class='ocrx_word' id='word_1_643' title='bbox 1787 4964 1852 5004; x_wconf 89' lang='lat' dir='ltr'><strong>ac</strong></span> 
     </span>
    </p>
   </div>
   <div class='ocr_carea' id='block_1_98' title="bbox 278 5019 1846 5098">
    <p class='ocr_par' dir='ltr' id='par_1_98' title="bbox 278 5019 1846 5098">
     <span class='ocr_line' id='line_1_98' title="bbox 278 5019 1846 5098; baseline -0.007 -14"><span class='ocrx_word' id='word_1_644' title='bbox 278 5031 605 5098; x_wconf 76' lang='lat' dir='ltr'><strong>linguarum,</strong></span> <span class='ocrx_word' id='word_1_645' title='bbox 648 5036 707 5079; x_wconf 92' lang='lat' dir='ltr'><strong>ut</strong></span> <span class='ocrx_word' id='word_1_646' title='bbox 739 5026 898 5098; x_wconf 82' lang='lat' dir='ltr'><strong>docet</strong></span> <span class='ocrx_word' id='word_1_647' title='bbox 944 5022 1142 5098; x_wconf 79' lang='lat' dir='ltr'><strong>Notitia</strong></span> <span class='ocrx_word' id='word_1_648' title='bbox 1174 5022 1303 5098; x_wconf 86' lang='lat' dir='ltr'><strong>Imp.</strong></span> <span class='ocrx_word' id='word_1_649' title='bbox 1353 5021 1604 5098; x_wconf 68' lang='lat' dir='ltr'><strong>Romani.</strong></span> <span class='ocrx_word' id='word_1_650' title='bbox 1644 5019 1846 5098; x_wconf 70' lang='lat' dir='ltr'><strong>Horum</strong></span> 
     </span>
    </p>
   </div>
   <div class='ocr_carea' id='block_1_99' title="bbox 281 5089 1851 5169">
    <p class='ocr_par' dir='ltr' id='par_1_99' title="bbox 281 5089 1851 5169">
     <span class='ocr_line' id='line_1_99' title="bbox 281 5089 1851 5169; baseline -0.008 -15"><span class='ocrx_word' id='word_1_651' title='bbox 281 5089 452 5169; x_wconf 63' lang='lat' dir='ltr'><strong>igitur</strong></span> <span class='ocrx_word' id='word_1_652' title='bbox 494 5089 658 5166; x_wconf 83' lang='lat' dir='ltr'><strong>opera</strong></span> <span class='ocrx_word' id='word_1_653' title='bbox 709 5093 1397 5169; x_wconf 51' lang='lat' dir='ltr'><strong>utebatttr_Coltstantintts,</strong></span> <span class='ocrx_word' id='word_1_654' title='bbox 1431 5092 1485 5143; x_wconf 91' lang='lat' dir='ltr'><strong>in</strong></span> <span class='ocrx_word' id='word_1_655' title='bbox 1519 5089 1766 5169; x_wconf 89' lang='lat' dir='ltr'><strong>epistolis</strong></span> <span class='ocrx_word' id='word_1_656' title='bbox 1795 5098 1851 5141; x_wconf 91' lang='lat' dir='ltr'><strong>et</strong></span> 
     </span>
    </p>
   </div>
   <div class='ocr_carea' id='block_1_100' title="bbox 277 5160 1848 5223">
    <p class='ocr_par' dir='ltr' id='par_1_100' title="bbox 277 5160 1848 5223">
     <span class='ocr_line' id='line_1_100' title="bbox 277 5160 1848 5223; baseline -0.006 -1"><span class='ocrx_word' id='word_1_657' title='bbox 277 5160 621 5223; x_wconf 61' lang='grc' dir='ltr'>οἲειιὶοιιίὓιιε</span> <span class='ocrx_word' id='word_1_658' title='bbox 651 5180 717 5220; x_wconf 76' lang='lat' dir='ltr'><strong>ex</strong></span> <span class='ocrx_word' id='word_1_659' title='bbox 746 5163 939 5217; x_wconf 88' lang='lat' dir='ltr'><strong>Latino</strong></span> <span class='ocrx_word' id='word_1_660' title='bbox 966 5164 1019 5217; x_wconf 90' lang='lat' dir='ltr'><strong>in</strong></span> <span class='ocrx_word' id='word_1_661' title='bbox 1052 5160 1296 5216; x_wconf 65' lang='lat' dir='ltr'><strong>Gracum</strong></span> <span class='ocrx_word' id='word_1_662' title='bbox 1328 5173 1635 5215; x_wconf 87' lang='lat' dir='ltr'><strong>sermonem</strong></span> <span class='ocrx_word' id='word_1_663' title='bbox 1670 5168 1848 5213; x_wconf 85' lang='lat' dir='ltr'><strong>trans-</strong></span> 
     </span>
    </p>
   </div>
   <div class='ocr_carea' id='block_1_101' title="bbox 278 5240 538 5296">
    <p class='ocr_par' dir='ltr' id='par_1_101' title="bbox 278 5240 538 5296">
     <span class='ocr_line' id='line_1_101' title="bbox 278 5240 538 5296; baseline -0.023 0"><span class='ocrx_word' id='word_1_664' title='bbox 278 5240 538 5296; x_wconf 73' lang='lat' dir='ltr'><strong>ferendis.</strong></span> 
     </span>
    </p>
   </div>
   <div class='ocr_carea' id='block_1_102' title="bbox 355 5296 1852 5381">
    <p class='ocr_par' dir='ltr' id='par_1_102' title="bbox 355 5296 1852 5381">
     <span class='ocr_line' id='line_1_102' title="bbox 355 5296 1852 5381; baseline -0.005 -21"><span class='ocrx_word' id='word_1_665' title='bbox 355 5307 465 5381; x_wconf 64' lang='grc'><strong>(85)</strong></span> <span class='ocrx_word' id='word_1_666' title='bbox 499 5304 747 5381; x_wconf 24' lang='grc' dir='ltr'><strong>’Ἔνδονῇ</strong></span> <span class='ocrx_word' id='word_1_667' title='bbox 771 5298 1094 5381; x_wconf 44' lang='grc' dir='ltr'><strong>ἐνέηιιύτοῖς</strong></span> <span class='ocrx_word' id='word_1_668' title='bbox 1153 5298 1513 5381; x_wconf 64' lang='grc' dir='ltr'>βασιλείοις.</span> <span class='ocrx_word' id='word_1_669' title='bbox 1571 5296 1852 5381; x_wconf 52' lang='lat' dir='ltr'><strong>&#39;I‘nterpres</strong></span> 
     </span>
    </p>
   </div>
   <div class='ocr_carea' id='block_1_103' title="bbox 282 5365 1849 5443">
    <p class='ocr_par' dir='ltr' id='par_1_103' title="bbox 282 5365 1849 5443">
     <span class='ocr_line' id='line_1_103' title="bbox 282 5365 1849 5443; baseline -0.008 -10"><span class='ocrx_word' id='word_1_670' title='bbox 282 5365 467 5437; x_wconf 47' lang='lat' dir='ltr'><strong>vertit.</strong></span> <span class='ocrx_word' id='word_1_671' title='bbox 492 5377 544 5429; x_wconf 82' lang='lat' dir='ltr'><strong>in</strong></span> <span class='ocrx_word' id='word_1_672' title='bbox 580 5377 693 5443; x_wconf 80' lang='lat' dir='ltr'><strong>ipsa</strong></span> <span class='ocrx_word' id='word_1_673' title='bbox 731 5369 948 5443; x_wconf 77' lang='lat' dir='ltr'><strong>basilica</strong></span> <span class='ocrx_word' id='word_1_674' title='bbox 973 5385 992 5423; x_wconf 91' lang='lat'><strong><em>:</em></strong></span> <span class='ocrx_word' id='word_1_675' title='bbox 1027 5372 1170 5443; x_wconf 88' lang='lat' dir='ltr'><strong>quod</strong></span> <span class='ocrx_word' id='word_1_676' title='bbox 1203 5384 1307 5422; x_wconf 91' lang='lat' dir='ltr'><strong>nou</strong></span> <span class='ocrx_word' id='word_1_677' title='bbox 1338 5371 1540 5443; x_wconf 88' lang='lat' dir='ltr'><strong>_prob_o.</strong></span> <span class='ocrx_word' id='word_1_678' title='bbox 1570 5365 1681 5443; x_wconf 58' lang='lat' dir='ltr'><strong>[Ioc</strong></span> <span class='ocrx_word' id='word_1_679' title='bbox 1707 5365 1849 5421; x_wconf 82' lang='lat' dir='ltr'><strong>enim</strong></span> 
     </span>
    </p>
   </div>
   <div class='ocr_carea' id='block_1_104' title="bbox 282 5435 1852 5514">
    <p class='ocr_par' dir='ltr' id='par_1_104' title="bbox 282 5435 1852 5514">
     <span class='ocr_line' id='line_1_104' title="bbox 282 5435 1852 5514; baseline -0.008 -13"><span class='ocrx_word' id='word_1_680' title='bbox 282 5435 535 5514; x_wconf 83' lang='lat' dir='ltr'><strong>tanquam</strong></span> <span class='ocrx_word' id='word_1_681' title='bbox 573 5435 841 5514; x_wconf 76' lang='lat' dir='ltr'><strong>mirabile</strong></span> <span class='ocrx_word' id='word_1_682' title='bbox 875 5435 1087 5508; x_wconf 87' lang='lat' dir='ltr'><strong>pietatis</strong></span> <span class='ocrx_word' id='word_1_683' title='bbox 1116 5435 1444 5514; x_wconf 46' lang='lat' dir='ltr'><strong>_egt_empl:um</strong></span> <span class='ocrx_word' id='word_1_684' title='bbox 1482 5438 1535 5491; x_wconf 89' lang='lat' dir='ltr'><strong>in</strong></span> <span class='ocrx_word' id='word_1_685' title='bbox 1578 5435 1852 5514; x_wconf 81' lang='lat' dir='ltr'><strong>Constan-</strong></span> 
     </span>
    </p>
   </div>
   <div class='ocr_carea' id='block_1_105' title="bbox 284 5508 1850 5577">
    <p class='ocr_par' dir='ltr' id='par_1_105' title="bbox 284 5508 1850 5577">
     <span class='ocr_line' id='line_1_105' title="bbox 284 5508 1850 5577; baseline -0.008 -6"><span class='ocrx_word' id='word_1_686' title='bbox 284 5508 408 5572; x_wconf 52' lang='lat' dir='ltr'><strong>tiuo&#39;</strong></span> <span class='ocrx_word' id='word_1_687' title='bbox 450 5524 597 5569; x_wconf 86' lang='lat' dir='ltr'><strong>notat</strong></span> <span class='ocrx_word' id='word_1_688' title='bbox 649 5512 935 5573; x_wconf 81' lang='lat' dir='ltr'><strong>Eusebius,</strong></span> <span class='ocrx_word' id='word_1_689' title='bbox 986 5510 1129 5577; x_wconf 88' lang='lat' dir='ltr'><strong>quod</strong></span> <span class='ocrx_word' id='word_1_690' title='bbox 1175 5508 1388 5561; x_wconf 82' lang='lat' dir='ltr'><strong>Eusebii</strong></span> <span class='ocrx_word' id='word_1_691' title='bbox 1440 5520 1743 5577; x_wconf 84' lang='lat' dir='ltr'><strong>sermonem</strong></span> <span class='ocrx_word' id='word_1_692' title='bbox 1790 5508 1850 5577; x_wconf 85' lang='lat' dir='ltr'><strong>in</strong></span> 
     </span>
    </p>
   </div>
   <div class='ocr_carea' id='block_1_106' title="bbox 284 5575 1850 5654">
    <p class='ocr_par' dir='ltr' id='par_1_106' title="bbox 284 5575 1850 5654">
     <span class='ocr_line' id='line_1_106' title="bbox 284 5575 1850 5654; baseline -0.007 -13"><span class='ocrx_word' id='word_1_693' title='bbox 284 5589 404 5654; x_wconf 92' lang='lat' dir='ltr'><strong>ipso</strong></span> <span class='ocrx_word' id='word_1_694' title='bbox 451 5584 651 5654; x_wconf 88' lang='lat' dir='ltr'><strong>palatio</strong></span> <span class='ocrx_word' id='word_1_695' title='bbox 694 5591 845 5654; x_wconf 76' lang='lat' dir='ltr'><strong>stans</strong></span> <span class='ocrx_word' id='word_1_696' title='bbox 879 5575 1169 5654; x_wconf 78' lang='lat' dir='ltr'><strong>imperator</strong></span> <span class='ocrx_word' id='word_1_697' title='bbox 1215 5578 1403 5631; x_wconf 86' lang='lat' dir='ltr'><strong>audire</strong></span> <span class='ocrx_word' id='word_1_698' title='bbox 1456 5576 1703 5644; x_wconf 87' lang='lat' dir='ltr'><strong>dignatus</strong></span> <span class='ocrx_word' id='word_1_699' title='bbox 1757 5575 1850 5630; x_wconf 88' lang='lat' dir='ltr'><strong>sit.</strong></span> 
     </span>
    </p>
   </div>
   <div class='ocr_carea' id='block_1_107' title="bbox 280 5648 1848 5715">
    <p class='ocr_par' dir='ltr' id='par_1_107' title="bbox 280 5648 1848 5715">
     <span class='ocr_line' id='line_1_107' title="bbox 280 5648 1848 5715; baseline -0.011 -3"><span class='ocrx_word' id='word_1_700' title='bbox 280 5648 520 5712; x_wconf 65' lang='lat' dir='ltr'><strong>Certe&#39;si</strong></span> <span class='ocrx_word' id='word_1_701' title='bbox 553 5654 604 5707; x_wconf 92' lang='lat' dir='ltr'><strong>in</strong></span> <span class='ocrx_word' id='word_1_702' title='bbox 646 5651 875 5706; x_wconf 84' lang='lat' dir='ltr'><strong>ecclesia</strong></span> <span class='ocrx_word' id='word_1_703' title='bbox 907 5659 1058 5701; x_wconf 89' lang='lat' dir='ltr'><strong>stans</strong></span> <span class='ocrx_word' id='word_1_704' title='bbox 1094 5648 1387 5715; x_wconf 90' lang='lat' dir='ltr'><strong>imperator</strong></span> <span class='ocrx_word' id='word_1_705' title='bbox 1423 5657 1848 5715; x_wconf 12' lang='lat' dir='ltr'><strong>sermonemiau.</strong></span> 
     </span>
    </p>
   </div>
   <div class='ocr_carea' id='block_1_108' title="bbox 282 5714 1849 5786">
    <p class='ocr_par' dir='ltr' id='par_1_108' title="bbox 282 5714 1849 5786">
     <span class='ocr_line' id='line_1_108' title="bbox 282 5714 1849 5786; baseline -0.008 -7"><span class='ocrx_word' id='word_1_706' title='bbox 282 5726 489 5786; x_wconf 87' lang='lat' dir='ltr'><strong>diisset,</strong></span> <span class='ocrx_word' id='word_1_707' title='bbox 533 5725 712 5775; x_wconf 89' lang='lat' dir='ltr'><strong>minus</strong></span> <span class='ocrx_word' id='word_1_708' title='bbox 759 5719 809 5772; x_wconf 92' lang='lat' dir='ltr'><strong>id</strong></span> <span class='ocrx_word' id='word_1_709' title='bbox 840 5727 984 5771; x_wconf 82' lang='lat' dir='ltr'><strong>esset</strong></span> <span class='ocrx_word' id='word_1_710' title='bbox 1016 5714 1344 5779; x_wconf 90' lang='lat' dir='ltr'><strong>mirandum,</strong></span> <span class='ocrx_word' id='word_1_711' title='bbox 1374 5730 1496 5786; x_wconf 84' lang='lat' dir='ltr'><strong>cum</strong></span> <span class='ocrx_word' id='word_1_712' title='bbox 1527 5714 1694 5786; x_wconf 74' lang='lat' dir='ltr'><strong>locus</strong></span> <span class='ocrx_word' id='word_1_713' title='bbox 1724 5714 1849 5786; x_wconf 82' lang='lat' dir='ltr'><strong>ipse</strong></span> 
     </span>
    </p>
   </div>
   <div class='ocr_carea' id='block_1_109' title="bbox 284 5782 1851 5858">
    <p class='ocr_par' dir='ltr' id='par_1_109' title="bbox 284 5782 1851 5858">
     <span class='ocr_line' id='line_1_109' title="bbox 284 5782 1851 5858; baseline -0.01 -8"><span class='ocrx_word' id='word_1_714' title='bbox 284 5782 643 5850; x_wconf 83' lang='lat' dir='ltr'><strong>reverentiam</strong></span> <span class='ocrx_word' id='word_1_715' title='bbox 677 5788 1342 5858; x_wconf 9' lang='lat' dir='ltr'><strong>postulet.etgitnperator</strong></span> <span class='ocrx_word' id='word_1_716' title='bbox 1374 5785 1489 5858; x_wconf 84' lang='lat' dir='ltr'><strong>ipse</strong></span> <span class='ocrx_word' id='word_1_717' title='bbox 1525 5783 1578 5837; x_wconf 90' lang='lat' dir='ltr'><strong>in</strong></span> <span class='ocrx_word' id='word_1_718' title='bbox 1624 5782 1851 5838; x_wconf 85' lang='lat' dir='ltr'><strong>ecclesia</strong></span> 
     </span>
    </p>
   </div>
   <div class='ocr_carea' id='block_1_110' title="bbox 286 5855 1848 5929">
    <p class='ocr_par' dir='ltr' id='par_1_110' title="bbox 286 5855 1848 5929">
     <span class='ocr_line' id='line_1_110' title="bbox 286 5855 1848 5929; baseline -0.007 -9"><span class='ocrx_word' id='word_1_719' title='bbox 286 5877 429 5920; x_wconf 78' lang='lat' dir='ltr'><strong>unus</strong></span> <span class='ocrx_word' id='word_1_720' title='bbox 468 5863 538 5918; x_wconf 90' lang='lat' dir='ltr'><strong>sit</strong></span> <span class='ocrx_word' id='word_1_721' title='bbox 562 5876 594 5917; x_wconf 79' lang='grc' dir='ltr'>ο</span> <span class='ocrx_word' id='word_1_722' title='bbox 637 5855 861 5916; x_wconf 84' lang='lat' dir='ltr'><strong>numero</strong></span> <span class='ocrx_word' id='word_1_723' title='bbox 891 5855 1155 5914; x_wconf 77' lang='lat' dir='ltr'><strong>ﬁdelium.</strong></span> <span class='ocrx_word' id='word_1_724' title='bbox 1200 5856 1256 5911; x_wconf 86' lang='lat' dir='ltr'><strong>la</strong></span> <span class='ocrx_word' id='word_1_725' title='bbox 1303 5855 1501 5925; x_wconf 90' lang='lat' dir='ltr'><strong>palatio</strong></span> <span class='ocrx_word' id='word_1_726' title='bbox 1533 5866 1677 5929; x_wconf 29' lang='lat' dir='ltr'><strong>vero&quot;</strong></span> <span class='ocrx_word' id='word_1_727' title='bbox 1705 5861 1848 5909; x_wconf 85' lang='lat' dir='ltr'><strong>stare</strong></span> 
     </span>
    </p>
   </div>
   <div class='ocr_carea' id='block_1_111' title="bbox 1952 4658 3522 4731">
    <p class='ocr_par' dir='ltr' id='par_1_111' title="bbox 1952 4658 3522 4731">
     <span class='ocr_line' id='line_1_111' title="bbox 1952 4658 3522 4731; baseline 0 -15"><span class='ocrx_word' id='word_1_728' title='bbox 1952 4662 2150 4716; x_wconf 92' lang='lat' dir='ltr'><strong>librum</strong></span> <span class='ocrx_word' id='word_1_729' title='bbox 2178 4662 2468 4731; x_wconf 89' lang='lat' dir='ltr'><strong>quemdam</strong></span> <span class='ocrx_word' id='word_1_730' title='bbox 2504 4676 2612 4730; x_wconf 91' lang='lat' dir='ltr'><strong>quo</strong></span> <span class='ocrx_word' id='word_1_731' title='bbox 2637 4673 2835 4716; x_wconf 87' lang='lat' dir='ltr'><strong>arcana</strong></span> <span class='ocrx_word' id='word_1_732' title='bbox 2874 4658 3020 4714; x_wconf 90' lang='lat' dir='ltr'><strong>illius</strong></span> <span class='ocrx_word' id='word_1_733' title='bbox 3059 4658 3180 4715; x_wconf 79' lang='lat' dir='ltr'><strong>festi</strong></span> <span class='ocrx_word' id='word_1_734' title='bbox 3229 4661 3365 4714; x_wconf 89' lang='lat' dir='ltr'><strong>ratio</strong></span> <span class='ocrx_word' id='word_1_735' title='bbox 3400 4669 3522 4716; x_wconf 88' lang='lat' dir='ltr'><strong>erat</strong></span> 
     </span>
    </p>
   </div>
   <div class='ocr_carea' id='block_1_112' title="bbox 1952 4749 3519 4823">
    <p class='ocr_par' dir='ltr' id='par_1_112' title="bbox 1952 4749 3519 4823">
     <span class='ocr_line' id='line_1_112' title="bbox 1952 4749 3519 4823; baseline 0.001 -17"><span class='ocrx_word' id='word_1_736' title='bbox 1952 4752 2218 4823; x_wconf 81' lang='lat' dir='ltr'><strong>exposita,</strong></span> <span class='ocrx_word' id='word_1_737' title='bbox 2248 4753 2297 4807; x_wconf 92' lang='lat' dir='ltr'><strong>ei</strong></span> <span class='ocrx_word' id='word_1_738' title='bbox 2333 4764 2828 4821; x_wconf 86' lang='lat' dir='ltr'><strong>nuucupassemus,</strong></span> <span class='ocrx_word' id='word_1_739' title='bbox 2853 4749 3123 4820; x_wconf 90' lang='lat' dir='ltr'><strong>quomodo</strong></span> <span class='ocrx_word' id='word_1_740' title='bbox 3163 4765 3262 4806; x_wconf 87' lang='lat' dir='ltr'><strong>nos</strong></span> <span class='ocrx_word' id='word_1_741' title='bbox 3290 4765 3519 4821; x_wconf 86' lang='lat' dir='ltr'><strong>respon-</strong></span> 
     </span>
    </p>
   </div>
   <div class='ocr_carea' id='block_1_113' title="bbox 1953 4881 3518 4954">
    <p class='ocr_par' dir='ltr' id='par_1_113' title="bbox 1953 4881 3518 4954">
     <span class='ocr_line' id='line_1_113' title="bbox 1953 4881 3518 4954; baseline 0.003 -18"><span class='ocrx_word' id='word_1_742' title='bbox 1953 4882 2160 4954; x_wconf 82' lang='lat' dir='ltr'><strong>impera</strong></span> <span class='ocrx_word' id='word_1_743' title='bbox 2168 4892 2360 4946; x_wconf 89' lang='lat' dir='ltr'><strong>torem,</strong></span> <span class='ocrx_word' id='word_1_744' title='bbox 2393 4881 2643 4954; x_wconf 81' lang='lat' dir='ltr'><strong>loquente</strong></span> <span class='ocrx_word' id='word_1_745' title='bbox 2665 4881 3229 4954; x_wconf 76' lang='lat' dir='ltr'><strong>ep_iseopo,_singulare</strong></span> <span class='ocrx_word' id='word_1_746' title='bbox 3251 4885 3518 4954; x_wconf 87' lang='lat' dir='ltr'><strong>quoddam</strong></span> 
     </span>
    </p>
   </div>
   <div class='ocr_carea' id='block_1_114' title="bbox 1951 4952 3522 5024">
    <p class='ocr_par' dir='ltr' id='par_1_114' title="bbox 1951 4952 3522 5024">
     <span class='ocr_line' id='line_1_114' title="bbox 1951 4952 3522 5024; baseline 0.003 -18"><span class='ocrx_word' id='word_1_747' title='bbox 1951 4952 2259 5024; x_wconf 78' lang='lat' dir='ltr'><strong>exemplum</strong></span> <span class='ocrx_word' id='word_1_748' title='bbox 2285 4964 2379 5024; x_wconf 89' lang='lat' dir='ltr'><strong>est</strong></span> <span class='ocrx_word' id='word_1_749' title='bbox 2399 4953 2692 5024; x_wconf 79' lang='lat' dir='ltr'><strong>religionis.</strong></span> <span class='ocrx_word' id='word_1_750' title='bbox 2726 4952 2854 5024; x_wconf 83' lang='lat' dir='ltr'><strong>Vide</strong></span> <span class='ocrx_word' id='word_1_751' title='bbox 2880 4952 3037 5024; x_wconf 82' lang='lat' dir='ltr'><strong>infra,</strong></span> <span class='ocrx_word' id='word_1_752' title='bbox 3055 4952 3298 5024; x_wconf 43' lang='grc' dir='ltr'><strong>Δ(ξιιιιειιϐ,</strong></span> <span class='ocrx_word' id='word_1_753' title='bbox 3324 4971 3389 5009; x_wconf 76' lang='lat' dir='ltr'><strong>ex</strong></span> <span class='ocrx_word' id='word_1_754' title='bbox 3412 4972 3522 5024; x_wconf 85' lang='lat' dir='ltr'><strong>quo</strong></span> 
     </span>
    </p>
   </div>
   <div class='ocr_carea' id='block_1_115' title="bbox 1952 5022 3521 5092">
    <p class='ocr_par' dir='ltr' id='par_1_115' title="bbox 1952 5022 3521 5092">
     <span class='ocr_line' id='line_1_115' title="bbox 1952 5022 3521 5092; baseline 0.004 -18"><span class='ocrx_word' id='word_1_755' title='bbox 1952 5022 2240 5092; x_wconf 79' lang='lat' dir='ltr'><strong>manifeste</strong></span> <span class='ocrx_word' id='word_1_756' title='bbox 2284 5022 2551 5091; x_wconf 89' lang='lat' dir='ltr'><strong>colligitur</strong></span> <span class='ocrx_word' id='word_1_757' title='bbox 2586 5023 2686 5092; x_wconf 81' lang='lat' dir='ltr'><strong>hic</strong></span> <span class='ocrx_word' id='word_1_758' title='bbox 2744 5023 2997 5092; x_wconf 85' lang='lat' dir='ltr'><strong>palatium</strong></span> <span class='ocrx_word' id='word_1_759' title='bbox 3052 5022 3303 5092; x_wconf 87' lang='lat' dir='ltr'><strong>intelligi.</strong></span> <span class='ocrx_word' id='word_1_760' title='bbox 3351 5022 3521 5080; x_wconf 80' lang='lat' dir='ltr'><strong>Porro</strong></span> 
     </span>
    </p>
   </div>
   <div class='ocr_carea' id='block_1_116' title="bbox 1952 5090 3520 5149">
    <p class='ocr_par' dir='ltr' id='par_1_116' title="bbox 1952 5090 3520 5149">
     <span class='ocr_line' id='line_1_116' title="bbox 1952 5090 3520 5149; baseline 0.003 -5"><span class='ocrx_word' id='word_1_761' title='bbox 1952 5090 2245 5145; x_wconf 88' lang='lat' dir='ltr'><strong>Christiani</strong></span> <span class='ocrx_word' id='word_1_762' title='bbox 2298 5090 2506 5144; x_wconf 80' lang='lat' dir='ltr'><strong>stantes</strong></span> <span class='ocrx_word' id='word_1_763' title='bbox 2546 5091 2675 5145; x_wconf 88' lang='lat' dir='ltr'><strong>olim</strong></span> <span class='ocrx_word' id='word_1_764' title='bbox 2709 5090 2760 5144; x_wconf 84' lang='lat' dir='ltr'><strong>in</strong></span> <span class='ocrx_word' id='word_1_765' title='bbox 2813 5091 3038 5145; x_wconf 84' lang='lat' dir='ltr'><strong>ecclesia</strong></span> <span class='ocrx_word' id='word_1_766' title='bbox 3078 5090 3381 5148; x_wconf 80' lang='lat' dir='ltr'><strong>sermonem</strong></span> <span class='ocrx_word' id='word_1_767' title='bbox 3427 5110 3520 5149; x_wconf 85' lang='lat' dir='ltr'><strong>sa—</strong></span> 
     </span>
    </p>
   </div>
   <div class='ocr_carea' id='block_1_117' title="bbox 1954 5159 3518 5232">
    <p class='ocr_par' dir='ltr' id='par_1_117' title="bbox 1954 5159 3518 5232">
     <span class='ocr_line' id='line_1_117' title="bbox 1954 5159 3518 5232; baseline 0.003 -18"><span class='ocrx_word' id='word_1_768' title='bbox 1954 5160 2190 5232; x_wconf 88' lang='lat' dir='ltr'><strong>cerdotis</strong></span> <span class='ocrx_word' id='word_1_769' title='bbox 2231 5162 2995 5232; x_wconf 66' lang='lat' dir='ltr'><strong>auscultareconsueverant.</strong></span> <span class='ocrx_word' id='word_1_770' title='bbox 3032 5159 3171 5215; x_wconf 82' lang='lat' dir='ltr'><strong>Nulli</strong></span> <span class='ocrx_word' id='word_1_771' title='bbox 3218 5164 3417 5232; x_wconf 88' lang='lat' dir='ltr'><strong>quippe</strong></span> <span class='ocrx_word' id='word_1_772' title='bbox 3465 5166 3518 5219; x_wconf 91' lang='lat' dir='ltr'><strong>iu</strong></span> 
     </span>
    </p>
   </div>
   <div class='ocr_carea' id='block_1_118' title="bbox 1954 5229 3523 5300">
    <p class='ocr_par' dir='ltr' id='par_1_118' title="bbox 1954 5229 3523 5300">
     <span class='ocr_line' id='line_1_118' title="bbox 1954 5229 3523 5300; baseline 0.003 -16"><span class='ocrx_word' id='word_1_773' title='bbox 1954 5231 2185 5300; x_wconf 81' lang='lat' dir='ltr'><strong>ecclesia</strong></span> <span class='ocrx_word' id='word_1_774' title='bbox 2223 5231 2484 5300; x_wconf 82' lang='lat' dir='ltr'><strong>sedebant</strong></span> <span class='ocrx_word' id='word_1_775' title='bbox 2523 5229 2625 5283; x_wconf 87' lang='lat' dir='ltr'><strong>nisi</strong></span> <span class='ocrx_word' id='word_1_776' title='bbox 2662 5231 2989 5299; x_wconf 86' lang='lat' dir='ltr'><strong>presbyteri,</strong></span> <span class='ocrx_word' id='word_1_777' title='bbox 3017 5240 3075 5284; x_wconf 90' lang='grc' dir='ltr'><strong>ιιι</strong></span> <span class='ocrx_word' id='word_1_778' title='bbox 3113 5229 3270 5285; x_wconf 74' lang='lat' dir='ltr'><strong>docet</strong></span> <span class='ocrx_word' id='word_1_779' title='bbox 3295 5229 3523 5300; x_wconf 76' lang='lat' dir='ltr'><strong>optatus</strong></span> 
     </span>
    </p>
   </div>
   <div class='ocr_carea' id='block_1_119' title="bbox 1954 5298 3519 5369">
    <p class='ocr_par' dir='ltr' id='par_1_119' title="bbox 1954 5298 3519 5369">
     <span class='ocr_line' id='line_1_119' title="bbox 1954 5298 3519 5369; baseline 0.001 -16"><span class='ocrx_word' id='word_1_780' title='bbox 1954 5298 2009 5353; x_wconf 85' lang='lat' dir='ltr'><strong>In</strong></span> <span class='ocrx_word' id='word_1_781' title='bbox 2045 5300 2138 5354; x_wconf 85' lang='lat' dir='ltr'><strong>lib.</strong></span> <span class='ocrx_word' id='word_1_782' title='bbox 2166 5314 2218 5352; x_wconf 84' lang='lat' dir='ltr'><strong>tv</strong></span> <span class='ocrx_word' id='word_1_783' title='bbox 2246 5318 2259 5352; x_wconf 90' lang='lat'><strong>:</strong></span> <span class='ocrx_word' id='word_1_784' title='bbox 2298 5315 2317 5348; x_wconf 81' lang='grc' dir='ltr'><strong>ι</strong></span> <span class='ocrx_word' id='word_1_785' title='bbox 2350 5299 2480 5352; x_wconf 87' lang='lat' dir='ltr'><strong>Dum</strong></span> <span class='ocrx_word' id='word_1_786' title='bbox 2514 5298 2849 5369; x_wconf 82' lang='lat' dir='ltr'><strong>peccatorem</strong></span> <span class='ocrx_word' id='word_1_787' title='bbox 2871 5300 3113 5369; x_wconf 82' lang='lat' dir='ltr'><strong>arguitet</strong></span> <span class='ocrx_word' id='word_1_788' title='bbox 3129 5298 3407 5357; x_wconf 68' lang='lat' dir='ltr'><strong>sedentem</strong></span> <span class='ocrx_word' id='word_1_789' title='bbox 3436 5304 3519 5356; x_wconf 88' lang='lat' dir='ltr'><strong>itt-</strong></span> 
     </span>
    </p>
   </div>
   <div class='ocr_carea' id='block_1_120' title="bbox 1955 5368 3524 5437">
    <p class='ocr_par' dir='ltr' id='par_1_120' title="bbox 1955 5368 3524 5437">
     <span class='ocr_line' id='line_1_120' title="bbox 1955 5368 3524 5437; baseline 0.003 -16"><span class='ocrx_word' id='word_1_790' title='bbox 1955 5380 2143 5437; x_wconf 90' lang='lat' dir='ltr'><strong>crepat</strong></span> <span class='ocrx_word' id='word_1_791' title='bbox 2182 5369 2340 5431; x_wconf 86' lang='lat' dir='ltr'><strong>Deus,</strong></span> <span class='ocrx_word' id='word_1_792' title='bbox 2374 5368 2687 5437; x_wconf 85' lang='lat' dir='ltr'><strong>specialiter</strong></span> <span class='ocrx_word' id='word_1_793' title='bbox 2716 5370 2785 5423; x_wconf 86' lang='lat' dir='ltr'><strong>ad</strong></span> <span class='ocrx_word' id='word_1_794' title='bbox 2820 5383 2914 5422; x_wconf 87' lang='lat' dir='ltr'><strong>vos</strong></span> <span class='ocrx_word' id='word_1_795' title='bbox 2938 5368 3136 5423; x_wconf 89' lang='lat' dir='ltr'><strong>dictum</strong></span> <span class='ocrx_word' id='word_1_796' title='bbox 3162 5385 3281 5424; x_wconf 90' lang='lat' dir='ltr'><strong>esse</strong></span> <span class='ocrx_word' id='word_1_797' title='bbox 3310 5380 3524 5426; x_wconf 86' lang='lat' dir='ltr'><strong>constat</strong></span> 
     </span>
    </p>
   </div>
   <div class='ocr_carea' id='block_1_121' title="bbox 1958 5439 3522 5561">
    <p class='ocr_par' dir='ltr' id='par_1_121' title="bbox 1958 5439 3522 5561">
     <span class='ocr_line' id='line_1_121' title="bbox 1958 5439 3522 5561; baseline 0.004 -71"><span class='ocrx_word' id='word_1_798' title='bbox 1958 5454 2066 5561; x_wconf 59' lang='lat' dir='ltr'><strong>Iron</strong></span> <span class='ocrx_word' id='word_1_799' title='bbox 2191 5439 2463 5507; x_wconf 87' lang='lat' dir='ltr'><strong>populum,</strong></span> <span class='ocrx_word' id='word_1_800' title='bbox 2491 5440 2580 5508; x_wconf 91' lang='lat' dir='ltr'><strong>qui</strong></span> <span class='ocrx_word' id='word_1_801' title='bbox 2608 5439 2664 5492; x_wconf 88' lang='lat' dir='ltr'><strong>iu</strong></span> <span class='ocrx_word' id='word_1_802' title='bbox 2692 5439 2921 5493; x_wconf 86' lang='lat' dir='ltr'><strong>ecclesia</strong></span> <span class='ocrx_word' id='word_1_803' title='bbox 2962 5454 3070 5493; x_wconf 87' lang='lat' dir='ltr'><strong>non</strong></span> <span class='ocrx_word' id='word_1_804' title='bbox 3106 5439 3269 5494; x_wconf 83' lang='lat' dir='ltr'><strong>habet</strong></span> <span class='ocrx_word' id='word_1_805' title='bbox 3298 5441 3522 5496; x_wconf 80' lang='lat' dir='ltr'><strong>sedendi</strong></span> 
     </span>
     <span class='ocr_line' id='line_1_122' title="bbox 1986 5523 2305 5561; baseline -0.003 -1"><span class='ocrx_word' id='word_1_806' title='bbox 1986 5524 2100 5561; x_wconf 89' lang='lat' dir='ltr'><strong>tcen</strong></span> <span class='ocrx_word' id='word_1_807' title='bbox 2130 5523 2256 5560; x_wconf 88' lang='lat' dir='ltr'><strong>tam.</strong></span> <span class='ocrx_word' id='word_1_808' title='bbox 2285 5525 2305 5559; x_wconf 80' lang='grc' dir='ltr'><strong>ι</strong></span> 
     </span>
    </p>
   </div>
   <div class='ocr_carea' id='block_1_122' title="bbox 1986 5523 2305 5562">
    <p class='ocr_par' dir='ltr' id='par_1_122' title="bbox 1986 5523 2305 5562">
     <span class='ocr_line' id='line_1_123' title="bbox 1986 5523 2305 5562; baseline -0.003 -2"><span class='ocrx_word' id='word_1_809' title='bbox 1986 5523 2256 5562; x_wconf 85' lang='lat' dir='ltr'><strong>Icenttam.</strong></span> <span class='ocrx_word' id='word_1_810' title='bbox 2285 5525 2305 5559; x_wconf 77' lang='grc' dir='ltr'><strong>ι</strong></span> 
     </span>
    </p>
   </div>
   <div class='ocr_carea' id='block_1_123' title="bbox 2031 5595 3241 5670">
    <p class='ocr_par' dir='ltr' id='par_1_123' title="bbox 2031 5595 3241 5670">
     <span class='ocr_line' id='line_1_124' title="bbox 2031 5595 3241 5670; baseline 0.001 -18"><span class='ocrx_word' id='word_1_811' title='bbox 2031 5596 2166 5669; x_wconf 77' lang='lat'>(85&#39;)</span> <span class='ocrx_word' id='word_1_812' title='bbox 2208 5598 2414 5668; x_wconf 75' lang='grc' dir='ltr'>Ἆνῄεί.</span> <span class='ocrx_word' id='word_1_813' title='bbox 2438 5595 2601 5651; x_wconf 69' lang='lat' dir='ltr'><strong>l&#39;orte</strong></span> <span class='ocrx_word' id='word_1_814' title='bbox 2626 5596 2749 5670; x_wconf 88' lang='grc' dir='ltr'>ἀνίη</span> <span class='ocrx_word' id='word_1_815' title='bbox 2778 5597 2859 5653; x_wconf 85' lang='lat' dir='ltr'><strong>vel</strong></span> <span class='ocrx_word' id='word_1_816' title='bbox 2892 5597 3050 5652; x_wconf 88' lang='grc' dir='ltr'>ἀνίει.</span> <span class='ocrx_word' id='word_1_817' title='bbox 3082 5597 3241 5653; x_wconf 76' lang='lat' dir='ltr'><strong>Eutr.</strong></span> 
     </span>
    </p>
   </div>
   <div class='ocr_carea' id='block_1_124' title="bbox 2027 5686 3589 5758">
    <p class='ocr_par' dir='ltr' id='par_1_124' title="bbox 2027 5686 3589 5758">
     <span class='ocr_line' id='line_1_125' title="bbox 2027 5686 3589 5758; baseline 0.003 -18"><span class='ocrx_word' id='word_1_818' title='bbox 2027 5686 2309 5758; x_wconf 63' lang='lat' dir='ltr'><strong>{84)Vttlg.</strong></span> <span class='ocrx_word' id='word_1_819' title='bbox 2337 5689 2835 5758; x_wconf 77' lang='grc' dir='ltr'>πεπρονοημένος.</span> <span class='ocrx_word' id='word_1_820' title='bbox 2858 5689 2911 5744; x_wconf 88' lang='lat' dir='ltr'><strong>In</strong></span> <span class='ocrx_word' id='word_1_821' title='bbox 2934 5690 3063 5747; x_wconf 78' lang='lat' dir='ltr'><strong>Fuk.</strong></span> <span class='ocrx_word' id='word_1_822' title='bbox 3088 5691 3242 5746; x_wconf 89' lang='lat' dir='ltr'><strong>codd.</strong></span> <span class='ocrx_word' id='word_1_823' title='bbox 3271 5687 3524 5745; x_wconf 80' lang='lat' dir='ltr'><strong>scribitur</strong></span> <span class='ocrx_word' id='word_1_824' title='bbox 3583 5712 3589 5758; x_wconf 67' lang='lat' dir='ltr'><strong>.j</strong></span> 
     </span>
    </p>
   </div>
   <div class='ocr_carea' id='block_1_125' title="bbox 1960 5758 2960 5829">
    <p class='ocr_par' dir='ltr' id='par_1_125' title="bbox 1960 5758 2960 5829">
     <span class='ocr_line' id='line_1_126' title="bbox 1960 5758 2960 5829; baseline 0.004 -17"><span class='ocrx_word' id='word_1_825' title='bbox 1960 5758 2413 5829; x_wconf 81' lang='grc' dir='ltr'>προνενοημένος,</span> <span class='ocrx_word' id='word_1_826' title='bbox 2446 5761 2663 5821; x_wconf 83' lang='lat' dir='ltr'><strong>rectius,</strong></span> <span class='ocrx_word' id='word_1_827' title='bbox 2702 5761 2753 5813; x_wconf 89' lang='lat' dir='ltr'><strong>ni</strong></span> <span class='ocrx_word' id='word_1_828' title='bbox 2784 5761 2960 5816; x_wconf 78' lang='lat' dir='ltr'><strong>fallor.</strong></span> 
     </span>
    </p>
   </div>
   <div class='ocr_carea' id='block_1_126' title="bbox 2032 5848 3523 5922">
    <p class='ocr_par' dir='ltr' id='par_1_126' title="bbox 2032 5848 3523 5922">
     <span class='ocr_line' id='line_1_127' title="bbox 2032 5848 3523 5922; baseline 0.001 -18"><span class='ocrx_word' id='word_1_829' title='bbox 2032 5848 2145 5921; x_wconf 72' lang='lat' dir='ltr'><strong>t85)</strong></span> <span class='ocrx_word' id='word_1_830' title='bbox 2185 5848 2758 5921; x_wconf 70' lang='grc' dir='ltr'>Προσφωνησάντων</span> <span class='ocrx_word' id='word_1_831' title='bbox 2803 5850 2911 5922; x_wconf 81' lang='grc' dir='ltr'>γὰρ</span> <span class='ocrx_word' id='word_1_832' title='bbox 2945 5848 3128 5921; x_wconf 70' lang='grc' dir='ltr'>ἡμῶν.</span> <span class='ocrx_word' id='word_1_833' title='bbox 3173 5850 3396 5907; x_wconf 77' lang='lat' dir='ltr'><strong>Videtur</strong></span> <span class='ocrx_word' id='word_1_834' title='bbox 3436 5848 3523 5905; x_wconf 83' lang='lat' dir='ltr'><strong>iu-</strong></span> 
     </span>
    </p>
   </div>
  </div>
