4186 6406
676 415 818 481 “83

1385 414 1659 475 EUSEBII
1695 414 2174 472 CESARIENSIS
2212 416 2367 474 OPP.
2407 416 2589 472 PARS
2625 416 2668 471 l.
2699 446 2769 458 —
2803 403 3191 469 HISTORICA.

3792 414 3942 471 1181»

672 541 848 599 sionis
871 554 984 595 suae
1016 538 1226 593 honore
1253 534 1497 589 vicissim
1526 541 1917 589 remuneratus
1949 533 2045 597 sit,
2065 546 2132 587 ex
2167 532 2253 588 bis

2363 533 2547 604 ἑορτῆς
2580 532 2741 602 λόγου
2764 572 2779 597 ,
2819 531 2969 593 ὅπως
2999 529 3149 600 ἡμᾶς
3194 525 3467 598 ἠμείψατο
3509 526 3749 600 τιμήσας
3780 527 3949 582 ἀντι-

674 633 790 702 ejus
830 630 1029 687 litteris
1055 628 1288 700 perspici
1316 634 1516 698 potest.

1097 808 1258 882 553
1324 807 1554 864 CAPUT
1606 806 1827 862 xxxv.

677 901 919 973 Epistola
950 901 1288 957 Constantini
1318 902 1401 973 ad_
1417 900 1725 973 Eusebium,
1754 901 1810 953 in
1836 916 1939 969 qua
1965 900 2256 955 orationem

1120 974 1235 1041 ejus
1267 973 1331 1025 de
1365 969 1573 1023 Pascha
1597 970 1808 1024 laudat.

758 1081 778 1116 ι
792 1062 977 1119 Victor
990 1062 1663 1133 ConstantinusMasimus
1680 1062 1982 1133 Augustus,
2000 1062 2254 1117 Eusebio.

753 1260 773 1295 ι
802 1242 1044 1296 Arduum
1111 1255 1249 1310 opus
1307 1241 1552 1313 profecto
1594 1249 1701 1307 est,
1749 1251 1805 1295 et
1849 1243 1992 1310 quod
2038 1254 2256 1296 omnem

677 1336 892 1391 dicendi
917 1336 1024 1389 vim
1054 1343 1303 1404 superet,
1329 1334 1539 1389 Christi
1565 1334 1826 1402 mysteria
1855 1349 1955 1403 pro
1991 1333 2258 1404 dignitate

675 1428 982 1499 explicare,
1018 1435 1073 1481 et
1124 1427 1559 1481 controversiam
1608 1427 1676 1482 de
1723 1424 1976 1490 Pascha,
2030 1424 2259 1495 ejusque

676 1520 968 1590 originem,
1024 1526 1077 1572 et
1124 1518 1340 1588 plenam
1378 1517 1580 1573 laboris
1620 1526 1787 1587 atque
1826 1516 2083 1572 utilitatis
2127 1528 2260 1572 con-

680 1611 1099 1666 summationem
1133 1611 1396 1665 decenter
1419 1623 1717 1680 exponere.
1751 1606 1889 1663 Nam
1924 1623 2014 1665 res
2041 1609 2258 1664 divinas

682 1719 754 1759 ne
787 1703 892 1773 ipsi
927 1703 1148 1772 quidem
1180 1717 1281 1772 pro
1307 1703 1507 1757 merito
1537 1715 1799 1758 enarrare
1831 1700 2128 1768 suﬁlciunt,
2165 1701 2257 1770 qui

677 1809 774 1849 eas
822 1794 1151 1865 cogitatione
1187 1793 1406 1862 assequi
1454 1793 1659 1848 valent.
1711 1793 2100 1850 Verumtamen
2141 1796 2261 1848 εεχί-

2357 624 2640 693 φωνήσει,
2693 620 2854 693 μάθοι
2902 619 2968 673 ἄν
3017 633 3102 681 τις
3156 615 3394 685 ἐντυχὼν
3442 615 3609 670 αὐτοῦ
3668 615 3803 689 τῷδε
3854 616 3948 690 τῷ

2355 714 2662 787 γράμματιι

2863 805 3261 862 ΚΕΦΑΛΑΙΟΝ
3297 804 3421 859 AE'.

2389 897 2856 953 Κωνσταντίνου
2886 899 3036 967 πρὸς
3071 897 3384 967 Εὐσέὃῖιον,
3415 891 3523 948 τὸν
3550 891 3658 948 τοῦ
3681 889 3912 963 Πάσχᾱ

2834 965 3021 1038 λόγον
3041 965 3451 1031 ἐπαινοῦντος.

2429 1077 2449 1110 ε
2479 1060 2726 1132 Νικητὴς
2761 1061 3187 1125 Κωνσταντῖνος,
3226 1057 3495 1127 Μέγιστος
3527 1053 3945 1120 Σεϐαστὸς,Εῶ

2358 1150 2541 1223 σεὸίῳ.

2435 1262 2455 1294 ι
2488 1242 2561 1296 To
2607 1242 2706 1313 μὲν
2747 1240 3053 1315 ὲγχείρημι
3099 1239 3352 1313 μέγιστον
3398 1239 3494 1292 καὶ
3539 1238 3724 1310 πάσης
3763 1236 3945 1307 λόγων

2357 1331 2640 1404 δυνάμεως
2681 1339 2964 1404 κρεῖττον,
3011 1330 3250 1404 Χριστοῦ
3297 1331 3572 1403 μυστήρια
3622 1328 3744 1383 κατ’
3781 1329 3942 1396 ἀξίαν

2357 1425 2565 1489 εἰπεῖν,
2599 1425 2699 1494 τήν
2740 1440 2801 1477 τε
2850 1423 2945 1477 τοῦ
2987 1424 3180 1495 Πάσχα
3231 1421 3539 1492 ἀντιλογίαν
3581 1420 3692 1493 (86)
3738 1437 3802 1474 τε
3845 1420 3944 1475 καὶ

2357 1517 2570 1588 γένεσιν
2591 1559 2606 1582 ,
2646 1516 2899 1589 λυσιτελῆ
2942 1533 3004 1570 τε
3067 1517 3163 1570 καὶ⁵
3214 1516 3472 1570 ἐπίπονον
3512 1514 3941 1586 τελεσιουργίαν,

2359 1610 2695 1684 ἑρμηνεῦσαι
2723 1609 2817 1663 τὸν
2846 1609 3194 1681 προσήκοντα
3238 1608 3474 1681 τρόπον’
3520 1607 3584 1661 τὸ
3622 1606 3735 1680 γὰρ
3774 1606 3943 1674 θεῖον,

2358 1703 2663 1777 ἀνθρώποις
2685 1702 2940 1759 ἀδύνατον
2957 1703 3078 1757 κατ’
3094 1701 3249 1767 ἀξίαν
3269 1702 3496 1772 φράσαι,
3512 1701 3610 1754 καὶ
3628 1703 3741 1765 τοῖς
3750 1701 3945 1772 νοῆσαι

2359 1797 2625 1860 δυνατοῖς.
2658 1795 2807 1866 Πλὴν
2848 1794 2998 1865 ὅμως
3024 1793 3455 1866 ὑπερθαυμάσας
3484 1810 3544 1846 σε
3571 1794 3673 1865 τῆς
3705 1793 3944 1864 φιλομα-

679 1889 844 1942 miam
883 1895 1032 1943 tuam
1062 1886 1367 1942 doctrinam
1390 1896 1444 1942 et
1466 1886 1634 1941 studii
1665 1887 2071 1943 contentionem
2104 1887 2257 1957 equi-

2363 1888 2510 1952 θείας
2534 1904 2593 1941 τε
2622 1887 2717 1942 καὶ
2750 1886 3079 1958 φιλοτιμίας,
3109 1887 3268 1949 αὐτός
3291 1903 3353 1939 τε
3380 1885 3443 1940 τὸ
3472 1883 3676 1956 βιϐλίον
3701 1888 3948 1956 ἀνέγνων

679 1976 800 2031 dem
837 1992 999 2047 supra
1034 1979 1254 2031 modum
1282 1978 1586 2033 admiratus
1615 1992 1769 2045 sum,
1809 1978 2025 2049 legique
2058 1979 2257 2035 librum

677 2075 829 2124 tuum
857 2069 1227 2139 perlibenter;
1273 2078 1443 2138 utque
1488 2070 1543 2124 in
1598 2070 1899 2126 multorum
1934 2071 2031 2141 qui
2059 2070 2260 2127 divinae

674 2160 969 2231 religionis
995 2162 1403 2216 observantiam
1441 2162 1659 2217 sincere
1694 2162 2042 2232 proﬁtentur,
2067 2178 2260 2219 manus

673 2265 740 2305 ac
772 2252 1021 2306 notitiam
1052 2247 1361 2320 perveniret
1394 2293 1410 2319 ,
1442 2253 1908 2322 quemadmodum
1946 2264 2254 2323 optaveras,

678 2342 957 2397 mandavi.
993 2340 1130 2397 Cum
1160 2343 1326 2413 igitur
1355 2342 1652 2414 intelligas,
1693 2353 1897 2413 quanta
1941 2359 2068 2399 cum
2105 2345 2261 2400 volu-

677 2443 832 2504 ptate
860 2434 1169 2503 huiusmodi
1201 2450 1429 2491 munera
1461 2451 1491 2489 a
1518 2435 1739 2491 solertia
1770 2446 1861 2491 tua
1894 2438 2052 2493 nobis
2076 2438 2259 2494 oblata

677 2525 1030 2595 suscipimus,
1056 2540 1190 2581 cura
1221 2537 1276 2581 ut
1300 2526 1770 2596 irequentioribus
1793 2529 2023 2597 posthac
2046 2544 2261 2585 serum-

678 2617 858 2678 nibus,
890 2618 1088 2686 quibus
1122 2629 1172 2673 te
1202 2619 1528 2673 innutritum
1549 2634 1671 2675 esse
1691 2620 1985 2690 proﬁteris,
2017 2622 2257 2676 animum

681 2717 929 2765 nostrum
961 2709 1255 2766 exbilares.
1294 2710 1373 2766 Te
1402 2725 1536 2767 vero
1565 2722 1881 2768 currentem
1903 2714 2049 2784 quod
2083 2714 2259 2779 aiunt,

680 2804 749 2858 ad
772 2813 1030 2859 consueta
1058 2805 1239 2859 studia
1268 2805 1581 2863 incitamus.
1612 2805 1822 2877 Quippe
1860 2822 1983 2862 cum
2025 2822 2132 2862 non
2158 2807 2261 2877 {in-

680 2895 902 2968 dignum
929 2912 1155 2967 operum
1193 2908 1407 2952 tuorum
1457 2898 1814 2969 interpretem
1845 2900 1939 2970 qui
1972 2913 2037 2955 ea
2069 2899 2123 2953 in
2154 2898 2261 2954 La-

681 2987 859 3042 tinum
883 3003 1191 3045 sermonem
1220 2990 1538 3061 transferat,
1570 3003 1793 3048 nactum
1830 3001 1885 3047 te
1927 3006 2071 3059 esse,
2111 3001 2258 3046 tanta

678 3078 797 3135 lucc
847 3080 1043 3136 ﬁducia
1090 3083 1223 3139 satis
1255 3085 1528 3139 ostendat.
1592 3084 1918 3155 Quanquam
1988 3081 2258 3152 ejusmmh'

678 3166 1080 3240 interpretatio,
1115 3182 1223 3226 tam
1264 3175 1653 3244 prteclarorum
1678 3189 1906 3244 operum
1938 3175 2256 3245 dignitatem

679 3262 933 3330 consequi
982 3263 1129 3317 nullo
1187 3265 1345 3319 modo
1396 3274 1594 3333 potest.
1630 3265 1900 3321 Divinitas
1952 3273 2004 3320 te
2047 3276 2248 3332 servet,

678 3348 852 3406 frater
881 3353 1190 3410 carissime.
1227 3374 1246 3407 ι
1286 3356 1351 3409 Et
1382 3357 1499 3413 lucc
1525 3358 1745 3429 quidem
1781 3359 1883 3413 hac
1929 3357 1997 3411 de
2025 3371 2084 3411 re
2139 3356 2256 3424 ejus

2350 1979 2615 2051 ,ἀσμένως
2640 2019 2656 2045 ,
2690 1979 2786 2033 καὶ
2828 1982 2943 2044 τοῖς
2976 1978 3216 2033 πλείοσιν
3248 1979 3302 2032 οἴ
3326 1996 3391 2049 γε
3421 1981 3489 2051 τῇ
3539 1980 3670 2052 περὶ
3709 1980 3773 2034 τὸ
3802 1981 3949 2037 θεῖον

2359 2072 2586 2143 λατρεία
2636 2071 2875 2142 γνησίως
2937 2070 3367 2143 προσανέχουσι,
3430 2071 3574 2125 καθά
3622 2072 3947 2145 ἐϐουλήθης,

2360 2159 2644 2232 ἐκδοθῆναι
2677 2159 3002 2231 προσέταξα.
3030 2158 3274 2234 Συνορῶν
3295 2161 3474 2215 τοίνυν
3507 2161 3626 2233 μεθ’
3650 2163 3783 2235 ὅσης
3813 2162 3951 2235 θυμ-

2359 2251 2514 2323 ηδίας
2583 2252 2648 2306 τὰ
2693 2250 2917 2307 τοιαῦτα
2984 2252 3139 2324 παρὰ
3178 2253 3280 2325 τῆς
3327 2254 3427 2325 σῆς
3473 2254 3755 2325 ἀγχινοίας
3797 2255 3951 2328 δῶρα

2359 2343 2743 2416 λαμϐάνομεν,
2806 2345 3213 2416 συνεχεστέροις
3268 2345 3416 2417 ἡμᾶς
3473 2343 3650 2415 λόγοις
3720 2348 3951 2421 εὐφραί-

2360 2454 2471 2491 νειν
2503 2436 2637 2507 (87),
2667 2433 2749 2502 οἷς
2777 2438 3182 2509 ἀνατετράφθαι
3221 2439 3416 2493 σαυτὸν
3447 2438 3731 2510 ὁμολογεῖς
3750 2479 3767 2505 ,
3812 2457 3953 2512 προ-

2360 2529 2655 2602 θυμήθητι·
2688 2531 2878 2585 θέοντα
2902 2530 3012 2603 γάρ
3047 2530 3205 2596 σε,τὺ
3225 2530 3319 2585 τοῦ
3349 2530 3530 2600 λόγου,
3566 2532 3707 2604 πρὸς
3733 2533 3804 2587 τὰ
3827 2550 3953 2587 συν-

2361 2622 2468 2694 ήθη
2505 2622 2895 2695 σπουδάσματα
2920 2620 3295 2695 παρορμῶμεν
3314 2640 3327 2653 ·
3355 2623 3489 2676 ὅπου
3532 2639 3598 2693 γε
3618 2624 3729 2676 καὶ
3754 2624 3847 2678 τὸν
3870 2625 3954 2695 εἰς

2359 2693 2461 2786 τὴν
2490 2712 2600 2785 (88)
2637 2693 2927 2786 Ῥωμαίων
2976 2693 3115 2779 τοὺς
3154 2693 3279 2779 σοὺς
3326 2714 3523 2779 πόνους
3577 2693 3954 2788 μεταρρυθμί-

2363 2823 2524 2861 σοντα
2553 2805 2824 2875 γλῶτταν,
2849 2807 2951 2861 οὐκ
2996 2804 3213 2872 ἀνάξιον
3253 2795 3528 2881 ηὑρῆσθαι
3554 2824 3635 2861 σοι
3669 2808 3777 2861 τῶν
3815 2825 3954 2879 συγ·-

2361 2895 2727 2966 γραμμάτων,
2758 2898 2790 2967 ή
2823 2895 3058 2969 τοσαύτη
3092 2896 3415 2970 πεποίθησις
3442 2896 3551 2971 (89)
3583 2898 3877 2964 δείκνυοτι,
3901 2899 3953 2953 εί

2362 2990 2459 3044 καὶ
2483 2990 2552 3043 τά
2577 2990 2810 3062 μάλιστα
2836 2990 2946 3046 τῶν
2968 2991 3147 3045 καλῶν
3169 2992 3346 3062 ἔργων
3376 2989 3656 3064 ἡτοιαύτη
3683 2992 3953 3065 ἑρμηνεία

2362 3081 2685 3153 ὑφίστασθαι
2716 3084 2838 3139 κατ’
2884 3085 3072 3153 ἀξίαν,
3118 3086 3396 3151 ἀδυνάτως
3437 3086 3572 3159 ἔχει.
3613 3087 3673 3141 '0
3704 3087 3835 3153 Θεός
3891 3104 3953 3143 σε

2362 3170 2699 3240 διαφυλάξαι,
2748 3173 2945 3243 ἀδελφὲ
2991 3175 3261 3246 ἀγαπητέ.
3303 3194 3324 3229 s
3378 3177 3451 3231 Τὸ
3511 3178 3608 3249 μὲν
3639 3173 3777 3250 (οὖν)
3824 3180 3951 3251 περὶ

2362 3262 2517 3318 τοῦδε
2540 3265 2795 3338 γράμμα,
2820 3266 3021 3322 τοιόνδε
3048 3263 3117 3340 ἦν
3139 3285 3153 3299 ·
3183 3268 3243 3322 τὸ
3272 3268 3329 3322 δὲ
3359 3270 3487 3343 περὶ
3519 3270 3620 3341 τῆς
3650 3270 3761 3326 τῶν
3790 3270 3953 3327 θείων

2361 3357 2803 3430 ἀναγνωσμάτων
2832 3362 3150 3433 ἐπισκευῆς,
3184 3355 3285 3416 ὧδέ
3311 3380 3387 3436 πη
3421 3364 3690 3435 περιέχει.

679 3441 786 3497 fuit
832 3447 1082 3515 epistola.
1120 3450 1196 3504 De
1243 3452 1506 3522 parandis
1548 3462 1731 3511 autem
1795 3452 1994 3509 divinis
2031 3452 2315 3510 codicibus
2358 3454 2429 3510 ad
2480 3454 2883 3511 ecclesiasticas
2916 3457 3220 3526 lectiones,
3261 3458 3525 3529 ejusmodi
3585 3461 3782 3517 litterae
3830 3458 3951 3515 fue-

683 3549 837 3595 runt.

1232 3636 1462 3693 CAPUT
1491 3636 1734 3694 XXXVI.

2869 3634 3269 3690 ΚΕΦΑΛΛΙΟΝ
3299 3634 3417 3703 AC,"

684 3722 1018 3781 Constantini
1067 3728 1138 3781 ad
1186 3727 1473 3782 Eusebium
1525 3728 1748 3797 epistola
1797 3728 1863 3782 de
1915 3728 2257 3797 conﬁciendis

2363 3723 2822 3785 Κωνσταντίνου
2868 3728 3021 3798 πρὸς
3059 3728 3352 3782 Εὐσέϐιον
3381 3726 3517 3797 περὶ
3566 3726 3948 3797 κατασκευῆς

1214 3799 1382 3851 sacris
1417 3800 1713 3853 codicibus.

761 3887 977 3945 «Victor
998 3888 1388 3946 Constantinus
1403 3890 1668 3946 Maximus
1689 3892 1987 3961 Augustus,
2007 3891 2255 3946 Eusebio.

688 4162 941 4249 telligerel
962 4158 1156 4241 librum
1186 4158 1272 4241 De.
1296 4161 1501 4249 ratione
1529 4160 1758 4249 computi
1791 4159 2075 4249 paschalis,
2096 4174 2258 4249 (μηροὶ

687 4237 756 4287 ab
784 4230 1016 4287 Eusebio
1038 4232 1391 4298 compositum
1425 4231 1591 4284 fuisse
1619 4240 1843 4285 testatur
1866 4231 2010 4284 Beda
2039 4234 2091 4285 in
2125 4230 2262 4284 libro

686 4303 767 4358 De
808 4302 1014 4355 ratione
1052 4311 1365 4369 temporum,
1397 4316 1515 4369 cap.
1540 4301 1630 4353 42.
1664 4301 1826 4355 Certe
1872 4301 2262 4356 Constantinus

689 4374 818 4442 imp.
848 4373 900 4425 in
930 4371 1154 4439 epistola
1203 4373 1270 4423 ad
1323 4372 1637 4442 Eusebium,
1670 4386 1808 4442 opus
1843 4371 1969 4442 illud
2018 4371 2258 4436 Eusebii,

687 4441 832 4510 quad
886 4444 973 4497 hic
1008 4453 1358 4503 memoratur,
1407 4441 1735 4495 laboriosum
1788 4441 1960 4496 fuisse
2008 4450 2260 4504 testatur,

2921 3800 3096 3855 θείων
3120 3798 3398 3863 βιϐλίων.

2400 3900 2409 3913 '
2436 3907 2457 3941 ι
2476 3889 2724 3962 Νικητὴς
2763 3889 3174 3952 Κωνσταντϊνος
3222 3888 3495 3958 Μέγιστος
3521 3886 3811 3953 Σεϐαστὸς,
3843 3888 3951 3942 Εὑ-

2364 3982 2460 4037 σεδ
2467 3982 2553 4054 ίῳ.

2437 4159 2550 4234 (87)
2587 4162 2801 4234 Λότυις
2823 4158 3343 4234 εὐφραίνεινᾏΡοει
3366 4158 3464 4234 has
3492 4172 3655 4214 voces
3683 4159 3735 4212 in
3763 4159 3954 4234 codice

2364 4228 2537 4301 Regio
2565 4241 2620 4287 et
2648 4228 2701 4285 in
2731 4228 2971 4287 editione
2999 4231 3137 4285 Rob.
3188 4228 3447 4301 Stephani
3480 4239 3790 4301 sequuntur
3835 4230 3955 4285 haec

2366 4298 2531 4359 ver—ba
2561 4320 2575 4355 :
2609 4301 2731 4355 Κᾶν
2777 4303 2849 4356 τά
2916 4301 3152 4372 μάλιστα
3197 4298 3307 4372 τῶν
3364 4298 3794 4372 καλῶνῖργων,
3841 4310 3953 4355 etc.

2367 4373 2474 4428 Sed
2505 4372 2771 4441 Scaliger,
2814 4371 3165 4439 Bongarsius,
3219 4371 3418 4439 aliique
3457 4372 3602 4425 hunc
3631 4371 3813 4426 locum
3848 4386 3956 4425 ne-

2365 4445 2478 4498 scio
2506 4458 2571 4497 es
2608 4443 2808 4513 quibus
2834 4442 3118 4513 codicibus
3155 4441 3778 4513 suppleveruntsldem
3816 4455 3959 4513 quo-

689 4509 972 4582 totamqne
1021 4512 1291 4583 paschalis
1353 4512 1477 4565 l‘esti
1532 4512 1829 4575 rationem,
1884 4512 2152 4583 originem
2200 4526 2264 4566 ac
2297 4572 2336 4583 _
2370 4528 2477 4583 que
2524 4509 3038 4583 supplementumin
3072 4509 3522 4583 Fuk.:etiMoraei
3571 4512 3710 4583 libro
3739 4509 3954 4579 reperi,

689 4572 1074 4650 perfectionem
1106 4582 1445 4653 complexum
1473 4597 1614 4653 esse.
1648 4583 1722 4635 De
1749 4572 1851 4636 hoc
1880 4572 2096 4653 Eusebii
2131 4581 2267 4653 libro
2297 4572 2342 4626 Ῑ)
2371 4572 2425 4638 «ἐι
2455 4572 2675 4653 quidem
2724 4580 3020 4653 aliquando
3056 4582 3589 4653 emendatiusquam
3625 4582 3679 4636 in
3709 4572 3957 4653 editione

692 4653 1052 4722 Hieronymus
1099 4653 1149 4706 iu
1179 4652 1335 4722 libro
1388 4652 1461 4705 De
1508 4652 1872 4722 scriptoribus_
1897 4652 2262 4706 ecclesiasticis

691 4724 765 4777 ita
797 4720 1036 4791 loquitur
1073 4731 1089 4769 τ
1126 4741 1144 4773 ι
1178 4721 1497 4793 Hippolytus
1535 4723 1795 4776 rationem
1845 4720 2088 4790 Pascluc,
2127 4732 2264 4777 tem-

689 4808 992 4862 purumque
1043 4808 1277 4847 canones
1323 4793 1578 4862 scripsit,
1624 4802 1680 4845 et
1719 4794 1952 4847 sedecim
1998 4807 2262 4846 annorum

692 4862 953 4916 circulum
996 4866 1230 4930 reperit,
1283 4875 1335 4918 et
1392 4863 1643 4926 Eusebio,
1695 4864 1787 4931 qui
1841 4878 2005 4929 super
2070 4865 2260 4917 eodem

693 4932 901 4986 Pascha
935 4948 1196 4986 cauoucm
1229 4940 1413 4988 det-cm
1444 4944 1499 4988 et
1538 4947 1731 4987 novem
1780 4948 2044 4986 annorum
2077 4933 2265 4985 circuli

691 5005 1029 5069 composuit,
1081 5004 1422 5058 occasionem
1491 5003 1704 5057 dedit.»
1768 5004 1899 5068 Quae
1951 5002 2265 5072 Hieronymi

690 5073 857 5126 verba
914 5073 1199 5142 descripsit
1254 5073 1395 5128 Beda
1446 5075 1498 5129 in
1556 5073 1693 5129 libro
1745 5072 1824 5128 De
1872 5089 1963 5127 sea:
2019 5076 2267 5128 aztatt'bus

690 5143 900 5213 mundi,
927 5154 981 5194 et
1018 5145 1105 5198 lib.
1138 5161 1167 5199 v
1202 5144 1365 5210 Hist.,
1400 5161 1522 5213 cap.
1548 5143 1640 5198 2‘2.

763 5212 873 5285 (86)
918 5214 1027 5269 Τοῦ
1078 5214 1293 5284 Πάσχα
1340 5212 1710 5285 ἀντιλογίαν.
1775 5215 2132 5285 Scribendum
2183 5223 2265 5269 est

689 5284 1041 5353 αἰτιολογίαν,
1085 5289 1535 5354 quemadmodum
1564 5284 1750 5340 etiam
1803 5288 1854 5340 in
1904 5285 2041 5339 libro
2087 5284 2263 5339 Morini

690 5356 756 5408 ad
791 5358 1084 5424 marginem
1117 5360 1463 5411 entcndatum
1513 5357 1721 5420 inveni,
1761 5357 1903 5425 quod
1944 5356 2268 5409 conﬁrmant

690 5429 991 5494 sequentia.
1036 5427 1230 5480 Snbdit
1261 5428 1402 5480 enim
1434 5445 1447 5479 :
1480 5427 1591 5481 Καὶ
1634 5426 1868 5497 γένεσιν,
1909 5425 2160 5496 λυσιτελῆ
2205 5442 2267 5478 τε

690 5497 787 5550 καὶ
826 5497 1081 5550 ἐπίπονον
1113 5497 1539 5570 τελεσιουργίαν.
1584 5498 1743 5553 Certe
1785 5498 1998 5570 γένεσις
2044 5500 2110 5570 de
2154 5497 2267 5550 ori-

691 5570 818 5636 gine
864 5572 1250 5621 controversiae
1295 5569 1399 5621 diui
1453 5585 1557 5621 non
1610 5578 1810 5636 potest.
1862 5569 2049 5623 Melius
2085 5569 2270 5635 itaque

690 5639 907 5705 γένεσιν
944 5648 1126 5692 vertas
1151 5638 1572 5709 institutionem.
1609 5637 2003 5709 Τελεσιουργία
2029 5654 2155 5691 vero
2188 5646 2272 5709 est

692 5711 1090 5761 consummatio
1144 5706 1263 5762 festi
1320 5709 1592 5776 paschalis
1634 5722 1663 5760 a
1708 5706 1926 5761 Christo
1977 5708 2143 5768 facta,
2179 5707 2268 5774 qui

696 5791 807 5855 διιςε
846 5779 1273 5857 resurrectionis
1321 5779 1582 5834 miraculo
1629 5792 1816 5832 verum
1869 5776 2077 5834 Pascha
2110 5777 2270 5833 Chri-

695 5855 891 5901 ιιιιιιιιι
920 5855 1170 5901 tusutuit.

2363 4646 2690 4709 Gerfevensi.
2722 4646 2966 4705 Priimtm
2994 4653 3150 4722 enim
3203 4652 3256 4705 in
3288 4667 3353 4706 eo
3397 4646 3631 4722 legitur:
3666 4646 3763 4715 Οἷς
3794 4653 3956 4706 ἀντε-

2363 4724 2603 4796 τράφθαι
2651 4722 2846 4776 σαυτὸν
2888 4720 3188 4791 ὁμολογεῖς.
3219 4720 3574 4778 Scribendum
3644 4733 3828 4777 tamen
3868 4730 3957 4777 est

2366 4792 2790 4850 ἀνατετράφθαι,
2820 4793 2904 4847 vel
2933 4792 3314 4850 ὲντετράφθαι.

2504 4813 2559 4847 ετ
2570 4808 2790 4855 ραφυαι,
2820 4808 2904 4847 vet
2933 4808 3314 4855 εντετραφυαι.

2404 4808 2790 4865 νατετραφυαι,
2820 4808 2904 4847 vet
2933 4808 3314 4916 εντετραῗξιαι.
3723 4861 3736 4874 ¹
3833 4863 3844 4876 ⁸

2404 4866 2552 4938 ,(88)
2593 4864 2704 4920 Καὶ
2742 4863 2851 4917 τὸν
2880 4865 2969 4929 εις
2997 4863 3133 4929 τήν.
3220 4873 3308 4938 ost
3353 4863 3465 4938 haec
3518 4864 3678 4938 verba
3722 4877 3776 4915 in
3810 4860 3956 4919 libro

2368 4932 2551 4991 Μόνωί
2612 4950 2838 4988 vacuum
2894 4938 3127 4997 spatium
3191 4932 3539 5002 relinquitur.
3591 4932 3751 4987 Deest
3800 4944 3956 4990 certe

2369 5005 2698 5060 vocabulum
2740 5005 3076 5073 Ῥωμαϊκήν.
3108 5002 3282 5057 Locus
3311 5005 3492 5071 itaque
3516 5002 3842 5071 supplendos
3866 5014 3958 5059 est

2369 5042 2478 5131 hoc
2506 5076 2667 5157 modo
2692 5093 2715 5157 ι.
2739 5042 2944 5137 mit;
2968 5042 3066 5157 την
3107 5042 3419 5157 Ῥωμαςίκὴδ
3442 5073 3569 5155 τοὺς
3584 5042 3741 5157 θείους.
3755 5072 3958 5157 πόνους

2373 5145 2880 5218 μεταρρυθμίσοντα
2929 5143 3196 5218 γλῶτταν,
3225 5147 3304 5198 vel
3354 5143 3531 5213 potius
3569 5143 3959 5218 εἰς-τὴνξΡω-

2374 5212 2669 5289 μαίανξλυῐ
2703 5212 3448 5289 loquitur_Euseb_ius_sup_ra
3486 5229 3612 5283 cap.
3654 5212 3757 5289 52.
3792 5214 3958 5289 Certe

2371 5282 2424 5342 in
2470 5287 2661 5342 codice
2707 5284 3073 5357 Fnk._legitur
3114 5287 3195 5350 εἰς
3219 5283 3315 5357 τὴν
3353 5282 3577 5355 Ῥωμ..
3604 5322 3621 5337 .
3662 5282 3788 5346 τοὺς
3825 5285 3958 5348 σοὺς

2370 5358 2568 5422 πόνους
2602 5355 3134 5429 μεταρῤυθμίξοντα,
3163 5367 3270 5410 etc.

2443 5422 2678 5512 (#9)?”
2715 5422 2978 5512 results."
3032 5430 3431 5512 πεπρίθηττξςλ
3453 5426 3751 5512 Audaci?!“
3781 5422 3961 5512 19'3"

2370 5494 2487 5569 ligit
2539 5496 2661 5566 ejus
2706 5500 2803 5569 qui
2856 5498 3086 5569 ilibrum
3135 5494 3350 5554 Eusebii
3389 5497 3464 5551 De
3519 5494 3735 5569 Pascha
3780 5494 3959 5569 inter-

2370 5562 2612 5637 pretatus
2646 5562 2823 5621 I'uérat
2850 5568 3004 5636 jussu
3036 5566 3413 5632 Constantini;
3451 5568 3537 5622 vel
3569 5574 3721 5631 certe
3759 5562 3961 5618 πεποί-

2371 5639 2527 5711 θησις
2571 5649 2653 5693 est
2703 5640 2887 5707 Opinio
2930 5652 2994 5711 ac
3039 5639 3304 5711 judicium
3356 5637 3960 5711 ipsiusimperatoris.

2370 5706 2647 5778 ln'terpres
2667 5706 2885 5777 quidem
2920 5709 3170 5764 liduciam
3203 5706 3622 5777 ipsius’Eusebii
3659 5706 3958 5778 intellexit,

2372 5776 2627 5847 quml‘hic
2648 5780 2937 5833 convenire
2961 5778 3105 5833 nullo
3124 5776 3282 5833 modo
3307 5787 3502 5847 potest.
3522 5776 3961 5835 Omninummi:

2374 5845 2529 5916 θησις
2577 5849 2666 5905 hic
2696 5848 2854 5906 aliter
2879 5850 3021 5920 sumi
3062 5864 3168 5921 non
3202 5845 3381 5919 potest
3428 5866 3590 5919 quam
3626 5864 3721 5917 pro
3749 5849 3961 5916 judicio
