4186 6386
227 401 360 457 1185

1309 393 1399 450 DE
1436 395 1598 452 VlTA
1635 394 2097 454 CONSTANTINI
2135 397 2266 453 LIB.
2307 397 2399 454 Π.

3328 399 3468 458 1186

322 504 618 580 «Κατὰτὴν
655 510 942 582 ἐπώνυμον
981 511 1111 583 ἡμῖν
1136 511 1288 565 πόλιν
1307 551 1322 575 ,
1345 512 1446 582 τῆς
1473 510 1568 563 τοῦ
1602 510 1786 579 Σωτῆ-

1970 511 2058 565 «In
2074 523 2135 562 ea
2163 512 2296 566 urbe
2316 526 2436 580 quae
2471 526 2499 565 a
2529 512 2686 566 nobis
2714 526 2906 567 nomen
2935 514 3125 569 sortita
3156 524 3259 580 est,
3285 517 3468 574 divina

222 621 309 679 ρος
340 602 475 659 Θεοῦ
518 602 910 675 συναιρομένης
955 602 1239 671 προνοίας,
1292 603 1544 673 μέγιστον
1592 600 1796 671 πλῆθος

216 696 512 769 ἀνθρώπων
526 700 591 767 τῇ
608 694 887 767 ἁγιωτάτῃ
919 694 1213 766 Ἐκκλησία
1235 694 1579 750 ἀνατέθεικεν
1605 693 1762 747 ἐαυτό
1778 710 1790 723 ·

216 786 288 851 ὡς
312 787 526 841 πάντων
548 789 727 839 ἐκεῖσε
753 786 955 857 πολλὴν
982 785 1368 857 λαμϐανόντων
1396 785 1642 856 αῦξησιν,
1669 784 1796 855 σφό·

215 878 314 950 δρα
342 878 489 946 ἄξιον
522 877 970 947 καταφαίνεσθαι,
997 878 1092 932 καὶ
1124 879 1417 951 ἐκκλησίας
1438 883 1496 933 ὲν
1527 880 1664 951 αὐτῇ
1691 898 1794 935 κα-

214 966 645 1039 τασκευασθῆναι
676 967 914 1031 πλείους.
958 969 1246 1041 Τοιγάρτοι
1292 970 1472 1037 δέδεξο
1517 970 1796 1042 προθυμό-

214 1076 350 1113 τατα
385 1059 446 1112 τὸ
486 1059 641 1124 δόξαν
668 1062 732 1131 τῇ
775 1061 1021 1134 ἡμετέρᾳ
1062 1060 1401 1134 προαιρέσει.
1433 1062 1652 1134 Πρέπον
1685 1062 1794 1135 γὰρ

215 1151 514 1223 κατεφάνη,
550 1151 611 1205 τὺ
636 1152 872 1224 δηλῶσαι
906 1156 971 1225 τῇ
1001 1157 1069 1225 σῇ
1106 1154 1316 1209 συνέσει
1341 1194 1356 1219 ,
1385 1156 1533 1219 ὅπως
1563 1154 1629 1209 ἄν
1667 1172 1796 1209 πεν-

213 1245 446 1316 τήκοντα
478 1246 729 1316 σωμάτια
756 1247 814 1299 ἐν
838 1245 1118 1319 διφθέραις
1136 1247 1580 1317 ἐγκατασκεύοις,
1602 1246 1797 1302 εὐανά-

214 1334 433 1402 γνωστά
470 1352 528 1387 τε
552 1337 645 1388 καὶ
672 1334 811 1408 πρὸς
834 1335 933 1406 τὴν
959 1337 1154 1407 χρῆσιν
1184 1337 1645 1409 εὐμετακόμιστα,
1688 1336 1795 1391 ὑπὸ

212 1423 468 1493 τεχνιτῶν
492 1423 874 1496 καλλιγράφων
908 1426 1001 1479 καὶ
1034 1426 1277 1497 ἀκριϐῶς
1319 1427 1417 1501 τὴν
1444 1429 1640 1501 τέχνην
1670 1432 1793 1483 ἐπι-

215 1514 530 1585 σταμένων,
567 1515 842 1587 γραφῆναι
885 1516 1227 1583 κελεύσειας,
1256 1518 1365 1571 τῶν
1405 1517 1564 1574 θείων
1592 1519 1793 1592 δηλαδὴ

212 1606 468 1679 Γραφῶν,
486 1601 561 1660 ὧν
577 1608 808 1680 μάλιστα
831 1609 928 1679 τήν
945 1610 993 1661 τ’
1026 1610 1323 1683 ἐπισκευὴν
1349 1610 1439 1664 καὶ
1459 1611 1557 1684 τὴν
1596 1618 1793 1692 χρῆσιν

211 1700 289 1770 τῷ
321 1702 419 1771 τῆς
461 1699 785 1771 Ἑκκλησίας
831 1701 973 1773 λόγῳ
1002 1703 1304 1771 ἀναγκαίαν
1325 1700 1462 1758 εἶναι
1482 1704 1789 1774 γινώσκεις.

223 1789 526 1861 ’Λπεστάλη
554 1789 610 1843 δὲ
637 1791 941 1862 γράμματα
983 1789 1136 1861 παρὰ
1160 1793 1259 1863 τῆς
1289 1793 1563 1865 ἡμετέρας
1590 1795 1792 1866 ἡμερό-

208 1896 372 1950 τητος
402 1880 539 1951 πρὸς
570 1880 661 1934 τὸν
693 1881 793 1951 τῆς
824 1881 1141 1952 διοικήσεως
1172 1883 1458 1940 καθολικὸν
1481 1886 1616 1954 (90),
1645 1887 1793 1951 ὅπως

210 1970 427 2024 ἅπαντα
458 1971 527 2025 τὰ
566 1972 703 2044 πρὸς
731 1973 1026 2043 ἐπισκευὴν
1062 1974 1242 2027 αὐτῶν
1288 1976 1567 2046 ἐπιτήδεια
1609 1995 1792 2049 παρα-

214 2064 361 2133 σχεῖν
393 2061 729 2133 φροντίσειεν
749 2079 763 2092 ο
796 2061 882 2117 ἵνα
920 2062 1028 2134 γὰρ
1057 2064 1133 2127 ὡς
1160 2063 1390 2133 τάχιστα
1418 2064 1487 2118 τὰ
1508 2066 1791 2137 γραφέντα

214 2158 465 2229 σωμάτια
492 2159 962 2229 κατασκευασθείη
983 2199 998 2223 ,
1032 2158 1133 2228 τῆς
1165 2158 1264 2229 σῆς
1295 2158 1610 2230 ἐπιμελείας
1632 2160 1792 2232 ἔργον

210 2248 369 2303 τοῦτο
401 2251 708 2321 γενήσεται.
764 2250 873 2304 Καὶ
916 2250 1024 2321 γὰρ
1061 2249 1153 2303 δύο
1194 2250 1468 2320 δημοσίων
1499 2252 1793 2323 ὀχημάτων

209 2339 457 2404 ἐξουσίαν
484 2343 563 2406 είς
588 2341 925 2413 διακομιδὴν,
961 2343 1025 2394 ἐκ
1046 2342 1146 2411 τῆς
1172 2341 1459 2406 αύθεντίας
1483 2343 1577 2397 τοῦ
1612 2344 1793 2417 γράμ-

210 2450 379 2504 ματος
408 2433 562 2504 ήμῶν
591 2435 782 2488 τούτου
826 2434 1010 2488 λαϐεῖν
1055 2451 1111 2487 σε
1159 2435 1445 2505 προσήκει.
1478 2434 1634 2489 Οὓτω
1683 2436 1795 2509 γὰρ

210 2524 278 2577 ἂν
306 2522 539 2593 μάλιστα
577 2523 645 2577 τὰ
674 2523 854 2587 καλῶς
885 2523 1185 2594 γραφέντα,
1215 2525 1309 2577 καὶ
1340 2525 1500 2598 μέχρι
1528 2526 1634 2579 τῶν
1658 2528 1795 2597 ἡμε-

206 2612 383 2684 τέρων
427 2612 601 2682 ὄψεων
658 2615 831 2684 ῥᾷστα
868 2612 1380 2684 διακομισθήσεται,
1422 2615 1540 2678 ἐνὸς
1592 2615 1792 2688 δηλαδὴ

207 2706 368 2759 τοῦτο
383 2705 713 2775 πληροῦντος
729 2706 836 2758 τῶν
857 2707 920 2759 ἐκ
938 2706 1036 2777 τῆς
1054 2707 1151 2777 σῆς
1167 2705 1490 2777 Ἐκκλησίας
1508 2705 1788 2761 διακόνων·

208 2798 266 2862 ὃς
291 2797 508 2851 ἐπειδὰν
534 2798 797 2870 ἀφίκηται
825 2798 961 2869 πρὸς
987 2800 1153 2869 ἡμᾶς,
1180 2799 1278 2869 τῆς
1301 2798 1577 2870 ἡμετέρας
1599 2814 1794 2870 πειρα-

210 2889 432 2961 θήσεται
458 2889 883 2962 φιλανθρωπίας.
921 2889 978 2943 '0
1003 2890 1137 2955 Θεός
1164 2907 1222 2944 σε
1248 2889 1580 2960 διαφυλάξοι,
1598 2890 1794 2960 ἁδελφέ

210 2983 482 3054 ἀγαπητὰ
521 3001 539 3034 ι

720 3071 1117 3126 ΚΕΦΑΛΑΙΟΝ
1155 3073 1279 3127 AZ'.

425 3161 624 3227 Ὅπως
649 3163 710 3214 al
741 3162 946 3225 ,ϐίϐλοι
982 3163 1583 3232 κατεσκευάσθησαν.

277 3246 461 3302 Ταῦτα
509 3248 606 3320 μὲν
651 3245 744 3302 οὖν
791 3248 1044 3321 βασιλεὺς
1092 3250 1457 3307 διεκελεύετο·
1509 3254 1707 3308 αὐτίκα
1748 3251 1793 3307 δ’

209 3337 372 3410 ἔργον
399 3338 753 3409 ἐπηκολούθει
774 3340 851 3410 τῷ
874 3340 1037 3412 λόγῳ,
1060 3343 1117 3393 ἐν
1138 3341 1441 3406 πολυτελῶς
1462 3344 1604 3415 ὴσκη
1614 3343 1795 3414 μένοις

206 3430 429 3501 τεύχεσι
476 3429 673 3500 τρισσὰ
725 3431 819 3484 καὶ
873 3431 1152 3502 τετρασσὰ
1209 3432 1320 3504 (9i)
1375 3433 1794 3504 διαπεμψάντων

207 3523 370 3593 ἡμῶν
391 3539 405 3552 ο
435 3521 463 3574 ὃ
488 3520 553 3592 δὴ
603 3522 696 3574 καὶ
744 3521 877 3575 αὐτὸ
922 3520 1184 3591 βασιλέως
1232 3524 1394 3595 ἑτέρα
1429 3524 1794 3596 ἀντιφώνησις

209 3611 584 3683 παραστήσει,
612 3610 681 3663 δι’
708 3605 777 3681 ἧς
805 3610 1107 3682 πυθόμενος
1148 3613 1225 3677 ὡς
1251 3616 1284 3685 ὴ
1319 3616 1449 3687 παρ’
1476 3616 1606 3686 ἡμῖν
1635 3618 1792 3670 Κων-

210 3704 469 3758 σταντεία
499 3704 674 3767 πόλις,
707 3702 915 3775 ἀνδρῶν
947 3704 1194 3770 ἐκτόπως
1225 3706 1632 3779 δεισιδαιμόνων
1658 3703 1792 3762 οὖσα

208 3798 496 3870 πρότερον,
517 3798 849 3871 ὁρμητήριον
873 3796 1178 3862 θεοσεϐείας
1205 3798 1338 3872 (92),
1362 3799 1463 3870 τῆς
1485 3799 1794 3873 ἔμπροσθεν

212 3887 649 3960 μεταϐεϐληκυῖα
691 3890 973 3961 εΞδωλικῆς
1010 3889 1218 3962 πλάνης
1239 3931 1254 3955 ,
1297 3890 1547 3959 ἐγένετο,
1580 3892 1789 3964 χαίρειν

209 3981 402 4052 ἐδήλου
435 3983 527 4036 καὶ
551 3981 648 4054 τὴν
674 3981 872 4055 πρᾶξιν
896 3982 1276 4055 ἀποδέχεσθαι.

209 4369 270 4418 et
314 4357 667 4428 persuasione
703 4363 811 4409 tam
849 4354 1019 4428 ipsius
1067 4351 1448 4428 Constantini,
1479 4366 1638 4428 quam
1672 4351 1797 4428 reli-

210 4422 446 4501 quorum
495 4422 931 4501 hon_rinnm,__q'ui
964 4425 1175 4501 Eusebii
1222 4422 1656 4501 op‘uscuiunrlie
1693 4423 1796 4475 Pa-

1818 3184 1866 3245 Ο

1902 599 2210 656 Servatoris
2244 604 2416 656 nostri
2452 602 2741 671 adiuvante
2782 605 3123 674 providentia
3151 646 3166 668 ,
3228 609 3466 663 maxima

1898 691 2176 745 hominum
2220 693 2508 748 multitudo
2567 696 2636 747 ad
2686 696 3093 749 sanctissimam
3162 697 3467 777 Ecclesiant

1898 795 2017 836 sese
2045 783 2309 850 adiunxit.
2357 784 2547 853 Itaque
2608 799 2733 838 cum
2763 797 2959 841 cuncta
3004 788 3116 843 illic
3164 791 3463 845 maximum

1898 872 2290 927 incrementum
2375 875 2631 943 capiant,
2707 890 3132 933 consentanemn
3204 881 3470 947 imprimis

1894 960 2127 1025 videtur,
2167 970 2226 1015 ut
2273 962 2454 1031 plures
2499 979 2718 1034 quoque
2765 966 2816 1019 in
2848 983 2911 1022 ea
2953 980 3341 1025 construantur
3379 988 3471 1028 ec-

1894 1050 2096 1105 clesiae.
2126 1049 2328 1119 Accipe
2358 1051 2527 1121 igitur
2560 1052 2753 1107 libenti
2784 1055 2970 1109 animo
3001 1057 3051 1109 id
3094 1059 3238 1126 quod
3283 1058 3469 1114 facere

1895 1143 2138 1196 decrevi.
2180 1140 2364 1198 Visum
2397 1155 2482 1199 est
2510 1146 2654 1199 enim
2708 1146 2762 1201 id
2804 1146 3121 1218 significare
3169 1151 3469 1219 prudentia!

1895 1233 2060 1306 544
2122 1242 2250 1299 tua),
2310 1243 2372 1289 ut
2430 1236 2826 1307 quinquaginta
2887 1239 3104 1294 codices
3163 1242 3469 1298 divinarum

1897 1324 2331 1395 Scripturarum,
2364 1342 2596 1396 quarum
2622 1339 2941 1398 apparatum
2969 1339 3023 1384 et
3049 1348 3205 1385 usum
3240 1337 3471 1390 maxime

1895 1417 2268 1472 necessarium
2300 1417 2558 1473 Ecclesiae
2585 1434 2708 1474 esse
2739 1420 3014 1490 intelligis,
3052 1424 3101 1475 in
3143 1425 3473 1482 membranis

1894 1508 2064 1575 probe
2091 1509 2392 1576 apparatis,
2423 1509 2491 1563 ab
2527 1512 2837 1565 artificibus
2864 1515 3189 1582 antiquariis
3240 1529 3471 1571 venuste

1896 1594 2171 1650 scribendi
2233 1597 2588 1665 peritissimis
2617 1600 2851 1652 describi
2888 1601 3055 1656 facias
3091 1619 3105 1666 ;
3147 1604 3236 1672 qui
3272 1615 3326 1657 et
3361 1605 3473 1674 legi

1895 1683 2075 1748 facile,
2098 1696 2152 1740 et
2178 1686 2244 1739 ad
2273 1700 2488 1740 omnem
2514 1702 2670 1740 usum
2706 1688 3049 1745 circumferri
3092 1693 3319 1761 possint.
3356 1693 3472 1748 Lit-

1897 1786 2025 1832 terce
2047 1792 2210 1847 porro
2235 1792 2265 1831 a
2295 1787 2475 1832 nostra
2508 1778 2795 1834 clementia
2830 1782 3008 1837 missa:
3047 1794 3169 1839 sunt
3209 1787 3273 1839 ad
3307 1787 3475 1840 ratio-

1826 1845 1868 1903 Β
1897 1845 2072 1919 nalem
2104 1866 2377 1932 dimcesis,
2413 1876 2472 1920 ut
2500 1877 2691 1922 cuncta
2732 1869 2799 1923 ad
2829 1885 3019 1925 eorum
3066 1875 3311 1928 codicum
3343 1891 3477 1931 cou-

1898 1956 2188 2013 iectionem
2229 1958 2537 2013 necessaria
2575 1959 2802 2027 praeberi
2839 1974 3012 2016 curet.
3052 1963 3180 2019 Tua:
3216 1968 3321 2020 erit
3347 1969 3473 2023 dili-

1894 2048 2111 2118 gentiae,
2148 2057 2208 2103 ut
2240 2051 2428 2119 scripti
2473 2049 2692 2105 codices
2744 2055 3061 2119 quantocius
3118 2070 3468 2125 apparentur.

1895 2139 2161 2195 Caeterum
2213 2140 2446 2198 duorum
2496 2143 2834 2212 publicorum
2884 2148 3253 2203 vehiculorum
3314 2168 3471 2206 usum

1895 2233 2223 2288 auctoritate
2263 2235 2424 2304 hujus
2463 2234 2705 2303 epistolae
2742 2237 2998 2306 accipies.
3046 2240 3136 2292 Sic
3174 2242 3317 2294 enim
3349 2258 3473 2310 quae

1896 2322 2174 2392 eleganter
2203 2325 2473 2394 descripta
2507 2336 2670 2391 sunt,
2721 2328 2789 2380 ad
2825 2343 3175 2397 conspectum
3226 2342 3470 2386 nostrum

1894 2414 2335 2468 commodissime
2379 2415 2722 2483 perferentur
2752 2431 2768 2471 :
2798 2433 2908 2472 uno
2947 2420 3158 2475 scilicet
3189 2436 3251 2474 ex
3286 2421 3474 2476 Eccle-

1897 2505 1994 2557 sia:
2028 2513 2130 2558 tum
2169 2504 2412 2562 diaconis
2438 2509 2487 2561 id
2512 2509 2872 2563 ministerium
2916 2510 3174 2565 obeunte.
3207 2511 3307 2578 Qui
3347 2514 3468 2581 qui-

1902 2596 2025 2647 dem
2076 2595 2166 2647 ubi
2215 2598 2281 2649 ad
2319 2611 2417 2650 nos
2472 2600 2807 2667 pervenerit,
2863 2601 3218 2667 humanitatis
3274 2613 3474 2655 nostrae

1895 2686 2331 2755 experimentum
2382 2690 2582 2760 capiet.
2636 2691 2903 2749 Divinitas
2958 2704 3007 2748 te
3058 2704 3271 2759 servet,
3306 2694 3469 2750 frater

1896 2794 1955 2833 ca
1966 2794 2194 2835 l‘lSSlllle.
2230 2798 2249 2834 ι

2409 3048 2639 3109 CAPUT
2687 3051 2950 3109 XXXVII.

2179 3140 2456 3208 Quomodo
2491 3146 2714 3214 confecti
2741 3146 2942 3213 fuerint
2969 3149 3198 3202 codices.

1973 3231 2041 3288 Et
2086 3233 2205 3289 inec
2257 3237 2474 3306 quidem
2514 3238 2811 3308 imperator
2872 3242 3151 3310 praecepit.
3207 3240 3479 3300 Caeterum

1900 3324 2017 3394 ejus
2045 3326 2186 3381 dicta
2218 3329 2478 3383 continuo
2530 3345 2667 3397 Opus
2706 3330 2879 3399 ipsum
2923 3335 3160 3401 excepit,
3198 3349 3321 3388 cum
3374 3352 3478 3393 nos

1902 3418 1953 3471 in
2007 3418 2378 3475 voluminibus
2419 3422 2705 3492 magnifice
2753 3424 3038 3478 exornatis
3082 3426 3358 3482 terniones
3415 3439 3474 3485 et

1899 3510 2289 3576 quaterniones
2345 3511 2413 3565 ad
2480 3528 2601 3566 eum
2664 3513 3025 3567 misissemus.
3090 3513 3245 3581 Quod
3301 3517 3475 3587 ipsum

1901 3600 2072 3656 altera
2116 3602 2461 3671 imperatoris
2514 3604 2796 3674 responsio
2850 3604 3178 3674 testabitur;
3234 3608 3286 3661 in
3344 3625 3478 3678 qua,

1899 3707 2024 3747 cum
2070 3691 2214 3749 forte
2259 3696 2311 3751 ei
2369 3695 2681 3750 nuntiatum
2734 3694 2931 3750 fuisset
2955 3698 3140 3752 urbem
3199 3703 3336 3767 apud
3376 3717 3479 3758 nos

1900 3782 2301 3851 Constantiam,
2355 3802 2478 3858 qua:
2519 3795 2679 3841 antea
2723 3786 3139 3841 simulacrorum
3183 3790 3348 3845 coltni
3378 3794 3475 3847 ad-

1901 3878 2045 3931 dicta
2078 3876 2280 3946 fuerat,
2305 3879 2505 3949 impetu
2545 3879 2779 3950 quodam
2810 3890 3174 3936 sacrosancta:
3201 3883 3479 3954 religionis

1900 3968 2230 4037 impulsam,
2271 3970 2560 4041 pristinum
2607 3973 3011 4041 superstitionis
3040 3988 3282 4029 errorem
3321 3977 3474 4045 abje-

1900 4062 2060 4125 cisse,
2097 4062 2335 4131 gaudere
2383 4077 2443 4117 se
2489 4072 2543 4118 et
2600 4063 2805 4120 factum
2860 4080 3187 4136 magnOpere
3236 4069 3476 4137 probare

1900 4154 2079 4224 signiﬁ
2090 4153 2253 4207 cavit.

1904 4336 2155 4408 branacei
2206 4352 2320 4407 fere
2364 4367 2462 4421 per
2494 4354 2876 4421 quaterniones
2918 4353 3325 4423 digerehantur,
3370 4356 3475 4413 hoc

1904 4433 2008 4489 est,
2041 4433 2273 4491 quatuor
2305 4423 2431 4476 folia
2461 4425 2618 4477 simul
2648 4432 2953 4492 compacta,
2981 4435 3039 4477 ut
3069 4426 3341 4477 terniones
3367 4429 3470 4482 tria

211 4491 344 4556 εόΙια
394 4500 444 4552 in
495 4495 741 4549 Latinam
792 4491 1027 4581 linguam
1077 4491 1240 4581 jussit.
1282 4494 1620 4573 Constantini
1670 4509 1798 4548 cnn-
1826 4526 1870 4581 Β
1904 4503 2029 4581 sunt
2060 4494 2184 4581 folia
2216 4494 2375 4581 simul
2405 4505 2708 4581 compacta.
2729 4491 2816 4581 Δ[ῧι
2843 4496 3224 4581 quaterniones
3245 4496 3465 4581 quidem

209 4585 432 4626 versum
467 4580 788 4635 magnopere
832 4562 1150 4635 laudabant.
1198 4562 1591 4635 H:cc,_in_quit,
1642 4573 1787 4635 tanta

212 4641 455 4696 omnium
507 4632 689 4706 opinio
740 4634 873 4690 satis
919 4634 1158 4706 ostendit
1203 4650 1306 4686 non
1353 4632 1636 4706 indignum
1691 4633 1785 4687 tibi

212 4710 476 4779 obtigisse
509 4701 880 4779 interpretem.
932 4703 1105 4779 Porro
1150 4717 1321 4779 voces
1351 4702 1453 4756 illa:
1498 4701 1605 4755 τῶν
1650 4720 1785 4773 συγ-

211 4774 565 4853 γραμμᾴτων
617 4775 819 4853 duplici
869 4774 1323 4853 modorconstrui
1383 4785 1641 4853 possunt,
1694 4782 1787 4853 aqt

213 4842 344 4905 eam;
375 4842 641 4918 adjective
687 4842 923 4908 ἀνάξιον,
969 4852 1064 4896 aut
1110 4858 1233 4897 cum
1287 4845 1548 4899 vocabulo
1596 4842 1786 4897 πεποί-

214 4920 392 4975 θησις.

249 4937 823 5063 ηῗζιῗγᾼιοικῄσερςχ
876 4982 1222 5063 κςιθολικότς.
1287 4981 1402 5063 Hoc
1467 4982 1587 5037 loco
1650 4983 1786 5037 διοί-

212 5054 378 5133 κησις
403 5054 690 5133 dioecesim
733 5054 973 5133 Orientis
1022 5054 1312 5123 significat.
1345 5054 1436 5107 Sic
1482 5065 1661 5107 autem
1695 5070 1788 5133 ve—

218 5126 362 5187 teres
407 5129 636 5184 Romani
682 5126 955 5180 vocabant
987 5138 1194 5179 certum
1243 5138 1523 5193 numerum
1567 5126 1787 5193 provin-

214 5205 448 5265 ciarum,
478 5214 599 5268 qua‘.
628 5194 790 5273 simul
821 5194 1067 5273 collectae
1109 5192 1374 5273 parebant
1406 5192 1612 5273 vicario
1649 5209 1786 5263 pra:-

214 5263 841 5342 fecturepraetorianaz.
882 5263 1017 5329 Nam
1058 5263 1352 5342 praefectus
1377 5263 1604 5342 quidem
1651 5280 1785 5331 pra:-

217 5343 356 5397 torio
390 5334 869 5407 sub—dispositione
894 5334 1202 5407 sua_plures
1235 5334 1465 5387 habebat
1491 5334 1780 5398 dioeceses;

212 5410 409 5467 vicarii
459 5404 640 5464 autem
682 5406 943 5484 singulas.
990 5404 1159 5459 Porro
1207 5408 1348 5484 hinc"
1369 5418 1471 5456 vox
1509 5417 1586 5484 eo_
1623 5419 1783 5484 sensu

215 5482 469 5550 usurpari
511 5486 689 5549 empta
718 5473 803 5532 est
835 5476 989 5550 circa
1026 5485 1269 5550 tempore
1309 5473 1682 5550 Constantini,
1722 5483 1788 5550 ut

216 5542 480 5607 discimus
537 5542 648 5622 tuin
705 5561 774 5602 ex
838 5545 1082 5622 ejusdem
1135 5542 1493 5622 Constantini
1536 5543 1785 5622 cpi-stolis

216 5636 380 5689 supra
412 5618 615 5683 relatis,
647 5625 761 5673 tum
786 5610 1103 5687 ex'tegibus
1137 5613 1342 5683 aliquot
1378 5612 1580 5668 codicis
1609 5610 1786 5667 Theo-

216 5692 445 5746 dosiani.

292 5761 404 5835 (9‘1)
459 5757 683 5828 prao
745 5757 845 5835 xui
907 5752 1237 5835 tetpaqo'd;
1285 5753 1452 5835 itecte
1518 5751 1786 5835 interpres

224 5825 564 5888 ternio’nes'et
596 5829 966 5900 quaterniones
990 5826 1168 5884 vertit.
1197 5825 1424 5883 Codices
1445 5825 1590 5881 enim
1614 5836 1782 5878 mem-

1898 4565 2134 4619 sedecim
2163 4564 2435 4618 habebant
2460 4566 2702 4633 paginas.
2729 4565 3006 4633 terniones
3028 4579 3151 4616 vero
3172 4563 3468 4620 duodenas.

1896 4633 2064 4688 l’orro
2097 4633 2148 4687 in
2198 4634 2383 4686 ultima
2430 4632 2819 4701 quateruionisi
2837 4636 3022 4701 pagina
3055 4636 3343 4686 notabatur
3370 4653 3472 4690 nu-

1894 4719 2075 4758 merus
2119 4705 2520 4775 quaternioﬁnis,
2555 4701 2762 4775 putat,
2798 4700 2853 4764 2,
2890 4700 3033 4775 5,_et_
3073 4704 3152 4775 sic
3186 4704 3464 4775 deinceps,

1888 4775 2344 4841 quemadmodum
2370 4774 2649 4841 observavi
2682 4772 2734 4825 in
2763 4772 3144 4826 vetustissimis
3169 4772 3465 4840 codicibus,

1892 4854 2003 4895 tum
2041 4842 2245 4899 Graecis
2290 4851 2401 4896 tum
2455 4840 2684 4896 Latinis.
2728 4841 2788 4895 In
2843 4843 3222 4909 antiquissimo
3273 4847 3463 4902 codice

1888 4913 2133 4982 Gregorii
2185 4912 2552 4982 Turonensis,
2598 4911 2690 4980 qui
2741 4919 2867 4982 ante
2923 4923 3228 4980 nongentos
3295 4928 3468 4971 annos

1887 4981 2126 5050 scriptus
2170 4992 2292 5045 est,
2343 4983 2396 5036 in
2431 4981 2615 5035 ultima
2663 4981 2859 5050 pagina
2903 4982 3275 5048 quaterniouis
3325 4986 3467 5042 hanc

1889 5049 2070 5106 notam
2117 5054 2290 5121 reperi
2321 5068 2377 5122 (ι.
2409 5051 2462 5115 1,
2496 5052 2546 5122 id
2575 5059 2679 5113 est,
2703 5051 2979 5122 quaternio
3009 5049 3213 5119 primus
3252 5093 3266 5107 .
3296 5055 3469 5110 υωιθ-

1889 5137 2007 5174 rum
2055 5120 2354 5177 monendus
2402 5130 2487 5175 est
2536 5120 2727 5186 lector,
2777 5120 2829 5174 in
2879 5122 2963 5175 his
3024 5122 3241 5176 Eusebii
3285 5125 3471 5179 verbis

1887 5206 2008 5245 esse
2067 5193 2373 5262 enallagen.
2436 5190 2582 5244 Dixit
2648 5193 2793 5262 eiiim
2827 5190 3143 5262 Ατετρασσὰ
3201 5193 3261 5250 ω
3334 5197 3463 5247 τεύ-

1887 5277 2041 5332 χεσι,
2085 5277 2208 5315 cum
2254 5258 2437 5331 potius
2483 5258 2767 5315 dicendum
2820 5258 3013 5317 fuisset
3055 5261 3225 5333 τεύχη
3273 5262 3333 5316 ἐν
3378 5281 3467 5317 τε·

1886 5348 2159 5387 τρασσοις.

1923 5348 2498 5474 ρῇῗὲἷιξῖιιιεηόρμῆ
2568 5400 2926 5474 θεοσεϐείας.
2979 5402 3034 5474 In
3087 5403 3272 5474 codice
3321 5400 3455 5474 Fuig,

1890 5470 1978 5543 hic
2020 5470 2169 5543 locus
2208 5470 2280 5525 ita
2322 5473 2553 5543 legitur:
2593 5471 2965 5543 Ὀρμητήριον
3004 5470 3461 5543 θεοσεϐείαςιτῆς

1887 5541 2193 5613 ἔμπροσθεν
2253 5540 3019 5613 μταϐεϐληκυίαίείδωλικῆς
3072 5543 3281 5611 πλάνης
3332 5542 3457 5607 ἐγέ-

1887 5612 2025 5665 νετοζ
2080 5612 2263 5681 Atque
2311 5615 2385 5666 ita
2442 5614 2495 5664 in
2555 5612 2740 5665 Savilii
2793 5616 2977 5667 codice
3028 5614 3303 5681 scriptum
3335 5624 3459 5681 esse

1887 5679 2265 5750 suspicorfex
2306 5694 2381 5736 eo
2432 5685 2575 5751 quod
2625 5682 2855 5751 Saviiius
2896 5693 3005 5736 tres
3052 5694 3230 5751 votes,
3283 5679 3464 5749 όρμῇ,

1888 5748 2117 5824 scilicet,
2166 5748 2570 5824 μεταϐέϐληκεν
2612 5762 2671 5809 et
2721 5750 2960 5824 πλάνης,
3000 5748 3215 5806 lineolis
3261 5748 3466 5805 subno-

1891 5823 2045 5877 tavit.
