4186 6396
718 397 857 454 H87

1220 517 1449 575 CAPUT
1489 519 1781 574 XXXVIII.

719 611 995 678 Quomodo
1035 609 1337 675 Emporium
1364 610 1702 673 Castrorum,
1731 612 1797 664 ob
1836 611 2284 664 ehristiamsmum

859 682 980 734 urbs
1013 681 1154 749 facta
1198 692 1272 734 est
1318 692 1368 736 et
1402 680 1711 735 Constantia
1756 682 2149 752 cognominata.

727 907 734 914 .
784 856 908 913 Jam
938 867 1057 911 tum
1099 856 1366 926 siquidem
1412 857 1465 912 in
1500 856 1789 912 Palaestina
1819 857 1948 911 urbs
1976 853 2285 911 Constantia

717 946 1009 1002 salutarem
1040 945 1355 1015 religionem
1389 945 1662 1013 amplexa,
1711 954 1826 999 tum
1855 961 1886 1000 a
1922 946 2032 1000 Deo
2080 954 2190 998 tum
2220 945 2288 997 ab

716 1038 1044 1105 imperatore
1063 1039 1263 1091 summi
1289 1037 1513 1091 honoris
1537 1039 1892 1107 praerogativa
1911 1036 2287 1091 decorabatur.

716 1127 852 1182 Nam
890 1137 947 1181 et
977 1127 1215 1182 civitatis
1245 1142 1440 1182 nomen
1484 1128 1714 1198 accepit,
1769 1142 1891 1181 cum
1937 1135 2095 1180 antea
2137 1126 2290 1182 vicus

714 1226 900 1284 esset,
934 1226 990 1271 et
1024 1217 1317 1285 pristinum
1350 1231 1543 1272 nomen
1580 1232 1699 1270 cum
1727 1218 2104 1288 prastantiore
2135 1232 2292 1270 voca-

714 1307 878 1371 bulo,
947 1306 1373 1377 religiosissima:
1417 1306 1677 1362 videlicet
1733 1307 1940 1361 sororis
1997 1305 2288 1375 principis,

717 1397 1095 1454 commutavit.

1156 1486 1317 1560 555
1349 1485 1577 1543 CAPUT
1612 1483 1858 1540 xxxrx.

717 1580 870 1648 Quod
912 1581 966 1634 in
1013 1577 1251 1635 Phoenice
1295 1580 1418 1634 urbe
1455 1581 1599 1649 facta
1639 1587 1715 1631 est
1756 1577 2123 1637 Constantina.
2154 1586 2201 1629 et
2237 1578 2292 1630 in

787 1650 911 1705 aliis
945 1653 1155 1704 urbibus
1188 1651 1329 1703 idola
1366 1648 1545 1703 diruta
1583 1657 1633 1703 et
1660 1648 1888 1702 ecclesia:
1923 1658 2218 1701 exstructaa.

792 1807 933 1861 Idem
995 1821 1207 1875 quoque
1235 1806 1475 1875 pluribus
1516 1803 1569 1857 in
1618 1803 1750 1858 locis
1783 1801 2081 1857 factitatum
2107 1800 2284 1861 :verbi

716 1900 889 1969 gratia
915 1898 966 1952 in
1006 1901 1136 1951 urbe
1166 1898 1396 1965 quadam
1435 1893 1745 1959 Phoenices,
1792 1909 1909 1961 quze
1942 1892 2285 1961 imperatoris

718 1989 936 2043 nomine
968 1987 1264 2057 appellatur
1292 2003 1304 2039 :
1331 1988 1486 2056 cujus
1517 1986 1706 2042 incolae
1736 1983 1995 2052 conjectis
2015 1984 2067 2037 in
2109 1983 2285 2052 ignem

717 2079 1204 2133 innumerabilibus
1242 2079 1584 2141 simulacris,
1627 2077 1920 2133 salutarem
1971 2074 2285 2142 religionem

714 2169 947 2239 amplexi
991 2177 1137 2223 sunt.
1168 2166 1275 2223 Sed
1316 2178 1371 2222 et
1420 2170 1472 2223 in
1506 2169 1726 2238 reliquis
1768 2166 2088 2237 provinciis.
2125 2165 2285 2219 innu-

718 2260 852 2314 meri
883 2257 1168 2314 confertim
1202 2259 1268 2312 ad
1310 2258 1603 2311 salutarem
1633 2257 1725 2311 Dei
1774 2256 2137 2325 cognitionem
2167 2268 2288 2308 sese

715 2350 1126 2412 transferentes,
1171 2364 1268 2419 per
1309 2353 1474 2403 nrbes
1516 2358 1572 2402 et
1601 2363 1761 2417 agros
1798 2347 1945 2401 varia
1996 2343 2286 2400 simulacra

714 2456 782 2495 ex
813 2441 990 2495 omnis
1015 2442 1227 2509 generis
1262 2441 1488 2496 materia
1534 2439 1848 2500 fabrefacta,
1873 2454 1991 2508 qua:
2013 2437 2164 2506 prius
2190 2452 2288 2504 pro

716 2533 891 2586 sacris
928 2533 1252 2597 habuerant,
1300 2532 1653 2587 aboleverunt
1696 2547 1710 2595 ;
1753 2531 1952 2599 templa
1988 2545 2174 2586 eorum
2225 2544 2289 2585 ac

717 2621 938 2676 delubra
973 2623 1024 2674 in
1050 2622 1364 2676 immensam
1394 2623 1730 2677 altitudinem
1765 2622 2001 2688 sublata,
2035 2620 2180 2675 nullo
2201 2618 2291 2687 ju-

716 2714 880 2769 bente
924 2716 1321 2778 destruxerunt,
1379 2716 1641 2771 ecclesias
1685 2732 1813 2771 vero
1850 2731 1879 2770 a
1927 2715 2289 2771 fundamentis

716 2805 1068 2869 mdiiicantes,
1117 2807 1404 2876 pristinam
1441 2822 1593 2861 suam
1627 2807 1949 2861 sententiam
1990 2818 2082 2861 aut
2106 2807 2288 2876 potius

718 2911 958 2953 errorem
999 2907 1367 2952 mutaverunt.
1396 2896 1595 2952 Verum
1626 2899 1737 2953 Deo
1764 2898 2013 2953 amabilis
2056 2898 2287 2967 impera-

719 2988 852 3042 toris
882 3002 969 3043 res
1002 3000 1179 3057 gestas
1206 2989 1521 3058 singillatim
1557 3002 2010 3054 commemorare,
2038 3004 2146 3044 non
2180 2999 2287 3042 tam

719 3090 960 3133 nostrum
997 3090 1099 3144 est,
1133 3096 1293 3150 quam
1330 3081 1540 3135 illorum
1563 3083 1653 3151 qui
1683 3082 1901 3137 assidue
1926 3098 2049 3137 cum
2077 3098 2141 3137 eo
2162 3098 2287 3136 ver-

1410 395 1694 455 ‘EUSEBII
1736 390 2212 452 CESARIENSIS
2250 391 2401 447 OPP.
2443 392 2622 449 PARS
2658 392 2699 449 l.
2738 426 2810 439 —-
2846 394 3236 453 IIISTORICA.

2314 521 2363 575 Α

3834 402 3981 460 M83

2894 517 3291 570 ΚΕΦΑΛΑῙΟΝ
3352 518 3481 571 AH’.

2393 603 2582 670 Ὅπως
2618 606 2696 677 τὸ
2734 605 3364 675 ΓαζαίωνἜμπόριον,
3401 609 3500 663 διὰ
3549 625 3657 661 τον
3697 611 3982 677 Χριστια-

2456 676 2676 799 νιοςῧὸν
2724 677 3020 745 ἐπολίσθη
3044 718 3059 743 ,
3092 678 3190 730 καὶ
3226 682 3644 734 Κωνστάντεια
3668 676 3981 750 προσηγο·

2450 759 2562 811 ρευ
2600 762 2660 813 η.

2459 836 2600 906 Ἤδη
2631 836 2731 907 μὲν
2761 831 2853 890 οὖν
2890 837 2984 889 ἐπὶ
3009 835 3104 889 τοῦ
3138 828 3508 893 Παλαιστινῶν
3539 837 3725 903 ἔθνους
3746 840 3781 910 ἡ
3811 839 3979 893 Κων-

2392 922 2645 980 στάντεια
2669 927 2770 998 τὴν
2801 928 3063 998 σωτήριον
3086 927 3503 999 ἐπιγραψαμένη
3530 927 3856 991 θεοσέϐειαν,
3880 930 3978 983 καὶ

2391 1018 2521 1089 παρ’
2544 1017 2692 1088 αὑτῷ
2716 1018 2867 1089 Θεῷ,
2903 1022 3005 1073 καὶ
3029 1018 3177 1092 παρὰ
3208 1019 3416 1089 βασιλεῖ
3454 1020 3622 1091 τιμῆς
3663 1021 3977 1092 κρείττονος

2389 1109 2626 1178 ἠξιοῦτο,
2655 1110 2809 1175 πόλις
2840 1110 2939 1182 μὲν
2983 1112 3345 1181 ἀποφανεῖσα,
3390 1111 3419 1165 δ
3468 1112 3543 1184 μὴ
3585 1113 3848 1186 πρότερον
3878 1108 3970 1186 ἧν,

2390 1199 2670 1270 ἀμείψασα
2712 1202 2769 1255 δὲ
2835 1202 2933 1275 τὴν
2968 1202 3341 1275 προσηγορίαν
3391 1203 3665 1276 ἐπωνύμῳ
3698 1204 3971 1277 κρείττονι

2392 1290 2677 1357 θεοσεϐοῦς
2703 1292 2937 1364 ἀδελφῆς
2966 1293 3248 1363 βασιλέως.

2900 1474 3298 1529 ΚΕΦΑΛΔΙΟΝ
3334 1473 3457 1530 ΛΘ’.

2394 1565 2659 1636 Ὀτιίὲπί
2681 1564 2791 1631 τῆς
2819 1567 3106 1630 Φοινίκης
3145 1566 3440 1636 erratica?)
3477 1566 3615 1636 μέν(
3640 1584 3762 1634 τις,
3798 1568 3869 1621 ἐν
3900 1568 3970 1624 δὲ

2459 1635 2589 1702 ταῖς
2622 1635 2840 1708 ἄλλαις
2871 1636 3126 1708 πόλεσιν
3150 1634 3408 1688 εἰδώλων
3445 1634 3562 1707 μὲν
3586 1634 3663 1708 ἦν
3694 1639 3966 1707 καθαίρε-

2462 1722 2581 1771 σις,
2607 1705 2951 1772 ἐκκλησιῶν
2976 1705 3044 1757 δὲ
3073 1705 3455 1761 κατασκευαῇ

2464 1794 2669 1847 Ταυτδν
2697 1793 2753 1846 δὲ
2778 1795 2872 1846 καὶ
2898 1793 3081 1863 ἕτεραι
3113 1793 3331 1856 πλείους
3359 1794 3739 1866 διεπράττοντο
3769 1797 3967 1869 χῶραι,

2387 1887 2516 1956 ὼςὴ
2554 1884 2646 1937 ἐπὶ
2684 1884 2777 1937 τοῦ
2810 1886 3069 1939 Φοινίκων
3121 1885 3324 1950 ἔθνους,
3353 1887 3514 1940 αὐτοῦ
3561 1886 3824 1957 βασιλέως
3873 1893 3972 1944 ὲπ-

2385 1978 2494 2030 ώνυ
2503 1994 2623 2049 μοςο
2649 1972 2715 2049 ἦς
2727 1979 2775 2029 οί
2793 1977 3004 2032 πολῖται
3021 1978 3082 2031 δυ
3091 1979 3304 2049 σεξαρίθ
3313 1997 3455 2050 μητα
3480 1979 3679 2042 ξοάνων
3701 1981 3969 2052 ἱδρύματα

2388 2068 2520 2139 πυρὶ
2568 2066 2938 2137 παραδόντες,
2978 2066 3073 2119 τὸν
3114 2069 3381 2133 σωτήριον
3443 2067 3971 2138 ἀντικατηλλάξαντο

2386 2158 2569 2227 νόμον.
2611 2158 2721 2210 Καὶ
2756 2158 2840 2226 ἐφ’
2874 2159 3074 2229 ἐτέρων
3114 2159 3158 2210 δ’
3213 2157 3524 2228 ἐπαρχιῶν,
3564 2158 3853 2229 αὐτόμολοι
3899 2156 3968 2223 τῇ

2390 2249 2641 2320 σωτηρίῳ
2674 2248 2987 2321 προσιόντες
3015 2246 3211 2316 γνώσει
3236 2286 3252 2312 ,
3287 2248 3472 2319 ἀθρόοι
3498 2248 3639 2301 κατὰ
3663 2248 3851 2322 χώρας
3876 2256 3969 2305 καὶ

2388 2340 2530 2393 κατὰ
2550 2340 2748 2403 πόλεις,
2765 2339 2833 2391 τὰ
2859 2338 2956 2409 μὲν
2979 2338 3219 2409 πρότερα
3241 2338 3426 2403 αὐτοῖς
3449 2339 3570 2410 ἱερὰ
3584 2342 3966 2411 νενομισμένα,

2387 2434 2445 2485 ὲν
2475 2430 2578 2504 ὕλῃ
2613 2430 2880 2483 παντοίων
2910 2429 3110 2493 ξοάνων
3135 2429 3285 2491 δντα,
3316 2429 3513 2481 ὡσανεὶ
3536 2429 3594 2482 τὸ
3626 2429 3790 2499 μηδὲν
3817 2430 3968 2494 ὄντα,

2387 2523 2676 2585 ἠφάνιζον,
2707 2519 2867 2584 ναούς
2911 2521 2957 2574 τ’
3003 2519 3183 2574 αὐτῶν
3213 2520 3312 2574 καὶ
3350 2520 3552 2592 τεμένη
3584 2521 3666 2585 είς
3703 2520 3837 2590 ὕψος
3870 2525 3971 2594 ᾕρ-

2388 2612 2548 2686 μένα,
2582 2612 2808 2683 μηδενὸς
2834 2610 3240 2675 ἐπικελεύοντος
3271 2611 3565 2683 καθῄρουν,
3595 2611 3896 2684 ἐκκλησίας
3921 2612 3968 2667 δ’

2388 2705 2453 2757 ὲκ
2484 2704 2749 2763 θεμελίων
2790 2703 3114 2767 άνιστῶντες
3139 2744 3154 2767 ,
3200 2703 3299 2773 τῆς
3340 2704 3610 2775 προτέρας
3646 2703 3972 2776 ἀντικατηλ-

2387 2793 2648 2849 λάσσυντο
2672 2793 2918 2865 γνώμης,
2952 2795 3068 2863 ἤτοι
3103 2793 3329 2861 πλάνης.
3371 2794 3530 2847 Ἀλλὰ
3558 2794 3667 2866 γὰρ
3693 2795 3814 2849 καθ’
3839 2795 3970 2849 ἐκα-

2389 2902 2489 2941 στα
2521 2887 2754 2959 γράφειν
2780 2886 2891 2953 (95)
2932 2884 3039 2937 τῶν
3085 2885 3179 2938 τοῦ
3224 2884 3507 2955 θεοφιλοῦς
3545 2885 3797 2958 πράξεων
3819 2927 3834 2950 ,
3872 2887 3972 2957 οὐχ

2386 2978 2654 3050 ἡμέτερον
2690 2979 2757 3032 ἂν
2794 2979 2878 3047 εἴη
2925 2977 3154 3046 μᾶλλον,
3192 2978 3225 3048 ἢ
3267 2976 3376 3029 τῶν
3417 2977 3508 3029 τὸν
3554 2978 3733 3032 πάντα
3779 2977 3971 3049 χρόνον

2391 3072 2626 3124 συνεῖναι
2657 3066 2812 3137 αὑτῴ
2846 3067 3267 3138 κατηξιωμένων
3293 3086 3304 3097 ·
3343 3068 3503 3137 ἡμεῖς
3534 3068 3579 3121 δ’
3612 3070 3669 3120 ὲν
3712 3067 3877 3139 ὀλίγῳ
3902 3067 3972 3122 τὰ

718 3169 825 3223 sari
863 3180 1196 3225 meruerunt.
1217 3170 1324 3224 Nos
1346 3186 1473 3226 vero
1497 3173 1711 3240 quando
1726 3187 1788 3227 ea
1810 3187 1929 3243 quae
1955 3173 2020 3225 ad
2049 3182 2284 3227 nostram

2389 3163 2520 3232 ἡμῖν
2559 3158 2930 3229 διεγνωσιιένα
2966 3159 3091 3230 τῇδε
3144 3157 3472 3230 παραδόντες
3510 3161 3576 3229 τῇ
3610 3162 3796 3230 γραφῇ
3834 3159 3965 3229 (94),

718 3263 960 3316 notitiam
991 3274 1384 3333 pervenerunt,
1415 3264 1468 3318 in
1507 3264 1612 3319 hoc
1658 3280 1821 3334 opere
1860 3265 2099 3319 breviter
2122 3280 2288 3335 expo-

714 3351 1011 3421 suerimus,
1037 3350 1104 3405 ad
1124 3362 1428 3407 extremum
1450 3352 1571 3423 ejus
1598 3353 1723 3409 vita:
1753 3362 1964 3425 tempus
2009 3362 2284 3427 transgre-

715 3441 944 3495 diemur.

1312 3512 1544 3569 CAPUT
1579 3513 1694 3569 XL.

715 3603 870 3670 Quod
919 3622 1039 3681 eum
1102 3609 1269 3681 trinis
1303 3609 1676 3666 deeennalibus
1726 3620 1829 3665 tres
1876 3612 2017 3681 ﬁlios
2051 3612 2288 3670 Ca’sares

782 3679 1059 3797 creafisset
1087 3717 1105 3744 ,
1150 3680 1534 3735 dedicationem
1593 3682 1837 3752 martyrii
1877 3679 2286 3754 Hierosolymis

785 3762 843 3797 ce
866 3763 891 3797 ε
930 3759 1076 3797 rovtt.

785 3759 1076 3800 celebravit.

787 3836 977 3891 Annus
1002 3836 1111 3903 jam
1155 3838 1370 3906 imperii
1402 3838 1546 3895 illius
1573 3838 1879 3895 tricesimus
1906 3840 2286 3912 peragebatur.

717 3925 853 3982 Tres
878 3939 1059 3982 autent
1102 3929 1216 3997 ejus
1264 3930 1358 3984 lilii
1410 3932 1576 3987 variis
1625 3932 1960 4000 temporibus
2003 3944 2287 3989 consortes

715 4019 930 4090 imperii
971 4020 1187 4077 fuerant
1237 4022 1554 4077 renuntiati.
1584 4023 1799 4078 Primus
1846 4025 1938 4093 qui
1991 4024 2130 4094 patri
2167 4033 2288 4080 erat

715 4112 1087 4182 cognominis,
1112 4112 1324 4169 decimo
1364 4113 1585 4170 circiter
1620 4115 1831 4185 paterni
1880 4115 2087 4184 imperii
2120 4130 2283 4181 anno,

712 4202 860 4259 hunc
901 4204 1159 4259 honorem
1211 4205 1454 4263 sortitus.
1508 4204 1791 4262 Secundus
1834 4207 1920 4261 avi
1958 4208 2039 4261 sui
2087 4222 2285 4262 nomen

714 4293 957 4357 referens
979 4294 1126 4349 circa
1161 4299 1406 4364 parentis
1436 4296 1517 4351 sui
1550 4297 1848 4352 vicennalia
1879 4298 2063 4353 Caesar
2081 4308 2165 4353 est
2193 4299 2286 4354 de-

713 4384 965 4440 claratus.
1012 4385 1227 4440 Tertius
1272 4384 1565 4451 Constans,
1595 4388 1687 4457 qui
1725 4388 2062 4457 praesentiam
2091 4398 2147 4443 et
2172 4397 2284 4443 sta-

654 4538 662 4547 .
712 4473 973 4529 bilitatem
1024 4490 1123 4530 suo
1171 4476 1391 4530 nomine
1424 4476 1707 4547 designat,
1753 4478 2028 4533 tricesimo
2064 4481 2283 4535 circiter

713 4570 918 4635 paterni
950 4567 1287 4637 principatus
1332 4584 1475 4623 anno
1501 4570 1567 4623 ad
1614 4570 1717 4624 hoc
1748 4569 2019 4638 fastigium
2045 4582 2127 4626 est
2155 4585 2279 4625 eve-

713 4671 851 4714 ctus.
882 4660 958 4715 Ita
985 4677 1105 4716 cum
1140 4663 1206 4716 ad
1245 4663 1533 4730 quamdam
1563 4662 1845 4718 Trinitatis
1872 4664 2278 4719 similitudinem

715 4759 827 4806 tres
849 4752 983 4808 ﬁlios
1003 4755 1111 4808 Deo
1133 4753 1390 4808 amabiles
1401 4752 1731 4816 sustulisset,
1748 4753 2077 4824 eosdemque
2098 4757 2283 4824 singu—

714 4836 780 4892 lis
798 4837 1051 4895 decennis
1064 4841 1129 4895 ad
1148 4843 1477 4898 consortium
1495 4843 1706 4912 imperii
1723 4850 2056 4913 cooptasset,
2074 4853 2283 4910 tempus

807 4992 899 5065 9'5)
937 4990 1080 5049 Καθ’
1125 4994 1354 5050 ἕκαστα
1402 4994 1668 5065 τράφειν.
1710 4996 1766 5051 1η
1807 4995 1996 5051 codice
2040 4995 2208 5065 Regio
2234 5011 2288 5052 et

706 5061 846 5116 Fuk.
878 5064 1139 5135 scriptum
1166 5078 1250 5120 est
1290 5061 1603 5119 καθέκαστα
1634 5083 1735 5119 una
1767 5082 1920 5127 voce.
1945 5067 2086 5135 quod
2116 5061 2288 5135 magis

708 5135 903 5209 probo.
934 5133 1190 5201 Sequitur
1234 5138 1375 5209 enim
1418 5136 1526 5189 τῶν
1543 5136 1650 5209 ⁸τοῦ
1682 5133 1975 5209 θεοφιλοῦς
2010 5133 2285 5209 πράξεων.

707 5202 904 5257 Melius
936 5211 1113 5256 tamen
1148 5206 1475 5258 scriberetur
1500 5206 1569 5259 τὰ
1603 5202 1934 5263 καθέκαστα.

786 5271 900 5345 (94)
938 5272 1314 5345 Παραδότςτες
1344 5273 1418 5342 τῇ
1456 5276 1673 5345 τραφῇ.
1713 5279 1981 5344 Interpres
2024 5285 2166 5330 hunc
2209 5275 2290 5328 lo-

709 5341 835 5409 cum
865 5341 937 5416 ita
966 5347 1127 5396 vertit
1148 5341 1301 5416 :ANos
1333 5341 1721 5413 veroquo'niam
1743 5341 1966 5400 breviter
1990 5362 2108 5416 qua:
2139 5347 2288 5399 nobis

710 5423 838 5464 nota
879 5412 1120 5480 fuerunt,
1167 5414 1464 5467 litterarum
1492 5412 1854 5470 monumentis
1897 5412 2282 5470 mandauimus.

716 5483 826 5550 Ego
859 5497 990 5537 vero
1030 5482 1102 5534 ita
1140 5483 1467 5552 interpretor
1496 5484 1825 5553 :Posiquam
1873 5502 1933 5539 ea
1979 5499 2096 5552 qua:
2133 5486 2284 5538 nobis

713 5561 839 5605 uota
869 5561 991 5607 sunt
1029 5552 1251 5606 breuiter
1282 5552 1699 5618 exposuerimus,
1734 5557 1802 5608 ad
1835 5564 2127 5609 extremum
2167 5555 2282 5622 ejm

713 5632 828 5677 uiue
856 5633 1058 5690 tempus
1091 5638 1378 5676 sermonem
1417 5624 1815 5691 transferemus.
1843 5628 1973 5692 Qua:
2016 5627 2291 5692 interpre-t

714 5693 846 5745 tatio
885 5693 1003 5747 sine
1042 5693 1208 5746 dubio
1260 5693 1459 5747 rectior
1504 5705 1618 5757 est,
1664 5704 1719 5748 et
1765 5695 1944 5750 verbis
1986 5709 2048 5748 ac
2101 5694 2282 5747 sensui

714 5758 928 5832 Eusebii
961 5765 1132 5832 magis
1161 5763 1430 5831 congruit.
1458 5759 1592 5817 Nam
1623 5764 1668 5819 si
1701 5762 1965 5819 Eusebius
2010 5764 2084 5817 ita
2124 5763 2284 5816 intel-

713 5827 963 5899 lexisset,
1007 5827 1079 5886 υῐ
1114 5827 1292 5889 sensit
1329 5832 1622 5904 interpres,
1673 5836 1897 5902 dixisset
1948 5833 2049 5902 ἥδη
2098 5848 2282 5901 παραυ

2390 3253 2482 3306 ἐπὶ
2520 3251 2611 3307 τὸν
2649 3250 2878 3305 ὕστατον
2920 3248 3085 3303 αὑτοῦ
3127 3251 3224 3321 τῆς
3257 3248 3404 3321 ζωῆς
3439 3250 3810 3323 διαϐησόμεθα
3843 3251 3970 3323 χρό-

2387 3360 2500 3400 νον.

2913 3514 3310 3570 ΚΕΦΑΛΑῙΟΝ
3343 3515 3431 3567 Μ’.

2390 3606 2509 3660 Ὅτι
2546 3606 2617 3661 ἐν
2647 3606 2803 3674 τρισί
2863 3606 3238 3674 δεκαετηρίσι
3271 3607 3428 3673 τρεῖς
3466 3604 3639 3673 υἱοὺς
3668 3605 3970 3672 βασιλέα(

2456 3677 2867 3746 ἀναγορεύσας
2889 3718 2904 3742 ,
2938 3677 3009 3730 τὰ
3046 3677 3315 3747 ἐγκαίνια
3359 3676 3467 3731 τοῦ
3514 3677 3587 3731 ἐν
3628 3678 3968 3740 Ἰεροσολύ-

2451 3764 2589 3816 μοις
2620 3747 2952 3815 μαρτυρίου
2986 3747 3294 3814 προῦθετο.

2463 3836 2825 3908 Ἐπληροῦντο
2848 3837 2946 3907 μὲν
2966 3837 3112 3908 αὐτῷ
3132 3837 3427 3908 τριάκοντα
3448 3835 3709 3890 ἐνιαυτῶν
3730 3834 3967 3908 περίοδοι

2388 3929 2490 4000 τῆς
2518 3929 2794 4000 βασιλείας
2827 3930 2968 4000 (95)'
3004 3930 3211 4000 (παῖδες
3238 3930 3295 3983 δὲ
3340 3932 3510 4001 τρεῖς)
3561 3930 3841 4003 διαφόροις
3881 3933 3969 3985 ἀνι

2390 4020 2696 4074 εδείκνυντο
2725 4019 2934 4091 χρόνοις
2955 4036 2968 4050 ’
3004 4020 3032 4072 ὁ
3057 4019 3153 4092 μὲν
3178 4022 3463 4092 ὁμώνυμος
3509 4018 3587 4091 τῷ
3621 4021 3790 4092 πατρὶ
3814 4021 3969 4076 Κυν-

2387 4116 2682 4178 σταντῖνος,
2702 4114 2916 4184 πρῶτος
2939 4115 3224 4184 μετασχὼν
3256 4116 3353 4186 τῆς
3382 4114 3545 4185 τιμῆς
3579 4113 3720 4184 ἀμφὶ
3748 4111 3847 4183 τὴν
3872 4110 3969 4168 τοῦ

2386 4203 2592 4275 πατρὸς
2622 4201 3013 4273 δεκαετηρίδαο
3048 4204 3076 4256 ό
3118 4204 3175 4255 δὲ
3214 4202 3464 4274 δεύτερος
3503 4204 3568 4273 τῇ
3603 4200 3696 4255 τοῦ
3740 4200 3970 4254 πάππου

2385 4296 2758 4367 κοσμούμενος
2782 4296 3075 4366 ὁμωνυμία
3102 4296 3499 4358 Κωνστάντιος,
3529 4294 3674 4364 ἀμφὶ
3699 4292 3797 4364 τὴν
3830 4294 3974 4345 είκα-

2387 4386 2715 4459 σαετηρικὴν
2762 4387 3069 4457 πανήγυριν
3111 4384 3577 4457 ἀνηγορευμένοςο
3625 4384 3655 4436 ό
3694 4382 3753 4435 δὲ
3785 4383 3973 4454 τρίτος

2385 4477 2668 4545 Κώνστας,
2695 4482 2786 4533 τὸν
2823 4478 3092 4531 ἐνεστῶτα
3119 4478 3215 4530 καὶ
3256 4475 3564 4530 συνεστῶτα
3607 4473 3685 4545 τῷ
3705 4473 3808 4544 τῆς
3864 4474 3970 4527 ἑπ-

2382 4588 2489 4624 ωνυ
2498 4571 2633 4640 μίας
2643 4570 2989 4641 προσρήματι
3006 4585 3071 4639 ση
3081 4567 3302 4638 μαίνων,
3320 4567 3463 4638 ἀμφὶ¹
3480 4565 3580 4636 τὴν
3598 4564 3788 4636 τρίτην
3802 4563 3969 4618 δεκά-

2382 4662 2448 4717 δα
2470 4660 2832 4736 προηγμένος.
2863 4658 3018 4713 Οῦτω
3055 4659 3119 4730 δὴ
3154 4657 3370 4730 τριάδος
3404 4656 3546 4728 λόγῳ
3559 4655 3780 4728 τριττὴν
3802 4655 3971 4728 γονὴν

2386 4754 2590 4807 παίδων
2641 4750 2859 4820 θεοφιλῆ
2904 4749 3267 4821 κτησάμενος,
3315 4747 3517 4817 ταύτην
3543 4745 3595 4816 ῤ’
3630 4745 3717 4816 ἐφ’
3760 4745 3969 4819 ἑκάστῃ

2389 4843 2623 4915 περιόδῳ
2646 4841 2934 4905 δεκαέτους
2972 4841 3163 4913 χρόνου
3190 4838 3302 4912 (96)
3358 4840 3658 4911 εἰσποιήσει
3684 4838 3783 4908 τῆς
3814 4837 3967 4909 βασι-

2383 4996 2585 5051 δόντες.

2606 5063 2878 5135 Περίοδοι
2923 5062 3035 5131 τῆς
3075 5063 3421 5135 βασιλείας.
3461 5062 3594 5118 Post
3627 5065 3743 5121 haec
3777 5063 3968 5135 verba,

2385 5133 2585 5189 omissa
2618 5145 2737 5187 erat
2786 5134 2924 5188 linea
2973 5138 3026 5186 in
3058 5136 3246 5204 codice
3294 5133 3481 5204 Regio,
3522 5144 3579 5187 et
3628 5134 3970 5204 in_editione

2387 5203 2673 5270 Stephani,
2711 5219 2873 5272 quam
2902 5204 3115 5272 quidem
3147 5203 3219 5272 ita
3258 5200 3504 5269 suppleto
3535 5204 3626 5257 εὲν
3661 5200 3744 5266 οἷς
3777 5202 3972 5264 παῖδες

2386 5272 2549 5348 αῦτῷ-
2584 5271 2742 5344 τρεῖς
2773 5271 3018 5348 κοινφνο)⁵
3057 5272 3176 5348 trag
3196 5271 3472 5348 βασιλείας
3507 5274 3819 5348 διαφόροις,
3855 5283 3968 5348 etc.

2387 5341 2643 5412 Ejusdem
2678 5344 2919 5412 vocabuli
2971 5341 3246 5412 βασιλείας
3303 5345 3555 5411 repetitio
3605 5341 3735 5398 fecit
3775 5352 3835 5397 ut,
3883 5344 3969 5393 in-

2391 5411 2540 5480 tegra
2576 5411 2817 5481 linea'ab
2853 5411 3160 5481 antiquaria
3190 5413 3353 5466 nimis
3382 5425 3704 5481 properante
3747 5412 3972 5481 ouititte-

2389 5495 2559 5537 retur.
2606 5480 2664 5535 In
2709 5482 2901 5563 codice
2946 5480 3086 5563 If‘uk.
3125 5481 3323 5563 legitur
3368 5480 3647 5563 διαφόροις
3685 5480 3973 5563 ἀνεδεί-

2387 5568 2581 5606 κνυντο
2625 5550 2839 5624 χρόνοις
2871 5554 3091 5619 optime.
3125 5550 3199 5603 Ita
3232 5552 3392 5606 unius
3420 5550 3623 5623 voculae
3656 5552 3970 5621 ailjectione

2388 5624 2476 5677 hic
2525 5626 2679 5676 locus
2726 5622 2993 5689 expletur.
3048 5620 3284 5675 Savilius
3335 5637 3464 5676 vero
3512 5623 3689 5676 tribus
3741 5620 3973 5673 vocibus

2392 5692 2595 5746 additis
2650 5694 2827 5745 locum
2876 5692 3189 5760 supplevit.
3225 5692 3447 5758 perinde
3497 5706 3561 5745 ac
3609 5691 3852 5757 Scaliger
3905 5703 3974 5741 ac

2388 5761 2938 5832 Christopborsonus.
2967 5759 3150 5823 παῖδες
3174 5759 3406 5832 δελτρεὶξς
3428 5760 3722 5832 διαφόροις,
3749 5771 3855 5832 etc.

2458 5831 2573 5900 (96)
2619 5826 2745 5898 Ἐφ’
2784 5826 3008 5899 ἑκάστῃ
3049 5826 3303 5899 περιόδῴ
3351 5826 3668 5897 δεκαέτοὺς
3715 5829 3965 5899 χρόνου.
