4186 6394
300 409 436 461 1489

1358 414 1361 417 ’
1412 403 1502 459 DE
1542 403 1707 459 VITA
1744 401 2216 460 CONSTANTINI
2259 401 2387 457 LIB.
2428 401 2519 458 IV.

3443 400 3584 456 “90

286 521 447 586 ’λείας
477 522 736 593 τιμήσας,
766 519 846 594 τῷ
884 521 1221 593 παμϐασιλεῖ
1264 522 1369 576 τῶν
1395 523 1531 577 ὅλων
1565 524 1892 595 εὐχαριστὴ-

1996 523 2251 591 deinceps
2268 521 2649 577 tricennaliutn
2669 534 2891 577 suorum
2920 517 3439 588 opportunissimum
3462 536 3584 576 esse
3620 534 3627 541 '

305 632 417 685 ριον
450 615 641 685 καιρὸν
678 614 788 685 (97)
819 614 1072 687 εὔκαιρον
1101 611 1241 669 εἶναι
1269 617 1360 670 τὸν
1397 618 1496 688 τῆς
1535 618 1699 671 αὑτοῦ
1737 636 1890 691 τρια-

301 708 718 785 κονταετηρίδος
757 709 944 778 ἠγεῖτο
967 724 981 738 ·
1022 709 1115 761 καὶ
1159 707 1224 780 δὴ
1263 708 1358 762 τοῦ
1402 709 1460 762 ὲν
1498 709 1890 780 Ἰεροσολύμοις

302 802 452 873 αὐτῷ
500 804 597 856 σὺν
635 802 786 873 πάσῃ
832 798 1105 871 φιλοκάλῳ
1153 801 1356 872 σπουδῇ
1414 802 1888 873 κατειργασμένου

307 896 606 967 μαρτυρίου
638 896 939 966 προσήκειν
981 894 1080 965 τὴν
1114 894 1414 966 ἀφιέρωσιν
1442 893 1794 966 ποιήσασθαι,
1827 890 1887 948 εὖ

301 988 446 1061 ἔχειν
473 988 787 1060 ἐδοκίμαζε.

810 1078 1205 1133 ΚΕΦΑΛΑΙΟΝ
1242 1079 1378 1132 MA'.

299 1172 432 1228 Ὀτι
462 1171 562 1227 διὰ
604 1171 679 1226 τὰ
724 1173 853 1226 κατ’
898 1172 1205 1251 ᾼιγυπτον
1246 1170 1583 1296 ζητήέιιατα,
1625 1170 1892 1225 σύνοδον

395 1246 483 1296 sic
525 1243 712 1296 Τύρον
751 1243 821 1296 ἐν
863 1259 945 1296 τω
993 1240 1216 1296 ιιεταεὺ
1263 1258 1369 1296 rer
1402 1246 1542 1296 σθαι
1591 1242 1890 1296 προσέτα-

395 1246 483 1378 iis;
525 1243 712 1312 Τύρον
751 1243 821 1296 ἐν
863 1241 945 1309 τῷ
982 1240 1216 1313 μεταξὺ
1263 1240 1542 1311 γενέσθαι
1591 1242 1890 1305 προσέτα-

436 1331 524 1367 εν.

392 1403 703 1469 Μισόκαλος
729 1404 787 1458 δὲ
814 1404 919 1457 κάν
949 1403 1125 1475 τούτῳ
1152 1402 1367 1473 φθόνος,
1410 1404 1575 1457 οἱονεὶ
1602 1402 1713 1477 (98)
1764 1404 1891 1458 σκό-

299 1512 411 1548 τιον
432 1496 591 1565 νέφος
622 1494 1256 1567 τηλαυγεστάταιςδὴλίου
1288 1495 1699 1566 μαρμαρυγαῖς,
1724 1493 1893 1546 ὑπαν-

299 1589 498 1658 τήσας.
525 1587 586 1641 τὸ
613 1586 837 1659 φαιδρὸν
869 1588 969 1656 τῆς
997 1584 1362 1657 πανηγύρεως
1391 1584 1641 1657 θορυϐεῖν
1667 1584 1884 1656 ἐπείρα,

299 1680 400 1743 τὰς
422 1679 542 1734 κατ’
575 1679 850 1749 Αἴγυπτον
890 1677 1216 1750 Ἐκκλησίας
1248 1673 1402 1741 αὖθις
1433 1680 1555 1741 ταῖς
1600 1676 1765 1730 αὑτοῦ
1795 1694 1893 1730 τα-

303 1773 513 1844 ράττων
541 1772 894 1845 ὲρεσχελίαις.
933 1770 1075 1825 Ἀλλ’
1106 1771 1135 1824 ὃ
1158 1786 1223 1839 γε
1240 1769 1319 1842 τῷ
1339 1769 1457 1841 Θεῷ
1483 1769 1697 1841 μεμελη
1707 1768 1887 1840 μένος,

304 1864 518 1919 σύνοδον
543 1861 698 1930 αὖθις
726 1864 994 1918 πλείστων
1009 1862 1324 1917 ἐπισκόπων
1346 1862 1535 1935 ὥσπερ
1561 1862 1697 1917 Θεοῦ
1720 1879 1887 1935 στρα-
1922 1890 1967 1949 Β

299 1960 521 2014 τόπεδον
568 1959 904 2023 καθοπλίσας
927 2000 942 2022 ,
977 1956 1470 2030 ἀντιπαρετάττετο
1522 1955 1600 2029 τῷ
1635 1956 1891 2029 βασκάνῳ

301 2052 536 2123 δαίμονι,
576 2052 635 2119 ἐξ
661 2053 880 2124 ἀπάσης
906 2050 1184 2121 Αἰγύπτου
1213 2050 1309 2103 καὶ
1333 2048 1559 2120 Λιϐύης,
1601 2048 1785 2112 Ἀσίας
1831 2065 1892 2101 τε

302 2143 399 2196 καὶ
430 2142 699 2215 Εὐρώπης
730 2142 1000 2207 σπεύδειν,
1040 2140 1233 2214 πρῶτα
1273 2141 1371 2211 μὲν
1405 2139 1498 2191 ἐπὶ
1521 2138 1618 2209 τὴν
1645 2139 1745 2209 τῆς
1773 2138 1894 2193 δια-

303 2233 484 2305 μάχης
514 2233 689 2297 λύσιν,
726 2230 975 2287 ὲντεῦθεν
1000 2231 1176 2303 δὲτὴν
1204 2230 1505 2301 ἀφιέρωσιν
1540 2228 1635 2283 τοῦ
1689 2229 1895 2301 προλεμ

307 2326 528 2396 χθέντος
555 2323 663 2378 νεὼ
696 2322 967 2378 ποιεῖσθαι
993 2322 1498 2393 διακελευσάμενος
1537 2320 1660 2375 ὁδοῦ
1688 2320 1752 2392 δὴ
1781 2320 1892 2375 πά-

306 2432 522 2489 ρεργον,
548 2417 642 2470 ἐπὶ
676 2416 777 2488 τῆς
818 2415 1083 2469 Φοινίκων
1126 2414 1515 2487 μητροπόλεως
1560 2412 1896 2484 προσέταττε

308 2506 660 2561 διαλύσασθαι
686 2507 786 2571 τάς
813 2505 1124 2578 ὲρεσχελίας
1141 2522 1156 2537 ·
1188 2505 1262 2578 μὴ
1283 2504 1390 2577 γὰρ
1412 2504 1612 2569 ἐξεῖναι
1637 2503 1735 2570 τὰς
1756 2503 1898 2574 γνώ-

313 2614 421 2667 μας
438 2595 823 2669 διῃρημένους,
840 2596 932 2650 ἐπὶ
945 2596 1045 2669 τὴν
1062 2594 1155 2649 τοῦ
1178 2594 1311 2649 Θεοῦ
1337 2599 1594 2668 παρεῖναι
1613 2595 1893 2669 λατρείαν,

308 2687 452 2741 θείου
494 2688 659 2759 νόμου
706 2687 1149 2761 διαγορεύοντος,
1201 2687 1278 2761 μὴ
1329 2687 1595 2760 πρότερον
1640 2687 1710 2742 τά
1748 2687 1897 2760 δῶρα

303 2780 637 2853 προσφέρειν
678 2782 806 2845 τοὺς
836 2783 893 2835 ὲν
927 2781 1162 2854 διαφορᾷ
1206 2781 1609 2852 τυγχάνοντας,
1639 2781 1673 2853 ἢ
1714 2779 1898 2851 φιλίαν

303 2874 728 2945 ἀσπασαμένους
758 2873 889 2946 (99),
921 2876 1016 2928 καὶ
1047 2875 1115 2928 τὰ
1145 2874 1283 2946 πρὸς
1312 2873 1575 2946 ἀλλήλους
1604 2873 1900 2947 εἰρηνικῶς

301 2957 604 3025 διαθέντας.
622 2961 805 3016 Ταῦτα
832 2961 1084 3032 βασιλεὺς
1103 2962 1173 3017 τὰ
1199 2967 1442 3037 σωτήρια
1462 2963 1900 3037 παραγγέλματα

303 3053 372 3124 τῇ
405 3052 570 3106 αὐτοῦ
601 3054 763 3120 αὐτὸς
795 3054 1004 3129 διανοίᾳ
1046 3056 1318 3129 ζωπυρὼν
1338 3097 1353 3124 ,
1389 3058 1488 3111 σὺν
1532 3056 1759 3130 ὁμονοίᾳ
1804 3054 1900 3109 καὶ

308 3148 597 3220 συμφωνίᾳ
639 3150 704 3220 τῇ
748 3149 895 3221 πάσῃ
929 3148 1148 3219 ἔχεσθαι
1187 3150 1297 3203 τῶν
1342 3147 1723 3223 προκειμένων
1748 3188 1764 3214 ,
1808 3145 1900 3203 διὰ

304 3242 523 3313 γραφῆς
549 3239 722 3305 οὕτως
755 3240 987 3313 ἐχούσης
1009 3240 1221 3312 ἐδήλου.

812 3522 1212 3578 ΚΕΦΑΛΑῘΟΝ
1241 3525 1380 3579 MB'.

414 3615 871 3671 Κωνσταντίνου
892 3614 1042 3683 πρὸς
1064 3613 1179 3684 τὴν
1204 3616 1275 3669 ὲν
1312 3616 1473 3685 Τύρῳ
1498 3615 1787 3671 σύνοδον.

385 3721 407 3758 s
437 3705 681 3777 Νικητὴς
714 3706 1140 3772 Κωνσταντίνος,
1169 3704 1441 3775 Μέγιστος
1488 3706 1780 3774 Σεϐαστὸς,
1828 3709 1895 3782 τῇ

308 3796 444 3870 ἁγίᾳ
476 3796 679 3869 συνόδῳ
706 3799 771 3869 τῇ
807 3796 947 3851 κατὰ
969 3796 1166 3867 Τύρον.

384 3905 403 3938 ι
432 3881 541 3939 Ἦν
571 3886 668 3957 μὲν
715 3886 845 3951 ἴσως
875 3886 1167 3942 ἀκόλουθον
1209 3887 1303 3943 καὶ
1326 3890 1392 3961 τῇ
1423 3887 1532 3942 τῶν
1564 3889 1773 3964 καιρῶν
1805 3890 1899 3945 εύ-

308 3977 503 4049 καιρίᾳ
535 3977 768 4047 μάλιστα
797 3978 1027 4050 πρέπον,
1057 3980 1416 4035 ἀστασίαστον
1446 3976 1586 4035 εἶναι
1606 3982 1705 4055 τὴν
1755 3985 1898 4038 καθ-

306 4069 495 4142 ολικὴν
533 4070 876 4141 Ἐκκλησίαν,
899 4072 994 4125 καὶ
1020 4072 1200 4145 πάσης
1231 4072 1498 4146 λοιδορίας
1529 4074 1606 4145 (1)
1633 4076 1760 4139 τοὺς
1798 4075 1891 4130 τοῦ

308 4160 547 4233 Χριστοῦ
606 4161 701 4216 νῦν
739 4163 1083 4235 ἀπηλλάχθαι
1135 4164 1493 4237 θεράποντας.
1535 4168 1689 4222 Ἐπε)⁹
1724 4168 1767 4222 δ’
1799 4170 1899 4242 οὐχ

310 4253 497 4323 ὑγιοῦς
519 4253 855 4326 φιλονεικίας
881 4254 1083 4328 οἴστρῳ
1106 4256 1251 4322 τινὲς
1283 4256 1632 4331 ἐλαυνόμενοι
1673 4258 1756 4335 (οὐ
1784 4260 1895 4335 γὰρ

306 4521 446 4578 Male
482 4521 753 4591 interpres
790 4521 960 4577 vertit
1003 4521 1203 4576 decimo
1237 4538 1443 4593 quoque
1489 4539 1650 4578 anno.
1703 4523 1893 4592 Neque

1994 615 2352 679 existimavit,
2379 632 2488 685 quo
2536 628 2750 668 summo
2780 611 3026 667 omnium
3073 611 3185 681 regi
3228 611 3434 680 gratias
3467 627 3585 682 age-

1996 715 2100 759 ret.
2146 705 2212 759 Et
2259 706 2376 777 ipse
2402 705 2618 776 quidem
2648 705 2913 774 optimum
2963 701 3113 757 factu
3147 717 3265 757 esse
3284 702 3584 773 judicabat,

1996 799 2040 852 si
2078 800 2194 865 ejus
2241 802 2491 871 martyrii
2518 801 2659 868 quod
2712 798 2977 869 singulari
3022 796 3199 852 studio
3233 812 3296 851 ac
3343 797 3585 866 magnili-

1998 893 2175 945 centia
2206 890 2601 964 Hierosolymis
2629 900 3036 954 construxerat,
3076 890 3469 945 dedicationem
3491 905 3585 944 ce-

1997 984 2146 1039 lebra
2156 994 2258 1040 rel.

2480 1076 2645 1148 546
2684 1074 2912 1132 CAPUT
2948 1073 3086 1133 XLI.

2000 1192 2153 1258 Quod
2188 1191 2325 1246 inter
2354 1190 2464 1246 Itan:
2497 1190 2756 1260 synodum
2803 1188 2930 1257 Tyri
2981 1188 3161 1242 haberi
3212 1189 3479 1243 constituit
3519 1188 3584 1244 ob

2268 1258 2539 1333 quasdam
2568 1262 2624 1314 in
2661 1258 2894 1330 Egypto
2930 1261 3334 1316 controversias.

2068 1390 2269 1446 Verum
2299 1388 2514 1445 invidus
2539 1388 2750 1443 daemon
2775 1387 3042 1443 bonorum
3070 1388 3309 1443 omnium
3336 1388 3585 1444 mimicus

1998 1482 2171 1537 instar
2213 1482 2552 1537 densissima:
2594 1479 2875 1548 cujusdam
2938 1481 3099 1535 nubis
3137 1478 3585 1549 splendidissimis

1997 1577 2127 1629 solis
2176 1574 2345 1630 radiis
2383 1589 2506 1629 sese
2540 1575 2886 1643 opponentis,
2929 1573 3093 1639 huius
3141 1572 3474 1628 celebritatis
3500 1574 3587 1627 tti-

2000 1675 2170 1721 torem
2219 1666 2442 1741 turbare
2494 1676 2728 1720 conatus
2772 1673 2899 1732 est,
2961 1663 3326 1720 Ecclesiarum
3366 1662 3587 1734 Algypti

1996 1766 2199 1812 statum
2231 1758 2671 1813 contentionibus
2706 1757 2822 1811 suis
2863 1756 3065 1812 iterum
3115 1755 3453 1810 concutiens.
3479 1753 3586 1810 Sed

1998 1851 2141 1905 enim
2172 1850 2282 1905 Deo
2312 1849 2515 1905 chorus
2551 1849 2850 1919 imperator
2881 1849 3163 1903 collectam
3204 1863 3392 1909 rursus
3419 1847 3587 1917 pluri-

1994 1957 2203 1997 morum
2229 1942 2532 1996 antistitum
2555 1944 2844 2011 synodum,
2865 1939 3011 1995 velut
3036 1939 3273 1993 divinum
3299 1939 3586 2009 quemdam

1992 2032 2291 2087 exercitum
2332 2030 2385 2085 in
2436 2030 2681 2099 praelium
2732 2032 3001 2092 edocens,
3040 2029 3309 2085 malevolo
3354 2029 3586 2085 daemonii

1992 2122 2193 2192 obiecit
2227 2122 2541 2193 :episcopis
2586 2138 2653 2177 ex
2712 2125 2964 2179 universa
2994 2121 3266 2194 .Egypto,
3300 2129 3355 2176 et
3393 2119 3584 2191 Libya,

2000 2215 2127 2269 Asia
2181 2215 2309 2269 item
2357 2223 2412 2269 et
2461 2214 2677 2285 Europa
2734 2214 3027 2270 convenire
3075 2214 3297 2285 jussis:
3350 2214 3585 2284 primum

1994 2306 2213 2375 quidem
2238 2305 2303 2359 ad
2328 2306 2687 2360 dirimendam
2722 2305 3155 2361 controversiam
3178 2346 3194 2369 ,
3222 2304 3419 2359 exinde
3449 2318 3581 2358 vero

1996 2395 2063 2449 ad
2098 2396 2393 2465 supradicti
2418 2396 2663 2467 martyrii
2692 2395 3110 2451 dedicationem.
3137 2393 3374 2451 Proinde
3424 2409 3587 2448 man-

1997 2488 2141 2541 davit
2175 2488 2244 2542 iis
2273 2498 2331 2542 ut
2372 2488 2547 2543 obiter
2578 2489 2633 2543 iu
2674 2487 2896 2543 civitate
2932 2503 3054 2559 quae
3088 2488 3254 2543 totius
3290 2486 3586 2542 Phoenices

1996 2592 2158 2654 caput
2187 2593 2291 2649 est,
2339 2584 2749 2640 controversias
2791 2581 3196 2641 dissolverent:
3231 2598 3408 2653 neque
3442 2582 3586 2637 enim

1997 2674 2082 2731 fas
2108 2690 2251 2740 esse,
2278 2685 2339 2731 ut
2388 2692 2515 2732 cum
2569 2686 2757 2731 mutua
2797 2677 3102 2732 animorum
3149 2673 3486 2730 dissensione
3518 2671 3588 2727 ad

1998 2768 2241 2823 divinum
2278 2769 2483 2824 cultum
2518 2769 2849 2825 accederent
2882 2785 2897 2822 :
2938 2782 3062 2823 cum
3103 2767 3283 2822 divina
3309 2766 3397 2822 lex
3424 2776 3589 2829 vetet.

2000 2874 2068 2915 ne
2100 2860 2507 2929 dissentientes,
2534 2870 2827 2931 antequam
2859 2859 3176 2930 compositis
3204 2859 3349 2914 inter
3374 2872 3432 2913 se
3454 2874 3589 2914 con-

2001 2955 2283 3007 troversiis
2329 2968 2516 3022 pacem
2557 2964 2720 3023 atque
2746 2947 3048 3007 amicitiam
3081 2952 3408 3022 pepigerint,
3440 2954 3583 3006 dona

2000 3060 2096 3099 sua
2131 3044 2362 3100 oﬂ'erant
2394 3045 2523 3100 Deo.
2578 3043 2704 3101 Haac
2753 3044 3012 3100 salutaria
3050 3042 3361 3097 Servatoris
3417 3042 3587 3098 nostri

2001 3134 2321 3189 documenta
2346 3135 2644 3199 imperator
2695 3133 2913 3188 assidua
2945 3133 3280 3205 cogitatione
3323 3130 3547 3185 volvens
3570 3170 3588 3196 .

1925 3235 1973 3298 ε
2006 3239 2129 3281 eum
2157 3225 2307 3281 omni
2340 3226 2648 3281 animorum
2677 3227 3039 3282 consensione
3069 3234 3128 3290 et,
3143 3225 3435 3281 concordia
3460 3240 3588 3295 pro-

1999 3315 2235 3385 positum
2267 3331 2405 3386 opus
2438 3316 2659 3386 aggredi
2691 3315 2924 3383 monuit,
2967 3331 3066 3386 per
3102 3315 3318 3372 litteras
3349 3330 3474 3387 qua:
3509 3316 3588 3372 sic

1999 3420 2061 3462 se
2090 3407 2314 3462 habent.

2581 3514 2812 3575 CAPUT
2854 3515 3017 3572 XLII.

1999 3607 2243 3681 Epistola
2278 3607 2615 3665 Constantini
2643 3610 2714 3664 ad
2741 3611 3001 3681 synodum
3036 3608 3163 3682 Tyri
3196 3620 3587 3680 congregatum.

2076 3720 2098 3755 α
2135 3702 2320 3758 Victor
2344 3702 2753 3770 Constantinus,
2787 3702 2929 3759 Max.
2952 3703 3248 3777 Augustus,
3275 3713 3477 3759 sanctte
3500 3718 3590 3775 sy-

2000 3795 2143 3849 nodo
2173 3804 2513 3866 congregatte
2543 3795 2594 3849 in
2618 3796 2755 3850 urbe
2780 3794 2946 3867 Tyro.

2080 3905 2099 3939 ι
2126 3886 2437 3959 Congruum
2474 3887 2634 3958 plane
2660 3898 2716 3945 et
2745 3889 3094 3960 prosperitati
3141 3897 3445 3960 temporum
3493 3905 3589 3945 no-

2001 3989 2242 4036 atrorum
2298 3991 2727 4037 consentaneum
2776 3991 2921 4049 erat,
2948 3995 3007 4038 ut
3029 3983 3274 4039 Ecclesia
3316 3982 3587 4040 catholica

2000 4087 2197 4142 expers
2229 4073 2517 4128 seditionis
2549 4080 2734 4140 esset,
2767 4082 2824 4128 et
2855 4066 3063 4130 Christi
3116 4074 3302 4129 famuli
3336 4075 3405 4129 ab
3437 4074 3586 4129 omni

2000 4180 2147 4221 nunc
2206 4166 2409 4234 probro
2438 4165 2596 4220 vacui
2627 4172 2811 4222 essent
2841 4180 2907 4221 ac
2949 4165 3128 4221 liberi.
3182 4165 3287 4221 Sed
3323 4164 3585 4235 quoniam

2002 4257 2247 4313 nonnulli
2292 4257 2553 4329 improbae
2591 4258 2963 4314 contentionis
2988 4256 3228 4313 stimulis
3272 4254 3494 4328 agitati,
3519 4269 3589 4311 ne

2000 4518 2221 4591 scripsit
2262 4533 2405 4576 anno
2453 4518 2656 4577 Christi
2688 4519 2816 4589 315,
2860 4518 2954 4591 qui
3002 4525 3087 4575 est
3134 4514 3588 4590 prochronismus

308 4593 701 4647 Constantinus
743 4593 953 4648 decimo
996 4607 1214 4661 quoque
1243 4592 1389 4648 anno
1433 4592 1648 4661 imperii
1699 4595 1782 4649 sui
1828 4597 1890 4650 li-
1925 4594 1967 4649 D
1998 4592 2226 4661 biennii.

309 4663 475 4736 heros
508 4677 639 4736 suos
677 4662 920 4736 Caesares
956 4664 1182 4736 creavit.
1213 4661 1423 4736 Quippe
1467 4662 1719 4736 Cr_isp_um
1768 4666 1889 4736 qui-

309 4733 431 4787 dem
471 4742 528 4789 et
566 4733 985 4787 Constantinum
1034 4731 1276 4788 Caesares
1315 4731 1472 4796 fecit,
1512 4731 1803 4789 Gallicano‘
1834 4745 1889 4789 et

306 4800 480 4875 Basso
509 4817 677 4867 coss.,
706 4800 963 4875 Kalendis
999 4799 1230 4875 Martiis,
1259 4801 1351 4869 qui
1373 4810 1520 4875 _erat
1550 4818 1737 4875 annus
1770 4805 1887 4875 ejus

307 4873 647 4942 principatus
708 4870 1048 4927 undecimus.
1093 4870 1457 4942 _Constantius
1518 4888 1649 4927 vero
1704 4870 1889 4931 Caesar

308 4939 528 4998 creatus
561 4951 644 5012 est
674 4942 954 5012 consulatu
989 4956 1051 4995 ιιι
1079 4939 1261 5012 Crispi
1308 4952 1364 4997 et
1400 4943 1767 5010 Constantini,
1801 4947 1887 5001 die

303 5026 361 5067 Vt
405 5012 530 5068 Idus
562 5011 900 5075 Novembris,
927 5011 1166 5082 bociest,
1196 5011 1338 5082 anno
1371 5013 1584 5082 imperii
1614 5014 1886 5069 Constan-

307 5084 409 5138 tini
460 5098 605 5137 nono
634 5096 707 5153 ac,
740 5082 975 5137 decimo.
1016 5081 1266 5153 Denique
1310 5081 1585 5153 Constans
1629 5086 1813 5139 Caesar
1851 5102 1881 5141 a

306 5162 465 5224 patre
497 5152 838 5224 renuntiatus
869 5162 972 5224 est,
1011 5152 1365 5224 Dalmatiert
1392 5152 1688 5222 Zenophilo
1714 5171 1882 5219 coss.,

307 5221 397 5277 die
436 5237 530 5278 vnt
578 5221 850 5276 Kalendas
898 5221 1226 5286 Ianuarias,
1275 5221 1631 5279 Constantino
1683 5242 1884 5281 annum

306 5292 523 5364 imperii
573 5293 656 5364 s_ui
715 5301 967 5364 octavum
1018 5308 1084 5364 ac
1136 5293 1453 5364 vicesimum
1507 5295 1770 5363 ingresso.
1828 5308 1887 5350 ut

346 5360 455 5419 πίει
479 5379 547 5418 ex
576 5360 760 5416 Fastis
807 5361 983 5416 ldatii.
1011 5363 1192 5430 Quare
1222 5362 1437 5418 Eusebii
1479 5360 1643 5418 verba
1694 5365 1887 5423 melius

333 5443 384 5487 ta
434 5442 719 5489 vertentur
748 5450 764 5487 :
794 5433 1019 5502 singulis
1083 5433 1368 5488 decenniis.
1402 5434 1524 5504 Sed,
1555 5448 1732 5504 neque
1786 5437 1889 5493 hoc

306 5504 467 5558 modo
504 5518 692 5559 verum
721 5505 827 5558 erit
854 5505 999 5573 quod
1028 5504 1168 5558 dixit
1199 5503 1481 5558 Eusebius.
1511 5503 1697 5573 Neque
1735 5509 1882 5561 enim

307 5573 533 5643 Crispus
561 5582 618 5628 et
682 5573 1073 5629 Constantinus
1112 5574 1299 5641 junior
1328 5574 1572 5629 Caesares
1605 5575 1732 5629 facti
1763 5587 1888 5631 sunt

306 5644 361 5698 in
413 5644 586 5712 prima
626 5643 972 5714 decaeteride
1008 5644 1393 5714 Constantini,
1431 5646 1524 5699 sed
1575 5647 1723 5700 circa
1773 5647 1885 5714 pri-

307 5728 449 5767 mam
517 5713 936 5769 decaeteridem.
1005 5713 1193 5783 Itaque
1262 5715 1492 5784 benigna
1555 5713 1884 5785 interpreta-

310 5785 455 5839 tione
491 5794 653 5853 egent
698 5786 812 5838 bare
855 5785 1040 5838 verba.
1069 5785 1222 5853 Quod
1253 5800 1375 5839 cum
1423 5786 1645 5839 minime
1695 5790 1887 5841 adt-cr-

309 5855 463 5909 tisset
522 5855 819 5937 Batonius,
884 5854 1133 5924 Crispum
1187 5853 1455 5912 Cznsarem
1510 5856 1713 5911 factum
1762 5873 1885 5915 esse

2064 4656 2178 4733 (97)
2216 4658 2702 4733 Εὐχαριστήριον
2746 4659 2980 4733 καιρόν.
3060 4656 3413 4733 Νοηᾼὸιιὺίιο
3456 4658 3585 4733 quin

1991 4728 2343 4787 scrilmnduui
2366 4728 2437 4786 sit
2462 4728 2942 4803 eoxeptmptnv,
2966 4729 3107 4803 quod
3137 4728 3309 4803 miror
3340 4729 3587 4803 ab__aliis

1991 4745 2339 4787 scribendum
2366 4745 2437 4786 stt
2462 4745 2596 4803 ευχα
2641 4745 2925 4802 ιστηριων,
3006 4745 3107 4784 uou
3137 4745 3309 4784 mtror
3340 4745 3408 4783 an
3465 4745 3587 4783 ants

1989 4803 2427 4857 animadversum
2455 4818 2560 4855 non
2587 4749 2779 4856 fuisse.
2819 4800 2873 4853 In
2903 4745 3043 4856 Fui.
3098 4800 3289 4854 codice
3324 4798 3589 4854 scribitur

1988 4872 2409 4997 ἱύχαριστήριον
2442 4872 2635 4945 καιρὸν
2666 4872 2763 4926 καὶ
2796 4868 3077 4943 εὔκαιρον,
3115 4869 3257 4939 quod
3297 4885 3406 4925 non
3454 4885 3588 4940 pro-

2026 4960 2080 4997 ο.

2026 4960 2173 5085 0(98)
2234 5006 2729 5085 Vulg.olor_‘slc.
2817 5010 3176 5085 _Scribendum
3240 5025 3350 5063 uno
3417 5009 3588 5085 verbo

1986 5081 2178 5146 οἱονεί,
2210 5094 2268 5137 ιιι
2295 5081 2514 5137 ἰηἸίΙπο
2548 5081 2729 5138 Monei
2764 5082 2832 5134 ad
2894 5082 3189 5151 marginem
3230 5082 3585 5134 emendatum

1993 5155 2200 5217 inveni,
2234 5166 2289 5208 et
2323 5153 2482 5223 paulo
2511 5162 2633 5221 post
2658 5151 2947 5222 legendum
2983 5150 3328 5223 ῦπαντῆσαν.

2066 5224 2182 5294 (99)
2228 5218 2381 5289 Vulg.
2425 5222 2465 5291 ἢ
2491 5218 3200 5294 @tliar'q’smo‘apéroch
3217 5218 3413 5294 Nescio
3463 5220 3586 5294 quis

1989 5293 2059 5347 ad
2077 5291 2419 5364 marginem
2440 5291 2698 5364 editionis
2729 5292 3068 5364 Genevensis
3103 5291 3389 5345 adnotavit
3409 5361 3419 5364 Α
3440 5292 3582 5343 scri-

1986 5361 2236 5417 benduuf
2251 5378 2374 5420 esse
2399 5362 2845 5435 ἀσπασαμένους.
2910 5361 3105 5435 Malim
3153 5370 3333 5435 tamen
3391 5361 3585 5435 _legere

1987 5435 2409 5506 σπεισαμένους.
2441 5435 2495 5487 In
2525 5428 2714 5506 codice
2771 5444 2951 5487 tamen
3008 5430 3225 5487 Fuketii
3278 5445 3341 5484 ac
3388 5428 3582 5482 Savilii

1986 5504 2248 5575 scribitur
2273 5504 2721 5575 ἀσπασαμένους.

2059 5573 2132 5644 (1)
2166 5574 2375 5644 Πάσης
2402 5567 2728 5644 λοιδορίας.
2752 5572 2865 5629 Hoc
2892 5573 3013 5629 loco
3032 5571 3271 5643 λοιδορία
3305 5567 3583 5644 passivam

1986 5640 2149 5699 habet
2191 5640 2959 5715 significationent,idemque
2987 5644 3132 5697 valet
3177 5640 3335 5715 tltlt’td_
3361 5640 3584 5715 illnlil’te

1985 5715 2147 5790 hujus
2171 5708 2817 5790 θμίᾏιοιιεγβλασφημίας.
2859 5708 3039 5790 [itque
3073 5715 3153 5790 _ita
3196 5708 3392 5790 vertit.
3416 5708 3580 5790 Citri-

1986 5780 2381 5857 stopbors'onus
2416 5780 2469 5839 in
2500 5780 2843 5857 libro'primo
2873 5780 3132 5839 Historia:
3190 5780 3580 5836 Ecclesiastt’ca

1986 5854 2325 5926 TlteoJoriti,
2356 5872 2474 5927 cap.
2499 5858 2593 5913 29.
