4186 6420
551 425 681 481 1191

1254 412 1523 470 EUSEBII
1555 408 2041 469 CESARIENSIS
2075 406 2227 463 OPP.
2268 405 2451 461 PARS
2490 407 2530 464 1.
2568 436 2637 449 --
2678 406 3068 465 HISTORICA.

3668 406 3811 464 “99.

549 545 725 598 dicam
770 538 939 594 vitam
991 536 1330 607 professione
1378 550 1478 590 sua
1527 535 1803 605 indignam
1855 543 2119 602 agentes,

2241 531 2288 582 ίν
2306 532 2515 601 εἴποιμι
2549 529 2788 600 βιοῦντες
2815 532 3021 586 ἑαυτῶν
3055 529 3331 602 ἀναξίως),
3371 531 3441 586 τὰ
3472 530 3649 586 πάντα
3680 551 3821 603 συγ-

548 644 742 691 cuncta
783 633 1001 688 turbare
1031 639 1338 697 conantur;
1368 631 1511 700 quod
1545 629 1746 683 malum
1783 628 1977 695 quavis
2032 643 2126 681 ea-

550 727 794 781 lamitate
832 725 1052 796 gravius
1084 724 1214 779 mihi
1246 724 1460 779 videtur
1488 740 1503 776 :
1540 723 1745 777 idcirco
1782 738 1881 776 vos
1910 732 2126 792 Sponte,

548 821 783 873 utaiunt
808 857 826 885 ,
859 828 1143 873 currentes
1197 818 1480 882 adhortor,
1530 825 1590 870 ut
1632 815 1837 884 absque
1866 815 1970 868 ulla
1996 814 2132 869 dila-

552 911 700 965 tione
731 911 783 964 in
815 924 982 963 unum
1033 919 1326 973 coeuntes,
1357 906 1626 979 synodum
1662 907 2024 962 constituatis.
2075 914 2133 960 et

549 1015 652 1068 ope
678 1008 859 1053 vestra
902 998 1275 1068 indigentibus
1319 996 1657 1052 subveniatis
1683 1037 1698 1058 ,
1743 994 2005 1049 fratribus
2035 1008 2131 1064 pe-

550 1090 918 1144 riclitantibus
951 1088 1278 1144 medicinam
1309 1089 1647 1153 adhibeatis,
1673 1086 1835 1158 547
1863 1085 2132 1140 dissiden-

552 1182 625 1236 tia
660 1182 801 1236 inter
832 1196 892 1237 se
926 1181 1171 1235 membra
1206 1181 1272 1234 ad
1317 1179 1663 1235 concordiam
1698 1178 2004 1242 revocetis;
2038 1176 2133 1231 de-

550 1273 677 1328 licta
707 1270 1088 1343 denique,dum
1109 1283 1326 1341 tempus
1353 1273 1530 1327 adhuc
1553 1272 1778 1340 patitur.
1797 1268 2085 1339 corrigatis
2111 1286 2127 1323 :

551 1380 659 1435 quo
723 1364 932 1418 scilicet
962 1372 1041 1418 tot
1079 1378 1143 1418 ac
1176 1364 1339 1418 tantis
1368 1362 1666 1433 provinciis
1691 1377 1790 1431 per
1824 1377 1922 1416 vos
1974 1361 2132 1416 resti-

552 1467 742 1511 tuatur
793 1455 1110 1517 concordia,
1160 1469 1325 1523 quam
1384 1455 1519 1524 proh
1574 1453 1798 1508 scelus!
1833 1466 2132 1523 paucorum

552 1547 834 1602 hominum
869 1546 1178 1616 arrogantia
1209 1546 1425 1600 evertit.
1467 1543 1523 1599 Id
1565 1559 1731 1607 porro
1769 1558 1981 1597 summo
2013 1557 2133 1597 om-

552 1639 703 1692 nium
759 1637 985 1692 Domino
1015 1652 1081 1691 ac
1110 1637 1218 1690 Deo
1244 1645 1525 1705 acceptum
1571 1649 1715 1700 esse,
1751 1634 1996 1703 mihique
2023 1648 2134 1703 prae

553 1730 812 1788 omnibus
854 1729 994 1783 votis
1048 1726 1320 1798 optabile;
1373 1726 1526 1780 vobis
1574 1735 1851 1796 postremo
1903 1725 2056 1795 ipsis,
2089 1727 2134 1781 si

553 1822 771 1885 quidem
824 1819 1173 1874 concordiam
1221 1817 1615 1883 restitueritis,
1673 1818 2034 1872 honoriﬁcum
2076 1817 2132 1871 in

2230 621 2375 693 χέειν
2418 622 2803 693 ἐπιχειροῦσιν,
2839 623 2974 694 ὅπερ
3001 622 3181 692 πάσης
3218 624 3505 694 συμφορᾶς
3556 621 3816 676 ἐπέκεινα

2229 714 2602 786 κεχωρηκέναι
2655 732 2743 785 μοι
2786 715 2950 780 δοκεῖ,
2983 715 3173 769 τούτου
3208 716 3366 789 χάριν
3395 712 3620 780 θέοντας
3644 716 3814 786 ὑμᾶς,

2228 807 2290 859 τὸ
2313 807 2409 860 τοῦ
2439 807 2619 876 λόγου,
2662 808 3040 879 προτρέπομαι
3089 809 3257 879 χωρίς
3290 824 3435 871 τινος
3464 807 3815 880 ὑπερθέσεως

2230 900 2311 962 είς
2332 899 2495 952 ταὺτὸ
2523 899 2867 972 συνδραμεῖν,
2893 899 3179 971 πληρῶσαι
3200 900 3298 971 τὴν
3331 898 3569 961 σύνοδον,
3597 898 3819 969 ἐπαμῦο

2230 1007 2318 1044 ναι
2358 991 2470 1055 τοῖς
2509 990 2766 1062 χρῄζουσι
2801 991 3073 1062 βοηθείας,
3108 990 3233 1053 τούς
3263 989 3525 1059 ἀδελφοὺς
3559 989 3816 1044 ίάσασθαι

2230 1083 2655 1148 κινδυνεύοντας,
2680 1085 2759 1148 είς
2777 1084 3029 1155 ὁμόνοιαν
3054 1085 3421 1152 ἐπαναγαγεῖν
3451 1082 3519 1137 τὰ
3551 1083 3817 1137 διεστῶτα

2229 1175 2339 1229 τῶν
2391 1175 2588 1246 μελῶν,
2634 1175 3028 1247 διορθώσασθαι
3077 1177 3146 1231 τὰ
3201 1176 3666 1247 πλημμελούμενα
3709 1177 3817 1240 ἕως

2231 1265 2419 1337 καιρὸς
2482 1264 2792 1337 ἐπιτρέπει·
2856 1266 2942 1319 ἵνα
2993 1268 3113 1329 ταῖς
3170 1266 3461 1328 τοσαύταις
3520 1265 3817 1335 ἐπαρχίαις

2230 1358 2328 1428 τὴν
2364 1357 2678 1428 πρέπουσαν
2715 1356 3021 1412 ἀποδώσετε
3054 1359 3393 1429 συμφωνίαν,
3446 1359 3512 1429 ἢν
3559 1355 3681 1429 (φεῦ
3714 1358 3816 1429 τῆς

2232 1448 2528 1519 ἀτοπίαςί),
2564 1449 2857 1520 ἐλαχίστων
2887 1447 3186 1522 ἀνθρώπων
3219 1448 3496 1504 ἀπώλεσεν
3526 1450 3814 1521 ὑπεροψία.

2235 1541 2357 1594 ’Ότι
2402 1540 2459 1593 δὲ
2504 1541 2662 1595 τοῦτο
2711 1543 2805 1595 καὶ
2838 1542 2913 1613 τῷ
2943 1542 3176 1614 δεσπότῃ
3212 1541 3322 1595 τῶν
3355 1542 3494 1595 ὅλων
3517 1541 3636 1613 Θεῷ
3665 1544 3817 1595 ἐστιν

2234 1632 2481 1705 ἀρεστὸν,
2517 1634 2608 1686 κα)¹
2637 1635 2765 1705 ἡμῖν
2799 1634 2979 1704 πάσης
3011 1634 3178 1704 εὐχῆς
3206 1634 3522 1707 ὑπέρτερον,
3558 1634 3653 1687 καὶ
3686 1634 3817 1704 ὑμῖν

2235 1725 2438 1789 αὐτοῖς,
2473 1725 2568 1778 ἐάν
2600 1742 2663 1793 γε
2684 1726 2783 1797 τήν
2808 1726 3028 1798 εἰρήνην
3056 1725 3488 1796 ἀνακαλέσησθε,
3517 1726 3577 1779 οὐ
3599 1726 3699 1798 τῆς
3723 1742 3819 1778 τυ-

2237 1815 2437 1889 χούσης
2461 1818 2629 1871 αἴτιον
2654 1818 2915 1886 εὐδοξίας,
2944 1820 3153 1883 πάντας
3192 1818 3509 1891 ἀνθρώπους
3532 1820 3820 1891 συνομολο-

555 1910 748 1978 primis
774 1919 827 1964 et
858 1908 1151 1978 gloriosum
1198 1908 1340 1961 inter
1361 1923 1552 1963 omnes
1589 1919 1843 1963 constare
1871 1906 2128 1962 arbitror.

2241 1912 2350 1978 γεῖν
2382 1908 2642 1981 ἡγοῦμαι.
2690 1912 2781 1982 Μὴ
2811 1912 2991 1965 τοίνυν
3040 1912 3262 1985 μέλλετε
3291 1914 3504 1967 λοιπόνο
3544 1915 3658 1968 ἀλλ’
3697 1917 3821 1968 ἐπι-

556 2001 734 2056 Nolite
773 2016 902 2071 ergo
952 2000 1230 2065 cunctari;
1266 2000 1361 2055 sed
1406 1999 1746 2053 alacritatem
1774 1999 1940 2052 animi
1966 1998 2132 2053 vestri

2241 1999 2506 2063 τείναντες
2540 1999 2785 2054 ἐντεῦθεν
2820 2001 2917 2073 ήδη
2948 2002 3015 2055 τὰ
3051 2004 3149 2074 τῆς
3182 2003 3510 2075 προθυμίας,
3545 2008 3657 2069 τοῖς
3685 2023 3821 2078 προ-

556 2094 728 2164 magis
752 2107 816 2147 ac
848 2094 1020 2163 magis
1054 2090 1394 2147 intendentes
1419 2130 1435 2157 ,
1468 2092 1593 2147 date
1630 2106 1852 2161 operam
1911 2101 1969 2145 ut
1998 2105 2135 2160 prae-

2241 2091 2503 2161 κειμένοις
2551 2094 2672 2163 ὅρον
2709 2093 2783 2164 (2)
2813 2093 3078 2148 ἐπιθεῖναι
3112 2095 3449 2150 σπουδάσατε
3512 2095 3601 2151 τὸν
3654 2114 3818 2169 προσ·

553 2195 735 2241 sentes
777 2184 1147 2241 dissensiones
1197 2184 1547 2239 convenienti
1587 2183 1853 2240 sententia
1880 2182 2137 2237 termine-

2241 2183 2463 2254 ήκοντα,
2487 2184 2623 2253 μετά
2673 2184 2853 2255 πάσης
2869 2185 3436 2266 είλικρινείαςδηλαδὴ
3461 2188 3557 2242 καὶ
3586 2188 3821 2251 πίστεως

552 2278 622 2331 tis
651 2313 667 2339 ,
696 2291 820 2330 cum
856 2275 1002 2330 omni
1034 2284 1092 2328 ut
1124 2288 1226 2345 par
1253 2283 1338 2328 est
1384 2274 1703 2330 sinceritate
1726 2288 1791 2329 ac
1823 2273 1947 2340 ﬁde,
1973 2288 2135 2342 quam

2241 2274 2601 2339 συνελθόντες,
2637 2276 2704 2347 ἢν
2731 2277 3036 2347 ἑκασταχοῦ
3084 2279 3366 2349 μονονουχὶ
3414 2279 3595 2350 φωνὴν
3639 2279 3820 2348 ἀφιεὶς

554 2370 814 2422 Servator
839 2366 931 2421 ille
962 2380 1125 2435 quem
1174 2365 1427 2429 colimus,
1468 2365 1523 2419 in
1572 2367 1721 2419 omni
1757 2365 1977 2434 negotio
2020 2373 2139 2418 tan-

556 2468 672 2514 tum
697 2475 803 2513 non
842 2457 1179 2524 inclamans,
1223 2472 1254 2511 a
1320 2459 1479 2514 nobis
1522 2458 1789 2527 praecipue
1822 2457 2047 2528 ﬂagitat,
2083 2459 2137 2513 in

554 2565 721 2605 unum
755 2549 1163 2604 convenientes.
1196 2547 1466 2603 Caeterum
1507 2559 1771 2615 quantum
1807 2549 1876 2603 ad
1923 2549 2140 2619 religio-

556 2656 678 2697 nem
703 2649 944 2696 nostram
975 2640 1237 2709 pertinet,
1273 2641 1411 2695 nihil
1447 2639 1594 2710 quod
1629 2656 1873 2695 mearum
1904 2641 2139 2710 partium

557 2714 814 2787 sit’vobis
848 2732 1041 2789 deerit.
1083 2732 1291 2788 Cuncta
1341 2733 1606 2801 siquidem
1653 2747 1777 2802 quae
1822 2732 2021 2787 litteris
2047 2746 2143 2785 ve-

556 2825 688 2881 stris
745 2823 1117 2894 signiticastis,
1167 2841 1197 2879 a
1225 2840 1311 2879 me
1352 2824 1572 2894 impleta
1618 2834 1765 2880 sunt.
1828 2825 2035 2897 Scripsi
2072 2825 2143 2880 ad

559 2931 696 2984 quos
722 2915 970 2969 voluistis
1010 2918 1296 2987 episcopos
1315 2959 1332 2982 ,
1365 2927 1425 2971 ut
1456 2917 1735 2971 venientes
1755 2917 2026 2973 communi
2050 2932 2144 2973 vo-

557 3007 918 3061 biscumcura
947 3021 1011 3063 ac
1033 3008 1401 3063 sollicitudine
1426 3008 1808 3079 fungerentur.
1835 3009 1953 3063 Misi
1976 3009 2142 3064 etiam

559 3098 872 3169 Dionysium
892 3114 955 3153 ex
978 3100 1270 3166 consulari,
1290 3101 1382 3170 qui
1403 3111 1458 3155 et
1486 3102 1768 3172 episcopos
1789 3101 1905 3157 illos
1928 3100 2021 3172 qui
2045 3116 2144 3156 vo-

559 3190 766 3246 biscum
791 3193 983 3247 adesse
1012 3192 1213 3247 debent
1241 3203 1591 3248 counnoneat
1611 3235 1625 3259 ,
1650 3201 1704 3248 et
1733 3194 1977 3248 omnium
2019 3209 2143 3263 quae

560 3294 840 3357 gerentur,
874 3285 1112 3339 maxime
1161 3299 1291 3339 vero
1335 3284 1916 3355 modestiwﬁnspector
1962 3285 2055 3341 sit.
2083 3285 2142 3341 Si

559 3377 684 3447 quis
707 3376 1066 3445 vero,jquod
1118 3376 1349 3431 minime
1395 3377 1762 3444 arbitramur,
1813 3385 2140 3447 praeceptum

562 3478 807 3547 nostrum
849 3469 1148 3523 etiamnum
1201 3468 1413 3524 violare
1443 3482 1796 3538 pratsumens,
1829 3468 2020 3524 adesse
2052 3482 2141 3524 re-

561 3560 762 3627 nuerit,
792 3559 1038 3614 mittetur
1091 3560 1490 3629 quamprimum
1522 3573 1553 3612 a
1600 3559 1759 3615 nobis
1791 3558 2009 3631 aliquis,
2049 3575 2142 3631 qut

562 3650 828 3720 imperiali
865 3651 1196 3705 auctoritate
1225 3650 1500 3705 hominem
1531 3650 1588 3704 in
1622 3650 1877 3705 exsilium
1913 3651 2141 3722 pellens,

561 3744 778 3799 docebit
804 3743 1153 3813 imperatoris
1185 3742 1564 3798 sanctionibus
1613 3758 1710 3814 pro
1742 3744 1975 3798 veritate
2022 3746 2144 3800 edi-

566 3835 637 3888 tis
678 3833 898 3887 minime
923 3847 1045 3887 esse
1091 3830 1526 3901 repugnandum.
1575 3829 1724 3896 Quod
1751 3839 2020 3901 superest,
2055 3845 2147 3886 ve—

564 3937 695 3981 stra:
753 3925 1057 3981 sanctitatis
1106 3927 1212 3979 erit
1255 3924 1574 3994 providere,
1610 3933 1669 3978 ut
1720 3939 1822 3980 nec
1869 3924 1998 3980 odio
2043 3938 2145 3980 nec

564 4028 763 4090 gratia,
787 4019 877 4073 sed
891 4016 1047 4086 juxta
1064 4017 1462 4072 ecclesiasticas
1483 4026 1538 4071 et
1556 4017 1884 4087 apostolicas
1907 4016 2143 4088 regulas,

564 4111 778 4167 delictis
830 4118 886 4166 et
932 4110 999 4165 iis
1036 4124 1157 4180 qua:
1181 4123 1277 4179 per
1323 4124 1563 4164 errorem
1615 4110 1986 4180 contigerunt,
2012 4124 2145 4163 con-

492 4206 495 4207 ⁷
563 4204 791 4258 veniens
835 4201 1139 4257 remedium
1184 4201 1518 4271 exquiratis,
1568 4217 1676 4271 quo
1731 4210 1813 4257 et
1843 4201 2145 4256 Ecclesiam

565 4295 715 4353 omni
760 4294 957 4365 probro
988 4293 1235 4347 liberetis
1265 4330 1283 4359 ,
1328 4301 1384 4346 et
1416 4307 1581 4356 .meas
1622 4308 1783 4348 curas
1820 4293 2015 4349 levetis
2038 4335 2054 4359 ,
2091 4304 2148 4349 et

567 4389 720 4459 pacis
749 4387 1064 4443 ammnitate
1115 4385 1346 4441 turbatis
1401 4401 1546 4441 nunc
1569 4385 1830 4442 Ecclesiis
1871 4388 2141 4451 restituta,

564 4481 722 4535 vobis
748 4480 880 4549 ipsis
903 4478 1197 4531 maximam
1224 4473 1453 4546 gloriam
1499 4479 1853 4549 comparetis.
1882 4476 2148 4533 Divinitas

566 4588 663 4629 vos
693 4583 897 4637 servet,
926 4574 1123 4626 fratres
1153 4570 1441 4626 carissimi.
1484 4588 1504 4622 ι

641 4712 718 4785 (2)
732 4711 890 4785 Vulg.
905 4711 1029 4779 τοῖς
1048 4709 1653 4785 προκειμένοιςᾲὸροις.
1682 4708 2035 4785 Scrihendum
2064 4720 2149 4766 est

568 4779 786 4856 apati-ex
828 4779 1176 4856 Theodorito,
1202 4779 1260 4835 et
1283 4783 1637 4856 delendayox
1659 4779 1851 4856 καιρόν
1877 4795 1997 4851 qua:
2019 4796 2148 4840 mox

571 4849 839 4920 sequitur,
868 4868 986 4921 quas
1018 4868 1115 4905 nec
1142 4855 1211 4921 in,
1229 4854 1415 4921 codice
1438 4849 1574 4921 Fuk.
1612 4849 1826 4921 legitur.

644 4919 720 4992 (5)
751 4919 909 4992 Vulg.
938 4922 1074 4989 παρ’
1092 4920 1260 4990 ἡμῶν
1285 4920 1353 4974 δὲ
1376 4920 1576 4992 οὐδέν.
1609 4919 1683 4974 Ita
1705 4921 1920 4992 quidem
1955 4919 2148 4988 legitur

573 4991 713 5073 apud
745 4991 1156 5073 Theodoritum,
1189 5008 1255 5046 ex
1292 4991 1446 5061 cujus
1473 4991 1662 5073 libro:
1710 4991 1986 5073 hiculoeus
2015 5007 2148 5073 sup-

575 5066 755 5134 pletus
803 5071 920 5128 est,
953 5062 1042 5128 qui
1110 5064 1161 5115 in
1210 5060 1597 5129 manuscriptis
1647 5060 1929 5116 codicibus
1977 5070 2033 5114 et
2093 5066 2146 5114 in

575 5132 815 5210 editione
847 5131 1124 5210 Stephani
1150 5130 1713 5210 Inutil_us_l.egebatur.
1744 5129 1946 5210 .Verum
1981 5132 2034 5184 in
2083 5129 2149 5210 li_-

575 5203 677 5257 bro
709 5201 889 5257 Mormi
924 5202 1083 5254 aliam
1113 5201 1270 5271 hujus
1297 5201 1398 5255 loci
1429 5201 1921 5271 interpunctionem
1947 5202 2147 5268 reperi,

574 5287 695 5343 qua:
726 5286 845 5327 meo
878 5272 1093 5343 quidem
1145 5270 1359 5343 judicio
1390 5272 1587 5343 rectior
1628 5282 1730 5343 est,
1756 5272 1883 5343 _hoc
1941 5274 2099 5343 mng
2133 5288 2148 5326 :

575 5338 798 5430 ἀπαιτεῖ
817 5341 1222 5430 μάλιστα-παρ’
1245 5338 1437 5430 intulit»).-
1449 5339 1843 5430 Qdésv‘ﬁ‘rdiv,
1870 5338 2146 5430 etc.|'!‘a_n_-

576 5424 689 5469 tum
722 5409 937 5467 mallem
970 5414 1145 5482 legere
1169 5409 1299 5482 παρ’
1326 5409 1499 5482 ὑμῷν.
1532 5410 1753 5481 Vulgata
1789 5421 1963 5464 tamen
1984 5411 2149 5482 lectio

579 5484 707 5540 ferri
758 5478 1052 5554 potestalu
1105 5478 1303 5554 codice
1345 5478 1477 5533 Fuk.
1517 5478 1743 5554 perinde
1794 5490 1854 5533 ut
1891 5483 1976 5554 ⁸ἱιιΔ
2026 5480 2152 5554 libr.

578 5548 814 5608 Turnebi
840 5570 903 5608 ac
936 5552 1115 5607 Morini
1146 5552 1400 5622 scribitur
1421 5569 1454 5622 ι
1495 5551 1727 5622 ἀπαιτεῖ
1775 5549 1905 5622 παρ’
1954 5548 2111 5622 ἡμῶν
2132 5567 2147 5580 ⁵

577 5624 729 5747 ιέὑὲὲξ
757 5623 814 5676 δὲ
846 5624 958 5679 τῶν
980 5625 1060 5687 εἰς
1079 5624 1177 5694 τὴν
1210 5620 1349 5692 ἐμὴν
1380 5619 1667 5675 εὐλάϐειαν
1719 5619 1985 5692 ἡκόντων
2024 5621 2152 5691 ὑμῖν

609 5712 636 5747 ν
669 5711 693 5746 ε
736 5710 838 5747 σει.

609 5710 838 5747 νοεησει.

654 5696 1126 5835 {ﬁdissimum
1163 5760 1516 5835 Scribgndum
1545 5770 1628 5835 est
1645 5758 1963 5835 ἐπέστειλα,
1988 5768 2048 5814 ut
2071 5760 2154 5835 le-

582 5828 729 5898 gisse
751 5836 965 5890 videtur
1000 5838 1293 5903 interpres.
1323 5828 1526 5888 Tamen
1562 5832 1614 5886 in
1645 5828 1979 5887 Theodorito
2007 5841 2060 5886 et
2099 5834 2155 5887 in

2233 2363 2263 2415 ὁ
2288 2364 2480 2437 Σωτὴρ
2505 2366 2712 2429 ἐκεῖνος
2735 2359 2779 2434 ᾦ
2800 2366 3156 2438 λατρεύομεν,
3181 2369 3403 2422 ἀπαιτεῖ
3429 2368 3664 2440 μάλιστα
3692 2371 3822 2441 παρ’

2236 2455 2411 2527 ήμῶν.
2471 2457 2634 2510 Οὐδὲν
2669 2457 2744 2528 (5)
2798 2457 2855 2511 δὲ
2909 2458 3019 2512 τῶν
3072 2461 3152 2523 είς
3204 2461 3303 2532 τὴν
3352 2461 3489 2533 ἐμὴν
3533 2460 3821 2515 εὐλάϐειαν

2237 2546 2499 2617 ἡκόντων,
2533 2548 2659 2619 ὑμῖν
2704 2548 2964 2621 ἐνδεήσει.
3014 2550 3199 2605 Πάντα
3227 2569 3318 2622 μοι
3350 2551 3687 2624 πέπρακται,
3722 2552 3822 2607 ὅσα

2238 2639 2541 2711 γράφοντες
2586 2640 2923 2712 ἐδηλώσατε·
2974 2642 3266 2696 ἀπέστειλα
3315 2644 3448 2715 πρὸς
3478 2642 3573 2708 οὓς
3600 2643 3820 2715 €601.)th-

2240 2727 2367 2800 θητε
2395 2728 2502 2783 τῶν
2525 2730 2858 2795 ἐπισκόπων,
2887 2731 2976 2785 ἵνα
2998 2733 3450 2804 παραγενόμενοι,
3482 2734 3822 2805 κοινωνήσω-

2242 2838 2326 2876 σιν
2361 2822 2489 2893 ὑμῖν
2513 2820 2621 2875 τῶν
2649 2822 3091 2894 φροντισμάτωψ
3122 2823 3419 2877 ἀπέστειλα
3441 2822 3517 2894 (4)
3547 2822 3824 2877 Διονύσιον

2240 2913 2331 2968 τὸν
2352 2914 2460 2967 ἀπὸ
2492 2913 2772 2967 ὑπατικῶν
2795 2914 2894 2985 (5),
2916 2914 2975 2979 ὃς
3006 2916 3100 2969 καὶ
3122 2916 3248 2980 τοὺς
3276 2915 3589 2985 ὀφείλοντας
3614 2917 3695 2980 είς
3722 2915 3824 2986 τὴν

2243 3005 2459 3061 σύνοδον
2510 3005 2802 3074 ἀφικέσθαι
2854 3005 2973 3078 μεθ’
3022 3006 3174 3078 ὑμῶν
3213 3008 3537 3079 ὑπομνήσει,
3572 3007 3666 3060 καὶ
3714 3007 3824 3060 τῶν

2242 3099 2649 3170 πραττομένων,
2700 3097 2989 3171 ἐξαιρέτως
3029 3100 3086 3153 δὲ
3123 3099 3197 3172 (6)
3234 3101 3333 3171 τῆς
3362 3099 3613 3167 εὐταξίας
3657 3099 3826 3154 κατά-

2246 3207 2446 3253 σκοπος
2480 3191 2763 3262 παρέσται.
2824 3190 2950 3245 Ἐὰν
2971 3191 3080 3263 γάρ
3111 3209 3216 3257 τις,
3257 3192 3333 3255 ὡς
3358 3192 3467 3263 ἐγὼ
3495 3193 3595 3245 οὐκ
3619 3193 3823 3263 οἴομαι,

2244 3281 2343 3354 τὴν
2388 3284 2659 3355 ἡμετέραν
2711 3283 2958 3337 κέλευσιν
2993 3283 3089 3337 καὶ
3122 3282 3218 3337 νῦν
3248 3283 3674 3356 διακρούσασθαι
3707 3301 3810 3337 πειι

2246 3373 2507 3446 ρώμενος,
2541 3376 2615 3447 μὴ
2665 3376 2897 3448 βουληθῇ
2928 3377 3353 3448 παραγενέσθαι,
3401 3377 3650 3432 ἐντεῦθεν
3693 3378 3823 3449 παρ’

2241 3467 2399 3539 ἡμῶν
2431 3467 2890 3539 ἀποσταλήσεται,
2917 3468 2977 3534 ὃς
3002 3472 3065 3523 ἐκ
3093 3469 3369 3541 βασιλικοῦ
3403 3471 3824 3543 προστάγματος

2242 3559 2405 3612 αὐτὸν
2432 3558 2698 3623 ἐκϐαλὼν,
2726 3558 2803 3624 ὡς
2830 3560 2891 3613 οὐ
2921 3561 3196 3633 προσῆκεν
3224 3561 3370 3633 ὅροις
3400 3562 3825 3635 αὐτοκράτορος,

2244 3647 2386 3719 ὑπὲρ
2413 3648 2512 3720 τῆς
2551 3647 2806 3720 ἀληθείας
2838 3648 3217 3721 ἐξενεχθεῖσιν,
3258 3651 3574 3706 ἀντιτείνειν
3606 3652 3824 3719 διδάξει.

2242 3742 2442 3797 Λοιπὸν
2472 3742 2625 3796 ἐσται
2657 3742 2758 3811 τῆς
2797 3741 2952 3810 ὑμῶν
2983 3741 3261 3813 ὁσιότητος
3292 3743 3473 3815 ἔργον,
3521 3745 3658 3816 μήτε
3693 3745 3827 3814 πρὸς

2243 3834 2558 3906 ἀπέχθειαν,
2591 3836 2727 3906 μήτε
2747 3832 2884 3906 πρὸς
2909 3833 3087 3907 χάριν,
3121 3835 3429 3900 ἀκολούθως
3457 3836 3515 3889 δέ
3538 3836 3617 3909 τῷ
3639 3837 3812 3909 ἐκκλη

2247 3926 2509 3998 σιαστικῷ
2541 3928 2635 3980 καὶ
2663 3925 3004 3997 ἀποστολικῷ
3038 3927 3242 3991 κανόνι,
3271 3928 3390 3991 τοῖς
3417 3926 3822 4000 πλημμεληθεῖο

2246 4037 2330 4074 σιν
2356 4021 2532 4075 εἴτουν
2556 4020 2699 4074 κατὰ
2730 4020 2953 4090 σφάλμα
2982 4019 3374 4093 συμϐεϐηκόσι,
3400 4019 3500 4092 τὴν
3529 4021 3822 4093 ἁρμόττου-

2247 4129 2346 4165 σαν
2371 4112 2665 4183 θεραπείαν
2694 4114 2999 4184 ἐπινοῆσαι,
3031 4114 3119 4167 ῖνα
3151 4114 3243 4167 καί
3277 4114 3457 4185 πάσης
3480 4112 3831 4185 βλασφημίας

2246 4203 2647 4275 ἐλευθερώσητε
2674 4203 2771 4275 τὴν
2812 4204 3152 4275 Ἐκκλησίαν,
3190 4204 3284 4258 καὶ
3312 4203 3407 4267 τὰς
3439 4202 3580 4275 ἐμὰς
3610 4206 3828 4259 ἐπικουο

2246 4294 2440 4365 φίσητε
2493 4294 2799 4366 φροντίδας,
2832 4295 2927 4347 καὶ
2967 4292 3065 4365 τὴν
3097 4294 3196 4365 τῆς
3251 4295 3473 4366 εἰρήνης
3512 4296 3673 4367 χάριν
3717 4298 3829 4359 τοῖς

2246 4386 2342 4439 νῦν
2400 4385 2841 4457 στασιαζομένοις
2894 4386 3205 4449 ἀποδόντες,
3258 4386 3519 4459 μεγίστην
3579 4386 3829 4441 εὔκλειαν

2248 4479 2377 4551 ὑμῖν
2404 4478 2585 4541 αὐτοῖς
2618 4476 3011 4551 προξενήσητε.
3057 4477 3115 4532 Ὁ
3146 4478 3279 4541 Θεὸς
3316 4479 3461 4550 ὑμᾶς
3483 4478 3828 4549 διαφυλάξοι,

2176 4590 2222 4646 ι)
2249 4569 2467 4639 ἀδελφοὶ
2496 4570 2790 4640 ἀγαπητοί.
2831 4589 2850 4623 ι

2255 4709 2392 4766 Fuk.
2422 4711 2562 4765 libro
2589 4710 2782 4783 legitur
2810 4710 3107 4783 ἀπέστειλα
3126 4711 3263 4783 πρὸς
3295 4709 3415 4783 οὓς,
3435 4720 3550 4783 εις.

2324 4782 2403 4853 (5)
2430 4779 2748 4836 Διονύσιον
2772 4781 2878 4835 τὸν
2901 4783 3019 4837 ἀπὸ
3054 4779 3381 4837 ὑπατικῶν.
3433 4781 3653 4853 Flavius
3704 4779 3831 4836 Dio-

2251 4851 2438 4925 nysius
2474 4866 2657 4925 comes
2688 4862 2911 4925 vocatur
2932 4855 3004 4925 ab
3042 4854 3343 4925 Athanasio
3388 4854 3441 4906 in
3463 4851 3830 4925 _Apologctico

2246 4921 2316 4979 ad
2338 4921 2728 4992 Constantium,
2756 4923 2846 4975 ubi
2900 4922 3063 4975 multa
3111 4922 3279 4976 refert
3334 4927 3403 4977 de
3463 4921 3568 4992 hac
3623 4923 3831 4992 synodo

2247 4991 2640 5063 apudi'l‘yirum,
2680 5008 2802 5063 quaf
2832 4993 3012 5046 habita
3047 5001 3132 5046 est
3162 4992 3463 5063 Acousulatu
3512 4988 3829 5063 _Constantii

2247 5060 2302 5118 et
2331 5062 2532 5131 Albini,
2559 5076 2745 5115 mense
2776 5062 3022 5129 Augusto
3055 5078 3121 5117 ae
3155 5061 3487 5131 Septembri.
3512 5060 3718 5115 Fuerat
3742 5061 3839 5116 hic

2248 5130 2545 5202 Dionysius
2571 5142 2736 5185 antea
2758 5133 3057 5187 consularis
3091 5130 3405 5202 thnices,
3437 5131 3740 5202 Januariuo
3765 5141 3833 5202 _et

2247 5199 2405 5258 Justo
2430 5216 2601 5273 coss.,
2631 5211 2862 5273 _utpatet
2888 5218 2953 5257 ex
2995 5202 3112 5273 lege
3148 5201 3183 5256 4
3221 5204 3409 5258 codice
3467 5200 3701 5264 Theod.,
3752 5199 3836 5257 Dc

2251 5271 2707 5344 famosisﬁljbellis.

2323 5342 2400 5413 (6)
2441 5340 2781 5409 Ἑξαιρέτως
2807 5339 2894 5396 δέ.
2920 5340 3014 5413 lta_
3017 5341 3230 5413 quidem
3250 5339 3451 5413 legitur
3475 5339 3616 5408 apud
3645 5340 3835 5413 iThco-

2253 5410 2511 5469 doritum.
2546 5413 2650 5465 Sed
2688 5413 2739 5465 in
2758 5414 2947 5465 codice
2979 5410 3113 5465 Fuk.
3141 5412 3229 5464 hic
3248 5412 3400 5465 locus
3432 5410 3505 5473 ita
3546 5412 3830 5465 scribitur-

2251 5481 2494 5555 Ka‘tjrdw
2523 5482 2909 5555 πραττομένων
2931 5481 2987 5535 δὲ
3005 5483 3108 5555 καὶ
3129 5480 3229 5551 τῆς
3247 5480 3501 5546 εὐταξίας
3535 5478 3835 5555 ἐξαιρέτως

2253 5551 2598 5625 κατάσκοπος
2640 5551 2931 5625 παρέσται.
2990 5552 3190 5625 Ωιι-ειπ-
3227 5554 3509 5605 lectionem
3561 5551 3829 5625 Scaliger,

2254 5622 2583 5693 Bongarsius
2610 5619 2812 5693 aliique
2835 5624 2902 5693 in
2921 5622 3037 5677 suis
3069 5622 3223 5693 libris
3278 5631 3619 5693 repererant.
3660 5619 3832 5693 Paulo

2254 5687 2586 5763 post'scribo
2618 5687 3010 5763 τὴνήμετέραν
3035 5691 3282 5744 κέλευσιν
3318 5687 3412 5745 καὶ
3437 5689 3534 5763 νὺν
3570 5687 3831 5762 διακρού-

2258 5761 2457 5839 σασθαι
2489 5775 2557 5839 ex
2603 5761 2930 5839 codd.“lf‘nk_'.
2967 5771 3022 5839 et
3057 5763 3408 5839 Tlieodorito.
3443 5761 3628 5839 Neqpe
3688 5761 3831 5817 enim

2261 5833 2551 5891 mediocris
2574 5845 2655 5889 est
2678 5835 2952 5892 emphasis
2980 5832 3035 5889 in
3072 5833 3158 5890 liis
3197 5833 3376 5889 verbis
3408 5831 3503 5888 καὶ
3524 5831 3641 5886 νῦν.
