  <div class='ocr_page' id='page_1' title='image "/cluster/home/n/w/nwhite01/storage/ocr_20150623/20:no.2/coo.31924054873009/608.png"; bbox 0 0 4186 6420; ppageno 0'>
   <div class='ocr_carea' id='block_1_1' title="bbox 416 391 558 450">
    <p class='ocr_par' dir='ltr' id='par_1_1' title="bbox 416 391 558 450">
     <span class='ocr_line' id='line_1_1' title="bbox 416 391 558 450; baseline 0 -2"><span class='ocrx_word' id='word_1_1' title='bbox 416 391 558 450; x_wconf 73' lang='grc'>1193</span> 
     </span>
    </p>
   </div>
   <div class='ocr_carea' id='block_1_2' title="bbox 923 504 1502 561">
    <p class='ocr_par' dir='ltr' id='par_1_2' title="bbox 923 504 1502 561">
     <span class='ocr_line' id='line_1_2' title="bbox 923 504 1502 561; baseline -0.007 0"><span class='ocrx_word' id='word_1_2' title='bbox 923 504 1326 561; x_wconf 73' lang='grc' dir='ltr'><strong><em>ΚΕΦᾹΛΑΙΟΝ</em></strong></span> <span class='ocrx_word' id='word_1_3' title='bbox 1371 504 1502 558; x_wconf 75' lang='lat' dir='ltr'><strong><em>Ml&quot;.</em></strong></span> 
     </span>
    </p>
   </div>
   <div class='ocr_carea' id='block_1_3' title="bbox 415 595 2009 667">
    <p class='ocr_par' dir='ltr' id='par_1_3' title="bbox 415 595 2009 667">
     <span class='ocr_line' id='line_1_3' title="bbox 415 595 2009 667; baseline -0.004 -12"><span class='ocrx_word' id='word_1_4' title='bbox 415 604 537 656; x_wconf 81' lang='grc' dir='ltr'>Ὅτι</span> <span class='ocrx_word' id='word_1_5' title='bbox 569 599 688 654; x_wconf 81' lang='grc' dir='ltr'>τῶν</span> <span class='ocrx_word' id='word_1_6' title='bbox 714 599 785 652; x_wconf 79' lang='grc' dir='ltr'><strong><em>ἐν</em></strong></span> <span class='ocrx_word' id='word_1_7' title='bbox 821 598 1255 667; x_wconf 71' lang='grc' dir='ltr'>Ἱεροσολύμοις</span> <span class='ocrx_word' id='word_1_8' title='bbox 1281 598 1599 666; x_wconf 76' lang='grc' dir='ltr'>ἑγκαινίων</span> <span class='ocrx_word' id='word_1_9' title='bbox 1630 599 1717 661; x_wconf 81' lang='grc' dir='ltr'>εὶς</span> <span class='ocrx_word' id='word_1_10' title='bbox 1735 595 1851 663; x_wconf 82' lang='grc' dir='ltr'>τὴν</span> <span class='ocrx_word' id='word_1_11' title='bbox 1879 596 2009 665; x_wconf 83' lang='grc' dir='ltr'>ἑορ-</span> 
     </span>
    </p>
   </div>
   <div class='ocr_carea' id='block_1_4' title="bbox 485 667 1932 741">
    <p class='ocr_par' dir='ltr' id='par_1_4' title="bbox 485 667 1932 741">
     <span class='ocr_line' id='line_1_4' title="bbox 485 667 1932 741; baseline -0.006 -15"><span class='ocrx_word' id='word_1_12' title='bbox 485 672 600 741; x_wconf 75' lang='grc' dir='ltr'>τὴν</span> <span class='ocrx_word' id='word_1_13' title='bbox 630 673 698 724; x_wconf 81' lang='grc' dir='ltr'><strong><em>ἐκ</em></strong></span> <span class='ocrx_word' id='word_1_14' title='bbox 719 669 934 722; x_wconf 77' lang='grc' dir='ltr'>πασῶν</span> <span class='ocrx_word' id='word_1_15' title='bbox 952 669 1254 738; x_wconf 75' lang='grc' dir='ltr'><strong><em>ἐπαρχιῶν</em></strong></span> <span class='ocrx_word' id='word_1_16' title='bbox 1276 667 1563 737; x_wconf 80' lang='grc' dir='ltr'>παρῆσαν</span> <span class='ocrx_word' id='word_1_17' title='bbox 1588 667 1932 720; x_wconf 82' lang='grc' dir='ltr'>ἐπίσκοποι.</span> 
     </span>
    </p>
   </div>
   <div class='ocr_carea' id='block_1_5' title="bbox 497 759 2012 834">
    <p class='ocr_par' dir='ltr' id='par_1_5' title="bbox 497 759 2012 834">
     <span class='ocr_line' id='line_1_5' title="bbox 497 759 2012 834; baseline -0.003 -17"><span class='ocrx_word' id='word_1_18' title='bbox 497 763 648 817; x_wconf 80' lang='grc' dir='ltr'>Ἐπεὶ</span> <span class='ocrx_word' id='word_1_19' title='bbox 687 762 743 815; x_wconf 79' lang='grc' dir='ltr'><strong><em>δὲ</em></strong></span> <span class='ocrx_word' id='word_1_20' title='bbox 765 761 831 815; x_wconf 83' lang='grc' dir='ltr'>δι’</span> <span class='ocrx_word' id='word_1_21' title='bbox 862 760 1040 834; x_wconf 82' lang='grc' dir='ltr'>ἔργων</span> <span class='ocrx_word' id='word_1_22' title='bbox 1066 759 1262 831; x_wconf 82' lang='grc' dir='ltr'><strong><em>ἐχώρει</em></strong></span> <span class='ocrx_word' id='word_1_23' title='bbox 1289 759 1358 814; x_wconf 76' lang='grc' dir='ltr'>τὰ</span> <span class='ocrx_word' id='word_1_24' title='bbox 1380 759 1848 831; x_wconf 79' lang='grc' dir='ltr'><strong><em>προστεταγμένα,</em></strong></span> <span class='ocrx_word' id='word_1_25' title='bbox 1878 777 2012 813; x_wconf 90' lang='grc' dir='ltr'>κατ-</span> 
     </span>
    </p>
   </div>
   <div class='ocr_carea' id='block_1_6' title="bbox 413 849 2011 926">
    <p class='ocr_par' dir='ltr' id='par_1_6' title="bbox 413 849 2011 926">
     <span class='ocr_line' id='line_1_6' title="bbox 413 849 2011 926; baseline -0.003 -19"><span class='ocrx_word' id='word_1_26' title='bbox 413 853 719 926; x_wconf 84' lang='grc' dir='ltr'>ελάμϐανεν</span> <span class='ocrx_word' id='word_1_27' title='bbox 756 850 914 913; x_wconf 81' lang='grc' dir='ltr'>ἄλλος</span> <span class='ocrx_word' id='word_1_28' title='bbox 959 849 1236 919; x_wconf 85' lang='grc' dir='ltr'>βασιλικὸς</span> <span class='ocrx_word' id='word_1_29' title='bbox 1299 849 1461 922; x_wconf 82' lang='grc' dir='ltr'>ἀνὴρ,</span> <span class='ocrx_word' id='word_1_30' title='bbox 1517 849 1865 921; x_wconf 78' lang='grc' dir='ltr'><strong><em>ἐπισπέρχων</em></strong></span> <span class='ocrx_word' id='word_1_31' title='bbox 1911 850 2011 919; x_wconf 80' lang='grc' dir='ltr'>τὴν</span> 
     </span>
    </p>
   </div>
   <div class='ocr_carea' id='block_1_7' title="bbox 419 940 2011 1014">
    <p class='ocr_par' dir='ltr' id='par_1_7' title="bbox 419 940 2011 1014">
     <span class='ocr_line' id='line_1_7' title="bbox 419 940 2011 1014; baseline -0.005 -12"><span class='ocrx_word' id='word_1_32' title='bbox 419 947 635 1002; x_wconf 78' lang='grc' dir='ltr'>σύνοδον</span> <span class='ocrx_word' id='word_1_33' title='bbox 681 946 781 998; x_wconf 82' lang='grc' dir='ltr'><strong><em>σὺν</em></strong></span> <span class='ocrx_word' id='word_1_34' title='bbox 819 943 1111 1014; x_wconf 79' lang='grc' dir='ltr'><strong><em>γράμματι</em></strong></span> <span class='ocrx_word' id='word_1_35' title='bbox 1153 941 1418 1013; x_wconf 74' lang='grc' dir='ltr'><strong><em>βασιλικῷ</em></strong></span> <span class='ocrx_word' id='word_1_36' title='bbox 1466 940 1564 1013; x_wconf 89' lang='lat'><strong><em>(7),</em></strong></span> <span class='ocrx_word' id='word_1_37' title='bbox 1609 941 1860 995; x_wconf 80' lang='grc' dir='ltr'>σπεύδειν</span> <span class='ocrx_word' id='word_1_38' title='bbox 1914 943 2011 995; x_wconf 80' lang='grc' dir='ltr'><strong><em>καὶ</em></strong></span> 
     </span>
    </p>
   </div>
   <div class='ocr_carea' id='block_1_8' title="bbox 419 1033 2013 1112">
    <p class='ocr_par' dir='ltr' id='par_1_8' title="bbox 419 1033 2013 1112">
     <span class='ocr_line' id='line_1_8' title="bbox 419 1033 2013 1112; baseline -0.004 -19"><span class='ocrx_word' id='word_1_39' title='bbox 419 1040 586 1112; x_wconf 82' lang='grc' dir='ltr'>μηδὲν</span> <span class='ocrx_word' id='word_1_40' title='bbox 625 1035 1041 1101; x_wconf 82' lang='grc' dir='ltr'>ἀναϐάλλεσθαι,</span> <span class='ocrx_word' id='word_1_41' title='bbox 1065 1036 1164 1106; x_wconf 81' lang='grc' dir='ltr'><strong><em>τὴν</em></strong></span> <span class='ocrx_word' id='word_1_42' title='bbox 1194 1035 1285 1088; x_wconf 85' lang='grc' dir='ltr'><strong><em>ἐπὶ</em></strong></span> <span class='ocrx_word' id='word_1_43' title='bbox 1308 1034 1378 1088; x_wconf 82' lang='grc' dir='ltr'>τὰ</span> <span class='ocrx_word' id='word_1_44' title='bbox 1414 1033 1761 1106; x_wconf 80' lang='grc' dir='ltr'>Ἰεροσόλυμα</span> <span class='ocrx_word' id='word_1_45' title='bbox 1803 1051 2013 1105; x_wconf 87' lang='grc' dir='ltr'>παρορ-</span> 
     </span>
    </p>
   </div>
   <div class='ocr_carea' id='block_1_9' title="bbox 422 1121 2009 1202">
    <p class='ocr_par' dir='ltr' id='par_1_9' title="bbox 422 1121 2009 1202">
     <span class='ocr_line' id='line_1_9' title="bbox 422 1121 2009 1202; baseline -0.005 -17"><span class='ocrx_word' id='word_1_46' title='bbox 422 1121 539 1202; x_wconf 80' lang='grc' dir='ltr'>μῶν</span> <span class='ocrx_word' id='word_1_47' title='bbox 567 1147 631 1199; x_wconf 76' lang='grc' dir='ltr'><strong><em>γε</em></strong></span> <span class='ocrx_word' id='word_1_48' title='bbox 666 1128 911 1199; x_wconf 90' lang='grc' dir='ltr'>πορείαν.</span> <span class='ocrx_word' id='word_1_49' title='bbox 961 1123 1229 1197; x_wconf 72' lang='grc' dir='ltr'>’Ἄραντες</span> <span class='ocrx_word' id='word_1_50' title='bbox 1270 1122 1366 1180; x_wconf 80' lang='grc' dir='ltr'><strong><em>οὖν</em></strong></span> <span class='ocrx_word' id='word_1_51' title='bbox 1406 1128 1455 1179; x_wconf 80' lang='grc' dir='ltr'><strong><em>οἱ</em></strong></span> <span class='ocrx_word' id='word_1_52' title='bbox 1502 1126 1702 1190; x_wconf 83' lang='grc' dir='ltr'>πάντες</span> <span class='ocrx_word' id='word_1_53' title='bbox 1754 1124 1865 1179; x_wconf 76' lang='grc' dir='ltr'><strong><em>ἀπὸ</em></strong></span> <span class='ocrx_word' id='word_1_54' title='bbox 1916 1123 2009 1178; x_wconf 89' lang='grc' dir='ltr'><strong><em>τοῦ</em></strong></span> 
     </span>
    </p>
   </div>
   <div class='ocr_carea' id='block_1_10' title="bbox 417 1214 2014 1287">
    <p class='ocr_par' dir='ltr' id='par_1_10' title="bbox 417 1214 2014 1287">
     <span class='ocr_line' id='line_1_10' title="bbox 417 1214 2014 1287; baseline -0.005 -12"><span class='ocrx_word' id='word_1_55' title='bbox 417 1220 682 1275; x_wconf 81' lang='grc' dir='ltr'>Φοινίκων</span> <span class='ocrx_word' id='word_1_56' title='bbox 719 1218 926 1281; x_wconf 73' lang='grc' dir='ltr'>ἔθνους,</span> <span class='ocrx_word' id='word_1_57' title='bbox 971 1215 1254 1287; x_wconf 84' lang='grc' dir='ltr'>δημοσίοις</span> <span class='ocrx_word' id='word_1_58' title='bbox 1283 1214 1507 1287; x_wconf 82' lang='grc' dir='ltr'>δρόμοις</span> <span class='ocrx_word' id='word_1_59' title='bbox 1552 1214 1781 1287; x_wconf 71' lang='grc' dir='ltr'>ἡλαυνον</span> <span class='ocrx_word' id='word_1_60' title='bbox 1826 1215 1919 1268; x_wconf 75' lang='grc' dir='ltr'><strong><em>ἐπὶ</em></strong></span> <span class='ocrx_word' id='word_1_61' title='bbox 1945 1215 2014 1268; x_wconf 84' lang='grc' dir='ltr'>τὰ</span> 
     </span>
    </p>
   </div>
   <div class='ocr_carea' id='block_1_11' title="bbox 420 1307 2015 1387">
    <p class='ocr_par' dir='ltr' id='par_1_11' title="bbox 420 1307 2015 1387">
     <span class='ocr_line' id='line_1_11' title="bbox 420 1307 2015 1387; baseline -0.004 -20"><span class='ocrx_word' id='word_1_62' title='bbox 420 1312 759 1387; x_wconf 81' lang='grc' dir='ltr'>προκείμενα</span> <span class='ocrx_word' id='word_1_63' title='bbox 776 1329 791 1342; x_wconf 87' lang='grc'><strong>·</strong></span> <span class='ocrx_word' id='word_1_64' title='bbox 826 1308 1128 1381; x_wconf 78' lang='grc' dir='ltr'>ἐπληροῦτο</span> <span class='ocrx_word' id='word_1_65' title='bbox 1156 1308 1213 1360; x_wconf 85' lang='grc' dir='ltr'><strong><em>δέ</em></strong></span> <span class='ocrx_word' id='word_1_66' title='bbox 1243 1307 1363 1361; x_wconf 88' lang='grc' dir='ltr'>τότε</span> <span class='ocrx_word' id='word_1_67' title='bbox 1386 1309 1493 1373; x_wconf 79' lang='grc' dir='ltr'>πᾶς</span> <span class='ocrx_word' id='word_1_68' title='bbox 1518 1308 1547 1360; x_wconf 86' lang='grc' dir='ltr'><strong><em>ό</em></strong></span> <span class='ocrx_word' id='word_1_69' title='bbox 1570 1308 1697 1378; x_wconf 79' lang='grc' dir='ltr'>τῇδε</span> <span class='ocrx_word' id='word_1_70' title='bbox 1721 1308 1887 1371; x_wconf 89' lang='grc' dir='ltr'>τόπος</span> <span class='ocrx_word' id='word_1_71' title='bbox 1920 1325 2015 1379; x_wconf 86' lang='grc' dir='ltr'>με-</span> 
     </span>
    </p>
   </div>
   <div class='ocr_carea' id='block_1_12' title="bbox 420 1399 2013 1479">
    <p class='ocr_par' dir='ltr' id='par_1_12' title="bbox 420 1399 2013 1479">
     <span class='ocr_line' id='line_1_12' title="bbox 420 1399 2013 1479; baseline -0.006 -17"><span class='ocrx_word' id='word_1_72' title='bbox 420 1409 615 1479; x_wconf 87' lang='grc' dir='ltr'>γίστης</span> <span class='ocrx_word' id='word_1_73' title='bbox 642 1404 778 1459; x_wconf 88' lang='grc' dir='ltr'>Θεοῦ</span> <span class='ocrx_word' id='word_1_74' title='bbox 826 1403 1064 1476; x_wconf 86' lang='grc' dir='ltr'>χορείας,</span> <span class='ocrx_word' id='word_1_75' title='bbox 1104 1401 1198 1455; x_wconf 68' lang='grc' dir='ltr'><strong><em>ἐπὶ</em></strong></span> <span class='ocrx_word' id='word_1_76' title='bbox 1226 1400 1421 1454; x_wconf 72' lang='grc' dir='ltr'>ταύτὸν</span> <span class='ocrx_word' id='word_1_77' title='bbox 1466 1403 1524 1454; x_wconf 84' lang='grc' dir='ltr'><strong><em>ἐν</em></strong></span> <span class='ocrx_word' id='word_1_78' title='bbox 1560 1403 1671 1464; x_wconf 81' lang='grc' dir='ltr'>τοῖς</span> <span class='ocrx_word' id='word_1_79' title='bbox 1720 1399 2013 1471; x_wconf 84' lang='grc' dir='ltr'>Ἱεροσολύ-</span> 
     </span>
    </p>
   </div>
   <div class='ocr_carea' id='block_1_13' title="bbox 425 1491 2012 1571">
    <p class='ocr_par' dir='ltr' id='par_1_13' title="bbox 425 1491 2012 1571">
     <span class='ocr_line' id='line_1_13' title="bbox 425 1491 2012 1571; baseline -0.005 -19"><span class='ocrx_word' id='word_1_80' title='bbox 425 1515 549 1571; x_wconf 90' lang='grc' dir='ltr'>μοις</span> <span class='ocrx_word' id='word_1_81' title='bbox 580 1495 931 1568; x_wconf 80' lang='grc' dir='ltr'>συνηγμένων</span> <span class='ocrx_word' id='word_1_82' title='bbox 958 1494 1066 1547; x_wconf 85' lang='grc' dir='ltr'><strong><em>τῶν</em></strong></span> <span class='ocrx_word' id='word_1_83' title='bbox 1094 1492 1156 1558; x_wconf 86' lang='grc' dir='ltr'>ἐξ</span> <span class='ocrx_word' id='word_1_84' title='bbox 1188 1492 1408 1562; x_wconf 82' lang='grc' dir='ltr'>ἁπάσης</span> <span class='ocrx_word' id='word_1_85' title='bbox 1437 1492 1703 1564; x_wconf 74' lang='grc' dir='ltr'>ἐπαρχίας</span> <span class='ocrx_word' id='word_1_86' title='bbox 1736 1491 2012 1560; x_wconf 80' lang='grc' dir='ltr'>διαφανῶν</span> 
     </span>
    </p>
   </div>
   <div class='ocr_carea' id='block_1_14' title="bbox 423 1584 2014 1657">
    <p class='ocr_par' dir='ltr' id='par_1_14' title="bbox 423 1584 2014 1657">
     <span class='ocr_line' id='line_1_14' title="bbox 423 1584 2014 1657; baseline -0.006 -11"><span class='ocrx_word' id='word_1_87' title='bbox 423 1590 739 1646; x_wconf 88' lang='grc' dir='ltr'>ἐπισκόπων</span> <span class='ocrx_word' id='word_1_88' title='bbox 760 1606 775 1619; x_wconf 90' lang='grc'><strong>·</strong></span> <span class='ocrx_word' id='word_1_89' title='bbox 823 1586 1133 1649; x_wconf 84' lang='grc' dir='ltr'>Μακεδόνες</span> <span class='ocrx_word' id='word_1_90' title='bbox 1162 1587 1260 1657; x_wconf 83' lang='grc' dir='ltr'><strong><em>μὲν</em></strong></span> <span class='ocrx_word' id='word_1_91' title='bbox 1289 1586 1397 1657; x_wconf 80' lang='grc' dir='ltr'><strong><em>γὰρ</em></strong></span> <span class='ocrx_word' id='word_1_92' title='bbox 1424 1585 1514 1640; x_wconf 85' lang='grc' dir='ltr'><strong><em>τὸν</em></strong></span> <span class='ocrx_word' id='word_1_93' title='bbox 1546 1587 1646 1656; x_wconf 85' lang='grc' dir='ltr'><strong><em>τῆς</em></strong></span> <span class='ocrx_word' id='word_1_94' title='bbox 1671 1585 1802 1656; x_wconf 84' lang='grc' dir='ltr'>παρ’</span> <span class='ocrx_word' id='word_1_95' title='bbox 1830 1584 2014 1648; x_wconf 79' lang='grc' dir='ltr'>αὐτοῖς</span> 
     </span>
    </p>
   </div>
   <div class='ocr_carea' id='block_1_15' title="bbox 426 1675 2010 1754">
    <p class='ocr_par' dir='ltr' id='par_1_15' title="bbox 426 1675 2010 1754">
     <span class='ocr_line' id='line_1_15' title="bbox 426 1675 2010 1754; baseline -0.003 -23"><span class='ocrx_word' id='word_1_96' title='bbox 426 1680 811 1754; x_wconf 80' lang='grc' dir='ltr'>μητροπόλεως</span> <span class='ocrx_word' id='word_1_97' title='bbox 841 1679 916 1751; x_wconf 88' lang='grc'><strong><em>(8)</em></strong></span> <span class='ocrx_word' id='word_1_98' title='bbox 946 1680 1329 1751; x_wconf 82' lang='grc' dir='ltr'>παρέπεμπον,</span> <span class='ocrx_word' id='word_1_99' title='bbox 1359 1676 1637 1731; x_wconf 86' lang='grc' dir='ltr'>Παννόνιοί</span> <span class='ocrx_word' id='word_1_100' title='bbox 1673 1694 1732 1729; x_wconf 88' lang='grc' dir='ltr'><strong><em>τε</em></strong></span> <span class='ocrx_word' id='word_1_101' title='bbox 1766 1675 1861 1730; x_wconf 78' lang='grc' dir='ltr'>καὶ</span> <span class='ocrx_word' id='word_1_102' title='bbox 1892 1677 2010 1730; x_wconf 88' lang='grc' dir='ltr'><strong><em>Μυ-</em></strong></span> 
     </span>
    </p>
   </div>
   <div class='ocr_carea' id='block_1_16' title="bbox 427 1767 2013 1844">
    <p class='ocr_par' dir='ltr' id='par_1_16' title="bbox 427 1767 2013 1844">
     <span class='ocr_line' id='line_1_16' title="bbox 427 1767 2013 1844; baseline -0.004 -16"><span class='ocrx_word' id='word_1_103' title='bbox 427 1776 530 1839; x_wconf 70' lang='grc' dir='ltr'>σοὶ,</span> <span class='ocrx_word' id='word_1_104' title='bbox 576 1773 643 1827; x_wconf 84' lang='grc' dir='ltr'>τὰ</span> <span class='ocrx_word' id='word_1_105' title='bbox 692 1775 823 1844; x_wconf 85' lang='grc' dir='ltr'>παρ’</span> <span class='ocrx_word' id='word_1_106' title='bbox 867 1773 1052 1836; x_wconf 77' lang='grc' dir='ltr'>αὐτοῖς</span> <span class='ocrx_word' id='word_1_107' title='bbox 1109 1771 1375 1826; x_wconf 85' lang='grc' dir='ltr'>ἀνθοῦντα</span> <span class='ocrx_word' id='word_1_108' title='bbox 1419 1769 1590 1840; x_wconf 81' lang='grc' dir='ltr'>κάλλη</span> <span class='ocrx_word' id='word_1_109' title='bbox 1620 1769 1719 1840; x_wconf 79' lang='grc' dir='ltr'>τῆς</span> <span class='ocrx_word' id='word_1_110' title='bbox 1756 1767 1851 1822; x_wconf 90' lang='grc' dir='ltr'><strong><em>τοῦ</em></strong></span> <span class='ocrx_word' id='word_1_111' title='bbox 1878 1767 2013 1822; x_wconf 84' lang='grc' dir='ltr'>Θεοῦ</span> 
     </span>
    </p>
   </div>
   <div class='ocr_carea' id='block_1_17' title="bbox 1508 384 2604 444">
    <p class='ocr_par' dir='ltr' id='par_1_17' title="bbox 1508 384 2604 444">
     <span class='ocr_line' id='line_1_17' title="bbox 1508 384 2604 444; baseline -0.001 -2"><span class='ocrx_word' id='word_1_112' title='bbox 1508 388 1600 444; x_wconf 84' lang='lat' dir='ltr'><strong><em>DE</em></strong></span> <span class='ocrx_word' id='word_1_113' title='bbox 1641 384 1803 443; x_wconf 69' lang='lat' dir='ltr'><strong><em>VITA</em></strong></span> <span class='ocrx_word' id='word_1_114' title='bbox 1842 386 2306 443; x_wconf 80' lang='lat' dir='ltr'><strong><em>CONSTANTINI</em></strong></span> <span class='ocrx_word' id='word_1_115' title='bbox 2344 386 2474 441; x_wconf 74' lang='lat' dir='ltr'><strong><em>LIB.</em></strong></span> <span class='ocrx_word' id='word_1_116' title='bbox 2515 384 2604 441; x_wconf 74' lang='grc' dir='ltr'><strong><em>Ν.</em></strong></span> 
     </span>
    </p>
   </div>
   <div class='ocr_carea' id='block_1_18' title="bbox 2033 508 2081 567">
    <p class='ocr_par' dir='ltr' id='par_1_18' title="bbox 2033 508 2081 567">
     <span class='ocr_line' id='line_1_18' title="bbox 2033 508 2081 567; baseline 0 0"><span class='ocrx_word' id='word_1_117' title='bbox 2033 508 2081 567; x_wconf 82' lang='grc' dir='ltr'><strong>Α</strong></span> 
     </span>
    </p>
   </div>
   <div class='ocr_carea' id='block_1_19' title="bbox 3558 380 3695 438">
    <p class='ocr_par' dir='ltr' id='par_1_19' title="bbox 3558 380 3695 438">
     <span class='ocr_line' id='line_1_19' title="bbox 3558 380 3695 438; baseline 0 -1"><span class='ocrx_word' id='word_1_118' title='bbox 3558 380 3695 438; x_wconf 68' lang='grc'>1194</span> 
     </span>
    </p>
   </div>
   <div class='ocr_carea' id='block_1_20' title="bbox 2566 497 3234 574">
    <p class='ocr_par' dir='ltr' id='par_1_20' title="bbox 2566 497 3234 574">
     <span class='ocr_line' id='line_1_20' title="bbox 2566 497 3234 574; baseline -0.001 -20"><span class='ocrx_word' id='word_1_119' title='bbox 2566 500 2730 574; x_wconf 69' lang='grc'><strong>548</strong></span> <span class='ocrx_word' id='word_1_120' title='bbox 2783 498 3014 556; x_wconf 83' lang='lat' dir='ltr'><strong><em>CAPUT</em></strong></span> <span class='ocrx_word' id='word_1_121' title='bbox 3051 497 3234 553; x_wconf 78' lang='lat' dir='ltr'><strong><em>xu&quot;.</em></strong></span> 
     </span>
    </p>
   </div>
   <div class='ocr_carea' id='block_1_21' title="bbox 2114 589 3692 663">
    <p class='ocr_par' dir='ltr' id='par_1_21' title="bbox 2114 589 3692 663">
     <span class='ocr_line' id='line_1_21' title="bbox 2114 589 3692 663; baseline -0.003 -13"><span class='ocrx_word' id='word_1_122' title='bbox 2114 596 2389 663; x_wconf 85' lang='lat' dir='ltr'><strong><em>Quomodo</em></strong></span> <span class='ocrx_word' id='word_1_123' title='bbox 2407 596 2475 649; x_wconf 83' lang='lat' dir='ltr'><strong><em>ad</em></strong></span> <span class='ocrx_word' id='word_1_124' title='bbox 2501 594 2880 648; x_wconf 79' lang='lat' dir='ltr'><strong><em>dedicationem</em></strong></span> <span class='ocrx_word' id='word_1_125' title='bbox 2914 591 3147 646; x_wconf 61' lang='lat' dir='ltr'><strong><em>ecclesia?</em></strong></span> <span class='ocrx_word' id='word_1_126' title='bbox 3178 589 3692 662; x_wconf 78' lang='lat' dir='ltr'><strong><em>Hierosolymorum,</em></strong></span> 
     </span>
    </p>
   </div>
   <div class='ocr_carea' id='block_1_22' title="bbox 2288 663 3522 737">
    <p class='ocr_par' dir='ltr' id='par_1_22' title="bbox 2288 663 3522 737">
     <span class='ocr_line' id='line_1_22' title="bbox 2288 663 3522 737; baseline -0.003 -17"><span class='ocrx_word' id='word_1_127' title='bbox 2288 666 2517 737; x_wconf 75' lang='lat' dir='ltr'><strong><em>episcopi</em></strong></span> <span class='ocrx_word' id='word_1_128' title='bbox 2545 680 2611 718; x_wconf 75' lang='lat' dir='ltr'><strong><em>ex</em></strong></span> <span class='ocrx_word' id='word_1_129' title='bbox 2633 664 2875 717; x_wconf 76' lang='lat' dir='ltr'><strong><em>omnibus</em></strong></span> <span class='ocrx_word' id='word_1_130' title='bbox 2904 663 3186 732; x_wconf 79' lang='lat' dir='ltr'><strong><em>provinciis</em></strong></span> <span class='ocrx_word' id='word_1_131' title='bbox 3217 677 3522 716; x_wconf 82' lang='lat' dir='ltr'><strong><em>convenere.</em></strong></span> 
     </span>
    </p>
   </div>
   <div class='ocr_carea' id='block_1_23' title="bbox 2184 754 3695 824">
    <p class='ocr_par' dir='ltr' id='par_1_23' title="bbox 2184 754 3695 824">
     <span class='ocr_line' id='line_1_23' title="bbox 2184 754 3695 824; baseline -0.002 -13"><span class='ocrx_word' id='word_1_132' title='bbox 2184 757 2316 811; x_wconf 89' lang='lat' dir='ltr'><strong><em>Cum</em></strong></span> <span class='ocrx_word' id='word_1_133' title='bbox 2375 757 2491 811; x_wconf 85' lang='lat' dir='ltr'><strong><em>haec</em></strong></span> <span class='ocrx_word' id='word_1_134' title='bbox 2539 763 2807 824; x_wconf 63' lang='lat' dir='ltr'><strong><em>praecepta</em></strong></span> <span class='ocrx_word' id='word_1_135' title='bbox 2866 754 3198 809; x_wconf 77' lang='lat' dir='ltr'><strong><em>exsecutioni</em></strong></span> <span class='ocrx_word' id='word_1_136' title='bbox 3259 754 3695 820; x_wconf 79' lang='lat' dir='ltr'><strong><em>mandarentur,</em></strong></span> 
     </span>
    </p>
   </div>
   <div class='ocr_carea' id='block_1_24' title="bbox 2114 846 3697 919">
    <p class='ocr_par' dir='ltr' id='par_1_24' title="bbox 2114 846 3697 919">
     <span class='ocr_line' id='line_1_24' title="bbox 2114 846 3697 919; baseline -0.001 -16"><span class='ocrx_word' id='word_1_137' title='bbox 2114 849 2254 904; x_wconf 89' lang='lat' dir='ltr'><strong><em>alius</em></strong></span> <span class='ocrx_word' id='word_1_138' title='bbox 2283 850 2352 904; x_wconf 90' lang='lat' dir='ltr'><strong><em>ab</em></strong></span> <span class='ocrx_word' id='word_1_139' title='bbox 2378 850 2704 919; x_wconf 78' lang='lat' dir='ltr'><strong><em>imperatore</em></strong></span> <span class='ocrx_word' id='word_1_140' title='bbox 2722 846 2945 902; x_wconf 85' lang='lat' dir='ltr'><strong><em>nuntius</em></strong></span> <span class='ocrx_word' id='word_1_141' title='bbox 2980 847 3318 917; x_wconf 88' lang='lat' dir='ltr'><strong><em>supervenit,</em></strong></span> <span class='ocrx_word' id='word_1_142' title='bbox 3352 847 3469 916; x_wconf 91' lang='lat' dir='ltr'><strong><em>qui,</em></strong></span> <span class='ocrx_word' id='word_1_143' title='bbox 3498 846 3697 902; x_wconf 84' lang='lat' dir='ltr'><strong><em>oblatis</em></strong></span> 
     </span>
    </p>
   </div>
   <div class='ocr_carea' id='block_1_25' title="bbox 2113 937 3751 1010">
    <p class='ocr_par' dir='ltr' id='par_1_25' title="bbox 2113 937 3751 1010">
     <span class='ocr_line' id='line_1_25' title="bbox 2113 937 3751 1010; baseline -0.004 -14"><span class='ocrx_word' id='word_1_144' title='bbox 2113 941 2489 1010; x_wconf 81' lang='lat' dir='ltr'><strong><em>imperialibus</em></strong></span> <span class='ocrx_word' id='word_1_145' title='bbox 2545 939 2785 1004; x_wconf 91' lang='lat' dir='ltr'><strong><em>litteris,</em></strong></span> <span class='ocrx_word' id='word_1_146' title='bbox 2839 937 3104 1009; x_wconf 79' lang='lat' dir='ltr'><strong><em>synodum</em></strong></span> <span class='ocrx_word' id='word_1_147' title='bbox 3166 939 3418 993; x_wconf 77' lang='lat' dir='ltr'><strong><em>hortatus</em></strong></span> <span class='ocrx_word' id='word_1_148' title='bbox 3469 946 3575 1003; x_wconf 91' lang='lat' dir='ltr'><strong><em>est,</em></strong></span> <span class='ocrx_word' id='word_1_149' title='bbox 3613 948 3697 1006; x_wconf 88' lang='lat' dir='ltr'><strong><em>ut,</em></strong></span> <span class='ocrx_word' id='word_1_150' title='bbox 3738 986 3751 997; x_wconf 82' lang='lat'><strong><em>,</em></strong></span> 
     </span>
    </p>
   </div>
   <div class='ocr_carea' id='block_1_26' title="bbox 2115 1030 3698 1104">
    <p class='ocr_par' dir='ltr' id='par_1_26' title="bbox 2115 1030 3698 1104">
     <span class='ocr_line' id='line_1_26' title="bbox 2115 1030 3698 1104; baseline -0.003 -13"><span class='ocrx_word' id='word_1_151' title='bbox 2115 1034 2260 1091; x_wconf 90' lang='lat' dir='ltr'><strong><em>nulla</em></strong></span> <span class='ocrx_word' id='word_1_152' title='bbox 2290 1034 2608 1104; x_wconf 87' lang='lat' dir='ltr'><strong><em>interposita</em></strong></span> <span class='ocrx_word' id='word_1_153' title='bbox 2644 1046 2821 1097; x_wconf 87' lang='lat' dir='ltr'><strong><em>mora,</em></strong></span> <span class='ocrx_word' id='word_1_154' title='bbox 2851 1045 3041 1087; x_wconf 91' lang='lat' dir='ltr'><strong><em>omnes</em></strong></span> <span class='ocrx_word' id='word_1_155' title='bbox 3073 1031 3475 1101; x_wconf 86' lang='lat' dir='ltr'><strong><em>quamprimum</em></strong></span> <span class='ocrx_word' id='word_1_156' title='bbox 3504 1030 3698 1086; x_wconf 86' lang='lat' dir='ltr'><strong><em>Hiero-</em></strong></span> 
     </span>
    </p>
   </div>
   <div class='ocr_carea' id='block_1_27' title="bbox 2115 1120 3697 1199">
    <p class='ocr_par' dir='ltr' id='par_1_27' title="bbox 2115 1120 3697 1199">
     <span class='ocr_line' id='line_1_27' title="bbox 2115 1120 3697 1199; baseline -0.004 -18"><span class='ocrx_word' id='word_1_157' title='bbox 2115 1126 2376 1199; x_wconf 86' lang='lat' dir='ltr'><strong><em>solymam</em></strong></span> <span class='ocrx_word' id='word_1_158' title='bbox 2408 1131 2787 1198; x_wconf 77' lang='lat' dir='ltr'><strong><em>properarent.</em></strong></span> <span class='ocrx_word' id='word_1_159' title='bbox 2823 1120 3017 1178; x_wconf 81' lang='lat' dir='ltr'><strong><em>Cuncti</em></strong></span> <span class='ocrx_word' id='word_1_160' title='bbox 3051 1121 3214 1190; x_wconf 88' lang='lat' dir='ltr'><strong><em>igitur</em></strong></span> <span class='ocrx_word' id='word_1_161' title='bbox 3262 1137 3329 1178; x_wconf 83' lang='lat' dir='ltr'><strong><em>ex</em></strong></span> <span class='ocrx_word' id='word_1_162' title='bbox 3375 1120 3697 1176; x_wconf 67' lang='lat' dir='ltr'><strong><em>Phoenicum</em></strong></span> 
     </span>
    </p>
   </div>
   <div class='ocr_carea' id='block_1_28' title="bbox 2115 1210 3696 1284">
    <p class='ocr_par' dir='ltr' id='par_1_28' title="bbox 2115 1210 3696 1284">
     <span class='ocr_line' id='line_1_28' title="bbox 2115 1210 3696 1284; baseline -0.001 -16"><span class='ocrx_word' id='word_1_163' title='bbox 2115 1215 2399 1284; x_wconf 85' lang='lat' dir='ltr'><strong><em>provincia</em></strong></span> <span class='ocrx_word' id='word_1_164' title='bbox 2440 1213 2806 1284; x_wconf 79' lang='lat' dir='ltr'><strong><em>digredientes</em></strong></span> <span class='ocrx_word' id='word_1_165' title='bbox 2832 1251 2849 1278; x_wconf 88' lang='lat'><strong><em>,</em></strong></span> <span class='ocrx_word' id='word_1_166' title='bbox 2887 1210 3104 1281; x_wconf 83' lang='lat' dir='ltr'><strong><em>publico</em></strong></span> <span class='ocrx_word' id='word_1_167' title='bbox 3150 1226 3312 1265; x_wconf 85' lang='lat' dir='ltr'><strong><em>cursu</em></strong></span> <span class='ocrx_word' id='word_1_168' title='bbox 3345 1211 3696 1273; x_wconf 86' lang='lat' dir='ltr'><strong><em>contendere,</em></strong></span> 
     </span>
    </p>
   </div>
   <div class='ocr_carea' id='block_1_29' title="bbox 2115 1299 3698 1376">
    <p class='ocr_par' dir='ltr' id='par_1_29' title="bbox 2115 1299 3698 1376">
     <span class='ocr_line' id='line_1_29' title="bbox 2115 1299 3698 1376; baseline -0.004 -14"><span class='ocrx_word' id='word_1_169' title='bbox 2115 1320 2180 1362; x_wconf 88' lang='lat' dir='ltr'><strong><em>eo</em></strong></span> <span class='ocrx_word' id='word_1_170' title='bbox 2210 1319 2319 1376; x_wconf 85' lang='lat' dir='ltr'><strong><em>quo</em></strong></span> <span class='ocrx_word' id='word_1_171' title='bbox 2343 1304 2553 1372; x_wconf 80' lang='lat' dir='ltr'><strong><em>iussum</em></strong></span> <span class='ocrx_word' id='word_1_172' title='bbox 2577 1300 3263 1371; x_wconf 70' lang='lat' dir='ltr'><strong><em>erat,ca3pere.Totusque</em></strong></span> <span class='ocrx_word' id='word_1_173' title='bbox 3278 1300 3387 1355; x_wconf 90' lang='lat' dir='ltr'><strong><em>illic</em></strong></span> <span class='ocrx_word' id='word_1_174' title='bbox 3407 1299 3556 1355; x_wconf 89' lang='lat' dir='ltr'><strong><em>locus</em></strong></span> <span class='ocrx_word' id='word_1_175' title='bbox 3580 1316 3698 1355; x_wconf 87' lang='lat' dir='ltr'><strong><em>ma-</em></strong></span> 
     </span>
    </p>
   </div>
   <div class='ocr_carea' id='block_1_30' title="bbox 2113 1391 3698 1459">
    <p class='ocr_par' dir='ltr' id='par_1_30' title="bbox 2113 1391 3698 1459">
     <span class='ocr_line' id='line_1_30' title="bbox 2113 1391 3698 1459; baseline -0.005 -7"><span class='ocrx_word' id='word_1_176' title='bbox 2113 1398 2265 1452; x_wconf 78' lang='lat' dir='ltr'><strong><em>ximo</em></strong></span> <span class='ocrx_word' id='word_1_177' title='bbox 2293 1396 2388 1452; x_wconf 87' lang='lat' dir='ltr'><strong><em>Dei</em></strong></span> <span class='ocrx_word' id='word_1_178' title='bbox 2438 1405 2586 1451; x_wconf 72' lang='lat' dir='ltr'><strong><em>cmtu</em></strong></span> <span class='ocrx_word' id='word_1_179' title='bbox 2623 1393 2841 1448; x_wconf 88' lang='lat' dir='ltr'><strong><em>tandem</em></strong></span> <span class='ocrx_word' id='word_1_180' title='bbox 2887 1393 3121 1447; x_wconf 80' lang='lat' dir='ltr'><strong><em>refertus</em></strong></span> <span class='ocrx_word' id='word_1_181' title='bbox 3161 1391 3283 1455; x_wconf 80' lang='lat' dir='ltr'><strong><em>fuit,</em></strong></span> <span class='ocrx_word' id='word_1_182' title='bbox 3315 1407 3436 1447; x_wconf 91' lang='lat' dir='ltr'><strong><em>cum</em></strong></span> <span class='ocrx_word' id='word_1_183' title='bbox 3475 1406 3539 1459; x_wconf 69' lang='lat' dir='ltr'><strong><em>et;</em></strong></span> <span class='ocrx_word' id='word_1_184' title='bbox 3576 1393 3698 1446; x_wconf 85' lang='lat' dir='ltr'><strong><em>uni-</em></strong></span> 
     </span>
    </p>
   </div>
   <div class='ocr_carea' id='block_1_31' title="bbox 2114 1483 3696 1559">
    <p class='ocr_par' dir='ltr' id='par_1_31' title="bbox 2114 1483 3696 1559">
     <span class='ocr_line' id='line_1_31' title="bbox 2114 1483 3696 1559; baseline -0.003 -16"><span class='ocrx_word' id='word_1_185' title='bbox 2114 1491 2292 1546; x_wconf 77' lang='lat' dir='ltr'><strong><em>versis</em></strong></span> <span class='ocrx_word' id='word_1_186' title='bbox 2322 1488 2620 1559; x_wconf 88' lang='lat' dir='ltr'><strong><em>provinciis</em></strong></span> <span class='ocrx_word' id='word_1_187' title='bbox 2674 1487 2913 1557; x_wconf 89' lang='lat' dir='ltr'><strong><em>iusignes</em></strong></span> <span class='ocrx_word' id='word_1_188' title='bbox 2945 1485 3183 1555; x_wconf 81' lang='lat' dir='ltr'><strong><em>episcopi</em></strong></span> <span class='ocrx_word' id='word_1_189' title='bbox 3215 1483 3608 1556; x_wconf 83' lang='lat' dir='ltr'><strong><em>Hierosolymis</em></strong></span> <span class='ocrx_word' id='word_1_190' title='bbox 3644 1485 3696 1539; x_wconf 94' lang='lat' dir='ltr'><strong><em>in</em></strong></span> 
     </span>
    </p>
   </div>
   <div class='ocr_carea' id='block_1_32' title="bbox 2114 1577 3700 1648">
    <p class='ocr_par' dir='ltr' id='par_1_32' title="bbox 2114 1577 3700 1648">
     <span class='ocr_line' id='line_1_32' title="bbox 2114 1577 3700 1648; baseline -0.001 -13"><span class='ocrx_word' id='word_1_191' title='bbox 2114 1597 2285 1636; x_wconf 88' lang='lat' dir='ltr'><strong><em>unum</em></strong></span> <span class='ocrx_word' id='word_1_192' title='bbox 2315 1580 2721 1637; x_wconf 77' lang='lat' dir='ltr'><strong><em>convenissent.</em></strong></span> <span class='ocrx_word' id='word_1_193' title='bbox 2747 1579 2881 1634; x_wconf 85' lang='lat' dir='ltr'><strong><em>Nam</em></strong></span> <span class='ocrx_word' id='word_1_194' title='bbox 2910 1586 2965 1634; x_wconf 90' lang='lat' dir='ltr'><strong><em>et</em></strong></span> <span class='ocrx_word' id='word_1_195' title='bbox 2993 1578 3317 1634; x_wconf 81' lang='lat' dir='ltr'><strong><em>Macedones</em></strong></span> <span class='ocrx_word' id='word_1_196' title='bbox 3341 1577 3529 1648; x_wconf 65' lang='lat' dir='ltr'><strong><em>prima:</em></strong></span> <span class='ocrx_word' id='word_1_197' title='bbox 3558 1577 3700 1648; x_wconf 88' lang='lat' dir='ltr'><strong><em>apud</em></strong></span> 
     </span>
    </p>
   </div>
   <div class='ocr_carea' id='block_1_33' title="bbox 2115 1670 3693 1744">
    <p class='ocr_par' dir='ltr' id='par_1_33' title="bbox 2115 1670 3693 1744">
     <span class='ocr_line' id='line_1_33' title="bbox 2115 1670 3693 1744; baseline -0.003 -13"><span class='ocrx_word' id='word_1_198' title='bbox 2115 1689 2177 1730; x_wconf 89' lang='lat' dir='ltr'><strong><em>se</em></strong></span> <span class='ocrx_word' id='word_1_199' title='bbox 2203 1674 2349 1730; x_wconf 89' lang='lat' dir='ltr'><strong><em>sedis</em></strong></span> <span class='ocrx_word' id='word_1_200' title='bbox 2370 1675 2688 1744; x_wconf 85' lang='lat' dir='ltr'><strong><em>episcopum</em></strong></span> <span class='ocrx_word' id='word_1_201' title='bbox 2728 1672 3031 1737; x_wconf 85' lang='lat' dir='ltr'><strong><em>miserant;</em></strong></span> <span class='ocrx_word' id='word_1_202' title='bbox 3065 1680 3120 1726; x_wconf 89' lang='lat' dir='ltr'><strong><em>et</em></strong></span> <span class='ocrx_word' id='word_1_203' title='bbox 3158 1671 3493 1726; x_wconf 87' lang='lat' dir='ltr'><strong><em>Pannoniae</em></strong></span> <span class='ocrx_word' id='word_1_204' title='bbox 3536 1670 3693 1728; x_wconf 80' lang='grc' dir='ltr'><strong><em>Μωεί</em></strong></span> 
     </span>
    </p>
   </div>
   <div class='ocr_carea' id='block_1_34' title="bbox 2118 1763 3694 1834">
    <p class='ocr_par' dir='ltr' id='par_1_34' title="bbox 2118 1763 3694 1834">
     <span class='ocr_line' id='line_1_34' title="bbox 2118 1763 3694 1834; baseline -0.003 -11"><span class='ocrx_word' id='word_1_205' title='bbox 2118 1783 2187 1823; x_wconf 71' lang='lat' dir='ltr'><strong><em>es</em></strong></span> <span class='ocrx_word' id='word_1_206' title='bbox 2217 1768 2484 1823; x_wconf 87' lang='lat' dir='ltr'><strong><em>tironibus</em></strong></span> <span class='ocrx_word' id='word_1_207' title='bbox 2529 1764 2625 1821; x_wconf 90' lang='lat' dir='ltr'><strong><em>Dei</em></strong></span> <span class='ocrx_word' id='word_1_208' title='bbox 2661 1764 3013 1820; x_wconf 79' lang='lat' dir='ltr'><strong><em>lectissimum</em></strong></span> <span class='ocrx_word' id='word_1_209' title='bbox 3049 1764 3233 1819; x_wconf 83' lang='lat' dir='ltr'><strong><em>ﬂorem</em></strong></span> <span class='ocrx_word' id='word_1_210' title='bbox 3269 1778 3334 1818; x_wconf 90' lang='lat' dir='ltr'><strong><em>ac</em></strong></span> <span class='ocrx_word' id='word_1_211' title='bbox 3360 1763 3694 1834; x_wconf 83' lang='lat' dir='ltr'><strong><em>praecipuum</em></strong></span> 
     </span>
    </p>
   </div>
   <div class='ocr_carea' id='block_1_35' title="bbox 423 1854 2016 1936">
    <p class='ocr_par' dir='ltr' id='par_1_35' title="bbox 423 1861 2016 1936">
     <span class='ocr_line' id='line_1_35' title="bbox 423 1861 2016 1936; baseline -0.005 -16"><span class='ocrx_word' id='word_1_212' title='bbox 423 1865 701 1930; x_wconf 78' lang='grc' dir='ltr'>νεολαίαςο</span> <span class='ocrx_word' id='word_1_213' title='bbox 744 1865 926 1936; x_wconf 79' lang='grc' dir='ltr'>παρῆν</span> <span class='ocrx_word' id='word_1_214' title='bbox 974 1864 1030 1916; x_wconf 86' lang='grc' dir='ltr'><strong><em>δὲ</em></strong></span> <span class='ocrx_word' id='word_1_215' title='bbox 1079 1865 1175 1917; x_wconf 75' lang='grc' dir='ltr'><strong><em>καὶ</em></strong></span> <span class='ocrx_word' id='word_1_216' title='bbox 1225 1863 1451 1935; x_wconf 88' lang='grc' dir='ltr'>Περσῶν</span> <span class='ocrx_word' id='word_1_217' title='bbox 1508 1862 1823 1917; x_wconf 84' lang='grc' dir='ltr'>ἐπισκόπων</span> <span class='ocrx_word' id='word_1_218' title='bbox 1873 1861 2016 1932; x_wconf 77' lang='grc' dir='ltr'>ἱερὸν</span> 
     </span>
    </p>
   </div>
   <div class='ocr_carea' id='block_1_36' title="bbox 2118 1854 3701 1936">
    <p class='ocr_par' dir='ltr' id='par_1_36' title="bbox 2118 1855 3701 1930">
     <span class='ocr_line' id='line_1_36' title="bbox 2118 1855 3701 1930; baseline -0.003 -16"><span class='ocrx_word' id='word_1_219' title='bbox 2118 1859 2295 1930; x_wconf 86' lang='lat' dir='ltr'><strong><em>gentis</em></strong></span> <span class='ocrx_word' id='word_1_220' title='bbox 2321 1874 2432 1914; x_wconf 80' lang='lat' dir='ltr'><strong><em>suae</em></strong></span> <span class='ocrx_word' id='word_1_221' title='bbox 2462 1860 2628 1914; x_wconf 84' lang='lat' dir='ltr'><strong><em>decus</em></strong></span> <span class='ocrx_word' id='word_1_222' title='bbox 2656 1858 2992 1913; x_wconf 76' lang='lat' dir='ltr'><strong><em>direxerant.</em></strong></span> <span class='ocrx_word' id='word_1_223' title='bbox 3035 1856 3241 1911; x_wconf 88' lang='lat' dir='ltr'><strong><em>Aderat</em></strong></span> <span class='ocrx_word' id='word_1_224' title='bbox 3275 1856 3443 1910; x_wconf 89' lang='lat' dir='ltr'><strong><em>etiam</em></strong></span> <span class='ocrx_word' id='word_1_225' title='bbox 3483 1855 3701 1925; x_wconf 85' lang='lat' dir='ltr'><strong><em>episeo-</em></strong></span> 
     </span>
    </p>
   </div>
   <div class='ocr_carea' id='block_1_37' title="bbox 423 1950 2012 2030">
    <p class='ocr_par' dir='ltr' id='par_1_37' title="bbox 423 1950 2012 2030">
     <span class='ocr_line' id='line_1_37' title="bbox 423 1950 2012 2030; baseline -0.003 -20"><span class='ocrx_word' id='word_1_226' title='bbox 423 1959 635 2030; x_wconf 84' lang='grc' dir='ltr'>χρῆμα,</span> <span class='ocrx_word' id='word_1_227' title='bbox 668 1956 736 2010; x_wconf 81' lang='grc' dir='ltr'>τὰ</span> <span class='ocrx_word' id='word_1_228' title='bbox 762 1957 881 2010; x_wconf 81' lang='grc' dir='ltr'>θεῖα</span> <span class='ocrx_word' id='word_1_229' title='bbox 907 1956 1064 2025; x_wconf 84' lang='grc' dir='ltr'>λόγια</span> <span class='ocrx_word' id='word_1_230' title='bbox 1099 1954 1488 2027; x_wconf 78' lang='grc' dir='ltr'>ἐξηκριϐωκὼς</span> <span class='ocrx_word' id='word_1_231' title='bbox 1522 1955 1683 2027; x_wconf 84' lang='grc' dir='ltr'>ἀνὴρ,</span> <span class='ocrx_word' id='word_1_232' title='bbox 1705 1950 1920 2007; x_wconf 87' lang='grc' dir='ltr'>Βιθυνοί</span> <span class='ocrx_word' id='word_1_233' title='bbox 1951 1970 2012 2006; x_wconf 89' lang='grc' dir='ltr'><strong><em>τε</em></strong></span> 
     </span>
    </p>
   </div>
   <div class='ocr_carea' id='block_1_38' title="bbox 426 2042 2017 2121">
    <p class='ocr_par' dir='ltr' id='par_1_38' title="bbox 426 2042 2017 2121">
     <span class='ocr_line' id='line_1_38' title="bbox 426 2042 2017 2121; baseline -0.003 -17"><span class='ocrx_word' id='word_1_234' title='bbox 426 2049 520 2104; x_wconf 74' lang='grc' dir='ltr'>καὶ</span> <span class='ocrx_word' id='word_1_235' title='bbox 559 2049 772 2121; x_wconf 80' lang='grc' dir='ltr'>Θρᾷκες</span> <span class='ocrx_word' id='word_1_236' title='bbox 821 2048 896 2121; x_wconf 89' lang='lat'><strong><em>(9)</em></strong></span> <span class='ocrx_word' id='word_1_237' title='bbox 947 2048 1008 2102; x_wconf 76' lang='grc' dir='ltr'><strong><em>τὸ</em></strong></span> <span class='ocrx_word' id='word_1_238' title='bbox 1066 2047 1341 2120; x_wconf 87' lang='grc' dir='ltr'>πλήρωμα</span> <span class='ocrx_word' id='word_1_239' title='bbox 1390 2042 1492 2116; x_wconf 78' lang='grc' dir='ltr'>τῆς</span> <span class='ocrx_word' id='word_1_240' title='bbox 1534 2048 1754 2101; x_wconf 86' lang='grc' dir='ltr'>συνόδου</span> <span class='ocrx_word' id='word_1_241' title='bbox 1787 2045 2017 2100; x_wconf 85' lang='grc' dir='ltr'>κατεκό-</span> 
     </span>
    </p>
   </div>
   <div class='ocr_carea' id='block_1_39' title="bbox 427 2137 2017 2213">
    <p class='ocr_par' dir='ltr' id='par_1_39' title="bbox 427 2137 2017 2213">
     <span class='ocr_line' id='line_1_39' title="bbox 427 2137 2017 2213; baseline -0.003 -19"><span class='ocrx_word' id='word_1_242' title='bbox 427 2156 617 2211; x_wconf 88' lang='grc' dir='ltr'>σμουν.</span> <span class='ocrx_word' id='word_1_243' title='bbox 643 2138 718 2195; x_wconf 81' lang='grc' dir='ltr'><strong><em>Οὐ</em></strong></span> <span class='ocrx_word' id='word_1_244' title='bbox 751 2141 859 2213; x_wconf 82' lang='grc' dir='ltr'><strong><em>μὴν</em></strong></span> <span class='ocrx_word' id='word_1_245' title='bbox 883 2139 1324 2212; x_wconf 85' lang='grc' dir='ltr'>ἅπελιμπάνοντο</span> <span class='ocrx_word' id='word_1_246' title='bbox 1359 2139 1522 2210; x_wconf 79' lang='grc' dir='ltr'>(οὐδὲ)</span> <span class='ocrx_word' id='word_1_247' title='bbox 1553 2139 1793 2193; x_wconf 85' lang='grc' dir='ltr'>Κιλίκων</span> <span class='ocrx_word' id='word_1_248' title='bbox 1821 2140 1869 2191; x_wconf 84' lang='grc' dir='ltr'>οἱ</span> <span class='ocrx_word' id='word_1_249' title='bbox 1902 2137 2017 2190; x_wconf 91' lang='grc' dir='ltr'>δια-</span> 
     </span>
    </p>
   </div>
   <div class='ocr_carea' id='block_1_40' title="bbox 427 2229 2016 2309">
    <p class='ocr_par' dir='ltr' id='par_1_40' title="bbox 427 2229 2016 2309">
     <span class='ocr_line' id='line_1_40' title="bbox 427 2229 2016 2309; baseline -0.003 -23"><span class='ocrx_word' id='word_1_250' title='bbox 427 2232 706 2309; x_wconf 53' lang='grc' dir='ltr'>φέροντες,</span> <span class='ocrx_word' id='word_1_251' title='bbox 752 2232 845 2286; x_wconf 71' lang='grc' dir='ltr'>καὶ</span> <span class='ocrx_word' id='word_1_252' title='bbox 889 2231 1275 2286; x_wconf 83' lang='grc' dir='ltr'>Καππαδοκῶν</span> <span class='ocrx_word' id='word_1_253' title='bbox 1316 2231 1364 2284; x_wconf 86' lang='grc' dir='ltr'>θ’</span> <span class='ocrx_word' id='word_1_254' title='bbox 1393 2233 1443 2285; x_wconf 91' lang='grc' dir='ltr'>οἱ</span> <span class='ocrx_word' id='word_1_255' title='bbox 1469 2230 1676 2303; x_wconf 85' lang='grc' dir='ltr'>πρῶτοι</span> <span class='ocrx_word' id='word_1_256' title='bbox 1733 2229 2016 2283; x_wconf 83' lang='grc' dir='ltr'>παιδεύσει</span> 
     </span>
    </p>
   </div>
   <div class='ocr_carea' id='block_1_41' title="bbox 424 2324 2018 2396">
    <p class='ocr_par' dir='ltr' id='par_1_41' title="bbox 424 2324 2018 2396">
     <span class='ocr_line' id='line_1_41' title="bbox 424 2324 2018 2396; baseline -0.001 -18"><span class='ocrx_word' id='word_1_257' title='bbox 424 2324 599 2394; x_wconf 86' lang='grc' dir='ltr'>λόγων</span> <span class='ocrx_word' id='word_1_258' title='bbox 628 2325 782 2396; x_wconf 70' lang='grc' dir='ltr'>μέσοι</span> <span class='ocrx_word' id='word_1_259' title='bbox 808 2328 921 2390; x_wconf 84' lang='grc' dir='ltr'>τοῖς</span> <span class='ocrx_word' id='word_1_260' title='bbox 949 2327 1085 2378; x_wconf 81' lang='grc' dir='ltr'>πᾶσι</span> <span class='ocrx_word' id='word_1_261' title='bbox 1109 2324 1399 2396; x_wconf 86' lang='grc' dir='ltr'>διέπρεπον</span> <span class='ocrx_word' id='word_1_262' title='bbox 1417 2341 1430 2355; x_wconf 91' lang='grc'><strong>·</strong></span> <span class='ocrx_word' id='word_1_263' title='bbox 1464 2324 1635 2396; x_wconf 90' lang='grc' dir='ltr'>Συρία</span> <span class='ocrx_word' id='word_1_264' title='bbox 1659 2341 1719 2377; x_wconf 87' lang='grc' dir='ltr'><strong><em>τε</em></strong></span> <span class='ocrx_word' id='word_1_265' title='bbox 1743 2324 1892 2377; x_wconf 84' lang='grc' dir='ltr'>πᾶσα</span> <span class='ocrx_word' id='word_1_266' title='bbox 1920 2325 2018 2377; x_wconf 77' lang='grc' dir='ltr'><strong><em>καὶ</em></strong></span> 
     </span>
    </p>
   </div>
   <div class='ocr_carea' id='block_1_42' title="bbox 426 2415 2020 2488">
    <p class='ocr_par' dir='ltr' id='par_1_42' title="bbox 426 2415 2020 2488">
     <span class='ocr_line' id='line_1_42' title="bbox 426 2415 2020 2488; baseline -0.001 -20"><span class='ocrx_word' id='word_1_267' title='bbox 426 2416 844 2486; x_wconf 81' lang='grc' dir='ltr'>Μεσοποταμία,</span> <span class='ocrx_word' id='word_1_268' title='bbox 875 2415 1094 2485; x_wconf 78' lang='grc' dir='ltr'>Φοινίκη</span> <span class='ocrx_word' id='word_1_269' title='bbox 1126 2433 1187 2468; x_wconf 88' lang='grc' dir='ltr'><strong><em>τε</em></strong></span> <span class='ocrx_word' id='word_1_270' title='bbox 1220 2416 1314 2469; x_wconf 76' lang='grc' dir='ltr'>καὶ</span> <span class='ocrx_word' id='word_1_271' title='bbox 1355 2415 1580 2488; x_wconf 84' lang='grc' dir='ltr'>Ἀραϐία</span> <span class='ocrx_word' id='word_1_272' title='bbox 1610 2416 1709 2469; x_wconf 77' lang='grc' dir='ltr'><strong><em>σὺν</em></strong></span> <span class='ocrx_word' id='word_1_273' title='bbox 1738 2415 1875 2487; x_wconf 85' lang='grc' dir='ltr'>αὐτῇ</span> <span class='ocrx_word' id='word_1_274' title='bbox 1905 2415 2020 2468; x_wconf 88' lang='grc' dir='ltr'><strong><em>Πα-</em></strong></span> 
     </span>
    </p>
   </div>
   <div class='ocr_carea' id='block_1_43' title="bbox 427 2505 2019 2580">
    <p class='ocr_par' dir='ltr' id='par_1_43' title="bbox 427 2505 2019 2580">
     <span class='ocr_line' id='line_1_43' title="bbox 427 2505 2019 2580; baseline 0.001 -21"><span class='ocrx_word' id='word_1_275' title='bbox 427 2505 695 2579; x_wconf 81' lang='grc' dir='ltr'>λαιστίνῃ,</span> <span class='ocrx_word' id='word_1_276' title='bbox 730 2508 1004 2576; x_wconf 73' lang='grc' dir='ltr'>Αἴγυπτός</span> <span class='ocrx_word' id='word_1_277' title='bbox 1035 2525 1096 2561; x_wconf 88' lang='grc' dir='ltr'><strong><em>τε</em></strong></span> <span class='ocrx_word' id='word_1_278' title='bbox 1125 2508 1219 2562; x_wconf 66' lang='grc' dir='ltr'><strong><em>καὶ</em></strong></span> <span class='ocrx_word' id='word_1_279' title='bbox 1237 2508 1433 2580; x_wconf 86' lang='grc' dir='ltr'>Λιϐύη,</span> <span class='ocrx_word' id='word_1_280' title='bbox 1469 2508 1605 2562; x_wconf 79' lang='grc' dir='ltr'>οἵτε</span> <span class='ocrx_word' id='word_1_281' title='bbox 1636 2508 1737 2580; x_wconf 83' lang='grc' dir='ltr'><strong><em>τὴν</em></strong></span> <span class='ocrx_word' id='word_1_282' title='bbox 1765 2507 2019 2579; x_wconf 87' lang='grc' dir='ltr'>Θηϐαίων</span> 
     </span>
    </p>
   </div>
   <div class='ocr_carea' id='block_1_44' title="bbox 428 2595 2018 2672">
    <p class='ocr_par' dir='ltr' id='par_1_44' title="bbox 428 2595 2018 2672">
     <span class='ocr_line' id='line_1_44' title="bbox 428 2595 2018 2672; baseline 0.001 -21"><span class='ocrx_word' id='word_1_283' title='bbox 428 2595 706 2662; x_wconf 78' lang='grc' dir='ltr'>οἰκοῦντες</span> <span class='ocrx_word' id='word_1_284' title='bbox 758 2597 964 2669; x_wconf 79' lang='grc' dir='ltr'>χώραν,</span> <span class='ocrx_word' id='word_1_285' title='bbox 1020 2600 1221 2663; x_wconf 86' lang='grc' dir='ltr'>πάντες</span> <span class='ocrx_word' id='word_1_286' title='bbox 1278 2598 1414 2670; x_wconf 82' lang='grc' dir='ltr'>ὁμοῦ</span> <span class='ocrx_word' id='word_1_287' title='bbox 1460 2598 1732 2671; x_wconf 83' lang='grc' dir='ltr'>ἐπλήρουν</span> <span class='ocrx_word' id='word_1_288' title='bbox 1775 2599 1876 2672; x_wconf 83' lang='grc' dir='ltr'><strong><em>τὴν</em></strong></span> <span class='ocrx_word' id='word_1_289' title='bbox 1919 2616 2018 2671; x_wconf 92' lang='grc' dir='ltr'>με-</span> 
     </span>
    </p>
   </div>
   <div class='ocr_carea' id='block_1_45' title="bbox 431 2686 2019 2765">
    <p class='ocr_par' dir='ltr' id='par_1_45' title="bbox 431 2686 2019 2765">
     <span class='ocr_line' id='line_1_45' title="bbox 431 2686 2019 2765; baseline 0.003 -22"><span class='ocrx_word' id='word_1_290' title='bbox 431 2691 605 2761; x_wconf 75' lang='grc' dir='ltr'>γάλην</span> <span class='ocrx_word' id='word_1_291' title='bbox 681 2691 775 2744; x_wconf 89' lang='grc' dir='ltr'><strong><em>τοῦ</em></strong></span> <span class='ocrx_word' id='word_1_292' title='bbox 833 2691 970 2745; x_wconf 86' lang='grc' dir='ltr'>Θεοῦ</span> <span class='ocrx_word' id='word_1_293' title='bbox 1028 2691 1246 2764; x_wconf 88' lang='grc' dir='ltr'>χορείαν</span> <span class='ocrx_word' id='word_1_294' title='bbox 1280 2710 1293 2724; x_wconf 89' lang='grc'><strong>·</strong></span> <span class='ocrx_word' id='word_1_295' title='bbox 1356 2686 1438 2756; x_wconf 78' lang='grc' dir='ltr'>οἷς</span> <span class='ocrx_word' id='word_1_296' title='bbox 1510 2693 1880 2765; x_wconf 84' lang='grc' dir='ltr'>ἀναρίθμητος</span> <span class='ocrx_word' id='word_1_297' title='bbox 1957 2692 2019 2760; x_wconf 79' lang='grc' dir='ltr'><strong><em>ἐξ</em></strong></span> 
     </span>
    </p>
   </div>
   <div class='ocr_carea' id='block_1_46' title="bbox 431 2783 2018 2857">
    <p class='ocr_par' dir='ltr' id='par_1_46' title="bbox 431 2783 2018 2857">
     <span class='ocr_line' id='line_1_46' title="bbox 431 2783 2018 2857; baseline 0.001 -20"><span class='ocrx_word' id='word_1_298' title='bbox 431 2783 659 2837; x_wconf 84' lang='grc' dir='ltr'>ἁπασῶν</span> <span class='ocrx_word' id='word_1_299' title='bbox 724 2783 832 2836; x_wconf 83' lang='grc' dir='ltr'><strong><em>τῶν</em></strong></span> <span class='ocrx_word' id='word_1_300' title='bbox 890 2784 1167 2855; x_wconf 86' lang='grc' dir='ltr'>ἐπαρχιῶν</span> <span class='ocrx_word' id='word_1_301' title='bbox 1229 2784 1585 2855; x_wconf 84' lang='grc' dir='ltr'>ἐπηκολούθει</span> <span class='ocrx_word' id='word_1_302' title='bbox 1648 2784 1819 2849; x_wconf 86' lang='grc' dir='ltr'>λεώς·</span> <span class='ocrx_word' id='word_1_303' title='bbox 1879 2802 2018 2857; x_wconf 88' lang='grc' dir='ltr'>παρ-</span> 
     </span>
    </p>
   </div>
   <div class='ocr_carea' id='block_1_47' title="bbox 428 2873 2016 2949">
    <p class='ocr_par' dir='ltr' id='par_1_47' title="bbox 428 2873 2016 2949">
     <span class='ocr_line' id='line_1_47' title="bbox 428 2873 2016 2949; baseline 0.001 -22"><span class='ocrx_word' id='word_1_304' title='bbox 428 2875 497 2945; x_wconf 84' lang='grc' dir='ltr'>ῆν</span> <span class='ocrx_word' id='word_1_305' title='bbox 558 2873 616 2927; x_wconf 82' lang='grc' dir='ltr'>δὲ</span> <span class='ocrx_word' id='word_1_306' title='bbox 673 2873 884 2938; x_wconf 85' lang='grc' dir='ltr'>τούτοις</span> <span class='ocrx_word' id='word_1_307' title='bbox 943 2874 1112 2928; x_wconf 76' lang='grc' dir='ltr'>ἅπασι</span> <span class='ocrx_word' id='word_1_308' title='bbox 1168 2874 1421 2947; x_wconf 86' lang='grc' dir='ltr'>βασιλική</span> <span class='ocrx_word' id='word_1_309' title='bbox 1454 2893 1538 2941; x_wconf 90' lang='grc' dir='ltr'><strong><em>τις</em></strong></span> <span class='ocrx_word' id='word_1_310' title='bbox 1575 2876 1848 2949; x_wconf 84' lang='grc' dir='ltr'>ὑπηρεσία</span> <span class='ocrx_word' id='word_1_311' title='bbox 1882 2876 2016 2947; x_wconf 88' lang='grc'>(10),</span> 
     </span>
    </p>
   </div>
   <div class='ocr_carea' id='block_1_48' title="bbox 429 2965 2020 3041">
    <p class='ocr_par' dir='ltr' id='par_1_48' title="bbox 429 2965 2020 3041">
     <span class='ocr_line' id='line_1_48' title="bbox 429 2965 2020 3041; baseline 0 -20"><span class='ocrx_word' id='word_1_312' title='bbox 429 2966 625 3041; x_wconf 81' lang='grc' dir='ltr'>ἄνδρες</span> <span class='ocrx_word' id='word_1_313' title='bbox 665 2968 713 3019; x_wconf 82' lang='grc' dir='ltr'>τ’</span> <span class='ocrx_word' id='word_1_314' title='bbox 747 2966 806 3034; x_wconf 80' lang='grc' dir='ltr'><strong><em>ἐξ</em></strong></span> <span class='ocrx_word' id='word_1_315' title='bbox 838 2965 1018 3021; x_wconf 84' lang='grc' dir='ltr'>αὐτῶν</span> <span class='ocrx_word' id='word_1_316' title='bbox 1061 2966 1346 3037; x_wconf 87' lang='grc' dir='ltr'>βασιλείων</span> <span class='ocrx_word' id='word_1_317' title='bbox 1379 2968 1594 3040; x_wconf 87' lang='grc' dir='ltr'>δόκιμοι</span> <span class='ocrx_word' id='word_1_318' title='bbox 1636 2967 2020 3039; x_wconf 84' lang='grc' dir='ltr'>κατεπέμπον-</span> 
     </span>
    </p>
   </div>
   <div class='ocr_carea' id='block_1_49' title="bbox 429 3059 1969 3135">
    <p class='ocr_par' dir='ltr' id='par_1_49' title="bbox 429 3059 1969 3135">
     <span class='ocr_line' id='line_1_49' title="bbox 429 3059 1969 3135; baseline -0.001 -19"><span class='ocrx_word' id='word_1_319' title='bbox 429 3079 514 3125; x_wconf 84' lang='grc' dir='ltr'><strong><em>τυ,</em></strong></span> <span class='ocrx_word' id='word_1_320' title='bbox 546 3059 836 3133; x_wconf 74' lang='grc' dir='ltr'>φαιδρνῦναι</span> <span class='ocrx_word' id='word_1_321' title='bbox 857 3060 958 3133; x_wconf 80' lang='grc' dir='ltr'><strong><em>τὴν</em></strong></span> <span class='ocrx_word' id='word_1_322' title='bbox 984 3060 1176 3132; x_wconf 79' lang='grc' dir='ltr'>ἑορτὴν</span> <span class='ocrx_word' id='word_1_323' title='bbox 1204 3064 1326 3126; x_wconf 86' lang='grc' dir='ltr'>ταῖς</span> <span class='ocrx_word' id='word_1_324' title='bbox 1361 3060 1629 3131; x_wconf 85' lang='grc' dir='ltr'>βασιλέως</span> <span class='ocrx_word' id='word_1_325' title='bbox 1657 3060 1969 3135; x_wconf 87' lang='grc' dir='ltr'>χορηγίαις.</span> 
     </span>
    </p>
   </div>
   <div class='ocr_carea' id='block_1_50' title="bbox 950 3329 1508 3384">
    <p class='ocr_par' dir='ltr' id='par_1_50' title="bbox 950 3329 1508 3384">
     <span class='ocr_line' id='line_1_50' title="bbox 950 3329 1508 3384; baseline 0.005 -3"><span class='ocrx_word' id='word_1_326' title='bbox 950 3329 1346 3383; x_wconf 79' lang='grc' dir='ltr'><strong><em>ΚΕΦΑΛΑΙΟΝ</em></strong></span> <span class='ocrx_word' id='word_1_327' title='bbox 1376 3330 1508 3384; x_wconf 79' lang='lat' dir='ltr'><strong><em>MA&#39;.</em></strong></span> 
     </span>
    </p>
   </div>
   <div class='ocr_carea' id='block_1_51' title="bbox 433 3417 2019 3489">
    <p class='ocr_par' dir='ltr' id='par_1_51' title="bbox 433 3417 2019 3489">
     <span class='ocr_line' id='line_1_51' title="bbox 433 3417 2019 3489; baseline 0.002 -16"><span class='ocrx_word' id='word_1_328' title='bbox 433 3417 571 3487; x_wconf 72' lang='grc' dir='ltr'>Περὶ</span> <span class='ocrx_word' id='word_1_329' title='bbox 603 3417 716 3489; x_wconf 77' lang='grc' dir='ltr'>τῆς</span> <span class='ocrx_word' id='word_1_330' title='bbox 752 3417 861 3489; x_wconf 3' lang='grc' dir='ltr'>διὰ(</span> <span class='ocrx_word' id='word_1_331' title='bbox 891 3421 1199 3487; x_wconf 79' lang='grc' dir='ltr'>Μαριανοῦ</span> <span class='ocrx_word' id='word_1_332' title='bbox 1241 3419 1350 3474; x_wconf 85' lang='grc' dir='ltr'><strong><em>τοῦ</em></strong></span> <span class='ocrx_word' id='word_1_333' title='bbox 1382 3420 1665 3488; x_wconf 84' lang='grc' dir='ltr'>νοταρίου</span> <span class='ocrx_word' id='word_1_334' title='bbox 1690 3420 2019 3489; x_wconf 76' lang='grc' dir='ltr'>δεξιώσεως</span> 
     </span>
    </p>
   </div>
   <div class='ocr_carea' id='block_1_52' title="bbox 504 3488 2018 3559">
    <p class='ocr_par' dir='ltr' id='par_1_52' title="bbox 504 3488 2018 3559">
     <span class='ocr_line' id='line_1_52' title="bbox 504 3488 2018 3559; baseline 0.003 -18"><span class='ocrx_word' id='word_1_335' title='bbox 504 3488 722 3554; x_wconf 79' lang='grc' dir='ltr'>αὐτῶν,</span> <span class='ocrx_word' id='word_1_336' title='bbox 767 3488 872 3559; x_wconf 64' lang='grc' dir='ltr'>καὶ</span> <span class='ocrx_word' id='word_1_337' title='bbox 912 3489 1031 3559; x_wconf 66' lang='grc' dir='ltr'>τῷν</span> <span class='ocrx_word' id='word_1_338' title='bbox 1072 3492 1160 3555; x_wconf 78' lang='grc' dir='ltr'>εἰς</span> <span class='ocrx_word' id='word_1_339' title='bbox 1197 3491 1477 3559; x_wconf 82' lang='grc' dir='ltr'>πτωχοὺς</span> <span class='ocrx_word' id='word_1_340' title='bbox 1516 3489 1866 3557; x_wconf 80' lang='grc' dir='ltr'>διαδόσεων,</span> <span class='ocrx_word' id='word_1_341' title='bbox 1918 3488 2018 3547; x_wconf 74' lang='grc' dir='ltr'>καὶ</span> 
     </span>
    </p>
   </div>
   <div class='ocr_carea' id='block_1_53' title="bbox 505 3556 1452 3629">
    <p class='ocr_par' dir='ltr' id='par_1_53' title="bbox 505 3556 1452 3629">
     <span class='ocr_line' id='line_1_53' title="bbox 505 3556 1452 3629; baseline 0.002 -17"><span class='ocrx_word' id='word_1_342' title='bbox 505 3557 900 3627; x_wconf 72' lang='grc' dir='ltr'>ἀναθημάτων</span> <span class='ocrx_word' id='word_1_343' title='bbox 930 3556 1039 3627; x_wconf 84' lang='grc' dir='ltr'>τῆς</span> <span class='ocrx_word' id='word_1_344' title='bbox 1073 3556 1452 3629; x_wconf 60' lang='grc' dir='ltr'>Ἐκκληοέίαᾳ</span> 
     </span>
    </p>
   </div>
   <div class='ocr_carea' id='block_1_54' title="bbox 505 3651 2019 3725">
    <p class='ocr_par' dir='ltr' id='par_1_54' title="bbox 505 3651 2019 3725">
     <span class='ocr_line' id='line_1_54' title="bbox 505 3651 2019 3725; baseline 0.002 -20"><span class='ocrx_word' id='word_1_345' title='bbox 505 3653 615 3705; x_wconf 68' lang='lat' dir='ltr'><strong><em>Kac</em></strong></span> <span class='ocrx_word' id='word_1_346' title='bbox 650 3651 757 3723; x_wconf 81' lang='grc' dir='ltr'>μὴν</span> <span class='ocrx_word' id='word_1_347' title='bbox 785 3651 880 3705; x_wconf 78' lang='grc' dir='ltr'><strong><em>καὶ</em></strong></span> <span class='ocrx_word' id='word_1_348' title='bbox 905 3653 934 3704; x_wconf 88' lang='grc' dir='ltr'>ὁ</span> <span class='ocrx_word' id='word_1_349' title='bbox 954 3651 1167 3716; x_wconf 83' lang='grc' dir='ltr'>τούτοις</span> <span class='ocrx_word' id='word_1_350' title='bbox 1190 3652 1394 3706; x_wconf 77' lang='grc' dir='ltr'>ἅπασιν</span> <span class='ocrx_word' id='word_1_351' title='bbox 1426 3652 1670 3722; x_wconf 82' lang='grc' dir='ltr'>ἐφεστὼς</span> <span class='ocrx_word' id='word_1_352' title='bbox 1699 3654 1909 3725; x_wconf 85' lang='grc' dir='ltr'>βασιλεῖ</span> <span class='ocrx_word' id='word_1_353' title='bbox 1930 3655 2019 3709; x_wconf 88' lang='grc' dir='ltr'>δε-</span> 
     </span>
    </p>
   </div>
   <div class='ocr_carea' id='block_1_55' title="bbox 434 3741 2020 3816">
    <p class='ocr_par' dir='ltr' id='par_1_55' title="bbox 434 3741 2020 3816">
     <span class='ocr_line' id='line_1_55' title="bbox 434 3741 2020 3816; baseline 0.003 -21"><span class='ocrx_word' id='word_1_354' title='bbox 434 3741 547 3808; x_wconf 83' lang='grc' dir='ltr'>ξιὸς</span> <span class='ocrx_word' id='word_1_355' title='bbox 568 3741 707 3814; x_wconf 81' lang='grc' dir='ltr'>ἀνὴρ</span> <span class='ocrx_word' id='word_1_356' title='bbox 734 3742 864 3813; x_wconf 86' lang='grc'>(11),</span> <span class='ocrx_word' id='word_1_357' title='bbox 903 3743 1084 3796; x_wconf 85' lang='grc' dir='ltr'>πίστει</span> <span class='ocrx_word' id='word_1_358' title='bbox 1123 3745 1218 3798; x_wconf 77' lang='grc' dir='ltr'><strong><em>καὶ</em></strong></span> <span class='ocrx_word' id='word_1_359' title='bbox 1256 3744 1535 3816; x_wconf 75' lang='grc' dir='ltr'>εὐλαϐείᾳ,</span> <span class='ocrx_word' id='word_1_360' title='bbox 1567 3745 1740 3815; x_wconf 89' lang='grc' dir='ltr'>λόγων</span> <span class='ocrx_word' id='word_1_361' title='bbox 1771 3764 1830 3800; x_wconf 86' lang='grc' dir='ltr'><strong><em>τε</em></strong></span> <span class='ocrx_word' id='word_1_362' title='bbox 1859 3747 2020 3802; x_wconf 87' lang='grc' dir='ltr'>θείων</span> 
     </span>
    </p>
   </div>
   <div class='ocr_carea' id='block_1_56' title="bbox 434 3832 2020 3909">
    <p class='ocr_par' dir='ltr' id='par_1_56' title="bbox 434 3832 2020 3909">
     <span class='ocr_line' id='line_1_56' title="bbox 434 3832 2020 3909; baseline 0.005 -23"><span class='ocrx_word' id='word_1_363' title='bbox 434 3832 736 3906; x_wconf 83' lang='grc' dir='ltr'>ἐμπρέπων</span> <span class='ocrx_word' id='word_1_364' title='bbox 768 3835 1028 3906; x_wconf 83' lang='grc' dir='ltr'>ἀσκήσει·</span> <span class='ocrx_word' id='word_1_365' title='bbox 1081 3835 1140 3895; x_wconf 79' lang='grc' dir='ltr'>ὃς</span> <span class='ocrx_word' id='word_1_366' title='bbox 1179 3835 1243 3908; x_wconf 82' lang='grc' dir='ltr'><strong><em>δὴ</em></strong></span> <span class='ocrx_word' id='word_1_367' title='bbox 1281 3836 1378 3891; x_wconf 78' lang='grc' dir='ltr'>καὶ</span> <span class='ocrx_word' id='word_1_368' title='bbox 1408 3841 1526 3902; x_wconf 84' lang='grc' dir='ltr'>ταῖς</span> <span class='ocrx_word' id='word_1_369' title='bbox 1558 3838 1699 3909; x_wconf 82' lang='grc' dir='ltr'>ὑπὲρ</span> <span class='ocrx_word' id='word_1_370' title='bbox 1739 3838 2020 3904; x_wconf 84' lang='grc' dir='ltr'>εὐσεϐείας</span> 
     </span>
    </p>
   </div>
   <div class='ocr_carea' id='block_1_57' title="bbox 433 3925 2023 4004">
    <p class='ocr_par' dir='ltr' id='par_1_57' title="bbox 433 3925 2023 4004">
     <span class='ocr_line' id='line_1_57' title="bbox 433 3925 2023 4004; baseline 0.004 -24"><span class='ocrx_word' id='word_1_371' title='bbox 433 3926 745 3997; x_wconf 86' lang='grc' dir='ltr'>ὁμολογίαις</span> <span class='ocrx_word' id='word_1_372' title='bbox 770 3926 910 3981; x_wconf 83' lang='grc' dir='ltr'>κατὰ</span> <span class='ocrx_word' id='word_1_373' title='bbox 928 3925 1018 3981; x_wconf 72' lang='grc' dir='ltr'>τὸν</span> <span class='ocrx_word' id='word_1_374' title='bbox 1049 3927 1160 3982; x_wconf 84' lang='grc' dir='ltr'>τῶν</span> <span class='ocrx_word' id='word_1_375' title='bbox 1179 3928 1456 3998; x_wconf 83' lang='grc' dir='ltr'>τυράννων</span> <span class='ocrx_word' id='word_1_376' title='bbox 1486 3930 1675 4002; x_wconf 85' lang='grc' dir='ltr'>καιρὸν</span> <span class='ocrx_word' id='word_1_377' title='bbox 1706 3931 2023 4004; x_wconf 87' lang='grc' dir='ltr'>λαμπρυνό-</span> 
     </span>
    </p>
   </div>
   <div class='ocr_carea' id='block_1_58' title="bbox 435 4018 2018 4095">
    <p class='ocr_par' dir='ltr' id='par_1_58' title="bbox 435 4018 2018 4095">
     <span class='ocr_line' id='line_1_58' title="bbox 435 4018 2018 4095; baseline 0.004 -25"><span class='ocrx_word' id='word_1_378' title='bbox 435 4032 619 4089; x_wconf 86' lang='grc' dir='ltr'>μενος,</span> <span class='ocrx_word' id='word_1_379' title='bbox 644 4018 868 4082; x_wconf 80' lang='grc' dir='ltr'>εἰκότως</span> <span class='ocrx_word' id='word_1_380' title='bbox 888 4019 988 4088; x_wconf 83' lang='grc' dir='ltr'>τὴν</span> <span class='ocrx_word' id='word_1_381' title='bbox 1010 4018 1175 4072; x_wconf 85' lang='grc' dir='ltr'>τῶνδε</span> <span class='ocrx_word' id='word_1_382' title='bbox 1196 4019 1438 4088; x_wconf 82' lang='grc' dir='ltr'>διάταξιν</span> <span class='ocrx_word' id='word_1_383' title='bbox 1458 4020 1790 4076; x_wconf 86' lang='grc' dir='ltr'>ἐπιστεύετο.</span> <span class='ocrx_word' id='word_1_384' title='bbox 1816 4023 1925 4077; x_wconf 79' lang='grc' dir='ltr'>Καὶ</span> <span class='ocrx_word' id='word_1_385' title='bbox 1953 4022 2018 4095; x_wconf 83' lang='grc' dir='ltr'>δὴ</span> 
     </span>
    </p>
   </div>
   <div class='ocr_carea' id='block_1_59' title="bbox 430 4105 2021 4189">
    <p class='ocr_par' dir='ltr' id='par_1_59' title="bbox 430 4105 2021 4189">
     <span class='ocr_line' id='line_1_59' title="bbox 430 4105 2021 4189; baseline 0.005 -26"><span class='ocrx_word' id='word_1_386' title='bbox 430 4107 511 4181; x_wconf 83' lang='grc' dir='ltr'>τῷ</span> <span class='ocrx_word' id='word_1_387' title='bbox 543 4110 804 4181; x_wconf 86' lang='grc' dir='ltr'>βασιλέως</span> <span class='ocrx_word' id='word_1_388' title='bbox 826 4105 980 4175; x_wconf 74' lang='grc' dir='ltr'>οὗτος</span> <span class='ocrx_word' id='word_1_389' title='bbox 1010 4112 1237 4184; x_wconf 83' lang='grc' dir='ltr'>νεύματι</span> <span class='ocrx_word' id='word_1_390' title='bbox 1262 4116 1359 4168; x_wconf 81' lang='grc' dir='ltr'><strong><em>σὺν</em></strong></span> <span class='ocrx_word' id='word_1_391' title='bbox 1393 4114 1713 4187; x_wconf 82' lang='grc' dir='ltr'>είλικρινείᾳ</span> <span class='ocrx_word' id='word_1_392' title='bbox 1739 4114 1891 4189; x_wconf 79' lang='grc' dir='ltr'>πάσῃ</span> <span class='ocrx_word' id='word_1_393' title='bbox 1906 4117 2021 4171; x_wconf 89' lang='grc' dir='ltr'>δια-</span> 
     </span>
    </p>
   </div>
   <div class='ocr_carea' id='block_1_60' title="bbox 434 4204 2017 4283">
    <p class='ocr_par' dir='ltr' id='par_1_60' title="bbox 434 4204 2017 4283">
     <span class='ocr_line' id='line_1_60' title="bbox 434 4204 2017 4283; baseline 0.005 -26"><span class='ocrx_word' id='word_1_394' title='bbox 434 4204 780 4277; x_wconf 86' lang='grc' dir='ltr'>κονούμενος,</span> <span class='ocrx_word' id='word_1_395' title='bbox 814 4206 913 4278; x_wconf 78' lang='grc' dir='ltr'>τὴν</span> <span class='ocrx_word' id='word_1_396' title='bbox 937 4207 1034 4279; x_wconf 82' lang='grc' dir='ltr'><strong><em>μὲν</em></strong></span> <span class='ocrx_word' id='word_1_397' title='bbox 1066 4208 1281 4263; x_wconf 84' lang='grc' dir='ltr'>σύνοδον</span> <span class='ocrx_word' id='word_1_398' title='bbox 1310 4207 1474 4279; x_wconf 88' lang='grc' dir='ltr'>ἐτίμα</span> <span class='ocrx_word' id='word_1_399' title='bbox 1502 4209 1810 4283; x_wconf 82' lang='grc' dir='ltr'>φιλοφρόνῳ</span> <span class='ocrx_word' id='word_1_400' title='bbox 1830 4210 2017 4277; x_wconf 83' lang='grc' dir='ltr'>δεξιώ-</span> 
     </span>
    </p>
   </div>
   <div class='ocr_carea' id='block_1_61' title="bbox 435 4298 2021 4375">
    <p class='ocr_par' dir='ltr' id='par_1_61' title="bbox 435 4298 2021 4375">
     <span class='ocr_line' id='line_1_61' title="bbox 435 4298 2021 4375; baseline 0.006 -26"><span class='ocrx_word' id='word_1_401' title='bbox 435 4313 540 4361; x_wconf 89' lang='grc' dir='ltr'>σει,</span> <span class='ocrx_word' id='word_1_402' title='bbox 604 4298 881 4352; x_wconf 81' lang='grc' dir='ltr'>ἐστιάσεσί</span> <span class='ocrx_word' id='word_1_403' title='bbox 923 4317 981 4353; x_wconf 90' lang='grc' dir='ltr'><strong><em>τε</em></strong></span> <span class='ocrx_word' id='word_1_404' title='bbox 1029 4300 1312 4374; x_wconf 85' lang='grc' dir='ltr'>λαμπραῖς</span> <span class='ocrx_word' id='word_1_405' title='bbox 1354 4302 1449 4357; x_wconf 68' lang='grc' dir='ltr'>καὶ</span> <span class='ocrx_word' id='word_1_406' title='bbox 1482 4306 1847 4375; x_wconf 72' lang='grc' dir='ltr'>συμτεοτικαῖς</span> <span class='ocrx_word' id='word_1_407' title='bbox 1884 4305 2021 4358; x_wconf 85' lang='grc' dir='ltr'>εὐω-</span> 
     </span>
    </p>
   </div>
   <div class='ocr_carea' id='block_1_62' title="bbox 434 4388 2018 4468">
    <p class='ocr_par' dir='ltr' id='par_1_62' title="bbox 434 4388 2018 4468">
     <span class='ocr_line' id='line_1_62' title="bbox 434 4388 2018 4468; baseline 0.006 -28"><span class='ocrx_word' id='word_1_408' title='bbox 434 4388 611 4458; x_wconf 79' lang='grc' dir='ltr'>χίαις’</span> <span class='ocrx_word' id='word_1_409' title='bbox 662 4392 897 4461; x_wconf 89' lang='grc' dir='ltr'>πτωχοῖς</span> <span class='ocrx_word' id='word_1_410' title='bbox 928 4392 972 4445; x_wconf 78' lang='grc' dir='ltr'>δ’</span> <span class='ocrx_word' id='word_1_411' title='bbox 1003 4394 1274 4465; x_wconf 82' lang='grc' dir='ltr'>ἀνείμοσι,</span> <span class='ocrx_word' id='word_1_412' title='bbox 1310 4396 1556 4468; x_wconf 84' lang='grc' dir='ltr'>πενήτων</span> <span class='ocrx_word' id='word_1_413' title='bbox 1586 4394 1631 4448; x_wconf 82' lang='grc' dir='ltr'>δ’</span> <span class='ocrx_word' id='word_1_414' title='bbox 1664 4395 1874 4468; x_wconf 83' lang='grc' dir='ltr'>ἀνδρῶν</span> <span class='ocrx_word' id='word_1_415' title='bbox 1904 4395 2018 4468; x_wconf 73' lang='grc'>(12)</span> 
     </span>
    </p>
   </div>
   <div class='ocr_carea' id='block_1_63' title="bbox 2119 1947 3703 2022">
    <p class='ocr_par' dir='ltr' id='par_1_63' title="bbox 2119 1947 3703 2022">
     <span class='ocr_line' id='line_1_63' title="bbox 2119 1947 3703 2022; baseline -0.001 -17"><span class='ocrx_word' id='word_1_416' title='bbox 2119 1965 2310 2022; x_wconf 91' lang='lat' dir='ltr'><strong><em>porum</em></strong></span> <span class='ocrx_word' id='word_1_417' title='bbox 2339 1950 2578 2006; x_wconf 88' lang='lat' dir='ltr'><strong><em>Persidis</em></strong></span> <span class='ocrx_word' id='word_1_418' title='bbox 2600 1958 3006 2017; x_wconf 88' lang='lat' dir='ltr'><strong><em>ornamentum,</em></strong></span> <span class='ocrx_word' id='word_1_419' title='bbox 3032 1947 3118 2004; x_wconf 88' lang='lat' dir='ltr'><strong><em>vir</em></strong></span> <span class='ocrx_word' id='word_1_420' title='bbox 3146 1957 3369 2005; x_wconf 80' lang='lat' dir='ltr'><strong><em>sanctus</em></strong></span> <span class='ocrx_word' id='word_1_421' title='bbox 3390 1958 3444 2004; x_wconf 90' lang='lat' dir='ltr'><strong><em>et</em></strong></span> <span class='ocrx_word' id='word_1_422' title='bbox 3475 1950 3527 2003; x_wconf 92' lang='lat' dir='ltr'><strong><em>in</em></strong></span> <span class='ocrx_word' id='word_1_423' title='bbox 3562 1948 3703 2004; x_wconf 88' lang='lat' dir='ltr'><strong><em>divi-</em></strong></span> 
     </span>
    </p>
   </div>
   <div class='ocr_carea' id='block_1_64' title="bbox 2118 2040 3702 2114">
    <p class='ocr_par' dir='ltr' id='par_1_64' title="bbox 2118 2040 3702 2114">
     <span class='ocr_line' id='line_1_64' title="bbox 2118 2040 3702 2114; baseline -0.002 -15"><span class='ocrx_word' id='word_1_424' title='bbox 2118 2046 2202 2099; x_wconf 92' lang='lat' dir='ltr'><strong><em>nis</em></strong></span> <span class='ocrx_word' id='word_1_425' title='bbox 2228 2043 2530 2114; x_wconf 86' lang='lat' dir='ltr'><strong><em>Seripturis</em></strong></span> <span class='ocrx_word' id='word_1_426' title='bbox 2561 2044 2808 2114; x_wconf 84' lang='lat' dir='ltr'><strong><em>apprime</em></strong></span> <span class='ocrx_word' id='word_1_427' title='bbox 2832 2042 3185 2099; x_wconf 77' lang='lat' dir='ltr'><strong><em>exercitatus.</em></strong></span> <span class='ocrx_word' id='word_1_428' title='bbox 3217 2040 3439 2113; x_wconf 77' lang='lat' dir='ltr'><strong><em>Bithyni</em></strong></span> <span class='ocrx_word' id='word_1_429' title='bbox 3483 2057 3702 2112; x_wconf 84' lang='lat' dir='ltr'><strong><em>quoque</em></strong></span> 
     </span>
    </p>
   </div>
   <div class='ocr_carea' id='block_1_65' title="bbox 2118 2135 3701 2205">
    <p class='ocr_par' dir='ltr' id='par_1_65' title="bbox 2118 2135 3701 2205">
     <span class='ocr_line' id='line_1_65' title="bbox 2118 2135 3701 2205; baseline 0 -14"><span class='ocrx_word' id='word_1_430' title='bbox 2118 2147 2173 2191; x_wconf 90' lang='lat' dir='ltr'><strong><em>et</em></strong></span> <span class='ocrx_word' id='word_1_431' title='bbox 2199 2136 2439 2191; x_wconf 87' lang='lat' dir='ltr'><strong><em>Thraces</em></strong></span> <span class='ocrx_word' id='word_1_432' title='bbox 2460 2135 2750 2205; x_wconf 79' lang='lat' dir='ltr'><strong><em>praesentia</em></strong></span> <span class='ocrx_word' id='word_1_433' title='bbox 2784 2150 2879 2190; x_wconf 91' lang='lat' dir='ltr'><strong><em>sua</em></strong></span> <span class='ocrx_word' id='word_1_434' title='bbox 2905 2146 3230 2191; x_wconf 82' lang='lat' dir='ltr'><strong><em>conventum</em></strong></span> <span class='ocrx_word' id='word_1_435' title='bbox 3265 2136 3556 2190; x_wconf 87' lang='lat' dir='ltr'><strong><em>ornabant.</em></strong></span> <span class='ocrx_word' id='word_1_436' title='bbox 3590 2136 3701 2191; x_wconf 65' lang='lat' dir='ltr'><strong><em>hoc</em></strong></span> 
     </span>
    </p>
   </div>
   <div class='ocr_carea' id='block_1_66' title="bbox 2118 2228 3703 2300">
    <p class='ocr_par' dir='ltr' id='par_1_66' title="bbox 2118 2228 3703 2300">
     <span class='ocr_line' id='line_1_66' title="bbox 2118 2228 3703 2300; baseline 0.001 -16"><span class='ocrx_word' id='word_1_437' title='bbox 2118 2230 2342 2284; x_wconf 90' lang='lat' dir='ltr'><strong><em>deerant</em></strong></span> <span class='ocrx_word' id='word_1_438' title='bbox 2375 2245 2443 2285; x_wconf 80' lang='lat' dir='ltr'><strong><em>ex</em></strong></span> <span class='ocrx_word' id='word_1_439' title='bbox 2483 2228 2686 2284; x_wconf 66' lang='lat' dir='ltr'><strong><em>Cicilim</em></strong></span> <span class='ocrx_word' id='word_1_440' title='bbox 2724 2230 2995 2300; x_wconf 84' lang='lat' dir='ltr'><strong><em>episcopis</em></strong></span> <span class='ocrx_word' id='word_1_441' title='bbox 3028 2229 3317 2285; x_wconf 59' lang='lat' dir='ltr'><strong><em>clarizsimi</em></strong></span> <span class='ocrx_word' id='word_1_442' title='bbox 3367 2229 3586 2300; x_wconf 85' lang='lat' dir='ltr'><strong><em>quique.</em></strong></span> <span class='ocrx_word' id='word_1_443' title='bbox 3622 2230 3703 2285; x_wconf 75' lang='lat' dir='ltr'><strong><em>Ex</em></strong></span> 
     </span>
    </p>
   </div>
   <div class='ocr_carea' id='block_1_67' title="bbox 2117 2321 3705 2392">
    <p class='ocr_par' dir='ltr' id='par_1_67' title="bbox 2117 2321 3705 2392">
     <span class='ocr_line' id='line_1_67' title="bbox 2117 2321 3705 2392; baseline -0.001 -15"><span class='ocrx_word' id='word_1_444' title='bbox 2117 2321 2461 2392; x_wconf 83' lang='lat' dir='ltr'><strong><em>Cappadocia</em></strong></span> <span class='ocrx_word' id='word_1_445' title='bbox 2490 2322 2621 2378; x_wconf 89' lang='lat' dir='ltr'><strong><em>item</em></strong></span> <span class='ocrx_word' id='word_1_446' title='bbox 2662 2323 2752 2392; x_wconf 89' lang='lat' dir='ltr'><strong><em>qui</em></strong></span> <span class='ocrx_word' id='word_1_447' title='bbox 2785 2322 3031 2379; x_wconf 86' lang='lat' dir='ltr'><strong><em>doctrina</em></strong></span> <span class='ocrx_word' id='word_1_448' title='bbox 3053 2333 3108 2377; x_wconf 93' lang='lat' dir='ltr'><strong><em>et</em></strong></span> <span class='ocrx_word' id='word_1_449' title='bbox 3132 2321 3444 2392; x_wconf 79' lang='lat' dir='ltr'><strong><em>eloquentia</em></strong></span> <span class='ocrx_word' id='word_1_450' title='bbox 3474 2332 3705 2392; x_wconf 73' lang='lat' dir='ltr'><strong><em>prresta-</em></strong></span> 
     </span>
    </p>
   </div>
   <div class='ocr_carea' id='block_1_68' title="bbox 2122 2413 3705 2485">
    <p class='ocr_par' dir='ltr' id='par_1_68' title="bbox 2122 2413 3705 2485">
     <span class='ocr_line' id='line_1_68' title="bbox 2122 2413 3705 2485; baseline -0.001 -16"><span class='ocrx_word' id='word_1_451' title='bbox 2122 2414 2275 2480; x_wconf 88' lang='lat' dir='ltr'><strong><em>bant,</em></strong></span> <span class='ocrx_word' id='word_1_452' title='bbox 2302 2415 2356 2468; x_wconf 93' lang='lat' dir='ltr'><strong><em>in</em></strong></span> <span class='ocrx_word' id='word_1_453' title='bbox 2401 2415 2578 2472; x_wconf 90' lang='lat' dir='ltr'><strong><em>medio</em></strong></span> <span class='ocrx_word' id='word_1_454' title='bbox 2609 2429 2871 2470; x_wconf 91' lang='lat' dir='ltr'><strong><em>consessu</em></strong></span> <span class='ocrx_word' id='word_1_455' title='bbox 2909 2414 3243 2470; x_wconf 87' lang='lat' dir='ltr'><strong><em>enituerunt.</em></strong></span> <span class='ocrx_word' id='word_1_456' title='bbox 3288 2413 3367 2468; x_wconf 80' lang='lat' dir='ltr'><strong><em>Ad</em></strong></span> <span class='ocrx_word' id='word_1_457' title='bbox 3397 2415 3515 2470; x_wconf 69' lang='lat' dir='ltr'><strong><em>haec</em></strong></span> <span class='ocrx_word' id='word_1_458' title='bbox 3544 2414 3705 2485; x_wconf 72' lang='lat' dir='ltr'><strong><em>Syria</em></strong></span> 
     </span>
    </p>
   </div>
   <div class='ocr_carea' id='block_1_69' title="bbox 2119 2506 3703 2578">
    <p class='ocr_par' dir='ltr' id='par_1_69' title="bbox 2119 2506 3703 2578">
     <span class='ocr_line' id='line_1_69' title="bbox 2119 2506 3703 2578; baseline 0.001 -17"><span class='ocrx_word' id='word_1_459' title='bbox 2119 2507 2324 2572; x_wconf 90' lang='lat' dir='ltr'><strong><em>omnis,</em></strong></span> <span class='ocrx_word' id='word_1_460' title='bbox 2350 2506 3062 2578; x_wconf 73' lang='lat' dir='ltr'><strong><em>illesopotamia,thnice,</em></strong></span> <span class='ocrx_word' id='word_1_461' title='bbox 3094 2507 3291 2561; x_wconf 84' lang='lat' dir='ltr'><strong><em>Arabia</em></strong></span> <span class='ocrx_word' id='word_1_462' title='bbox 3333 2519 3388 2561; x_wconf 88' lang='lat' dir='ltr'><strong><em>et</em></strong></span> <span class='ocrx_word' id='word_1_463' title='bbox 3422 2508 3703 2565; x_wconf 77' lang='lat' dir='ltr'><strong><em>Palaestina</em></strong></span> 
     </span>
    </p>
   </div>
   <div class='ocr_carea' id='block_1_70' title="bbox 2121 2599 3705 2672">
    <p class='ocr_par' dir='ltr' id='par_1_70' title="bbox 2121 2599 3705 2672">
     <span class='ocr_line' id='line_1_70' title="bbox 2121 2599 3705 2672; baseline 0.001 -19"><span class='ocrx_word' id='word_1_464' title='bbox 2121 2601 2265 2670; x_wconf 91' lang='lat' dir='ltr'><strong><em>ipsa;</em></strong></span> <span class='ocrx_word' id='word_1_465' title='bbox 2292 2599 2561 2672; x_wconf 63' lang='lat' dir='ltr'><strong><em>[Egyptus</em></strong></span> <span class='ocrx_word' id='word_1_466' title='bbox 2590 2615 2810 2672; x_wconf 90' lang='lat' dir='ltr'><strong><em>quoque</em></strong></span> <span class='ocrx_word' id='word_1_467' title='bbox 2837 2610 2892 2658; x_wconf 90' lang='lat' dir='ltr'><strong><em>et</em></strong></span> <span class='ocrx_word' id='word_1_468' title='bbox 2925 2600 3119 2671; x_wconf 87' lang='lat' dir='ltr'><strong><em>Libya,</em></strong></span> <span class='ocrx_word' id='word_1_469' title='bbox 3159 2610 3216 2655; x_wconf 87' lang='lat' dir='ltr'><strong><em>et</em></strong></span> <span class='ocrx_word' id='word_1_470' title='bbox 3244 2602 3335 2671; x_wconf 87' lang='lat' dir='ltr'><strong><em>qui</em></strong></span> <span class='ocrx_word' id='word_1_471' title='bbox 3367 2600 3705 2657; x_wconf 84' lang='lat' dir='ltr'><strong><em>Thebaidem</em></strong></span> 
     </span>
    </p>
   </div>
   <div class='ocr_carea' id='block_1_71' title="bbox 2120 2692 3705 2767">
    <p class='ocr_par' dir='ltr' id='par_1_71' title="bbox 2120 2692 3705 2767">
     <span class='ocr_line' id='line_1_71' title="bbox 2120 2692 3705 2767; baseline 0.001 -21"><span class='ocrx_word' id='word_1_472' title='bbox 2120 2693 2381 2757; x_wconf 88' lang='lat' dir='ltr'><strong><em>incolunt,</em></strong></span> <span class='ocrx_word' id='word_1_473' title='bbox 2422 2709 2614 2749; x_wconf 89' lang='lat' dir='ltr'><strong><em>omnes</em></strong></span> <span class='ocrx_word' id='word_1_474' title='bbox 2647 2694 2699 2748; x_wconf 90' lang='lat' dir='ltr'><strong><em>in</em></strong></span> <span class='ocrx_word' id='word_1_475' title='bbox 2731 2709 2895 2749; x_wconf 90' lang='lat' dir='ltr'><strong><em>unum</em></strong></span> <span class='ocrx_word' id='word_1_476' title='bbox 2923 2694 3233 2767; x_wconf 78' lang='lat' dir='ltr'><strong><em>congregati</em></strong></span> <span class='ocrx_word' id='word_1_477' title='bbox 3265 2709 3525 2763; x_wconf 87' lang='lat' dir='ltr'><strong><em>magnum</em></strong></span> <span class='ocrx_word' id='word_1_478' title='bbox 3557 2692 3705 2748; x_wconf 89' lang='lat' dir='ltr'><strong><em>illum</em></strong></span> 
     </span>
    </p>
   </div>
   <div class='ocr_carea' id='block_1_72' title="bbox 2120 2783 3708 2857">
    <p class='ocr_par' dir='ltr' id='par_1_72' title="bbox 2120 2783 3708 2857">
     <span class='ocr_line' id='line_1_72' title="bbox 2120 2783 3708 2857; baseline 0.001 -19"><span class='ocrx_word' id='word_1_479' title='bbox 2120 2783 2214 2840; x_wconf 89' lang='lat' dir='ltr'><strong><em>Dei</em></strong></span> <span class='ocrx_word' id='word_1_480' title='bbox 2245 2786 2473 2841; x_wconf 88' lang='lat' dir='ltr'><strong><em>chorum</em></strong></span> <span class='ocrx_word' id='word_1_481' title='bbox 2504 2786 2827 2857; x_wconf 83' lang='lat' dir='ltr'><strong><em>implebant.</em></strong></span> <span class='ocrx_word' id='word_1_482' title='bbox 2853 2787 3001 2855; x_wconf 80' lang='lat' dir='ltr'><strong><em>Quos</em></strong></span> <span class='ocrx_word' id='word_1_483' title='bbox 3023 2801 3090 2840; x_wconf 78' lang='lat' dir='ltr'><strong><em>ex</em></strong></span> <span class='ocrx_word' id='word_1_484' title='bbox 3125 2786 3377 2842; x_wconf 88' lang='lat' dir='ltr'><strong><em>omnibus</em></strong></span> <span class='ocrx_word' id='word_1_485' title='bbox 3413 2786 3708 2856; x_wconf 85' lang='lat' dir='ltr'><strong><em>provinciis</em></strong></span> 
     </span>
    </p>
   </div>
   <div class='ocr_carea' id='block_1_73' title="bbox 2121 2874 3708 2951">
    <p class='ocr_par' dir='ltr' id='par_1_73' title="bbox 2121 2874 3708 2951">
     <span class='ocr_line' id='line_1_73' title="bbox 2121 2874 3708 2951; baseline -0.001 -18"><span class='ocrx_word' id='word_1_486' title='bbox 2121 2878 2536 2933; x_wconf 88' lang='lat' dir='ltr'><strong><em>innumerabilis</em></strong></span> <span class='ocrx_word' id='word_1_487' title='bbox 2565 2880 2845 2935; x_wconf 91' lang='lat' dir='ltr'><strong><em>hominum</em></strong></span> <span class='ocrx_word' id='word_1_488' title='bbox 2888 2874 3176 2934; x_wconf 87' lang='lat' dir='ltr'><strong><em>multitudo</em></strong></span> <span class='ocrx_word' id='word_1_489' title='bbox 3219 2880 3571 2951; x_wconf 84' lang='lat' dir='ltr'><strong><em>sequebatur.</em></strong></span> <span class='ocrx_word' id='word_1_490' title='bbox 3598 2878 3708 2934; x_wconf 85' lang='lat' dir='ltr'><strong><em>Ad-</em></strong></span> 
     </span>
    </p>
   </div>
   <div class='ocr_carea' id='block_1_74' title="bbox 2120 2966 3709 3044">
    <p class='ocr_par' dir='ltr' id='par_1_74' title="bbox 2120 2966 3709 3044">
     <span class='ocr_line' id='line_1_74' title="bbox 2120 2966 3709 3044; baseline 0.001 -19"><span class='ocrx_word' id='word_1_491' title='bbox 2120 2979 2241 3025; x_wconf 87' lang='lat' dir='ltr'><strong><em>erat</em></strong></span> <span class='ocrx_word' id='word_1_492' title='bbox 2273 2985 2443 3042; x_wconf 84' lang='lat' dir='ltr'><strong><em>porro</em></strong></span> <span class='ocrx_word' id='word_1_493' title='bbox 2480 2966 2568 3027; x_wconf 90' lang='lat' dir='ltr'><strong><em>his</em></strong></span> <span class='ocrx_word' id='word_1_494' title='bbox 2614 2971 2869 3027; x_wconf 89' lang='lat' dir='ltr'><strong><em>omnibus</em></strong></span> <span class='ocrx_word' id='word_1_495' title='bbox 2919 2971 3120 3044; x_wconf 80' lang='lat' dir='ltr'><strong><em>regalis</em></strong></span> <span class='ocrx_word' id='word_1_496' title='bbox 3150 2971 3433 3039; x_wconf 85' lang='lat' dir='ltr'><strong><em>cujusdam</em></strong></span> <span class='ocrx_word' id='word_1_497' title='bbox 3490 2971 3709 3042; x_wconf 83' lang='lat' dir='ltr'><strong><em>appari-</em></strong></span> 
     </span>
    </p>
   </div>
   <div class='ocr_carea' id='block_1_75' title="bbox 2121 3062 3708 3135">
    <p class='ocr_par' dir='ltr' id='par_1_75' title="bbox 2121 3062 3708 3135">
     <span class='ocr_line' id='line_1_75' title="bbox 2121 3062 3708 3135; baseline 0.001 -19"><span class='ocrx_word' id='word_1_498' title='bbox 2121 3062 2287 3119; x_wconf 90' lang='lat' dir='ltr'><strong><em>tionis</em></strong></span> <span class='ocrx_word' id='word_1_499' title='bbox 2330 3063 2649 3133; x_wconf 90' lang='lat' dir='ltr'><strong><em>obsequium</em></strong></span> <span class='ocrx_word' id='word_1_500' title='bbox 2682 3073 2775 3129; x_wconf 92' lang='lat' dir='ltr'><strong><em>;et</em></strong></span> <span class='ocrx_word' id='word_1_501' title='bbox 2803 3078 2872 3118; x_wconf 83' lang='lat' dir='ltr'><strong><em>ex</em></strong></span> <span class='ocrx_word' id='word_1_502' title='bbox 2905 3063 3121 3133; x_wconf 88' lang='lat' dir='ltr'><strong><em>imperii</em></strong></span> <span class='ocrx_word' id='word_1_503' title='bbox 3153 3065 3356 3134; x_wconf 86' lang='lat' dir='ltr'><strong><em>palatio</em></strong></span> <span class='ocrx_word' id='word_1_504' title='bbox 3396 3065 3546 3120; x_wconf 86' lang='lat' dir='ltr'><strong><em>missi</em></strong></span> <span class='ocrx_word' id='word_1_505' title='bbox 3586 3065 3708 3135; x_wconf 86' lang='lat' dir='ltr'><strong><em>qui-</em></strong></span> 
     </span>
    </p>
   </div>
   <div class='ocr_carea' id='block_1_76' title="bbox 2121 3155 3706 3226">
    <p class='ocr_par' dir='ltr' id='par_1_76' title="bbox 2121 3155 3706 3226">
     <span class='ocr_line' id='line_1_76' title="bbox 2121 3155 3706 3226; baseline 0.001 -15"><span class='ocrx_word' id='word_1_506' title='bbox 2121 3155 2248 3211; x_wconf 91' lang='lat' dir='ltr'><strong><em>dam</em></strong></span> <span class='ocrx_word' id='word_1_507' title='bbox 2303 3165 2562 3225; x_wconf 86' lang='lat' dir='ltr'><strong><em>spectatae</em></strong></span> <span class='ocrx_word' id='word_1_508' title='bbox 2619 3155 2909 3226; x_wconf 89' lang='lat' dir='ltr'><strong><em>probitatis</em></strong></span> <span class='ocrx_word' id='word_1_509' title='bbox 2962 3155 3097 3221; x_wconf 88' lang='lat' dir='ltr'><strong><em>viri,</em></strong></span> <span class='ocrx_word' id='word_1_510' title='bbox 3138 3158 3229 3226; x_wconf 83' lang='lat' dir='ltr'><strong><em>qui</em></strong></span> <span class='ocrx_word' id='word_1_511' title='bbox 3282 3157 3590 3226; x_wconf 90' lang='lat' dir='ltr'><strong><em>sumptibus</em></strong></span> <span class='ocrx_word' id='word_1_512' title='bbox 3635 3158 3706 3212; x_wconf 84' lang='lat' dir='ltr'><strong><em>ab</em></strong></span> 
     </span>
    </p>
   </div>
   <div class='ocr_carea' id='block_1_77' title="bbox 2123 3245 3704 3319">
    <p class='ocr_par' dir='ltr' id='par_1_77' title="bbox 2123 3245 3704 3319">
     <span class='ocr_line' id='line_1_77' title="bbox 2123 3245 3704 3319; baseline 0.002 -18"><span class='ocrx_word' id='word_1_513' title='bbox 2123 3247 2451 3319; x_wconf 87' lang='lat' dir='ltr'><strong><em>imperatore</em></strong></span> <span class='ocrx_word' id='word_1_514' title='bbox 2489 3247 2917 3304; x_wconf 87' lang='lat' dir='ltr'><strong><em>subministratis</em></strong></span> <span class='ocrx_word' id='word_1_515' title='bbox 2959 3245 3316 3305; x_wconf 78' lang='lat' dir='ltr'><strong><em>.feStivitatem</em></strong></span> <span class='ocrx_word' id='word_1_516' title='bbox 3343 3248 3704 3305; x_wconf 88' lang='lat' dir='ltr'><strong><em>illustrarent.</em></strong></span> 
     </span>
    </p>
   </div>
   <div class='ocr_carea' id='block_1_78' title="bbox 2680 3338 3133 3396">
    <p class='ocr_par' dir='ltr' id='par_1_78' title="bbox 2680 3338 3133 3396">
     <span class='ocr_line' id='line_1_78' title="bbox 2680 3338 3133 3396; baseline 0.002 -1"><span class='ocrx_word' id='word_1_517' title='bbox 2680 3338 2912 3396; x_wconf 85' lang='lat' dir='ltr'><strong><em>CAPUT</em></strong></span> <span class='ocrx_word' id='word_1_518' title='bbox 2945 3338 3133 3396; x_wconf 82' lang='lat' dir='ltr'><strong><em>XLIV.</em></strong></span> 
     </span>
    </p>
   </div>
   <div class='ocr_carea' id='block_1_79' title="bbox 2123 3431 3707 3503">
    <p class='ocr_par' dir='ltr' id='par_1_79' title="bbox 2123 3431 3707 3503">
     <span class='ocr_line' id='line_1_79' title="bbox 2123 3431 3707 3503; baseline 0.004 -19"><span class='ocrx_word' id='word_1_519' title='bbox 2123 3431 2396 3496; x_wconf 80' lang='lat' dir='ltr'><strong><em>Quomodo</em></strong></span> <span class='ocrx_word' id='word_1_520' title='bbox 2449 3449 2540 3503; x_wconf 87' lang='lat' dir='ltr'><strong><em>per</em></strong></span> <span class='ocrx_word' id='word_1_521' title='bbox 2590 3431 2905 3487; x_wconf 81' lang='lat' dir='ltr'><strong><em>Marianum</em></strong></span> <span class='ocrx_word' id='word_1_522' title='bbox 2945 3436 3211 3489; x_wconf 87' lang='lat' dir='ltr'><strong><em>notarium</em></strong></span> <span class='ocrx_word' id='word_1_523' title='bbox 3260 3434 3460 3502; x_wconf 70' lang='lat' dir='ltr'><strong><em>excepti</em></strong></span> <span class='ocrx_word' id='word_1_524' title='bbox 3504 3437 3707 3497; x_wconf 60' lang='lat' dir='ltr'><strong><em>sint,“</em></strong></span> 
     </span>
    </p>
   </div>
   <div class='ocr_carea' id='block_1_80' title="bbox 2187 3503 3705 3624">
    <p class='ocr_par' dir='ltr' id='par_1_80' title="bbox 2187 3503 3705 3624">
     <span class='ocr_line' id='line_1_80' title="bbox 2187 3503 3705 3624; baseline 0.005 -69"><span class='ocrx_word' id='word_1_525' title='bbox 2187 3504 2426 3624; x_wconf 56' lang='lat' dir='ltr'><strong><em>picurum</em></strong></span> <span class='ocrx_word' id='word_1_526' title='bbox 2472 3503 2792 3573; x_wconf 76' lang='lat' dir='ltr'><strong><em>pauperibus</em></strong></span> <span class='ocrx_word' id='word_1_527' title='bbox 2832 3514 3176 3576; x_wconf 61' lang='lat' dir='ltr'><strong><em>erogatwwt</em></strong></span> <span class='ocrx_word' id='word_1_528' title='bbox 3228 3506 3292 3559; x_wconf 82' lang='lat' dir='ltr'><strong><em>de</em></strong></span> <span class='ocrx_word' id='word_1_529' title='bbox 3336 3506 3574 3563; x_wconf 79' lang='lat' dir='ltr'><strong><em>donariis</em></strong></span> <span class='ocrx_word' id='word_1_530' title='bbox 3600 3505 3705 3562; x_wconf 81' lang='lat' dir='ltr'><strong><em>Ec-</em></strong></span> 
     </span>
     <span class='ocr_line' id='line_1_81' title="bbox 2194 3588 2388 3624; baseline 0 0"><span class='ocrx_word' id='word_1_531' title='bbox 2194 3588 2223 3624; x_wconf 87' lang='lat' dir='ltr'><strong><em>c</em></strong></span> <span class='ocrx_word' id='word_1_532' title='bbox 2245 3589 2388 3624; x_wconf 66' lang='lat' dir='ltr'><strong><em>exue.</em></strong></span> 
     </span>
    </p>
   </div>
   <div class='ocr_carea' id='block_1_81' title="bbox 2194 3588 2388 3627">
    <p class='ocr_par' dir='ltr' id='par_1_81' title="bbox 2194 3588 2388 3627">
     <span class='ocr_line' id='line_1_82' title="bbox 2194 3588 2388 3627; baseline 0.015 -3"><span class='ocrx_word' id='word_1_533' title='bbox 2194 3588 2388 3627; x_wconf 70' lang='grc' dir='ltr'>οιεειιρ.</span> 
     </span>
    </p>
   </div>
   <div class='ocr_carea' id='block_1_82' title="bbox 2191 3662 3707 3742">
    <p class='ocr_par' dir='ltr' id='par_1_82' title="bbox 2191 3662 3707 3742">
     <span class='ocr_line' id='line_1_83' title="bbox 2191 3662 3707 3742; baseline 0.003 -23"><span class='ocrx_word' id='word_1_534' title='bbox 2191 3662 2291 3742; x_wconf 78' lang='lat' dir='ltr'><strong><em>His</em></strong></span> <span class='ocrx_word' id='word_1_535' title='bbox 2318 3672 2500 3720; x_wconf 89' lang='lat' dir='ltr'><strong><em>autem</em></strong></span> <span class='ocrx_word' id='word_1_536' title='bbox 2546 3664 2803 3721; x_wconf 88' lang='lat' dir='ltr'><strong><em>omnibus</em></strong></span> <span class='ocrx_word' id='word_1_537' title='bbox 2835 3673 3069 3735; x_wconf 63' lang='lat' dir='ltr'><strong><em>pmerat</em></strong></span> <span class='ocrx_word' id='word_1_538' title='bbox 3091 3665 3174 3722; x_wconf 90' lang='lat' dir='ltr'><strong><em>vir</em></strong></span> <span class='ocrx_word' id='word_1_539' title='bbox 3206 3667 3519 3737; x_wconf 89' lang='lat' dir='ltr'><strong><em>imperatori</em></strong></span> <span class='ocrx_word' id='word_1_540' title='bbox 3555 3684 3707 3724; x_wconf 90' lang='lat' dir='ltr'><strong><em>cum-</em></strong></span> 
     </span>
    </p>
   </div>
   <div class='ocr_carea' id='block_1_83' title="bbox 2120 3754 3707 3828">
    <p class='ocr_par' dir='ltr' id='par_1_83' title="bbox 2120 3754 3707 3828">
     <span class='ocr_line' id='line_1_84' title="bbox 2120 3754 3707 3828; baseline 0.006 -20"><span class='ocrx_word' id='word_1_541' title='bbox 2120 3754 2313 3827; x_wconf 86' lang='lat' dir='ltr'><strong><em>primis</em></strong></span> <span class='ocrx_word' id='word_1_542' title='bbox 2346 3756 2497 3812; x_wconf 91' lang='lat' dir='ltr'><strong><em>utilis</em></strong></span> <span class='ocrx_word' id='word_1_543' title='bbox 2522 3795 2539 3822; x_wconf 88' lang='lat'><strong><em>,</em></strong></span> <span class='ocrx_word' id='word_1_544' title='bbox 2585 3756 2713 3820; x_wconf 85' lang='lat' dir='ltr'><strong><em>lide,</em></strong></span> <span class='ocrx_word' id='word_1_545' title='bbox 2760 3757 3040 3828; x_wconf 86' lang='lat' dir='ltr'><strong><em>religione,</em></strong></span> <span class='ocrx_word' id='word_1_546' title='bbox 3076 3766 3132 3814; x_wconf 87' lang='lat' dir='ltr'><strong><em>et</em></strong></span> <span class='ocrx_word' id='word_1_547' title='bbox 3168 3774 3448 3814; x_wconf 88' lang='lat' dir='ltr'><strong><em>sacrarum</em></strong></span> <span class='ocrx_word' id='word_1_548' title='bbox 3499 3761 3707 3816; x_wconf 89' lang='lat' dir='ltr'><strong><em>littera-</em></strong></span> 
     </span>
    </p>
   </div>
   <div class='ocr_carea' id='block_1_84' title="bbox 2125 3849 3705 3923">
    <p class='ocr_par' dir='ltr' id='par_1_84' title="bbox 2125 3849 3705 3923">
     <span class='ocr_line' id='line_1_85' title="bbox 2125 3849 3705 3923; baseline 0.004 -20"><span class='ocrx_word' id='word_1_549' title='bbox 2125 3864 2245 3903; x_wconf 92' lang='lat' dir='ltr'><strong><em>rum</em></strong></span> <span class='ocrx_word' id='word_1_550' title='bbox 2269 3849 2472 3920; x_wconf 90' lang='lat' dir='ltr'><strong><em>peritia</em></strong></span> <span class='ocrx_word' id='word_1_551' title='bbox 2497 3850 2850 3921; x_wconf 88' lang='lat' dir='ltr'><strong><em>conspicuus.</em></strong></span> <span class='ocrx_word' id='word_1_552' title='bbox 2881 3850 3131 3917; x_wconf 82' lang='lat' dir='ltr'><strong><em>Quicum</em></strong></span> <span class='ocrx_word' id='word_1_553' title='bbox 3165 3853 3473 3923; x_wconf 89' lang='lat' dir='ltr'><strong><em>tyranuicis</em></strong></span> <span class='ocrx_word' id='word_1_554' title='bbox 3496 3863 3705 3922; x_wconf 87' lang='lat' dir='ltr'><strong><em>tempo-</em></strong></span> 
     </span>
    </p>
   </div>
   <div class='ocr_carea' id='block_1_85' title="bbox 2121 3941 3705 4013">
    <p class='ocr_par' dir='ltr' id='par_1_85' title="bbox 2121 3941 3705 4013">
     <span class='ocr_line' id='line_1_86' title="bbox 2121 3941 3705 4013; baseline 0.005 -18"><span class='ocrx_word' id='word_1_555' title='bbox 2121 3941 2274 3996; x_wconf 89' lang='lat' dir='ltr'><strong><em>ribus</em></strong></span> <span class='ocrx_word' id='word_1_556' title='bbox 2307 3956 2408 4012; x_wconf 91' lang='lat' dir='ltr'><strong><em>pro</em></strong></span> <span class='ocrx_word' id='word_1_557' title='bbox 2438 3941 2660 4013; x_wconf 87' lang='lat' dir='ltr'><strong><em>pietatis</em></strong></span> <span class='ocrx_word' id='word_1_558' title='bbox 2700 3942 3018 4000; x_wconf 83' lang='lat' dir='ltr'><strong><em>defensione</em></strong></span> <span class='ocrx_word' id='word_1_559' title='bbox 3058 3944 3243 4001; x_wconf 92' lang='lat' dir='ltr'><strong><em>multis</em></strong></span> <span class='ocrx_word' id='word_1_560' title='bbox 3269 3942 3705 4003; x_wconf 76' lang='lat' dir='ltr'><strong><em>confessionibus</em></strong></span> 
     </span>
    </p>
   </div>
   <div class='ocr_carea' id='block_1_86' title="bbox 2122 4031 3705 4108">
    <p class='ocr_par' dir='ltr' id='par_1_86' title="bbox 2122 4031 3705 4108">
     <span class='ocr_line' id='line_1_87' title="bbox 2122 4031 3705 4108; baseline 0.006 -23"><span class='ocrx_word' id='word_1_561' title='bbox 2122 4031 2508 4097; x_wconf 89' lang='lat' dir='ltr'><strong><em>inclaruisset,</em></strong></span> <span class='ocrx_word' id='word_1_562' title='bbox 2537 4048 2644 4089; x_wconf 93' lang='lat' dir='ltr'><strong><em>non</em></strong></span> <span class='ocrx_word' id='word_1_563' title='bbox 2691 4034 2967 4092; x_wconf 87' lang='lat' dir='ltr'><strong><em>immerito</em></strong></span> <span class='ocrx_word' id='word_1_564' title='bbox 2999 4035 3192 4091; x_wconf 90' lang='lat' dir='ltr'><strong><em>harum</em></strong></span> <span class='ocrx_word' id='word_1_565' title='bbox 3237 4051 3418 4093; x_wconf 89' lang='lat' dir='ltr'><strong><em>rerum</em></strong></span> <span class='ocrx_word' id='word_1_566' title='bbox 3470 4039 3705 4108; x_wconf 85' lang='lat' dir='ltr'><strong><em>disposi-</em></strong></span> 
     </span>
    </p>
   </div>
   <div class='ocr_carea' id='block_1_87' title="bbox 2124 4123 3704 4200">
    <p class='ocr_par' dir='ltr' id='par_1_87' title="bbox 2124 4123 3704 4200">
     <span class='ocr_line' id='line_1_88' title="bbox 2124 4123 3704 4200; baseline 0.006 -22"><span class='ocrx_word' id='word_1_567' title='bbox 2124 4123 2324 4179; x_wconf 87' lang='lat' dir='ltr'><strong><em>tionem</em></strong></span> <span class='ocrx_word' id='word_1_568' title='bbox 2382 4125 2485 4181; x_wconf 91' lang='lat' dir='ltr'><strong><em>sibi</em></strong></span> <span class='ocrx_word' id='word_1_569' title='bbox 2541 4127 2890 4184; x_wconf 90' lang='lat' dir='ltr'><strong><em>commissam</em></strong></span> <span class='ocrx_word' id='word_1_570' title='bbox 2930 4130 3159 4200; x_wconf 89' lang='lat' dir='ltr'><strong><em>accepit.</em></strong></span> <span class='ocrx_word' id='word_1_571' title='bbox 3199 4129 3300 4185; x_wconf 90' lang='lat' dir='ltr'><strong><em>llic</em></strong></span> <span class='ocrx_word' id='word_1_572' title='bbox 3341 4129 3527 4200; x_wconf 85' lang='lat' dir='ltr'><strong><em>igitur,</em></strong></span> <span class='ocrx_word' id='word_1_573' title='bbox 3557 4132 3704 4187; x_wconf 89' lang='lat' dir='ltr'><strong><em>omni</em></strong></span> 
     </span>
    </p>
   </div>
   <div class='ocr_carea' id='block_1_88' title="bbox 2121 4217 3703 4292">
    <p class='ocr_par' dir='ltr' id='par_1_88' title="bbox 2121 4217 3703 4292">
     <span class='ocr_line' id='line_1_89' title="bbox 2121 4217 3703 4292; baseline 0.004 -21"><span class='ocrx_word' id='word_1_574' title='bbox 2121 4231 2245 4271; x_wconf 89' lang='lat' dir='ltr'><strong><em>cum</em></strong></span> <span class='ocrx_word' id='word_1_575' title='bbox 2310 4217 2627 4275; x_wconf 84' lang='lat' dir='ltr'><strong><em>sinceritate</em></strong></span> <span class='ocrx_word' id='word_1_576' title='bbox 2674 4220 3025 4289; x_wconf 84' lang='lat' dir='ltr'><strong><em>imperatoris</em></strong></span> <span class='ocrx_word' id='word_1_577' title='bbox 3062 4221 3311 4292; x_wconf 86' lang='lat' dir='ltr'><strong><em>jussibus</em></strong></span> <span class='ocrx_word' id='word_1_578' title='bbox 3365 4222 3703 4289; x_wconf 81' lang='lat' dir='ltr'><strong><em>obsecutus,</em></strong></span> 
     </span>
    </p>
   </div>
   <div class='ocr_carea' id='block_1_89' title="bbox 2121 4308 3707 4384">
    <p class='ocr_par' dir='ltr' id='par_1_89' title="bbox 2121 4308 3707 4384">
     <span class='ocr_line' id='line_1_90' title="bbox 2121 4308 3707 4384; baseline 0.004 -21"><span class='ocrx_word' id='word_1_579' title='bbox 2121 4308 2500 4379; x_wconf 88' lang='lat' dir='ltr'><strong><em>episcoporum</em></strong></span> <span class='ocrx_word' id='word_1_580' title='bbox 2546 4309 2767 4381; x_wconf 88' lang='lat' dir='ltr'><strong><em>quidem</em></strong></span> <span class='ocrx_word' id='word_1_581' title='bbox 2813 4321 3017 4367; x_wconf 74' lang='lat' dir='ltr'><strong><em>coetum</em></strong></span> <span class='ocrx_word' id='word_1_582' title='bbox 3063 4311 3323 4384; x_wconf 83' lang='lat' dir='ltr'><strong><em>singulari</em></strong></span> <span class='ocrx_word' id='word_1_583' title='bbox 3362 4314 3620 4370; x_wconf 87' lang='lat' dir='ltr'><strong><em>comitate</em></strong></span> <span class='ocrx_word' id='word_1_584' title='bbox 3649 4325 3707 4372; x_wconf 91' lang='lat' dir='ltr'><strong><em>et</em></strong></span> 
     </span>
    </p>
   </div>
   <div class='ocr_carea' id='block_1_90' title="bbox 2122 4394 3706 4477">
    <p class='ocr_par' dir='ltr' id='par_1_90' title="bbox 2122 4394 3706 4477">
     <span class='ocr_line' id='line_1_91' title="bbox 2122 4394 3706 4477; baseline 0.006 -23"><span class='ocrx_word' id='word_1_585' title='bbox 2122 4401 2682 4471; x_wconf 78' lang='lat' dir='ltr'><strong><em>magniﬁcentissimis</em></strong></span> <span class='ocrx_word' id='word_1_586' title='bbox 2746 4404 2921 4475; x_wconf 90' lang='lat' dir='ltr'><strong><em>epulis</em></strong></span> <span class='ocrx_word' id='word_1_587' title='bbox 2989 4403 3154 4477; x_wconf 60' lang='lat'><strong><em>5&amp;9</em></strong></span> <span class='ocrx_word' id='word_1_588' title='bbox 3218 4413 3383 4475; x_wconf 89' lang='lat' dir='ltr'><strong><em>atque</em></strong></span> <span class='ocrx_word' id='word_1_589' title='bbox 3435 4394 3706 4464; x_wconf 83' lang='lat' dir='ltr'><strong><em>conviviis</em></strong></span> 
     </span>
    </p>
   </div>
   <div class='ocr_carea' id='block_1_91' title="bbox 507 4563 2016 4650">
    <p class='ocr_par' dir='ltr' id='par_1_91' title="bbox 507 4567 2016 4650">
     <span class='ocr_line' id='line_1_92' title="bbox 507 4567 2016 4650; baseline 0.007 -29"><span class='ocrx_word' id='word_1_590' title='bbox 507 4567 584 4650; x_wconf 64' lang='lat'>(7)</span> <span class='ocrx_word' id='word_1_591' title='bbox 611 4569 738 4622; x_wconf 84' lang='grc' dir='ltr'><strong><em>Σὺν</em></strong></span> <span class='ocrx_word' id='word_1_592' title='bbox 763 4567 1055 4650; x_wconf 75' lang='grc' dir='ltr'>γρᾴμματι</span> <span class='ocrx_word' id='word_1_593' title='bbox 1076 4571 1399 4650; x_wconf 60' lang='grc' dir='ltr'>βασιλικῷ.</span> <span class='ocrx_word' id='word_1_594' title='bbox 1420 4573 1481 4650; x_wconf 57' lang='grc' dir='ltr'>[η</span> <span class='ocrx_word' id='word_1_595' title='bbox 1499 4574 1784 4650; x_wconf 88' lang='lat' dir='ltr'><strong><em>_vet_eribus</em></strong></span> <span class='ocrx_word' id='word_1_596' title='bbox 1802 4575 2016 4632; x_wconf 77' lang='lat' dir='ltr'><strong><em>schedia</em></strong></span> 
     </span>
    </p>
   </div>
   <div class='ocr_carea' id='block_1_92' title="bbox 2118 4563 3704 4650">
    <p class='ocr_par' dir='ltr' id='par_1_92' title="bbox 2124 4578 3704 4650">
     <span class='ocr_line' id='line_1_93' title="bbox 2124 4578 3704 4650; baseline 0.008 -17"><span class='ocrx_word' id='word_1_597' title='bbox 2124 4578 2756 4650; x_wconf 17' lang='lat' dir='ltr'><strong><em>synodoiinterl&#39;uerunt:</em></strong></span> <span class='ocrx_word' id='word_1_598' title='bbox 2786 4583 3051 4640; x_wconf 86' lang='lat' dir='ltr'><strong><em>Eusebius</em></strong></span> <span class='ocrx_word' id='word_1_599' title='bbox 3084 4584 3297 4640; x_wconf 88' lang='lat' dir='ltr'><strong><em>scilicet</em></strong></span> <span class='ocrx_word' id='word_1_600' title='bbox 3327 4586 3704 4644; x_wconf 81' lang='lat' dir='ltr'><strong><em>Nicomedien-</em></strong></span> 
     </span>
    </p>
   </div>
   <div class='ocr_carea' id='block_1_93' title="bbox 440 4638 2020 4713">
    <p class='ocr_par' dir='ltr' id='par_1_93' title="bbox 440 4638 2020 4713">
     <span class='ocr_line' id='line_1_94' title="bbox 440 4638 2020 4713; baseline 0.006 -19"><span class='ocrx_word' id='word_1_601' title='bbox 440 4638 637 4710; x_wconf 37' lang='lat' dir='ltr'><strong><em>legit’ur</em></strong></span> <span class='ocrx_word' id='word_1_602' title='bbox 659 4638 1074 4711; x_wconf 81' lang='grc' dir='ltr'>συγγράμματι.</span> <span class='ocrx_word' id='word_1_603' title='bbox 1110 4643 1163 4694; x_wconf 91' lang='lat' dir='ltr'><strong><em>In</em></strong></span> <span class='ocrx_word' id='word_1_604' title='bbox 1194 4644 1384 4713; x_wconf 82' lang='lat' dir='ltr'><strong><em>codice</em></strong></span> <span class='ocrx_word' id='word_1_605' title='bbox 1419 4642 1556 4697; x_wconf 84' lang='lat' dir='ltr'><strong><em>Fuk.</em></strong></span> <span class='ocrx_word' id='word_1_606' title='bbox 1592 4643 1783 4699; x_wconf 89' lang='lat' dir='ltr'><strong><em>lacuna</em></strong></span> <span class='ocrx_word' id='word_1_607' title='bbox 1809 4656 1914 4713; x_wconf 90' lang='lat' dir='ltr'><strong><em>est,</em></strong></span> <span class='ocrx_word' id='word_1_608' title='bbox 1964 4656 2020 4703; x_wconf 88' lang='lat' dir='ltr'><strong><em>et</em></strong></span> 
     </span>
    </p>
   </div>
   <div class='ocr_carea' id='block_1_94' title="bbox 437 4711 2023 4785">
    <p class='ocr_par' dir='ltr' id='par_1_94' title="bbox 437 4711 2023 4785">
     <span class='ocr_line' id='line_1_95' title="bbox 437 4711 2023 4785; baseline 0.004 -20"><span class='ocrx_word' id='word_1_609' title='bbox 437 4719 960 4785; x_wconf 65' lang='lat' dir='ltr'><strong><em>postrema__tautum</em></strong></span> <span class='ocrx_word' id='word_1_610' title='bbox 995 4726 1124 4785; x_wconf 80' lang='lat' dir='ltr'><strong><em>pars</em></strong></span> <span class='ocrx_word' id='word_1_611' title='bbox 1170 4711 1417 4785; x_wconf 80' lang='lat' dir='ltr'><strong><em>vocabuli</em></strong></span> <span class='ocrx_word' id='word_1_612' title='bbox 1462 4713 1684 4785; x_wconf 86' lang='lat' dir='ltr'><strong><em>legitur,</em></strong></span> <span class='ocrx_word' id='word_1_613' title='bbox 1723 4711 2023 4785; x_wconf 52' lang='grc' dir='ltr'>μὶατιζιιο-</span> 
     </span>
    </p>
   </div>
   <div class='ocr_carea' id='block_1_95' title="bbox 438 4779 2020 4854">
    <p class='ocr_par' dir='ltr' id='par_1_95' title="bbox 438 4779 2020 4854">
     <span class='ocr_line' id='line_1_96' title="bbox 438 4779 2020 4854; baseline 0.006 -20"><span class='ocrx_word' id='word_1_614' title='bbox 438 4779 547 4854; x_wconf 73' lang='lat' dir='ltr'><strong><em>gue</em></strong></span> <span class='ocrx_word' id='word_1_615' title='bbox 579 4779 818 4834; x_wconf 87' lang='lat' dir='ltr'><strong><em>Savilius</em></strong></span> <span class='ocrx_word' id='word_1_616' title='bbox 849 4781 953 4854; x_wconf 79' lang='grc' dir='ltr'><strong><em>σὺν</em></strong></span> <span class='ocrx_word' id='word_1_617' title='bbox 979 4780 1207 4852; x_wconf 83' lang='grc' dir='ltr'>νεύματι</span> <span class='ocrx_word' id='word_1_618' title='bbox 1233 4779 1542 4853; x_wconf 54' lang='lat' dir='ltr'><strong><em>supplevit;</em></strong></span> <span class='ocrx_word' id='word_1_619' title='bbox 1560 4779 1787 4854; x_wconf 78' lang='lat' dir='ltr'><strong><em>perinde</em></strong></span> <span class='ocrx_word' id='word_1_620' title='bbox 1807 4798 1863 4842; x_wconf 90' lang='lat' dir='ltr'><strong><em>et.</em></strong></span> <span class='ocrx_word' id='word_1_621' title='bbox 1888 4787 2020 4843; x_wconf 88' lang='lat' dir='ltr'><strong><em>Sca-</em></strong></span> 
     </span>
    </p>
   </div>
   <div class='ocr_carea' id='block_1_96' title="bbox 438 4850 885 4921">
    <p class='ocr_par' dir='ltr' id='par_1_96' title="bbox 438 4850 885 4921">
     <span class='ocr_line' id='line_1_97' title="bbox 438 4850 885 4921; baseline -0.002 -17"><span class='ocrx_word' id='word_1_622' title='bbox 438 4850 576 4921; x_wconf 83' lang='lat' dir='ltr'><strong><em>liger</em></strong></span> <span class='ocrx_word' id='word_1_623' title='bbox 603 4858 659 4903; x_wconf 86' lang='lat' dir='ltr'><strong><em>et</em></strong></span> <span class='ocrx_word' id='word_1_624' title='bbox 681 4850 885 4921; x_wconf 79' lang='lat' dir='ltr'><strong><em>caeteri.</em></strong></span> 
     </span>
    </p>
   </div>
   <div class='ocr_carea' id='block_1_97' title="bbox 512 4919 2019 4995">
    <p class='ocr_par' dir='ltr' id='par_1_97' title="bbox 512 4919 2019 4995">
     <span class='ocr_line' id='line_1_98' title="bbox 512 4919 2019 4995; baseline 0.005 -21"><span class='ocrx_word' id='word_1_625' title='bbox 512 4919 587 4991; x_wconf 92' lang='lat'><strong><em>(8)</em></strong></span> <span class='ocrx_word' id='word_1_626' title='bbox 633 4919 977 4995; x_wconf 73' lang='grc' dir='ltr'>Μακεδόνες</span> <span class='ocrx_word' id='word_1_627' title='bbox 1021 4920 1151 4995; x_wconf 20' lang='grc' dir='ltr'>μὲνλ</span> <span class='ocrx_word' id='word_1_628' title='bbox 1188 4921 1297 4993; x_wconf 64' lang='grc' dir='ltr'><strong><em>γὰρ</em></strong></span> <span class='ocrx_word' id='word_1_629' title='bbox 1320 4924 1466 4995; x_wconf 51' lang='grc' dir='ltr'><strong><em>ῥινὸν⁸</em></strong></span> <span class='ocrx_word' id='word_1_630' title='bbox 1493 4922 1606 4992; x_wconf 79' lang='grc' dir='ltr'>τῆς</span> <span class='ocrx_word' id='word_1_631' title='bbox 1641 4927 1776 4995; x_wconf 80' lang='grc' dir='ltr'>παρ’</span> <span class='ocrx_word' id='word_1_632' title='bbox 1813 4927 2019 4995; x_wconf 84' lang='grc' dir='ltr'>αὐτοῖς</span> 
     </span>
    </p>
   </div>
   <div class='ocr_carea' id='block_1_98' title="bbox 434 4991 2021 5062">
    <p class='ocr_par' dir='ltr' id='par_1_98' title="bbox 434 4991 2021 5062">
     <span class='ocr_line' id='line_1_99' title="bbox 434 4991 2021 5062; baseline 0.008 -20"><span class='ocrx_word' id='word_1_633' title='bbox 434 4991 883 5062; x_wconf 73' lang='grc' dir='ltr'>μητροπόλεως.</span> <span class='ocrx_word' id='word_1_634' title='bbox 910 4991 1279 5046; x_wconf 77' lang='lat' dir='ltr'><strong><em>Alexandrum</em></strong></span> <span class='ocrx_word' id='word_1_635' title='bbox 1316 4991 1573 5062; x_wconf 81' lang='lat' dir='ltr'><strong><em>intelligit</em></strong></span> <span class='ocrx_word' id='word_1_636' title='bbox 1618 4991 2021 5054; x_wconf 64' lang='lat' dir='ltr'><strong><em>Thessalonica:</em></strong></span> 
     </span>
    </p>
   </div>
   <div class='ocr_carea' id='block_1_99' title="bbox 438 5061 2016 5137">
    <p class='ocr_par' dir='ltr' id='par_1_99' title="bbox 438 5061 2016 5137">
     <span class='ocr_line' id='line_1_100' title="bbox 438 5061 2016 5137; baseline 0.006 -22"><span class='ocrx_word' id='word_1_637' title='bbox 438 5062 676 5116; x_wconf 85' lang='lat' dir='ltr'><strong><em>civitatis</em></strong></span> <span class='ocrx_word' id='word_1_638' title='bbox 698 5061 1169 5137; x_wconf 81' lang='lat' dir='ltr'><strong><em>episco_pum,_qui</em></strong></span> <span class='ocrx_word' id='word_1_639' title='bbox 1216 5065 1434 5137; x_wconf 70' lang='lat' dir='ltr'><strong><em>synodo</em></strong></span> <span class='ocrx_word' id='word_1_640' title='bbox 1462 5065 1692 5137; x_wconf 80' lang='lat' dir='ltr'><strong><em>Tyrensi</em></strong></span> <span class='ocrx_word' id='word_1_641' title='bbox 1745 5067 2016 5137; x_wconf 82' lang='lat' dir='ltr'><strong><em>interfuit,</em></strong></span> 
     </span>
    </p>
   </div>
   <div class='ocr_carea' id='block_1_100' title="bbox 440 5131 2019 5195">
    <p class='ocr_par' dir='ltr' id='par_1_100' title="bbox 440 5131 2019 5195">
     <span class='ocr_line' id='line_1_101' title="bbox 440 5131 2019 5195; baseline 0.007 -14"><span class='ocrx_word' id='word_1_642' title='bbox 440 5141 497 5183; x_wconf 93' lang='lat' dir='ltr'><strong><em>ut</em></strong></span> <span class='ocrx_word' id='word_1_643' title='bbox 523 5138 759 5186; x_wconf 83' lang='lat' dir='ltr'><strong><em>testatur</em></strong></span> <span class='ocrx_word' id='word_1_644' title='bbox 805 5131 1157 5187; x_wconf 85' lang='lat' dir='ltr'><strong><em>Athanasius.</em></strong></span> <span class='ocrx_word' id='word_1_645' title='bbox 1214 5131 1319 5188; x_wconf 81' lang='lat' dir='ltr'><strong><em>Per</em></strong></span> <span class='ocrx_word' id='word_1_646' title='bbox 1376 5131 1670 5192; x_wconf 70' lang='lat' dir='ltr'><strong><em>Pannonite</em></strong></span> <span class='ocrx_word' id='word_1_647' title='bbox 1729 5149 1911 5194; x_wconf 89' lang='lat' dir='ltr'><strong><em>autem</em></strong></span> <span class='ocrx_word' id='word_1_648' title='bbox 1964 5131 2019 5195; x_wconf 82' lang='lat' dir='ltr'><strong><em>et</em></strong></span> 
     </span>
    </p>
   </div>
   <div class='ocr_carea' id='block_1_101' title="bbox 439 5197 2019 5275">
    <p class='ocr_par' dir='ltr' id='par_1_101' title="bbox 439 5197 2019 5275">
     <span class='ocr_line' id='line_1_102' title="bbox 439 5197 2019 5275; baseline 0.007 -22"><span class='ocrx_word' id='word_1_649' title='bbox 439 5197 647 5275; x_wconf 57' lang='lat' dir='ltr'><strong><em>gumiae</em></strong></span> <span class='ocrx_word' id='word_1_650' title='bbox 693 5200 976 5275; x_wconf 84' lang='lat' dir='ltr'><strong><em>episcopos</em></strong></span> <span class='ocrx_word' id='word_1_651' title='bbox 1006 5202 1273 5275; x_wconf 71' lang='lat' dir='ltr'><strong><em>Eusebius</em></strong></span> <span class='ocrx_word' id='word_1_652' title='bbox 1329 5205 1588 5275; x_wconf 85' lang='lat' dir='ltr'><strong><em>intelligit</em></strong></span> <span class='ocrx_word' id='word_1_653' title='bbox 1641 5206 1922 5263; x_wconf 89' lang='lat' dir='ltr'><strong><em>Ursacium</em></strong></span> <span class='ocrx_word' id='word_1_654' title='bbox 1961 5219 2019 5264; x_wconf 88' lang='lat' dir='ltr'><strong><em>et</em></strong></span> 
     </span>
    </p>
   </div>
   <div class='ocr_carea' id='block_1_102' title="bbox 442 5267 2018 5350">
    <p class='ocr_par' dir='ltr' id='par_1_102' title="bbox 442 5267 2018 5350">
     <span class='ocr_line' id='line_1_103' title="bbox 442 5267 2018 5350; baseline 0.008 -27"><span class='ocrx_word' id='word_1_655' title='bbox 442 5267 985 5350; x_wconf 62' lang='lat' dir='ltr'><strong><em>Xalentem;_Ar_iame</em></strong></span> <span class='ocrx_word' id='word_1_656' title='bbox 1011 5273 1263 5350; x_wconf 71' lang='lat' dir='ltr'><strong><em>fat-tionis</em></strong></span> <span class='ocrx_word' id='word_1_657' title='bbox 1289 5267 1724 5350; x_wconf 62' lang='lat' dir='ltr'><strong><em>signiferos,_qui</em></strong></span> <span class='ocrx_word' id='word_1_658' title='bbox 1749 5294 1778 5333; x_wconf 91' lang='lat' dir='ltr'><strong><em>a</em></strong></span> <span class='ocrx_word' id='word_1_659' title='bbox 1810 5280 2018 5350; x_wconf 86' lang='lat' dir='ltr'><strong><em>synodo</em></strong></span> 
     </span>
    </p>
   </div>
   <div class='ocr_carea' id='block_1_103' title="bbox 441 5337 2016 5415">
    <p class='ocr_par' dir='ltr' id='par_1_103' title="bbox 441 5337 2016 5415">
     <span class='ocr_line' id='line_1_104' title="bbox 441 5337 2016 5415; baseline 0.006 -22"><span class='ocrx_word' id='word_1_660' title='bbox 441 5337 671 5415; x_wconf 83' lang='lat' dir='ltr'><strong><em>Tyrensi</em></strong></span> <span class='ocrx_word' id='word_1_661' title='bbox 697 5341 846 5415; x_wconf 78' lang='lat' dir='ltr'><strong><em>missi</em></strong></span> <span class='ocrx_word' id='word_1_662' title='bbox 883 5351 1021 5415; x_wconf 79' lang='lat' dir='ltr'><strong><em>sunt</em></strong></span> <span class='ocrx_word' id='word_1_663' title='bbox 1045 5343 1099 5397; x_wconf 93' lang='lat' dir='ltr'><strong><em>in</em></strong></span> <span class='ocrx_word' id='word_1_664' title='bbox 1129 5337 1460 5415; x_wconf 66' lang='lat' dir='ltr'><strong><em>Egyptum,</em></strong></span> <span class='ocrx_word' id='word_1_665' title='bbox 1490 5356 1550 5400; x_wconf 91' lang='lat' dir='ltr'><strong><em>ut</em></strong></span> <span class='ocrx_word' id='word_1_666' title='bbox 1590 5337 1665 5403; x_wconf 76' lang='lat' dir='ltr'><strong><em>de</em></strong></span> <span class='ocrx_word' id='word_1_667' title='bbox 1695 5337 2016 5404; x_wconf 81' lang='lat' dir='ltr'><strong><em>criminibus</em></strong></span> 
     </span>
    </p>
   </div>
   <div class='ocr_carea' id='block_1_104' title="bbox 439 5412 2015 5489">
    <p class='ocr_par' dir='ltr' id='par_1_104' title="bbox 439 5412 2015 5489">
     <span class='ocr_line' id='line_1_105' title="bbox 439 5412 2015 5489; baseline 0.007 -26"><span class='ocrx_word' id='word_1_668' title='bbox 439 5423 559 5479; x_wconf 69' lang='lat' dir='ltr'><strong><em>quae</em></strong></span> <span class='ocrx_word' id='word_1_669' title='bbox 586 5412 883 5489; x_wconf 78' lang='lat' dir='ltr'><strong><em>Athanasio</em></strong></span> <span class='ocrx_word' id='word_1_670' title='bbox 937 5413 1146 5489; x_wconf 74' lang='lat' dir='ltr'><strong><em>objecta</em></strong></span> <span class='ocrx_word' id='word_1_671' title='bbox 1192 5412 1604 5489; x_wconf 75' lang='lat' dir='ltr'><strong><em>_t&#39;uera|_nt,_illie</em></strong></span> <span class='ocrx_word' id='word_1_672' title='bbox 1650 5419 2015 5489; x_wconf 85' lang='lat' dir='ltr'><strong><em>inquirerent,</em></strong></span> 
     </span>
    </p>
   </div>
   <div class='ocr_carea' id='block_1_105' title="bbox 439 5482 1917 5639">
    <p class='ocr_par' dir='ltr' id='par_1_105' title="bbox 439 5482 1917 5639">
     <span class='ocr_line' id='line_1_106' title="bbox 439 5482 1917 5557; baseline 0.008 -25"><span class='ocrx_word' id='word_1_673' title='bbox 439 5482 890 5550; x_wconf 89' lang='lat' dir='ltr'><strong><em>quemadmodum</em></strong></span> <span class='ocrx_word' id='word_1_674' title='bbox 920 5483 1091 5538; x_wconf 78' lang='lat' dir='ltr'><strong><em>refert</em></strong></span> <span class='ocrx_word' id='word_1_675' title='bbox 1117 5485 1447 5540; x_wconf 84' lang='lat' dir='ltr'><strong><em>Athanasius</em></strong></span> <span class='ocrx_word' id='word_1_676' title='bbox 1471 5487 1525 5540; x_wconf 91' lang='lat' dir='ltr'><strong><em>in</em></strong></span> <span class='ocrx_word' id='word_1_677' title='bbox 1557 5482 1917 5557; x_wconf 56' lang='lat' dir='ltr'><strong><em>Apolobetico.</em></strong></span> 
     </span>
     <span class='ocr_line' id='line_1_107' title="bbox 447 5549 1917 5639; baseline 0 0"><span class='ocrx_word' id='word_1_678' title='bbox 447 5631 489 5639; x_wconf 79' lang='lat'><strong><em>-.</em></strong></span> <span class='ocrx_word' id='word_1_679' title='bbox 511 5549 588 5639; x_wconf 67' lang='grc' dir='ltr'>(ι)</span> <span class='ocrx_word' id='word_1_680' title='bbox 621 5552 868 5639; x_wconf 60' lang='grc' dir='ltr'><strong><em>βιριξνοί</em></strong></span> <span class='ocrx_word' id='word_1_681' title='bbox 895 5569 959 5639; x_wconf 59' lang='lat' dir='ltr'><strong><em>if</em></strong></span> <span class='ocrx_word' id='word_1_682' title='bbox 986 5553 1365 5639; x_wconf 58' lang='grc' dir='ltr'><strong><em>κμξρρᾷκεςο</em></strong></span> <span class='ocrx_word' id='word_1_683' title='bbox 1393 5555 1765 5639; x_wconf 54' lang='lat' dir='ltr'><strong><em>&quot;thecatum&quot;!</em></strong></span> <span class='ocrx_word' id='word_1_684' title='bbox 1797 5560 1917 5639; x_wconf 61' lang='lat' dir='ltr'><strong><em>Nic?</em></strong></span> 
     </span>
    </p>
   </div>
   <div class='ocr_carea' id='block_1_106' title="bbox 674 5571 2011 5616">
    <p class='ocr_par' dir='ltr' id='par_1_106' title="bbox 674 5571 2011 5616">
     <span class='ocr_line' id='line_1_108' title="bbox 674 5571 2011 5616; baseline 0.008 -11"><span class='ocrx_word' id='word_1_685' title='bbox 674 5571 866 5607; x_wconf 73' lang='grc' dir='ltr'>ιυυνοι</span> <span class='ocrx_word' id='word_1_686' title='bbox 895 5571 959 5607; x_wconf 85' lang='grc' dir='ltr'><strong><em>τε</em></strong></span> <span class='ocrx_word' id='word_1_687' title='bbox 986 5571 1087 5608; x_wconf 80' lang='grc' dir='ltr'><strong><em>και</em></strong></span> <span class='ocrx_word' id='word_1_688' title='bbox 1119 5571 1365 5616; x_wconf 78' lang='grc' dir='ltr'>υρακες.</span> <span class='ocrx_word' id='word_1_689' title='bbox 1393 5571 1762 5616; x_wconf 65' lang='grc' dir='ltr'>ἰἰιεοεοηιυηι</span> <span class='ocrx_word' id='word_1_690' title='bbox 1797 5571 2011 5616; x_wconf 61' lang='lat' dir='ltr'><strong><em>meam.</em></strong></span> 
     </span>
    </p>
   </div>
   <div class='ocr_carea' id='block_1_107' title="bbox 439 5573 2016 5693">
    <p class='ocr_par' dir='ltr' id='par_1_107' title="bbox 439 5573 2016 5693">
     <span class='ocr_line' id='line_1_109' title="bbox 511 5573 2011 5639; baseline 0.007 -35"><span class='ocrx_word' id='word_1_691' title='bbox 511 5573 588 5639; x_wconf 49' lang='grc' dir='ltr'>(τε)</span> <span class='ocrx_word' id='word_1_692' title='bbox 621 5573 866 5607; x_wconf 73' lang='grc' dir='ltr'>υιυυνοι</span> <span class='ocrx_word' id='word_1_693' title='bbox 895 5573 959 5607; x_wconf 84' lang='grc' dir='ltr'><strong><em>τε</em></strong></span> <span class='ocrx_word' id='word_1_694' title='bbox 986 5573 1087 5638; x_wconf 63' lang='grc' dir='ltr'><strong><em>και</em></strong></span> <span class='ocrx_word' id='word_1_695' title='bbox 1119 5573 1365 5637; x_wconf 64' lang='grc' dir='ltr'>ᾳρᾳκες.</span> <span class='ocrx_word' id='word_1_696' title='bbox 1394 5573 1762 5639; x_wconf 59' lang='lat' dir='ltr'><strong><em>&#39;tneogomum</em></strong></span> <span class='ocrx_word' id='word_1_697' title='bbox 1797 5573 2011 5626; x_wconf 62' lang='lat' dir='ltr'><strong><em>meum,</em></strong></span> 
     </span>
     <span class='ocr_line' id='line_1_110' title="bbox 439 5621 2016 5693; baseline 0.006 -17"><span class='ocrx_word' id='word_1_698' title='bbox 439 5631 496 5676; x_wconf 90' lang='lat' dir='ltr'><strong><em>et</em></strong></span> <span class='ocrx_word' id='word_1_699' title='bbox 533 5621 867 5693; x_wconf 84' lang='lat' dir='ltr'><strong><em>lheodorum</em></strong></span> <span class='ocrx_word' id='word_1_700' title='bbox 910 5623 1177 5692; x_wconf 88' lang='lat' dir='ltr'><strong><em>Permtln,</em></strong></span> <span class='ocrx_word' id='word_1_701' title='bbox 1228 5641 1349 5693; x_wconf 63' lang='lat' dir='ltr'><strong><em>quae</em></strong></span> <span class='ocrx_word' id='word_1_702' title='bbox 1382 5629 1540 5683; x_wconf 74' lang='lat' dir='ltr'><strong><em>aliter</em></strong></span> <span class='ocrx_word' id='word_1_703' title='bbox 1573 5627 1831 5684; x_wconf 89' lang='lat' dir='ltr'><strong><em>Heraclea</em></strong></span> <span class='ocrx_word' id='word_1_704' title='bbox 1880 5632 2016 5685; x_wconf 82' lang='lat' dir='ltr'><strong><em>dici-</em></strong></span> 
     </span>
    </p>
   </div>
   <div class='ocr_carea' id='block_1_108' title="bbox 443 5692 2016 5770">
    <p class='ocr_par' dir='ltr' id='par_1_108' title="bbox 443 5692 2016 5770">
     <span class='ocr_line' id='line_1_111' title="bbox 443 5692 2016 5770; baseline 0.006 -25"><span class='ocrx_word' id='word_1_705' title='bbox 443 5703 551 5770; x_wconf 85' lang='lat' dir='ltr'><strong><em>t_u_r,</em></strong></span> <span class='ocrx_word' id='word_1_706' title='bbox 605 5692 902 5770; x_wconf 32' lang='lat' dir='ltr'><strong><em>episcOpos.</em></strong></span> <span class='ocrx_word' id='word_1_707' title='bbox 926 5694 1197 5770; x_wconf 77' lang='lat' dir='ltr'><strong><em>intelligit,</em></strong></span> <span class='ocrx_word' id='word_1_708' title='bbox 1233 5692 1567 5770; x_wconf 85' lang='lat' dir='ltr'><strong><em>quos_eidem</em></strong></span> <span class='ocrx_word' id='word_1_709' title='bbox 1597 5699 2016 5770; x_wconf 18' lang='lat' dir='ltr'><strong><em>synodoginter-</em></strong></span> 
     </span>
    </p>
   </div>
   <div class='ocr_carea' id='block_1_109' title="bbox 441 5762 2014 5825">
    <p class='ocr_par' dir='ltr' id='par_1_109' title="bbox 441 5762 2014 5825">
     <span class='ocr_line' id='line_1_112' title="bbox 441 5762 2014 5825; baseline 0.007 -11"><span class='ocrx_word' id='word_1_710' title='bbox 441 5762 608 5818; x_wconf 84' lang='lat' dir='ltr'><strong><em>fuisse</em></strong></span> <span class='ocrx_word' id='word_1_711' title='bbox 637 5764 834 5817; x_wconf 87' lang='lat' dir='ltr'><strong><em>docent</em></strong></span> <span class='ocrx_word' id='word_1_712' title='bbox 875 5762 1207 5819; x_wconf 76' lang='lat' dir='ltr'><strong><em>Athanasius</em></strong></span> <span class='ocrx_word' id='word_1_713' title='bbox 1250 5762 1312 5819; x_wconf 80' lang='lat' dir='ltr'><strong><em>et</em></strong></span> <span class='ocrx_word' id='word_1_714' title='bbox 1374 5762 1754 5825; x_wconf 79' lang='lat' dir='ltr'><strong><em>&#39;l‘heodoritus.</em></strong></span> <span class='ocrx_word' id='word_1_715' title='bbox 1809 5768 2014 5825; x_wconf 83' lang='lat' dir='ltr'><strong><em>Praeter</em></strong></span> 
     </span>
    </p>
   </div>
   <div class='ocr_carea' id='block_1_110' title="bbox 441 5830 2010 5911">
    <p class='ocr_par' dir='ltr' id='par_1_110' title="bbox 441 5830 2010 5911">
     <span class='ocr_line' id='line_1_113' title="bbox 441 5830 2010 5911; baseline 0.007 -26"><span class='ocrx_word' id='word_1_716' title='bbox 441 5830 834 5904; x_wconf 85' lang='lat' dir='ltr'><strong><em>Theogonium,</em></strong></span> <span class='ocrx_word' id='word_1_717' title='bbox 872 5833 964 5887; x_wconf 91' lang='lat' dir='ltr'><strong><em>alii</em></strong></span> <span class='ocrx_word' id='word_1_718' title='bbox 992 5835 1102 5888; x_wconf 89' lang='lat' dir='ltr'><strong><em>duo</em></strong></span> <span class='ocrx_word' id='word_1_719' title='bbox 1124 5850 1191 5889; x_wconf 85' lang='lat' dir='ltr'><strong><em>ex</em></strong></span> <span class='ocrx_word' id='word_1_720' title='bbox 1215 5833 1465 5909; x_wconf 84' lang='lat' dir='ltr'><strong><em>Bithynia</em></strong></span> <span class='ocrx_word' id='word_1_721' title='bbox 1493 5840 1736 5911; x_wconf 87' lang='lat' dir='ltr'><strong><em>episcopi</em></strong></span> <span class='ocrx_word' id='word_1_722' title='bbox 1780 5841 2010 5910; x_wconf 79' lang='lat' dir='ltr'><strong><em>Tyrensi</em></strong></span> 
     </span>
    </p>
   </div>
   <div class='ocr_carea' id='block_1_111' title="bbox 751 5932 1362 5999">
    <p class='ocr_par' dir='ltr' id='par_1_111' title="bbox 751 5932 1362 5999">
     <span class='ocr_line' id='line_1_114' title="bbox 751 5932 1362 5999; baseline 0.007 -5"><span class='ocrx_word' id='word_1_723' title='bbox 751 5932 1028 5996; x_wconf 73' lang='lat' dir='ltr'><strong><em>PATROL.</em></strong></span> <span class='ocrx_word' id='word_1_724' title='bbox 1069 5934 1188 5997; x_wconf 79' lang='lat' dir='ltr'><strong><em>Gn.</em></strong></span> <span class='ocrx_word' id='word_1_725' title='bbox 1222 5934 1362 5999; x_wconf 85' lang='lat' dir='ltr'><strong><em>XX.</em></strong></span> 
     </span>
    </p>
   </div>
   <div class='ocr_carea' id='block_1_112' title="bbox 2121 4649 2939 4712">
    <p class='ocr_par' dir='ltr' id='par_1_112' title="bbox 2121 4649 2939 4712">
     <span class='ocr_line' id='line_1_115' title="bbox 2121 4649 2939 4712; baseline 0.005 -9"><span class='ocrx_word' id='word_1_726' title='bbox 2121 4649 2222 4712; x_wconf 85' lang='lat' dir='ltr'><strong><em>sis,</em></strong></span> <span class='ocrx_word' id='word_1_727' title='bbox 2247 4658 2302 4704; x_wconf 84' lang='lat' dir='ltr'><strong><em>et.</em></strong></span> <span class='ocrx_word' id='word_1_728' title='bbox 2331 4649 2497 4705; x_wconf 82' lang='lat' dir='ltr'><strong><em>Maris</em></strong></span> <span class='ocrx_word' id='word_1_729' title='bbox 2521 4651 2939 4708; x_wconf 85' lang='lat' dir='ltr'><strong><em>Chalcedonius.</em></strong></span> 
     </span>
    </p>
   </div>
   <div class='ocr_carea' id='block_1_113' title="bbox 2193 4719 3701 4793">
    <p class='ocr_par' dir='ltr' id='par_1_113' title="bbox 2193 4719 3701 4793">
     <span class='ocr_line' id='line_1_116' title="bbox 2193 4719 3701 4793; baseline 0.007 -20"><span class='ocrx_word' id='word_1_730' title='bbox 2193 4719 2305 4793; x_wconf 79' lang='lat' dir='ltr'>(l0)</span> <span class='ocrx_word' id='word_1_731' title='bbox 2364 4722 2665 4789; x_wconf 80' lang='grc' dir='ltr'>Βασιλική</span> <span class='ocrx_word' id='word_1_732' title='bbox 2717 4740 2810 4791; x_wconf 86' lang='grc' dir='ltr'><strong><em>τις</em></strong></span> <span class='ocrx_word' id='word_1_733' title='bbox 2861 4724 3182 4793; x_wconf 80' lang='grc' dir='ltr'>ὑπηρεσία.</span> <span class='ocrx_word' id='word_1_734' title='bbox 3252 4724 3587 4786; x_wconf 87' lang='lat' dir='ltr'><strong><em>Athanasius</em></strong></span> <span class='ocrx_word' id='word_1_735' title='bbox 3648 4730 3701 4784; x_wconf 90' lang='lat' dir='ltr'><strong><em>in</em></strong></span> 
     </span>
    </p>
   </div>
   <div class='ocr_carea' id='block_1_114' title="bbox 2118 4790 3702 4870">
    <p class='ocr_par' dir='ltr' id='par_1_114' title="bbox 2118 4790 3702 4870">
     <span class='ocr_line' id='line_1_117' title="bbox 2118 4790 3702 4870; baseline 0.008 -28"><span class='ocrx_word' id='word_1_736' title='bbox 2118 4790 2459 4870; x_wconf 76' lang='lat' dir='ltr'><strong><em>Apologetico</em></strong></span> <span class='ocrx_word' id='word_1_737' title='bbox 2492 4793 2563 4846; x_wconf 89' lang='lat' dir='ltr'><strong><em>ad</em></strong></span> <span class='ocrx_word' id='word_1_738' title='bbox 2597 4790 2998 4870; x_wconf 53' lang='lat' dir='ltr'><strong><em>Constantium;</em></strong></span> <span class='ocrx_word' id='word_1_739' title='bbox 3042 4810 3165 4865; x_wconf 86' lang='lat' dir='ltr'><strong><em>pag.</em></strong></span> <span class='ocrx_word' id='word_1_740' title='bbox 3197 4795 3326 4870; x_wconf 77' lang='lat'><strong><em>788,</em></strong></span> <span class='ocrx_word' id='word_1_741' title='bbox 3361 4798 3428 4853; x_wconf 87' lang='lat' dir='ltr'><strong><em>de</em></strong></span> <span class='ocrx_word' id='word_1_742' title='bbox 3465 4800 3568 4855; x_wconf 82' lang='lat' dir='ltr'><strong><em>hac</em></strong></span> <span class='ocrx_word' id='word_1_743' title='bbox 3608 4816 3702 4870; x_wconf 64' lang='grc' dir='ltr'>εγ·-</span> 
     </span>
    </p>
   </div>
   <div class='ocr_carea' id='block_1_115' title="bbox 2120 4861 3702 4939">
    <p class='ocr_par' dir='ltr' id='par_1_115' title="bbox 2120 4861 3702 4939">
     <span class='ocr_line' id='line_1_118' title="bbox 2120 4861 3702 4939; baseline 0.006 -25"><span class='ocrx_word' id='word_1_744' title='bbox 2120 4861 2264 4939; x_wconf 70' lang='lat' dir='ltr'><strong><em>nodo</em></strong></span> <span class='ocrx_word' id='word_1_745' title='bbox 2322 4862 2591 4939; x_wconf 79' lang='lat' dir='ltr'><strong><em>loquens,</em></strong></span> <span class='ocrx_word' id='word_1_746' title='bbox 2662 4873 2897 4939; x_wconf 80' lang='lat' dir='ltr'><strong><em>testatur</em></strong></span> <span class='ocrx_word' id='word_1_747' title='bbox 2959 4861 3380 4939; x_wconf 67' lang='lat' dir='ltr'><strong><em>Constantinum</em></strong></span> <span class='ocrx_word' id='word_1_748' title='bbox 3427 4861 3702 4939; x_wconf 67' lang='lat' dir='ltr'><strong><em>palatinos</em></strong></span> 
     </span>
    </p>
   </div>
   <div class='ocr_carea' id='block_1_116' title="bbox 2120 4930 3701 5013">
    <p class='ocr_par' dir='ltr' id='par_1_116' title="bbox 2120 4930 3701 5013">
     <span class='ocr_line' id='line_1_119' title="bbox 2120 4930 3701 5013; baseline 0.007 -30"><span class='ocrx_word' id='word_1_749' title='bbox 2120 4930 2321 5013; x_wconf 84' lang='lat' dir='ltr'><strong><em>milites</em></strong></span> <span class='ocrx_word' id='word_1_750' title='bbox 2347 4932 2583 5013; x_wconf 70' lang='lat' dir='ltr'><strong><em>misisse.</em></strong></span> <span class='ocrx_word' id='word_1_751' title='bbox 2610 4937 2700 5013; x_wconf 81' lang='lat' dir='ltr'><strong><em>qui</em></strong></span> <span class='ocrx_word' id='word_1_752' title='bbox 2735 4934 3114 5013; x_wconf 77' lang='lat' dir='ltr'><strong><em>episcoporum</em></strong></span> <span class='ocrx_word' id='word_1_753' title='bbox 3144 4936 3394 5013; x_wconf 74' lang='lat' dir='ltr'><strong><em>jussibus</em></strong></span> <span class='ocrx_word' id='word_1_754' title='bbox 3424 4930 3701 5013; x_wconf 80' lang='lat' dir='ltr'><strong><em>obseque-</em></strong></span> 
     </span>
    </p>
   </div>
   <div class='ocr_carea' id='block_1_117' title="bbox 2119 5002 3703 5074">
    <p class='ocr_par' dir='ltr' id='par_1_117' title="bbox 2119 5002 3703 5074">
     <span class='ocr_line' id='line_1_120' title="bbox 2119 5002 3703 5074; baseline 0.006 -19"><span class='ocrx_word' id='word_1_755' title='bbox 2119 5010 2366 5074; x_wconf 49' lang='lat' dir='ltr'><strong><em>rentur}</em></strong></span> <span class='ocrx_word' id='word_1_756' title='bbox 2420 5002 2531 5074; x_wconf 77' lang='grc' dir='ltr'>Καὶ</span> <span class='ocrx_word' id='word_1_757' title='bbox 2569 5003 2747 5074; x_wconf 86' lang='grc' dir='ltr'>κόμης</span> <span class='ocrx_word' id='word_1_758' title='bbox 2772 5002 3086 5074; x_wconf 2' lang='grc' dir='ltr'>’,Διονύσιος</span> <span class='ocrx_word' id='word_1_759' title='bbox 3135 5002 3546 5074; x_wconf 80' lang='grc' dir='ltr'>ἀποστέλλεται,</span> <span class='ocrx_word' id='word_1_760' title='bbox 3579 5002 3703 5065; x_wconf 75' lang='grc' dir='ltr'>’καὶ</span> 
     </span>
    </p>
   </div>
   <div class='ocr_carea' id='block_1_118' title="bbox 2119 5071 3627 5152">
    <p class='ocr_par' dir='ltr' id='par_1_118' title="bbox 2119 5071 3627 5152">
     <span class='ocr_line' id='line_1_121' title="bbox 2119 5071 3627 5152; baseline 0.009 -30"><span class='ocrx_word' id='word_1_761' title='bbox 2119 5071 2449 5152; x_wconf 60' lang='grc' dir='ltr'>στρατιῶται</span> <span class='ocrx_word' id='word_1_762' title='bbox 2474 5071 2761 5152; x_wconf 76' lang='grc' dir='ltr'>δορυφόροι</span> <span class='ocrx_word' id='word_1_763' title='bbox 2779 5073 3025 5152; x_wconf 39' lang='grc' dir='ltr'>’δίδονται</span> <span class='ocrx_word' id='word_1_764' title='bbox 3043 5079 3164 5152; x_wconf 37' lang='grc' dir='ltr'><strong><em>τοὶξς-</em></strong></span> <span class='ocrx_word' id='word_1_765' title='bbox 3187 5079 3317 5152; x_wconf 83' lang='grc' dir='ltr'><strong><em>περὶ</em></strong></span> <span class='ocrx_word' id='word_1_766' title='bbox 3346 5080 3420 5132; x_wconf 77' lang='grc' dir='ltr'><strong><em>Εὐ</em></strong></span> <span class='ocrx_word' id='word_1_767' title='bbox 3429 5071 3627 5136; x_wconf 80' lang='grc' dir='ltr'>σέϐιον.</span> 
     </span>
    </p>
   </div>
   <div class='ocr_carea' id='block_1_119' title="bbox 2189 5092 3702 5214">
    <p class='ocr_par' dir='ltr' id='par_1_119' title="bbox 2189 5092 3702 5214">
     <span class='ocr_line' id='line_1_122' title="bbox 2190 5092 3627 5152; baseline 0.009 -29"><span class='ocrx_word' id='word_1_768' title='bbox 2190 5092 2448 5141; x_wconf 85' lang='grc' dir='ltr'>ρατιωται</span> <span class='ocrx_word' id='word_1_769' title='bbox 2474 5092 2673 5145; x_wconf 77' lang='grc' dir='ltr'>οορυφο</span> <span class='ocrx_word' id='word_1_770' title='bbox 2711 5092 2761 5126; x_wconf 89' lang='grc' dir='ltr'><strong><em>οι</em></strong></span> <span class='ocrx_word' id='word_1_771' title='bbox 2792 5092 3025 5129; x_wconf 87' lang='grc' dir='ltr'>οιοονται</span> <span class='ocrx_word' id='word_1_772' title='bbox 3043 5092 3155 5140; x_wconf 86' lang='grc' dir='ltr'>τοις</span> <span class='ocrx_word' id='word_1_773' title='bbox 3187 5092 3317 5152; x_wconf 84' lang='grc' dir='ltr'>περι</span> <span class='ocrx_word' id='word_1_774' title='bbox 3346 5092 3627 5136; x_wconf 61' lang='grc' dir='ltr'>δυσεδιον.</span> 
     </span>
     <span class='ocr_line' id='line_1_123' title="bbox 2189 5092 3702 5214; baseline 0.009 -20"><span class='ocrx_word' id='word_1_775' title='bbox 2189 5140 2302 5214; x_wconf 70' lang='lat' dir='ltr'><strong><em>(ll)</em></strong></span> <span class='ocrx_word' id='word_1_776' title='bbox 2337 5142 2543 5209; x_wconf 77' lang='grc' dir='ltr'>Δεξιὸς</span> <span class='ocrx_word' id='word_1_777' title='bbox 2564 5092 2744 5213; x_wconf 52' lang='lat' dir='ltr'><strong><em>Cir-15).</em></strong></span> <span class='ocrx_word' id='word_1_778' title='bbox 2778 5144 3060 5201; x_wconf 83' lang='lat' dir='ltr'><strong><em>Marianus</em></strong></span> <span class='ocrx_word' id='word_1_779' title='bbox 3111 5147 3201 5202; x_wconf 91' lang='lat' dir='ltr'><strong><em>hic</em></strong></span> <span class='ocrx_word' id='word_1_780' title='bbox 3249 5159 3369 5203; x_wconf 85' lang='lat' dir='ltr'><strong><em>erat</em></strong></span> <span class='ocrx_word' id='word_1_781' title='bbox 3426 5152 3702 5207; x_wconf 86' lang='lat' dir='ltr'><strong><em>Tribunus</em></strong></span> 
     </span>
    </p>
   </div>
   <div class='ocr_carea' id='block_1_120' title="bbox 2118 5212 3701 5291">
    <p class='ocr_par' dir='ltr' id='par_1_120' title="bbox 2118 5212 3701 5291">
     <span class='ocr_line' id='line_1_124' title="bbox 2118 5212 3701 5291; baseline 0.008 -26"><span class='ocrx_word' id='word_1_782' title='bbox 2118 5218 2175 5266; x_wconf 90' lang='lat' dir='ltr'><strong><em>et</em></strong></span> <span class='ocrx_word' id='word_1_783' title='bbox 2203 5212 2483 5291; x_wconf 64' lang='lat' dir='ltr'><strong><em>Notarius,</em></strong></span> <span class='ocrx_word' id='word_1_784' title='bbox 2522 5222 2582 5268; x_wconf 92' lang='lat' dir='ltr'><strong><em>ut</em></strong></span> <span class='ocrx_word' id='word_1_785' title='bbox 2608 5217 2808 5291; x_wconf 67' lang='lat' dir='ltr'><strong><em>dicitur</em></strong></span> <span class='ocrx_word' id='word_1_786' title='bbox 2856 5216 2910 5291; x_wconf 84' lang='lat' dir='ltr'><strong><em>in</em></strong></span> <span class='ocrx_word' id='word_1_787' title='bbox 2943 5217 3098 5291; x_wconf 88' lang='lat' dir='ltr'><strong><em>titulo</em></strong></span> <span class='ocrx_word' id='word_1_788' title='bbox 3149 5215 3312 5287; x_wconf 88' lang='lat' dir='ltr'><strong><em>hujus</em></strong></span> <span class='ocrx_word' id='word_1_789' title='bbox 3364 5223 3582 5291; x_wconf 88' lang='lat' dir='ltr'><strong><em>capitis,</em></strong></span> <span class='ocrx_word' id='word_1_790' title='bbox 3644 5233 3701 5278; x_wconf 80' lang='lat' dir='ltr'><strong><em>et</em></strong></span> 
     </span>
    </p>
   </div>
   <div class='ocr_carea' id='block_1_121' title="bbox 2118 5282 3703 5361">
    <p class='ocr_par' dir='ltr' id='par_1_121' title="bbox 2118 5282 3703 5361">
     <span class='ocr_line' id='line_1_125' title="bbox 2118 5282 3703 5361; baseline 0.006 -26"><span class='ocrx_word' id='word_1_791' title='bbox 2118 5282 2259 5361; x_wconf 67' lang='lat' dir='ltr'><strong><em>apud</em></strong></span> <span class='ocrx_word' id='word_1_792' title='bbox 2296 5284 2684 5361; x_wconf 80' lang='lat' dir='ltr'><strong><em>Sozomenum.</em></strong></span> <span class='ocrx_word' id='word_1_793' title='bbox 2734 5284 2993 5361; x_wconf 77' lang='lat' dir='ltr'><strong><em>Eamdem</em></strong></span> <span class='ocrx_word' id='word_1_794' title='bbox 3034 5282 3541 5361; x_wconf 77' lang='lat' dir='ltr'><strong><em>dignitatemgéssit</em></strong></span> <span class='ocrx_word' id='word_1_795' title='bbox 3566 5282 3703 5348; x_wconf 50' lang='lat' dir='ltr'><strong><em>&#39;sub</em></strong></span> 
     </span>
    </p>
   </div>
   <div class='ocr_carea' id='block_1_122' title="bbox 2117 5353 3703 5435">
    <p class='ocr_par' dir='ltr' id='par_1_122' title="bbox 2117 5353 3703 5435">
     <span class='ocr_line' id='line_1_126' title="bbox 2117 5353 3703 5435; baseline 0.007 -28"><span class='ocrx_word' id='word_1_796' title='bbox 2117 5353 2471 5435; x_wconf 64' lang='lat' dir='ltr'><strong><em>Constantio,</em></strong></span> <span class='ocrx_word' id='word_1_797' title='bbox 2503 5364 2564 5435; x_wconf 80' lang='lat' dir='ltr'><strong><em>ut</em></strong></span> <span class='ocrx_word' id='word_1_798' title='bbox 2597 5363 2829 5435; x_wconf 78' lang='lat' dir='ltr'><strong><em>tes_ta_tur</em></strong></span> <span class='ocrx_word' id='word_1_799' title='bbox 2857 5353 3196 5435; x_wconf 64' lang='lat' dir='ltr'><strong><em>Athanasius</em></strong></span> <span class='ocrx_word' id='word_1_800' title='bbox 3252 5358 3307 5414; x_wconf 90' lang='lat' dir='ltr'><strong><em>in</em></strong></span> <span class='ocrx_word' id='word_1_801' title='bbox 3353 5353 3497 5416; x_wconf 66' lang='lat' dir='ltr'><strong><em>li&#39;bro</em></strong></span> <span class='ocrx_word' id='word_1_802' title='bbox 3513 5363 3587 5417; x_wconf 90' lang='lat' dir='ltr'><strong><em>De</em></strong></span> <span class='ocrx_word' id='word_1_803' title='bbox 3613 5379 3703 5435; x_wconf 86' lang='lat' dir='ltr'><strong><em>sy-</em></strong></span> 
     </span>
    </p>
   </div>
   <div class='ocr_carea' id='block_1_123' title="bbox 2115 5424 2939 5480">
    <p class='ocr_par' dir='ltr' id='par_1_123' title="bbox 2115 5424 2939 5480">
     <span class='ocr_line' id='line_1_127' title="bbox 2115 5424 2939 5480; baseline 0.005 -4"><span class='ocrx_word' id='word_1_804' title='bbox 2115 5424 2278 5478; x_wconf 86' lang='lat' dir='ltr'><strong><em>nodis</em></strong></span> <span class='ocrx_word' id='word_1_805' title='bbox 2303 5425 2534 5480; x_wconf 88' lang='lat' dir='ltr'><strong><em>Arimini</em></strong></span> <span class='ocrx_word' id='word_1_806' title='bbox 2562 5435 2620 5480; x_wconf 90' lang='lat' dir='ltr'><strong><em>et</em></strong></span> <span class='ocrx_word' id='word_1_807' title='bbox 2657 5426 2939 5480; x_wconf 63' lang='lat' dir='ltr'><strong><em>Seleucus.</em></strong></span> 
     </span>
    </p>
   </div>
   <div class='ocr_carea' id='block_1_124' title="bbox 2190 5493 3704 5566">
    <p class='ocr_par' dir='ltr' id='par_1_124' title="bbox 2190 5493 3704 5566">
     <span class='ocr_line' id='line_1_128' title="bbox 2190 5493 3704 5566; baseline 0.007 -20"><span class='ocrx_word' id='word_1_808' title='bbox 2190 5493 2303 5566; x_wconf 73' lang='grc'>(12)</span> <span class='ocrx_word' id='word_1_809' title='bbox 2336 5494 2492 5566; x_wconf 72' lang='lat' dir='ltr'><strong><em>vulg.</em></strong></span> <span class='ocrx_word' id='word_1_810' title='bbox 2525 5496 2802 5563; x_wconf 75' lang='grc' dir='ltr'>πενήτων</span> <span class='ocrx_word' id='word_1_811' title='bbox 2834 5497 2885 5551; x_wconf 87' lang='grc' dir='ltr'>τ’</span> <span class='ocrx_word' id='word_1_812' title='bbox 2933 5497 3190 5566; x_wconf 82' lang='grc' dir='ltr'>ἀνδρῶν.</span> <span class='ocrx_word' id='word_1_813' title='bbox 3225 5498 3588 5556; x_wconf 87' lang='lat' dir='ltr'><strong><em>Scribendum</em></strong></span> <span class='ocrx_word' id='word_1_814' title='bbox 3618 5513 3704 5559; x_wconf 87' lang='lat' dir='ltr'><strong><em>est</em></strong></span> 
     </span>
    </p>
   </div>
   <div class='ocr_carea' id='block_1_125' title="bbox 2116 5564 3706 5640">
    <p class='ocr_par' dir='ltr' id='par_1_125' title="bbox 2116 5564 3706 5640">
     <span class='ocr_line' id='line_1_129' title="bbox 2116 5564 3706 5640; baseline 0.007 -23"><span class='ocrx_word' id='word_1_815' title='bbox 2116 5564 2371 5640; x_wconf 76' lang='grc' dir='ltr'>πενήτων</span> <span class='ocrx_word' id='word_1_816' title='bbox 2392 5564 2704 5640; x_wconf 28' lang='grc' dir='ltr'>δία-νδρῶντ-</span> <span class='ocrx_word' id='word_1_817' title='bbox 2724 5568 2863 5621; x_wconf 88' lang='lat' dir='ltr'><strong><em>Idem</em></strong></span> <span class='ocrx_word' id='word_1_818' title='bbox 2905 5564 3060 5640; x_wconf 77' lang='lat' dir='ltr'><strong><em>error</em></strong></span> <span class='ocrx_word' id='word_1_819' title='bbox 3092 5581 3177 5624; x_wconf 90' lang='lat' dir='ltr'><strong><em>est</em></strong></span> <span class='ocrx_word' id='word_1_820' title='bbox 3206 5571 3262 5640; x_wconf 77' lang='lat' dir='ltr'><strong><em>in</em></strong></span> <span class='ocrx_word' id='word_1_821' title='bbox 3282 5571 3565 5640; x_wconf 80' lang='lat' dir='ltr'><strong><em>superiori</em></strong></span> <span class='ocrx_word' id='word_1_822' title='bbox 3614 5589 3706 5628; x_wconf 86' lang='lat' dir='ltr'><strong><em>ea-</em></strong></span> 
     </span>
    </p>
   </div>
   <div class='ocr_carea' id='block_1_126' title="bbox 2116 5636 3710 5713">
    <p class='ocr_par' dir='ltr' id='par_1_126' title="bbox 2116 5636 3710 5713">
     <span class='ocr_line' id='line_1_130' title="bbox 2116 5636 3710 5713; baseline 0.009 -27"><span class='ocrx_word' id='word_1_823' title='bbox 2116 5637 2250 5713; x_wconf 77' lang='lat' dir='ltr'><strong><em>pite,</em></strong></span> <span class='ocrx_word' id='word_1_824' title='bbox 2285 5637 2372 5690; x_wconf 92' lang='lat' dir='ltr'><strong><em>ubi</em></strong></span> <span class='ocrx_word' id='word_1_825' title='bbox 2406 5636 2908 5713; x_wconf 52' lang='lat' dir='ltr'><strong><em>legitnrAl&#39;Tu-tjtog</em></strong></span> <span class='ocrx_word' id='word_1_826' title='bbox 2937 5639 2995 5692; x_wconf 83' lang='grc' dir='ltr'>δὲ</span> <span class='ocrx_word' id='word_1_827' title='bbox 3023 5639 3119 5713; x_wconf 73' lang='grc' dir='ltr'><strong><em>καὶ</em></strong></span> <span class='ocrx_word' id='word_1_828' title='bbox 3157 5636 3377 5713; x_wconf 62' lang='grc' dir='ltr'>Λιϐύη,</span> <span class='ocrx_word' id='word_1_829' title='bbox 3394 5655 3493 5710; x_wconf 90' lang='lat' dir='ltr'><strong><em>pro</em></strong></span> <span class='ocrx_word' id='word_1_830' title='bbox 3540 5644 3710 5713; x_wconf 75' lang='grc' dir='ltr'>Αἴγυ-</span> 
     </span>
    </p>
   </div>
   <div class='ocr_carea' id='block_1_127' title="bbox 2115 5705 3709 5777">
    <p class='ocr_par' dir='ltr' id='par_1_127' title="bbox 2115 5705 3709 5777">
     <span class='ocr_line' id='line_1_131' title="bbox 2115 5705 3709 5777; baseline 0.01 -21"><span class='ocrx_word' id='word_1_831' title='bbox 2115 5705 2249 5769; x_wconf 83' lang='grc' dir='ltr'>πτός</span> <span class='ocrx_word' id='word_1_832' title='bbox 2277 5722 2360 5773; x_wconf 85' lang='grc' dir='ltr'><strong><em>τε,</em></strong></span> <span class='ocrx_word' id='word_1_833' title='bbox 2391 5705 2661 5777; x_wconf 87' lang='lat' dir='ltr'><strong><em>quomodo</em></strong></span> <span class='ocrx_word' id='word_1_834' title='bbox 2683 5710 2737 5763; x_wconf 91' lang='lat' dir='ltr'><strong><em>iu</em></strong></span> <span class='ocrx_word' id='word_1_835' title='bbox 2780 5708 2922 5765; x_wconf 85' lang='lat' dir='ltr'><strong><em>Fuk.</em></strong></span> <span class='ocrx_word' id='word_1_836' title='bbox 2953 5710 3141 5765; x_wconf 88' lang='lat' dir='ltr'><strong><em>codice</em></strong></span> <span class='ocrx_word' id='word_1_837' title='bbox 3180 5705 3445 5765; x_wconf 79' lang='lat' dir='ltr'><strong><em>scribitur</em></strong></span> <span class='ocrx_word' id='word_1_838' title='bbox 3498 5705 3709 5773; x_wconf 76' lang='lat' dir='ltr'><strong><em>utrobi-</em></strong></span> 
     </span>
    </p>
   </div>
   <div class='ocr_carea' id='block_1_128' title="bbox 2116 5790 2244 5845">
    <p class='ocr_par' dir='ltr' id='par_1_128' title="bbox 2116 5790 2244 5845">
     <span class='ocr_line' id='line_1_132' title="bbox 2116 5790 2244 5845; baseline 0.008 -16"><span class='ocrx_word' id='word_1_839' title='bbox 2116 5790 2244 5845; x_wconf 91' lang='lat' dir='ltr'><strong><em>que.</em></strong></span> 
     </span>
    </p>
   </div>
   <div class='ocr_carea' id='block_1_129' title="bbox 3311 5944 3391 6004">
    <p class='ocr_par' dir='ltr' id='par_1_129' title="bbox 3311 5944 3391 6004">
     <span class='ocr_line' id='line_1_133' title="bbox 3311 5944 3391 6004; baseline 0 0"><span class='ocrx_word' id='word_1_840' title='bbox 3311 5944 3391 6004; x_wconf 82' lang='lat'><strong><em>83</em></strong></span> 
     </span>
    </p>
   </div>
  </div>
