4186 6424
411 423 544 481 1197

915 532 1311 587 ΚΕΦΑΛΜυΝ
1343 532 1493 599 atq".

411 657 532 710 Ὅτι
558 636 653 709 καί
677 651 791 736 τῂν
815 652 1113 719 ἕκφρασιν
1159 649 1266 704 τοῦ
1297 649 1639 736 μαραίνρίουκ
1667 646 1773 701 τοῦ
1800 645 1989 736 Story}:

471 743 602 795 ρος.
637 717 1360 795 καϊτριιὶκήονταετηριχῦν
1402 717 1573 772 εἶπεν
1607 718 1863 785 ὕστερον
1894 717 1985 768 ἐπ’

478 793 667 850 αὐτοῦ
684 793 1030 847 Κωνσταντί
1036 810 1164 847 νου.

481 922 606 990 Οἷος
632 925 676 978 δ’
710 926 738 977 ό
770 922 862 976 τοῦ
896 923 1148 994 Σωτῆρος
1190 922 1347 987 νεὼς,
1380 916 1490 975 οἷον
1517 921 1577 974 τὸ
1604 921 1873 991 σωτήριον
1903 918 1991 973 ἄν·

410 1035 557 1091 τρον,
586 1012 695 1070 οἷαί
716 1034 773 1069 τε
799 1016 853 1068 αἱ
891 1014 1153 1085 βασιλέως
1182 1012 1507 1082 φιλοκαλίαι,
1541 1010 1905 1081 ἀναθημάτων
1930 1026 1989 1061 τε

411 1110 588 1182 πλήθη
619 1108 728 1177 (18)
760 1109 816 1160 ἐν
837 1107 1023 1178 χρυσῷ
1041 1124 1099 1159 τε
1129 1107 1219 1159 καὶ
1244 1106 1469 1177 ἀργύρῳ
1488 1106 1579 1157 καὶ
1599 1103 1769 1165 λίθοις
1788 1102 1990 1172 τιμίοις

413 1200 815 1270 πεποιημένων,
854 1197 993 1251 κατά
1022 1196 1248 1266 δύναμιν
1283 1199 1339 1249 ἐν
1364 1194 1551 1263 οἰκείῳ
1600 1193 1990 1263 συγγράμματι

414 1290 769 1362 παραδόντες,
807 1288 955 1358 αὐτῷ
996 1286 1201 1357 βασιλεί
1235 1285 1768 1357 προσεφωνήσαμεν·
1819 1283 1878 1335 ὃν
1924 1281 1988 1353 δὴ

414 1383 569 1451 λόγον
599 1383 739 1436 κατά
778 1382 985 1453 καιρὸν,
1024 1381 1160 1450 μετά
1183 1380 1281 1450 τὴν
1313 1377 1592 1449 παροῦσαν
1628 1377 1728 1445 τῆς
1772 1377 1988 1447 γραφῆς

414 1476 667 1530 ὑπόθεσιν
698 1475 809 1545 (19)
845 1472 1208 1543 ἐκθησόμεθα,
1237 1470 1373 1541 ὁμοῦ
1408 1471 1501 1523 καὶ⁷
1528 1469 1619 1521 τὸν
1641 1484 1993 1539 τριακονταε-

413 1569 636 1640 τηρικὺν
662 1566 809 1637 αὐτῷ
842 1566 1250 1635 σνζευγνύντες,
1296 1564 1354 1616 ὃν
1404 1562 1597 1634 μικρὸν
1642 1562 1866 1631 ὕστερον
1900 1561 1992 1612 ἐπὶ

412 1660 512 1729 τῆς
544 1658 804 1729 βασιλέως
832 1657 1121 1727 ἐπωνύμου
1151 1656 1357 1718 πόλεως
1398 1655 1495 1725 τὴν
1530 1652 1752 1722 πορείαν
1784 1650 1992 1703 στειλὰ-

420 1767 589 1821 μενοι,
633 1752 711 1815 εἰς
745 1752 976 1821 ἐπήκοον
1002 1748 1165 1801 αὑτοῦ
1198 1747 1458 1817 βασιλέως
1484 1744 1800 1816 δ.ήλθομεν,
1835 1741 1993 1794 τοῦτο

418 1842 662 1912 δεύτερον
685 1844 741 1895 ἐν
770 1842 951 1905 αὐτοῖς
968 1841 1253 1911 βασιλείοις
1282 1840 1393 1908 (20)
1420 1837 1512 1892 τὸν
1544 1836 1637 1889 ἐπὶ
1667 1836 1882 1889 πάντων
1907 1833 1994 1903 βα-

419 1934 568 1987 σιλέα
611 1934 742 1987 Θεὸν
772 1933 1118 1998 δοξάσαντες·
1166 1926 1227 1985 οὗ
1271 1932 1336 2003 δὴ
1373 1927 1823 2001 κατακροῶμενος
1863 1925 1892 1976 ὁ
1922 1923 1998 1994 τῷ

415 2027 534 2098 Θεῷ
556 2028 727 2097 φίλος,
752 2026 1070 2096 γαννυμένῳ
1102 2024 1283 2095 ἐῴκει.
1310 2021 1480 2077 Τοῦτο
1510 2020 1553 2073 δ’
1586 2016 1680 2073 οὖν
1709 2018 1840 2071 αὐτὸ
1863 2015 1999 2086 μετά

416 2122 515 2193 τὴν
572 2121 837 2194 ἀκρόασιν
882 2119 1130 2189 ἐξέφηνε,
1186 2114 1572 2187 ωμποσιὰζων
1633 2111 1730 2182 μὲν
1764 2108 1999 2182 παροῦσι

415 2218 528 2277 τοῖς
549 2214 890 2278 ἐπισκόποις,
926 2212 1153 2283 παντοία
1185 2211 1231 2264 τ’
1265 2210 1460 2272 αὐτοὺς
1484 2208 1616 2278 τιμῇ
1649 2204 2000 2275 φιλοφρονού-

421 2323 602 2377 μενος.

932 2497 1325 2553 ΚΕΦΑΛΑΙΟΝ
1356 2494 1489 2552 ΜΖ’.

423 2630 545 2684 Ὅτι
598 2631 635 2699 ἡ
659 2629 775 2699 μὲν
814 2627 1124 2699 ἐνᾲΝικαίᾳ
1147 2627 1410 2694 σύνοδος
1439 2627 1515 2697 τῇ
1541 2630 1996 2699 είκοσαετηρίδι,

490 2703 564 2755 τὰ
586 2697 855 2767 ἐνκαίνια
881 2697 951 2750 δὲ
969 2698 1038 2751 ἐν
1071 2700 1500 2767 Ἰεροσολύμοις
1531 2698 1606 2768 τῇ
1628 2697 2000 2768 τριακονταε-

492 2770 685 2839 τηρίδι
717 2769 1173 2823 Κωνσταντίνου
1207 2768 1431 2838 γέγονε.

492 2928 709 3003 Ἰξαύτην
738 2929 998 3000 μεγίστην
1023 2923 1097 2982 ὧν
1126 2928 1304 2999 ἴσμεν,
1337 2928 1552 2984 σύνοδον
1582 2928 1839 3000 δευτέραν
1872 2947 1990 2984 συν-

420 3022 632 3095 εκρότει
681 3020 932 3092 βασιλεὺς
974 3023 1030 3074 ὲν
1060 3022 1241 3085 αὐτοῖς
1285 3020 1696 3092 Ἰεροσολύμοις,
1728 3021 1866 3092 μετά
1902 3021 2000 3092 τὴν

422 3113 645 3186 πρώτην
696 3114 930 3183 ἐκείνην,
966 3114 1031 3183 ἣν
1063 3113 1155 3165 ἐπὶ
1185 3113 1282 3183 τῆς
1313 3112 1553 3165 Βιθυνῶν
1586 3111 1856 3182 διαφανῶς
1887 3111 1998 3182 (21)

1500 410 1589 469 DE
1631 410 1790 469 VITA
1826 408 2291 469 CONSTANTINI
2330 408 2458 465 LIB.
2503 407 2593 462 IV.

3522 406 3658 462 “98

2650 527 2877 586 CAPUT
2922 524 3105 581 XLVI.

2095 640 2246 706 Quod
2316 644 2708 707 descriptionem
2808 643 3048 711 martyrii
3122 649 3168 693 et
3242 636 3534 705 orationem
3601 637 3664 711 de

2164 714 2563 795 tricennalibus,
2600 728 2776 765 coram
2808 713 2919 780 ipso
2950 709 3273 780 imperatore
3311 719 3493 776 postea
3527 709 3663 760 reci-

2164 794 2312 834 tat‘tl.

2163 914 2427 968 Caeterum
2458 912 2633 981 qualis
2670 912 2843 967 l‘orma
2868 912 3109 968 basilica:
3138 911 3450 967 Servatoris
3471 955 3486 978 ,
3526 926 3664 982 qua-

2097 1003 2163 1058 lis
2197 1017 2368 1058 sacrzn
2404 1002 2676 1071 spelunca:
2719 1002 2926 1071 species
2966 1002 3068 1066 sit,
3112 1013 3317 1071 quanta
3351 1002 3536 1069 operis
3578 1017 3666 1056 ve-

2095 1105 2285 1151 nustas
2316 1104 2370 1149 et
2395 1094 2700 1164 elegantia,
2736 1101 2866 1163 quot
2921 1093 3156 1157 denique
3196 1093 3418 1147 donaria
3465 1094 3666 1162 partim

2095 1204 2160 1243 cx
2194 1202 2329 1242 auro
2368 1195 2422 1241 et
2454 1196 2705 1255 argento,
2734 1185 2929 1254 partim
2966 1200 3032 1239 ex
3072 1185 3299 1255 gemmis
3342 1184 3661 1248 fabrefacta,

2095 1276 2355 1347 peculiari
2396 1290 2561 1345 opere
2590 1275 2868 1340 exsecuti,
2906 1274 3100 1329 librum
3156 1275 3300 1329 illum
3346 1275 3665 1345 imperatori

2097 1367 2545 1435 nuncupavimus.
2580 1365 2749 1432 Quem
2783 1364 2946 1435 55o
2974 1366 3192 1436 quidem
3236 1365 3430 1419 librum
3465 1380 3666 1437 oppor-

2099 1467 2226 1512 tune
2273 1458 2340 1510 ad
2373 1456 2579 1512 calcem
2634 1458 2791 1527 hujus
2834 1458 3014 1527 aperis
3053 1457 3255 1511 edituri
3309 1472 3531 1524 sumus,
3577 1459 3668 1512 ad-

2089 1549 2279 1618 juncta
2312 1550 2478 1605 etiam
2520 1548 2770 1603 oratione
2815 1547 2905 1602 illa
2946 1549 3014 1601 de
3055 1547 3457 1613 tricennalibus,
3503 1560 3665 1614 quam

2097 1643 2257 1713 paulo
2290 1651 2411 1712 post
2454 1640 2683 1711 profecti
2729 1639 3273 1710 Constantinopolim,
3322 1654 3503 1695 coram
3550 1641 3669 1709 ipso

2099 1737 2425 1804 imperatore
2475 1731 2864 1795 recitarimus,
2910 1732 3154 1786 secundo
3201 1738 3313 1784 tum
3363 1730 3418 1783 in
3468 1729 3670 1799 palatio

2099 1839 2372 1880 summum
2397 1824 2640 1879 omnium
2664 1824 2833 1878 Deum
2856 1839 2920 1878 ac
2947 1823 3230 1878 Dominum
3259 1822 3508 1877 laudibus
3532 1835 3671 1890 pra:-

2033 1897 2071 1947 Β
2100 1917 2371 1970 dicantes.
2399 1913 2571 1982 Quam
2606 1928 2731 1970 cum
2789 1914 3009 1967 audiret
3051 1914 3159 1967 Deo
3201 1912 3452 1967 amabilis
3493 1911 3667 1980 impe-

2101 2017 2277 2070 rator,
2322 2007 2526 2075 gestire
2558 2021 2668 2075 pra:
2696 2005 2895 2075 gaudio
2930 2005 3233 2059 videbatur.
3273 2009 3452 2073 Atque
3477 2004 3527 2060 id
3554 2003 3673 2074 ipse

2101 2098 2254 2152 finita
2290 2096 2539 2152 oratione
2584 2096 2865 2152 confessus
2909 2105 3018 2160 est,
3082 2111 3203 2150 cum
3246 2098 3532 2167 episcopos
3574 2095 3673 2167 qui

2100 2188 2329 2241 aderant
2373 2186 2623 2240 convivio
2670 2186 2967 2255 exciperet,
3014 2186 3271 2256 omnique
3328 2199 3424 2242 eos
3471 2199 3674 2256 genere

2099 2276 2320 2332 honoris
2347 2274 2607 2331 alliceret.

2647 2494 2878 2552 CAPUT
2921 2493 3131 2552 XLVII.

2101 2628 2256 2697 Quod
2282 2628 2503 2683 Nicama
2533 2628 2741 2698 quidem
2779 2628 3010 2699 synodus
3031 2626 3388 2699 gicennalibus
3412 2625 3675 2682 Constan-

2173 2701 2291 2763 tini,
2323 2696 2585 2769 dedicatio
2618 2714 2737 2753 vero
2769 2696 2999 2753 basilica:
3022 2696 3522 2769 Hierosolymitame
3547 2712 3674 2751 con-

2170 2770 2289 2839 tigit
2326 2768 2723 2824 tricennalibus.

2174 2924 2323 2980 Hanc
2359 2926 2654 2980 secuudau.
2703 2927 2988 2989 synodum,
3019 2928 3263 2981 omnium
3293 2941 3430 2997 quas
3456 2926 3675 2997 quidem

2103 3016 2353 3070 novimus
2397 3016 2713 3081 maximam,
2756 3015 3053 3086 imperator
3103 3015 3495 3088 Hierosolymis
3544 3031 3678 3072 con-

2101 3108 2365 3178 gregavit,
2397 3115 2519 3176 post
2546 3107 2776 3178 primam
2813 3108 2958 3162 illam
2990 3122 3155 3177 quam
3202 3110 3257 3162 in
3308 3110 3440 3163 urbe
3487 3108 3679 3182 Bithy-

422 3204 685 3275 πεποίητο
709 3204 935 3267 πόλεως.
972 3204 1109 3257 Ἀλλ’
1150 3204 1183 3273 ἡ
1221 3204 1317 3272 μὲν
1351 3202 1615 3266 ὲπινίκιος
1646 3198 1735 3274 ἦν,
1773 3204 1830 3256 ὲν
1860 3204 1997 3256 είκο-

2109 3201 2212 3254 nia:
2244 3198 2578 3255 nobilissima
2621 3198 2938 3268 collegerat.
2968 3199 3076 3254 Sed
3102 3199 3193 3254 illa
3226 3201 3443 3270 quidem
3480 3203 3680 3257 trium-

425 3297 700 3367 σαετηρίδι
752 3297 849 3366 τῆς
907 3294 1201 3365 βασιλείας,
1252 3294 1351 3365 τὴν
1395 3297 1513 3347 κατ’
1542 3295 1751 3366 ἐχθρῶν
1789 3296 1881 3349 καὶ
1908 3312 2005 3348 πο-

421 3387 624 3458 λεμίων
647 3386 809 3457 εὐχὴν
841 3386 933 3438 ἐπὶ
958 3385 1057 3455 τῆς
1088 3384 1322 3447 Νικαίας
1348 3384 1457 3453 (‘22)
1483 3386 1652 3455 αὐτῆς
1676 3384 1967 3438 ἐκτελοῦσα
1986 3401 2001 3418 ο

423 3478 458 3548 ἡ
485 3478 540 3529 δὲ
570 3473 669 3546 τῆς
697 3475 885 3546 τρίτης
929 3474 1150 3537 δεκάδος
1202 3474 1300 3545 τὴν
1342 3473 1588 3548 περίοδον
1640 3474 1883 3545 ἐκόσμει,
1926 3474 2003 3547 τῷ

425 3569 641 3621 πάντων
680 3566 900 3635 ἀγαθῶν
933 3565 1120 3636 δοτῆρι
1144 3565 1284 3636 Θεῷ,
1321 3565 1463 3635 ἀμφὶ
1494 3566 1557 3618 τὸ
1588 3566 1777 3636 μνῆμα
1810 3565 1873 3619 τὸ
1899 3582 2005 3620 σω-

426 3662 635 3731 τήριον,
670 3659 895 3730 εἰρήνης
918 3658 1172 3729 ἀνάθημα
1192 3657 1253 3711 τὸ
1283 3657 1580 3731 μαρτύριον
1607 3651 1718 3732 (25)
1743 3658 2003 3729 βασιλέως

428 3748 797 3823 ἀφιεροῦντος.

428 4014 798 4083 agebaturque
829 4011 944 4067 haec
971 4011 1239 4068 festivitas
1266 4013 1571 4083 quotannis
1592 4027 1690 4082 per
1715 4014 2004 4071 continuos

429 4096 554 4138 octo
578 4084 717 4138 dies.
754 4083 830 4136 Ex
859 4084 944 4136 his
977 4082 1368 4153 corrigendum
1402 4097 1486 4138 est
1540 4082 1842 4140 Chrenicon
1874 4086 1998 4139 Ale-

429 4155 775 4224 xandrinum,
811 4156 862 4206 in
886 4169 993 4220 quo
1018 4169 1175 4209 error
1200 4164 1285 4209 est
1318 4164 1431 4210 tam
1481 4154 1540 4210 in
1594 4154 1684 4208 die
1731 4170 1895 4224 quam
1946 4158 2000 4211 in

431 4222 666 4293 consule
686 4238 796 4291 quo
831 4224 945 4276 lucc
967 4234 1117 4293 gesta
1147 4236 1293 4278 sunt.

503 4294 522 4363 (
528 4290 618 4364 18)
654 4290 1068 4365 amomum»
1086 4310 1151 4348 τε
1172 4295 1396 4362 πλήθη.
1421 4294 1571 4350 Inter
1597 4293 1803 4365 reliqua
1832 4294 2003 4350 dona-

429 4363 514 4416 ria
545 4363 665 4436 quae
692 4363 1085 4436 Constantinus
1120 4367 1268 4420 dedit
1305 4366 1544 4420 basilicae
1586 4363 2002 4436 Allierosolymi-

431 4443 597 4492 tante.
632 4432 736 4486 fuit
775 4432 917 4502 palla
949 4436 1305 4490 sacerdotalis
1355 4436 1538 4490 aureis
1575 4433 1682 4490 illis
1719 4432 1999 4499 contexta,

433 4518 539 4572 qua
568 4506 854 4572 episcopus
878 4505 928 4557 in
958 4504 1128 4561 sacris
1156 4506 1444 4560 missarum
1494 4504 1829 4560 solemnibus
1878 4514 1999 4559 ute-

2110 3287 2287 3354 phalis
2314 3298 2431 3342 erat
2451 3330 2465 3355 ,
2506 3288 2560 3343 in
2588 3288 2803 3358 imperii
2834 3287 3207 3344 vicennalibus
3236 3304 3429 3360 preces
3458 3305 3523 3346 ac
3551 3301 3679 3348 vota

2107 3394 2204 3447 pro
2246 3378 2484 3433 victoria
2535 3380 2605 3435 de
2662 3380 2913 3434 hostibus
2951 3388 3128 3449 parta,
3174 3380 3228 3434 in
3272 3382 3405 3434 urbe
3438 3382 3679 3440 victorian

2105 3472 2429 3544 cognomine
2458 3471 2809 3541 persolvens;
2857 3469 2969 3526 haec
3003 3485 3133 3527 vero
3177 3472 3557 3529 tricennalium
3591 3474 3672 3530 fe.

2105 3563 2400 3619 stivitatem
2449 3562 2706 3628 ornavit,
2757 3575 2880 3615 cum
2933 3560 3230 3632 imperator
3274 3562 3384 3617 Deo
3432 3566 3678 3620 omnium

2105 3654 2372 3710 bonorum
2419 3653 2656 3718 auctori,
2698 3651 3047 3722 martyrium,
3080 3651 3228 3706 velut
3258 3653 3532 3722 quoddam
3575 3668 3675 3724 pa-

2105 3747 2186 3804 cis
2239 3747 2549 3813 donarium,
2606 3746 2661 3801 in
2724 3746 2840 3817 ipso
2884 3744 3195 3804 Servatoris
3251 3748 3425 3803 nostri
3484 3762 3679 3803 monu-

2106 3847 2289 3895 mento
2322 3839 2620 3894 dedicaret.

2175 4016 2286 4086 (ἳὲ)
2303 4014 2462 4085 Vulg.
2476 4013 2788 4086 εὐχὴντῆς
2811 4015 3077 4082 Νικαίας.
3097 4016 3412 4086 Amplector
3424 4022 3681 4078 emenda-

2106 4085 2306 4143 tionem
2329 4085 2610 4142 doctorum
2630 4087 2891 4146 virorum,
2911 4102 3072 4155 quam
3089 4087 3140 4139 iu
3158 4085 3338 4141 Μοντιξί
3358 4090 3519 4144 etiam
3542 4091 3680 4148 libro

2102 4159 2393 4225 ascriptam
2423 4156 2602 4212 inveni
2631 4156 2837 4227 εεὺχὴν
2866 4157 2959 4210 ἐπὶ
2990 4156 3091 4226 τῆς
3114 4156 3380 4227 Νικαίας.
3423 4159 3681 4215 Libenter

2106 4238 2284 4282 tamen
2328 4228 2487 4281 aliam
2519 4232 2735 4296 duoque.
2766 4242 2951 4280 vocem
3004 4226 3299 4296 addiderim
3329 4230 3432 4284 hoc
3472 4232 3675 4286 modo:

2103 4297 2265 4372 εὐχὴν
2288 4296 2599 4372 νικητήριον
2625 4295 2717 4350 ἐπὶ
2739 4295 2838 4365 τῆς
2860 4295 3093 4372 Νικαίας
3122 4337 3136 4359 ,
3169 4307 3275 4372 etc.
3303 4296 3680 4372 ζοντα-εὐχήν

2103 4366 2599 4438 υοὶὶίὶιιιςιιιι-ειιιιί
2639 4367 3099 4438 oporteyAlludit
3121 4366 3266 4438 enim
3302 4366 3677 4426 Eusebius'ad

2103 4453 2308 4494 morem
2335 4434 2723 4501 Romanorum,
2757 4437 2925 4504 quiin
2962 4434 3265 4503 lmjusmodi
3318 4438 3680 4495 solemnitati-

2105 4509 2206 4563 bus
2227 4516 2350 4563 vola
2378 4521 2475 4575 pro
2501 4506 2677 4577 salute
2703 4505 3056 4577 aefelicitate
3098 4504 3367 4577 principis
3391 4510 3671 4577 concipie-

432 4571 918 4650 ljatur,_ut_refert
972 4571 1334 4650 Tbgodoritus
1384 4575 1439 4629 in
1499 4574 1593 4631 lib.
1644 4590 1683 4629 tt
1746 4572 2001 4629 Historia:
2032 4579 2256 4650 Dbant,
2296 4571 2890 4650 utex_epistola__Plinii_
2921 4572 2990 4630 ad
3014 4571 3678 4650 TraianumliqueICSed

435 4641 844 4705 Ecclesiasticw,
877 4657 999 4711 cap.
1020 4645 1113 4698 23.

505 4712 617 4780 (l9)
644 4713 806 4766 Μετὰ
851 4711 968 4781 τὴν
1001 4713 1384 4781 παροῦσαν...
1434 4713 1748 4777 ὑπόθεσιν,
1794 4713 1848 4768 id
1896 4722 1998 4774 est,

432 4784 502 4835 ad
526 4782 724 4835 calcem
758 4782 915 4850 hujus
939 4785 1131 4851 operis.
1160 4784 1295 4838 Male
1320 4790 1589 4852 interpres
1618 4787 1814 4837 vertit:
1845 4781 1999 4852 Quod

432 4854 595 4906 etiam
626 4868 745 4906 cum
776 4853 1035 4905 uidebitur
1062 4862 1112 4907 et
1138 4855 1374 4908 absoluto
1407 4851 1563 4921 opere
1610 4855 1843 4910 edemus.
1892 4851 2000 4907 Ve-

434 4938 553 4976 rum
594 4923 1094 4994 interpretationem
1128 4937 1368 4978 nostram
1397 4926 1687 4979 confirmat
1729 4925 1842 4994 ipse
1898 4924 2004 4977 Eu-

433 4994 620 5047 sebius
642 4994 694 5045 in
736 4991 858 5058 cap.
889 4991 960 5045 5‘2
989 4991 1147 5060 hujus
1176 4995 1319 5048 libri.

503 5062 616 5133 (20)
647 5063 827 5116 Τοῦτο
846 5061 1140 5133 δεύτερον
1162 5064 1231 5117 ὲν
1268 5062 1473 5129 αὐτοῖς
1494 5063 1856 5129 βασιλείοις.
1882 5063 2000 5119 Jam

432 5133 575 5185 enim
598 5132 771 5187 antea
816 5132 1081 5186 Eusebius
1108 5135 1161 5186 in
1196 5134 1399 5202 palatio
1441 5136 1742 5190 orationem
1795 5134 2003 5189 habue-

434 5212 539 5274 rat.
581 5212 640 5255 ut
667 5203 782 5272 ipse
818 5210 1053 5256 testatur
1072 5217 1235 5273 supra
1270 5205 1448 5273 capite
1472 5204 1563 5269 '55,
1592 5204 1683 5259 ubi
1730 5204 1855 5259 vide
1879 5218 2003 5274 quas

434 5271 838 5328 adnotavimus.

504 5342 615 5466 (2ίέ
659 5342 788 5397 Ἐπὶ
814 5339 924 5422 ςῆς
952 5339 1223 5424 Βιθυνᾶης
1257 5341 1575 5426 διαφανῶς.
1604 5342 1820 5398 Mallem
1863 5344 2004 5425 scri-

508 5428 562 5466 re
619 5429 896 5466 ιαφανους.
918 5427 1081 5466 uuam
1115 5425 1439 5466 scripturam
1475 5430 1529 5466 ιιι
1553 5423 2004 5466 ιιιιειοτειιιιιοιιθ

433 5412 562 5469 bere
585 5412 896 5481 διαφανοῦς,
918 5427 1081 5482 quam
1115 5416 1439 5484 scripturam
1475 5416 1529 5468 in
1553 5415 2005 5481 interpretatione

435 5499 553 5538 mea
579 5498 697 5537 sum
731 5494 972 5553 secutus,
1005 5497 1103 5537 nec
1139 5484 1331 5539 dubito
1381 5484 1511 5552 quin
1569 5484 1835 5539 Eusebius
1886 5484 2003 5553 ipse

435 5555 506 5607 ita
538 5554 839 5618 scripserit.
873 5550 1039 5605 Porro
1080 5556 1130 5606 in
1166 5556 1270 5608 hoc
1305 5550 1424 5609 loco
1475 5556 1718 5622 quaedam
1754 5564 1838 5609 est
1887 5550 2005 5607 am-

438 5622 762 5693 phibologia.
792 5623 1027 5693 Possunt
1063 5625 1205 5678 enim
1242 5625 1402 5678 verba
1438 5625 1517 5679 sic
1547 5625 1789 5680 construi
1827 5640 1842 5677 :
1873 5622 2005 5676 ταύ-

436 5688 827 5767 ⁸ξςηνΑμεῨίςιυτην
864 5688 939 5748 ὧν
962 5688 1119 5766 ἴσμεν
1169 5693 1383 5750 σύνοδον
1437 5695 1575 5765 μετὰ
1629 5694 1731 5767 τὴν
1774 5692 2004 5767 πρώτην

437 5762 674 5886 irim.
706 5762 840 5832 etc),
874 5762 1034 5838 queui
1085 5780 1307 5824 sensum
1355 5762 1572 5823 secutus
1620 5762 1707 5821 est
1755 5762 2004 5821 Christo-

509 5846 758 5886 orsonus.

435 5841 758 5903 pnorsonus.

2103 4659 2158 4703 et
2186 4643 2249 4702 in
2272 4643 2519 4701 nummis
2540 4646 2816 4700 veteribus
2844 4643 3104 4715 ejusmodi
3147 4652 3274 4718 vota
3310 4643 3682 4718 itaf'expressa

2102 4719 2564 4788 legimuvao'rls
2616 4729 2711 4769 xx.
2753 4710 2953 4769 lueris
3012 4726 3143 4767 xxx.
3188 4710 3250 4788 In
3315 4716 3437 4771 aliis
3489 4710 3680 4774 autem

2105 4786 2341 4843 nummis
2375 4786 2446 4840 ita
2481 4787 2844 4839 habeturzstc
2877 4798 2933 4838 x.
2971 4797 3052 4837 εις
3078 4798 3173 4848 xx,
3200 4786 3252 4839 id
3292 4796 3402 4849 est,
3432 4788 3524 4844 Sic
3581 4790 3680 4843 de-

2104 4858 2380 4919 cennalia,
2415 4857 2493 4908 sic
2550 4854 2874 4907 vicennalia.
2937 4852 2994 4906 In
3041 4853 3233 4908 codice
3281 4854 3419 4912 Fuk.
3476 4857 3681 4914 diserte

2104 4927 2360 4982 scribitur
2374 4923 2540 4994 εὐχὴν
2562 4924 2655 4976 ἐπὶ
2679 4923 2778 4993 τῆς
2807 4921 3057 4986 Νικαίας.

2177 4995 2292 5068 (25)
2323 4996 2390 5050 Τὸ
2413 4992 2760 5068 μαρτύριον.
2789 4994 2845 5047 In
2883 4992 3109 5068 epistola
3140 4994 3521 5068 episcoporum
3551 5010 3681 5068 syug

2104 5062 2195 5124 odi'
2256 5062 2814 5134 Hierosolymitanaz.
2865 5063 2958 5132 qui
3015 5062 3170 5127 jussu
3225 5062 3681 5120 Constantini'ad

2105 5132 2677 5199 dedicationem‘hujus
2707 5133 2946 5204 basilica:
2981 5142 3375 5204 convenerunt,
3396 5149 3558 5204 quam
3595 5150 3681 5189 re-

2106 5208 2214 5262 fert
2233 5205 2561 5273 Athanasius
2584 5204 2637 5256 in
2675 5203 3031 5272 Apologetico,
3058 5218 3112 5273 p.
3160 5203 3289 5265 80l.
3315 5203 3547 5259 vocatur
3577 5219 3681 5258 σω-

2100 5277 2292 5348 τήριον
2330 5272 2648 5347 μαρτύριον.
2676 5273 2769 5327 Sic
2803 5276 2968 5341 etiam
2994 5272 3113 5327 eam
3137 5275 3376 5343 appellat
3404 5275 3679 5398 memig-

2108 5364 2227 5398 mus
2251 5348 2303 5398 in
2346 5346 2639 5398 Chaonico:
2693 5342 3030 5398 Sozomenas
3064 5344 3116 5396 in
3155 5345 3247 5398 lib.
3277 5362 3338 5398 ιι.
3402 5359 3524 5398 can.
3659 5360 3679 5398 :

2108 5342 2227 5400 mus
2251 5348 2303 5399 in
2331 5342 2639 5413 'Cliaonico;
2693 5342 3030 5413 Sozomenas
3064 5344 3116 5396 in
3155 5342 3247 5399 lib.
3277 5362 3338 5407 ιι,
3402 5359 3524 5413 cap.
3575 5342 3679 5409 ‘25;

2105 5417 2321 5471 Marcus
2348 5418 2399 5469 in
2440 5412 2562 5466 Vita
2609 5413 2895 5482 Porphyrii
2923 5410 3181 5468 Gazensis
3222 5410 3551 5483 episcopi,'et
3580 5414 3685 5468 Eu-

2106 5490 2323 5541 cherius
2352 5487 2406 5539 in
2438 5483 2618 5538 libello
2667 5484 2745 5538 De
2786 5485 2895 5537 situ
2954 5485 3101 5537 urbis
3154 5483 3675 5552 Hicrosolymitanc.

2107 5554 2243 5625 Vide
2265 5555 2545 5625 epistolam
2570 5564 2820 5625 nostrain
2842 5555 2908 5609 de
2930 5553 3207 5625 Anastasii,
3244 5554 3295 5607 in
3327 5567 3432 5625 qua
3483 5555 3683 5625 adver-

2106 5642 2200 5682 sus
2218 5622 2335 5680 Jac.
2367 5625 2686 5681 Gretserum
2710 5634 2766 5678 et
2790 5622 2913 5679 Jac.
2938 5624 3290 5679 Sirmondum
3325 5624 3441 5676 fuse
3485 5624 3682 5692 proha-

2105 5698 2310 5761 vimus,
2364 5708 2527 5750 uuam
2580 5696 2844 5750 duntaxat
2894 5693 3173 5749 basilicam
3230 5710 3262 5748 a
3322 5692 3684 5753 Constantine

2104 5776 2444 5826 exstructam
2464 5775 2620 5836 esse.
2643 5779 2766 5838 qua
2803 5763 3119 5835 Martyrium
3148 5773 3202 5818 et
3222 5762 3512 5821 Anastasis
3543 5766 3682 5821 dicta

2106 5846 2213 5892 est.
