4186 6418
373 388 507 444 1201

1483 387 1573 442 ne
1612 387 1776 444 VlTA
1814 370 2276 442 CONSTANTINI
2314 384 2442 443 LIB.
2486 384 2577 444 tv.

3503 380 3645 437 ιεθε

371 508 485 570 τοῖς
513 505 677 559 αὑτοῦ
722 506 1059 578 κληροδοτῶν
1089 507 1364 576 φιλτάτοις
1384 524 1397 537 ’
1432 504 1530 575 τὴν
1558 506 1654 575 μὲν
1692 501 1786 558 οὖν
1820 521 1953 557 παπ-

2071 505 2296 561 ditatem
2352 501 2851 560 necessitudinibus
2898 501 3012 557 suis
3043 499 3391 572 diSpertiens,
3427 498 3483 553 in
3531 509 3641 553 tres

373 596 530 669 πῴαν
568 598 719 670 λῆξιν
757 599 838 669 τῷ
880 599 1108 670 μείζονι,
1140 599 1239 670 τὴν
1278 599 1333 651 δέ
1368 598 1471 668 τῆς
1511 598 1652 668 ἑῴας
1684 597 1855 668 ἀρχὴν
1882 596 1959 668 τῷ

371 689 630 761 δευτέρῳ,
685 692 782 761 τὴν
824 690 881 744 δὲ
924 691 1129 746 τούτων
1173 692 1345 763 μέσην
1391 690 1471 760 τῷ
1518 692 1685 761 τρίτῳ
1723 690 1957 760 διένεμε.

372 782 592 852 Κλῆρον
616 782 661 835 δ’
692 782 895 851 ἀγαθὸν
925 784 1020 837 καὶ
1047 782 1228 854 ψυχῆς
1252 784 1517 853 σωτήριον
1541 785 1651 846 τοῖς
1677 783 1840 836 αὑτοῦ
1866 801 1962 836 πο-

376 872 675 943 ριζόμενος,
707 873 774 927 τὰ
802 873 1112 938 θεοσεϐείας
1140 876 1322 939 αὑτοῖς
1355 875 1484 927 ἐνίει
1510 876 1820 946 σπέρματα,
1847 875 1961 928 θεί-

372 980 454 1028 οις
482 966 579 1035 μὲν
613 967 871 1037 προάγων
910 966 1194 1038 μαθήμασι
1227 967 1363 1039 (28),
1398 967 1749 1030 διδασκάλους
1790 968 1835 1021 δ’
1864 970 1962 1035 ἐῳο·

375 1057 545 1121 ιστὰς,
572 1058 821 1130 εὐσεϐείᾳ
846 1060 1331 1131 δεδοκιμασμένους
1352 1060 1570 1132 ἄνδρας,
1592 1060 1684 1114 καὶ
1706 1059 1813 1113 τῶν
1839 1058 1965 1124 ἔξω·

372 1145 466 1201 θεν
486 1147 541 1199 δὲ
566 1148 739 1217 λόγων
780 1148 1101 1221 καθηγητὰς
1134 1152 1372 1224 ἑτέρους,
1414 1153 1652 1222 ἥκοντας
1682 1154 1762 1216 είς
1794 1152 1963 1224 ἄκρον

373 1238 709 1304 παιδεύσεως
728 1257 742 1270 ο
776 1240 925 1294 ἄλλοι
955 1241 1270 1313 πολεμικῶν
1300 1244 1484 1306 αὑτοῖς
1519 1241 1747 1314 ἐξῆρχον
1784 1242 1962 1313 μαθη-

375 1326 580 1397 μάτων,
630 1328 808 1402 ἓτεροι
860 1330 969 1384 τῶν
1010 1331 1304 1386 πολιτικῶν
1338 1331 1718 1403 ἐπιγνώμονας
1765 1331 1962 1394 αὑτοὺς

368 1420 666 1486 καθίστων,
707 1424 757 1475 οἱ
788 1423 1043 1495 δὲνόμων
1068 1424 1369 1496 ἐμπείρους
1413 1424 1751 1495 εἰργάζοντο.
1792 1423 1960 1476 Βασι-

370 1510 497 1583 λικὴ
525 1514 569 1567 δ’
612 1514 828 1587 ἑκάστῳ
855 1516 964 1570 τῶν
1011 1516 1217 1571 παίδων
1261 1517 1575 1588 κεκλήρωτο
1608 1516 1956 1588 παρασκευὴ,

370 1602 607 1671 ὁπλῖται,
645 1607 953 1680 δορυφόροι,
1012 1608 1495 1679 σωματοφύλακες,
1537 1610 1963 1680 στρατευμάτων

369 1710 431 1747 τε
453 1697 710 1767 τάγματα
747 1702 974 1753 παντοῖα
994 1718 1008 1730 ·
1054 1701 1259 1755 τούτων
1286 1702 1342 1755 δὲ
1372 1700 1767 1773 καθηγεμόνες,
1804 1701 1965 1770 λοχα-

368 1791 478 1859 γοὶ,
527 1792 844 1862 στρατηγοὶ,
889 1793 1193 1866 ταξίαρχοι,
1224 1788 1299 1848 ὧν
1341 1794 1437 1864 τῆς
1463 1795 1520 1846 ἐν
1555 1792 1813 1862 πολέμοις
1842 1795 1961 1846 ἐπι-

2069 597 2211 653 ﬁlios
2257 597 2465 655 divisit.
2522 596 2587 650 Et
2634 595 2835 649 avitam
2881 592 3099 663 quidem
3149 600 3352 647 sortem
3401 589 3642 644 maximo

2064 698 2226 753 natu;
2274 688 2433 742 alteri
2461 702 2593 741 vero
2624 684 2864 741 Orientis
2895 685 3203 753 imperium;
3235 682 3468 736 mediam
3499 681 3644 735 inter

2064 779 2163 833 bas
2198 780 2507 848 portionem
2549 777 2701 845 regni
2738 775 2899 830 tertio
2948 774 3059 828 ﬁlio
3096 773 3301 827 tribuit.
3355 770 3475 826 .lam
3512 786 3643 824 vero

2063 885 2187 924 cum
2218 870 2479 938 optimam
2510 869 2698 922 liberis
2733 866 2849 921 suis
2887 867 3288 927 ltazreditatem,
3325 873 3383 917 et
3416 862 3483 917 ad
3526 860 3646 917 ani-

2064 978 2164 1017 mat
2192 962 2423 1018 salutem
2461 960 2731 1030 imprimis
2774 958 2958 1014 utilem
2991 972 3184 1028 parare
3211 957 3392 1021 vellet,
3423 957 3644 1027 pietatis

2063 1053 2272 1109 semina
2322 1068 2510 1107 eorum
2556 1050 2831 1104 mentibus
2881 1049 3174 1118 inspersit,
3203 1047 3403 1118 partim
3444 1046 3643 1101 divinis

2064 1145 2414 1201 documentis
2463 1143 2582 1211 ipse
2619 1154 2713 1195 eos
2762 1140 3047 1204 imbuens,
3098 1138 3300 1207 partim
3354 1137 3645 1207 magistros

2062 1239 2147 1293 eis
2193 1251 2477 1307 apponens
2520 1242 2817 1303 compertae
2864 1230 3145 1301 religionis
3198 1230 3363 1285 viros.
3403 1227 3644 1283 Saecula-

2064 1325 2204 1380 rium
2266 1338 2483 1393 quoque
2557 1320 2969 1389 disciplinarum
3058 1318 3425 1388 peritissimos
3477 1317 3641 1389 552

2065 1419 2319 1474 doctores
2351 1417 2544 1471 iisdem
2591 1413 2859 1486 praefecit.
2908 1410 3014 1466 Alii
3048 1410 3259 1467 bellicae
3290 1412 3430 1466 artis
3466 1414 3645 1466 scien-

2065 1510 2176 1574 tia,
2223 1508 2316 1563 alii
2370 1507 2611 1563 civilium
2666 1522 2850 1563 rerum
2913 1505 3201 1576 praeceptis
3251 1517 3347 1560 eos
3381 1502 3645 1558 informa-

2062 1603 2229 1661 bant;
2266 1601 2358 1655 alii
2407 1601 2648 1671 denique
2678 1601 2821 1671 juris
2858 1600 3172 1668 prudentia.
3206 1596 3379 1651 Porro
3418 1595 3645 1664 singulis

2067 1692 2303 1747 tributus
2337 1699 2456 1745 erat
2488 1692 2680 1760 regalis
2712 1699 3013 1761 apparatus
3055 1708 3069 1741 τ
3100 1686 3325 1744 scutarii
3348 1726 3364 1750 ,
3417 1685 3640 1753 hastati,

2065 1791 2448 1853 protectores,
2490 1795 2543 1839 et
2577 1782 2818 1852 legiones
2861 1799 2925 1836 ac
2960 1783 3170 1838 numeri
3214 1782 3501 1847 militares,
3542 1795 3644 1835 eo-

370 1856 606 1947 στήμης,
645 1856 759 1949 τῆς-
788 1898 845 1934 τε
877 1856 1013 1953 πρδς
1048 1856 1243 1947 αὑτοὺς
1271 1856 1481 1947 εὐνοίας
1512 1885 1540 1937 6
1569 1856 1749 1955 πατῆρ
1775 1901 1953 1955 προει-

2064 1890 2291 1944 rumque
2326 1886 2570 1930 rectores
2611 1891 2624 1927 :
2659 1875 3051 1939 centuriones,
3090 1874 3293 1929 tribuni
3343 1888 3409 1929 ac
3451 1875 3643 1939 (luces,

365 1964 525 2039 λήφει
558 1970 658 2043 τὴν
693 1975 904 2044 πεῖραν.

882 2245 1281 2300 ΚΕΦΑΛΑΙΟΝ
1305 2246 1432 2301 ΝΒ’.

366 2332 557 2399 Ὅπως
584 2333 997 2403 ἀνδρωθέντας
1020 2337 1246 2404 αὐτοὺς
1258 2342 1346 2405 εις
1365 2339 1679 2396 εὐσέϐειαν
1710 2341 1953 2414 ἤγαγεν.

446 2492 701 2558 ’Δπαλοῖς
748 2494 846 2565 μὲν
874 2493 969 2550 οὖν
997 2496 1078 2551 ἔτι
1105 2498 1204 2569 τὴν
1241 2498 1457 2569 ἡλικίαν
1486 2504 1599 2565 τοῖς
1631 2502 1953 2574 Καίσαρσιν,

360 2586 677 2655 ἀναγκαίως
710 2589 758 2642 οἱ
786 2589 1232 2661 συμπράττοντες
1267 2592 1504 2662 συνῆσάν
1533 2611 1592 2647 τε
1628 2596 1723 2648 καὶ
1746 2595 1815 2649 τὰ
1843 2614 1959 2649 κοι-

361 2677 429 2733 νὰ
459 2677 710 2747 διῴκουν,
747 2682 827 2744 είς
865 2680 1064 2753 ἄνδρας
1093 2682 1149 2735 δὲ
1190 2681 1377 2737 λοιπὸν
1411 2684 1522 2751 (29)
1549 2686 1829 2758 προϊοῦσιν
1861 2687 1957 2741 αὑ-

359 2771 493 2834 τοῖς,
542 2772 701 2840 μόνος
746 2771 775 2823 6
824 2772 1007 2844 πατὴρ
1040 2775 1121 2837 εἰς
1163 2774 1512 2832 διδασκαλίαν
1547 2780 1802 2850 ἐπήρκει,
1835 2780 1957 2834 τοτὲ

363 2861 466 2932 μὲν
509 2863 806 2936 παρόντας,
839 2865 1167 2931 ἰδιαζούσαις
1211 2870 1514 2942 ὑποθήκαις
1566 2872 1812 2943 ζηλωτὰς
1860 2873 1958 2927 αὑ-

360 2955 488 3017 τοὺς
532 2955 855 3028 παρορμῶν,
893 2959 987 3012 καὶ
1040 2960 1285 3033 μιμητάς
1322 2962 1425 3032 τῆς
1457 2962 1621 3016 αὑτοῦ
1650 2962 1958 3029 θεοσεϐείας

358 3044 739 3100 ἀποτελεῖσθαι
773 3038 1040 3103 διδάσκων
1062 3068 1076 3081 ·
1108 3052 1231 3105 τοτὲ
1272 3052 1317 3107 δ’
1351 3054 1552 3108 ἀποῦσι
1593 3054 1662 3108 τὰ
1702 3055 1956 3126 βασιλικά

311 3158 321 3167 ·
359 3138 698 3208 προσφωνῶν
724 3139 862 3212 διῄει
906 3144 1344 3216 παραγγέλματα
1371 3145 1625 3219 γράφωνο
1667 3140 1741 3200 ὧν
1763 3148 1826 3200 τὸ
1860 3147 1953 3219 μέ»

357 3243 546 3297 γιστον
575 3224 643 3302 ῆν
684 3232 778 3284 καὶ⁹
810 3232 1141 3303 πρώτιστον,
1172 3234 1272 3306 τὴν
1311 3236 1392 3299 εἰς
1420 3236 1511 3289 τὸν
1541 3237 1757 3292 πάντων
1797 3238 1954 3309 βασι-

356 3317 453 3375 λέα
474 3320 609 3374 Θεὸν
638 3321 839 3389 γνῶσίν
873 3340 933 3375 τε
952 3325 1045 3376 καὶ
1076 3325 1381 3391 εὐσέϐειαν,
1427 3328 1535 3399 πρὸ
1565 3330 1767 3393 παντὸς
1800 3329 1966 3383 πλού-

355 3428 450 3466 του
483 3413 579 3465 καὶ
616 3413 723 3481 πρὸ
762 3414 932 3484 αὐτῆς
966 3414 1243 3484 βασιλείας
1287 3417 1572 3487 τιμᾶσθαι.
1615 3420 1753 3492 Ἤδη
1796 3421 1841 3474 δ’
1866 3422 1961 3475 αὑ-

356 3506 470 3567 τοῖς
495 3505 591 3557 καὶ
615 3503 710 3557 τοῦ
734 3504 801 3558 δι’
823 3504 1005 3559 αὑτῶν
1039 3507 1301 3577 πράττειν
1333 3509 1400 3562 τὰ
1424 3508 1672 3583 λυσιτελῆ
1707 3515 1820 3576 τοῖς
1839 3530 1955 3567 κοι-

358 3597 471 3659 νοῖς
516 3594 768 3661 ἐξουσίαν
808 3595 1008 3650 ἐδίδου·
1042 3599 1138 3652 καὶ
1166 3599 1265 3671 τὴν
1283 3600 1608 3671 Ἐκκλησίαν
1622 3602 1679 3657 δὲ
1698 3604 1793 3657 τοῦ
1818 3605 1953 3659 Θεοῦ

358 3688 448 3742 διὰ
490 3689 771 3760 φροντίδος
801 3690 977 3759 ἄγειν,
1013 3694 1072 3748 ἐν
1099 3692 1336 3765 πρώτοις
1374 3695 1628 3767 παρῄνει,
1676 3698 1862 3763 αὑτοῖς
1892 3716 1953 3753 τε

354 3769 657 3854 διαρρήδην
685 3782 730 3834 Χ
739 3785 1035 3854 ριστιανοῖς
1058 3779 1198 3838 εἶναι
1226 3785 1641 3858 παρεκελεύετο.
1672 3789 1780 3842 Καὶ
1799 3792 1828 3843 6
1855 3791 1953 3861 μὲν

357 3872 501 3927 οὑτω
528 3875 655 3938 τοὺς
683 3876 817 3939 υἱεῖς
846 3875 1091 3946 προῆγεν
1114 3894 1127 3907 ·
1155 3879 1206 3930 οἱ
1232 3877 1290 3932 δὲ
1317 3881 1415 3949 οὑχ
1448 3879 1524 3943 ὡς
1555 3881 1620 3933 ἐκ
1647 3882 1957 3953 παραγγέλ-

358 3983 545 4038 ματος,
576 3968 1332 4042 αὑτογνώμονιδὲπροθυμίᾳ,
1348 3972 1447 4035 τὰς
1465 3972 1559 4025 τοῦ
1584 3976 1790 4046 πατρὸς
1815 3994 1954 4045 παρ-

354 4059 589 4122 αινέσεις
645 4058 1046 4131 ὑπερέϐαλλον,
1102 4065 1171 4132 τῇ
1217 4062 1353 4134 πρὸς
1386 4063 1477 4117 τὸν
1518 4065 1650 4119 Θεὸν
1687 4067 1810 4138 ὁσία
1851 4068 1953 4138 τήν

358 4166 508 4221 σφων
539 4150 779 4206 διάνοιαν
821 4154 1369 4222 συντείνοντες,ετούς
1399 4174 1459 4210 τε
1490 4158 1591 4229 τῆς
1624 4158 1953 4230 Ἐκκλησίας

356 4242 591 4315 θεσμοὺς
628 4246 686 4298 ἐν
714 4246 899 4310 αὑτοῖς
938 4245 1251 4317 βασιλείοις,
1290 4250 1387 4302 σὺν
1410 4252 1524 4313 τοῖς
1552 4249 1774 4314 οἰκείοις
1808 4250 1953 4305 ᾶπα-

2060 1967 2095 2020 ii
2144 1982 2280 2036 quos
2321 1978 2480 2036 pater
2534 1968 2585 2020 in
2639 1967 2803 2022 rebus
2856 1966 3069 2021 bellicis
3119 1966 3641 2030 exercitatissimos,

2059 2066 2115 2109 et
2157 2056 2428 2125 praecipua
2458 2070 2587 2125 erga
2622 2055 2763 2110 ﬁlios
2797 2056 2902 2110 title
2930 2070 2997 2110 ac
3025 2055 3410 2111 benevolentia
3445 2056 3646 2126 praedi-

2064 2158 2151 2202 tos
2185 2161 2306 2202 esse
2339 2158 2692 2218 cognoverat.

2653 2237 2884 2295 CAPUT
2931 2237 3045 2294 ιιι.

2105 2332 2382 2398 Quomodo
2421 2347 2509 2387 eos
2548 2330 2759 2454 virilen‘t!
2784 2341 2996 2385 (etatem
3031 2332 3314 2402 ingressos,
3351 2340 3596 2401 pietatem

2764 2416 2983 2454 ocueru.

2764 2416 2983 2455 οευενη.

2133 2494 2304 2551 Porro
2331 2497 2459 2551 dum
2496 2496 2715 2552 inﬁrma
2745 2494 2928 2552 adhuc
2956 2505 3118 2552 aetate
3152 2496 3397 2552 Caesares
3431 2506 3643 2564 essent,

2062 2588 2305 2643 ministri
2360 2599 2416 2643 et
2466 2588 2766 2644 consiliarii
2823 2587 2891 2641 iis
2948 2588 3194 2657 adjuncti
3251 2588 3643 2659 rempublicam

2060 2681 2458 2750 gubernabant.
2508 2682 2711 2738 Verum
2753 2682 2844 2737 ubi
2883 2682 2950 2737 ad
3002 2681 3212 2737 virilem
3252 2690 3471 2741 atatem
3520 2697 3646 2752 per-

2062 2774 2365 2839 venissent,
2414 2773 2584 2829 solius
2629 2775 2806 2845 patris
2847 2774 3228 2845 magisterium
3280 2774 3361 2830 eis
3408 2772 3641 2829 suffecit.

2061 2866 2164 2932 Qui
2216 2880 2363 2921 nunc
2422 2875 2723 2937 praesentes
2778 2865 3010 2936 privatis
3073 2864 3536 2921 admonitionibus
3576 2867 3642 2918 ad

2060 2957 2474 3012 aemulationem
2513 2958 2598 3014 sui
2653 2959 3021 3027 provocabat,
3068 2957 3383 3028 exentplum
3422 2957 3646 3028 pietatis

2062 3065 2173 3105 suae
2216 3051 2284 3106 ad
2329 3050 2655 3105 imitandum
2698 3050 2832 3120 ipsis
2866 3065 3210 3119 proponens:
3261 3065 3406 3104 nunc
3444 3048 3645 3103 absen-

2063 3142 2209 3197 tibus
2256 3141 2615 3211 imperatoria
2663 3148 2934 3211 praerepta
2986 3155 3084 3209 per
3125 3140 3336 3193 litteras
3383 3154 3641 3209 suggere-

2058 3233 2173 3288 bat.
2221 3232 2462 3301 Quorum
2512 3233 2751 3303 primum
2782 3231 2917 3287 illud
2960 3241 3016 3286 et
3051 3232 3352 3285 maximum
3402 3240 3548 3294 erat,
3584 3242 3647 3284 ut

2061 3326 2151 3381 Dei
2205 3326 2404 3381 summi
2468 3325 2713 3381 omnium
2773 3325 2915 3393 regis
2979 3324 3229 3378 notitiam
3286 3321 3640 3393 cultumque,

2057 3417 2266 3472 divitiis
2306 3418 2565 3472 omnibus
2617 3415 2832 3486 ipsique
2891 3415 3057 3470 etiam
3112 3414 3340 3484 imperio
3396 3412 3643 3470 antefer-

2058 3518 2200 3564 rent.
2245 3507 2489 3563 Tandem
2534 3523 2689 3573 vero,
2723 3517 2780 3562 ut
2820 3520 2921 3577 per
2964 3506 3178 3578 seipsos
3220 3520 3340 3575 qua:
3368 3505 3523 3560 utilia
3554 3520 3642 3560 es.

2057 3609 2180 3655 sent
2230 3598 2550 3670 reipublicae
2614 3608 2881 3670 agerent,
2929 3597 3011 3653 eis
3067 3597 3355 3667 permisit:
3413 3606 3470 3653 et
3514 3610 3644 3655 ante

2055 3693 2239 3748 omnia
2274 3692 2325 3747 id
2358 3692 2566 3747 diserte
2592 3691 2876 3761 praecepit,
2920 3698 2979 3745 ut
3020 3690 3279 3747 Ecclesia:
3326 3692 3423 3747 Dei
3451 3707 3637 3747 curam

2055 3793 2336 3855 gererent,
2370 3797 2539 3854 seque
2583 3782 2765 3855 palam
2829 3782 3177 3840 Christlanos
3228 3784 3638 3854 proﬁterentur.

2054 3880 2234 3949 Atque
2263 3880 2366 3934 hoc
2396 3877 2618 3949 quidem
2650 3878 2813 3931 modo
2842 3877 2983 3933 ﬁlios
3010 3878 3348 3934 instituebat.
3373 3877 3455 3932 llli
3481 3864 3640 3945 vero,

2055 3988 2165 4028 non
2221 3982 2330 4028 tam
2383 3973 2630 4042 paternis
2667 3972 2913 4038 monitis,
2963 3987 3126 4043 quam
3170 3987 3270 4027 sua
3310 3980 3506 4043 sponte
3551 3971 3639 4025 in-

2055 4065 2234 4130 citati,
2285 4072 2556 4135 prmcepta
2606 4065 2855 4134 parentis
2893 4067 2975 4120 sui
3018 4066 3307 4120 alacritate
3348 4064 3518 4118 animi
3548 4079 3643 4118 su-

2056 4168 2350 4227 perarunt;
2398 4159 2597 4227 quippe
2641 4159 2734 4227 qui
2781 4160 2982 4215 divina:
3024 4158 3306 4229 religionis
3341 4157 3639 4213 observan-

2056 4251 2189 4305 tiam
2228 4264 2448 4320 semper
2480 4264 2592 4320 prae
2630 4250 2807 4306 oculis
2855 4252 3148 4316 baberent,
3182 4259 3240 4305 et
3286 4257 3507 4304 sanctos
3534 4246 3639 4302 Ec-

357 4352 442 4389 σιν
472 4336 689 4408 άπεπλή
700 4354 843 4409 ρουν.
890 4340 1002 4394 Καὶ
1028 4339 1188 4393 τοῦτο
1225 4340 1268 4393 δ’
1289 4340 1452 4411 ἔργον
1484 4341 1583 4413 τῆς
1613 4341 1709 4396 τοῦ
1743 4342 1950 4414 πατρὸς

2056 4342 2234 4398 εΙθείιυ
2280 4345 2423 4397 ritus
2473 4343 2529 4397 in
2586 4343 2706 4413 ipso
2748 4341 2957 4413 palatio
2986 4356 3109 4397 cum
3143 4340 3421 4395 universis
3449 4339 3638 4394 dome-

356 4427 572 4499 ὑπῆρχε
606 4428 968 4500 προμηθείας,
1011 4430 1076 4484 τὸ
1099 4430 1226 4495 τοὺς
1255 4432 1535 4497 συνοίκους
1559 4433 1805 4497 ἅπαντας
1830 4433 1949 4487 θεο-

2056 4432 2208 4488 sticis
2251 4432 2621 4490 custodirent.
2680 4432 2820 4488 Nam
2883 4443 2939 4488 et
2999 4432 3104 4487 boc
3157 4440 3397 4502 paterna:
3451 4432 3638 4501 provi-

357 4519 535 4584 σεϐεῖς
576 4522 909 4593 παραδοῦναι
945 4526 1060 4588 τοῖς
1104 4525 1292 4579 παισί·
1336 4525 1430 4579 καὶ
1478 4524 1587 4579 τῶν
1629 4524 1862 4597 πρώτων
1890 4525 1945 4579 δὲ

2056 4527 2253 4583 dentis:
2306 4540 2445 4597 opus
2489 4527 2683 4592 fuerat,
2744 4536 2803 4580 ut
2863 4539 2973 4578 non
3022 4522 3163 4579 alios
3209 4523 3541 4579 domesticos
3581 4529 3638 4577 et

353 4613 653 4684 ταγμάτων
683 4614 795 4684 (50)
837 4614 887 4666 οἳ
912 4616 1013 4688 τὴν
1044 4616 1154 4670 τῶν
1193 4616 1390 4671 κοινῶν
1428 4616 1723 4689 ἐτύγχανον
1751 4617 1941 4672 ἀναδε-

2056 4618 2473 4676 contubernales
2517 4616 2645 4673 ﬁliis
2699 4617 2851 4684 suis,
2899 4629 3064 4686 quam
3121 4614 3467 4670 Christianos
3522 4623 3638 4669 tra-

351 4704 600 4777 δεγμένοι
630 4706 904 4778 φροντίδα,
936 4707 1167 4761 τοιοῦτοί
1190 4725 1334 4772 τινες
1359 4709 1638 4780 ὑπῆρχον·
1667 4712 1779 4773 τοῖς
1811 4708 1942 4778 γοῦν

2056 4713 2224 4767 deret.
2280 4709 2597 4766 Primorum
2655 4723 2875 4781 quoque
2924 4722 3291 4771 numerorum
3351 4715 3632 4773 rectores,

353 4796 498 4849 κατὰ
519 4796 650 4850 Θεὸν
677 4800 887 4861 πιστοῖς
911 4798 1188 4870 ἀνδράσιν,
1216 4797 1406 4870 ὥσπερ
1438 4800 1578 4855 τισὶν
1601 4799 1817 4871 ὀχυροῖς
1846 4816 1942 4853 πε-

2056 4805 2245 4875 quibus
2296 4803 2608 4873 reipublicae
2641 4816 2771 4856 cura
2809 4801 3101 4855 commissa
3143 4798 3343 4865 fuerat,
3383 4798 3477 4852 Dei
3523 4800 3636 4855 cul-

353 4887 585 4960 ριϐόλοις
611 4889 958 4960 ήσφαλίζετο.
997 4891 1149 4945 Ἐπεὶ
1178 4891 1235 4949 δὲ
1266 4891 1360 4947 καὶ
1386 4891 1559 4946 ταῦτα
1586 4892 1807 4964 (καλῶς)
1837 4891 1943 4946 διέ-

2056 4908 2199 4952 iores
2243 4907 2423 4951 erant.
2474 4894 2684 4966 Quippe
2748 4892 3061 4948 hominibus
3120 4893 3281 4948 [idem
3340 4892 3398 4947 in
3458 4890 3631 4947 Deum

2043 5057 2323 5126 τάγματα,
2365 5053 2402 5107 ἃ.
2449 5052 2544 5106 νῦν
2576 5052 2858 5126 ᾁριθμοὺςᾼ
2895 5050 3172 5126 καλοῦσιν,
3210 5051 3453 5126 ἕκαστον
3495 5048 3632 5126 ἰδίαν

2046 5122 2257 5197 σκῆνὴν
2313 5122 2774 5197 κατεσκευάσατο.
2833 5123 3005 5197 Porro
3042 5124 3152 5197 ‘ltic
3208 5124 3358 5197 locus
3406 5122 3631 5197 mutilus

2048 5191 2182 5251 mibi
2212 5191 2457 5255 videtur,
2491 5194 2933 5264 supplendnsque
2960 5195 3013 5249 in
3041 5194 3186 5248 hunc
3217 5195 3441 5264 modum
3467 5206 3479 5240 :
3516 5191 3630 5264 Καὶ

2043 5266 2156 5320 τῶν
2180 5264 2422 5337 ,πρώτων
2447 5264 2505 5318 δὲ
2528 5260 2826 5337 ταγμάτων
2844 5260 3141 5335 ἦγεμόνες,
3168 5264 3263 5337 καὶ
3299 5263 3350 5317 οἳ
3392 5261 3491 5333 τὴν
3518 5260 3627 5317 τῶν

2045 5335 2265 5402 κοινῶν,
2288 5347 2397 5391 etc.
2423 5337 2512 5389 Ait
2532 5338 2677 5389 enim
2705 5336 2996 5400 Eusebius,
3028 5345 3084 5390 et
3110 5336 3408 5403 primorum
3434 5346 3628 5385 nume-

2044 5424 2228 5482 rorum
2267 5418 2537 5482 rectores,
2582 5416 2638 5482 et
2692 5422 2787 5482 eos
2824 5408 3039 5482 quibus
3076 5404 3625 5482 reipublicaencuraﬁ

2042 5479 2400 5551 Constantino
2433 5472 2962 5551 commissafuerat.
2983 5472 3317 5551 Christianze
3341 5472 3622 5551 religionis

2043 5549 2282 5603 cultores
2316 5547 2507 5603 fuisse.
2539 5546 2641 5602 Per
2666 5549 2877 5616 priores
2908 5547 3052 5613 illos,
3096 5543 3346 5613 intelligit
3372 5543 3623 5596 tribunos

2042 5630 2095 5693 et
2118 5620 2348 5693 comites
2391 5617 2741 5693 scholarum;
2794 5622 3123 5693 posteriores
3167 5629 3297 5693 vero
3326 5620 3453 5667 sunt
3484 5625 3623 5693 prae:

2042 5690 2176 5763 fet-ti
2217 5691 2508 5758 prauorio,
2555 5684 2857 5763 quaestores
2912 5690 3053 5763 sacri
3109 5684 3318 5763 palatii,
3378 5684 3622 5763 magistri

2040 5761 2361 5824 ntliciorum,
2414 5768 2472 5815 et
2525 5761 2708 5817 caeteri
2764 5761 2858 5832 qui
2901 5758 3082 5816 civilia
3140 5758 3358 5826 negotia
3411 5760 3619 5813 tracta-

2040 5833 2194 5888 baut.

422 5049 533 5121 (28)
569 5049 852 5119 Προάγωνι
891 5050 1225 5122 μαθήμασι.
1259 5051 1528 5107 Eusebius
1554 5051 1607 5106 in
1633 5052 1814 5118 capite
1843 5051 1934 5119 5'2,

354 5121 549 5193 iterum
582 5122 847 5193 προάγων
901 5121 1127 5190 usurpat
1173 5124 1365 5178 eodem
1413 5137 1597 5188 sensu,
1641 5122 1737 5176 καὶ
1772 5124 1803 5176 6
1838 5124 1937 5193 μὲν

349 5189 494 5263 οὑτω
519 5189 647 5263 rgias
677 5194 811 5253 υἱεῖς
834 5189 1098 5263 προῆγεν,
1128 5201 1183 5249 et
1212 5194 1266 5246 in
1308 5208 1429 5259 cap.
1462 5193 1553 5247 55.

422 5260 536 5334 (29)
567 5261 748 5330 Vulg.,
782 5260 891 5328 Εὶςῖ
928 5260 1153 5331 ἄνδρας
1176 5281 1242 5318 τε
1262 5263 1501 5317 λοιπόν.
1523 5262 1690 5334 Nemo
1718 5271 1826 5334 est,
1844 5264 1934 5330 qui

356 5333 459 5385 non
514 5347 610 5402 per
658 5348 720 5386 se
779 5334 961 5386 videat
1008 5336 1357 5389 scribendum
1414 5348 1537 5388 esse
1601 5333 1681 5395 εἰς
1737 5333 1936 5403 ἄνδρας

349 5399 428 5457 δέ.
466 5412 571 5457 etc.
603 5402 756 5457 Ouod
790 5404 1041 5457 equidem
1084 5420 1189 5457 non
1220 5418 1521 5457 monerem.
1556 5404 1660 5456 nisi
1718 5419 1936 5457 vererer

352 5402 428 5463 δέ,
466 5412 571 5457 etc.
603 5402 756 5468 Quod
790 5404 1041 5525 equidem
1084 5420 1189 5459 non
1220 5418 1521 5466 monerem,
1556 5404 1660 5456 nisi
1718 5402 1937 5457 vererer

352 5487 420 5525 ne
455 5472 660 5553 quisjd
695 5487 796 5553 n_o_s
854 5475 1035 5542 ugisse
1078 5475 1442 5553 existimaret.
1469 5473 1637 5528 Paulo
1657 5484 1801 5543 post,
1831 5488 1934 5529 vox

351 5543 654 5684 παρορμῶν
688 5543 902 5622 videtur
934 5559 1054 5598 esse
1082 5545 1369 5613 superﬂua.
1664 5613 1677 5626 ο

353 5683 364 5686 _
391 5682 402 5686 _
444 5612 535 5686 50)
575 5613 686 5667 Καὶ
718 5630 839 5686 των
875 5614 1120 5683 πρώτων
1157 5615 1225 5669 δὲ
1247 5612 1580 5684 ταγμάτων.
1621 5613 1723 5686 Stcr
1761 5613 1933 5671 Euse—

352 5682 475 5758 bius
499 5682 551 5738 in
577 5684 842 5751 superiori
871 5682 1051 5758 capite
1085 5682 1478 5758 tdypasd‘pro
1518 5685 1759 5758 numeris
1787 5687 1931 5739 mili-

355 5754 563 5808 taribus
597 5763 841 5824 usurpat,
865 5765 920 5810 et
941 5754 1076 5809 alibi
1121 5754 1344 5825 pas$im.
1378 5757 1451 5809 Ita
1482 5756 1645 5807 etiam
1675 5754 1934 5809 Suzome-

354 5839 454 5879 nus
485 5824 537 5880 itt
568 5824 658 5880 lib.
692 5840 732 5893 I,
778 5840 826 5881 c.
869 5829 925 5897 8,
960 5826 1020 5893 ἐξ
1064 5824 1274 5882 ἐκείνου
1314 5826 1369 5881 δὲ
1406 5825 1499 5882 καὶ
1537 5826 1603 5879 τὰ
1650 5825 1931 5897 Ῥωμαίων
