4186 6406
518 375 659 434 12θὸ

1238 376 1509 437 EUSEBI!
1544 378 2021 439 CESARIENSIS
2056 381 2208 440 OPP.
2248 381 2429 438 PARS
2464 384 2509 438 1.
2546 416 2617 427 -
2652 381 3041 441 HISTORICA.

3642 389 3784 445 1208

519 494 808 563 professis,
855 503 1111 567 tanquam
1169 496 1500 555 ﬁrmissimis
1546 501 1873 569 quibusdam
1926 505 2097 558 muris

2213 522 2351 558 κειτο
2389 504 2501 577 (5i)
2535 504 2614 576 τῷ
2646 506 3051 577 τρισμακαρίῳ,
3088 504 3222 569 Θεὸς
3254 506 3284 558 ὁ
3333 505 3532 570 παντὸς
3576 506 3784 577 ἀγαθοῦ

520 585 847 643 conﬁdebat.
889 589 1022 643 Cum
1061 589 1413 648 beatissimus
1450 594 1705 663 princeps
1739 593 1855 649 haec
1884 610 2097 665 quoque

522 677 597 732 ita
629 678 1041 746 constituisset,
1094 681 1237 737 Deus
1280 683 1547 740 bonorum
1600 689 1842 742 omnium
1877 686 2099 754 dispen-

523 779 695 835 sator,
742 780 935 841 utpote
991 774 1211 829 cunctis
1251 776 1571 847 reipublicae
1631 777 1863 846 negotiis
1899 778 2102 847 optime

521 860 590 915 ab
624 860 959 931 imperatore
998 863 1300 934 dispositis,
1339 879 1705 938 Opportunum
1740 878 1952 939 tempus
1981 877 2102 923 tan-

521 953 644 1009 dem
671 954 868 1010 adesse
898 965 1145 1014 statuens
1162 974 1271 1028 quo
1302 961 1371 1015 ad
1393 961 1669 1016 meliorem
1697 971 1905 1015 sortem
1931 971 2105 1016 trans-

521 1041 782 1112 ferretur,
818 1043 1035 1102 fatalem
1078 1048 1196 1115 ejus
1249 1050 1375 1104 vitze
1424 1051 1588 1106 linem
1636 1051 1918 1124 imposuit.

990 1137 1151 1211 553
1205 1138 1437 1198 CAPUT
1488 1143 1619 1200 Llll.

523 1221 681 1307 Quod
711 1243 829 1281 cum
863 1231 1071 1285 duobus
1120 1249 1183 1307 ac
1222 1233 1442 1307 triginta
1487 1237 1639 1288 anuis
1676 1239 1976 1307 regnaverit
2000 1278 2012 1291 .
2052 1248 2100 1290 et

590 1296 870 1421 ρίιῖεἵιιᾶιιιι
919 1316 986 1355 ιι
1028 1304 1185 1356 annis
1238 1296 1423 1358 inierit
1447 1344 1464 1370 ,
1501 1307 1706 1376 integra
1735 1296 1963 1377 "semper
1998 1307 2100 1377 fuit

591 1384 656 1421 va
681 1384 708 1421 ε
737 1385 768 1421 ιι
812 1387 915 1421 me.

591 1384 915 1425 valetudine.

589 1457 672 1514 Ac
699 1458 912 1531 imperii
940 1462 1160 1532 quidem
1188 1464 1521 1518 curriculum
1548 1465 1763 1521 duobus
1789 1479 1844 1521 et
1875 1468 2097 1537 triginta

522 1551 685 1608 annis
705 1553 967 1623 explevit,
991 1556 1235 1624 exceptis
1262 1559 1537 1611 mensibus
1563 1573 1627 1611 ac
1653 1558 1844 1612 diebus
1876 1560 2063 1627 paucis
2080 1577 2097 1612 :

2202 593 2489 665 πρύτανις,
2525 594 2725 648 ὡσανεὶ
2756 596 2865 647 τῶν
2885 596 3114 650 καθόλου
3143 597 3485 668 πραγμάτων
3516 594 3575 651 εὖ
3601 598 3783 652 διατε-

2203 684 2409 738 θέντων
2454 684 2623 756 αὐτῷ,
2659 686 2849 757 καιρὸν
2884 685 3136 755 εὔκαιρον
3174 683 3310 740 εἶναι
3348 686 3530 743 λοιπὸν
3555 689 3655 758 τῆς
3675 690 3784 742 τῶν

2207 778 2533 850 κρειττόνων
2568 779 2921 851 μεταλήψεως
2967 779 3275 849 ἐδοκίμαζε,
3305 780 3400 833 καὶ
3440 779 3501 834 τὸ
3523 783 3590 853 τῇ
3624 782 3786 851 φύσει

2200 871 2375 942 χρεὼν
2402 870 2594 941 ἐπῆγε.

2718 1147 3112 1199 ΚΕΦΑΛΑῘΟΝ
3143 1148 3188 1199 Ν
3194 1148 3231 1198 Γ
3234 1154 3263 1200 ⁵.

2206 1256 2341 1307 Ὅτι
2378 1256 2523 1325 ἀμφὶ
2564 1256 2634 1309 τὰ
2672 1260 2867 1326 16¹ἓτη
2896 1260 3299 1325 βασιλεύσας,
3339 1259 3433 1313 καὶ
3463 1261 3614 1329 ὑπὲρ
3639 1262 3708 1316 τὰ
3733 1261 3786 1325 ξ’

2563 1345 2766 1414 ζήσας,
2794 1350 2957 1403 σῶον
2976 1348 3099 1420 εἶχε
3125 1352 3190 1404 τὸ
3213 1352 3397 1421 σῶμα.

2273 1456 2377 1509 Δύο
2412 1457 2510 1527 μὲν
2526 1454 2618 1512 οὖν
2644 1460 2781 1531 πρὸς
2799 1466 2912 1526 τοῖς
2941 1465 3233 1536 τριάκοντα
3264 1465 3372 1535 (52)
3395 1466 3495 1536 τῆς
3513 1465 3787 1537 βασιλείας

2203 1549 2489 1614 ἐνιαυτοῖς,
2537 1552 2672 1621 μησί
2733 1571 2793 1607 τε
2832 1556 2925 1608 καὶ
2956 1556 3189 1627 ἡμέραις
3233 1557 3514 1629 βραχείαις
3552 1558 3784 1624 δέουσιν,

522 1642 652 1696 vitae
703 1657 833 1698 vero
867 1645 1106 1715 spatium
1136 1646 1301 1717 duplo
1330 1647 1442 1703 fere
1472 1648 1687 1718 longius
1719 1649 1839 1704 fuit.
1894 1650 2009 1717 Qua
2043 1650 2096 1705 in

2213 1635 2458 1709 ἐπλήρου,
2488 1639 2587 1710 τῆς
2607 1640 2663 1692 δὲ
2690 1638 2834 1713 ζωῆς
2862 1644 3003 1715 ἀμφὶ
3033 1645 3125 1698 τὸν
3163 1645 3440 1700 διπλάσιον
3473 1648 3662 1720 χρόνον
3686 1665 3699 1678 ⁸
3726 1651 3785 1701 ἐν

522 1742 709 1801 aetate,
742 1750 940 1806 corpus
969 1737 1017 1792 ei
1055 1739 1122 1791 ab
1151 1738 1300 1791 omni
1332 1739 1521 1793 morbo
1550 1749 1607 1794 et
1657 1739 1777 1795 labe
1823 1756 2052 1796 vacuum
2082 1782 2099 1807 ,

522 1840 719 1895 expers
751 1827 1046 1898 cujuslibet
1077 1831 1216 1896 vitii,
1276 1842 1331 1886 et
1368 1832 1565 1900 quovis
1587 1831 1815 1901 juvenili
1872 1850 2101 1904 corpore

526 1917 732 1976 ﬁrmius
753 1922 1021 1988 constitit,
1057 1936 1113 1976 et
1136 1931 1246 1976 tum
1282 1925 1541 1978 decorum
1574 1935 1819 1994 aspectu,
1876 1934 1988 1978 tum
2034 1924 2100 1977 ad

521 2011 737 2079 quidvis
764 2016 1032 2081 agendum
1058 2015 1264 2068 viribus
1286 2013 1493 2082 pollens
1515 2052 1532 2078 ,
1569 2015 1702 2069 adeo
1752 2025 1811 2069 ut
1853 2014 2102 2068 militari-

522 2099 627 2155 bus
649 2103 1133 2159 exercitationibus
1161 2105 1498 2174 proluderet,
1532 2106 1823 2174 equitaret,
1851 2105 2101 2160 ambula-

522 2201 630 2258 ret,
659 2193 987 2260 dimicaret,
1016 2198 1259 2264 tropbwa
1284 2198 1351 2252 de
1377 2197 1626 2253 hostibus
1650 2198 1814 2253 victis
1843 2198 2100 2265 erigeret,

520 2293 577 2338 et
603 2284 918 2343 incruentas
951 2289 1078 2345 illas
1106 2304 1261 2343 more
1290 2306 1390 2346 suo
1416 2292 1674 2346 victorias
1704 2300 2028 2360 reportaret.

1095 2472 1327 2530 CAPUT
1361 2472 1497 2528 LIV.

523 2557 606 2617 De
634 2562 705 2617 iis
754 2563 850 2634 qui
877 2564 1073 2635 eximia
1117 2566 1231 2635 ejus
1271 2568 1602 2620 humanitate
1637 2567 1710 2620 ad
1743 2568 2023 2623 avaritiam
2051 2579 2101 2623 et

829 2634 1041 2703 pietatis
1067 2634 1460 2690 simulationem
1484 2637 1635 2691 abusi
1657 2649 1802 2692 sum.

603 2725 836 2780 Animus
861 2725 1114 2780 similiter
1133 2727 1202 2782 ad
1229 2742 1502 2783 summum
1538 2728 1790 2782 humana:
1814 2726 2103 2796 perfectio—

522 2816 615 2874 nis
637 2818 857 2874 culmen
895 2830 1264 2888 pervenerat:
1301 2822 1501 2890 quippe
1554 2820 1644 2888 qui
1671 2822 1929 2876 omnibus
1958 2836 2097 2889 prae-

522 2907 689 2964 claris
715 2908 936 2963 dotibus
963 2920 1191 2965 ornatus
1242 2921 1406 2976 esset,
1441 2911 1714 2980 praecipue
1746 2926 1878 2966 vero
1903 2911 2097 2965 huma-

2203 1722 2247 1796 ᾧ
2269 1729 2370 1799 τῆς
2391 1730 2627 1800 ἡλικίας,
2676 1735 2885 1799 ἀπαθὲς
2925 1738 3021 1807 μὲν
3054 1737 3149 1789 καὶ
3186 1738 3375 1792 ἄλυτον
3401 1740 3548 1812 αὑτῷ
3571 1740 3787 1811 διήρκει

2201 1818 2263 1871 τὸ
2301 1819 2480 1891 σῶμα,
2536 1822 2753 1892 κηλῖδος
2801 1824 3039 1897 καθαρὸν
3074 1827 3309 1899 ἁπάσης,
3343 1828 3544 1892 παντός
3579 1846 3638 1881 τε
3662 1830 3786 1882 νέου

2205 1912 2613 1985 νεανικώτερον,
2659 1916 2859 1986 ὡραῖον
2906 1918 3001 1988 μὲν
3048 1919 3194 1983 ἰδεῖν,
3246 1920 3523 1991 ῥωμαλέον
3566 1921 3611 1974 δ’
3651 1922 3680 1974 ὅ
3730 1938 3785 1975 τι

2210 2004 2317 2056 δέοι
2353 2005 2581 2077 δυνάμει
2619 2010 3094 2081 καταπράξασοαι,
3136 2012 3212 2075 ὡς
3251 2014 3343 2066 καὶ
3387 2013 3783 2085 γυμνάζεσθαι,

2209 2096 2561 2161 ἱππάζεσθαι,
2600 2101 2693 2153 καὶ
2741 2102 3061 2174 ὁδοιπορεῖν,
3099 2103 3356 2176 πολέμοις
3400 2123 3460 2158 τε
3504 2106 3789 2175 παραϐάλ-

2204 2187 2338 2253 λειν,
2368 2190 2603 2261 τρόπαια
2626 2209 2687 2244 τε
2709 2195 2826 2245 κατ’
2861 2194 3069 2265 ἐχθρῶν
3093 2196 3346 2267 ἐγείρειν,
3384 2198 3478 2249 καὶ
3503 2196 3602 2259 τὰς
3632 2197 3793 2266 συνή-

2205 2277 2317 2341 θεις
2365 2281 2660 2351 ἀναιμακτὶ
2698 2284 2839 2337 κατὰ
2870 2285 2979 2338 τῶν
3029 2285 3095 2338 δι’
3125 2287 3372 2351 ἐναντίας
3407 2286 3658 2360 αἴρεσθαι
3696 2288 3777 2343 νί-

2203 2388 2324 2433 κας.

2717 2466 3113 2521 ΚΕΦΑΛΑΙΟΝ
3144 2468 3268 2522 ΝΔ’·.

2203 2553 2342 2622 Περὶ
2377 2552 2494 2633 τῷν
2527 2555 2601 2624 τῇ
2625 2556 2778 2633 ᾅγαγ
2802 2559 2993 2633 αὐτοῦ
3024 2562 3428 2633 φιλαιξθρωπΙᾳ
3454 2580 3793 2633 astruxim-

2375 2625 2575 2693 μένων
2606 2630 2693 2692 εἰς
2726 2625 3065 2696 ἀπληστιίἰς
3110 2631 3206 2684 καὶ
3234 2625 3605 2700 ὖποκρίσείς.

2274 2719 2381 2772 Καὶ
2402 2719 2469 2773 τὰ
2500 2720 2597 2791 τῆς
2630 2719 2808 2791 ψυχῆς
2840 2720 2883 2773 δ’
2909 2721 3171 2787 ὡσαύτως
3201 2725 3281 2788 εἰς
3307 2725 3472 2797 ἄκρον
3496 2726 3594 2797 τῆς
3626 2727 3683 2778 ἐν
3703 2727 3791 2779 ἀν-

2205 2808 2443 2882 θρώποις
2472 2810 2806 2874 τελειώσεως
2852 2813 3000 2882 αὑτῷ
3033 2814 3245 2885 προῄει,
3280 2817 3412 2867 πᾶσι
3452 2816 3547 2884 μὲν
3580 2817 3792 2888 ἐμπρέ-

2206 2918 2359 2954 ποντι
2376 2904 2487 2965 τοῖς
2507 2901 2709 2965 καλοῖς,
2742 2904 2844 2955 ὑπε
2855 2902 3189 2973 ρὸαλλὸντως
3208 2905 3263 2958 δέ
3282 2909 3346 2976 τῇ
3373 2907 3752 2980 φιλανθρωπίᾳ
3766 2922 3789 2941 ⁶

522 2999 715 3055 nitate.
743 2998 915 3067 Quam
951 3009 1133 3056 tamen
1166 3002 1319 3057 multi
1353 2973 1828 3072 reprehendebant
1854 3042 1873 3069 ,
1903 3003 1973 3058 ob
2001 3019 2100 3057 ex-

2213 2993 2324 3064 ὃδὴ
2364 2996 2457 3048 καὶ
2507 2995 2755 3066 μεμπτὸν
2803 2995 3079 3065 ἐνομίζετο
3117 3001 3229 3061 τοῖς
3274 2998 3506 3063 πολλοῖς,
3540 3000 3642 3071 τῆς
3679 2999 3790 3056 τῶν

523 3093 847 3148 uberautem
895 3091 1163 3148 malitiam
1209 3093 1608 3163 improbormn,
1652 3093 1744 3161 qui
1798 3092 2102 3163 nequitiam

521 3197 676 3239 suam
702 3183 1048 3253 imperatoris
1079 3184 1461 3240 adscribebant
1486 3185 1782 3254 patientiae.
1805 3184 1967 3240 Certe
1990 3183 2107 3239 hme

524 3273 632 3331 duo
655 3275 790 3332 vitia
820 3275 928 3333 illis
971 3276 1310 3347 temporibus
1354 3279 1593 3333 maxime
1645 3277 1968 3343 invaluissc,
2006 3292 2106 3333 nos

598 3559 712 3632 (31)
755 3561 913 3616 Ἐπεὶ
948 3560 1019 3615 δὲ
1066 3561 1168 3617 καὶ
1207 3561 1400 3617 ταῦτα
1446 3560 1716 3617 διέκειτο.
1768 3561 1886 3617 Non
1937 3565 2107 3632 probo

526 3632 898 3703 conjecturam
926 3634 1208 3703 doctorum
1232 3634 1497 3703 virorum,
1515 3633 1606 3703 qui
1637 3644 1753 3701 post
1777 3647 1959 3688 vocem
1983 3634 2109 3687 ταῦ-

526 3700 829 3765 τα,’καλῶς
856 3702 1222 3767 addiderunt;
1256 3702 1398 3771 quod
1435 3700 1599 3756 etiam
1638 3700 1697 3757 in
1740 3703 1880 3757 libro
1921 3703 2108 3759 Μοτωί

528 3772 827 3839 ascriptum
859 3772 1065 3826 inveni.
1098 3772 1302 3827 Verum
1343 3772 1388 3841 si
1433 3772 1577 3841 quid
1600 3773 1905 3836 addendum
1937 3783 2104 3837 esset,

526 3842 780 3912 equidem
811 3841 1026 3897 mallem
1061 3842 1264 3897 addere
1304 3840 1497 3907 οὕτως.
1533 3840 1667 3896 Nam
1699 3842 1881 3907 καλῶς
1932 3844 2106 3898 locum

528 3910 619 3967 hic
650 3911 877 3982 habere_
896 3926 1002 3982 non
1050 3922 1253 3982 potest,
1300 3925 1425 3982 cum
1476 3913 1528 3966 in
1570 3913 1815 3982 sequenti
1865 3914 2109 3967 membro

527 3991 787 4036 occurrat
818 3976 877 4034 εὖ
908 3976 1279 4036 διατεθέντων.
1307 3981 1519 4050 Alioqui
1554 3976 1728 4037 otiosa
1765 3991 1909 4037 esset
1958 3998 2111 4051 repe-

530 4052 803 4122 titio,inec
829 4052 948 4121 plus
979 4054 1036 4106 in
1080 4054 1320 4107 secundo
1361 4051 1614 4122 utettsbro
1649 4052 1921 4107 diceretur
1946 4068 2109 4122 quam

531 4123 586 4176 in
614 4121 813 4190 primo.
832 4119 900 4177 'ln
928 4123 1119 4178 codice
1147 4132 1325 4178 tamen
1358 4119 1496 4177 Fuk.
1531 4123 1729 4193 legitur
1776 4119 1977 4187 καλῶς’
2002 4123 2113 4176 διέ-

529 4208 698 4246 κειτο.

752 4262 867 4316 Δύο
894 4260 1020 4343 μὲν.
1039 4257 1322 4343 οὖηπρύς
1354 4263 1478 4329 τοῖς
1504 4263 1842 4343 τριάκοντα.
1884 4260 1983 4316 llic
2009 4262 2112 4316 Eu-

2209 3086 2497 3158 μοχθηρῶν
2541 3087 2747 3160 ἀνδρῶν
2797 3089 3125 3162 φαυλότητος
3170 3091 3371 3158 εἵνεκα,
3423 3091 3471 3144 οἳ
3503 3093 3601 3161 τῆς
3636 3109 3790 3162 σφων
3816 3164 3827 3173 ο

2205 3175 2404 3241 κακίας
2443 3176 2542 3249 τὴν
2584 3177 2846 3249 βασιλέως
2881 3180 3254 3252 ἐπεγράφοντο
3292 3181 3638 3247 ἀνεξικακίαν
3681 3181 3792 3255 [αἰ-

2206 3269 2350 3342 τίαν]
2383 3271 2515 3341 (53).
2560 3272 2669 3325 Καὶ
2712 3270 2820 3343 γὰρ
2866 3268 2959 3326 οὖν
2991 3273 3206 3344 ἀληθῶς
3244 3273 3335 3327 δύο
3373 3275 3583 3345 χαλεπὰ
3617 3276 3797 3335 ταῦτα

2211 3575 2338 3614 num
2391 3560 2690 3631 imperasse
2722 3576 2894 3615 annos
2933 3561 3173 3627 triginta,
3204 3576 3419 3614 menses
3446 3560 3655 3631 decem,
3689 3561 3792 3615 tri-

2209 3631 2312 3684 bus
2351 3630 2559 3685 tantum
2600 3631 2789 3686 diebus
2818 3632 3083 3699 exceptis.
3132 3631 3362 3685 Levatus
3409 3632 3554 3685 enim
3609 3630 3794 3685 fuerat

2210 3700 2395 3755 Caesar
2417 3708 2612 3756 octavo
2652 3701 2754 3756 cal.
2792 3702 3042 3769 Augusti,
3073 3710 3131 3754 ut
3165 3699 3405 3754 inFastis
3436 3702 3630 3755 scribit
3672 3702 3797 3755 ltla-

2214 3772 2341 3841 tius.
2400 3771 2568 3831 Recte
2621 3773 2784 3841 igitur
2837 3772 3124 3838 Eutropius
3157 3780 3212 3825 et
3245 3769 3475 3825 liulinus
3516 3772 3789 3835 scribunt,

2213 3839 2626 3895 Constantinum
2646 3839 2813 3895 anno
2838 3842 3050 3908 imperii
3080 3858 3187 3894 uno
3209 3856 3271 3892 ae
3309 3841 3583 3895 tricesimo
3609 3852 3792 3895 extre-

2215 3925 2359 3963 mum
2390 3911 2534 3964 diem
2565 3911 2789 3966 obiisse.
2827 3911 2993 3965 Recte
3025 3913 3188 3964 etiam
3233 3911 3493 3964 Eusebius
3515 3923 3702 3964 noster
3730 3911 3784 3964 in

2213 3977 2475 4034 Chronico
2495 3982 2571 4035 ait
2594 3982 3008 4035 Constantinum
3043 3983 3337 4049 imperasse
3363 3981 3522 4033 annis
3547 3982 3793 4048 triginta,

2216 4051 2495 4105 mensibus
2525 4066 2581 4105 x.
2618 4050 2791 4106 Porro
2834 4053 2976 4104 unde
3031 4051 3230 4104 factum
3278 4053 3369 4112 sit,
3416 4060 3475 4103 ut
3514 4049 3788 4105 Eusebius

2218 4131 2404 4176 noster
2432 4122 2536 4175 hoc
2567 4121 2710 4184 loco,
2745 4134 2802 4175 et
2845 4121 3091 4189 plerique
3127 4132 3373 4173 veterum
3420 4121 3553 4174 duos
3586 4136 3649 4175 ac
3696 4125 3794 4173 tri-

2218 4194 2367 4259 ginta
2418 4192 2628 4259 imperii
2683 4207 2857 4244 annos
2886 4192 3241 4243 Constantino
3279 4192 3587 4253 tribuerint,
3625 4206 3792 4247 causa

2222 4264 2335 4315 haec
2364 4263 2577 4314 videtur
2602 4262 2791 4315 fuisse.
2822 4261 3044 4314 Biennio
3069 4273 3194 4313 ante
3229 4262 3435 4315 obitum
3466 4261 3793 4317 tricennalia

530 4325 665 4387 sebii
697 4325 867 4387 'locus
894 4325 1111 4386 'mnltos
1154 4325 1476 4388 in'erroreni
1514 4325 1751 4397 induxit,
1807 4335 1949 4386 inter
1977 4349 2114 4401 quies
2148 4325 2190 4379 Β
2220 4334 2610 4387 Constantinus
2644 4332 2908 4395 ediderat,
2939 4331 3259 4401 Constantio
3298 4339 3353 4385 et
3394 4330 3588 4383 Albino
3618 4346 3791 4399 coss.,

533 4401 637 4456 fuit
669 4401 732 4456 Ι).
758 4401 1034 4465 Petavius,
1068 4402 1158 4469 qui
1194 4412 1308 4457 tum
1356 4404 1409 4458 in
1451 4403 1887 4459 adnotationibus
1938 4407 2005 4459 ad
2054 4405 2118 4457 li-

535 4473 704 4542 brum,
730 4473 1024 4542 Epiphanii
1066 4471 1142 4526 De
1169 4473 1513 4540 ponderibus,
1551 4484 1661 4526 tum
1695 4475 1747 4527 in
1781 4472 1920 4527 libro
1953 4488 1989 4527 ιι
2044 4474 2119 4527 De

533 4540 786 4598 doctrina
813 4540 1124 4612 temporum,
1156 4542 1372 4598 Eusebii
1404 4546 1729 4597 auctoritate
1763 4542 1952 4609 fretus,
1983 4543 2124 4598 Con-

537 4612 838 4667 stantinum
862 4614 1145 4682 tricesimo
1174 4614 1416 4667 secundo
1454 4614 1664 4682 imperii
1698 4628 1845 4666 anno
1895 4626 2122 4668 mortem

536 4682 749 4737 obiisse
795 4682 1034 4752 censuit.
1090 4680 1236 4738 Idem
1270 4686 1436 4738 etiam
1486 4680 1825 4751 seripseruut
1877 4683 2125 4752 plerique

537 4759 784 4822 veterum
824 4769 839 4806 :
886 4751 1285 4822 Plnlostorgins
1326 4754 1379 4807 in
1413 4754 1509 4807 lib.
1572 4770 1634 4815 ιι,
1686 4752 2000 4808 Theodorus
2026 4751 2124 4807 Le-

539 4830 660 4893 ctor
688 4821 739 4874 in
767 4823 1142 4886 collectaneis,
1172 4821 1537 4893 Epiphanius,
1562 4834 1617 4879 et
1654 4832 1846 4877 auctor
1873 4823 2121 4893 chronici

539 4887 897 4944 Alexandrini
945 4909 964 4945 :
1019 4907 1085 4945 ex
1120 4887 1330 4948 Latinis
1382 4887 1561 4948 autem
1605 4894 1859 4949 Aurelius
1910 4892 2119 4950 Victor.

546 4956 740 5034 yerum
776 4961 892 5034 haec
921 4964 1190 5034 sententia
1225 4979 1447 5034 prorsus
1474 4966 1711 5019 absurda
1737 4962 1865 5017 mihi
1886 4964 2116 5034 videtur.

542 5024 678 5081 Nam
707 5032 798 5096 qui
832 5032 905 5085 ita
927 5031 1189 5097 sentiunt,
1213 5024 1440 5090 necesse
1469 5043 1552 5089 est
1577 5035 1740 5089 etiam
1772 5044 1829 5086 ut
1852 5032 2122 5089 aﬂirment

541 5099 1241 5179 eutndemnConstantiuum
1282 5120 1426 5179 anno
1449 5103 1652 5179 Christi
1678 5102 1785 5158 305
1832 5105 2117 5179 imperium

541 5170 759 5237 iniisse,
795 5170 1154 5226 Constantino
1191 5191 1219 5228 ν
1251 5186 1307 5228 et
1337 5174 1666 5229 Maximiano
1700 5189 1870 5235 coss.,
1901 5170 2121 5228 eodem-

540 5252 650 5313 que
675 5252 838 5313 anno,
858 5239 1234 5313 Constantium
1262 5244 1562 5311 Augustum
1599 5254 1807 5313 patrem
1848 5244 2117 5300 Constan-

544 5308 641 5363 tini
669 5323 702 5363 e
734 5312 873 5366 vivis
911 5311 1152 5384 abiisse._
1174 5315 1341 5383 Atqui
1366 5308 1749 5369 Constantius
1797 5319 1937 5384 Aug.
1973 5329 2119 5368 anno

544 5390 831 5447 sequente,
865 5384 1073 5449 quiest
1115 5382 1318 5439 ChriSti
1354 5384 1481 5449 506,
1521 5387 1712 5440 consul
1755 5382 1973 5441 sextum
2013 5385 2117 5437 fuit

542 5463 663 5531 cum
695 5450 1029 5531 Maximiano
1062 5453 1291 5531 collega,
1315 5464 1376 5531 ut
1408 5469 1599 5531 omnes
1643 5455 1769 5531 fasti
1804 5464 2119 5531 constanter

543 5515 849 5577 affirmant.
873 5521 1053 5593 Quare
1079 5515 1426 5593 Constantini
1472 5526 1756 5593 imperium
1790 5526 2003 5580 nonnisi
2048 5527 2116 5579 ab

540 5609 686 5648 anno
737 5592 956 5664 Christi
993 5592 1100 5648 306
1151 5592 1344 5649 deduci
1400 5592 1594 5664 potest.
1654 5594 1773 5649 Jam
1829 5611 1959 5649 vero
1990 5610 2114 5651 cum

542 5674 789 5719 mortuus
818 5663 889 5718 sit
918 5661 1192 5720 Feliciano
1218 5674 1273 5718 et
1296 5661 1511 5719 Titiano
1539 5680 1710 5727 coss.,
1732 5666 1833 5720 hoc
1857 5677 1943 5719 est
1972 5680 2115 5718 anno

543 5731 744 5788 Christi
784 5733 912 5799 557,
949 5735 1040 5790 die
1062 5735 1324 5791 vicesimo
1355 5736 1593 5791 secundo
1635 5737 1838 5791 mensis
1874 5735 2023 5798 Maii,
2056 5744 2115 5789 ut

543 5801 688 5858 inter
717 5816 908 5860 omnes
930 5813 1169 5873 constat,
1202 5806 1517 5865 necessario
1546 5802 1773 5863 eﬂicitur
1797 5806 2112 5864 Constanti-

2225 4413 2285 4455 ιιι
2318 4401 2710 4470 ειιρινίιμτοιιιιὶι
2739 4401 3028 4455 Eusebius.
3080 4400 3345 4455 Putarunt
3390 4401 3557 4467 igitur
3589 4417 3791 4457 annum

2230 4467 2443 4539 imperii
2474 4467 2817 4527 Constantini
2848 4472 2937 4535 50,
2973 4472 3039 4525 iis
3064 4485 3208 4526 coss.
3242 4470 3545 4524 absolutum
3593 4470 3788 4537 fuisse;

2226 4538 2369 4610 (μιοιΙ
2400 4551 2578 4595 tamen
2608 4540 2799 4595 falsum
2828 4552 2929 4603 est,
2965 4553 3020 4593 ut
3044 4556 3206 4610 supra
3236 4541 3440 4595 notavi.
3495 4538 3698 4593 Deinde
3724 4542 3799 4597 ab

2227 4613 2387 4666 initio
2417 4612 2784 4674 Constantini,
2818 4627 2988 4678 usque
3018 4614 3082 4664 ad
3132 4614 3245 4675 ejus
3268 4612 3472 4663 obitnnt
3506 4625 3654 4664 xxxtt
3699 4628 3795 4679 pa-

2226 4685 2305 4735 ria
2334 4681 2619 4736 consulum
2659 4696 3031 4736 numerantur.
3082 4682 3158 4735 Ex
3186 4698 3293 4750 quo
3343 4682 3455 4735 Iieri
3511 4681 3705 4746 potuit,
3736 4700 3796 4736 ut

2226 4751 2503 4807 tricesimo
2529 4754 2769 4807 secundo
2813 4752 3037 4821 imperii
3067 4749 3210 4804 anno
3247 4751 3393 4803 illum
3432 4749 3635 4804 obiisse
3668 4768 3796 4821 cre-

2224 4824 2433 4876 derent.
2463 4821 2617 4876 Adde
2641 4823 2785 4890 quod
2820 4819 3061 4875 nonnulli
3096 4821 3423 4890 Chronologi
3453 4822 3624 4887 patris
3650 4819 3797 4875 Cor.-

2223 4891 2406 4946 stanlii
2429 4894 2834 4961 aunos,quippe
2854 4894 2945 4960 qui
2971 4894 3115 4947 brevi
3140 4893 3430 4946 admodum
3448 4892 3795 4959 imperasset,

2222 4962 2581 5033 Constantino
2632 4965 3019 5033 ascripserunt.
3071 4964 3338 5017 Caeterum
3382 4962 3798 5033 mouendusest

2223 5032 2413 5099 lector,
2442 5033 2812 5088 doctissimum
2862 5032 3143 5087 Petavium
3187 5033 3403 5086 tandem
3460 5032 3794 5085 sententiam

2223 5113 2567 5174 tnutasse,7et
2596 5105 2867 5174 vulgatam
2921 5105 3229 5174 opinionem
3264 5102 3533 5174 deAannis
3580 5101 3795 5174 imperii

2221 5173 2567 5228 Consmntini
2628 5170 2804 5243 deque
2851 5170 2970 5241 ejus
3017 5173 3170 5227 initio
3221 5170 3529 5243 amplexum
3596 5170 3797 5243 fuisse,

2222 5255 2280 5297 ut
2315 5253 2464 5313 patet
2490 5257 2557 5298 ex
2604 5243 2695 5299 lib.
2713 5239 2786 5297 ἰν
2841 5239 3012 5313 partis
3038 5244 3292 5300 secundae
3326 5239 3624 5295 Ratiouarii
3660 5251 3797 5296 tem-

2217 5330 2427 5381 parum.

2291 5384 2407 5454 ('55)
2454 5383 2859 5448 Ἄνεξικακίαν
2898 5384 3116 5441 αἰτίαν.
3152 5382 3431 5438 Postrema
3468 5395 3571 5434 vox
3600 5397 3628 5436 a
3666 5381 3799 5436 viris

2219 5455 2394 5509 doctis
2432 5456 2519 5509 hic
2543 5458 2721 5509 addita
2739 5467 2821 5510 est
2848 5470 2913 5507 ex
2943 5471 3073 5507 mss.
3102 5455 3398 5513 codicibus,
3430 5465 3595 5520 quam
3629 5454 3797 5505 etiam

2220 5526 2273 5578 in
2305 5523 2443 5579 Fuk.
2470 5525 2606 5580 libro
2639 5527 2835 5594 reperi.
2866 5524 3079 5579 Mallem
3104 5534 3281 5578 tamen
3310 5525 3659 5594 hancvocem
3686 5522 3800 5594 col-

2220 5594 2400 5650 locare
2440 5605 2569 5649 ante
2597 5592 2822 5651 verbum
2854 5594 3254 5665 ἐπεγράφοντο.
3303 5592 3392 5665 §ie
3431 5592 3699 5665 Eusebius
3742 5593 3797 5645 in

2218 5667 2326 5720 line
2372 5665 2467 5720 lib.
2520 5680 2580 5720 ιιι
2620 5665 2693 5719 De
2748 5667 2856 5718 rita
2911 5660 3259 5719 (ἐοὶιδιὸιιιίιιὶ.
3314 5660 3498 5727 Longe
3554 5660 3799 5729 profecto

2218 5735 2519 5803 elegantius
2556 5737 2626 5791 ita
2658 5734 3210 5793 scribereturmisiatv
3240 5735 3331 5789 ἐπ.
3382 5732 3480 5805 τὴν
3523 5729 3799 5803 βασιλέως

2219 5805 2589 5873 ἀνεξικακίαν.

2219 5808 2589 5863 ἀνεξικακίαν.
