4186 6410
378 405 396 456 1
406 403 514 459 205

1470 402 1561 456 DE
1605 400 1773 457 VlTA
1810 396 2274 457 CONSTANTl‘Nl
2320 393 2450 450 LIB.
2481 390 2573 448 Ν.

3509 379 3645 437 1906

371 519 514 601 κατὰ
539 519 664 582 τοὺς
683 517 1045 591 δηλουμένους
1071 517 1293 582 τούτους
1313 518 1537 589 χρόνους
1556 519 1650 572 καὶ
1668 518 1822 572 αὐτοὶ
1836 534 1953 570 κατ-

2071 530 2282 586 quoque
2315 513 2416 583 ipsi
2443 509 2866 581 conspeximus:
2896 502 3204 557 violentiam
3232 498 3440 555 scilicet
3468 503 3638 567 pessi-

371 612 697 683 ενοήσαμεν,
744 610 1032 684 ὲπιτριὸὴν
1064 610 1355 683 ἀπλήστων
1399 610 1508 679 (54)
1540 610 1635 664 καὶ
1672 610 1960 681 μοχθηρῶν

371 699 584 773 ἀνδρῶν
617 699 726 754 τῶν
767 700 946 753 πάντα
993 699 1404 770 λυμαινομένων
1441 698 1576 770 βίον,
1599 698 1879 770 εἰρωνείαν
1911 699 1959 752 τ’

370 794 594 851 ἄλεκτον
618 793 727 847 τῶν
749 793 848 865 τὴν
864 792 1191 863 Ἐκκλησίαν
1213 792 1612 863 ὑποδυομένων,
1630 791 1726 846 καὶ
1749 792 1811 845 τὸ
1826 793 1960 862 Χρι-

371 887 602 940 στιανῶν
645 885 995 949 ὲπιπλάστως
1038 883 1521 956 σχηματιζομένων
1572 884 1761 955 ὄνομα.
1813 884 1886 937 Τὸ
1914 883 1958 936 δ’

369 976 535 1031 αὑτοῦ
586 976 965 1047 φιλάνθρωπον
1009 976 1105 1030 καὶ
1143 976 1460 1045 φιλάγαθον,
1505 976 1569 1028 τό
1626 994 1684 1029 τε
1733 976 1831 1047 τῆς
1870 976 1960 1028 πί-

370 1085 539 1133 στεως
558 1070 866 1141 εἰλικρινὲς,
899 1070 995 1123 καὶ
1041 1069 1135 1122 τοῦ
1157 1070 1359 1141 τρόπου
1396 1069 1456 1122 τὸ
1486 1068 1796 1139 φιλάληθες,
1833 1069 1958 1138 ἐνῆ-

368 1175 461 1228 γεν
485 1160 645 1213 αὐτὸν
682 1158 960 1213 πιστεύειν
985 1160 1065 1230 τῷ
1095 1160 1330 1230 σχήματι
1366 1159 1475 1212 τῶν
1501 1159 1843 1231 Χριστιανῶν
1881 1154 1958 1211 εῖ-

367 1266 456 1304 ναι
478 1250 870 1322 νομιζομένων,
894 1250 1103 1306 εὔνοιαν
1125 1252 1171 1304 τ’
1190 1252 1361 1322 ἀληθῆ
1385 1251 1511 1323 περὶ
1532 1253 1692 1304 αὑτὸν
1715 1251 1958 1305 πεπλασ-

371 1343 507 1416 μένῃ
532 1342 675 1415 ψυχῇ
709 1342 901 1407 σώζειν
922 1344 1401 1415 προσποιουμένων
1421 1360 1434 1373 ⁸
1468 1337 1547 1406 οἷς
1572 1344 1759 1396 ἑαυτὸν
1784 1361 1954 1397 κατα-

367 1429 659 1491 πιστεύων,
689 1430 829 1501 τάχα
852 1432 916 1485 ἄν
953 1449 1083 1485 ποτε
1114 1432 1208 1484 καὶ
1253 1435 1366 1495 τοῖς
1409 1432 1483 1503 μὴ
1517 1433 1814 1504 πρέπουσιν
1839 1435 1954 1487 ὲνε-

367 1520 587 1592 πείρετο
617 1522 751 1592 (55),
787 1524 980 1595 κηλῖδα
1024 1525 1230 1598 ταύτην
1264 1528 1377 1589 τοῖς
1418 1525 1584 1579 αὐτοῦ
1616 1526 1799 1590 καλοῖς
1833 1528 1953 1579 ἑπι-

367 1614 627 1686 φέροντος
652 1615 746 1669 τοῦ
783 1617 996 1687 φθάνου.

874 1889 1274 1945 ΚΕΦΑΛΔΙΟΝ
1303 1892 1431 1946 NE'.

369 1978 567 2045 Ὅπως
581 1978 759 2049 μέχρι
778 1981 1065 2050 τελευτῆς
1082 1982 1466 2054 ἐλογογρὰφει
1484 1983 1957 2049 Κωνσταντῒνος.

448 2136 609 2190 Ἀλλά
639 2138 766 2200 τοὺς
798 2137 899 2206 μὲν
934 2136 1044 2206 (56)
1069 2138 1171 2191 οὐκ
1202 2140 1281 2201 είς
1308 2138 1524 2210 μακρὰν
1547 2140 1581 2210 ἡ
1613 2138 1732 2192 θεία
1760 2142 1961 2211 μετήρ-

364 2245 491 2300 χετο
516 2229 671 2300 δίκη·
697 2228 857 2292 αὐτὸς
882 2229 939 2283 δὲ
973 2228 1223 2299 βασιλεὺς
1262 2230 1406 2283 οὕτω
1432 2230 1532 2302 τὴν
1561 2230 1738 2303 ψυχὴν
1766 2232 1955 2303 λογικῇ

367 2320 583 2372 συνέσει
622 2321 887 2391 προῆκτο,
939 2320 1016 2382 ὡς
1057 2320 1153 2373 καὶ
1201 2320 1361 2392 μέχρι
1405 2322 1664 2393 τελευτῆς
1715 2323 1959 2395 συνήθως

369 2411 468 2479 μὲν
488 2409 871 2481 λογογραφεῖν,
909 2412 1157 2483 συνήθως
1185 2412 1242 2466 δὲ
1268 2413 1367 2477 τὰς
1396 2414 1656 2486 προόδους
1689 2416 1957 2469 ποιεῖσθαι

368 2501 504 2569 (57),
536 2501 630 2554 καὶ
669 2500 769 2565 τὰς
797 2501 1122 2573 θεοπρεπεῖς
1144 2506 1256 2567 τοῖς
1286 2505 1582 2575 ἀκροαταῖς
1610 2504 1959 2569 διδασκαλίας

366 2596 652 2667 παρέχειν,
696 2596 1006 2667 νομοθετεῖν
1056 2597 1112 2651 δὲ
1156 2598 1420 2670 συνήθως,
1459 2600 1581 2653 τοτὲ
1616 2600 1714 2671 μὲν
1748 2600 1956 2653 πολιτι-

367 2689 505 2749 κοῖς,
554 2688 675 2740 τοτὲ
720 2688 777 2740 δὲ
829 2692 1265 2760 στρατιωτικοῖς,
1313 2690 1492 2744 πάντα
1528 2707 1589 2743 τε
1633 2691 1958 2762 προσφόρως

364 2776 444 2847 τῷ
478 2776 588 2830 τῶν
613 2778 918 2851 ἀνθρώπιον
964 2781 1200 2833 ἐπινοεῖν
1246 2780 1363 2851 βίῳ.
1403 2781 1790 2851 Μνημονεῦσαι
1823 2782 1868 2835 δ’
1898 2782 1958 2836 ἄ-

367 2865 500 2933 ξιον,
545 2869 621 2932 ὼς
664 2870 801 2941 πρὸς
841 2871 978 2943 αὐτῇ
1023 2870 1261 2939 γεγονὼς
1305 2875 1372 2943 τῇ
1421 2872 1516 2926 τοῦ
1556 2872 1671 2943 βίου
1709 2873 1954 2945 τελευτῇ,

367 2962 670 3032 ἐπιτήδειόν
701 2979 824 3016 τινα
848 2962 1003 3031 λόγον
1034 2964 1124 3016 ἐπὶ
1145 2962 1238 3016 τοῦ
1272 2964 1530 3036 συνήθους
1554 2965 1765 3037 διῆλθεν
1788 2967 1926 3037 ἁκρο
1952 3002 1955 3007 -

366 3054 592 3123 ατηρίου
614 3070 628 3083 ο
681 3055 891 3126 μακρὸν
941 3056 998 3109 δὲ
1043 3056 1367 3121 κατατείνας
1389 3058 1500 3128 (53)
1531 3060 1588 3110 ἐν
1617 3058 1792 3130 τούτῳ
1827 3060 1956 3130 περὶ

365 3144 543 3215 ψυχῆς
589 3143 883 3209 ἀθανασίας
913 3146 1113 3218 διεξῄει
1152 3147 1373 3219 (λόγον),
1416 3148 1545 3219 περί
1576 3165 1637 3201 τε
1670 3149 1778 3201 τῶν
1802 3151 1958 3202 εὐσεα

2070 622 2278 663 morum
2308 603 2589 661 hominum
2626 610 2680 655 et
2729 595 3021 653 insatiabili
3073 593 3371 662 cupiditate
3401 590 3643 663 flagran-

2069 702 2224 764 tium,
2258 697 2351 767 qui
2378 696 2662 750 universos
2698 689 2810 746 fere
2844 688 3102 743 mortales
3150 684 3481 738 infestabant
3512 722 3529 748 ,
3590 694 3643 737 et

2068 789 2473 844 fraudulentam
2503 780 2907 838 simulationem
2946 792 3135 832 eorum
3186 775 3278 845 qni
3337 773 3533 829 callide
3586 774 3642 828 in

2065 884 2364 939 Ecclesium
2382 878 2718 948 irrepebant,
2746 883 2797 930 et
2821 872 3257 928 Christianorum
3279 884 3475 923 nomen
3505 865 3643 922 falso

2067 995 2131 1035 ac
2158 976 2341 1042 specie
2376 986 2537 1030 tenus
2565 968 2948 1040 praeferebant.
2989 966 3183 1020 Verum
3216 962 3377 1017 insita
3404 960 3639 1031 impera-

2066 1072 2169 1127 tori
2213 1066 2527 1123 humanitas
2560 1078 2625 1119 ac
2646 1060 2884 1126 bonitas,
2921 1068 2975 1112 et
2997 1056 3121 1112 fidei
3156 1067 3480 1121 morumque
3519 1051 3642 1105 sin-

2064 1162 2285 1225 ceritas,
2319 1174 2385 1215 eo
2417 1159 2594 1227 ipsum
2630 1152 2879 1217 adduxit,
2908 1161 2966 1205 ut
2991 1148 3238 1205 crederet
3272 1145 3409 1200 ficta:
3434 1146 3485 1197 in
3517 1158 3640 1212 spe-

2063 1257 2201 1307 ciem
2231 1249 2418 1322 pietati
2450 1247 2731 1302 hominum
2781 1243 2997 1297 illorum
3033 1241 3124 1310 qui
3178 1255 3275 1310 pro
3312 1234 3644 1292 Christianis

2065 1344 2425 1408 habebantur,
2457 1338 2618 1407 etqui
2655 1337 2931 1390 sinceram
2958 1347 3082 1402 erga
3106 1328 3280 1400 ipsum
3313 1328 3640 1384 benevolen-

2066 1440 2193 1492 tiam
2226 1434 2424 1489 callida
2449 1439 2630 1485 mente
2665 1426 3015 1483 simulabant.
3040 1423 3250 1490 Quibus
3272 1421 3363 1475 ille
3400 1436 3522 1474 cum
3557 1434 3642 1473 se-

2069 1530 2364 1598 metipsum
2403 1522 2747 1582 credidisset,
2775 1518 3045 1574 interdum
3075 1516 3311 1569 fortasse
3346 1515 3397 1568 in
3428 1528 3490 1567 ea
3521 1525 3644 1582 quae

2064 1633 2251 1690 parum
2276 1617 2472 1671 decora
2500 1621 2701 1674 essent,
2729 1608 2986 1678 impegit,
3020 1605 3239 1675 maligni
3273 1605 3534 1659 daatuonis
3555 1608 3639 1657 in-

2060 1710 2203 1765 vidia
2242 1710 2383 1763 hanc
2433 1705 2582 1759 velut
2644 1702 2909 1757 maculam
2972 1698 3198 1768 reliquis
3238 1697 3357 1768 ejus
3388 1696 3643 1751 laudibus

2062 1808 2404 1870 aspergente.

2556 1884 2721 1958 δεῖ,
2763 1883 2995 1939 CAPUT
3033 1880 3143 1936 Lv.

2136 1981 2380 2050 Qualiter
2403 1980 2473 2033 ad
2518 1979 2761 2032 ultimum
2794 1993 2957 2059 usque
2983 1977 3103 2029 vita:
3129 1976 3266 2028 diem
3299 1973 3567 2029 orationes

2727 2056 2963 2113 scripsit.

2137 2144 2333 2200 Verum
2361 2144 2482 2199 illos
2514 2142 2696 2196 divina
2728 2139 2935 2208 jnstitia
2968 2152 3073 2192 non
3095 2137 3267 2192 multo
3294 2148 3416 2205 post
3442 2136 3640 2192 merito

2060 2237 2325 2308 supplicio
2361 2236 2560 2290 all'ecit.
2593 2234 2892 2302 Imperator
2948 2245 3078 2285 vero
3106 2238 3253 2283 tanta
3321 2243 3637 2285 sermonum

2060 2330 2293 2388 scientia
2329 2329 2571 2385 animum
2606 2327 2957 2383 instruxerat,
2994 2329 3054 2374 ut
3083 2322 3151 2375 ad
3176 2319 3426 2374 ultimum
3463 2333 3637 2388 usque

2058 2426 2201 2479 diem
2242 2423 2389 2485 vitae,
2431 2419 2710 2474 orationes
2758 2414 3139 2470 conscriberet
3172 2428 3322 2466 more
3353 2410 3535 2473 solito,
3580 2418 3639 2464 et

2058 2516 2351 2572 conciones
2374 2512 2622 2572 haberet,
2669 2518 2726 2563 et
2759 2508 2942 2561 divina
3000 2506 3329 2560 documenta
3378 2502 3639 2556 auditori-

2058 2611 2162 2665 bus
2189 2606 2532 2660 insinuaret:
2571 2600 2717 2669 leges
2749 2599 2874 2652 item
2909 2599 3079 2652 ferret
3120 2596 3363 2658 assidue,
3393 2610 3537 2648 nunc
3568 2592 3638 2647 de

2058 2699 2312 2758 civilibus
2339 2694 2597 2764 negotiis,
2629 2707 2771 2746 nunc
2805 2692 2872 2745 de
2921 2705 2980 2744 re
3022 2688 3242 2743 militari
3269 2706 3282 2741 :
3311 2695 3505 2740 cuncta
3538 2684 3635 2738 de-

2059 2794 2226 2863 nique
2259 2789 2328 2845 ad
2378 2783 2723 2842 commodum
2759 2795 2922 2852 atque
2952 2781 3243 2836 utilitatem
3293 2778 3515 2833 humani
3552 2791 3639 2844 ge-

2059 2884 2206 2939 neris
2232 2882 2587 2951 excogitaret.
2623 2874 2758 2930 lllud
2789 2889 2919 2930 vero
2968 2874 3387 2941 haudquaquam
3423 2866 3638 2923 silentio

2058 2975 2495 3047 prmtercundum
2523 2978 2629 3033 est,
2661 2968 2803 3039 quod
2855 2981 2978 3021 cum
3032 2973 3312 3018 extremus
3344 2963 3469 3016 vitae
3518 2960 3637 3013 dies

2057 3066 2286 3139 ipsijam
2322 3064 2673 3133 impenderet,
2704 3060 2982 3114 funebrem
3014 3054 3308 3124 quamdam
3332 3051 3632 3107 orationem

2057 3161 2110 3213 in
2139 3166 2405 3214 consueto
2440 3154 2711 3208 auditorio
2742 3149 3012 3205 recitavit.
3045 3148 3289 3213 Cumque
3320 3157 3631 3197 sermonem

367 3234 478 3299 δὼς
498 3236 827 3305 διηνυκότων
854 3238 954 3308 τὴν
979 3238 1145 3309 ζωὴν,
1171 3239 1280 3292 τῶν
1303 3255 1362 3291 τε
1393 3241 1505 3301 τοῖς
1528 3238 1799 3308 θεοφιλέσι
1827 3241 1953 3311 παρ’

2063 3249 2271 3320 longius
2293 3246 2660 3318 produxisset,
2701 3247 2751 3298 in
2806 3256 2871 3296 ea
2920 3238 3179 3294 disseruit
3210 3240 3277 3289 de
3322 3237 3634 3290 anirnornm

366 3326 517 3397 αὐτῷ
562 3326 681 3397 Θεῷ
700 3329 1142 3399 τεταμιευμένων
1174 3329 1393 3398 ἀγαθῶν
1416 3346 1428 3359 ⁸
1465 3331 1701 3399 μακραῖς
1732 3329 1777 3382 δ’
1821 3331 1956 3382 ἀπο-

366 3417 583 3483 δείξεσι,
629 3420 724 3473 καὶ
760 3419 823 3471 τὸ
865 3420 975 3472 τῶν
1007 3420 1264 3473 ἐναντίων
1305 3420 1491 3490 τάγμα
1532 3420 1719 3472 ὁποίου
1764 3419 1954 3483 τέλους

365 3510 633 3576 τεύξεται,
670 3512 904 3583 φανερὸν
942 3512 1135 3571 ἐποίει.
1174 3512 1283 3564 τῶν
1316 3512 1491 3567 ἀθέων
1527 3512 1625 3582 τὴν
1655 3529 1955 3583 καταστρο-

366 3603 474 3673 φὴν
510 3602 835 3674 παραδιδοὺς
872 3605 937 3673 τῇ
971 3605 1189 3674 γραφῇο
1234 3603 1263 3656 ὃ
1290 3602 1351 3673 δὴ
1384 3603 1478 3656 καὶ
1518 3603 1793 3674 ὲμϐριθῶς
1815 3621 1955 3675 μαρ-

363 3695 688 3766 τυρόμενος,
731 3695 1105 3749 καθάπτεσθαι
1138 3694 1245 3748 τῶν
1275 3694 1411 3765 ἀμφ’
1448 3694 1610 3748 αὐτὸν
1644 3695 1850 3749 ἐδόκει·
1878 3696 1954 3760 iii;

365 3787 461 3841 καί
498 3804 623 3840 τινα
656 3786 764 3839 τῶν
807 3786 1180 3859 δοκησισόφων
1219 3787 1328 3856 (39)
1363 3784 1582 3857 ἔρεσθαι
1624 3786 1770 3851 ὅπως
1810 3786 1953 3858 ἔχειν

364 3875 515 3947 αὑτῷ
552 3877 795 3947 φαίνοιτο
841 3876 913 3929 τὰ
949 3876 1217 3947 λεγόμενα
1240 3893 1253 3906 ·
1295 3877 1384 3930 τὸν
1427 3876 1472 3931 δ’
1507 3880 1953 3951 ἐπιμαρτυρῆσαι

362 3974 478 4034 τοῖς
502 3969 678 4037 λόγοις
704 3968 980 4041 ἀλήθειαν,
1013 3969 1217 4041 σφόδρα
1240 3988 1320 4032 τε,
1338 3970 1538 4041 καίπερ
1556 3972 1654 4024 οὐκ
1678 3970 1949 4036 ἐθέλοντα,

364 4063 608 4116 ιταινεῖν
651 4060 752 4124 τὰς
795 4061 938 4114 κατὰ
968 4060 1076 4113 τῶν
1111 4061 1386 4115 πολυθέων
1426 4061 1789 4127 διδασκαλίας.
1827 4063 1952 4117 Τοι-

441 4238 556 4309 (54)
575 4237 732 4309 Vulg.
754 4237 1426 4309 ἑπιτριϐἦςάπλήστων.
1444 4241 1954 4309 Amplectoremen-

364 4311 643 4381 datiuuem
704 4310 1003 4381 doctorum
1071 4315 1329 4372 virorum,
1376 4327 1495 4381 qua!
1543 4312 1595 4364 in
1637 4310 1848 4367 Fuketii
1888 4313 1952 4366 li-

363 4381 467 4454 bro
496 4380 680 4454 etiam
724 4378 1300 4454 ¹ιεδίιιιιξ,μὲπιψιὸήν.
1332 4378 1512 4454 Porro
1532 4384 1847 4454 notandum
1869 4392 1957 4439 est

365 4450 461 4505 hic
490 4447 753 4522 judicium
778 4449 996 4522 Eusebii
1024 4447 1342 4522 nostri;qu
1380 4455 1432 4505 in
1460 4452 1773 4522 principatu
1810 4452 1951 4506 Con-

364 4519 594 4575 stantini
644 4527 899 4589 tanquam
960 4521 1013 4574 in
1058 4519 1431 4589 pulcherrimo
1461 4519 1723 4591 'quodam
1775 4522 1947 4590 vultu,

2057 3338 2491 3402 immortalitate,
2530 3334 2707 3405 deque
2757 3333 2841 3389 his
2879 3331 2972 3402 qui
3011 3331 3178 3384 vitam
3224 3330 3310 3397 pie
3367 3330 3637 3382 traduxis-

2056 3440 2178 3486 sent
2204 3447 2219 3496 ;
2256 3439 2312 3485 et
2332 3429 2401 3484 de
2426 3428 2582 3482 bonis
2607 3439 2727 3495 qua:
2746 3424 2934 3479 amicis
2955 3423 3046 3477 Del
3076 3421 3216 3490 apud
3260 3421 3433 3487 ipsum
3465 3419 3631 3475 Deum

2058 3520 2334 3575 recondita
2383 3526 2587 3573 essent.
2635 3515 2835 3571 Contra
2871 3528 3024 3576 vero,
3057 3527 3220 3582 quem
3254 3515 3415 3568 linem
3448 3523 3634 3568 essent

2057 3612 2293 3666 habituri
2325 3610 2398 3664 illi
2432 3609 2523 3679 qni
2558 3607 2889 3665 contrariam
2916 3603 3135 3660 vivendi
3172 3604 3440 3658 rationem
3474 3605 3635 3660 insti-

2058 3701 2321 3765 tuissent.
2356 3700 2540 3755 inultis
2583 3698 2888 3754 rationibus
2914 3694 3195 3751 evidenter
3223 3696 3482 3761 astruxit,
3544 3696 3634 3750 in-

2057 3793 2275 3848 teritum
2300 3803 2354 3845 et
2388 3792 2598 3846 cladem
2626 3791 2913 3859 impiorum
2940 3790 3283 3844 describens.
3312 3787 3467 3855 Quod
3511 3791 3638 3859 qni-

2055 3885 2175 3940 dem
2201 3900 2327 3939 cum
2357 3884 2598 3953 graviter
2646 3891 2703 3938 et
2727 3884 2874 3939 serio
2907 3882 3226 3945 aliirmaret,
3262 3880 3541 3948 proximos
3579 3890 3636 3933 et

2054 3976 2354 4032 familiares
2405 3991 2533 4031 suos
2582 3976 2949 4045 perstringere
3004 3962 3294 4031 videbatur
3328 3991 3341 4026 :
3377 3975 3517 4026 adeo
3575 3980 3635 4025 nt

2053 4070 2344 4140 quemdam
2379 4083 2447 4123 ex
2481 4069 2593 4124 illis
2651 4083 2789 4123 vana
2819 4068 3101 4140 sapientiai
3139 4067 3394 4137 opinione
3426 4063 3629 4120 inﬂatis

2053 4251 2297 4329 remptus
2320 4250 2425 4312 est,
2453 4252 2512 4298 ut
2538 4241 2657 4298 fuse
2685 4253 2874 4298 narrat
2899 4243 3171 4313 Eunapius
3198 4242 3252 4295 in
3289 4240 3423 4295 Vitis
3456 4240 3636 4308 sophi-

2052 4323 2255 4455 “(18?)”
2265 4354 2549 4455 ὶςυγήθῳς
2566 4382 2635 4455 δὲ
2658 4383 2767 4450 τὰς
2800 4383 3095 4452 προόδους
3115 4380 3430 4455 ποιεῖσθαι.
3457 4378 3631 4455 Supra

2055 4456 2108 4509 in
2136 4451 2270 4524 'cap.
2299 4452 2369 4507 29
2406 4452 2562 4521 hujus
2586 4454 2710 4509 libri
2753 4451 3018 4526 παρόδους
3055 4454 3189 4506 dixit
3219 4451 3502 4509 Eusebius.
3541 4451 3632 4504 ubi

2058 4524 2181 4580 vide
2226 4537 2349 4594 qua:
2379 4526 2655 4578 adnotavi.
2684 4522 2866 4594 Possis
2892 4526 3058 4577 etiam
3099 4523 3283 4592 legere
3297 4518 3628 4594 προσόδους,

367 4591 514 4645 hunc
539 4574 1011 4662 nmvmn‘notavit,
1041 4574 1951 4662 quoi"aegaeo;.e’rapaass‘i:
1981 4574 2026 4631 D
2057 4574 3464 4662 ararBassareu};emensi;ascriptum
3511 4574 3626 4662 esil

366 4675 508 4731 mos,
538 4659 806 4731 homines,
849 4664 916 4713 ad
963 4659 1257 4716 amicitiam
1310 4678 1488 4727 suam,
1522 4672 1577 4718 et
1618 4663 1684 4716 ad
1735 4663 1950 4731 publica

367 4727 546 4784 ollicia
578 4730 938 4795 adscivisset,
1016 4739 1072 4783 et
1124 4733 1265 4799 quod
1311 4733 1501 4787 fraude
1545 4741 1601 4787 et
1646 4727 1952 4789 calliditate

363 4801 727 4870 quorumdam
785 4799 884 4870 qui
924 4813 986 4853 se
1030 4799 1373 4870 Christianos
1420 4817 1541 4857 esse
1593 4803 1948 4869 simulabant,

368 4868 781 4943 circumventus
813 4869 1028 4943 fuisset.
1070 4868 1374 4943 ldem_fere
1398 4872 1747 4943 reprehendit
1773 4868 1949 4929 Anreé

368 4940 475 4994 lius
508 4938 696 4995 ViCtor
728 4940 815 4994 his
847 4940 1068 4995 verbis:
1119 4958 1139 4992 ι
1197 4938 1760 4998 Fiscales'molestim
1790 4958 1948 4997 sere-

368 5010 488 5065 rius
526 5025 760 5077 pressae,
806 5019 1102 5081 structaque
1124 5012 1312 5066 divino
1347 5012 1471 5065 ritui
1504 5014 1655 5081 paria
1692 5014 1947 5067 videren-

370 5091 483 5144 tur,
502 5082 555 5133 ni
582 5096 768 5147 parum
793 5080 968 5150 dignis
990 5082 1055 5134 ad
1088 5081 1305 5151 publica
1334 5080 1538 5137 aditum
1565 5084 1944 5138 concessisset.

368 5151 502 5216 ρυω
528 5164 838 5220 quanquam
882 5151 1080 5217 szepius
1106 5152 1374 5217 accidere,
1428 5163 1608 5206 tamen
1650 5154 1701 5207 in
1731 5169 1946 5207 summa

371 5222 613 5290 ingenio,
647 5234 809 5292 atque
836 5222 1054 5289 nptimis
1076 5221 1384 5292 reipublica:
1408 5223 1671 5288 moribus,
1698 5226 1948 5292 quamvis

366 5305 537 5361 parva
567 5291 697 5344 vitia
723 5290 939 5344 elucent
971 5290 1169 5361 magis.
1193 5310 1213 5343 ι
1253 5292 1359 5345 Sed
1387 5303 1442 5346 et
1475 5292 1654 5348 Amm.
1679 5290 1947 5349 Marcelli-

370 5375 475 5414 nus
522 5360 574 5413 in
637 5360 774 5433 libro
820 5376 907 5414 va
942 5360 1171 5429 idipsum
1220 5372 1536 5416 testatura
1574 5363 1711 5418 Nam
1758 5366 1947 5433 proxi-

371 5444 585 5484 morum
636 5429 823 5485 fauces
849 5433 1063 5501 aperuit
1110 5433 1316 5503 primus
1357 5433 1597 5488 omnium
1631 5429 1947 5490 Constanti-

368 5514 493 5553 BUS.
533 5519 553 5551 ι

444 5569 557 5640 ('55)
593 5570 978 5640 'Ersztec'peto.
1017 5568 1071 5623 lu
1102 5572 1259 5626 codd.
1318 5571 1455 5631 Fuk.
1482 5581 1535 5627 et
1578 5571 1768 5629 Savilii
1799 5574 1943 5630 scri-

370 5639 519 5713 bitur
544 5639 877 5713 ὲνεπειρᾶτο.

444 5710 554 5780 (56)
590 5709 777 5782 Ἀλλὰ
816 5712 960 5780 τοὺς
999 5709 1156 5782 μέν’.-
1185 5710 1473 5765 Ablabium
1528 5713 1668 5767 inter
1714 5724 1944 5769 cateros

374 5780 600 5850 intelligi
641 5792 791 5848 puto,
831 5786 921 5849 qni
969 5780 1089 5851 post
1119 5780 1457 5837 Constantini
1512 5792 1765 5849 mortem,
1816 5799 1940 5837 cum

374 5866 462 5906 res
493 5866 662 5909 novas
698 5852 876 5908 moliri
907 5856 1247 5922 crederetur,
1274 5854 1429 5926 jussu
1459 5854 1768 5912 Constantii
1802 5854 1941 5910 inte-

2055 4665 2226 4719 Porro
2265 4665 2530 4732 interpres
2564 4664 2770 4718 erroris
2821 4666 2903 4717 sui
2940 4673 3124 4725 tenax,
3166 4661 3333 4715 etiam
3368 4659 3630 4732 hocgloco

2054 4735 2234 4795 vertit,
2263 4730 2571 4803 congressus
2595 4749 2712 4786 cum
2749 4735 2931 4786 amicis
2956 4732 3164 4799 habere,
3201 4744 3324 4785 cum
3354 4730 3628 4803 conciones

2052 4816 2265 4860 vertere
2294 4802 2591 4869 debuisset,
2624 4814 2681 4855 nt
2718 4805 2995 4871 sequentia
3044 4810 3232 4871 aperte
3273 4802 3625 4871 confirmant.

2058 4874 2290 4930 Victoris
2326 4872 2566 4942 Epitome
2618 4873 2757 4927 idem
2791 4868 3009 4943 Quoque
3063 4868 3196 4926 dicit
3248 4871 3316 4924 de
3352 4868 3629 4943 Constan-
3705 4876 3713 4884 ’

2054 4947 2212 4999 tino:
2251 4962 2270 4995 ι
2312 4941 3008 4998 Gemmodissimus‘tanien
3061 4944 3222 4996 rebus
3265 4941 3448 4995 multis
3476 4941 3622 4994 fuit:

2051 5015 2353 5068 calumnias
2376 5014 2569 5067 sedare
2591 5014 2799 5083 legibus
2826 5013 3221 5067 severissimis:
3249 5013 3459 5083 nutrire
3482 5021 3628 5083 artes

2053 5086 2247 5149 bonas,
2292 5084 2561 5152 praecipue
2609 5081 2791 5137 studia
2838 5084 3142 5136 litterarum
3193 5099 3208 5136 :
3254 5081 3444 5150 legere
3488 5081 3625 5150 ipse,

2052 5155 2312 5217 scribere,
2339 5155 2616 5216 meditari;
2646 5172 2665 5205 ι
2704 5154 2793 5208 ubi
2820 5155 3067 5207 meditari
3094 5153 3236 5208 idem
3276 5152 3419 5207 valet
3443 5166 3507 5206 ac
3533 5166 3631 5222 με·

2047 5223 2230 5295 λετᾷν,
2260 5225 2417 5295 idest
2437 5223 2764 5295 declamare.

2121 5290 2234 5367 ('58)
2265 5293 2433 5367 Vulg.
2457 5291 2693 5363 μακρὸν
2728 5292 2797 5346 δὲ
2818 5291 2982 5367 arani
3022 5310 3211 5367 τινας.
3267 5290 3624 5367 scribendum

2047 5363 2143 5421 est’
2166 5363 2569 5435 proculdubio
2603 5365 2947 5428 κατατείνας,
2992 5374 3051 5418 ιιι
3092 5365 3202 5434 jam
3258 5363 3348 5416 alii
3401 5374 3627 5413 monue-

2047 5448 2193 5491 runt.

2120 5505 2234 5577 (39)
2265 5504 2423 5577 γυιε.
2480 5505 2615 5559 τινὰ
2663 5503 2783 5560 τῶν
2832 5506 3211 5575 δοκησόεεων.
3254 5500 3431 5555 Malim
3488 5501 3624 5577 scri-

2046 5576 2317 5653 ῂειδετῶν
2364 5576 2760 5648 δοκησισόφων.
2815 5579 2909 5653 δίε
2970 5577 3200 5653 gentiles
3245 5587 3453 5653 vocare.
3488 5576 3625 5623 solet

2050 5647 2337 5719 Eusebius,
2380 5662 2444 5700 ac
2474 5642 2747 5719 praecipue
2800 5642 3173 5719 philosophos,
3204 5642 3295 5711 qui
3334 5642 3624 5719 __sibi_pra:

2046 5718 2257 5771 caeteris
2305 5710 2497 5781 sapere
2548 5710 2892 5773 videbantur.
2950 5710 3030 5769 ln'
3056 5711 3191 5768 Fnk.
3224 5710 3433 5765 7codice
3468 5710 3627 5779 δοκη-

2049 5786 2285 5856 σισὸφων
2315 5789 2530 5859 legitur.
2569 5788 2678 5843 Sed
2721 5790 2880 5843 tertia
2927 5786 3132 5858 syllaba
3177 5781 3378 5836 lineola
3422 5782 3622 5838 subno-

2046 5869 2210 5912 ιειιυτ.
