4186 6446
540 391 680 448 ιεοτ

1249 389 1525 450 Ευεεειι
1560 391 2040 450 CAESARIENSIS
2075 393 2227 450 OPP.
2262 395 2446 452 PARS
2485 394 2526 451 ι.
2566 425 2636 435 -
2671 395 3062 454 HISTORICA.

3667 402 3803 459 1208

540 509 962 580 interrogaverit
987 509 1113 579 quid
1142 510 1370 567 sentiret
1396 510 1463 565 de
1485 511 1552 566 iis
1595 526 1716 580 qute
1736 512 1881 569 dicta
1912 524 2116 570 essent.

2220 515 2361 570 αὕτα
2390 517 2496 588 πρὸ
2520 518 2622 589 τῆς
2640 519 2906 590 ’τελευτῆς
2928 522 3042 584 τοῖς
3071 518 3676 592 ψωρίμοιςοόμιλήσας,
3709 524 3802 576 αὐ.

538 602 609 656 Λι
642 600 732 657 ille
766 602 1051 658 verissima
1081 616 1202 657 esse
1218 614 1412 659 cuncta
1450 613 1684 660 testatus
1710 616 1828 673 est;
1853 617 1906 662 et
1927 622 2120 678 quam-

538 694 621 749 vis
651 694 872 756 invitus.
923 695 1321 763 disputationes
1376 698 1639 752 adversus
1684 698 1980 752 multorum
2019 716 2118 753 nu-

2224 609 2318 674 τὸς
2343 610 2494 682 αὑτῷ
2520 612 2620 683 τὴν
2637 613 2731 665 ἐπὶ
2748 612 2819 665 τὰ
2842 613 3075 686 κρείττω
3093 612 3337 686 πορείαν,
3365 613 3517 668 λείαν
3548 615 3643 668 καί
3670 617 3798 686 ὁμα-

2223 698 2323 771 λὴν
2343 699 2506 770 ἐῴκει
2533 698 2991 774 παρασκευάζειν.

538 792 745 844 minum
774 789 981 844 cultum
1023 805 1351 861 magnopere
1373 791 1632 847 laudavit.
1665 791 1982 863 llujusmodi
2016 793 2314 849 conciones
2346 796 2415 850 ad
2466 795 2763 854 familiares
2807 813 2935 854 suos
2989 808 3116 855 ante
3144 810 3376 855 mortem
3428 816 3551 857 cum
3586 800 3810 857 habuis-

536 889 641 945 set,
679 882 821 935 viam
855 880 958 937 sibi
997 881 1114 951 ipse
1164 880 1511 948 complanare
1537 882 1605 937 ad
1636 882 1915 937 meliorem
1947 884 2115 939 vitam
2157 886 2460 941 videbatur.

1124 970 1352 1027 CAPUT
1391 970 1523 1027 LVI.

537 1058 910 1134 Quomodorad
947 1062 1137 1134 bellum
1171 1064 1444 1119 Persicum
1497 1066 1861 1132 proﬁciscens,
1912 1068 2117 1134 cpisco-

604 1148 701 1202 μοι
734 1133 837 1256 sit?
865 1132 1131 1201 adjunxit,
1161 1145 1212 1189 et
1239 1136 1518 1189 tentorium
1552 1137 1609 1188 in
1630 1139 1849 1204 speciem
1885 1132 2118 1191 ecclesia

605 1218 791 1256 paratu
823 1242 837 1256 .

603 1218 837 1271 paravit.

604 1291 740 1349 Illud
770 1309 989 1365 quoque
1023 1297 1340 1371 neutiquam
1375 1295 1810 1365 praetereundum
1837 1307 1943 1361 est,
1972 1299 2114 1367 quod

534 1383 684 1439 circa
724 1383 844 1439 haec
880 1394 1146 1454 tempora,
1193 1400 1318 1440 cum
1342 1385 1409 1439 de
1447 1398 1595 1440 motu
1640 1386 2004 1442 Barbarorum
2048 1387 2116 1442 ad

533 1475 802 1531 orientem
832 1475 1003 1531 solem
1050 1476 1365 1547 degentium
1404 1478 1627 1533 nuntius
1676 1478 1875 1533 allatus
1924 1487 2110 1541 esset,

534 1568 683 1624 hanc
720 1567 904 1623 adhuc
927 1568 991 1623 de
1024 1567 1127 1623 illis
1155 1569 1444 1624 victoriam
1468 1584 1757 1637 superesse
1806 1570 1907 1624 sibi
1943 1580 2113 1625 testa-

535 1669 648 1725 tus,
678 1657 862 1715 Persis
886 1659 1088 1716 bellum
1123 1660 1326 1717 inferre
1359 1661 1573 1717 statuit.
1600 1660 1753 1728 Quod
1776 1678 1900 1718 cum
1928 1662 2107 1720 facere

535 1750 893 1818 decrevisset,
955 1750 1223 1806 militares
1270 1751 1456 1821 copias
1496 1753 1735 1821 undique
1783 1754 2005 1819 excivit,
2053 1765 2106 1808 et

536 1858 660 1897 cum
689 1841 962 1911 episcopis
982 1856 1118 1909 quos
1143 1842 1292 1897 circa
1319 1858 1377 1897 se
1404 1844 1661 1912 habebat,
1690 1846 1757 1902 de
1783 1848 2117 1917 profectione

535 1931 823 1987 consilium
880 1931 1345 1995 communicavit,
1401 1934 1627 2002 provida
1684 1947 1866 1991 mente
1899 1939 2113 2007 prosm-

499 2020 507 2031 '
535 2023 710 2088 ciens,
733 2023 880 2078 viros
908 2022 976 2078 ad
1007 2023 1252 2078 divinmn
1292 2025 1497 2080 cultum
1552 2029 1895 2083 necessarios
1929 2044 2114 2085 secum

535 2114 755 2170 assidue
799 2116 1009 2171 versari
1058 2114 1221 2187 555
1273 2126 1545 2187 oportere.
1603 2120 1684 2174 Illi
1744 2135 1877 2177 vero
1923 2121 2115 2179 libenti

534 2207 721 2262 animo
776 2217 1067 2264 secuturos
1121 2224 1183 2264 se
1216 2225 1337 2266 esse
1368 2209 1737 2279 atIirmarunt,
1796 2228 1898 2270 nec
1927 2216 1995 2270 ab
2025 2215 2117 2270 illo

534 2298 913 2368 discessuros;
944 2301 1040 2357 sed
1074 2303 1355 2359 continuis
1388 2307 1531 2374 apud
1564 2306 1730 2360 Deum
1764 2306 2117 2377 supplicatio-

536 2391 695 2446 nibus
728 2390 1057 2448 militaturos
1093 2408 1200 2446 una
1224 2408 1346 2448 cum
1378 2393 1472 2448 illo
1504 2404 1558 2451 et
1596 2407 1955 2467 pugnaturos.
1998 2402 2117 2468 Quo

536 2479 625 2534 ille
655 2480 846 2536 nuntio
893 2483 1249 2539 vehementer
1306 2484 1632 2552 delectatus,
1665 2489 1809 2543 viam
1862 2489 1972 2544 lllis
2010 2507 2116 2559 qua

536 2571 1041 2640 proﬁciscerentur,
1096 2575 1404 2646 descripsit.
1453 2578 1658 2635 Deinde
1710 2580 2115 2637 tabernaculum

537 2666 590 2717 iu
621 2664 857 2735 speciem
890 2665 1134 2722 ecclesia:
1182 2669 1475 2726 ambitioso
1517 2671 1663 2727 cultu
1697 2674 1762 2726 nd
1811 2673 1969 2741 hujus
1992 2674 2117 2729 belli

537 2773 695 2814 usum
724 2763 1082 2832 praeparavit,
1118 2763 1170 2818 in
1206 2780 1315 2835 quo
1344 2781 1535 2835 preces
1579 2769 1645 2822 ad
1675 2769 1841 2823 Deum
1874 2770 2117 2825 victoriae

536 2861 815 2909 auctorem
840 2870 943 2909 una
972 2872 1094 2911 cum
1128 2858 1400 2928 episcopis
1440 2860 1670 2915 l'uudere
1705 2860 2042 2916 decreverat.

697 2954 707 2965 '
1120 2948 1349 3005 CAPUT
1376 2950 1533 3005 LVII.

2738 981 3131 1038 ΚΕΦΑΛΑΙΟΝ
3165 984 3306 1053 Nq'.

2225 1088 2416 1155 Ὅπως
2443 1089 2541 1143 ἐπὶ
2575 1090 2810 1159 Πέρσας
2836 1094 3177 1160 στρατεύων
3199 1095 3659 1165 συμπαρέλαϐεν
3682 1100 3809 1154 ἐπες

2223 1182 2514 1247 σκόπους,
2551 1183 2648 1236 καὶ
2692 1183 2934 1253 σκηνὴν
2953 1187 3041 1252 εὶς
3079 1186 3289 1257 σχῆμα
3315 1187 3423 1257 τῆς
3450 1191 3802 1261 ἐκκλησίας.

2288 1293 2523 1351 Κάκεῖνο
2554 1295 2609 1349 δὲ
2637 1297 2857 1368 μνήμης
2885 1298 3051 1363 ἄξιον,
3071 1299 3146 1364 ὡς
3168 1300 3309 1371 ἀμφὶ
3329 1301 3654 1375 δηλούμενον
3678 1306 3806 1378 χρό-

2223 1403 2331 1450 νον,
2355 1384 2463 1439 τῶν
2495 1387 2581 1440 ἐπ’
2609 1389 2873 1460 ἀνατολῆς
2905 1390 3193 1464 βαρϐάρων
3226 1396 3490 1465 κινήσεως
3522 1397 3806 1452 ἀκουσθεί-

2223 1494 2344 1547 σης,
2382 1477 2462 1531 ἔτι
2491 1479 2695 1550 ταύτην
2738 1481 2889 1553 αὑτῷ
2921 1484 3021 1554 τὴν
3044 1483 3186 1538 κατὰ
3210 1485 3375 1539 τῶνδε
3432 1487 3589 1559 νίκην
3616 1488 3804 1544 λείπε-

2223 1572 2347 1626 σθαι
2364 1574 2561 1644 φήσας,
2591 1573 2684 1626 ἐπὶ
2707 1575 2929 1646 Πέρσας
2942 1577 3257 1647 στρατεύειν
3279 1578 3503 1650 ὡρμᾶτο
3523 1597 3537 1610 ·
3568 1580 3726 1635 τοῦτό
3744 1599 3804 1636 τε

2220 1668 2433 1737 κρίνας,
2465 1668 2632 1721 ὲκίνει
2659 1667 2729 1722 τὰ
2764 1670 3130 1739 στρατιωτικὰ
3153 1669 3428 1741 τάγματα.
3458 1672 3569 1725 Καὶ
3600 1672 3663 1745 δὴ
3692 1677 3806 1738 τοῖς

2216 1759 2525 1830 ἀμφάὐτὸν
2557 1758 2875 1824 ἐπισκόποις
2900 1760 3152 1832 περὶτῆς
3173 1762 3398 1835 πορείας
3423 1761 3651 1825 ὲκοίνου,
3688 1779 3817 1814 συνει

2216 1853 2356 1904 εἶναι
2394 1849 2543 1921 αὐτῷ
2586 1850 2696 1904 δεῖν
2739 1868 2892 1915 τινας
2930 1851 3039 1906 τῶν
3076 1853 3389 1922 ἀναγκαίων
3432 1854 3491 1906 ὲν
3524 1852 3807 1924 θεοσεϐείᾳ

2217 1941 2685 2014 προμηθούμενος.
2720 1944 2785 1996 Oi
2815 1943 2893 2005 δὲ,
2917 1945 3011 1996 καὶ
3043 1944 3185 2015 μάλα
3237 1944 3533 2017 προθύμως
3578 1944 3808 2000 συνέπες

2219 2033 2341 2087 σθαι
2399 2023 2728 2106 βουλομένῳ,
2776 2034 2897 2106 μηδ’
2943 2037 3242 2107 ἀναχωρεῖν
3286 2035 3511 2102 ἐθέλειν,
3571 2055 3806 2109 συστρα-

2216 2126 2394 2178 τεύειν
2441 2125 2487 2179 δ’
2526 2126 2677 2197 αὐτῷ
2722 2126 2817 2180 καὶ
2863 2125 3321 2195 συναγωνίζεσθαι
3359 2132 3480 2192 ταῖς
3521 2128 3659 2202 πρὸς
3712 2129 3806 2184 τὸν

2216 2216 2348 2270 Θεὸν
2377 2217 2681 2289 ἱκετηρίαις
2710 2217 2916 2286 ἔλεγον.
2952 2219 3165 2290 Σφόδρα
3188 2219 3233 2272 δ’
3256 2221 3349 2273 ἐπὶ
3373 2222 3491 2284 ταῖς
3524 2221 3805 2290 ἀγγελίαις

2216 2307 2423 2377 ἡσθεὶς,
2470 2308 2568 2380 τὴν
2608 2309 2832 2382 πορείαν
2883 2310 3064 2375 αὐτοῖς
3099 2310 3351 2365 διετύπου
3396 2312 3508 2383 (40)
3529 2331 3543 2343 ·
3590 2312 3807 2384 [ἔπειτα

2217 2400 2313 2454 καὶ
2333 2400 2434 2471 τὴν
2460 2402 2664 2472 σκηνὴν
2687 2401 2796 2472 (41)
2829 2402 2908 2471 τῷ
2927 2402 3025 2472 τῆς
3066 2402 3365 2473 ἐκκλησίας
3396 2404 3633 2475 σχήματι
3664 2404 3804 2475 πρὸς

2215 2491 2314 2562 τὴν
2353 2492 2561 2546 ἐκείνου
2593 2492 2686 2547 τοῦ
2718 2493 2958 2564 πολέμου
2996 2494 3301 2565 παράταξιν
3342 2496 3438 2549 σὺν
3465 2495 3629 2567 πολλῇ
3657 2496 3805 2566 φιλο-

2216 2584 2374 2654 τιμίᾳ
2405 2584 2816 2655 κατειργάζετο,
2848 2580 2964 2657 ὲνῇ
2998 2585 3078 2656 τῷ
3110 2585 3248 2656 Θεῷ,
3288 2586 3367 2657 τῷ
3399 2586 3498 2656 τῆς
3535 2587 3690 2658 νίκης
3717 2588 3806 2642 δοιν

2215 2676 2370 2747 τῆρι,
2399 2675 2501 2740 τὰς
2541 2677 2817 2748 ἱκετηρίας
2858 2677 2974 2748 ἅμα
3008 2679 3119 2742 τοῖς
3170 2678 3489 2743 ἐπισκόποις
3530 2678 3804 2734 ποιεῖσθαι

2217 2767 2449 2821 ἐπενόει.

2738 2948 3133 3001 ΚΕΦΑΛΑῙΟΝ
3162 2948 3283 3003 ΝΖ¹.

571 3035 866 3103 Quomodo,
883 3042 1138 3112 susceptis
1169 3041 1673 3112 Persarumlegalis,
1699 3044 1830 3112 festo
1856 3041 2078 3099 Pascha:

2222 3039 2412 3112 Ὅπως
2451 3038 2712 3112 Περσῶτί
2744 3042 3063 3112 πρεσϐείας
3094 3041 3443 3112 δεξάμενος,
3491 3043 3563 3097 ἐν
3587 3041 3663 3111 τῇ
3697 3041 3803 3100 τοῦ

942 3111 1029 3165 die
1057 3127 1176 3164 cum
1206 3113 1327 3166 aliis
1360 3111 1709 3181 pernoctavit.

603 3196 814 3254 Interea
848 3198 1026 3255 Persa:
1054 3215 1179 3255 cum
1232 3202 1624 3270 imperatorem
1675 3201 1871 3256 bellum
1922 3216 2116 3270 parare

532 3291 953 3361 comperissent,
983 3303 1184 3347 etcum
1231 3294 1322 3347 illo
1355 3295 1614 3364 congredi
1645 3295 2001 3349 vehementer
2034 3311 2117 3348 rc-

534 3385 914 3452 i’ormidarent,
949 3385 1134 3441 missis
1167 3386 1363 3457 legatis
1391 3402 1580 3457 pacem
1622 3386 1693 3441 ab
1715 3401 1782 3440 eo
1805 3389 2117 3455 postulave-

534 3482 682 3531 runt.
711 3475 899 3547 itaque
930 3477 1232 3548 imperator
1256 3479 1407 3549 pacis
1450 3479 1890 3543 amantissimus,
1922 3477 2116 3535 Persa-

603 3699 719 3772 (40)
742 3701 954 3772 Αὐζοῖς
977 3702 1284 3759 διετύπρυ.
1319 3700 1452 3767 Quae
1476 3700 1712 3768 posthaec
1744 3710 2043 3771 sequuntur
2062 3702 2113 3755 in

534 3770 779 3827 editione
822 3770 1150 3835 Cenevensi,
1203 3786 1379 3839 usque
1431 3772 1499 3825 ad
1547 3772 1765 3825 initium
1815 3770 2011 3838 capitis
2046 3772 2116 3826 59

534 3842 760 3896 deerant
788 3852 898 3896 tum
926 3841 980 3896 in
1014 3842 1207 3897 codice
1234 3841 1429 3911 Regio,
1456 3850 1571 3895 tum
1616 3841 1670 3895 in
1700 3841 1936 3896 editione
1974 3842 2112 3896 Rob.

533 3912 797 3979 Stephani
825 3923 912 3966 :et
935 3928 963 3966 a
988 3913 1121 3967 viris
1145 3913 1321 3967 doctis
1345 3911 1523 3966 addita
1547 3923 1757 3966 suntex
1778 3913 2115 3980 conjecmra,

538 3993 594 4036 ut
623 3983 837 4050 opinor.
869 3981 1005 4036 Nam
1040 3997 1160 4048 quae
1197 3991 1501 4050 sequuntur
1535 3982 1738 4050 capita,
1781 3983 1944 4036 nimis
1989 3982 2116 4036 bre-

533 4054 630 4122 via
663 4061 811 4116 sunt,
846 4067 950 4107 nec
978 4053 1276 4122 quidquam
1331 4051 1561 4120 amplius
1610 4051 1914 4115 continent,
1949 4067 2116 4120 quam

535 4121 636 4191 ipsi
663 4122 903 4191 capitum
934 4121 1106 4189 tituli;
1133 4121 1311 4191 quod
1349 4123 1565 4191 quidem
1610 4123 1680 4175 ab
1710 4122 1930 4176 Eusebii
1958 4122 2115 4175 insti-

535 4190 651 4263 tuto
682 4190 905 4263 prorsus
949 4190 1259 4263 abhorret.
1291 4190 1473 4257 Quare
1529 4190 1796 4263 credibile
1827 4201 1934 4255 est,
1968 4192 2118 4245 viros

533 4261 725 4317 doctos
758 4277 823 4316 ex
859 4264 1029 4317 titulis
1061 4262 1554 4333 capitulorum.qui
1593 4261 1733 4316 libro
1756 4272 1951 4330 quarto
1981 4277 2121 4333 prte-

535 4333 628 4385 tixi
657 4333 930 4404 leguntur.
979 4335 1094 4388 lucc
1131 4331 1481 4404 isupplevisse
1511 4348 1631 4404 qua:
1661 4334 1833 4404 uncis»
1857 4331 2116 4404 conclusa

2288 3109 2505 3179 Πάσχα
2536 3109 2713 3179 ἑορτῇ
2743 3109 3319 3179 συνδιενυκτέρευήσε
3344 3112 3468 3179 τοῖς
3499 3109 3730 3180 ἄλλοις.

2301 3201 2389 3255 Ἐν
2420 3201 2597 3273 τούτῳ
2638 3202 2845 3274 Πέρσαι
2885 3202 3178 3273 πυθόμενοι
3224 3203 3353 3275 περὶ
3404 3205 3503 3276 τῆς
3539 3203 3804 3274 βασιλέως

2217 3295 2356 3367 πρὸς
2408 3295 2641 3367 πόλεμον
2684 3297 3061 3369 παρασκευῆς,
3116 3298 3209 3351 καὶ
3252 3298 3401 3373 μάχῃ
3458 3300 3596 3371 πρὸς
3638 3298 3805 3355 αὑτὸν

2220 3390 2513 3462 συμϐαλεῖν
2561 3391 2765 3462 σφόδρα
2796 3390 3140 3461 φοῦούμενοι,
3173 3391 3260 3445 διὰ
3299 3392 3593 3464 πρεσϐείας
3640 3392 3805 3447 αὐτὸν

2218 3482 2467 3554 ἠξιοῦντο
2496 3482 2608 3554 (42)
2639 3483 2863 3555 εἰρήνην
2888 3482 3185 3538 ποιεῖσθαιο
3221 3484 3303 3537 διὸ
3326 3486 3354 3537 ό
3381 3485 3478 3556 μὲν
3509 3483 3819 3556 είρηνικώ-,

2221 3703 2287 3758 iis
2319 3717 2442 3772 quae
2485 3716 2553 3756 ex
2605 3700 2847 3772 Eusebio
2904 3709 3205 3765 mutuatur,
3250 3702 3381 3772 ipsis
3427 3701 3543 3758 fere
3582 3702 3804 3760 Eusebii

2222 3771 2403 3828 verbis
2434 3772 2510 3825 uti
2538 3771 2730 3835 solere.
2762 3771 2953 3840 Itaque
2987 3773 3102 3826 haec
3140 3771 3383 3827 Socratis
3416 3773 3584 3827 verba
3632 3773 3805 3830 Ense.

2220 3844 2505 3912 bianorum
2540 3843 2717 3895 vicem
2746 3841 2996 3912 supplere
3018 3851 3271 3912 possunt.
3298 3840 3434 3896 Nam
3463 3857 3586 3912 quae
3622 3843 3675 3897 in
3702 3844 3807 3899 hac

2224 3913 2417 3967 lacuna
2442 3911 2713 3982 leguntur,
2746 3926 2891 3982 :egre
2918 3911 3207 3982 admodum
3258 3911 3635 3967 Eusebii’esse
3680 3929 3805 3967 cre-

2222 3983 2474 4037 diderim.
2503 3981 2812 4051 Porrojam
2839 3993 2998 4036 antea
3023 3981 3437 4049 Constantinus,
3466 3983 3519 4035 in
3542 3982 3685 4037 bello
3711 3982 3805 4037 Li-

2222 4053 2443 4107 ciniano
2488 4050 2899 4105 tabernaculum
2963 4053 3145 4107 crucis
3196 4062 3351 4106 extra
3409 4060 3585 4105 castra
3637 4054 3808 4106 lixum

2225 4124 2513 4186 habuerat,
2563 4122 2615 4174 in
2669 4136 2777 4190 quo
2811 4120 3037 4189 jejuniis
3079 4133 3135 4176 et
3176 4122 3519 4177 orationibus
3553 4123 3804 4188 vacabat,

2224 4203 2362 4248 teste
2391 4192 2626 4246 Eusebio
2661 4192 2713 4249 in
2748 4191 2889 4245 libro
2914 4208 2974 4246 ll.
3010 4191 3115 4247 Sed
3152 4193 3205 4246 in
3237 4192 3362 4248 belli
3394 4191 3599 4247 Persici
3633 4206 3806 4260 appa-

2224 4272 2347 4317 ratu
2382 4263 2433 4316 id
2466 4262 2698 4330 amplius
2730 4262 2981 4324 prtestitit
3008 4263 3420 4326 Constantinus,
3455 4262 3598 4327 quod
3623 4261 3809 4315 taber-

2226 4332 2479 4386 naculum
2534 4332 2588 4384 iu
2630 4332 2874 4386 ecclesia:
2920 4330 3150 4385 formam
3208 4332 3538 4387 construxit.
3583 4330 3667 4383 Ab
3702 4331 3805 4387 hoc

533 4397 873 4459 exhibémus.
919 4403 1090 4457 Porro
1140 4397 1488 4457 in'editioue
1528 4397 1835 4458 Cencveusi
1890 4401 2120 4455 delenda
2153 4397 2203 4456 D
2227 4402 2567 4458 Constantini
2598 4402 2851 4472 instituto
2882 4417 3139 4472 manasse
3179 4413 3366 4472 postea
3394 4401 3585 4472 scribit
3631 4400 3803 4455 δοιο-

534 4475 803 4556 sunt'htec
827 4476 991 4556 verba
1012 4491 1036 4556 ,ε
1074 4474 1234 4556 adeo;
1257 4472 1337 4537 δέ,
1360 4488 1480 4556 qua;
1501 4473 1753 4556 leguntur
1786 4479 1906 4556 post
1928 4486 2118 4556 vocem

532 4542 811 4615 5t81t51'ipu.
865 4544 1083 4615 Etenim
1127 4545 1318 4615 lacuna
1375 4542 1565 4614 incipit
1614 4551 1743 4595 ante
1797 4544 1895 4596 has
1958 4555 2120 4615 voces

533 4612 785 4677 αὐτός’δὲ
811 4613 969 4678 νεών,
993 4623 1100 4670 etc.
1135 4612 1379 4668 Similem
1407 4612 1647 4668 errorem
1695 4627 1857 4679 supra
1906 4612 2118 4665 not-avi-

538 4699 680 4738 mus.
719 4682 974 4741 Nostram
1013 4700 1177 4750 porro
1204 4686 1271 4738 de
1299 4685 1401 4738 hoc
1426 4681 1802 4751 supplemento
1835 4681 2117 4749 conjectu-

537 4768 653 4808 ram
690 4754 851 4823 plaue
893 4756 1181 4808 conﬁrmat
1216 4755 1462 4823 Optimus
1485 4751 1819 4823 codequuk.
1855 4754 1947 4820 qui
1993 4766 2119 4805 cum

539 4820 747 4894 reliqua
780 4824 1151 4894 supplementa
1170 4820 1291 4892 qua:
1319 4839 1354 4894 a7
1372 4820 1782 4894 Genevensibus
1798 4824 1941 4876 edita
1961 4831 2116 4894 sunt,

539 4893 771 4948 tideliter
807 4892 1076 4960 eihibeat,
1113 4906 1167 4948 ut
1198 4895 1313 4947 suis
1344 4893 1477 4951 locis
1501 4892 1921 4952 adnotavimus,
1960 4892 2120 4958 hujus

539 4964 643 5033 loci
674 4964 1110 5033 snpplementum
1142 4980 1246 5018 nou
1278 4963 1460 5017 habet.
1496 4961 1603 5016 Sed
1624 4977 1798 5030 neque
1821 4962 1873 5015 in
1903 4962 2116 5016 Turne-

537 5034 591 5089 bi
632 5031 909 5090 libro‘imc
958 5035 1335 5103 fragmentum
1358 5034 1660 5103 ascriptum
1708 5044 1812 5097 est,
1857 5047 1979 5086 cum
2012 5048 2120 5087 ca:-

539 5114 654 5159 tera
681 5106 863 5161 omnia
890 5106 959 5160 ad
991 5102 1294 5175 marginem
1321 5102 1439 5173 ejus
1471 5103 1596 5159 libri
1622 5105 1828 5173 scripta
1875 5104 2118 5158 habean-

537 5185 649 5230 tur.

607 5246 721 5317 (41)
757 5247 1006 5302 Ἔπειτα
1028 5246 1129 5300 καὶ
1163 5245 1278 5314 τὴν
1307 5244 1568 5317 σκηνήν.
1596 5244 1837 5317 ldipsuui
1872 5243 1943 5317 i_ta
1973 5260 2117 5317 nar:

538 5310 629 5385 rat
658 5310 916 5371 Sperates
951 5319 1003 5371 in
1036 5318 1129 5373 lib.
1157 5333 1194 5380 I,
1222 5310 1339 5385 cap.
1374 5310 1443 5370 18
1469 5310 1851 5385 ξΤοσοῡτοςδὲ
1872 5310 1939 5383 ἦν
1963 5313 2116 5385 ὁψτοῦ

543 5383 819 5459 βασιλέως
844 5387 972 5458 περὶ
998 5387 1088 5440 τὸν
1114 5383 1522 5459 χριστιανισμρν
1546 5383 1729 5449 πόθος,
1758 5384 1833 5447 ὡς
1862 5385 1957 5437 καὶ
1981 5384 2121 5459 [Iep-

535 5455 691 5510 σικοῦ
741 5455 1025 5528 penam;
1073 5455 1340 5511 κινεῖσθαι
1391 5455 1652 5528 πολέμου.
1702 5455 2121 5528 κατασκευάσας

537 5524 828 5599 σκηνὴνὲκ
854 5528 1103 5598 ποικίλης
1136 5528 1345 5599 ὀθόνης,
1387 5524 1684 5599 ἐκκλησίας
1714 5524 1885 5599 τύπον
1923 5526 2119 5599 ἀποτετ-

534 5594 756 5669 λοῐξσαξν,
784 5597 974 5669 ὥσπερ
1003 5594 1242 5669 Μωῦσῆς
1267 5594 1324 5650 ἐν
1348 5600 1414 5668 τῇ
1449 5594 1641 5669 ἐρήμῳ
1663 5595 1989 5669 ἐπεποιήκει
2023 5594 2119 5648 καὶ

536 5616 756 5661 Λουσαν,
784 5616 974 5721 tum:er
1003 5616 1242 5669 Μωυσης
1267 5616 1324 5650 εν
1348 5616 1414 5668 τῃ
1449 5616 1641 5667 ερημῳ
1663 5616 1989 5665 επεποιηκει
2023 5616 2118 5648 και

533 5667 739 5757 ξειὲῖην
772 5669 904 5757 φέρε
952 5687 1054 5757 ,αιν
1096 5669 1339 5755 Miro"
1376 5666 2118 5757 ,*¢E&__‘F°’an.imt.°féi93§

536 5736 739 5800 τόπούς
786 5736 1097 5812 ἐρκτήριον
1154 5736 1617 5812 ηὐτρεπισμένον.Δ
1683 5736 1816 5812 Quae
1875 5736 2117 5812 Socratis

538 5812 705 5868 verba
736 5823 803 5865 eo
833 5806 1087 5867 libentius
1120 5806 1342 5880 adduxi,
1375 5806 1520 5881 quod
1545 5809 1710 5867 sciam
1745 5808 2026 5864 Socratem
2062 5806 2118 5863 iu

2230 4487 2441 4539 menus,
2493 4484 2551 4525 ut
2601 4470 2799 4540 singuli
2846 4471 3061 4526 numeri
3126 4470 3193 4524 in'
3226 4471 3471 4527 exercitu
3533 4471 3802 4536 Romano,

2226 4543 2633 4598 tabernaculum
2687 4558 2842 4595 suum
2890 4542 3151 4596 haberent
3180 4543 3355 4596 instar
3393 4541 3577 4596 sacelli
3611 4540 3807 4595 instru-

2222 4622 2389 4676 ctum,
2430 4622 2485 4666 et
2520 4611 2869 4681 presbyteros
2917 4626 2983 4666 ac
3034 4613 3294 4667 diaconos
3347 4611 3680 4681 peculiares,
3710 4611 3805 4680 qui

2223 4697 2338 4737 rem
2371 4683 2615 4736 divinam
2646 4682 2718 4735 ibi
2745 4694 3089 4750 peragerent.

2293 4748 3096 4824 ({2)_Atd_np806ela¢;adtdr
3126 4751 3431 4824 ήξιοῦξθτο.
3473 4748 3617 4824 Idem
3663 4750 3804 4805 scri-

2219 4821 2497 4880 bit‘Rui'us
2530 4822 2727 4877 Festus
2769 4823 2824 4876 in
2870 4821 3150 4876 Bretviario
3178 4837 3197 4874 :
3233 4842 3252 4874 ι
3292 4821 3691 4877 Constantinus
3718 4833 3805 4876 re-

2223 4909 2342 4948 rum
2375 4895 2626 4948 dominus
2653 4902 2902 4947 extremo
2933 4894 3057 4947 vitae
3084 4909 3200 4948 suae
3235 4904 3476 4959 tempore
3504 4891 3803 4959 expeditio-

2221 4979 2343 5019 nem
2385 4963 2599 5033 paravit
2644 4964 2698 5016 in
2747 4962 2963 5017 Persas.
3016 4963 3154 5018 Toto
3202 4964 3351 5018 enim
3390 4962 3543 5033 orbe
3593 4962 3802 5033 pacatis

2221 5031 2491 5105 gentibus,
2522 5043 2581 5105 et
2613 5034 2821 5105 recenti
2863 5034 2931 5086 de
2975 5033 3171 5105 Gothis
3205 5031 3438 5105 victoria
3479 5031 3799 5105 gloriosior,

2221 5101 2408 5158 multis
2432 5106 2485 5158 in
2517 5102 2714 5158 Persas
2743 5104 3111 5159 descendebat
3133 5102 3464 5172 agminibus.
3509 5101 3623 5155 Sub
3647 5102 3803 5167 cujus

2222 5176 2515 5230 adventum
2543 5174 2860 5245 Babylonia:
2892 5174 2944 5227 in
2987 5184 3195 5245 tantum
3231 5188 3397 5242 regna
3429 5173 3798 5238 trepidaruut,

2222 5256 2281 5299 ut
2308 5245 2530 5314 supplex
2572 5246 2638 5299 ad
2662 5260 2784 5299 eum
2810 5244 3009 5314 legatio
3045 5244 3713 5314 Persarutqoccurreret.
3749 5251 3805 5294 et

2221 5311 2465 5370 facturos
2488 5330 2547 5370 se
2575 5316 2840 5383 imperata
2864 5311 3271 5383 promitterent.
3313 5311 3425 5366 Nec
3482 5322 3662 5383 tamen
3709 5325 3806 5379 pro

2222 5386 2458 5454 assiduis
2504 5381 2884 5454 eruptionibus
2904 5400 3042 5454 quas
3085 5386 3189 5439 sub
3218 5382 3546 5437 Constantio
3585 5381 3804 5436 Caesare

2223 5471 2320 5522 per
2368 5452 2646 5510 Orientem
2700 5452 3072 5515 tentaveraut,
3119 5458 3333 5522 veniam
3389 5459 3738 5522 meruerunt.
3777 5468 3797 5501 ι

2223 5518 2477 5580 Socrates
2505 5541 2632 5580 vero
2661 5526 2760 5579 hoc
2785 5533 2994 5578 tantum
3027 5525 3159 5579 dicit
3183 5542 3195 5575 :
3223 5521 3337 5576 ἀλλ’
3369 5519 3659 5592 οὺίπροέϐη
3680 5518 3805 5592 τότε

2220 5597 2249 5648 ὁ
2283 5596 2551 5667 πόλεμος·
2601 5594 2753 5667 ἔφθη
2803 5595 2914 5667 γὰρ
2942 5594 3051 5667 δέει
3104 5593 3198 5667 τοῦ
3261 5589 3526 5663 βασιλέως
3571 5589 3800 5667 ⁸σεε-σθῆ-

2221 5684 2330 5731 ναι,
2359 5656 2556 5721 ἱιίέεὶι
2590 5656 2696 5720 Sed
2734 5656 2925 5718 bellum
2955 5666 3177 5717 ulterius
3202 5656 3306 5717 non
3347 5661 3627 5731 processit.
3654 5656 3796 5720 Nati

2220 5754 2334 5812 pro:
2375 5748 2513 5794 metu
2539 5737 2871 5808 imperatoris
2904 5736 3081 5791 statim
3110 5748 3408 5805 repressum
3428 5741 3525 5788 ut.
