4186 6430
423 367 563 425 1209

1552 365 1641 419 DE
1680 363 1842 420 VITA
1883 363 2341 422 CONSTANTINI
2379 364 2508 420 LIB.
2548 364 2636 420 IV.

3566 370 3705 426 I2I0

418 503 582 552 τατος
633 485 886 557 βασιλεὺς
933 485 1032 559 τὴν
1082 486 1310 558 Περσῶν
1370 486 1669 558 πρεσϐείαν
1706 487 1995 559 δεξάμενος

2095 538 2096 545 η
2134 502 2252 541 rum
2286 487 2564 557 legatione
2610 487 2843 556 benigne
2887 495 3161 556 suscepta,
3200 502 3385 556 pacem
3417 498 3464 541 et
3514 490 3703 544 amici-

421 577 639 646 φιλικὰς
663 569 843 646 δεξιὰς
876 579 1172 651 προθύμως
1198 579 1294 634 σὺν
1315 581 1543 644 ἐκείνοις
1571 580 1860 633 ἐσπείσατο
1877 580 2007 650 (45).

421 668 561 741 ’Πδη
590 670 637 723 δ’
670 673 703 743 ἡ
738 670 949 742 μεγάλη
989 670 1083 724 τοῦ
1124 671 1316 742 Πάσχα
1360 672 1521 744 ἑορτὴ
1565 671 1769 744 παρῆν,
1823 674 1881 724 ὲν
1922 667 2012 745 ᾖὸ

418 762 673 834 βασιλεὺς
713 765 793 835 τῷ
825 764 944 837 Θεῷ
969 765 1069 830 τὰς
1103 767 1270 837 εὐχὰς
1304 766 1608 831 ἀποδιδοὺς,
1641 767 2010 822 συνδιενυκτέτ

421 870 580 924 ρευσε
608 858 723 920 τοῖς
753 853 954 919 ἄλλοις.

939 947 1340 1000 ΚΕΦΑΛΑΙΟΝ
1377 947 1512 1003 NH’.

413 1030 554 1099 Περὶ
583 1030 906 1102 οἰκοδομῆς
932 1033 1040 1087 τοῦ
1062 1035 1545 1103 ἐπικαλουμένου
1574 1035 1694 1089 τῶν
1719 1037 2008 1091 Ἀποστόη

578 1104 705 1155 λων
723 1103 794 1155 ἐν
824 1107 1467 1161 Κωνσταντινουπόλει
1489 1108 1837 1175 μαρτυρίου.

497 1191 621 1246 Ἐπὶ
662 1192 872 1258 τούτοις
907 1195 1017 1268 (44)
1063 1196 1125 1250 τὸ
1174 1196 1470 1272 μαρτύριον
1511 1202 1568 1253 ἐν
1619 1203 1683 1271 τῇ
1736 1200 2007 1277 ἐπωνύμῳ

415 1280 566 1335 πόλει
600 1282 694 1336 ἐπὶ
747 1284 933 1358 μνήμῃ
980 1286 1089 1339 τῶν
1129 1288 1444 1343 ἀποστόλων
1486 1291 1788 1361 οἰκοδομεῖν
1832 1309 2005 1363 παρεα

415 1377 711 1441 σκευάζετο
750 1394 764 1408 ³
799 1379 962 1443 αὐτὸς
1002 1380 1057 1433 δὲ
1091 1381 1226 1435 νεὼν
1273 1384 1486 1437 ἅπαντα
1526 1386 1607 1447 εἰς
1637 1383 1770 1454 ὕψος
1800 1384 2004 1454 ἄφατον

413 1465 647 1536 ὲπάρας,
697 1466 860 1520 λίθων
904 1470 1195 1535 ποικιλίαις
1245 1473 1512 1525 παντοίων
1563 1471 2005 1545 ὲξαστράπτοντα

413 1557 608 1623 ἐποίει,
643 1561 723 1623 ei;
754 1559 915 1614 αὑτὸν
947 1562 1143 1633 ὅροφον
1172 1564 1233 1628 ἐξ
1268 1565 1495 1633 ἐδάφους
1536 1565 1828 1632 πλακὼσας
1852 1584 1864 1596 ·
1889 1568 2005 1620 δια-

412 1648 592 1707 λαϐὼν
624 1650 681 1704 δὲ
711 1650 929 1715 λεπτοῖς
960 1653 1281 1726 φατνώμασι
1313 1655 1411 1726 τὴν
1448 1655 1665 1725 στέγην,
1695 1657 1880 1727 χρυσῷ
1902 1656 2001 1729 τὴν

414 1743 594 1796 πᾶσαν
646 1743 980 1798 ἐκάλυπτεν·
1032 1745 1145 1799 ἄνω
1185 1747 1381 1817 χαλκὸς
1419 1748 1517 1818 μὲν
1547 1748 1658 1818 (45)
1690 1748 1810 1801 ἀντὶ
1833 1750 2000 1820 κερά-

2128 586 2254 631 tra'm
2284 596 2404 631 cum
2464 581 2545 633 eis
2592 572 2827 633 libenter
2866 579 3083 648 pepigit.
3114 580 3319 634 Aderat
3361 581 3474 648 jam
3511 597 3700 650 magna

2123 672 2394 738 paschalis
2445 669 2565 724 festi
2599 670 2964 726 solemnitas:
3006 673 3057 724 in
3105 687 3210 740 qua
3253 673 3551 740 imperator
3578 684 3701 729 vota

2124 761 2237 815 Deo
2261 762 2600 831 persolvens,
2634 778 2739 816 una
2768 777 2890 816 cum
2930 762 3142 816 cancris
3168 765 3521 831 pernoctavit.

2681 936 2910 992 CAPUT
2941 936 3118 990 LVIII.

2317 1029 2395 1083 De
2429 1032 2821 1099 constructione
2852 1028 3094 1099 martyrii
3122 1028 3486 1098 Apostolorum

2666 1097 3141 1166 ConstantinOpoli.

2187 1192 2435 1247 Posthzec
2485 1192 2535 1245 in
2601 1193 2920 1245 memoriam
2956 1193 3323 1261 apostolorum
3371 1192 3690 1262 martyrium

2113 1283 2390 1338 aedificare
2419 1283 2583 1350 coepit
2616 1285 2667 1335 in
2726 1282 2860 1335 urbe
2907 1283 3010 1337 sibi
3058 1284 3401 1353 cognomine.
3447 1284 3693 1352 Cumque

2116 1378 2377 1447 templum
2414 1393 2577 1431 omne
2613 1377 2666 1430 in
2715 1378 3037 1431 immensam
3090 1378 3429 1432 altitudinem
3464 1377 3692 1432 extulis-

2113 1479 2218 1531 set,
2246 1469 2399 1523 vario
2445 1468 2680 1539 lapidum
2748 1484 2947 1539 genere
2983 1468 3327 1538 splendidmn
3358 1470 3608 1535 reddidit,
3658 1485 3687 1525 a

2056 1560 2059 1561 ⁷
2110 1560 2226 1615 solo
2247 1561 2315 1614 ad
2338 1576 2612 1615 cameram
2645 1577 2820 1631 usque
2846 1560 3168 1615 marmoreis
3196 1562 3540 1616 crustisillud
3570 1577 3694 1632 ope-

2110 1653 2276 1705 riens.
2299 1650 2471 1704 Porro
2499 1666 2776 1707 cameram
2809 1650 3165 1705 lacunaribus
3192 1650 3537 1706 minutissimi
3559 1666 3691 1719 Ope-

2112 1743 2187 1795 ris
2217 1742 2515 1807 obducens,
2555 1752 2721 1797 totam
2775 1756 2913 1797 auro
2966 1741 3370 1799 imbracteavit.
3409 1745 3474 1797 Et
3525 1756 3688 1812 supra

415 1849 539 1908 μου,
582 1834 827 1906 φυλακὴν
855 1834 932 1908 τῷ
959 1836 1105 1909 ἔργῳ
1144 1839 1281 1910 πρὸς
1324 1839 1495 1893 ὑετῶν
1528 1840 1826 1908 ἀσφάλειαν
1869 1859 1995 1914 παρ-

2111 1831 2332 1899 quidetn
2382 1847 2457 1885 azs
2487 1831 2791 1902 tegularum
2822 1833 2945 1887 loco
2976 1832 3308 1904 impositum,
3338 1833 3589 1886 universo
3623 1846 3692 1884 ae-

412 1927 562 1997 εῖχε’
612 1928 708 1981 καὶ
732 1926 921 1981 τοῦτον
963 1929 1021 1982 δὲ
1075 1930 1242 1993 πολὺς
1289 1930 1637 2002 περιέλαμπε
1673 1932 1894 2003 χρυσὸς,
1927 1934 2003 1996 ὡς

411 2019 789 2095 μαρμαρυγὰς
833 2023 947 2083 τοῖς
984 2020 1265 2094 πόρρωθεν
1299 2022 1545 2092 ἀφορῶσι
1578 2027 1698 2086 ταῖς
1728 2023 1879 2093 ἡλίου
1902 2024 2002 2077 αὐ-

406 2113 533 2178 γαῖς
565 2111 1083 2182 ἀντανακλωμέναις
1122 2113 1448 2183 ἐκπέμπειν.
1502 2115 1784 2167 Δικτυωτά
1815 2115 1873 2167 δὲ
1907 2116 2002 2169 πέο

410 2199 497 2281 ριξ
525 2201 757 2255 ὲκύκλου
786 2203 848 2255 τὸ
894 2203 1166 2272 δωμάτιον
1212 2204 1320 2271 (46)
1355 2205 1664 2273 ἀνάγλυφα,
1696 2206 1881 2278 χαλκῷ
1908 2211 2004 2262 καὶ

408 2293 597 2365 χρυσῷ
630 2296 1094 2366 κατειργασμένα.

926 2469 1324 2522 ΚΕΦΑΛΑῘΟΝ
1364 2470 1490 2523 NG’.

626 2558 954 2626 Ἕκφρασις
976 2560 1063 2615 ἔτι
1092 2560 1197 2615 τοῦ
1225 2561 1413 2616 αὐτοῦ
1435 2565 1786 2633 μαρτυρίου.

479 2648 591 2701 Καὶ
622 2650 650 2702 ὁ
675 2651 773 2720 μὲν
802 2650 937 2715 νεὼς
961 2645 1064 2705 ὧδε
1100 2652 1198 2706 σὺν
1229 2652 1396 2725 πολλῇ
1428 2655 1690 2726 βασιλέως
1722 2656 2003 2730 φιλοτιμίᾳ

334 2731 338 2735 “
411 2739 648 2810 σπουδῆς
690 2741 943 2809 ἠξιοῦτοο
988 2742 1134 2813 ἀμφὶ
1178 2743 1236 2796 δὲ
1279 2744 1467 2799 τοῦτον
1515 2746 1725 2817 αἴθριος
1763 2743 1831 2819 ἦν
1863 2748 2002 2820 αὐλὴ

407 2831 794 2903 παμμεγέθης,
835 2835 917 2896 εἰς
963 2834 1103 2906 ἀέρα
1152 2834 1394 2907 καθαῴν
1430 2838 1891 2911 ἀναπεπταμένη·
1943 2843 2001 2894 ἐν

405 2921 796 2994 τετραπλεύρῳ
836 2924 894 2982 δὲ
926 2923 1100 2999 ταύτῃ
1135 2926 1289 2979 στοαὶ
1320 2927 1615 3000 διέτρεχον,
1654 2930 1816 3000 μέσον
1854 2931 2002 3003 αὐτῷ

407 3014 515 3084 νεῷ
550 3013 611 3067 τὸ
654 3014 865 3087 αἴθριον
905 3017 1393 3088 ἀπολαμϐάνουσαι
1420 3036 1433 3049 ·
1464 3017 1602 3074 οἶκοί
1634 3039 1694 3074 τε
1743 3022 2001 3093 βασίλειοι

406 3109 528 3171 ταῖς
564 3112 765 3175 στοαῖς,
815 3109 1017 3182 λουτρά
1057 3128 1117 3163 τε
1164 3113 1257 3165 καὶ
1296 3114 1728 3185 ἀνακαμπτήρια
1773 3116 2002 3189 παρεξε-

2106 1922 2287 1977 diticio
2335 1923 2728 1977 munimentum
2801 1927 3064 1982 adversus
3123 1927 3326 1979 imbres
3390 1924 3684 1993 praebebat.

2108 2013 2264 2080 Quod
2299 2014 2484 2069 itidem
2520 2031 2652 2069 auro
2686 2016 2922 2086 plurimo
2972 2017 3317 2088 superfusum
3370 2016 3687 2085 resplende-

2106 2108 2233 2173 bat,
2290 2108 2426 2161 adeo
2467 2117 2525 2161 ut
2570 2109 2758 2178 procul
2822 2110 3184 2178 spectantium
3241 2108 3427 2163 oculos
3474 2108 3686 2178 fulgore

2106 2196 2532 2266 prwstringeret,
2558 2198 2689 2253 solis
2739 2200 2906 2254 radiis
2931 2201 3057 2253 ueris
3084 2198 3298 2267 objecta
3330 2200 3682 2267 repercussis.

2108 2288 2302 2342 Totum
2353 2304 2482 2343 vero
2528 2290 2788 2344 solarium
2842 2293 3142 2346 reticulatis
3194 2293 3519 2362 quihusdam
3552 2306 3686 2343 ana-

2106 2377 2319 2446 glyphis
2347 2393 2413 2431 ex
2439 2393 2548 2432 :cre
2573 2388 2627 2433 et
2648 2395 2782 2433 auro
2804 2379 3116 2435 fabrefactis
3132 2382 3682 2436 eratcircumdatum.

2590 2472 2755 2542 555
2801 2470 3032 2525 CAPUT
3066 2472 3203 2527 th.

2481 2562 2776 2630 Descriptio
2803 2563 3037 2632 ejusdem
3076 2568 3339 2635 martyrii.

2178 2653 2255 2705 Ac
2295 2652 2553 2723 templum
2580 2653 2799 2721 quidem
2851 2654 3028 2722 ipsum
3066 2656 3302 2707 innximo
3342 2652 3687 2721 imperatoris

2110 2746 2289 2800 Stttdio
2327 2745 2469 2798 Ituttc
2522 2746 2575 2799 itt
2615 2746 2835 2799 modum
2875 2746 3261 2801 exornabatur.
3299 2748 3451 2800 Circa
3510 2749 3682 2813 ipsttttt

2106 2836 2361 2905 templum
2386 2837 2575 2907 ingens
2599 2845 2717 2893 erat
2739 2851 2892 2906 area,
2919 2837 3091 2893 libero
3114 2852 3178 2891 ac
3206 2847 3424 2906 patente
3457 2838 3687 2906 desuper

2104 2928 2265 2983 melo.
2297 2927 2461 2996 Cujus
2485 2931 2550 2981 ad
2583 2939 2822 2998 quatuor
2876 2930 3050 2983 latera
3093 2929 3337 2998 porticus
3394 2936 3552 2984 erant
3579 2929 3683 2984 sibi

2104 3017 2338 3072 invicem
2364 3020 2691 3088 conjunctae,
2717 3036 2837 3089 qua:
2870 3035 3057 3075 aream
3088 3021 3139 3073 in
3169 3019 3348 3074 medio
3379 3020 3540 3074 sitam
3579 3035 3683 3075 una

2104 3125 2228 3163 cmn
2280 3109 2395 3177 ipso
2433 3110 2634 3176 templo
2668 3110 3199 3178 circumcingebaut.
3232 3110 3505 3164 Praeterea
3541 3110 3677 3163 basi-

406 3199 632 3261 τείνετο,
657 3200 791 3255 ἅλλα
818 3219 877 3254 τε
917 3202 1144 3259 πλεῖστα
1185 3204 1508 3273 καταγώγια
1543 3210 1656 3270 τοῖς
1699 3208 1793 3260 τοῦ
1828 3208 1995 3261 τόπου

2103 3200 2239 3266 Ιὶραξ,
2280 3200 2519 3265 lavacra,
2563 3202 2862 3255 diversoria
2893 3210 2948 3257 et
2976 3201 3078 3255 alia
3105 3200 3338 3270 plurima
3375 3201 3680 3255 habitacula

408 3294 666 3361 φρουροῖς
696 3293 1020 3363 ἐπιτηδείως
1044 3296 1399 3366 εἰργασμένα.

939 3477 1339 3529 ΚΕΦΑΛΑῘΟΝ
1385 3478 1460 3531 Ξ’.

408 3563 529 3620 Ὅτι
571 3565 643 3619 ἐν
686 3566 876 3634 τούτῳ
932 3568 1031 3621 καὶ
1074 3569 1370 3641 μνημεῖον
1412 3572 1499 3635 εὶς
1544 3558 1762 3641 ’ταφὴν
1803 3572 1995 3639 ἐαυτῷ

928 3639 1462 3708 προσῳκοδόμησε.

474 3729 664 3785 Ταῦτα
709 3730 889 3785 πάντα
937 3731 1168 3804 ἀφιέρου
1222 3731 1494 3802 βασιλεὺς,
1543 3732 1862 3799 διαιωνίζων
1914 3736 1994 3799 εἰς

403 3821 652 3886 ἅπαντας
673 3822 782 3877 τῶν
806 3823 900 3877 τοῦ
932 3824 1184 3895 Σωτῆρος
1212 3824 1371 3895 ἡμῶν
1394 3825 1705 3879 ἀποστόλων
1731 3826 1829 3898 τὴν
1862 3828 1996 3898 μνή-

407 3930 514 3984 μην
533 3932 546 3946 ο
578 3913 846 3985 ᾠκοδόμει
873 3914 918 3968 δ’
940 3916 1049 3987 ἄρα
1073 3915 1167 3968 καὶ
1191 3914 1316 3970 ἄλλο
1345 3934 1398 3969 τι
1424 3919 1489 3988 τῇ
1514 3916 1723 3988 διανοίᾳ
1750 3919 1990 3985 σκοπῶν,

403 4003 432 4058 ὃ
461 4004 526 4077 δὴ
561 4004 823 4059 λανθάνον
861 4005 1157 4078 ταπρῶτα,
1204 4006 1528 4080 κατάφωρον
1577 4008 1716 4080 πρὸς
1744 4009 1823 4081 τῷ
1851 4011 1993 4065 τέλει

400 4096 514 4158 τοῖς
560 4096 725 4148 πᾶσιν
775 4095 1039 4165 ἐγίγνετο.
1087 4096 1259 4160 Αὐτὸς
1304 4097 1436 4166 γοῦν
1479 4098 1627 4170 αὑτῷ
1676 4103 1757 4164 εἰς
1804 4102 1994 4157 δέοντα

405 4185 597 4257 καιρὸν
627 4187 726 4265 τῆς
764 4186 929 4240 αὑτοῦ
963 4187 1243 4259 τελευτῆς,
1275 4190 1364 4243 τὸν
1399 4190 1644 4245 ἐνταυθοῖ
1672 4193 1835 4247 τόπον
1866 4197 1992 4250 ἐτα-

405 4276 640 4346 μιεύετο·
664 4277 763 4347 τῆς
777 4276 886 4332 τῶν
902 4278 1212 4334 ἀποστόλων
1235 4284 1591 4354 προσρήσεως
1614 4285 1866 4339 κοινωνὸν
1881 4286 1992 4359 (47)

473 4388 587 4464 (45)
631 4390 876 4464 Φιλικ-ᾲς
923 4388 1130 4464 δεξιὰς
1157 4393 1498 4464 -.προθύμως
1554 4392 1678 4447 σὺν
1737 4395 1992 4464 ἐκείνοις

403 4458 764 4533 ἐσπεζσατο.
794 4460 1014 4533 Notabis
1033 4460 1132 4514 hic
1156 4458 1576 4526 barbaris-nmio,
1613 4479 1718 4518 non
1746 4458 1986 4533 Eusebii,

407 4530 501 4584 sed
530 4529 648 4605 ejus
679 4530 767 4605 qui
810 4531 910 4605 hoc
943 4533 1435 4605 caputsupplegit.
1493 4533 1793 4587 Dicendum
1834 4529 1981 4591 enim
2014 4550 2059 4604 υ

402 4609 520 4673 erat
546 4598 693 4671 ’πρὸς
717 4599 960 4673 exslvet);
978 4598 1293 4673 ἐσπείσατο.
1333 4601 1435 4656 Sed
1466 4620 1640 4673 neque
1669 4604 1769 4657 hoc
1795 4607 1979 4661 verisi-

402 4669 532 4742 mile
562 4669 664 4733 eSt,
688 4670 1123 4742 Constantinum
1158 4674 1250 4740 qui
1272 4688 1463 4728 oruues
1499 4669 1704 4742 imperii
1749 4675 1979 4731 Romani

400 4740 897 4812 copiasadversns
931 4739 1129 4812 Persas
1177 4739 1584 4808 commovi-rat,
1626 4760 1812 4812 pacem
1854 4763 1978 4801 cum

401 4810 481 4863 eis
517 4809 734 4864 fecisse.
766 4810 1116 4864 Contrarium
1145 4822 1295 4867 certe
1318 4814 1552 4867 alllrmat
1578 4809 1748 4868 nurus
1785 4815 1980 4872 Festus

403 4877 742 4954 c_ujusyerb_a
782 4880 1037 4954 superius
1068 4882 1372 4947 retulimus,
1402 4894 1457 4937 et
1487 4885 1778 4953 Eutropius
1808 4897 1976 4954 atque

403 4949 658 5021 Aurelius
679 4949 886 5021 Victor.
914 4948 1166 5021 Socrates
1196 4961 1376 5007 tamen
1409 4969 1595 5021 pacem
1626 4948 1748 5009 cum
1771 4948 1978 5020 Persis.

404 5020 491 5074 vel
520 5031 671 5074 certe
699 5019 946 5074 inducias
986 5019 1161 5073 factas
1187 5023 1355 5076 fuisse
1388 5019 1584 5077 innuit.

473 5088 591 5160 (44)
628 5090 761 5144 Ἐπὶ
805 5090 1058 5154 τούτοις.
1093 5089 1223 5156 Quis
1253 5108 1356 5146 non
1389 5094 1534 5147 videt
1559 5097 1673 5149 haec
1700 5094 1770 5149 ab
1800 5094 1975 5149 aliena

404 5174 568 5214 manu
593 5162 916 5231 concinnata
969 5161 1129 5214 esse?
1180 5160 1363 5231 Neque
1391 5164 1533 5217 enim
1562 5180 1684 5218 cum
1728 5166 1975 5231 sequenti

400 5231 583 5301 capite
606 5230 725 5301 ullo,
761 5232 919 5283 tnodo
967 5230 1320 5285 conveniunt.
1367 5233 1420 5286 In
1473 5234 1572 5288 hoc
1614 5230 1979 5301 capite’Cou-

400 5251 583 5301 capue
606 5251 716 5285 ιιιιο
761 5251 919 5283 111000
967 5251 1320 5285 εοηνειιιυηι.
1367 5251 1420 5286 ΙΙΙ
1473 5251 1572 5288 llOC
1614 5251 1673 5289 C3
1721 5251 1790 5291 lle
1841 5251 1979 5289 ωυ-

400 5300 674 5375 stantinus
697 5300 910 5375 dicitur
929 5302 1163 5375 coepisse
1204 5303 1478 5357 :editicare
1531 5251 1789 5375 tetnprum
1833 5308 1980 5375 Apo-

402 5370 668 5425 stolorum
702 5381 821 5446 post
861 5369 1231 5446 dies_Pasc_ha:
1273 5375 1409 5446 anni
1442 5374 1567 5428 557.
1612 5369 1669 5430 In
1727 5369 1975 5446 sequenti

403 5450 583 5495 autem
615 5441 816 5512 capite,
854 5441 996 5510 quod
1021 5444 1089 5496 ab
1127 5442 1359 5496 Eusebio
1396 5445 1657 5512 scriptum
1691 5441 1975 5502 essecon-

401 5519 531 5586 stat,
565 5511 821 5586 templum
848 5512 975 5565 illttd
991 5512 1102 5581 jam
1124 5513 1433 5586 absolutum
1466 5511 1725 5569 cernitur.
1751 5519 1911 5586 Atqui
1944 5535 1974 5572 a

403 5581 593 5636 diebus
610 5580 833 5654 Pascha:
865 5596 1035 5654 usque
1071 5584 1135 5636 ad
1158 5581 1540 5654 Pentecosten,
1567 5600 1672 5654 qua
1706 5587 1795 5642 die
1826 5580 1972 5641 mor-

405 5658 533 5725 t_uus_
566 5662 653 5705 est
702 5653 1236 5725 Constantinus,_vix
1277 5653 1472 5725 hu_mns
1507 5653 1649 5723 egeri
1700 5656 1870 5725 potuit
1908 5660 1974 5712 ad

404 5718 752 5792 fundamenta
796 5722 981 5792 templi
1026 5721 1299 5791 jacienda.
1337 5718 1571 5778 Proinde
1615 5718 1837 5781 necesse
1866 5739 1970 5792 est,

403 5800 466 5864 ιιι
493 5790 901 5864 tetnplumjllnd
924 5790 1195 5864 uitiante
1228 5802 1462 5864 emptum
1496 5795 1655 5851 fuerit
1689 5790 1968 5854 azdillcari.

411 5856 540 5917 Vide
570 5856 729 5932 caput
759 5860 826 5916 56
848 5860 1006 5934 hujus
1038 5861 1188 5919 libri.

2096 3295 2162 3345 ad
2195 3308 2348 3345 usum
2375 3308 2561 3346 eorum
2595 3294 2686 3373 qui
2721 3293 2900 3347 locmn
2926 3293 3332 3359 custodiebant,
3383 3293 3684 3361 porticibus

2098 3384 2380 3452 applicita,
2410 3400 2600 3437 earum
2624 3384 3014 3453 longitudinem
3043 3385 3353 3454 aequabant.

2698 3474 2926 3531 CAPUT
2966 3474 3079 3529 LX.

2097 3563 2251 3631 Quod
2275 3566 2434 3621 etiam
2461 3566 2515 3620 in
2539 3583 2599 3621 eo
2634 3567 2822 3643 templo
2875 3567 3171 3638 sepulcrum
3213 3567 3317 3622 sibi
3370 3568 3675 3638 a'diﬁcavit.

2166 3722 2292 3778 Hasc
2338 3724 2522 3778 omnia
2571 3724 2844 3785 dedicavit
2895 3726 3198 3794 imperator
3229 3743 3294 3782 eo
3332 3727 3585 3797 consilio,
3623 3739 3681 3783 ut

2096 3815 2465 3884 apostolorum
2516 3815 2830 3871 Servatoris
2862 3817 3034 3871 nostri
3091 3819 3411 3873 memoriam
3446 3822 3680 3887 posteris

2096 3907 2149 3960 iu
2185 3917 2503 3976 perpetuum
2532 3909 2964 3963 commendaret.
2993 3907 3100 3964 Sed
3129 3920 3186 3965 et
3224 3911 3371 3965 aliud
3401 3913 3677 3983 quidpiam

2096 3997 2150 4051 in
2202 4007 2385 4051 mente
2441 3998 2671 4064 habens,
2706 4000 2877 4054 aedem
2939 3999 3088 4053 illam
3125 4003 3482 4057 construxit:
3534 4005 3678 4073 quod

2095 4087 2252 4141 initio
2274 4088 2493 4157 quidem
2518 4091 2837 4154 obscurum,
2877 4091 3097 4145 tandem
3128 4105 3259 4146 vero
3287 4093 3541 4147 omnibus
3577 4095 3680 4149 sub

2093 4180 2255 4233 linem
2288 4180 2547 4235 innotuit.
2586 4181 2799 4251 Quippe
2827 4182 2942 4250 ipse
2994 4182 3140 4237 hunc
3186 4184 3294 4237 sibi
3347 4184 3527 4238 locum
3556 4196 3677 4254 post

2096 4280 2324 4327 mortem
2361 4273 2788 4342 designaverat,
2847 4275 3159 4333 incredibili
3214 4276 3339 4332 ﬁdei
3393 4277 3676 4334 alacritate
3730 4330 3733 4333 .

2311 4389 2460 4441 'A'rw
2488 4389 2721 4457 χαλκὸς
2736 4389 2873 4458 μέν.
2907 4389 3266 4446 Scribendutn
3295 4401 3380 4446 est
3420 4390 3534 4446 ἄνω
3574 4391 3676 4464 μὲν

2094 4456 2312 4529 χαλκός.

2164 4530 2278 4599 (46)

2087 4602 2269 4668 capite
2301 4600 2369 4652 ’55
2410 4599 2479 4652 τὰ
2533 4600 2692 4670 ὲκτὸς
2740 4599 2966 4670 δώματα
3002 4610 3158 4655 vocat
3180 4599 3471 4656 exteriora
3531 4614 3671 4660 tecta

2084 4671 2343 4725 basilicae.
2373 4671 2560 4741 Itaque
2605 4669 2876 4741 δωμάτιον
2923 4672 3011 4725 hic
3051 4672 3265 4741 videtur
3302 4687 3427 4726 esse
3467 4683 3669 4727 tectum

2085 4742 2253 4796 totius
2280 4740 2540 4804 basilicae,
2562 4742 2647 4794 vel
2690 4740 2846 4795 certe
2870 4740 3076 4793 altaris.
3122 4740 3401 4809 Ejusmodi
3437 4753 3579 4797 tecta
3612 4746 3668 4799 iu

2080 4812 2229 4865 orbis
2257 4811 2497 4878 speciem
2540 4811 2807 4864 aedificata
2839 4826 2939 4863 nos
2963 4809 3101 4864 G'alli
3144 4811 3410 4879 hodieque
3448 4814 3665 4869 domum

2083 4895 2357 4935 vocamus.
2393 4879 2564 4933 Porro
2586 4883 2652 4933 de
2690 4880 2870 4947 templi
2897 4880 3284 4947 Apostolorum
3313 4884 3668 4947 magniﬁcen-

2082 4951 2157 5003 tia
2202 4950 2501 5019 Grcgorius
2552 4948 2684 5005 Naz.
2720 4951 2772 5004 in
2814 4952 3061 5005 carmine
3093 4953 3161 5005 de
3209 4950 3480 5008 insomnio
3517 4956 3664 5009 Aua-

2080 5021 2264 5074 stasite
2301 5022 2374 5072 ita
2411 5020 2642 5074 set-ibit:

2078 5089 2205 5144 Σὺν
2229 5089 2351 5156 τοῖς
2382 5090 2481 5161 καὶ
2513 5087 2903 5161 μεγάλαυχον
2927 5089 3062 5161 ἕδος
3096 5090 3369 5158 Χριστοῐο
3386 5091 3671 5161 μαθητῶν

2154 5158 2444 5232 πλευραῖς
2480 5160 2926 5232 σταυροτύποις
2964 5160 3217 5229 τέτραχα
3259 5158 3644 5232 tepidum-or,

2153 5229 2209 5285 Id
2243 5242 2349 5296 est,
2385 5229 2453 5282 Et
2477 5230 2831 5298 magniﬁcum
2857 5232 3104 5297 templum
3151 5229 3350 5284 Christi
3381 5229 3670 5300 discipulo.

2080 5315 2219 5371 tum,
2246 5313 2479 5371 quatuor
2512 5300 2769 5354 lateribus
2788 5302 3099 5354 distinctum
3118 5304 3171 5355 in
3207 5304 3379 5355 crucis
3416 5302 3662 5370 formam.

2084 5370 2398 5441 Hujusmodi
2425 5370 2601 5425 forma
2642 5372 2771 5425 olim
2799 5371 3047 5426 ecclesia:
3074 5373 3577 5441 construebautur,
3604 5383 3663 5425 ut

2078 5439 2285 5495 notavit
2308 5441 2594 5497 Gretserns
2630 5444 2681 5496 in
2713 5442 2869 5497 libris
2895 5440 2970 5494 De
3002 5459 3178 5506 cruce,
3204 5440 3418 5495 Marcus
3448 5442 3501 5495 in
3544 5439 3663 5495 Vita

2081 5512 2256 5591 δαηςιέ
2284 5509 2597 5591 ferre/rit.-

2149 5581 2262 5653 (47)
2283 5578 2541 5650 Τῆςτῶν
2559 5583 2922 5637 ἀποστόλων
2935 5579 3325 5653 προσρήσεως
3346 5578 3659 5653 κοινωνότ.

2076 5650 2277 5707 Alludit
2313 5653 2580 5707 Eusebius
2621 5653 2688 5706 ad
2735 5650 3320 5723 COgnontentum_illutl
3365 5650 3661 5723 ισαποστό-

2075 5725 2190 5783 λου,
2222 5737 2334 5791 quo
2364 5734 2483 5792 post
2518 5732 2748 5778 mortem
2790 5716 3016 5776 a'ﬂ'ectus
3042 5732 3135 5792 est'
3152 5716 3568 5785 Constantinus,
3603 5732 3663 5776 ut

2074 5795 2276 5863 legitur
2312 5791 2372 5846 in
2396 5792 2614 5848 Menaeis
2656 5793 2991 5849 Graecorum.
3022 5791 3186 5863 Quod
3230 5800 3656 5863 cognomentum

2074 5859 2262 5921 nescio
2282 5878 2383 5920 cur
2413 5874 2695 5934 tantopere
2715 5864 2765 5919 ei
2806 5861 3060 5917 inviderit
3121 5859 3363 5931 Scaliger
3392 5859 3450 5916 in
3483 5859 3580 5917 lib.
3619 5873 3656 5918 ν

2331 4528 2401 4601 Τὸ
2437 4529 2753 4601 δωμάτιον.
2790 4530 3062 4601 Eusebius
3112 4545 3274 4601 supra
3315 4531 3367 4584 in
3418 4529 3560 4587 libro
3608 4549 3671 4588 ttt
