4186 6412
527 373 663 430 1211

1236 372 1507 429 EUSEBll
1542 371 2033 429 .CESARIENSIS‘
2067 372 2221 430 OPP.
2262 371 2457 428 PARS
2484 373 2527 429 Ι.
2566 403 2638 415 --
2675 371 3071 428 HISTORICA.

3662 371 3801 427 ηιξ).

527 494 979 567 prospiciens,.ut
1004 508 1205 564 corpus
1241 509 1400 550 suum
1429 510 1772 550 communem
1809 512 1932 551 cum
1979 512 2099 567 apo-

2209 495 2271 550 τὸ
2326 494 2519 549 ἑαυτοῦ
2576 495 2773 566 οκῆνος
2831 492 2969 564 μετά
3042 491 3274 546 θάνατον
3341 491 3584 562 προνοῶν
3635 492 3802 564 ὑπερ-

529 587 691 643 stolis
754 587 1171 657 appellationem
1224 598 1346 655 post
1378 588 1585 642 obitum
1618 590 1950 643 sortiretur:
2003 605 2111 657 quo

528 682 741 736 scilicet
769 681 1148 750 precationum
1176 695 1296 750 quae
1333 682 1385 734 in
1425 682 1688 737 honorem
1730 682 2108 751 apostolorum

529 770 602 827 ihi
626 772 963 828 celebrandae
982 783 1161 837 erant,
1186 773 1349 827 etiam
1370 786 1616 829 mortuus
1640 776 1908 843 particeps
1933 777 2106 832 ﬁeret.

527 865 661 921 Cum
695 865 860 934 igitur
876 865 1161 919 duodecim
1191 863 1302 918 illic
1320 881 1534 935 capsas,
1560 867 1712 935 quasi
1742 881 1926 922 sacras
1948 883 2111 936 quas-

529 955 653 1009 dam
688 954 972 1009 columnas
1000 956 1051 1008 in
1083 957 1345 1012 honorem
1379 972 1445 1011 ac
1472 957 1791 1011 memoriam
1823 957 2106 1025 apostolici

528 1049 739 1120 collegii
776 1050 1062 1114 erexisset,
1097 1067 1251 1106 suam
1282 1052 1450 1121 ipsius
1480 1067 1664 1105 arcam
1697 1052 1749 1104 in
1782 1052 1958 1104 medio
1977 1067 2107 1105 con-

528 1143 725 1205 ειίιυίι,
754 1157 873 1210 quae
908 1156 1070 1197 senas
1100 1143 1358 1212 utrinque
1387 1142 1964 1212 apostolorumcapsas
1992 1143 2107 1197 dis-

528 1234 728 1302 positas
767 1233 1020 1287 habebat.
1083 1234 1260 1301 Atque
1310 1234 1360 1286 id
1394 1234 1446 1286 in
1491 1249 1556 1288 eo
1607 1233 1726 1288 loco
1760 1234 1849 1286 ubi
1907 1249 2106 1302 corpus

526 1325 697 1393 ipsius
734 1334 855 1393 post
912 1335 1141 1379 mortem
1202 1325 1466 1379 decenter
1510 1325 1885 1393 deponendum
1917 1336 2102 1389 esset,

526 1417 879 1473 solertissime
904 1417 1161 1487 providit.
1183 1416 1277 1469 His
1302 1416 1391 1470 ille
1412 1416 1502 1479 diu
1530 1429 1689 1471 antea
1711 1418 1893 1485 sagaci
1925 1428 2106 1470 mente

528 1506 830 1575 dispositis,
874 1507 1043 1562 :edem
1094 1506 1355 1575 apostolis
1384 1506 1773 1571 consecravit,
1810 1522 1906 1574 pro
1952 1515 2103 1561 certo

524 1598 626 1652 sibi
656 1597 1013 1665 persuadens,
1059 1598 1251 1651 horum
1277 1597 1595 1650 memoriam
1624 1612 1730 1650 non
1764 1613 1955 1667 parum
1992 1600 2102 1651 uti-

522 1688 700 1743 litatis
737 1690 931 1744 animte
957 1705 1067 1743 suae
1099 1704 1220 1744 esse
1261 1688 1576 1743 allaturam.
1635 1687 1745 1744 Nec
1783 1704 1911 1745 vero
1962 1690 2104 1746 Deus

523 1796 649 1836 eum
691 1791 816 1836 voto
872 1790 1034 1851 atque
1088 1780 1498 1849 exspectatione
1526 1795 1624 1834 sua
1659 1781 1960 1836 frustratus
1993 1791 2098 1837 est.

2215 588 2485 661 ϐαλλούσῃ
2516 587 2751 650 πίστεως
2779 584 3058 658 προθυμίᾳ
3081 583 3428 655 γεγενῆσθαι,
3472 584 3548 647 ὡς
3596 583 3662 636 ἂν
3707 585 3799 637 καὶ

2217 681 2357 752 μετά
2397 680 2655 751 τελευτὴν
2699 679 2897 749 ἀξιῷτο
2936 677 3044 731 τῶν
3079 676 3323 730 ἐνταυθοῖ
3353 675 3659 747 μελλουσῶν
3707 675 3800 727 ἐπὶ

2211 777 2344 845 τιμῇ
2400 772 2508 826 τῶν
2551 773 2861 826 ἀποστόλων
2912 770 3280 824 συντελεῖσθαι
3334 769 3531 840 εὐχῶν.
3579 766 3798 821 Δώδεκα

2210 864 2256 917 δ’
2284 860 2377 918 οὖν
2410 862 2601 916 αὐτόθι
2629 863 2802 934 θήκας
2825 903 2839 927 ,
2868 861 3070 914 ὡσανεὶ
3104 861 3304 933 στήλας
3330 859 3510 930 ἱερὰς,
3546 861 3636 912 ἐπὶ
3662 859 3794 929 τιμῇ

2210 955 2306 1008 καὶ
2344 957 2534 1026 μνήμῃ
2563 954 2658 1007 τοῦ
2688 955 2796 1007 τῶν
2824 951 3136 1006 ἀποστόλων
3161 952 3381 1022 ἐγείρας
3406 948 3589 1022 χοροῦ,
3625 950 3788 1021 μέσην

2209 1047 2375 1101 ὲτίθει
2406 1047 2505 1117 τὴν
2535 1045 2731 1100 ἑαυτοῦ
2756 1046 2920 1111 αὐτὸς
2953 1046 3200 1118 λάρνακα
3235 1042 3378 1113 (48),
3415 1039 3485 1115 ἦς
3517 1040 3785 1112 ἑκατέρω-

2210 1139 2299 1192 θεν
2321 1138 2429 1192 τῶν
2455 1138 2767 1193 ἀποστόλων
2794 1139 2897 1191 ἀνὰ
2925 1137 2984 1203 ἓξ
3008 1137 3289 1191 διέκειντο.
3328 1136 3439 1187 Καὶ
3460 1134 3620 1188 τοῦτο
3642 1132 3792 1202 γοῦν,

2207 1232 2284 1295 ὼς
2313 1232 2470 1303 ἔφην,
2512 1230 2748 1302 σώφρονι
2788 1230 3033 1301 λογισμῷ
3058 1271 3073 1293 ,
3120 1228 3247 1282 ἔνθα
3295 1226 3444 1298 αὐτῷ
3486 1226 3549 1279 τὸ
3599 1227 3795 1296 σκῆνος

2205 1323 2592 1394 τελευτήσαντι
2634 1323 2726 1376 τὸν
2772 1324 2882 1393 βίον
2931 1321 3223 1392 εὐπρεπῶς
3265 1319 3450 1390 μέλλοι
3495 1317 3794 1371 διαναπαύ-

2207 1414 2385 1479 εσθαι,
2416 1416 2657 1469 ἐσκόπει.
2700 1415 2837 1469 Ἀλλ’
2860 1417 2888 1468 ὁ
2916 1415 3034 1486 μὲν,
3062 1414 3125 1466 ἐκ
3159 1410 3370 1483 μακροῦ
3394 1411 3487 1464 καὶ
3513 1409 3794 1481 πρόπαλαι

2204 1505 2285 1576 τῷ
2333 1506 2579 1578 λογισμῷ
2629 1507 2804 1561 ταῦτα
2856 1505 3346 1579 πρυτανευόμενος,
3401 1503 3629 1574 ἀφιέρου
3680 1501 3794 1565 τοῖς

2207 1600 2526 1664 ἀποστόλοις
2570 1599 2662 1652 τὸν
2711 1599 2867 1664 νεὼν,
2921 1598 3190 1667 ὠφέλειαν
3236 1596 3416 1666 ψυχῆς
3470 1594 3793 1665 ὀνησιφόρον

2206 1693 2304 1764 τὴν
2348 1691 2515 1745 τῶνδε
2562 1692 2782 1763 μνήμην
2822 1689 3092 1747 ποιεῖσθαι
3124 1687 3273 1758 αὐτῷ
3311 1685 3583 1741 πιστεύων
3606 1701 3621 1716 ο
3659 1684 3795 1747 Θεὸς

2206 1782 2263 1835 δὲ
2316 1782 2476 1835 αὑτὸν
2517 1782 2610 1835 καὶ
2659 1780 2769 1834 τῶν
2817 1782 2935 1834 κατ’
2971 1780 3135 1851 εὐχὰς
3171 1776 3649 1851 προσδοκηθέντων
3695 1777 3793 1829 οὐκ

523 1870 658 1928 Nam
677 1888 798 1926 cum
824 1873 1027 1941 primas
1045 1871 1317 1941 paschalis
1345 1870 1464 1925 festi
1496 1872 1918 1927 exercitationes
1936 1874 2099 1928 ohiis-

2204 1874 2456 1946 ἀπηξίου.
2495 1874 2582 1937 Ὠς
2607 1873 2716 1944 γὰρ
2744 1873 2841 1937 τὰς
2876 1870 3097 1944 πρώτας
3128 1872 3229 1941 τῆς
3260 1871 3352 1924 τοῦ
3378 1870 3570 1939 Πάσχα
3596 1868 3793 1940 ἑορτῆς

522 1974 631 2030 set,
655 1965 939 2034 ipsumque
969 1964 1278 2018 Servatoris
1311 1963 1484 2017 nostri
1507 1963 1677 2030 diem,
1709 1974 1822 2019 tum
1852 1965 1954 2020 sibi
1987 1975 2099 2020 tum

520 2056 643 2111 aliis
680 2054 933 2111 omnibus
965 2054 1145 2109 ltetum
1180 2063 1346 2123 atque
1377 2053 1605 2109 hilarem
1627 2056 1987 2122 reddidisset,
2018 2058 2103 2113 his

519 2150 671 2205 illum
711 2149 874 2204 rebus
907 2149 1198 2214 intentum,
1245 2157 1298 2202 et
1358 2150 1410 2202 in
1469 2148 1777 2218 hujusmodi
1844 2150 2102 2219 operibus

518 2249 845 2307 perstantem
881 2254 1052 2309 usque
1097 2240 1164 2292 ad
1194 2240 1399 2293 exitum
1456 2240 1603 2307 vitae,
1636 2239 1780 2295 Deus
1812 2243 1965 2311 cujus
2004 2257 2104 2295 au-

516 2329 647 2384 xilio
680 2338 876 2383 cuncta
940 2329 1188 2397 gerebat,
1244 2338 1554 2397 opportune
1611 2333 1825 2384 tandem
1873 2345 1999 2386 eum
2032 2332 2100 2386 ad

519 2421 799 2474 meliorem
832 2428 1034 2475 sortem
1070 2420 1375 2473 transferre
1398 2421 1653 2491 dignatus
1678 2430 1782 2477 est.

1011 2511 1171 2582 557
1205 2511 1435 2566 CAPUT
1466 2512 1600 2566 LXI.

587 2602 936 2673 Imperatoris
959 2604 1252 2675 egritudo.
1274 2614 1342 2675 iet
1379 2606 1647 2659 orationes
1693 2604 2025 2675 Helenopoli.

944 2673 1077 2726 Item
1127 2674 1193 2726 de
1233 2674 1345 2739 ejus
1390 2674 1669 2743 baptismo.

587 2764 864 2834 Principio
887 2766 1103 2834 quidem
1129 2765 1412 2833 inaequalis
1475 2765 1724 2835 corporis
1773 2770 2095 2839 temperies;

516 2857 756 2924 posthaec
792 2857 1016 2912 morbus
1050 2873 1173 2912 eum
1222 2859 1441 2913 invasit.
1477 2859 1658 2927 Itaque
1693 2860 1758 2913 ad
1798 2876 1970 2930 aquas
2005 2878 2098 2915 ca-

516 2946 660 3001 lidas
698 2948 938 3003 civitatis
987 2964 1099 3003 sua:
1160 2965 1503 3020 progressus,
1560 2952 1682 3004 inde
1725 2950 2094 3020 lleleuopolim

516 3042 730 3098 delatus
752 3055 856 3107 est,
888 3043 1076 3097 urbem
1119 3045 1310 3097 matris
1340 3059 1452 3098 suae
1491 3044 1709 3098 nomine
1732 3044 2050 3113 appellatam
2078 3063 2092 3099 :

514 3134 700 3204 ibique
728 3134 782 3188 in
818 3133 1014 3202 templo
1063 3146 1361 3203 martyrum
1392 3135 1481 3188 diu
1518 3147 1907 3200 commoratus,
1966 3152 2095 3205 sup-

2207 1965 2540 2036 συνεπλήρου
2564 1966 2848 2031 ἀσκήσεις,
2874 1966 2971 2035 τήν
2995 1981 3056 2017 τε
3080 1966 3346 2035 σωτήριον
3374 1961 3633 2032 διήγαγεν
3654 1959 3793 2031 ἡμέ-

2205 2074 2325 2129 ραν,
2360 2056 2618 2128 λαμπράν
2650 2055 2798 2125 αὐτῷ
2822 2073 2882 2109 τε
2910 2057 3005 2109 καὶ
3038 2058 3150 2120 τοῖς
3186 2057 3319 2108 πᾶσι
3351 2054 3450 2123 τὴν
3476 2052 3670 2124 έορτὴν
3698 2069 3795 2105 κα-

2201 2149 2592 2221 ταφαιδρύνας,
2631 2150 2687 2200 ὲν
2732 2147 2906 2218 τούτῳ
2959 2147 3119 2219 μέχρι
3153 2147 3342 2209 τέλους
3375 2144 3486 2216 (49)
3514 2143 3612 2215 τὴν
3644 2142 3793 2213 ζωὴν

2202 2244 2488 2298 διανύοντα
2518 2241 2612 2296 καὶ
2642 2242 2700 2294 ἐν
2732 2240 2943 2302 τούτοις
2966 2240 3116 2303 ὄντα,
3145 2239 3278 2302 Θεὸς
3305 2230 3349 2305 ᾧ
3371 2235 3545 2291 ταῦτα
3574 2234 3793 2298 συνεξε-

2200 2337 2362 2402 τέλει,
2393 2335 2536 2390 κατά
2557 2335 2749 2407 καιρὸν
2771 2335 2926 2389 εῦκαι
2935 2351 3026 2406 ρον
3043 2333 3145 2403 τῆς
3179 2331 3330 2396 θείας
3346 2318 3438 2384 ὲπὶ
3453 2330 3516 2384 τὸ
3542 2332 3794 2402 κρεῖττον

2205 2430 2555 2502 μεταϐάσεως
2584 2429 2743 2482 αὑτὸν
2777 2429 2952 2498 ἠξίου.

2712 2520 3110 2573 ΚΕΦΛΛΑῘΟΝ
3145 2517 3266 2574 ΞΜ.

2213 2613 2536 2683 Ἀνωμαλιά
2558 2613 2832 2681 σώματος
2859 2613 2927 2664 ἐν
2963 2612 3365 2670 Ἐλενοπόλει,
3401 2609 3500 2664 καὶ
3530 2622 3793 2678 προσευ-

2553 2684 2675 2751 χαὶ,
2699 2682 2797 2736 καὶ
2830 2684 2962 2751 περὶ
2988 2682 3430 2749 βαπτίσματος.

2270 2772 2483 2827 Γίνεται
2508 2773 2552 2826 δ’
2576 2774 2723 2844 αὐτῴ
2749 2774 2939 2845 πρώτη
2966 2793 3051 2837 τις
3075 2772 3358 2844 ἀνωμαλία
3383 2770 3476 2825 τοῦ
3509 2768 3785 2840 σώματος.

2198 2860 2311 2918 Εἶτ’
2341 2861 2435 2918 οὖν
2482 2865 2726 2928 κάκωσις
2774 2865 2866 2917 ἐπὶ
2908 2866 2968 2917 τὸ
3005 2865 3140 2922 αὐτὸ,
3174 2862 3494 2936 συμϐαίνειο
3548 2861 3790 2915 κᾶπειτα

2196 2957 2297 3027 τῆς
2340 2956 2506 3009 αὑτοῦ
2546 2956 2753 3021 πόλεως
2799 2958 2892 3010 ἐπὶ
2935 2957 3135 3027 λουτρὰ
3166 2955 3384 3027 θερμῶν
3418 2954 3624 3008 ὑδάτων
3654 2952 3791 3024 πρό-

2197 3062 2356 3110 εισιν,
2403 3045 2554 3099 ἔνθεν
2592 3064 2653 3098 τε
2688 3046 2788 3115 τῆς
2817 3045 2981 3101 αὑτοῦ
3013 3045 3217 3117 μητρὸς
3253 3044 3347 3096 ἐπὶ
3370 3044 3469 3115 τὴν
3497 3039 3787 3111 ἐπώνυμον

2197 3138 2504 3205 ἀφικνεῖται
2526 3137 2699 3192 πόλιν.
2727 3136 3023 3190 Κάνταῦθα
3046 3135 3125 3206 τῷ
3145 3135 3253 3188 τῶν
3279 3134 3571 3206 μαρτύρων
3596 3134 3791 3205 εὐκτη·

513 3225 838 3298 plicationes
858 3233 912 3278 et
935 3240 1124 3294 preces
1154 3224 1349 3279 obtulit
1376 3226 1502 3278 Deo.
1528 3225 1773 3293 Cumque
1790 3238 2092 3280 extremum

2200 3199 2300 3300 ρίῳ
2328 3228 2673 3300 ὲνδιατρίψας
2701 3228 2854 3298 οἴκῳ,
2887 3199 3195 3300 ίκετηρίόυς
3225 3199 3390 3297 εῦχάς
3419 3199 3478 3278 τε
3510 3226 3605 3279 καὶ
3636 3199 3762 3278 λιτα

513 3320 641 3374 vine
670 3320 811 3373 diem
847 3319 949 3373 sibi
976 3318 1088 3387 jam
1119 3318 1405 3373 imminere
1441 3321 1691 3384 sentiret,
1728 3330 1938 3388 tempus
1976 3332 2091 3375 tan~

517 3409 640 3463 dem
669 3410 859 3463 adesse
891 3408 1241 3473 existimavit,
1272 3425 1380 3478 quo
1412 3409 1574 3464 totius
1609 3411 1736 3464 vitae
1774 3412 1970 3465 delicta
2000 3428 2094 3466 ex-

520 3500 731 3569 piaret,
768 3497 1079 3553 ﬁrmissime
1109 3498 1374 3561 credens,
1408 3514 1749 3569 quaecunque
1782 3502 2096 3558 humanitus

514 3593 876 3662 peccavisset,
921 3606 1249 3646 arcanorum
1282 3592 1573 3647 verborum
1620 3593 1858 3649 ellicacia
1900 3607 1956 3649 et
2002 3612 2093 3649 sa-

516 3684 684 3739 lutari
722 3684 943 3740 lavacro
968 3684 1190 3755 penitus
1216 3700 1336 3739 esse
1370 3686 1620 3741 delenda.
1650 3686 1774 3740 liae
1801 3701 1922 3739 cum
1952 3687 2092 3754 apud

514 3792 577 3834 se
599 3784 926 3846 reputasset,
960 3792 1095 3847 geuu
1119 3777 1258 3834 ﬂexo
1288 3779 1434 3832 humi
1471 3777 1856 3847 procumbens,
1882 3781 2093 3834 veniam

481 3980 489 3989 ,
516 3926 594 3981 De
633 3929 996 3982 emendatione
1022 3940 1336 3997 temporum,
1362 3939 1421 3983 ut
1445 3931 1591 3985 dicat
1622 3931 1849 3985 multum
1883 3933 2092 3988 detrahi

518 3999 586 4051 de
613 3999 769 4068 laude
805 4010 861 4051 et
898 4000 1069 4068 gloria
1112 4001 1503 4067 apostolorum.
1534 4017 1655 4055 cum
1701 4018 1888 4055 eorum
1935 4018 2096 4055 voca-

516 4068 702 4121 bulum
731 4067 1090 4123 Constantino
1127 4072 1409 4124 tribuitur.
1446 4073 1602 4126 Certe
1634 4074 1885 4139 quiSquis
1932 4087 2095 4126 accu-

516 4148 639 4213 [ate
663 4139 959 4213 inspexerit
993 4156 1113 4209 quae
1140 4156 1169 4192 a
1200 4140 1558 4213 Constantino
1583 4144 1649 4195 ad
1688 4146 2094 4213 propagandant

514 4206 713 4264 Christi
745 4206 1097 4283 litiemges'ta
1115 4223 1262 4271 sunt,
1286 4210 1546 4283 fatebitur
1571 4206 1805 4283 omnino
1830 4206 1886 4264 id
1900 4228 2098 4283 cogno-

514 4292 638 4333 men
686 4279 879 4333 merito
913 4281 987 4334 illt
1018 4282 1253 4335 delatum
1278 4281 1462 4334 fuisse.
1497 4281 1651 4346 Quod
1698 4283 1744 4337 si
1797 4279 1996 4337 Thecla
2040 4285 2094 4337 id

515 4360 938 4425 cognomen-tum
975 4351 1179 4425 mereri
1211 4353 1404 4425 potuit,
1439 4367 1599 4419 quam
1633 4352 1864 4407 Basilius
1904 4354 2096 4407 Seleu-

515 4416 719 4493 cieitsis
762 4416 977 4493 aliique
1020 4416 1373 4493 ίσαπόστολον
1423 4416 1829 4488 cognominant,
1890 4436 2097 4493 quanto

517 4489 711 4562 potiori
754 4486 879 4555 jure
928 4492 993 4562 id,
1030 4491 1391 4546 Constantino
1447 4486 1736 4559 tribuetur,
1786 4486 2091 4562 pcr'quem

518 4543 719 4611 iactum
740 4543 929 4620 έδιῖιιι
1285 4543 1440 4615 illunc
1464 4543 1885 4618 emitesrﬁvntbs—l
2124 4543 2170 4597 θ

517 4625 786 4700 Eusebius
834 4630 1021 4685 iisdem
1070 4648 1257 4685 rursus
1296 4634 1479 4685 verbis
1528 4633 1701 4685 utitur
1744 4634 1794 4685 in
1841 4649 1964 4700 cap.
2003 4634 2092 4699 7i,

518 4699 678 4771 infra.
711 4700 911 4755 Auctor
946 4702 1199 4769 Synodici
1242 4703 1468 4768 loquens
1509 4703 1578 4755 de
1609 4705 1816 4771 synodo
1855 4699 2089 4766 Nicarna,

516 4768 943 4843 μωνσταντίνος,
973 4768 1006 4823 ό
1035 4774 1094 4825 ὲν
1124 4773 1471 4843 Χριστιαιγοίς
1495 4768 1805 4843 βασιλεῦσιν
1840 4773 2095 4828 Ἀπόστο-

516 4835 627 4900 λοςη.
655 4837 831 4903 Atque
863 4842 934 4893 ita
966 4835 1260 4895 dicitur'in
1300 4835 1834 4898 oilicio'ercorum
1889 4847 1974 4900 die
2024 4846 2088 4900 21

515 4906 982 4981 Maii3utlegitur
1011 4914 1061 4963 in
1098 4911 1292 4981 Typico
1323 4913 1381 4966 ὃ.
1418 4914 1596 4966 Sahte.

569 4961 699 5053 ita)
733 4961 969 5045 Μέὲὴν
994 4961 1198 5053 satis?
1215 4961 1355 5049 "ei"?
1367 4961 1379 4966 ’
1400 4961 1620 5053 sliat;
1665 4983 1958 5053 λάρνακα.
2025 4987 2096 5041 At

514 5050 959 5117 Chrysoswmus,
993 5051 1210 5105 bomilia
1234 5053 1307 5106 ‘26
1380 5053 1435 5105 in
1485 5052 1658 5119 [ἐνίει.
1712 5050 1757 5113 ll
1797 5057 1866 5109 ad
1899 5055 2095 5111 Corin-

517 5120 681 5191 thios,
728 5133 850 5189 pag.
886 5119 1016 5181 7M,
1054 5123 1132 5174 ait
1178 5122 1596 5178 C0ustantiuum
1628 5126 1893 5191 sepultum
1929 5128 2096 5181 fuisse

517 5188 568 5243 in
601 5188 864 5265 vestibulo
898 5194 1032 5245 tedis
1058 5191 1466 5259 Apostolorum,
1497 5197 1661 5265 quasi
1682 5188 1869 5259 eorum
1893 5196 2096 5265 janito—

517 5274 627 5312 rem
646 5261 873 5335 ;‘__idque
916 5273 1233 5335 exaggerate
1262 5278 1361 5318 suo
1414 5278 1586 5317 more.
1625 5264 1752 5319 Haec
1805 5261 1969 5335 igitur
2020 5268 2092 5321 ita

516 5329 809 5385 conciliare
846 5342 1081 5404 oportet,
1119 5342 1174 5387 ut
1206 5333 1597 5399 Constantinus
1653 5329 1871 5404 quidem
1926 5339 2094 5391 cada-

520 5414 614 5473 ver
649 5416 807 5473 suum
851 5402 903 5454 in
938 5404 1115 5457 medio
1149 5405 1534 5473 Apostolorum
1573 5402 1784 5459 [inuitari
1816 5406 2048 5461 voluerit
2079 5427 2092 5463 :

517 5467 868 5544 Qon~tu_ntius
897 5486 1046 5538 vero,
1077 5489 1171 5527 seu
1199 5467 1324 5544 quis
1372 5474 1537 5534 alius.
1569 5476 1620 5528 id
1653 5476 1778 5529 alibi
1812 5474 2097 5534 locaverit.

517 5536 678 5593 Certe
704 5540 948 5596 Zonaras
992 5536 1204 5610 scribit,
1221 5536 1618 5599 'Constantium
1670 5546 1838 5609 patris
1867 5548 1948 5601 sui
2015 5549 2099 5599 [ιι-

520 5622 620 5663 aus
648 5612 971 5687 deposuisse
1019 5617 1072 5687 in
1098 5614 1307 5687 templo
1339 5614 1719 5683 Apostolorum
1754 5615 1806 5669 in
1832 5619 2095 5687 peculiari

519 5683 773 5753 porticu.
795 5696 957 5749 quam
985 5686 1051 5738 ad
1090 5686 1323 5753 idipsum
1357 5693 1729 5739 exstruxerat.

556 5749 703 5829 _(49)
736 5752 893 5829 Yulg.
930 5752 1002 5807 ἐν
1049 5749 1246 5829 τούτῳ
1287 5753 1484 5820 τέλος.
1522 5754 1579 5810 In
1624 5757 1764 5811 libro
1813 5756 1992 5813 Μοτωί
2030 5759 2098 5813 le-

520 5820 663 5883 gitur
686 5820 896 5888 τέλους,
932 5836 988 5881 et
1035 5834 1161 5879 ante
1194 5820 1355 5892 illam,
1378 5838 1567 5883 vocem
1617 5829 1913 5887 asteriscus
1936 5833 2092 5901 poni--

2197 3321 2344 3384 νείας
2372 3321 2654 3393 ἀνέπεμπε
2694 3321 2771 3392 τῷ
2798 3320 2938 3393 Θεῷ.
2980 3319 3196 3392 Ἐπειδὴ
3230 3321 3287 3373 δὲ
3316 3323 3396 3383 εἰς
3428 3320 3636 3373 ἔννοιαν
3659 3318 3788 3389 ἥκει

2193 3414 2291 3483 τῆς
2319 3412 2414 3466 τοῦ
2451 3412 2564 3482 βίου
2607 3413 2863 3482 τελευτῆς
2884 3452 2898 3476 ,
2935 3413 3253 3483 καθάρσεως
3282 3411 3468 3464 τοῦτον
3494 3404 3632 3464 εἶναι
3659 3426 3786 3461 και·

2198 3505 2291 3578 ρὸν
2317 3505 2427 3559 τῶν
2451 3522 2580 3558 ποτε
2608 3504 2757 3575 αὐτῷ
2784 3504 3151 3575 πεπλημμελη
3162 3503 3336 3573 μένων
3360 3503 3469 3556 δεῖν
3490 3501 3627 3573 ᾤετο
3648 3501 3787 3571 (50),

2194 3599 2294 3652 ὅσα
2327 3591 2417 3650 οἷα
2448 3595 2628 3667 θνητῷ
2655 3597 2974 3668 διαμαρτεῖν
3008 3595 3210 3666 ἐπῆλθε
3231 3638 3245 3661 ,
3276 3594 3427 3648 ταῦτ’
3461 3592 3789 3665 ἀπορρύψα-

2197 3689 2322 3743 σθαι
2348 3690 2446 3760 τῆς
2472 3688 2673 3760 ψυχῆς,
2700 3687 2872 3756 λόγων
2897 3688 3223 3759 ἀπορρήτων
3248 3688 3495 3757 δυνάμει,
3532 3685 3789 3755 σωτηρίῳ

2195 3799 2259 3852 γε
2299 3781 2441 3853 λόγῳ
2469 3780 2694 3853 λουτροῦ
2722 3780 2833 3853 (51)
2857 3819 2872 3844 ,
2909 3781 3229 3846 πιστεύσας.
3261 3780 3432 3834 Τοῦτό
3460 3798 3538 3833 τοι
3569 3780 3787 3850 διανοη-

2200 3950 2306 4011 tnr;
2340 3940 2482 4011 lego
2531 3940 2706 4011 igitur
2760 3941 2817 4011 ἐν
2862 3939 3038 4011 τούτῳ
3102 3940 3261 4011 μέχρι
3290 3940 3479 4011 τέλους
3505 3939 3605 4009 τὴν
3638 3938 3787 4008 ζωὴν

2196 4009 2500 4064 διανύοντα.
2530 4009 2700 4063 Porro
2728 4010 2816 4064 hic
2850 4009 3145 4066 asteriscus
3175 4009 3333 4064 tidem
3369 4010 3497 4063 facit
3535 4012 3783 4063 lacunam

2201 4080 2342 4149 hanc
2366 4096 2430 4133 ex
2463 4081 2649 4148 aliquo
2671 4083 2856 4136 codice
2892 4083 3267 4149 manuscripto
3295 4081 3597 4149 suppletam
3626 4093 3772 4132 esse.

2200 4147 2570 4203 Nihilominus
2594 4161 2772 4205 tamen
2814 4154 2971 4207 valde
3000 4147 3213 4212 dubito,
3263 4169 3328 4206 ne
3362 4147 3433 4204 ex
3465 4150 3784 4218 conjectura

2198 4218 2498 4288 cujnspiam
2527 4219 2627 4273 viri
2663 4221 2805 4275 docti
2833 4223 2947 4276 hmo
2969 4225 3134 4277 etiam
3161 4222 3403 4286 proiecta
3433 4221 3561 4275 sint.
3598 4221 3785 4285 Neque

2197 4291 2343 4341 enim
2383 4290 2561 4343 oratio
2609 4291 2739 4344 mihi
2796 4294 3010 4345 videtur
3065 4293 3197 4344 satis
3258 4292 3471 4353 Grzeca.
3512 4291 3570 4343 ἐν
3602 4288 3783 4357 τούτῳ

2202 4359 2303 4430 τὴν
2326 4358 2470 4430 ζωὴν
2519 4359 2801 4415 διανύοντα
2849 4362 2945 4415 καὶ
2992 4365 3050 4415 ὲν
3083 4362 3293 4425 τούτοις
3325 4362 3474 4425 ὄντα,
3510 4362 3786 4430 οιιιῐιᾲιιιιυϐ

2201 4429 2385 4501 inepta
2428 4428 2518 4484 sit
2565 4434 2835 4501 repetitio.
2890 4432 3213 4500 Mallemque
3249 4433 3473 4486 omnino
3534 4428 3783 4483 scribere

2199 4498 2544 4569 διανύσαντα.
2578 4498 2682 4555 sed
2713 4504 2877 4556 verba
2908 4519 3026 4569 quae
3059 4498 3306 4569 leguntur
3334 4503 3385 4555 in
3416 4502 3521 4555 line
3553 4502 3780 4561 lacunae,

2198 4568 2355 4640 longe
2396 4572 2651 4639 majorem
2693 4568 3055 4640 suspicionem
3091 4568 3309 4625 movent
3341 4592 3353 4624 :
3387 4570 3667 4624 κάνταῦθα
3699 4569 3778 4639 τῷ

2193 4638 2313 4714 τῶν
2340 4638 2633 4714 μαρτύρων
2663 4638 2946 4714 μαρτυρίῳ
2971 4640 3509 4714 ὲνδιατρίψαςηοῖκῳ.
3540 4638 3782 4693 Primum

2195 4711 2556 4785 cuim,inepla
2613 4711 2812 4767 locutio
2849 4711 2933 4767 est
2979 4711 3260 4785 μαρτυρίῳ
3291 4711 3607 4785 obtingunt
3637 4725 3785 4785 sem-

2196 4794 2293 4855 per
2346 4783 2398 4855 in
2455 4793 2648 4837 neutro
2704 4798 2903 4855 genere
2963 4782 3263 4855 μαρτύριον
3313 4782 3458 4837 dicat
3492 4782 3780 4855 Eusebius.

2199 4850 2401 4924 licinde
2433 4867 2531 4924 cur
2561 4851 2853 4924 μαρτύρων
2888 4855 2939 4907 in
2965 4850 3167 4921 plurali
3221 4868 3449 4906 numero
3482 4852 3663 4904 dixit?
3694 4852 3776 4924 Au

2194 4919 2618 4994 pluribnssimul
2643 4919 3047 4994 ittartyribusea
3070 4924 3288 4994 basilica
3306 4931 3622 4976 consecrata
3641 4919 3784 4994 erat?

2196 4990 2327 5063 Erat
2362 4990 2674 5063 Helenopoli
2726 4990 2951 5063 insignis
3006 4995 3228 5049 basilica
3266 4992 3506 5048 Luciauo
3546 4990 3776 5059 martyri

2197 5062 2397 5114 dicata.
2432 5062 2486 5115 In
2520 5064 2621 5116 hac
2665 5062 2853 5131 igitur’
2886 5065 3275 5121 Constantinus
3324 5078 3447 5117 cum
3478 5064 3545 5115 ah
3579 5065 3780 5127 Aquis-

2195 5131 2400 5202 Calidis
2430 5133 2651 5202 rediret,
2676 5136 2941 5188 orationis
2963 5135 3135 5202 gratia
3165 5135 3474 5188 diversatus
3503 5142 3606 5202 est.
3633 5132 3779 5196 Qua-

2201 5215 2258 5278 re
2283 5200 2379 5253 τοῦ
2408 5200 2685 5278 μᾲρτυρος
2716 5200 3002 5278 dicendum
3032 5215 3172 5266 erat,
3201 5220 3307 5256 non
3337 5218 3466 5257 vero
3494 5201 3604 5255 τῶν
3624 5216 3780 5278 ’μαρ-

2196 5268 2560 5343 τςόρωνίΗαιο
2587 5268 2712 5329 cum
2744 5275 3112 5343 scripsissem.
3146 5282 3338 5327 nactus
3367 5288 3486 5327 sum
3536 5268 3780 5343 codicem

2198 5338 2582 5413 lt‘uketianuttt,
2611 5345 2703 5413 qui
2741 5338 2925 5398 verum
2959 5342 3116 5410 hujus
3164 5343 3265 5398 loci
3298 5345 3623 5413 scripturam
3656 5342 3784 5413 reti-

2199 5410 2333 5495 illljl.
2369 5413 2462 5495 Sic
2499 5410 2644 5495 enini
2692 5415 2872 5495 habet,
2908 5413 2987 5484 τῷ
3024 5410 3460 5495 τῶν-μαρτύρων
3508 5410 3785 5495 εὐκτηρίῳ

2196 5479 2541 5554 ἐνδιατρίψας
2575 5483 2729 5554 οἴκῳ.
2777 5485 2833 5538 In
2879 5479 3068 5538 eodem
3117 5479 3259 5554 libro
3298 5479 3490 5554 legitur
3516 5485 3575 5554 ὲν
3606 5479 3782 5554 τοῦτο)

2196 5547 2395 5615 τέλους
2415 5547 2534 5607 sine
2565 5547 2750 5622 lacuna
2783 5573 2796 5608 :
2833 5555 2958 5607 item
2989 5553 3121 5618 Θεὸς
3149 5547 3194 5622 ᾧ
3218 5547 3392 5607 ταῦτᾶ
3426 5547 3780 5619 ξυνεξετέλειύ

2292 5624 2382 5687 50)
2416 5622 2550 5677 Δεῖν
2579 5621 2745 5687 ᾤετο.
2780 5626 3136 5678 Scrihendum
3168 5628 3379 5678 videtur
3409 5624 3686 5677 διενοεῖτο.

2292 5626 2360 5675 50
2416 5626 2550 5677 Δεῖν
2579 5626 2745 5687 ῷετο.
2780 5626 3136 5678 Scrihendum
3168 5628 3379 5678 videtur
3409 5626 3686 5677 διενοεῖτο.

2419 5694 2589 5764 Λόγῳ
2611 5694 2890 5763 λουτροῦ.
2924 5697 3286 5749 Scrihendum
3341 5704 3470 5761 puto
3525 5691 3782 5764 σωτηρίῳ

2198 5779 2258 5814 τε
2274 5762 2526 5835 ξλουτρῷ.
2565 5765 2701 5829 Quid
2729 5762 2874 5819 enim
2902 5765 3015 5835 sibi
3037 5766 3148 5819 vult
3171 5764 3329 5834 λόγος
3355 5763 3605 5835 λουτροῦ,
3636 5762 3780 5835 pra;-

2200 5835 2386 5890 sertim
2415 5833 2536 5890 cum
2565 5845 2724 5891 antea
2742 5835 2939 5893 dixerit
2964 5834 3137 5907 λόγων
3163 5833 3497 5909 ἀπορρήτων
3525 5833 3783 5905 δυνάμειῖ
