4186 6402
390 355 532 412 1213

1506 354 1597 408 DE
1634 353 1797 407 VITA
1837 353 2296 410 CONSTANTINI
2331 354 2459 410 LIB.
2499 353 2588 409 IV.

3520 352 3657 410 19.ιᾶ

388 474 503 537 θεὶς
524 513 536 535 ,
580 473 709 543 γόνυ
744 472 931 536 κλίνας
962 473 1048 525 ἐπ’
1076 470 1341 541 ἐδάφους,
1394 473 1579 545 ἱκέτης
1612 474 1855 542 ἐγίγνετο
1889 474 1980 527 τοῦ

2089 491 2120 529 a
2156 477 2264 531 Deo
2315 476 2542 546 supplex
2586 473 2851 545 poposcit,
2909 480 3132 545 peccata
3167 486 3263 528 sua
3295 471 3562 529 conﬁtens
3606 474 3658 529 iu

387 567 524 622 θεοῦ
543 606 557 631 ,
587 568 644 620 ἐν
686 564 834 635 αὑτῷ
870 563 948 634 τῷ
980 564 1264 637 μαρτυρίῳ
1290 565 1776 636 ἐξομολογούμενος
1797 606 1812 629 ,
1846 565 1974 619 ἔνθα

385 662 453 733 δὴ
495 660 590 714 καὶ
627 659 843 732 πρῶτον
873 656 981 730 (52)
1013 656 1123 710 τῶν
1161 658 1248 712 διὰ
1281 658 1618 729 χειροθεσίας
1661 659 1834 730 εὐχῶν
1863 660 1972 727 (55)

387 753 638 826 ἠξιοῦτο·
679 750 918 824 μεταϐὰς
956 751 1002 805 δ’
1036 751 1189 807 ἔνθεν
1212 793 1228 817 ,
1278 752 1371 804 ἐπὶ
1402 753 1721 826 προάστειον
1752 755 1852 824 τῆς
1879 753 1976 806 Νι-

388 846 670 918 κομηδέων
705 844 1014 913 ἀφικνεῖται
1053 843 1295 909 πόλεως,
1329 843 1609 897 κάνταῦθα
1636 843 1975 913 συγκαλέσας

387 941 515 1003 τοὺς
544 936 900 1001 ἐπισκόπους,
934 929 1037 989 ὧδέ
1073 953 1149 1006 πη
1182 937 1367 1000 αὐτοῖς
1397 935 1690 1000 διελέξατο.

908 1073 1310 1131 ΚΕΦΑΛΛῘΟΝ
1342 1073 1459 1125 ΞΒ’.

389 1164 848 1220 Κωνσταντίνου
872 1164 1023 1232 πρὸς
1044 1164 1417 1227 ἐπισκόπους
1439 1161 1569 1228 περὶ
1595 1160 1974 1229 μεταδόσεως

761 1234 870 1289 τοῦ
902 1234 1162 1303 λουτροῦ
1196 1232 1599 1301 παράκλησις.

465 1366 484 1399 ι
512 1340 681 1411 Οὗτος
724 1341 793 1418 ἦν
827 1346 990 1410 αὐτὸς
1030 1348 1058 1399 ὁ
1098 1345 1266 1399 πάλαι
1308 1363 1399 1416 μοι
1434 1344 1656 1414 διψῶντι
1691 1344 1785 1397 καὶ
1822 1343 1976 1412 εὐχο-

393 1437 538 1509 μὲνῳ
564 1441 666 1508 τῆς
703 1439 761 1490 ὲν
792 1436 911 1507 Θεῷ
942 1440 1124 1507 τυχεῖν
1170 1437 1444 1506 σωτηρίας
1466 1476 1481 1498 ,
1526 1434 1717 1505 καιρὸς
1761 1433 1976 1495 ἐλπιζό-

392 1544 583 1600 μενοςο
622 1527 741 1600 ὥρα
775 1528 870 1581 καὶ
902 1529 1049 1598 ἡμᾶς
1088 1525 1396 1581 ἀπολαῦσαι
1440 1527 1539 1597 τῆς
1582 1523 1973 1579 ἀθανατοποιοῦ

390 1704 446 1776 ln
476 1702 757 1776 veteribus
785 1702 1001 1759 schedis
1047 1701 1248 1776 legitur
1271 1702 1529 1774 σωτηρίῳ
1557 1702 1795 1776 λουτρῷ,
1830 1703 1973 1773 quod

388 1775 549 1846 plane
570 1774 1319 1846 conﬁrmatemendationem
1349 1784 1612 1846 nostrain.

2084 571 2200 637 ipso
2232 569 2498 639 martyrio
2526 586 2540 621 :
2569 582 2678 636 quo
2710 567 2762 619 in
2804 565 2925 621 loco
2967 581 3221 619 manuum
3262 565 3656 634 impositionem

2083 677 2206 715 cum
2239 660 2469 715 solemni
2506 661 2820 729 precatione
2855 658 3087 727 primum
3134 657 3335 710 meruit
3384 656 3655 726 accipere.

2080 752 2221 807 Hinc
2260 755 2328 808 ad
2375 753 2693 806 suburbana
2747 750 3075 805 Nicomediae
3106 749 3412 818 digressus,
3458 762 3662 803 convo-

2081 847 2221 902 catis
2272 847 2565 917 episcopis,
2589 845 2670 900 sic
2700 846 2766 898 ad
2798 858 2892 899 eos
2918 841 3267 898 verba-fecit.

2648 1066 2876 1122 CAPUT
2929 1064 3090 1119 LXII.

2090 1159 2291 1225 Quibus
2326 1160 2495 1213 verbis
2548 1160 2930 1213 Constantinus
2972 1158 3250 1225 postularit
3297 1160 3360 1211 ab
3402 1156 3657 1227 episcopis

2402 1240 2455 1283 ut
2490 1230 2807 1297 baptismum
2860 1230 2962 1282 sibi
3016 1228 3333 1295 conferrent.

2157 1360 2176 1393 ι
2206 1340 2318 1397 Hoc
2335 1348 2455 1396 erat
2476 1350 2688 1411 tempus
2708 1342 2848 1410 quod
2870 1341 3184 1409 jamdudum
3210 1345 3515 1411 sperabam,
3534 1358 3655 1398 cum

2082 1433 2390 1488 incredibili
2440 1433 2741 1501 cupiditate
2799 1434 3080 1497 arderem,
3118 1436 3369 1503 votisque
3404 1436 3661 1489 omnibus

2081 1525 2454 1579 desiderarem
2485 1524 2718 1580 salutem
2752 1527 2803 1579 in
2836 1526 2948 1580 Deo
2979 1527 3264 1596 consequi.
3294 1525 3412 1580 Jam
3450 1536 3662 1596 tempus

2078 1705 2205 1773 Quis
2253 1703 2443 1758 credat
2468 1703 2851 1771 imperatorem
2879 1705 3292 1760 Constantinum
3318 1705 3386 1758 ad
3410 1704 3461 1758 id
3484 1717 3664 1773 usque

2087 1772 2350 1841 temporis
2373 1774 2818 1830 catechumenum
2843 1792 2947 1832 non
2975 1776 3171 1838 fuisse,
3218 1788 3337 1828 cum
3366 1784 3419 1828 et
3446 1772 3664 1827 Nicmno

463 1843 575 1914 (5‘2)
610 1844 794 1914 Ἔνθα
847 1842 923 1911 δὴ
968 1844 1068 1896 καὶ
1119 1842 1377 1914 πρῶτονἶ
1409 1841 1509 1897 llic
1539 1843 1689 1900 locus
1718 1852 1979 1899 attentam

2086 1843 2320 1897 concilio
2351 1843 2687 1907 interfuerit,
2736 1855 2791 1899 et
2841 1855 2921 1899 tot
2968 1846 3112 1914 leges
3154 1860 3218 1897 ac
3269 1844 3530 1912 rescripta
3564 1859 3664 1911 pro

392 1914 448 1969 in
472 1911 680 1985 primis
715 1912 934 1985 lectoris
965 1914 1305 1985 diligentiam
1354 1911 1580 1985 ﬂagitat.
1610 1914 1687 1967 Ex
1735 1929 1801 1968 eo
1832 1916 1975 1985 enim

393 1998 588 2052 magna
629 1982 718 2035 illa
750 1982 817 2037 de
859 1982 1201 2039 Constantini
1232 1984 1500 2050 baptismo
1523 1985 1754 2052 qumstio
1776 1983 1973 2050 dijudi-

391 2055 505 2109 cari
538 2053 697 2107 facile
724 2062 920 2121 potest.
948 2054 1040 2107 Ait
1064 2055 1230 2124 igitur
1264 2052 1531 2109 Eusebius
1561 2054 1976 2109 Constantinum

390 2126 775 2192 imperatorem
828 2133 958 2177 tunc
994 2124 1229 2191 primum
1261 2138 1523 2176 manuum
1574 2124 1977 2192 impositionem

391 2208 517 2249 cum
565 2193 794 2247 solemni
829 2194 1148 2263 precatione
1192 2194 1245 2245 in
1272 2192 1502 2263 ecclesia
1546 2194 1891 2262 suscepisse;
1924 2195 1978 2247 id

390 2273 474 2317 est
501 2278 610 2316 uno
660 2261 847 2326 verbo,
877 2272 1007 2316 tunc
1052 2262 1290 2329 primum
1336 2261 1542 2316 factum
1568 2277 1692 2317 esse
1711 2261 1979 2317 catechu-

390 2348 636 2388 menum.
671 2330 816 2402 Nam
843 2333 1220 2386 catechumeni
1276 2345 1373 2400 per
1422 2346 1615 2386 manus
1672 2334 1980 2402 impositio-

391 2418 518 2457 nem
547 2402 748 2456 ﬁebant
775 2401 842 2455 ab
872 2403 1148 2470 episcolto,
1186 2408 1244 2454 ut
1276 2403 1435 2454 docet
1468 2417 1642 2456 canon
1669 2418 1721 2456 γι
1754 2401 1978 2458 concilii

390 2471 730 2526 Arelatensis
760 2488 776 2525 :
812 2487 831 2521 ι
862 2472 936 2526 De
957 2472 1040 2524 his
1075 2471 1167 2538 qui
1197 2471 1251 2524 in
1285 2471 1600 2526 inﬁrmitate
1626 2474 1855 2527 credere
1887 2488 1983 2525 vo-

390 2539 533 2600 lunt.
563 2540 768 2608 placuit
799 2542 881 2597 eis
912 2541 1112 2595 debere
1143 2556 1360 2594 manum
1393 2541 1654 2609 imponi.»
1686 2543 1826 2596 Idem
1853 2557 1982 2595 san-

392 2612 569 2680 citum,
588 2620 673 2664 est
694 2624 816 2680 cap.
848 2611 918 2665 '59
959 2610 1176 2664 concilii
1227 2610 1544 2680 Eliberitani
1575 2629 1588 2665 :
1622 2609 1903 2667 «Gentiles
1932 2611 1979 2666 si

391 2680 448 2734 in
487 2679 806 2735 inﬁrmitate
835 2681 1269 2735 desideraverint
1318 2679 1421 2734 sibi
1472 2696 1696 2735 manum
1737 2683 1978 2746 imponi;

392 2751 440 2805 si
479 2748 646 2820 fuerit
678 2764 867 2805 eorum
898 2764 965 2804 ex
1004 2750 1185 2817 aliqua
1216 2758 1372 2820 parte
1416 2750 1527 2803 vita
1581 2752 1829 2816 honesta,
1860 2751 1978 2820 pla-

390 2820 506 2875 cuit
528 2819 610 2873 eis
636 2834 857 2873 manum
897 2820 1123 2887 impeni,
1167 2829 1227 2873 et
1279 2819 1395 2873 ﬁeri
1445 2820 1802 2875 Christianos.
1829 2819 1980 2888 i’Qui

391 2890 814 2959 quidemcanon
847 2888 1232 2952 Eliberitauus,
1274 2899 1334 2942 ut
1389 2890 1443 2943 id
1474 2892 1652 2945 obiter
1705 2906 1977 2959 moneam,

390 2958 528 3029 nihil
585 2958 732 3013 aliud
785 2972 907 3014 esse
956 2959 1170 3012 videtur
1222 2974 1386 3028 quam
1424 2961 1697 3029 expositio
1749 2962 1980 3016 canonis

393 3028 772 3099 Arelatensis:
803 3029 947 3097 quod
986 3038 1043 3083 et
1089 3029 1144 3084 in
1175 3030 1296 3084 aliis
1325 3030 1444 3097 ejus
1469 3028 1686 3085 ceucilii
1724 3031 1979 3099 capitulis

392 3112 625 3170 cernere
647 3098 797 3153 licet.
831 3099 907 3153 De
927 3099 1251 3170 eodemritu
1288 3099 1437 3154 locus
1456 3111 1542 3154 est
1571 3098 1805 3155 illustris
1831 3102 1972 3170 apud

2084 1913 2410 1968 Christianis
2450 1914 2698 1979 ediderit,
2735 1924 2814 1969 tot
2848 1917 3109 1968 ecclesias
3142 1914 3498 1978 exstruxerit,
3528 1928 3664 1981 geu-

2084 1983 2210 2036 tiles
2234 1987 2301 2037 ad
2332 1983 2733 2052 suscipiendam
2767 1987 2924 2038 ﬁdem
2966 1985 3167 2040 Christi
3196 1986 3451 2038 omnibus
3485 1984 3663 2036 modis

2082 2053 2415 2116 incitaverit,
2460 2062 2516 2107 et
2572 2054 2856 2108 luereticos
2889 2071 2953 2109 ac
3001 2054 3382 2109 schisniaticos
3421 2052 3663 2107 basilicis

2082 2125 2196 2179 Suis
2224 2122 2579 2190 spoliaverit?
2612 2121 2772 2179 Certe
2818 2126 3073 2179 omnibus
3099 2123 3391 2178 Christiani
3426 2121 3664 2177 heminis

2082 2191 2271 2247 ciliciis
2316 2207 2439 2246 eum
2475 2192 2816 2261 perfunctum
2854 2193 3020 2248 fuisse
3077 2204 3305 2247 testatur
3360 2193 3649 2249 Eusebius.

2083 2263 2218 2317 Nam
2280 2271 2334 2315 et
2385 2262 2625 2333 jejuniis
2665 2273 2826 2333 atque
2869 2265 3204 2317 orationibus
3258 2276 3661 2333 eum‘vacasse

2083 2333 2300 2404 scribit,
2334 2326 2755 2387 et'Dominicos'
2779 2334 2894 2388 dies
2935 2349 2998 2388 ac
3045 2344 3344 2404 martyrum
3385 2326 3653 2404 llesta_ce-

2084 2402 2358 2468 lebrasse;
2393 2414 2743 2471 pernoctasse
2763 2405 2925 2457 etiam
2956 2405 3009 2457 in
3041 2400 3239 2471 vigiliis
3264 2402 3505 2456 Paschat.
3533 2400 3658 2454 Haec

2083 2473 2264 2543 omnia
2317 2481 2372 2543 et
2422 2472 2589 2526 multo
2644 2474 2819 2526 adhuc
2849 2473 3001 2543 plura
3032 2488 3150 2541 quae
3183 2471 3364 2525 all‘erri
3396 2482 3647 2538 possent,

2082 2542 2498 2597 Constantinum
2528 2543 2781 2611 gentilem
2814 2541 2923 2596 non
2952 2543 3118 2597 fuisse
3147 2543 3476 2596 convincunt
3498 2557 3533 2611 ;7
3560 2541 3657 2594 sed

2083 2613 2336 2667 eumdem
2367 2610 2816 2667 catecltumennm
2859 2612 3028 2667 fuisse
3072 2628 3179 2668 non
3216 2619 3468 2680 arguunt.
3498 2610 3661 2664 Certe

2086 2684 2138 2736 in
2176 2683 2261 2737 his
2314 2692 2547 2752 quatuor
2583 2682 2800 2737 Eusebii
2850 2684 3025 2747 libris,
3079 2683 3276 2751 quibus
3303 2680 3662 2752 Constantini

2083 2753 2260 2821 pietas
2306 2750 2362 2807 et
2412 2752 2601 2821 religio
2629 2753 2958 2820 celebratur,
2988 2750 3257 2821 nusquam
3301 2751 3501 2820 legitur
3526 2750 3666 2821 Con-

2085 2820 2386 2877 stantinum
2418 2823 2471 2876 in
2522 2820 2753 2876 ecclesia
2807 2838 2933 2878 cum
2984 2820 3206 2892 reliquis
3254 2820 3666 2876 catechmnenis

2084 2907 2279 2960 preces
2314 2892 2535 2957 fecisse,
2567 2907 2671 2946 nec
2713 2903 3114 2946 sacramentum
3146 2892 3663 2960 catechumenorum

2083 2958 2406 3031 percepisse.
2436 2961 2680 3030 Cumque
2703 2963 2768 3015 de
2804 2962 3006 3016 llelena
3049 2965 3293 3030 Augusta
3325 2970 3499 3015 matre
3526 2958 3661 3031 imp.

2082 3030 2424 3086 Constantini
2466 3033 2518 3086 id
2545 3031 2747 3086 diserte
2804 3031 3037 3084 allirmet
3091 3031 3380 3095 Eusebius,
3436 3044 3556 3082 eam
3607 3030 3665 3082 in

2083 3102 2315 3155 ecclesia
2338 3116 2462 3155 cum
2498 3101 2724 3165 reliquis
2754 3100 3069 3153 mulieribus
3126 3100 3463 3165 constitisse;
3525 3114 3663 3151 nun-

393 3167 994 3250 SulpieiumSeverutn
1027 3171 1080 3222 in
1100 3168 1343 3250 “Dialogo
1374 3185 1411 3223 ιι
1445 3170 1522 3224 De
1544 3171 1821 3250 miraculis
1852 3166 1980 3250 ἐιιη-
2008 3193 2050 3250 C
2084 3186 2262 3250 quam.
2283 3181 2464 3250 tamen
2508 3170 2977 3250 de_Cot_tst_antitlo
3011 3171 3153 3223 idem
3177 3170 3257 3250 _ab
3309 3170 3401 3250 illo
3430 3166 3659 3250 _dictutn

393 3240 465 3296 cti
496 3238 741 3304 Martini,
785 3253 911 3308 cap.
938 3239 972 3295 5
1005 3257 1019 3294 :
1055 3256 1075 3289 ι
1100 3238 1387 3293 Postremo
1439 3242 1618 3294 cuncti
1650 3241 1973 3294 catervatim

395 3309 463 3362 ad
494 3323 668 3375 genua
692 3309 837 3364 beati
871 3310 971 3361 viri
1000 3322 1158 3378 ruere
1186 3318 1492 3378 cmperuut,
1528 3310 1762 3364 ﬁdeliter
1788 3319 1974 3378 postu-

395 3378 593 3444 lantes,
632 3388 692 3433 ut
725 3393 820 3432 eos
872 3379 1076 3433 faceret
1124 3377 1495 3433 Cltrisitiauos.
1525 3379 1636 3432 Nec
1668 3377 1973 3445 cunctatus,

395 3450 450 3505 in
477 3450 680 3515 medio,
707 3457 768 3503 ut
793 3457 936 3513 erat,
964 3462 1179 3513 campo,
1210 3460 1439 3502 cunctos
1468 3449 1719 3517 imposita
1759 3450 1977 3502 univcr—

393 3521 471 3575 sis
525 3535 688 3574 manu
727 3519 1149 3573 catechumenos
1196 3518 1345 3571 fecit.
1373 3537 1392 3570 ι
1428 3519 1569 3572 Idem
1638 3518 1689 3571 iu
1723 3518 1860 3573 libro
1901 3535 1914 3572 ι
1953 3535 1967 3571 :

399 3607 422 3643 ι
446 3588 615 3644 Nemo
643 3590 778 3653 fere,
808 3588 1005 3657 inquit,
1034 3603 1100 3641 ex
1130 3589 1351 3641 immani
1385 3589 1473 3642 illa
1499 3588 1843 3642 multitudine
1876 3588 1978 3643 fuit

395 3659 703 3728 gentilium,
730 3660 826 3728 qui
865 3674 992 3722 non,
1025 3658 1373 3726 impositione
1408 3672 1600 3712 manus
1643 3659 1972 3725 desiderata,

396 3726 451 3784 in
488 3726 772 3783 Dominum
799 3726 983 3782 Jesutn
1026 3728 1215 3781 relicto
1256 3728 1548 3796 impietatis
1575 3743 1763 3782 errore
1793 3729 1974 3781 credi-

398 3800 564 3854 derit.
586 3818 606 3851 ι
640 3799 979 3868 Augustinus
1012 3800 1182 3868 etiam
1214 3797 1265 3851 in
1306 3798 1401 3852 lib.
1458 3814 1495 3852 ιι
1536 3797 1611 3850 De
1645 3808 1976 3868 peccatorum

398 3866 752 3931 remissione,-
769 3882 890 3939 cap.
938 3867 1010 3920 26
1043 3885 1056 3920 :
1098 3886 1116 3919 ι
1141 3866 1259 3920 Non
1292 3868 1598 3922 uniusmodi
1626 3879 1709 3922 est
1734 3866 1979 3922 sanctiﬁ-

396 3940 561 3994 catio.
593 3939 728 3992 Nam
777 3949 834 3992 et
885 3939 1306 3993 catechumenos
1335 3941 1630 3992 secundum
1688 3939 1976 4006 quemdam

400 4011 622 4063 modum
649 4024 806 4064 suum
851 4024 949 4077 per
987 4008 1200 4077 signum
1232 4010 1412 4062 crucis
1439 4019 1490 4062 et
1528 4008 1828 4077 orationem
1861 4023 1980 4060 ma-

398 4095 503 4134 nus
532 4076 900 4148 impositionis
936 4076 1065 4148 puto
1095 4079 1448 4132 sanctiﬁcari.
1473 4098 1490 4128 ι
1533 4078 1638 4131 Sed
1680 4076 1979 4148 etil’etrus

400 4147 773 4219 Cbrysologus
796 4147 945 4204 idem
970 4148 1162 4203 scribit
1193 4150 1244 4201 in
1276 4163 1530 4202 sermone
1552 4148 1659 4202 52:
1694 4166 1713 4198 ι
1735 4147 1871 4200 Hinc
1894 4157 1978 4202 est

400 4220 544 4288 quod
579 4223 804 4273 veniens
850 4235 917 4273 ex
968 4219 1240 4288 gentibus,
1275 4219 1624 4288 impositione
1674 4233 1868 4271 manus
1924 4228 1979 4272 et

401 4290 724 4344 exorcismis
748 4299 873 4343 ante
903 4306 932 4342 ιι
968 4292 1212 4343 daemone
1240 4298 1607 4358 purgaturzet
1641 4289 1977 4357 apertionem

402 4361 617 4414 aurium
648 4361 901 4429 percipit,
949 4369 1007 4413 ut
1056 4359 1191 4429 lidei
1216 4373 1414 4429 capere
1444 4359 1617 4428 possit
1656 4358 1921 4412 auditum.
1954 4375 1976 4409 ι

404 4431 498 4485 Sic
527 4428 689 4484 etiam
731 4430 784 4483 in
813 4444 1064 4483 sermone
1092 4428 1236 4483 105:
1279 4448 1298 4479 ι
1324 4428 1568 4498 Namque
1618 4439 1678 4483 ut
1727 4430 1981 4498 incurvus

401 4501 645 4569 peccatis
669 4500 888 4567 gentilis
918 4500 1164 4568 erigatur
1194 4500 1262 4553 ad
1292 4497 1517 4563 οωιιιιιι,
1549 4500 1701 4568 prius
1735 4514 1765 4551 a
1792 4497 1979 4569 gentili

402 4552 501 4639 per
516 4552 937 4638 impositionem
956 4552 1048 4622 hii.
1059 4584 1223 4622 unum
1242 4552 1492 4640 nequam
1504 4552 1746 4640 'spiritus
1786 4552 1988 4636 ἕίῐιιεει-
2014 4552 2062 4611 Ι)

406 4637 513 4696 iur.
542 4658 563 4691 ι
602 4637 699 4694 llis
745 4640 1118 4709 adjungeudus
1164 4650 1247 4692 est
1271 4637 1508 4708 Symeon
1551 4637 1982 4706 Metaphrastes,

402 4712 494 4780 qui
533 4711 586 4764 in
616 4712 770 4765 Actis
809 4720 1125 4780 sanctorum
1179 4723 1480 4780 martyrum
1508 4709 1656 4765 Indis
1683 4720 1738 4763 et
1766 4709 1986 4763 Domnae

403 4779 477 4834 iia
495 4782 689 4836 scribit
716 4782 783 4835 de
807 4780 1012 4850 Cyrillo
1033 4779 1286 4847 episcopo
1313 4779 1336 4832 ι
1352 4798 1371 4830 ι
1399 4780 1493 4834 Ille
1513 4791 1693 4835 autem
1719 4794 1843 4833 cum
1873 4793 1989 4833 mo-

403 4854 595 4907 derate
623 4852 835 4905 divinas
858 4849 1241 4905 eiceciuisset
1270 4849 1602 4919 Scripturas,
1634 4860 1692 4904 et
1720 4863 1986 4903 veneran-

403 4925 471 4976 da
503 4921 708 4976 Christi
734 4935 897 4975 cruce
922 4934 1042 4974 eam
1075 4920 1438 4988 obsignasset,
1472 4930 1599 4975 tunc
1617 4921 1832 4990 quidem
1863 4934 1984 4990 eam

404 4990 538 5047 fecit
575 4992 1057 5046 catechumenam.
1083 5007 1101 5040 ι
1141 4990 1385 5058 Denique
1412 4989 1712 5045 Marcusiiu
1743 4990 1882 5044 libro
1910 4989 1986 5041 De

403 5066 513 5118 vita
544 5062 833 5131 Porphyrii
863 5058 1188 5114 Gazensium
1237 5061 1465 5128 episcopi
1495 5077 1515 5115 :
1551 5080 1570 5111 ι
1602 5060 1696 5115 Die
1737 5060 1985 5131 sequenti

405 5129 666 5203 parentes
684 5129 932 5203 mulieris
952 5142 1006 5185 et
1035 5132 1254 5203 cognati
1282 5143 1476 5185 euntes
1499 5133 1566 5185 ad
1601 5132 1818 5185 beatum
1838 5129 1983 5203 illor-

406 5198 679 5276 phyrium,
702 5201 1060 5276 prociderunt
1089 5198 1157 5254 ad
1181 5210 1298 5269 ejus
1325 5205 1515 5271 pedes,
1541 5211 1795 5276 petentes
1826 5198 1988 5255 Chri-

404 5270 867 5344 sti'siguaculum.
901 5270 1100 5327 Beatus
1145 5270 1433 5344 verocum
1477 5287 1574 5326 eos
1608 5273 1896 5340 signasset,
1933 5278 1990 5344 et

409 5340 629 5399 fecisset
652 5343 1100 5405 catechumenos,
1126 5340 1335 5396 dimisit
1363 5342 1483 5397 illos
1528 5344 1580 5395 in
1611 5356 1763 5410 pace,
1795 5342 1985 5411 praeci-

405 5415 561 5485 piens
589 5414 670 5470 eis
724 5423 783 5467 ut
834 5423 1102 5485 vacarent
1138 5423 1355 5485 sancta:
1396 5411 1658 5485 ecclesiae.
1723 5411 1789 5465 Et
1821 5413 1984 5485 paulo

406 5480 526 5555 post
554 5501 676 5539 cum
708 5499 802 5539 eos
828 5483 1105 5539 catecbesi
1137 5483 1482 5555 instituisset,
1510 5484 1827 5555 baptizavit.
1856 5499 1877 5532 ι
1909 5480 1986 5533 Ex

409 5553 493 5609 his
525 5565 673 5625 patet
696 5558 1123 5610 catechumenos
1157 5568 1264 5625 non
1292 5554 1778 5625 aliter_quam_per
1806 5553 1981 5625 impo-

404 5621 657 5680 sitionem
691 5640 884 5678 manus
910 5625 1038 5678 olim
1072 5625 1128 5677 in
1164 5622 1407 5677 Ecclesia
1441 5621 1614 5677 factos
1648 5623 1834 5677 fuisse.
1854 5624 1986 5675 Cum

407 5696 574 5765 igitur
607 5695 995 5750 Constantinus
1026 5702 1156 5748 tunc
1191 5694 1428 5765 primum
1473 5708 1670 5748 manus
1694 5693 1990 5762 impositio-

410 5764 530 5819 nem
567 5767 623 5820 in
659 5766 890 5820 ecclesia
917 5765 1195 5834 accepisse
1229 5764 1463 5829 dicatur,
1494 5773 1704 5818 constat
1737 5777 1863 5834 eum
1896 5777 1990 5815 ca-

412 5837 798 5893 techumenum
828 5832 1093 5904 ,uouduiu
1144 5832 1333 5892 fuisse.
1382 5835 1491 5891 Sed
1540 5836 1686 5892 dicet
1741 5833 1986 5903 aliquis:

2085 3237 2349 3294 invenias.
2385 3241 2538 3306 Quod
2556 3241 2601 3294 si
2631 3241 2879 3309 obiicias,
2910 3239 3321 3294 Constantinum
3348 3237 3661 3305 lleleuopoii

2084 3311 2134 3365 in
2168 3320 2467 3380 martyrum
2514 3311 2713 3379 templo
2749 3311 3080 3365 diversatum
3112 3312 3313 3373 fuisse,
3356 3318 3410 3363 et
3464 3321 3660 3380 preces

2085 3382 2152 3432 ad
2191 3376 2356 3433 Deum
2392 3379 2595 3434 fudisse
2616 3376 2641 3443 ,⁷
2664 3382 2898 3449 primum
2927 3380 3225 3446 respondeo
3254 3380 3434 3433 hasciu
3460 3376 3663 3449 nostris

2082 3450 2363 3504 codicibus
2388 3467 2492 3503 non
2522 3451 2646 3520 legi,
2666 3447 2738 3503 ιιι
2765 3450 2922 3517 paulo
2938 3460 3095 3502 antea
3122 3450 3431 3520 observavi.
3455 3447 3661 3502 Deinde

2083 3520 2350 3574 ecclesias
2373 3519 2588 3587 ingredi
2616 3520 2813 3575 licebat
2859 3521 3024 3576 etiam
3080 3519 3393 3587 gentilibus,
3431 3526 3664 3584 excepto

2083 3590 2377 3644 missarum
2405 3597 2903 3660 temporezquanto
2934 3590 3104 3655 magis
3136 3590 3189 3643 id
3222 3590 3376 3660 licuit
3426 3588 3663 3660 impera-

2086 3661 2207 3722 tori,
2234 3660 2326 3726 qui
2354 3674 2414 3713 se
2450 3658 2805 3715 christianum
2861 3661 3238 3729 proﬁtebatur.
3293 3659 3428 3713 Cum
3493 3658 3663 3725 igitur

2086 3729 2352 3799 Eusebius
2383 3731 2471 3784 hic
2493 3740 2679 3799 aperte
2709 3729 2920 3795 doceat,
2961 3730 3399 3799 Constantinum
3422 3729 3658 3797 primum

2086 3797 2399 3868 Helenopoli
2426 3797 2618 3870 manus
2635 3801 3031 3870 impositionem
3058 3815 3089 3852 a
3121 3798 3489 3863 sacerdotibus
3505 3812 3665 3852 acce-

2085 3871 2250 3938 pisse,
2280 3871 2436 3937 plaue
2469 3868 2726 3933 eﬂicitur,
2766 3871 2914 3924 illum
2958 3878 3084 3923 ante
3138 3871 3241 3926 hoc
3276 3879 3487 3937 tempus
3516 3878 3665 3938 cate-

2085 3935 2416 3994 i'lttittteitum
2480 3955 2588 3994 non
2636 3942 2823 3995 l'uiSse.
2869 3940 2995 3996 Scio
3041 3935 3400 3995 Athanasiqu
3443 3939 3497 3993 in
3534 3935 3662 3992 Vita

2085 4009 2259 4063 sancti
2280 4009 2522 4075 Antonii,
2558 4011 2647 4064 uhi
2676 4012 2743 4065 de
2774 4012 2968 4065 litteris
2993 4025 3022 4062 a
3045 4010 3402 4065 Constantino
3428 4010 3495 4064 ad
3543 4008 3660 4060 Au-

2087 4080 2292 4150 tonium
2320 4082 2538 4150 scriptis
2567 4080 2826 4149 loquitur,
2867 4089 2923 4135 et
2956 4084 3313 4150 Augustinum
3350 4079 3403 4131 iu
3432 4078 3662 4150 epistola

2086 4148 2191 4203 162
2221 4160 2277 4202 et
2310 4148 2444 4211 166(
2464 4148 2879 4204 Constantinum
2903 4148 3199 4206 Christiani
3224 4149 3481 4219 principis
3504 4148 3662 4203 titulo

2086 4218 2351 4274 affecisse.
2384 4222 2490 4274 Sed
2520 4222 2835 4289 responderi
2871 4230 3068 4287 potest,
3104 4236 3199 4275 eos
3224 4218 3342 4274 hac
3378 4221 3431 4272 in
3460 4234 3518 4272 re
3547 4219 3668 4272 ναι-ι

2087 4300 2270 4359 gulam
2306 4291 2549 4344 omnium
2583 4290 2895 4359 opinionem
2932 4305 2997 4346 ac
3022 4291 3222 4359 famqu
3252 4300 3469 4359 secutos
3493 4303 3615 4342 esse
3640 4304 3656 4341 :

2084 4354 2135 4410 Et
2167 4359 2585 4411 Constantinum
2622 4354 2800 4424 palam
2829 4355 3201 4424 Christianum
3235 4354 3531 4421 principem
3565 4369 3662 4421 ap-

2084 4427 2335 4496 pellasse,
2365 4443 2472 4481 non
2497 4416 2638 4494 quod
2666 4416 2991 4481 Christianae
3020 4424 3143 4496 ﬁdei
3172 4416 3530 4496 sacramentis
3562 4416 3660 4496 ad-

2087 4493 2194 4551 huc
2239 4497 2485 4551 initiatus
2515 4493 2687 4562 esset,
2719 4499 2811 4551 sed
2844 4496 2971 4563 quia
3021 4494 3344 4563 Christiana:
3380 4493 3659 4562 religionis

2084 4569 2292 4622 cultum
2318 4578 2502 4637 aperte
2528 4562 2900 4636 proﬁtebatur.
2930 4564 3046 4617 Alia
3080 4578 3300 4633 quoque
3328 4562 3488 4637 longe
3518 4578 3655 4637 Aera:

2083 4639 2204 4692 vior
2253 4631 2487 4707 objéctio
2529 4631 2795 4690 adversus
2835 4644 3073 4707 nostram
3098 4631 3434 4707 sententiam
3467 4631 3655 4707 all‘erri

2085 4717 2268 4778 potest
2290 4702 2357 4762 ei:
2382 4723 2502 4775 cap.
2531 4707 2599 4759 5‘2
2623 4708 2714 4760 lib.
2743 4723 2779 4764 ι,
2815 4704 2972 4773 cujus
3000 4702 3398 4778 hicesttitulus
3427 4703 3659 4778 afﬂatu);

2084 4773 2414 4850 ἆιατηχηθεὶς
2453 4773 3027 4850 Κωνσταντίνοςρηειο.
3076 4774 3151 4825 Ex
3184 4788 3309 4850 ⁵(ιιιο
3358 4773 3653 4850 colligitur,

2081 4842 2500 4903 Constantinum
2525 4848 2706 4899 statim
2732 4854 2854 4912 post
2876 4844 3020 4897 illam
3049 4843 3231 4897 crucis
3254 4843 3307 4895 in
3331 4844 3471 4897 cmlo
3500 4842 3661 4896 visio-

2090 4934 2212 4973 uem
2244 4923 2446 4974 factum
2505 4932 2629 4972 esse
2681 4918 3152 4971 catecliumenum.
3202 4915 3307 4968 Sed
3366 4912 3667 4981 respondeo

2090 4990 2282 5043 titulos
2309 4990 2443 5043 istos
2474 5005 2579 5043 non
2613 4987 2683 5041 ab
2714 4987 2950 5041 Eusebio
2980 4984 3312 5054 connpositos
3347 4984 3534 5045 fuisse,
3568 4981 3665 5035 sed

2089 5062 2159 5113 ab
2190 5062 2492 5114 recentiore
2523 5058 2725 5125 aliquo,
2771 5067 2829 5109 ut
2875 5069 3037 5124 Supra
3070 5056 3510 5125 demonstratum
3534 5061 3661 5125 _est.

2092 5130 2310 5200 Deinde
2342 5120 2676 5200 κατηχηθέίς
2712 5120 2800 5181 ibi
2847 5120 3080 5200 sun—titur
3113 5140 3233 5200 Apro
3259 5120 3663 5200 κμαθητευθείς.

2088 5201 2249 5253 Certe
2274 5196 2559 5255 Eusebius
2590 5200 2641 5253 in
2697 5208 2810 5254 toto
2860 5198 2951 5252 illo
3005 5196 3188 5266 capite
3248 5196 3663 5251 Constantinum

2092 5272 2539 5325 catechumenum
2571 5271 2770 5323 factum
2805 5283 2926 5323 esse
2959 5283 3063 5323 non
3099 5266 3262 5331 dicit,
3316 5266 3412 5320 sed
3453 5272 3663 5317 tantum

2093 5341 2375 5411 episcopos
2408 5341 2475 5395 ab
2503 5340 2593 5395 illo
2627 5347 2901 5401 evocatos,
2940 5339 3206 5391 rationem
3249 5335 3490 5411 caelestis
3521 5332 3665 5411 illius

2096 5404 2319 5466 visionis
2345 5413 2393 5465 ei
2444 5411 2768 5480 aperuisse:
2820 5411 2992 5478 ipsum
3043 5423 3169 5480 Vero
3200 5408 3396 5461 exinde
3447 5404 3664 5458 lectioni

2091 5497 2370 5538 Sacrorum
2404 5479 2736 5534 voluminum
2763 5493 2983 5549 operam
3017 5479 3249 5549 dedisse.

2163 5551 2275 5620 (55)
2319 5551 2443 5621 Ta»:
2468 5550 2567 5605 διὰ
2606 5542 2981 5621 χειροθεσίας
3022 5547 3238 5621 εὐχῶν.
3275 5544 3467 5621 Sic_in
3503 5542 3665 5621 lib._t

2094 5610 2348 5676 lliistortw
2384 5610 2799 5689 Εεοιεεὲἇὲιιῖω,
2829 5610 3067 5690 cap-:13,
3094 5610 3258 5687 εὐχάς
3291 5632 3354 5669 τε
3372 5615 3462 5690 διὰ
3484 5610 3670 5685 χειρὸς

2090 5692 2290 5749 λαόών.
2328 5695 2407 5747 Ad
2440 5708 2600 5762 quem
2633 5688 2807 5747 locum
2849 5688 2968 5747 vide
2998 5705 3119 5760 qua:
3164 5688 3444 5762 adnotavi.
3488 5690 3670 5762 Augu-

2091 5768 2269 5820 stinus
2287 5765 2347 5832 jn
2382 5752 2475 5839 lib:
2509 5778 2549 5819 It
2585 5763 2657 5818 De
2690 5752 3033 5839 peccatorum:
3054 5758 3392 5839 remissione,
3420 5771 3542 5828 cap.
3568 5752 3671 5820 26,

2091 5844 2250 5893 vocat
2280 5837 2582 5893 orationem
2616 5832 2806 5893 atauus
2836 5832 3218 5903 impositiouis.
