4186 6444
410 410 553 469 £247

1507 411 1595 467 DE
1640 411 1798 465 V'ITA
1837 410 2298 468 CONSTANTINI
2338 415 2466 472 LIB.
2510 416 2604 473 IV.

3553 428 3692 488 19.18

409 546 603 601 μενος,
639 530 899 600 ἠγάλλετο
940 532 1019 601 τῷ
1052 530 1323 600 πνεύματι
1358 528 1469 601 (61)
1497 569 1511 592 ,
1560 528 1906 583 ἁνεκαινοῦτό
1935 546 1971 581 τι

2104 531 2306 585 riornm
2336 535 2658 604 participem
2680 551 2800 592 eum
2820 538 3025 595 fecere.
3051 537 3212 597 Solus
3232 540 3399 613 igitur
3413 558 3480 599 ex
3509 549 3693 601 omni.

407 621 501 673 καὶ
535 621 712 688 φωτὸς
756 620 1125 691 ἐνεπίμπλατο
1168 620 1338 681 θείου,
1375 620 1583 691 χαίρων
1626 621 1723 689 μὲν
1752 622 1818 689 τῇ
1846 618 1992 690 ψυχῇ

402 709 470 765 δι’
498 711 803 783 ὑπερϐολὴν
834 712 1087 775 πίστεως,
1124 711 1184 764 τὸ
1219 710 1262 762 δ’
1291 710 1520 781 ἐναργὲς
1555 709 1997 779 καταπεπληγὼς

402 803 504 873 τῆς
546 803 729 857 ἐνθέου
771 804 1071 874 δυνάμεως.
1111 804 1204 866 Ὠς
1246 803 1290 855 δ’
1325 801 1628 872 ἐπληροῦτο
1670 801 1740 854 τὰ
1787 802 1993 864 δέοντα,

402 893 677 965 λαμπροῖς
723 895 817 947 καὶ
870 893 1169 963 βασιλικοῖς
1215 893 1570 964 ἀμφιάσμασι
1617 893 1766 964 (62),
1816 894 1996 965 φωτὸς

402 987 744 1057 ἐκλάμπουσι
801 987 1022 1058 τρόπον,
1073 985 1495 1057 περιεϐάλλετο,
1548 987 1641 1040 ἐπὶ
1691 986 1994 1061 λευκοτάτῃ

401 1097 462 1134 τε
513 1081 769 1150 στρωμνῇ
818 1077 1205 1142 διανεπαύετο,
1249 1079 1348 1131 οὐκ
1398 1078 1474 1130 ἔθ’
1511 1078 1825 1149 ἁλουργίδος
1870 1081 1992 1133 ἐπι-

399 1171 608 1243 ψαῦσαι
636 1171 887 1242 θελήσας.

2100 622 2200 676 bus
2213 624 2302 691 qui
2327 640 2565 694 unquam
2585 624 2809 682 fuerunt
2827 628 3252 698 imperatoribus
3270 631 3688 702 Constantinus,

2100 713 2154 767 in
2182 715 2386 771 Cltristi
2420 718 2700 788 martyriis
2743 731 2966 776 renatus
3013 731 3070 776 et
3104 735 3518 782 consummatus
3550 738 3637 784 est
3669 748 3688 786 ὅ

2099 816 2153 858 et
2189 807 2378 864 divino
2399 809 2634 864 donatus
2673 811 2972 879 signaculo,
2998 815 3292 871 exsultavit
3340 818 3690 887 spiritus.re-

2101 908 2439 968 novatusque
2462 910 2568 968 est,
2601 916 2665 956 ac
2698 901 2883 958 divina
2912 905 3033 960 luce
3068 908 3330 976 repletus.
3383 911 3451 966 Et
3501 914 3688 971 animo

2099 990 2318 1058 quidem
2347 992 2642 1046 maximam
2676 995 2924 1063 capiebat
2955 998 3286 1067 voluptatem
3314 1002 3385 1056 ob
3431 1003 3554 1058 ﬁdei
3588 1019 3686 1060 ex-

2098 1082 2450 1148 cellentiam;
2479 1084 2946 1142 evidentissimam
2987 1100 3163 1145 autem
3198 1092 3398 1148 divinae
3422 1098 3686 1163 potentia:

2097 1175 2528 1238 magnitudinem
2607 1179 2875 1235 attonitus
2950 1181 3277 1239 mirabatur.
3386 1185 3683 1257 Postquam

400 1269 585 1321 omnia
614 1269 717 1322 rite
748 1268 964 1337 impleta
999 1276 1148 1328 sunt,
1182 1266 1436 1322 candidis
1484 1282 1550 1322 ac
1604 1269 1768 1338 regiis
1798 1270 2041 1326 vestibus
2101 1271 2243 1325 lucis
2292 1269 2469 1325 instar
2503 1272 2840 1330 radiantibus
2887 1283 2973 1331 est
3023 1278 3276 1346 amictus,
3305 1289 3363 1335 et
3407 1282 3684 1341 candidis-

400 1362 540 1417 simo
589 1362 641 1416 in
689 1360 830 1416 lecto
862 1361 1145 1424 recubuit,
1173 1376 1274 1415 nec
1300 1376 1600 1430 purpuram
1634 1364 1952 1433 contingere
1981 1366 2214 1436 amplius
2240 1364 2439 1420 voluit.

917 1454 1317 1509 ΚΕΦΛΛΑΙΟΝ
1351 1453 1470 1509 ΞΡ.

474 1547 543 1601 Τὸ
577 1545 838 1614 λουτρὸν
870 1545 1091 1611 λαϐὼν,
1123 1545 1284 1611 ὅπως
1315 1547 1568 1615 ἀνύμνει
1598 1547 1708 1599 τὸν
1741 1550 1909 1601 Θεόν.

467 1647 718 1701 Κᾶπειτα
740 1645 837 1714 τὴν
867 1645 1047 1715 φωνὴν
1078 1644 1387 1715 ἁνυψὼσας,
1415 1646 1830 1717 εὐχαριστήριον
1858 1646 1983 1699 ἀνέ-

397 1756 585 1810 πεμπε
636 1736 713 1808 τῷ
741 1736 862 1807 Θεῴ
900 1737 1214 1808 προσευχήν
1242 1752 1255 1765 ·
1305 1736 1424 1806 μεθ’
1455 1737 1521 1807 ἢν
1557 1738 1733 1808 ἐπῆγε
1767 1737 1940 1805 λέγων
1966 1754 1978 1766 ·

401 1851 420 1882 ι
449 1831 564 1885 Νῦν
603 1830 793 1903 ἀληθεῖ
819 1829 965 1900 λόγῳ
997 1829 1267 1901 μακάριον
1305 1825 1403 1882 οἷδ’
1432 1830 1702 1900 ἐμαυτὸν,
1738 1829 1834 1882 νῦν
1880 1830 1980 1900 τῆς

2661 1458 2893 1518 CAPUT
2929 1460 3108 1516 LXIII.

2237 1550 2520 1617 Quomodo
2563 1559 2681 1619 post
2721 1552 3035 1620 baptismum
3074 1553 3245 1609 Deum
3280 1555 3536 1612 laudavit.

2162 1643 2411 1698 Posthzee
2440 1641 2651 1697 sublata
2681 1644 2843 1699 altius
2867 1661 3023 1709 voce,
3055 1647 3446 1714 precabuudus
3473 1650 3681 1720 gratias

2091 1735 2203 1802 cgil
2254 1733 2384 1798 Deo,
2420 1743 2477 1788 et
2509 1732 2662 1788 ﬁnita
2697 1736 3014 1803 precatione
3049 1739 3163 1794 haec
3199 1739 3460 1809 subjecit:
3482 1760 3502 1793 ε
3529 1741 3681 1798 Nunc

2104 1841 2187 1879 me
2217 1839 2405 1879 revera
2438 1825 2658 1879 beatum
2691 1839 2813 1880 esse
2837 1865 2853 1889 ,
2912 1842 3055 1882 nunc
3098 1828 3395 1884 immortali
3456 1830 3568 1885 vita
3597 1831 3683 1886 di-

393 1923 660 1978 ἀθανὰτου
687 1921 832 1992 ζωῆς
866 1920 1138 1992 πεφάνθαι
1170 1920 1451 1986 ἄξιον,νῦν
1482 1921 1577 1975 τοῦ
1619 1921 1763 1976 θείου
1800 1939 1971 1993 μετει·

2093 1930 2300 1986 gnum,
2353 1930 2501 1970 nunc
2530 1915 2728 1970 divina:
2766 1927 3073 1987 compotem
3124 1918 3260 1975 lucis
3308 1921 3511 1977 factum
3556 1936 3682 1979 esse

393 2015 621 2088 ληφέναι
649 2014 823 2085 φωτὸς
845 2014 1184 2068 πεπίστευκα
1208 2014 1341 2086 (63).
1371 2032 1390 2065 ι
1437 2013 1597 2067 Ἀλλὰ
1623 2014 1718 2068 καὶ
1749 2014 1985 2078 τάλανας

401 2149 703 2221 τελείωσις.
738 2159 845 2203 etc.
881 2147 1092 2221 Quibus
1112 2150 1172 2221 in
1216 2149 1350 2221 locis
1390 2149 1463 2221 Ρ.-
1494 2148 1742 2221 Nannius
1770 2165 1986 2221 semper

396 2221 561 2274 vertit
605 2220 983 2273 initiationem.
1017 2218 1121 2287 Sed
1149 2229 1204 2272 et
1237 2218 1535 2287 Gregorius
1562 2218 1697 2273 Naz.
1758 2221 1810 2274 in
1852 2218 1981 2276 ora-

397 2289 543 2343 tione
590 2289 764 2358 prima
810 2299 991 2341 contra
1037 2286 1371 2358 Iulianum,"
1398 2288 1731 2358 baptismum
1788 2291 1978 2344 eodem

395 2355 657 2430 vocabulo
695 2358 926 2430 appellat
956 2375 971 2413 :
1005 2355 1208 2430 Αἴματι
1235 2359 1332 2427 μὲν
1356 2355 1622 2430 οὐχ’-ὁσίῳ
1670 2360 1732 2412 τὸ
1754 2359 1981 2430 λουτρὸν

392 2428 821 2500 ἀπορρυπτεται,
867 2428 932 2500 τῇ
967 2428 1283 2500 καθ’ᾼήαᾶς
1316 2427 1607 2500 τελειώσει
1626 2430 1726 2499 τὴν
1760 2427 1980 2484 τελείω-

393 2515 478 2554 σιν
501 2496 595 2550 τοῦ
629 2498 831 2569 μύσους
859 2496 1441 2569 ἀντιτιθείςζῡοιιὶψιθ
1466 2496 1717 2554 Clemens
1743 2502 1974 2553 Alexan-

392 2570 603 2630 drinus,
630 2566 640 2569 ⁷
670 2570 722 2622 in
783 2568 919 2639 libro
964 2582 989 2639 ⁸ι
1053 2566 1368 2639 Ραιᾴααορίζ
1406 2570 1753 2639 baptismum
1808 2572 1979 2627 variis

394 2639 701 2711 nominibus
718 2636 977 2711 appellari
993 2637 1194 2711 scribit
1211 2655 1224 2690 :
1242 2636 1681 2711 interdumenim
1702 2640 1976 2711 χάρισμα,

391 2707 661 2779 interdum
691 2705 947 2777 φώτισμα
974 2707 1077 2762 dici
1095 2749 1113 2775 ,
1148 2706 1311 2779 modo
1337 2708 1582 2779 λουτρόν.
1619 2705 1819 2764 Deinde
1841 2705 1977 2765 can;

392 2790 509 2848 sam
544 2777 820 2846 subjungit
850 2788 1197 2848 curivocetur
1241 2778 1442 2832 τέλειον
1467 2777 1482 2808 ⁵
1518 2779 1742 2839 τέλειον.
1777 2782 1973 2848 inquit,

392 2847 625 2933 dicimus
660 2846 998 2933 iducui-nihil
1034 2848 1206 2930 deest.
1243 2848 1382 2933 Quid
1417 2864 1579 2931 porro
1604 2853 1760 2933 deest
1786 2846 1864 2933 illi
1884 2855 1973 2933 qui

390 2918 559 2972 Deum
605 2918 774 2981 novit,
807 2927 863 2972 et
904 2918 995 2985 qui
1036 2918 1284 3041 Egratiam
1335 2919 1430 2974 Dei
1475 2920 1737 2990 possidet,
1785 2932 1840 2976 et
1865 2918 1975 2976 vita

390 2986 500 3041 iam
538 2986 735 3041 fruitur
767 2987 1010 3041 acterna?
1086 3005 1115 3041 χ
1157 3003 1266 3041 auo
1295 2989 1366 3041 ita
1397 2989 1670 3041 concludit
1700 2990 1972 3041 Clemens.

384 2986 500 3051 jam
538 2986 735 3041 fruitur
767 2987 1010 3041 acterna?
1036 2986 1115 3043 Ex
1157 3003 1266 3056 quo
1295 2989 1366 3043 ita
1397 2986 1670 3044 concludit
1700 2990 1972 3055 Clemens,

388 3071 580 3112 omnes
613 3058 706 3127 qui
737 3057 789 3112 in
825 3056 1107 3127 Cliristum
1142 3058 1516 3118 crediderunt.
1555 3068 1609 3112 et
1637 3074 1797 3116 sacro
1830 3062 1969 3115 lava-

390 3141 484 3181 cro
512 3125 666 3182 tincti
697 3137 843 3187 sunt,
870 3125 979 3193 jam
1006 3127 1280 3195 perfectos
1307 3143 1428 3184 esse
1451 3145 1466 3182 :
1494 3127 1651 3183 Οὕτω
1672 3129 1733 3181 τὺ
1752 3132 1975 3184 πιστεῦ-

386 3210 474 3274 σαι
506 3198 794 3274 μόνον-καὶ
809 3197 1259 3274 ἀναγεννηθῆναι,
1282 3198 1809 3274 τελείῳσίς-ὲστιν-εν
1836 3200 1969 3274 ζωῇ.

2086 2021 2378 2077 cognosco.
2411 2025 2430 2059 ι
2457 2006 2689 2064 Miseros
2716 2023 2935 2079 quoque
2964 2020 3021 2065 et
3040 2011 3284 2067 infelices
3317 2027 3443 2069 esse
3471 2013 3678 2083 aiebat,

2085 2141 2254 2220 vitate
2287 2140 2648 2197 concluditur.
2686 2145 2747 2220 Et
2781 2147 2899 2199 ideo
2944 2146 3106 2201 hodie
3141 2149 3538 2220 neopbytorum
3576 2152 3676 2206 ba-

2086 2211 2231 2287 bitns
2264 2222 2647 2287 commutatur
2675 2233 2689 2267 :
2720 2218 2791 2269 ita
2829 2227 3007 2269 tamen
3045 2228 3102 2268 ut
3132 2211 3339 2273 candor:
3362 2220 3453 2287 qui
3484 2221 3551 2274 de
3579 2222 3678 2276 ha-

2082 2280 2197 2334 bitu
2243 2282 2555 2353 deponitur,
2608 2299 2824 2353 semper
2869 2288 2921 2339 in
2976 2286 3140 2342 corde
3168 2280 3437 2343 teneatur.
3473 2308 3490 2340 ι
3524 2288 3671 2347 Idem

2084 2347 2326 2429 testatur
2341 2347 2573 2429 Beda__in
2606 2347 2751 2429 libro
2774 2356 2849 2429 _De
2886 2357 3087 2425 ofﬁciis.
3121 2375 3140 2408 ι
3177 2360 3614 2429 Septuagesima,
3643 2384 3664 2413 ι

2083 2420 2278 2496 inquit,
2314 2422 2536 2496 «tendit
2568 2426 2637 2496 ad
2677 2420 2960 2496 sabbatum
3003 2436 3129 2480 ante
3169 2420 3668 2496 oet-avas'Paschie,

2081 2492 2303 2566 quando
2356 2491 2410 2545 lii
2443 2492 2537 2566 qui
2570 2494 2620 2546 in
2652 2495 2835 2563 vigilia
2865 2495 3099 2566 Pascha:
3124 2497 3490 2566 baptizantur,
3548 2491 3668 2556 alba

2080 2561 2422 2637 vestimenti
2458 2561 2751 2637 deponuni.
2790 2583 2809 2616 ›
2849 2565 2989 2637 Qum
3012 2567 3174 2620 verba
3193 2561 3665 2637 'leguntur‘etiam

2081 2629 2136 2683 in
2155 2631 2357 2687 Ordine
2384 2628 2651 2687 Romano.
2679 2635 2734 2688 ln
2765 2628 2950 2689 vetere
2981 2636 3122 2690 libro
3153 2628 3461 2692 Pon‘til’tcali
3492 2640 3670 2696 Seno-

2081 2702 2269 2755 nensis
2317 2700 2578 2780 Ecclesia:
2635 2714 2759 2758 ante
2793 2716 3314 2780 _sexcentos_ann_os
3367 2710 3670 2780 descripto,

2080 2780 2260 2824 exstat
2303 2772 2567 2850 solemnis
2600 2775 2844 2841 precatio
2890 2790 3052 2850 quam
3102 2775 3340 2850 faciebat
3380 2772 3670 2850 episcdpus

2079 2855 2246 2921 super
2268 2842 2574 2921 neopliytis,
2605 2851 2734 2899 tunc
2762 2859 2886 2921 cum
2906 2842 3073 2900 'albas
3094 2842 3450 2921 deponerent,
3503 2842 3668 2921 quam

2081 2910 2170 2963 hic
2205 2911 2482 2967 ascribere
2511 2928 2691 2983 Operae
2717 2918 2951 2983 pretium
2980 2910 3186 2984 putavi.

2077 2994 2400 3036 BENEDICTIO
2455 2996 2511 3036 IN
2575 2999 2810 3039 SABBATO
2870 3000 3081 3049 QUANDO
3138 3002 3303 3041 ALBAS
3359 3003 3666 3049 DEPONUNT-

2148 3051 2315 3114 Deus,
2341 3052 2432 3123 qui
2465 3052 2682 3107 calcatis
2710 3055 2912 3122 inferni
2938 3056 3139 3123 legibus
3170 3054 3532 3121 captivitatem
3562 3077 3665 3117 no-

2075 3130 2244 3195 stram
2270 3122 2503 3195 resoluta
2534 3130 2869 3195 catenarum
2896 3122 3145 3194 compage
3199 3127 3447 3195 dignatus
3496 3146 3550 3183 es
3590 3133 3662 3185 ad

2077 3191 2335 3263 libertatis
2357 3192 2581 3263 prtumia
2608 3209 2867 3252 revocare.
2892 3197 3002 3263 ipse
3014 3191 3163 3248 uobis
3191 3191 3402 3263 priestet
3424 3199 3501 3252 ita
3520 3200 3661 3255 hanc

384 3250 541 3334 Αρυῖι
574 3250 799 3322 Latinus
844 3250 1076 3335 quoque.
1100 3250 1970 3336 perfc'ctiﬂclii'istianidicebat:

2079 3261 2262 3336 vitain
2287 3250 2603 3336 transigere,
2650 3272 2708 3315 ut
2740 3250 2997 3336 in_il[am
3035 3250 3338 3333 perpe'tuam
3387 3250 3499 3336 ipso
3521 3250 3661 3325 ait};

388 3346 499 3400 tur,
551 3339 645 3406 qui
691 3337 1020 3406 baptismum
1068 3348 1447 3406 susceperant,
1514 3340 1732 3393 tametsi
1778 3356 1971 3395 manus

392 3407 795 3476 impositionem
848 3407 915 3460 ab
950 3407 1206 3475 episcopo
1258 3424 1364 3462 non
1405 3409 1764 3476 accepissent.
1802 3409 1971 3465 Vetus

385 3487 583 3550 auctor
631 3477 703 3529 De
758 3477 1034 3550 luereticis
1088 3492 1194 3530 non
1245 3477 1650 3550 rebaptizandis
1702 3489 1769 3531 :r
1815 3479 1969 3547 Quod

388 3548 652 3602 hodierna
684 3560 905 3616 quoque
936 3546 1026 3599 die
1054 3562 1159 3601 non
1191 3546 1387 3615 petest'
1406 3547 1645 3602 dubitari
1689 3562 1812 3604 esse
1848 3546 1970 3604 usi-

386 3626 577 3688 latum,
614 3627 668 3672 et
691 3617 911 3672 evenire
936 3616 1153 3670 solitum
1190 3626 1247 3688 ut
1276 3616 1519 3688 plerique
1552 3627 1671 3688 post
1702 3619 1968 3687 baptisma

383 3686 501 3739 sine
528 3687 875 3758 impositione
903 3686 1361 3758 manusepiscopi
1415 3686 1482 3741 de
1514 3686 1713 3742 stcculo
1740 3686 1968 3755 exeant;

382 3764 438 3809 et
465 3756 643 3812 tamen
678 3772 778 3826 pro
804 3756 1063 3824 perfectis
1094 3756 1345 3811 ﬁdelibus
1377 3760 1667 3812 habentur.
1712 3777 1732 3810 ι
1772 3760 1839 3814 Et
1877 3761 1972 3813 itc-

383 3841 503 3897 rnin
543 3828 695 3881 infra
727 3841 849 3897 pag.
891 3826 993 3879 155
1063 3827 1323 3897 editionis
1380 3827 1623 3896 ltigaltii,
1666 3828 1967 3897 perfectum

379 3894 757 3970 Christianum
788 3894 1237 3970 ponit_pro_ﬁde_li
1267 3913 1283 3951 :
1315 3894 1688 3970 imperfectum
1714 3913 1841 3953 vero
1869 3914 1970 3970 pro

384 3966 829 4037 catechumeno':
864 3984 882 4017 ι
925 3966 993 4037 Et
1025 3966 1149 4037 ideo
1200 3966 1468 4037 integrum
1511 3981 1576 4021 ac
1606 3966 1889 4023 sincerum
1915 3981 1969 4024 et

381 4036 875 4090 incontaminatum
899 4045 955 4090 et
980 4033 1299 4106 inviolatum
1319 4033 1618 4106 imumque
1651 4039 1810 4093 debet
1833 4054 1967 4094 con-

320 4154 329 4161 ,
383 4106 577 4177 sistere
616 4108 920 4170 conlitenti,
962 4105 1110 4170 nullo
1151 4105 1361 4161 delectu
1413 4105 1597 4161 habito
1626 4107 1799 4177 ipsius
1834 4125 1966 4164 con-

383 4172 628 4247 iessoris,
665 4178 780 4230 sive
812 4177 900 4231 ille
927 4177 1129 4247 justus,
1174 4177 1290 4230 sive
1327 4187 1606 4245 peccator;
1646 4172 1968 4244 'perfectus-

381 4258 487 4312 que
531 4246 879 4311 christianus,
918 4246 986 4301 an
1030 4261 1159 4303 vero
1204 4248 1368 4300 etiam
1401 4260 1545 4301 nunc
1589 4248 1964 4316 imperfectus,

380 4316 473 4383 qui
506 4329 718 4370 summo
755 4318 1067 4372 discrimine
1095 4330 1196 4371 suo
1238 4316 1525 4372 Dominum
1555 4319 1804 4372 conﬁteri
1855 4335 1963 4374 non

383 4386 581 4441 timuit.
626 4406 645 4437 ι

453 4454 562 4526 (6t)
604 4454 932 4527 Ἠγάλλετο
960 4456 1043 4524 τῷ
1068 4458 1380 4527 πνεύματι.
1424 4454 1578 4522 Quod
1604 4455 1879 4526 plerisque
1908 4458 1962 4513 in

380 4521 513 4578 locis
542 4521 703 4595 hujus
731 4526 912 4597 operis
941 4521 1342 4597 accidisse'jam
1378 4521 1581 4589 manui,
1604 4521 1664 4579 in
1692 4521 1961 4597 hoc-quo-

2074 3330 2290 3397 possitis
2319 3332 2540 3406 intrare.
2568 3331 2756 3406 Amen.
2789 3330 3279 3406 Tantuniiprtivbeat
3310 3330 3453 3391 vobis
3485 3338 3661 3406 ferro-

2076 3415 2184 3452 rem
2238 3402 2512 3454 catholicae
2553 3403 2714 3470 ﬁdei,
2758 3414 2815 3456 ut
2856 3405 3027 3456 sancti
3067 3404 3319 3458 adventus
3355 3402 3500 3461 illius
3543 3411 3661 3464 sitis

2073 3472 2461 3544 exspectatione
2484 3474 2687 3544 securi.
2708 3474 2895 3526 Amen.
2927 3471 2994 3525 Ut
3020 3475 3314 3544 quicunque
3340 3476 3425 3529 hic
3448 3494 3659 3534 merue-

2074 3542 2448 3611 runt_purgari
2493 3543 2636 3594 unda
2669 3542 2933 3609 baptismi,
2985 3544 3058 3596 ibi
3104 3542 3420 3611 prasentari
3448 3548 3657 3605 valeant

2072 3610 2158 3677 pio
2181 3608 2364 3663 Iudici
2393 3612 2689 3669 candidati.
2716 3608 2904 3667 Amen.

2142 3678 2318 3753 Porro
2350 3682 2607 3753 neopbyti
2636 3694 2761 3753 octo
2788 3683 2911 3738 illos
2940 3697 2969 3736 a
3000 3683 3270 3753 baptismo
3295 3684 3412 3741 dies
3440 3701 3657 3747 summa

2072 3763 2197 3829 cum
2226 3750 2488 3820 religione
2515 3750 2870 3829 celebrabant
2897 3769 2910 3805 :
2955 3753 3028 3829 ita
3057 3750 3238 3829 utper
3267 3770 3360 3810 eos
3393 3757 3530 3829 dies,
3560 3763 3656 3829 qui

2072 3820 2238 3872 etiam
2270 3831 2478 3898 octava:
2508 3821 3036 3898 dicebantur,__uefas
3056 3820 3322 3898 baberent
3341 3825 3490 3898 nudo
3515 3820 3655 3898 pede

2075 3898 2273 3967 tet-Aram
2304 3892 2642 3967 contingere,
2665 3903 2727 3967 u_t
2751 3893 2945 3967 scribit
2971 3894 3304 3967 Augustinus
3337 3897 3391 3949 in
3426 3892 3655 3967 epistola

2072 3959 2178 4038 με)
2205 3961 2271 4038 ad
2301 3958 2642 4038 Januarium.
2677 3962 2869 4038 Sedet
2903 3958 3121 4038 pereas
3144 3964 3438 4038 diesnudo
3459 3958 3655 4038 'capito

2072 4030 2327 4104 incedere
2355 4030 2638 4104 solebant,
2657 4033 2803 4104 quod
2825 4030 2953 4097 erat
2977 4033 3189 4104 signum
3223 4035 3511 4092 libertatis.
3543 4030 3656 4094 Au-

2068 4101 2321 4168 gustinus
2339 4113 2590 4155 sermone
2611 4100 2647 4155 4
2665 4100 2716 4155 in
2736 4103 3017 4158 Dominica
3031 4100 3364 4159 'octavarum
3386 4105 3611 4164 Pascliae
3630 4128 3649 4167 :

2075 4186 2094 4218 ‹
2132 4168 2309 4223 Hodie
2333 4180 2539 4225 octavae
2562 4171 2818 4227 dicuntur
2846 4173 3131 4228 infantium
3170 4190 3184 4226 :
3216 4176 3497 4230 revelanda
3525 4189 3652 4236 sunt

2067 4241 2250 4310 capita
2273 4253 2481 4306 eorum,
2524 4243 2669 4310 quod
2711 4251 2796 4297 est
2840 4242 3099 4297 indicium
3146 4243 3432 4301 libertatis.
3473 4247 3650 4305 Habet

2068 4309 2211 4362 enim
2241 4308 2559 4381 libertatem
2578 4313 2681 4366 ista
2709 4313 2970 4381 spiritalis
3005 4314 3280 4378 nativitas,
3315 4332 3334 4366 ο
3367 4325 3472 4371 etc.
3506 4320 3650 4373 (Jon-

2071 4388 2151 4452 t_ra
2177 4380 2552 4435 catechumeni
2586 4380 2751 4436 tectis
2772 4383 3041 4451 capitibus
3075 4399 3172 4451 per
3192 4384 3462 4452 publicum
3495 4387 3648 4444 ince-

2067 4449 2289 4522 debant,
2345 4460 2693 4522 cum_typum
2739 4449 2994 4520 gererent
3036 4449 3165 4507 Adae
3192 4449 3230 4505 'a
3263 4456 3519 4521 paradiso
3552 4473 3646 4513 ex-

2069 4518 2245 4597 pulsi._
2267 4528 2328 4573 ut
2373 4522 2449 4597 ait
2479 4518 2713 4575 Junilius
2740 4518 3017 4597 iu_lib._tt,
3043 4536 3166 4597 cap.
3207 4518 3294 4597 iii.
3344 4524 3500 4589 Quod
3521 4531 3644 4597 qui-

380 4608 486 4668 que
512 4590 818 4668 admissum
842 4596 1008 4668 fuisse
1045 4590 1310 4665 suspicor,
1354 4608 1410 4649 ιιι
1436 4597 1603 4668 verba
1631 4590 1960 4668 transposita
1993 4593 2038 4648 D
2068 4591 2189 4641 dem
2214 4590 2281 4668 de_
2309 4590 2440 4643 solis
2462 4591 3327 4668 competentibusintelligendum
3346 4609 3519 4668 puto,
3538 4590 3641 4668 'qui

380 4662 606 4735 fuerint.
636 4668 728 4735 Sic
756 4666 917 4735 igitur
944 4662 1223 4734 legendum
1249 4681 1367 4721 esse
1392 4662 1958 4735 εχίειὶιηοεήγάλλετο,

378 4734 749 4806 ἀνεκαινοῦτόν
771 4751 830 4787 τε
853 4734 932 4806 τῷ
962 4735 1256 4805 πνεύματι.
1286 4736 1492 4806 Alludit
1523 4737 1668 4789 enim
1695 4734 1761 4789 ad
1811 4738 1959 4793 illum

379 4817 596 4858 versam
642 4805 911 4860 notissimi
949 4807 1140 4874 psalmi
1182 4822 1213 4860 ι.
1250 4823 1262 4857 :
1303 4805 1407 4858 Cor
1445 4807 1699 4858 mundum
1729 4822 1851 4859 crea
1903 4809 1959 4861 in

380 4889 498 4935 me,
526 4874 690 4939 Deus,
734 4886 779 4927 et
805 4875 1048 4942 spiritum
1094 4886 1290 4927 rectum
1341 4876 1530 4927 innova
1577 4876 1633 4927 in
1674 4876 1959 4929 visceribus

380 4946 533 4996 meis.
584 4943 752 4999 Porro
787 4960 861 5015 ex,
900 4946 1004 5001 hoc
1045 4944 1263 5015 Eusebii
1320 4943 1438 4998 loco
1501 4943 1771 5015 colligitur
1816 4945 1960 5000 Con-

381 5015 680 5068 atautinum
719 5029 822 5069 non
853 5014 905 5069 in
941 5015 1080 5067 lecto
1109 5013 1412 5084 perfusum,
1448 5024 1506 5067 ut
1527 5013 1655 5083 aegri
1686 5014 1954 5080 solebant,

381 5086 476 5139 sed
533 5085 584 5136 in
634 5085 859 5138 ecclesia
916 5086 1243 5153 baptismum
1298 5085 1620 5152 percepisse.
1680 5085 1771 5153 Ait
1809 5088 1956 5140 enim

380 5153 662 5226 Eusebius.
706 5156 817 5215 τοῖς
862 5152 1447 5226 Χριστοῦ-μαρτυρίοις
1493 5152 1953 5224 ἀναγεννώμενος.

381 5221 501 5276 Mox
538 5226 719 5278 scribo
751 5240 814 5278 ex
865 5221 1051 5279 codice
1082 5221 1288 5280 Fultetii
1313 5221 1387 5278 et
1431 5221 1704 5279 veteribus
1739 5221 1955 5280 schedia

378 5293 555 5364 φωτὸς
583 5294 969 5364 ἐνεπίμπλατο.

450 5364 561 5436 (62)
589 5362 959 5433 Λαμάροῖς...
985 5362 1389 5436 ἀμφιάσμασι.
1435 5362 1634 5436 Notum
1664 5372 1756 5436 est
1786 5365 1954 5419 moris

375 5433 506 5487 olim
536 5433 725 5498 fuisse,
757 5445 815 5487 ut
845 5435 1093 5505 necpbyti
1124 5433 1369 5489 candidis
1393 5434 1634 5505 vestibus
1661 5433 1953 5505 indueren-

378 5511 488 5565 tur,
523 5519 658 5572 quas
686 5515 879 5559 octavo
923 5501 1139 5561 demum
1175 5506 1260 5559 die
1287 5503 1653 5571 deponebant.
1680 5502 1829 5557 Zeno
1851 5501 1953 5559 Ve-

382 5577 635 5644 ronensis
660 5575 712 5628 in
741 5589 989 5631 sermone
1016 5577 1049 5629 5
1075 5575 1141 5629 ad
1176 5573 1472 5644 neopbytos
1501 5590 1515 5626 :
1555 5590 1574 5624 ι
1608 5572 1823 5628 Primus
1853 5588 1951 5629 vos

378 5643 469 5712 qui
495 5643 551 5697 in
583 5659 641 5697 se
667 5646 971 5699 credentem
1006 5645 1258 5713 reprobat
1284 5643 1509 5706 nullum,
1539 5657 1645 5698 nou
1685 5645 1826 5713 aries
1854 5645 1947 5700 sed

378 5711 552 5781 agnus
576 5715 785 5781 excepit
821 5732 835 5768 :
869 5718 960 5783 qni
1001 5711 1235 5769 vestram
1274 5713 1572 5783 nuditatem
1619 5711 1835 5767 velleris
1863 5715 1944 5767 sui

380 5786 538 5853 niveo
563 5786 799 5837 candore
828 5782 1057 5853 vestivit.
1081 5803 1100 5836 ι
1132 5782 1460 5853 Augustinus
1482 5784 1535 5837 in
1567 5798 1820 5838 sermone
1844 5784 1944 5838 157

382 5851 450 5907 de
480 5861 722 5923 tempore
754 5872 769 5907 :
808 5871 827 5906 ι
857 5852 1134 5910 Paschalis
1158 5851 1472 5911 soiemnitas
1506 5854 1762 5911 hodierna
1793 5853 1944 5910 festi-

2066 4671 2173 4712 non
2204 4659 2379 4714 solum
2403 4659 2801 4729 caput,’verum
2842 4660 3005 4715 etiam
3044 4663 3249 4715 vultum
3278 4659 3641 4728 velinbaritfut

2063 4730 2220 4782 docet
2267 4729 2498 4798 Cyrillus
2545 4729 2813 4784 Hierosol.
2857 4732 2910 4783 in
2960 4733 3132 4798 prima
3180 4734 3472 4788 catecbesi.
3522 4734 3640 4793 Hoc

2063 4807 2244 4852 autem
2280 4798 2524 4853 velamen
2567 4801 2698 4868 ipsis
2740 4799 3086 4872 auferebatur
3132 4802 3187 4872 in
3221 4803 3512 4872 baptismo.
3553 4809 3639 4863 vel

2061 4877 2213 4942 certe
2241 4878 2436 4942 octavo
2476 4870 3102 4942 postbaptismumdie.
3136 4869 3250 4926 Hoc
3280 4869 3426 4927 énim
3455 4879 3638 4942 potius

2061 4937 2292 4990 innuunt
2321 4938 2611 5007 Augustini
2654 4937 2816 4993 verba
2862 4939 3021 5006 paulo
3053 4950 3179 4994 ante
3219 4957 3251 4995 ιι
3301 4937 3638 5001 nobiscum-

2060 5018 2377 5079 memorata.
2409 5011 2552 5061 Idem
2584 5024 2800 5079 quoque
2824 5009 3115 5079 conﬁrmat
3144 5008 3463 5068 Theodorus
3488 5016 3633 5071 Can-

2060 5078 2349 5131 tuariensis
2398 5079 2682 5146 episcopus
2716 5078 2796 5133 ’in
2845 5079 2984 5133 libro
3033 5078 3404 5136 Paenitentiali
3447 5096 3469 5137 :
3516 5105 3535 5138 ι
3572 5085 3634 5141 la

2058 5147 2444 5200 monachorum
2474 5150 2819 5203 ordinatione
2852 5149 3022 5204 abbas
3049 5151 3212 5206 debet
3252 5154 3473 5207 missam
3500 5171 3631 5210 caii-

2058 5225 2194 5294 tare,
2221 5227 2275 5270 et
2311 5226 2426 5294 tre_s_
2450 5218 2734 5294 orationes
2780 5218 3056 5288 complere
3094 5235 3259 5294 super
3286 5232 3449 5291 caput
3474 5228 3628 5294 ejus,

2055 5291 2110 5358 et
2138 5295 2342 5358 septem
2377 5287 2500 5358 dies
2519 5288 2660 5342 velet
2680 5299 2844 5357 caput
2865 5287 3019 5355 eius;
3049 5287 3280 5358 septimo
3306 5287 3396 5347 die
3426 5287 3630 5350 abstul-

2055 5353 2129 5434 lat
2159 5353 2421 5434 velamen.
2468 5357 2620 5434 Sicut
2655 5360 2707 5412 in
2752 5353 3028 5434 baptismo
3072 5353 3357 5434 presbyter
3391 5366 3628 5434 septimo

2054 5425 2143 5477 die
2186 5426 2431 5481 velamen
2481 5426 2745 5482 infantum
2790 5429 2981 5484 tollit:
3016 5425 3090 5484 ita
3147 5440 3202 5484 et
3236 5425 3414 5485 'abbas
3452 5425 3627 5488 fdebet

2053 5498 2342 5570 monac_ho,
2377 5496 2503 5564 quia
2535 5502 2810 5554 secundus
2835 5502 3136 5568 baptismus
3164 5510 3248 5554 est
3291 5501 3447 5568 juxta
3471 5504 3622 5570 judi—

2050 5566 2193 5639 cium
2235 5566 2490 5639 Patrum;
2542 5578 2600 5622 et
2624 5571 2804 5625 omnia
2836 5566 3060 5639 peccata
3099 5566 3451 5625 dimittuntur
3472 5566 3626 5626 sicut

2049 5635 2103 5687 in
2129 5637 2415 5704 baptismo.
2448 5654 2467 5686 ι

2118 5707 2232 5777 (65)
2295 5705 2598 5776 Πεφάνθαι
2621 5706 2859 5773 ἄξιον...
2921 5708 3313 5764 πεπίστευκα.
3363 5708 3664 5766 Ultlmatn'

2047 5793 2239 5849 vocem
2270 5779 2598 5849 addiderunt
2637 5779 2955 5849 typograpbi
2980 5777 3327 5849 Genevenses
3352 5796 3420 5835 ex
3466 5784 3620 5837 libris

2049 5848 2314 5919 Scaligeri
2335 5857 2390 5903 et
2424 5845 2742 5918 Bongarsii;
2769 5845 2939 5919 quam
2967 5848 3134 5905 etiam
3172 5853 3228 5906 in
3265 5850 3447 5907 Ituraei
3477 5852 3621 5909 libro
