4186 6420
590 382 731 439 1219

1336 376 1608 435 EUSEBll
1643 372 2119 433 CAESARIENSIS
2154 369 2306 428 OPP.
2346 370 2529 427 PARS
2568 371 2608 424 l.
2648 402 2718 412 —
2756 369 3147 426 HISTORICA.

3720 373 3864 428 19.20

589 499 680 567 qui
726 496 894 551 tantis
939 494 1098 549 bonis
1128 492 1497 563 privarentur.
1563 490 1810 560 Cumque
1861 489 2067 543 tribuni
2110 501 2168 542 ac

2278 484 2563 546 ἀπεκάλει,
2596 482 2812 547 ἀθλίους
2843 478 2982 536 εἶναι
3007 483 3180 549 λέγων
3201 523 3215 547 ,
3249 483 3378 546 τοὺς
3400 483 3565 537 τῶνδε
3590 483 3699 538 τῶν
3726 487 3867 554 ἁγαιο

590 591 755 643 duces
774 587 1098 649 militarium
1122 586 1402 654 cupiarum
1427 582 1767 652 introgressi,
1815 582 1989 634 vicem
2014 595 2166 633 suam

589 681 837 737 dolerent
867 680 1013 749 quod
1043 679 1209 733 orbos
1255 678 1402 746 ipsos
1448 676 1802 743 relinqueret,
1857 681 1912 727 et
1958 673 2169 740 longio-

589 786 703 825 rem
739 771 840 839 ipsi
871 771 1037 823 vitam
1074 775 1561 838 comprecarentur
1581 802 1596 830 ,
1635 767 1721 820 his
1749 766 1916 820 etiam
1944 778 2171 830 respon-

587 861 739 925 dens,
774 875 919 914 nunc
952 860 1168 915 demum
1198 871 1387 911 veram
1427 868 1487 908 se
1538 857 1703 908 vitam
1765 854 2019 922 adeptum
2050 866 2172 906 esse

586 952 743 1012 dixit.
788 965 954 1020 seque
998 965 1166 1004 unum
1196 950 1404 1019 optime
1437 961 1618 1009 nosse,
1645 954 1973 1014 quantorum
2002 944 2172 998 bono-

585 1039 705 1096 runi
729 1043 1002 1111 particeps
1042 1040 1220 1097 factus
1246 1040 1458 1095 fuisset.
1490 1038 1727 1093 Proinde
1755 1049 2055 1106 properare
2089 1049 2169 1098 se,

584 1143 637 1190 et
679 1134 1070 1205 profectionem
1124 1134 1192 1187 ad
1227 1134 1395 1187 Deum
1440 1147 1596 1186 suum
1639 1128 1783 1183 nulla
1840 1127 2170 1197 tergiversa-

586 1228 733 1281 tione
783 1225 1026 1281 dill‘erre.
1078 1224 1305 1295 Singula
1366 1223 1565 1278 deinde
1637 1238 1736 1291 pro
1795 1219 2026 1275 arbitrio
2073 1233 2171 1273 suo

584 1318 882 1387 disposuit:
913 1331 976 1371 ac
1004 1315 1266 1369 Romanis
1293 1314 1515 1383 quidem
1566 1313 1771 1381 regiam
1798 1310 1987 1366 urbem
2020 1309 2173 1362 inro-

586 1409 822 1464 lentibus
844 1424 1023 1462 annua
1054 1409 1300 1477 quaedam
1331 1419 1556 1461 munera
1588 1401 1807 1473 legavit,
1843 1402 1957 1456 suis
1986 1410 2168 1455 autem

586 1500 773 1554 liberis
825 1499 1111 1567 imperium
1167 1497 1318 1551 velut
1358 1509 1639 1567 paternam
1678 1493 2047 1548 hmreditatem
2081 1505 2171 1546 re-

584 1590 778 1661 liquit,
831 1601 1028 1645 cuncta
1062 1600 1225 1660 prout
1261 1590 1362 1659 ipsi
1394 1589 1699 1650 videbatur,
1737 1587 2098 1642 constituens.

1150 1770 1377 1826 CAPUT
1417 1771 1597 1825 LXIV.

2274 574 2383 628 θῶν
2414 574 2827 646 στερουμένους.
2878 575 3029 627 Ἐπεὶ
3054 574 3111 626 δὲ
3135 573 3246 626 τῶν
3276 576 3658 646 στρατοπέδων
3690 580 3740 631 oi
3768 596 3868 631 τα-

2273 665 2490 738 ξιάρχαι
2542 669 2635 721 καὶ
2682 664 3057 737 καθηγεμόνες
3091 665 3223 720 εἴσω
3257 667 3619 740 παρελθόντες
3645 668 3867 723 ἀπωδύ-

2275 777 2448 831 ροντο,
2484 762 2624 829 σφᾶς
2655 760 2852 822 αὐτοὺς
2889 760 3128 829 ἐρήμους
3158 758 3377 812 ἔσεσθαι
3420 758 3862 831 ἁποκλαιόμενοι,

2271 851 2571 921 ἐπηύχοντό
2602 868 2661 904 τε
2695 851 2842 921 ζωῆς
2882 850 3029 920 αὑτῴ
3061 849 3287 920 χρόνους
3312 868 3326 880 ·
3359 851 3454 903 καὶ
3482 849 3696 914 τούτοις
3727 853 3861 905 ἀπο-

2273 944 2631 1013 κρινάμενος,
2676 943 2769 995 νῦν
2812 941 2917 1010 ἔφη
2955 941 3055 1009 τῆς
3100 940 3334 1010 ἀληθοῦς
3381 939 3527 1011 ζωῆς
3572 940 3859 1010 ἠξιῶσθαι,

2278 1036 2437 1105 μόνον
2478 1036 2526 1087 τ’
2560 1034 2723 1087 αὑτὸν
2766 1031 2964 1086 εἰδέναι
2995 1027 3070 1086 ὧν
3117 1034 3442 1104 μετείληφεν
3482 1034 3734 1102 ἀγαθῶν·
3780 1035 3863 1088 διὸ

2275 1125 2368 1177 καὶ
2401 1124 2650 1176 σπεύδειν
2671 1163 2685 1186 ,
2721 1123 2842 1192 μηδ’
2870 1122 3265 1176 ἀναϐάλλεσθαι
3289 1123 3387 1194 τὴν
3411 1124 3549 1194 πρὸς
3573 1123 3664 1178 τὸν
3695 1125 3860 1178 αὑτοῦ

2274 1217 2403 1270 Θεὸν
2428 1216 2674 1287 πορείαν.
2701 1212 2812 1268 Εἶτ’
2837 1216 2929 1268 ἐπὶ
2956 1214 3164 1279 τούτοις
3191 1215 3261 1268 τά
3288 1218 3635 1287 προσήκοντα
3657 1216 3862 1271 διετάτ-

2271 1327 2430 1362 τετο·
2479 1309 2571 1363 καὶ
2615 1309 2919 1379 Ῥωμαίους
2969 1308 3067 1379 μὲν
3104 1310 3231 1372 τοὺς
3275 1310 3374 1381 τὴν
3417 1308 3664 1378 βασιλίδα
3707 1310 3859 1363 πόλιν

2273 1400 2556 1463 οἰκοῦντας
2589 1401 2751 1471 ἐτίμα
2787 1400 2997 1453 δόσεσιν
3042 1400 3300 1470 ἐτησίοις,
3331 1402 3443 1464 τοῖς
3466 1401 3510 1454 δ’
3537 1401 3700 1454 αὐτοῦ
3737 1419 3863 1454 παι-

2275 1491 2381 1554 σὶν,
2416 1489 2606 1563 ῶσπερ
2644 1488 2767 1543 τινὰ
2817 1490 3090 1562 πατρικὴν
3139 1488 3393 1561 ὓπαρξιν,
3443 1492 3533 1544 τὸν
3572 1493 3670 1564 τῆς
3711 1492 3862 1562 βασι-

2274 1583 2422 1647 λείας
2471 1582 2757 1653 παρεδίδου
2808 1581 3029 1653 κλῆρον,
3078 1582 3236 1638 πάνθ’
3264 1584 3364 1636 ὅσα
3404 1584 3532 1653 φίλα
3575 1580 3643 1656 ἦν
3688 1585 3859 1657 αὐτῷ,

2273 1676 2777 1746 διατυπωσάμενος.

2798 1748 3193 1820 ΚΕΦΑΛἈῘΟΝ
3221 1763 3336 1820 EA’.

586 1863 918 1918 Constantini
950 1880 1089 1916 mors
1125 1865 1211 1917 die
1256 1864 1393 1932 festo
1437 1862 1789 1927 Pentecostes,
1837 1863 1979 1916 circa
2021 1863 2168 1917 meri-

2308 1859 2781 1932 ΚωνστίιντίνουΔ
2799 1856 3048 1932 τελευτή
3077 1861 3146 1909 ἐν
3176 1855 3250 1932 τῇ
3270 1856 3393 1932 *τῆς
3416 1856 3838 1927 Πεντηκοστῆς

1300 1935 1459 1986 diem.

658 2023 833 2079 Porro
874 2025 989 2079 haec
1021 2024 1203 2076 omnia
1235 2025 1562 2091 gerebantur
1600 2026 1652 2077 in
1691 2025 1929 2077 maxima
1964 2023 2056 2077 illa
2088 2039 2178 2079 so-

584 2114 871 2181 lemnitate
905 2115 1231 2168 venerandue
1274 2124 1328 2168 ct
1364 2114 1753 2169 sacratissima:
1784 2113 2172 2170 Pentecostes.

585 2217 706 2269 quae
740 2201 1052 2268 septenario
1075 2201 1477 2256 hebdomadum
1509 2217 1737 2257 numero
1760 2202 2037 2265 decorata,
2056 2201 2178 2255 uni-

587 2301 703 2347 tate
753 2292 1095 2361 obsignatur.
1152 2293 1211 2347 lu
1250 2308 1354 2362 qua
1399 2304 1456 2350 et
1504 2296 1814 2349 communis
1867 2295 2175 2349 Servatoris

586 2397 877 2437 ascensum
929 2384 983 2437 iu
1041 2383 1235 2448 caelos,
1286 2394 1343 2439 et
1394 2386 1570 2440 sant-ti
1611 2385 1849 2455 Spiritus
1902 2388 1959 2440 in
2001 2396 2175 2441 terras

585 2472 908 2526 descensum
939 2474 1240 2543 contigisse
1294 2489 1467 2530 sacra:
1520 2475 1743 2531 Littera!
1786 2485 2074 2532 testantur.
2115 2477 2173 2531 lu

585 2575 649 2614 ea
688 2561 854 2628 igitur
892 2560 1243 2619 solemnitate
1280 2565 1577 2635 imperator
1618 2567 1734 2621 haec
1768 2583 1887 2636 qua:
1939 2569 2177 2623 diximus

587 2651 755 2722 559
781 2662 1127 2720 consecutus,
1157 2655 1345 2711 ultima
1376 2659 1592 2713 tandem
1625 2661 1735 2725 die,
1789 2676 1951 2729 quam
1982 2661 2027 2715 si
2054 2661 2176 2729 quis

587 2748 830 2802 omnimn
860 2745 1218 2803 festivitatum
1249 2749 1540 2805 maximam
1559 2753 2173 2822 vocet,ltaudquaqnam

586 2852 711 2893 meo
737 2838 949 2908 judicio
980 2839 1344 2907 aberraverit,
1397 2840 1543 2896 circa
1589 2842 1878 2897 meridiem
1918 2842 2176 2912 migravit

587 2929 656 2983 ad
694 2928 979 2983 Dominum
1003 2969 1018 2995 ,
1052 2929 1372 2985 mortalibus
1397 2932 1615 3001 quidem
1647 2941 1862 3002 partem
1896 2932 1983 2987 sui
2026 2947 2175 2987 mor-

591 3017 753 3071 talem
787 3017 1134 3088 relinquens,
1175 3032 1295 3073 eam
1324 3034 1456 3075 vero
1479 3022 1676 3077 anima:
1705 3032 1917 3092 partem
1942 3035 2063 3091 qua
2094 3021 2177 3075 in-

2757 1926 2951 1995 ἑορτῇ,
2982 1928 3372 1996 μεσημϐρίας.

2350 2022 2597 2076 Ἕκαστα
2630 2019 2687 2073 δέ
2718 2019 2923 2073 τούτων
2953 2019 3048 2072 ἐπὶ
3090 2021 3188 2091 τῆς
3230 2020 3492 2090 μεγίστης
3531 2019 3860 2073 συνετελεῖτο

2280 2112 2494 2187 ἑορτῆς,
2541 2113 2640 2183 τῆς
2675 2112 2739 2182 δὴ
2777 2110 3086 2166 πανσέπτου
3133 2110 3229 2165 καὶ
3276 2111 3546 2179 παναγίας
3590 2112 3862 2182 Πεντηκοο

2278 2206 2439 2275 στῆς,
2488 2204 2752 2274 ἑϐδομάσι
2800 2204 2897 2273 μὲν
2944 2202 3084 2256 ἑπτά
3129 2200 3537 2273 τετιμημένης,
3583 2201 3769 2272 μονάδι
3814 2199 3860 2255 δ’

2275 2294 2813 2367 ἑπισφραγιζομένης
2853 2293 3001 2363 (64),
3053 2294 3173 2347 καθ’
3217 2295 3284 2364 ἢν
3329 2293 3430 2363 τὴν
3474 2295 3554 2356 είς
3599 2291 3863 2364 οὐρανοὺς

2273 2385 2539 2455 ἀνάληψιν
2560 2384 2652 2436 τοῦ
2678 2381 2856 2436 κοινοῦ
2877 2382 3152 2452 Σωτῆρος,
3180 2384 3277 2454 τήν
3301 2399 3361 2435 τε
3393 2382 3487 2434 τοῦ
3513 2382 3667 2450 ἁγίου
3691 2381 3863 2434 Πνεύ-

2278 2494 2444 2547 ματος
2472 2478 2552 2539 είς
2582 2474 2902 2546 ἀνθρώπους
2940 2474 3186 2541 κάθοδον,
3220 2473 3371 2542 λόγοι
3405 2474 3726 2546 γεγενῆσθαι
3760 2491 3861 2526 πε-

2275 2568 2516 2642 ριέχουσι
2560 2567 2713 2621 θεῖοι.
2763 2568 2852 2621 Ἐν
2884 2567 2947 2639 δὴ
2991 2566 3161 2639 ταύτῃ
3200 2566 3406 2620 τούτοιν
3434 2566 3683 2633 ἀξιωθεὶς
3711 2566 3863 2637 βασι·

2273 2658 2399 2721 λεὺς
2422 2697 2437 2720 ,
2468 2659 2561 2711 ἐπὶ
2591 2658 2693 2728 τῆς
2727 2657 2965 2730 ὑστάτης
3003 2657 3233 2712 ἀπασῶν
3267 2656 3510 2728 ἡμέρας,
3543 2658 3612 2728 ἢν
3641 2657 3705 2730 δὴ
3737 2659 3861 2730 ἐορ-

2272 2749 2373 2820 τὴν
2407 2748 2610 2819 ἑορτῶν
2646 2749 2746 2801 οὐκ
2776 2748 2842 2803 ἀν
2872 2766 2958 2813 τις
2989 2748 3279 2820 διαμάρτοι
3320 2747 3534 2812 καλῶν,
3576 2748 3721 2818 ἀμφὶ¹
3764 2764 3861 2819 με·

2277 2839 2586 2912 σημὸρινάς
2628 2840 2781 2910 ἡλίου
2816 2840 2995 2911 ὥρας,
3032 2840 3170 2911 πρὸς
3230 2838 3324 2892 τὸν
3364 2838 3528 2892 αὐτοῦ
3563 2839 3695 2892 Θεὸν
3734 2841 3860 2894 ἀνε-

2274 2931 2599 3002 λαμόάνετο,
2628 2930 2840 3001 θνητοῖς
2868 2931 2967 3001 μὲν
2999 2931 3061 2983 τὸ
3094 2929 3355 3000 συγγενὲς
3384 2929 3662 3000 παραδοὺς
3694 2929 3860 3001 ἔχειν,

2275 3023 2436 3087 αὐτὸς
2475 3022 2519 3076 δ’
2545 3024 2668 3076 ὅσον
2711 3018 2778 3094 ἦν
2819 3022 2984 3075 αὐτοῦ
3034 3024 3134 3094 τῆς
3181 3023 3359 3094 ψυχῆς
3417 3022 3603 3094 νοερόν
3659 3040 3717 3077 τε
3764 3023 3862 3079 καὶ

587 3110 887 3183 telligentia
940 3120 996 3166 et
1059 3124 1248 3167 amore
1296 3111 1388 3167 Dei
1440 3114 1668 3182 prazdita
1735 3121 1885 3179 erat,
1928 3114 2038 3167 Deo
2075 3128 2168 3167 suo

2278 3111 2560 3181 φιλόθεον,
2606 3110 2684 3182 τῷ
2731 3110 2898 3164 αὐτοῦ
2936 3111 3055 3181 Θεῷ
3111 3112 3533 3181 συναπτόμενος.
3583 3112 3755 3165 Τοῦτο
3800 3112 3862 3166 τὸ

587 3176 943 3274 conjungens.
988 3200 1090 3258 Hic
1121 3176 1480 3260 Constantino
1509 3205 1692 3261 exitus
1729 3176 2001 3261 vitaefuit.
2064 3202 2168 3259 Sed

2271 3176 2424 3265 τέλος
2470 3204 2571 3273 τῆς
2610 3176 3239 3273 Κῶνσταντίνου-ξωῆς
3288 3176 3426 3254 ἀλλά
3464 3200 3574 3273 γάρ
3619 3202 3862 3273 ἐπίωμεν

586 3308 877 3365 pergamus
910 3294 978 3347 ad
1018 3292 1248 3361 reliqua.

1151 3382 1380 3439 CAPUT
1437 3381 1605 3437 LXV.

871 3475 1107 3532 Militum
1148 3487 1194 3531 et
1245 3477 1578 3528 tribunorum
1624 3472 1885 3549 planctus.

659 3566 726 3622 Et
761 3554 1102 3635 protectores
1128 3567 1350 3635 quidem
1381 3565 1671 3635 omnisque
1706 3566 2024 3633 stipatorum
2059 3576 2170 3619 tur-

584 3655 677 3724 ba,
706 3655 990 3711 confeStim
1023 3656 1314 3724 discerptis
1345 3656 1588 3709 vestibus
1640 3670 1841 3725 pronus
1877 3670 1938 3710 se
1970 3658 2025 3709 in
2062 3668 2171 3711 ter-

588 3762 704 3800 ram
732 3748 1050 3818 abjicientes
1099 3756 1263 3817 caput
1316 3746 1433 3801 solo
1482 3745 1786 3810 illidebant,
1835 3744 2068 3814 eiulatus
2115 3758 2171 3802 et

587 3838 825 3894 lamenta
860 3854 985 3893 cum
1033 3839 1254 3908 planctu
1286 3848 1343 3893 et
1375 3838 1705 3893 clamoribus
1729 3839 1987 3904 edentes,
2018 3854 2171 3892 eum-

588 3945 697 4000 que
724 3929 1005 3984 dominum
1034 3939 1196 3998 atque
1228 3928 1636 3998 imperatorem,
1657 3942 1756 3982 nec
1778 3937 1836 3981 ut
1859 3926 2166 3990 dominum,

589 4021 683 4074 sed
728 4029 789 4073 ut
817 4029 1099 4089 parentem
1145 4018 1378 4087 piissimi
1423 4018 1579 4074 liberi
1622 4018 1996 4073 inclamantes.
2043 4016 2171 4072 'l‘ri-~

586 4111 719 4166 buni
757 4126 887 4167 vero
942 4121 997 4165 et
1042 4111 1388 4166 centuriones
1445 4119 1821 4177 servatorem,
1881 4109 2167 4180 praesidem

585 4203 726 4259 bene
754 4204 1007 4257 meritum
1047 4203 1438 4273 praedicabant.
1468 4202 1687 4272 Reliqui
1739 4204 2013 4258 exercitus
2048 4211 2168 4256 tan-

585 4310 748 4364 quam
783 4307 975 4365 greges
1031 4293 1275 4362 quidam,
1324 4308 1449 4348 cum
1487 4294 1636 4349 omni
1682 4293 1949 4349 modestia
1981 4308 2047 4347 ac
2082 4309 2170 4349 re-

586 4387 833 4440 verentia
897 4386 1163 4455 Optimum
1212 4395 1486 4454 pastorem
1543 4384 1948 4441 desiderabant.
2009 4385 2169 4441 Plebs

584 4492 802 4546 quoque
828 4491 927 4547 per
952 4477 1263 4533 universam
1300 4477 1578 4531 civitatem
1614 4476 1976 4542 discurrebat,
2035 4478 2164 4532 inti-

586 4582 735 4621 mum
770 4569 939 4622 animi
977 4569 1059 4623 sui
1113 4567 1356 4623 dolorem
1416 4567 1815 4623 vociferatione
1862 4575 1918 4623 et
1956 4567 2164 4624 clamo-

588 4658 740 4713 ribus
779 4660 990 4714 abundc
1040 4660 1379 4729 signiﬁcans.
1430 4658 1727 4732 Multi,prae
1761 4661 1971 4725 dolore,
2021 4669 2163 4717 atto-

588 4750 718 4804 nitis
760 4750 965 4805 similes
1004 4753 1365 4817 videbantur,
1431 4753 1662 4822 singulis
1698 4755 1839 4806 hanc
1887 4753 2163 4823 prepriam

587 4942 853 5018 adiectam
879 4942 1081 4999 inveni.
1112 4944 1272 5018 Deest
1299 4955 1476 5018 tamen
1512 4947 1562 5018 i_n
1590 4947 1778 5018 (miliae
1827 4946 2019 5018 Regio,
2061 4964 2163 5004 nec

590 5014 744 5067 valde
766 5017 1070 5067 necessaria
1103 5015 1232 5070 mihi
1262 5017 1495 5071 videtur.
1521 5016 1574 5070 lu
1600 5015 1737 5071 Fuk.
1768 5014 1947 5071 autem
1975 5020 2164 5073 codice

586 5092 644 5137 et
667 5084 720 5136 in
753 5082 905 5136 libris
937 5082 1173 5139 Turnebi
1213 5102 1277 5139 ac
1306 5084 1515 5150 Savilii,
1561 5090 1787 5142 verbum
1818 5089 2160 5143 πεπίστευκα

586 5153 808 5225 additur
835 5163 956 5225 post
981 5169 1168 5208 vocem
1205 5155 1401 5223 φωτός.
1436 5155 1623 5225 Itaque
1655 5172 1812 5211 error
1847 5170 1932 5213 est
1965 5170 2077 5219 tum
2107 5163 2160 5213 in

585 5222 733 5277 libro
763 5221 967 5286 Hormi,
991 5234 1103 5276 tum
1137 5225 1188 5276 in
1212 5221 1449 5279 editione
1475 5221 1799 5281 Geneveusi.

657 5291 769 5364 (64)
793 5290 1190 5368 νυιεημοχᾴδι
1206 5295 1254 5345 τ’
1282 5296 1868 5368 ἑπισφριιγιζομένης.
1910 5298 2163 5368 Scriberi-

584 5363 714 5437 dum
726 5372 810 5437 est
838 5363 1026 5437 μονάδι
1048 5363 1090 5415 δ’
1108 5363 1742 5437 ἐπισφραγιζομένης.ὐι
1758 5363 1810 5437 in
1828 5363 2041 5422 achedis
2061 5363 2160 5422 lie-

585 5435 687 5502 giis
703 5435 951 5488 habetur.
982 5435 1149 5489 Porro
1164 5449 1232 5488 ex
1253 5441 1351 5490 hoc
1376 5435 1492 5490 loco
1511 5435 1755 5505 apparet,
1781 5436 2157 5493 Pentecostem

585 5505 724 5578 sutili
756 5520 861 5578 non
886 5505 1058 5578 solum
1082 5519 1180 5578 pro
1207 5506 1296 5578 die
1316 5507 1406 5560 illo
1433 5510 1526 5575 qui
1547 5518 1630 5561 est
1669 5509 2158 5578 quinquagesimus

585 5587 619 5627 δ
646 5573 1039 5645 die‘Pascliali,
1083 5573 1182 5629 sed
1226 5575 1392 5629 etiam
1424 5573 1521 5645 pro
1558 5573 1763 5645 septem
1802 5573 2157 5634 liebdomadis

627 5657 709 5696 uze
734 5642 939 5717 Pascha
963 5648 1384 5717 subsequuntur.
1418 5642 1493 5700 ita
1517 5642 1716 5715 passim
1749 5656 2016 5717 usurpant.
2043 5660 2152 5701 tum

636 5714 922 5786 “tacitum
974 5713 1170 5786 Latini.
1240 5713 1604 5786 Hieronymus
1651 5718 1705 5771 in
1780 5713 2051 5786 Epistolaﬁ
2088 5718 2158 5773 ad

586 5780 890 5839 Barcellam
923 5802 938 5841 :
974 5783 1096 5840 Non
1122 5802 1223 5854 quo
1241 5802 1333 5854 per
1356 5780 1524 5841 totum
1546 5804 1744 5842 annum
1773 5780 1988 5854 excepta
2015 5785 2154 5843 Pen-

2272 3292 2366 3346 ἐπὶ
2393 3292 2462 3346 τά
2493 3293 2643 3362 ἑξῆς.

2797 3382 3195 3437 ΚΕΦΑΛΔΙΟΝ
3219 3380 3338 3436 ΞΕ¹.

2464 3473 2845 3544 Στρατιωτῶν
2882 3475 2980 3528 καὶ
3026 3473 3367 3544 ταξιαρχῶν
3410 3473 3679 3543 όδυρμοί.

2342 3568 2640 3639 Δορυφόροι
2672 3571 2768 3638 μὲν
2803 3567 2999 3619 αὐτίκα
3038 3567 3132 3619 καὶ
3168 3567 3275 3620 πᾶν
3305 3567 3365 3620 τὸ
3394 3566 3503 3619 τῶν
3538 3583 3861 3637 σωματοφυ-

2269 3656 2453 3710 λάκων
2484 3656 2663 3725 γένος,
2695 3655 2928 3726 ἐσθῆτας
2962 3654 3447 3726 περιρῤηξάμενοι,
3486 3658 3626 3723 σφᾶς
3662 3671 3722 3707 τε
3759 3654 3860 3707 αὑ-

2270 3751 2395 3811 τοὺς
2431 3746 2686 3818 ῥίψαντες
2731 3747 2817 3799 ἐπ’
2858 3746 3118 3815 ἐδάφους,
3173 3746 3272 3809 τὰς
3315 3745 3555 3814 κεφαλὰς
3597 3746 3857 3815 ᾕρασσον,

2271 3841 2570 3904 κωκυτοὺς,
2617 3839 2800 3908 φωνὰς
2839 3838 2948 3909 (65)
2998 3839 3266 3907 οἰμωγαῖς
3312 3837 3360 3889 θ’
3407 3837 3524 3908 ἅμα
3566 3837 3659 3889 καὶ
3704 3835 3860 3906 βοαῖς

2270 3932 2552 4001 ἀφιέντες,
2600 3931 2692 3984 τὸν
2735 3929 3036 4001 δεσπότην,
3083 3929 3174 3982 τὸν
3214 3927 3435 4000 κύριον,
3469 3928 3570 3994 ,τὸν
3610 3926 3857 3997 βασιλέα,

2269 4027 2367 4094 οὐχ
2393 4019 2479 4077 οἷα
2509 4023 2795 4093 δεσπότην,
2827 4022 3041 4091 πατέρα
3070 4020 3116 4073 δ’
3142 4020 3353 4093 ὥσπερ,
3388 4020 3628 4090 γνησίων
3655 4019 3858 4073 παίδων

2268 4115 2445 4187 δίκην,
2473 4114 2902 4183 ἀνακαλούμενοι
2927 4130 2942 4144 ο
2978 4114 3262 4186 ταξίαρχοι
3286 4114 3345 4167 δὲ
3373 4113 3468 4166 καλ⁸
3496 4112 3738 4184 λοχαγοὶ,
3765 4112 3858 4166 τὸν

2272 4210 2524 4280 σωτῆρα,
2566 4208 2657 4262 τὸν
2702 4206 2917 4276 φύλακα
2941 4246 2956 4271 ,
2991 4206 3082 4260 τὸν
3116 4206 3411 4278 εὐεργέτην
3456 4205 3814 4259 ἀνεκαλοῦντο
3836 4219 3854 4235 ⁸

2269 4300 2338 4353 τά
2374 4317 2433 4352 τε
2463 4298 2626 4353 λοιπά
2657 4296 3025 4370 στρατιωτικά
3069 4298 3167 4351 σὺν
3197 4297 3361 4351 παντὶ
3399 4298 3588 4367 κόσμῳ
3617 4295 3694 4367 τῷ
3721 4296 3859 4367 πρέ-

2271 4407 2454 4454 ποντι,
2488 4384 2576 4442 οἷα
2616 4390 2675 4442 ἐν
2710 4389 2931 4458 ἀγέλαις
2958 4385 3050 4441 τὸν
3080 4388 3284 4457 ἀγαθὸν
3316 4386 3545 4440 ἐπόθουν
3583 4387 3854 4457 ποιμέναο

2271 4479 2432 4550 δῆμοι
2457 4478 2505 4531 θ’
2527 4477 2787 4542 ὡσαύτως
2816 4479 2915 4549 τὴν
2947 4477 3241 4550 σύμπασαν
3270 4475 3649 4544 περιενόστουν
3676 4476 3853 4541 πόλιν,

2270 4571 2331 4623 τὸ
2363 4570 2460 4640 τῆς
2493 4569 2674 4641 ψυχῆς
2709 4568 3000 4640 ἐνδόμυχον
3040 4570 3203 4637 ἄλγος
3248 4570 3516 4638 κραυγαῖς
3562 4569 3657 4621 καὶ
3703 4566 3855 4637 βοαῖς

2271 4661 2492 4732 ἔκδηλον
2527 4659 2869 4732 ποιούμενοι·
2906 4659 3053 4714 ἄλλοι
3096 4659 3154 4713 δέ
3190 4662 3454 4730 κατηφεῖς
3493 4658 3855 4730 ἐπτοημένοις

2270 4753 2510 4823 ἐῴκεσαν
2529 4791 2543 4815 ,
2583 4751 2813 4805 ἑκάστου
2857 4751 2919 4804 τὸ
2960 4750 3154 4814 πένθος
3186 4749 3296 4824 (66)
3332 4750 3463 4804 ῐδιον
3506 4750 3849 4821 ποιουμένου,

2270 4960 2460 5007 ιρσοδιε
2482 4952 2733 5021 jejunare
2763 4968 2868 5005 non
2898 4951 3077 5007 liceat.
3126 4950 3263 5004 Hinc
3298 4950 3437 5018 apud
3496 4949 3718 5004 Graecos
3748 4966 3847 5019 με·

2270 5021 2674 5092 σοπεντηκοστή
2706 5023 2906 5092 dicitur
2945 5022 3060 5092 dies
3080 5022 3280 5092 festus,
3316 5022 3406 5089 qui
3437 5034 3523 5073 εει
3558 5021 3849 5074 vicesimus

2267 5089 2500 5161 quintus
2526 5089 2729 5161 aifes'to
2764 5091 3035 5161 Pascliali.
3078 5090 3205 5157 Ejus
3237 5089 3359 5145 festi
3391 5097 3849 5161 praetermitteres

2266 5159 2515 5216 meminit
2554 5160 2799 5216 Joannes
2842 5159 3266 5231 Chrysostomus
3329 5161 3382 5213 in
3430 5160 3652 5213 humilia
3703 5159 3739 5213 5
3782 5161 3849 5212 de

2264 5234 2445 5285 Anna.

2334 5302 2443 5374 (65)
2470 5300 2807 5374 Κωκυτοὺς,
3112 5297 3311 5374 Ultima
3342 5296 3846 5374 vox_delenda_est,

2266 5366 2482 5426 tametsi
2536 5373 2589 5424 in
2623 5366 2873 5424 omnibus
2926 5369 3080 5422 libris
3128 5369 3330 5423 nostris
3384 5369 3672 5422 habeatur.
3725 5366 3849 5420 Mox

2264 5440 2612 5511 scribendum
2643 5451 2729 5511 est
2762 5440 2852 5511 τὸν
2897 5438 3214 5511 εὐεργέτην⁸
3238 5436 3623 5511 ἐπεκαλοῦντο.
3654 5452 3722 5491 ex
3749 5451 3843 5491 co-

2264 5513 2382 5565 dice
2409 5508 2546 5564 Fuk.
2577 5510 2633 5563 lu
2661 5510 2874 5563 schedis
2902 5507 3087 5576 Regiis
3116 5507 3310 5576 legitur
3337 5507 3735 5560 ἀπεκαλοῦντο.

2334 5580 2447 5653 (66)
2476 5580 2631 5653 vulg.
2675 5578 2937 5653 ἑκάστου
2979 5595 3045 5653 τε
3084 5577 3723 5653 πέιςθοςζᾳδρτίὺειηίυηι
3763 5584 3846 5630 est

2263 5646 2446 5720 procul
2491 5646 2655 5703 dubio
2704 5649 2950 5720 ἑκάστου
2986 5649 3048 5701 τὸ
3075 5648 3284 5720 πένθος
3315 5647 3445 5700 ἴδιον
3498 5646 3842 5720 ποιουμένου,

2261 5717 2339 5774 De
2387 5720 2601 5789 publico
2647 5722 2887 5773 omnium
2940 5717 3105 5789 luctu
3142 5718 3195 5771 in
3257 5718 3451 5789 funere
3494 5717 3845 5789 Constantini

2262 5786 2437 5854 Magni
2474 5790 2614 5845 idem
2675 5797 2909 5845 testatur
2945 5788 3201 5846 Aurelius
3257 5786 3446 5844 Victor
3492 5788 3582 5843 his
3612 5788 3795 5842 verbis
3828 5802 3845 5840 ι
