4186 6396
361 369 497 427 1221

1459 368 1547 422 DE
1587 367 1747 421 Vl'l‘A
1785 363 2247 422 CONSTANTINI
2287 364 2414 419 LIB.
2456 363 2547 419 1V.

3497 359 3637 414 19.ἳῆ

361 493 522 549 αὖτόν
549 510 610 546 τε
642 491 954 556 κόπτοντος,
978 491 1177 544 ὡσανεὶ
1203 493 1296 546 τοῦ
1323 491 1502 546 κοινοῦ
1532 491 1786 546 ἁπάντων
1813 490 1944 557 ἀγα-

2052 487 2414 542 calamitatem
2441 486 2841 556 reputantibus,
2870 494 3039 551 seque
3063 479 3209 549 ipsos
3228 477 3635 547 plangentibus,

359 585 455 643 θοῦ
482 586 581 657 τῆς
609 588 788 640 αὐτῶν
820 588 1177 661 ἀφῃρημένου
1212 587 1376 657 ζωῆς.

854 699 1256 753 ΚΕΦΑΛΑΙΟΝ
1306 695 1437 763 5:5,".

389 789 769 860 Μετακομιδὴ
808 790 914 843 τοῦ
952 790 1226 855 σκήνους
1262 787 1380 841 ἀπὸ
1408 784 1803 860 Νικομηδείας
1839 782 1910 837 ἐνν

623 856 1253 915 Κωνσταντινουπόλει
1289 860 1359 909 ἐν
1395 856 1685 922 παλατίῳ.

430 974 696 1046 ’Ἄραντες
726 972 833 1024 δὀἱ
862 970 1240 1045 στρατιωτικοὶ
1261 968 1323 1022 τὸ
1355 968 1571 1039 σκῆνος,
1601 969 1774 1038 χρυσῇ
1808 983 1943 1019 κατ-

358 1065 595 1118 ετίθεντο
634 1064 882 1133 λάρνακι.
951 1062 1167 1131 Ταύτην
1213 1061 1261 1113 θ’
1317 1060 1616 1130 ἁλουργικῇ
1668 1058 1944 1129 ἁλουργίδι

362 1155 475 1226 (67)
505 1155 877 1228 περιέϐαλλον,
916 1155 1171 1225 ὲκόμιζόν
1200 1154 1246 1206 τ’
1275 1154 1355 1215 εἰς
1383 1151 1481 1223 τὴν
1508 1149 1775 1221 βασιλέως
1802 1150 1947 1203 ἐπώ-

361 1265 531 1319 νυμον
579 1248 761 1301 πόλιν·
821 1246 1036 1301 κᾶπειτ’
1074 1247 1131 1299 ὲν
1172 1244 1321 1316 αὐτῷ
1360 1243 1437 1314 τῷ
1480 1244 1697 1297 πάντων
1735 1242 1943 1313 προφέ-

364 1359 508 1413 ροντι
544 1341 653 1409 (68)
688 1340 795 1394 τῶν
827 1339 1113 1412 βασιλείων
1140 1338 1295 1409 οἴκῳ,
1345 1337 1559 1408 βάθρων
1611 1337 1695 1405 ἐφ’
1724 1335 1944 1407 ὑψηλῶν

362 1430 737 1486 κατετίθεντο-
777 1431 930 1500 φῶτά
966 1429 1012 1482 τ’
1049 1428 1353 1498 ὲφάψαντες
1390 1426 1574 1497 κύκλῳ
1606 1426 1697 1479 ἐπὶ
1733 1425 1942 1478 σκευῶν

361 1522 598 1595 χρυσῶν,
631 1521 939 1595 θαυμαστὸν
968 1520 1150 1592 Θέαμα
1180 1522 1288 1582 τοῖς
1320 1519 1487 1591 ὁρῶσι
1523 1521 1805 1590 παρεῖχον,
1833 1512 1943 1569 οἷον

362 1618 449 1669 ἐπ’
499 1615 710 1678 οὐδενὸς
764 1612 971 1668 πώποτ’
1016 1614 1100 1682 ἐφ’
1147 1612 1298 1682 ἡλίου
1351 1612 1547 1678 αὐγαῖς
1604 1612 1669 1663 ὲκ
1719 1608 1943 1679 πρώτης

362 1705 555 1769 αἰῶνος
584 1703 894 1767 συστάσεως
925 1704 1016 1756 ἐπὶ
1048 1705 1151 1773 γῆς
1191 1700 1365 1771 ὤφθη.
1403 1699 1591 1752 Ἔνδον
1632 1698 1741 1769 γάρ
1772 1714 1856 1750 τοι
1887 1698 1945 1750 ὲν

361 1795 508 1866 αὐτῷ
541 1796 787 1867 παλατίῳ
823 1793 967 1848 κατά
1012 1794 1074 1847 τὸ
1121 1793 1444 1864 μεσαίτατον
1489 1793 1597 1845 τῶν
1633 1790 1941 1861 βασιλείων,

362 1891 445 1958 ἐφ’
472 1888 682 1959 ὑψηλῆς
721 1886 972 1957 κείμενον
1014 1886 1221 1958 χρυσῆς
1265 1884 1533 1957 λάρνακος
1574 1884 1635 1937 τὸ
1678 1883 1943 1955 βασιλέως

363 1979 579 2050 σκῇνος,
618 1977 911 2047 βασιλικοῖς
943 1994 1002 2029 τε
1030 1977 1276 2046 κόσμοις,
1314 1975 1570 2047 πορφύρᾳ
1612 1992 1670 2028 τε
1701 1975 1794 2029 καὶ
1826 1976 1944 2031 δια-

359 2068 563 2139 δήματι
626 2067 1022 2138 τετιμημένον,
1088 2066 1329 2119 πλεῖστοι
1390 2066 1943 2137 περιστοιχισάμενοι,

360 2157 727 2230 ὲπαγρύπνως
758 2156 823 2210 δι’
852 2157 1070 2228 ἡμέρας
1102 2156 1197 2209 καὶ
1230 2155 1422 2217 νυκτὸς
1456 2154 1779 2227 ἐφρούρουν.

876 2267 1275 2322 ΚΕΦΑΛΛΙΟΝ
1309 2263 1424 2319 ΞΖ’.

364 2366 556 2432 Ὅπως
594 2362 695 2417 καὶ
728 2362 878 2432 μετὰ
908 2361 1168 2432 θάνατον
1204 2356 1656 2432 ὺίῑὸλιομήτων-
1685 2359 1781 2412 καὶ
1824 2361 1948 2413 λοι-

560 2426 940 2497 πῶν-[καθὼς
970 2431 1068 2484 καὶ
1103 2432 1174 2483 ἐν
1207 2427 1286 2493 τῷ
1322 2426 1449 2496 ζῇν,
1486 2427 1746 2497 ἐτιμᾶτο.

433 2547 497 2601 Ol
531 2546 587 2600 δέ
628 2563 691 2614 γε
720 2545 814 2599 τοῦ
847 2543 1045 2607 παντὸς
1077 2541 1308 2614 στρατοῦ
1340 2541 1734 2613 καθηγεμόνες,
1770 2542 1939 2615 κόμη-

362 2639 454 2703 τές
477 2657 536 2692 τε
571 2639 665 2691 καὶ
695 2640 801 2690 πᾶν
834 2637 893 2689 τὸ
920 2635 1029 2688 τῶν
1063 2635 1338 2707 ἀρχόντων
1363 2635 1572 2705 τάγμα,
1608 2627 1689 2697 οἷς
1725 2634 1815 2686 τὸν
1854 2634 1950 2705 βα-

366 2731 519 2785 σιλέα
552 2731 647 2784 καὶ
688 2730 851 2799 νόμος
881 2729 1145 2801 πρότερον
1168 2723 1236 2799 ἦν
1278 2731 1627 2796 προσκυνεῖν,
1663 2727 1829 2798 μηδὲν
1852 2725 1947 2779 τοῦ

368 2822 631 2891 συνήθους
665 2820 1101 2889 ὑπαλλαξάμενοι
1134 2818 1359 2889 τρόπου,
1393 2820 1506 2881 τοῖς
1526 2817 1704 2871 δέουσι
1738 2820 1950 2888 καιροῖς

366 2911 500 2966 sic!»
526 2910 814 2981 παριόντες
837 2948 851 2971 ,
888 2909 978 2961 τὸν
1010 2908 1102 2960 ἐπὶ
1129 2908 1229 2976 τῆς
1265 2906 1535 2978 λάρνακος
1568 2906 1790 2977 βασιλέα
1811 2945 1826 2970 ,
1862 2900 1951 2958 οἷά

367 3017 473 3075 περ
499 3001 677 3067 ζῶντα
702 3002 795 3053 καὶ
822 2999 960 3066 μετὰ
984 2998 1235 3060 θάνατον,
1262 2997 1596 3070 γονυκλινεῖς
1617 2996 1946 3067 ἠσπάζοντο·

368 3092 512 3166 μετὰ
540 3091 597 3145 δὲ
631 3090 756 3155 τοὺς
786 3087 1035 3161 πρώτους
1060 3088 1214 3142 ταῦτ’
1249 3087 1517 3160 ἔπραττον
1542 3086 1830 3157 παριόντες
1854 3124 1868 3149 ,
1899 3085 1955 3137 οἵ

363 3187 411 3239 τ’
438 3184 498 3251 ἐξ
540 3183 710 3253 αὐτῆς
752 3181 1058 3252 συγκλήτου
1093 3179 1284 3251 βουλῆς
1304 3218 1319 3242 ,
1368 3180 1422 3232 οἵ
1450 3180 1497 3231 τ’
1528 3179 1621 3230 ἐπὶ
1649 3176 1805 3243 ἀξίας
1840 3175 1950 3248 (69)
1979 3191 2021 3245 c

366 3276 599 3340 πάντες⁶
654 3272 770 3345 μεθ’
796 3271 889 3335 οὒς
927 3270 1073 3341 ὄχλοι
1123 3268 1392 3323 παντοίων
1433 3268 1653 3340 δήμων,
1703 3266 1947 3335 γυναιξὶν

364 3368 485 3439 ἅμα
517 3367 611 3420 καὶ
638 3365 827 3419 παισὶν
858 3364 951 3416 ἐπὶ
980 3363 1079 3435 τὴν
1111 3362 1239 3416 θέαν
1270 3362 1571 3433 παρῄεσαν.
1606 3360 1947 3413 Συνετελεῖτο

362 3460 423 3515 δὲ
444 3460 616 3513 ταῦτα
636 3456 779 3511 οὕτω
798 3455 977 3527 χρόνῳ
1005 3454 1221 3527 μακρῷ,
1246 3454 1355 3506 τῶν
1379 3452 1783 3525 στρατιωτικῶν
1804 3452 1947 3506 οὕτω

369 3552 549 3623 μένειν
592 3555 654 3603 τὸ
694 3549 889 3620 σκῆνος
928 3547 1023 3603 καὶ
1069 3545 1433 3616 φυλάττεσθαι
1477 3544 1945 3615 βουλευσαμένων,

365 3642 477 3698 ἔστ’
509 3643 576 3697 ἂν
615 3644 664 3696 οἱ
706 3640 871 3695 αὐτοῦ
914 3639 1103 3702 παῖδες
1134 3638 1487 3708 ἀφικόμενοι,
1526 3639 1593 3707 τῇ
1639 3636 1704 3688 δι’
1740 3635 1947 3689 ἑαυτῶν

366 3736 561 3808 κομιδῇ
605 3735 696 3788 τὸν
744 3734 957 3803 πατέρα
999 3733 1309 3803 τιμήσειαν.
1356 3727 1665 3781 Ἐϐασίλευε
1705 3727 1763 3780 δὲ
1809 3727 1949 3798 μετά

367 3828 596 3883 θάνατον
631 3828 789 3899 μόνος
820 3826 931 3897 (70)
978 3824 1170 3895 θνητὸς
1215 3824 1246 3876 ό
1287 3822 1595 3893 μακάριος,
1648 3819 1948 3892 ἐπράττετό

364 3938 428 3975 τε
453 3920 521 3974 τὰ
550 3918 774 3990 συνήθη,
806 3918 1004 3971 ὡσανεὶ
1032 3917 1126 3970 καὶ
1149 3914 1349 3979 ζῶντος
1370 3912 1556 3975 αὑτοῦ,
1591 3913 1750 3965 τοῦτο
1778 3929 1951 3983 μονω-

365 4014 514 4083 τάτῳ
546 4011 693 4082 αὐτῷ
732 4011 825 4064 ἀπ’
853 4009 1048 4071 αἰῶνος
1080 4006 1173 4061 τοῦ
1206 4005 1340 4059 Θεοῦ
1383 4004 1782 4076 δεδωρημένου.
1832 4003 1948 4057 Μό-

367 4120 459 4168 νος
488 4103 640 4172 γοῦν,
671 4102 746 4167 ὡς
785 4101 891 4156 οὐδ’
916 4099 1073 4163 ἄλλος
1102 4097 1516 4169 αὐτοκρατόρων
1549 4098 1639 4150 τὸν
1672 4094 1953 4166 παμϐασι-

376 4365 397 4399 α
429 4345 613 4400 Funus
643 4344 870 4397 relatum
911 4343 962 4396 iu
992 4342 1180 4396 urbem
1213 4341 1293 4394 sui
1331 4340 1590 4393 nominis.
1639 4338 1794 4405 Quod
1819 4353 1954 4394 sane

372 4416 599 4540 populus
626 4413 785 4467 Rom.
824 4415 1105 4481 aegerrime
1131 4411 1250 4464 tulit
1281 4427 1296 4463 :
1324 4414 1543 4479 quippe,
1576 4411 1731 4476 cujus
1759 4409 1950 4473 armis,

392 4489 601 4540 eaibus.
649 4484 903 4539 clementi
956 4483 1205 4540 imperio.
1266 4482 1422 4540 quasi
1476 4489 1728 4533 novatam
1760 4481 1949 4534 urbem

392 4481 601 4556 egibus,
649 4484 903 4556 clementi
956 4483 1210 4556 imperio,
1251 4482 1424 4556 quasi
1450 4489 1728 4556 _novatam
1760 4481 1949 4556 urbem

2048 589 2231 647 utpote
2267 578 2544 634 communi
2577 577 2816 631 omnium
2851 575 2993 629 bono
3020 587 3084 627 ex
3119 572 3224 628 hac
3256 571 3367 624 vita
3400 568 3636 624 sublato.

2611 684 2840 741 CAPUT
2893 683 2984 737 LX
2994 680 3059 735 VI

2137 777 2411 840 Quomodo
2453 775 2616 846 [unus
2667 776 2984 831 Nicomedia
3030 771 3541 846 Constantinopolim

2439 844 2719 901 deductum
2762 854 2839 898 est
2881 851 2933 898 in
2962 844 3247 909 palatium.

2120 955 2371 1009 Posthzec
2402 956 2605 1009 milites
2628 954 2901 1010 sublatum
2942 969 2973 1007 e
3020 956 3161 1007 lecto
3196 968 3396 1022 corpus
3422 952 3474 1005 in
3506 967 3637 1008 arca

2049 1064 2213 1102 aurea
2269 1049 2672 1115 deposuerunt,
2727 1061 2959 1115 eamque
3034 1060 3305 1114 purpurea
3366 1046 3636 1100 obtectam

2048 1153 2201 1196 veste
2251 1139 2783 1208 Constantinopolim
2807 1140 3189 1207 deportarunt,
3232 1147 3396 1207 atque
3421 1139 3471 1191 in
3498 1153 3639 1207 pra:-

2047 1234 2211 1302 cipuo
2236 1232 2538 1301 imperialis
2578 1231 2762 1300 palatii
2803 1230 3055 1284 cubiculo
3078 1231 3365 1284 sublimem
3395 1230 3639 1285 colloca-

2048 1333 2261 1381 verunt.
2295 1326 2499 1380 Dehinc
2538 1338 2704 1379 aurea
2738 1338 2902 1391 super
2954 1322 3278 1377 candelabra
3338 1322 3643 1378 luminibus

2048 1419 2287 1486 undique
2316 1418 2587 1482 accensis,
2629 1414 2952 1470 admirabile
3002 1415 3370 1483 spectaculum
3418 1415 3639 1470 intuen-

2051 1510 2195 1562 tibus
2219 1513 2587 1578 praebebatur,
2615 1518 2670 1562 et
2695 1508 2859 1578 quale
2894 1508 2947 1561 in
2989 1506 3136 1562 nullo
3161 1522 3394 1576 unquam
3430 1516 3639 1561 morta-

2049 1600 2178 1653 liutn
2205 1604 2274 1655 ab
2305 1602 2422 1669 ipso
2476 1601 2627 1653 orbis
2654 1602 2878 1655 conditu
2912 1600 3090 1654 visum
3136 1600 3190 1653 in
3248 1600 3407 1654 terris
3440 1601 3639 1654 fuerat.

2048 1692 2255 1761 Quippe
2289 1694 2341 1745 in
2387 1693 2563 1746 medio
2592 1692 2838 1746 conclavi
2876 1692 3076 1762 regalis
3108 1691 3323 1761 palatii,
3360 1692 3522 1744 funus
3546 1691 3647 1744 im-

2050 1786 2321 1853 peratoris
2355 1785 2408 1838 in
2444 1800 2569 1839 arca
2613 1800 2782 1838 aurea
2818 1784 3052 1838 sublime
3094 1783 3308 1851 jacens,
3367 1784 3532 1853 regiis
3556 1782 3640 1836 iu-

2049 1877 2317 1945 signibus,
2353 1891 2588 1945 purpura
2619 1877 2829 1930 scilicet
2855 1891 2921 1929 ac
2951 1875 3264 1929 diademate
3293 1883 3641 1939 exornatum,

2051 1969 2204 2022 multi
2248 1969 2656 2023 circumdantes
2704 1977 2866 2023 noctu
2942 1976 3107 2037 atque
3160 1968 3397 2022 interdiu
3450 1966 3642 2037 vigiles

2048 2060 2449 2116 custodiebant.

2505 2263 2669 2338 560
2697 2263 2922 2319 CAPUT
2952 2262 3162 2319 van.

2052 2357 2326 2425 Quomodo
2351 2360 2511 2412 etiam
2552 2366 2669 2426 post
2699 2367 2920 2411 mortem
2947 2374 2978 2409 α
3005 2355 3287 2410 comitibus
3319 2363 3366 2408 et
3402 2353 3641 2424 reliquis,

2366 2429 2581 2496 perinde
2604 2444 2664 2482 ac
2698 2430 2870 2491 vivus,
2909 2430 3196 2480 honoratus
3222 2436 3323 2479 est.

2120 2541 2389 2597 Craterum
2434 2545 2601 2594 totius
2623 2539 2900 2595 exercitus
2944 2539 3136 2605 duces,
3166 2540 3396 2593 comites
3426 2552 3644 2609 quoque

2050 2643 2107 2687 et
2141 2632 2336 2701 reliqui
2377 2630 2596 2701 judices
2634 2647 2698 2685 ac
2731 2630 3106 2701 magistratus,
3141 2631 3231 2700 qui
3273 2632 3438 2684 etiam
3479 2640 3643 2684 antea

2052 2724 2434 2794 imperatorem
2475 2725 2711 2778 adorare
2762 2721 2911 2777 soliti
2954 2731 3135 2786 erant,
3209 2721 3423 2791 pristini
3480 2719 3650 2775 moris

2050 2816 2450 2870 observantiam
2491 2814 2803 2870 nullatenus
2847 2824 3146 2877 mutantes,
3172 2813 3337 2867 statis
3380 2812 3531 2869 horis
3562 2816 3650 2869 in-

2051 2910 2476 2980 grediebantur;
2527 2919 2581 2965 et
2628 2911 3014 2980 imperatorem
3058 2911 3110 2962 in
3158 2921 3283 2961 arca
3315 2907 3647 2976 depositum,

2052 3005 2276 3072 perinde
2293 3019 2357 3059 ac
2379 3005 2557 3059 vivum
2575 3013 2633 3059 et
2652 3005 2971 3074 spirantem,
2994 3016 3131 3073 genu
3147 3000 3285 3055 ﬂexo
3305 3009 3425 3069 post
3439 2999 3647 3055 obitum

2053 3092 2383 3148 salutabant.
2423 3092 2553 3147 Post
2587 3093 2858 3163 primores
2888 3102 3071 3146 autem
3120 3091 3261 3154 illos,
3305 3090 3449 3144 idem
3490 3090 3649 3144 dein-

2057 3201 2183 3255 eeps
2236 3195 2290 3241 et
2332 3195 2614 3241 senatores
2665 3194 2722 3241 et
2772 3184 3021 3239 honorati
3057 3199 3249 3239 omnes
3305 3185 3651 3239 introeuntes

2056 3277 2257 3332 fecere.
2296 3275 2719 3331 lunumerabilis
2748 3276 2947 3332 deinde
2980 3276 3125 3345 vulgi
3181 3275 3475 3330 multitudo
3516 3290 3642 3330 cum

2054 3369 2238 3439 pueris
2273 3384 2340 3424 ac
2377 3368 2699 3423 mulieribus
2734 3370 2803 3424 ad
2842 3367 3004 3436 hujus
3033 3369 3111 3422 rei
3150 3367 3523 3438 spectaculum
3552 3382 3649 3422 ac-

2055 3461 2243 3515 cessit.
2310 3461 2487 3531 Atque
2521 3461 2637 3516 hate
2672 3461 2818 3532 longi
2873 3460 3135 3530 temporis
3192 3459 3370 3529 spatio
3424 3459 3650 3514 assidue

2055 3561 2204 3621 gesta
2241 3563 2405 3615 sunt,
2451 3569 2575 3607 cum
2608 3552 2875 3607 militares
2926 3552 3090 3607 funus
3136 3553 3383 3606 adhunc
3426 3551 3647 3605 modum

2049 3646 2237 3714 jacere
2259 3654 2313 3697 et
2353 3642 2617 3698 custodiri
2648 3643 3041 3708 decrevissent,
3087 3641 3262 3695 donec
3302 3639 3650 3710 imperatoris

2054 3733 2149 3787 lilii
2190 3748 2257 3787 eo
2286 3733 2662 3797 advenientes,
2721 3730 2823 3799 ipsi
2871 3739 3161 3800 paternum
3207 3729 3371 3781 furius
3420 3727 3648 3782 honoris

2056 3840 2221 3879 causa
2282 3834 2764 3894 prosequerentur.
2808 3821 2972 3877 Solus
3024 3822 3259 3890 denique
3306 3820 3472 3874 etiam
3527 3830 3651 3889 post

2058 3926 2285 3971 mortem
2322 3915 2611 3985 imperavit
2642 3914 2898 3984 princeps
2925 3913 3276 3967 beatissimus
3300 3951 3316 3977 ,
3346 3918 3649 3979 cunctaque

2060 4023 2208 4063 more
2236 4007 2394 4062 solito
2425 4007 2803 4062 administrata
2833 4015 2984 4071 sunt,
3019 4006 3175 4076 quasi
3206 4004 3385 4058 adhuc
3416 4002 3469 4057 in
3509 4001 3649 4057 vivis

2056 4111 2224 4156 esset.
2261 4099 2364 4167 Qui
2398 4100 2578 4154 honos
2606 4098 2703 4153 uni
2736 4100 2810 4153 illi
2849 4106 2971 4168 post
3012 4097 3292 4152 hominum
3323 4093 3646 4149 memoriam

2057 4340 2331 4395 vocabant
2369 4355 2464 4396 eos
2508 4340 2599 4411 qui
2641 4341 2877 4396 honores
2929 4349 3241 4406 gesserant,
3285 4339 3504 4411 ut‘fuse
3544 4353 3646 4393 no-

2063 4412 2172 4464 tavi
2206 4414 2274 4465 ad
2312 4412 2507 4466 librum
2526 4409 2631 4466 ’Χιν
2672 4414 2850 4466 Anttu.
2897 4411 3216 4465 Marcellini.
3256 4409 3464 4475 Quibus
3505 4411 3645 4463 adde

2061 4483 2240 4535 locum
2278 4480 2566 4537 Gaudentii
2597 4481 2897 4536 Brixiensis
2937 4482 3175 4549 episcopi
3223 4482 3274 4532 in
3304 4480 3535 4547 epistola
3572 4480 3641 4532 ad

377 4549 672 4610 Romanam
698 4549 1078 4609 arbitraretur.
1118 4571 1136 4603 ι
1177 4549 1304 4606 Scio
1337 4549 1554 4619 quidem
1586 4550 1705 4619 haec
1749 4549 1948 4603 Aurelii
1984 4549 2027 4603 D
2058 4552 2392 4606 Benevolutn
2429 4570 2443 4604 :
2480 4570 2499 4603 ι
2536 4553 2667 4605 Nam
2709 4553 2851 4604 sicut
2893 4551 3281 4603 honoratorum
3323 4558 3521 4602 nostra:
3551 4564 3644 4602 ur-

374 4626 613 4684 Victoris
638 4625 801 4678 verba
852 4622 1072 4691 intelligi
1109 4636 1267 4690 posse
1311 4617 1376 4675 de
1409 4621 1617 4674 civibus
1659 4617 1943 4691 Romanis,

374 4699 464 4769 qui
495 4710 639 4765 aegre
685 4693 927 4769 tulerint,
962 4688 1121 4761 quod
1148 4691 1493 4769 constantini
1524 4692 1759 4769 cadaver
1794 4688 1948 4769 βοει-

373 4759 725 4835 ἑιειηιὶἦοροιί
775 4764 955 4832 potius
981 4759 1162 4829 quam
1194 4760 1381 4815 Roma:
1421 4761 1699 4814 humatum
1732 4759 1944 4813 luisset.

375 4838 480 4891 Sed
510 4845 686 4889 tamen
709 4832 980 4889 Victorem
1006 4830 1150 4885 aliud
1181 4832 1418 4886 sensisse
1440 4830 1695 4885 existimo
1716 4869 1730 4891 ,
1756 4843 1949 4884 omnes

373 4907 585 4962 scilicet
630 4904 856 4958 Romani
906 4903 1054 4955 orbis
1109 4901 1311 4954 incolas
1362 4899 1569 4954 obitum
1608 4898 1949 4953 Constantini

374 4976 728 5031 acerbissime
779 4973 985 5027 tulisse.
1038 4971 1139 5037 Qui
1186 4985 1377 5025 sensus
1408 4970 1565 5039 plane
1596 4971 1951 5039 conllrmatur

374 5044 725 5116 sequentibus
750 5043 926 5116 verbis
961 5057 975 5094 :
1009 5058 1029 5093 ι
1063 5040 1280 5116 Quippe
1310 5037 1688 5116 cujusarmisn,
1721 5037 1947 5109 legibus,

373 5109 630 5171 cie-tuenti
662 5114 889 5182 imperio
922 5112 1075 5182 quasi
1103 5109 1361 5182 novatum
1402 5111 1590 5165 orbem
1643 5109 1950 5163 Romanum

377 5180 759 5241 arbitraretur.
798 5200 819 5236 ι
856 5180 955 5237 Sic
977 5181 1125 5236 enim
1150 5180 1437 5251 legendum
1469 5190 1576 5243 est,
1629 5195 1736 5235 non
1769 5188 1951 5233 autem

379 5272 401 5308 ι
433 5256 623 5311 urbem
652 5255 973 5309 Romanam.
1016 5269 1036 5303 ι

448 5324 559 5399 (67)
599 5321 944 5399 Ἀλρυργικῄ
967 5318 1295 5399 ᾀλουργίδι.
1328 5318 1601 5399 Alterutra
1626 5332 1733 5372 vox
1750 5331 1954 5399 super-

374 5391 483 5451 ﬂua
533 5391 636 5449 est.
683 5391 844 5449 Certe
896 5391 1033 5448 Fuk.
1091 5391 1259 5445 codex
1329 5391 1688 5460 posteriorem
1746 5398 1953 5441 tantum

378 5466 568 5529 habet,
604 5465 690 5518 cui
723 5465 1016 5519 subscribit
1045 5461 1183 5515 liber
1211 5460 1475 5517 Turnebi.

448 5523 732 5606 (Wliuls-
754 5532 1020 5606 “9W3!
1034 5531 1142 5606 ’φῦ
1166 5530 1393 5606 Mer
1415 5527 1793 5606 προφέροῖτρ
1812 5523 1954 5606 “9°-

382 5594 553 5660 tiusin
578 5594 715 5658 ἘυΚῖ
740 5619 805 5658 ac
830 5594 1063 5656 Turuebi
1088 5604 1227 5672 libro
1253 5594 1702 5672 legiturv‘ev'aiirt‘p
1719 5594 1798 5667 τῷ
1816 5597 1955 5654 πάν-

377 5692 487 5731 των
518 5674 839 5747 προφέροντι
880 5671 987 5747 τῶν
1041 5671 1335 5747 βασιλείωνΔ
1353 5671 1539 5747 οἴκων.
1588 5671 1693 5726 Sed
1732 5673 1956 5747 outnino

379 5739 721 5803 scribendum
747 5754 832 5798 est
860 5744 1015 5812 οἴκῳ,
1041 5739 1107 5796 ut
1126 5756 1290 5810 supra
1324 5743 1376 5795 in
1407 5744 1500 5795 lib.
1537 5756 1618 5808 ιιι,
1649 5739 1890 5812 cap._10.

450 5815 563 5886 (69)
601 5813 723 5868 Εἶτ’
748 5814 840 5868 ἐπ’
885 5807 1082 5879 ἀξῖας,
1115 5813 1168 5867 id
1197 5807 1287 5867 est
1317 5807 1609 5868 honorari.
1636 5810 1729 5865 Sic
1773 5807 1954 5864 Latini

2055 4625 2157 4685 bis,
2188 4624 2261 4675 ita
2295 4626 2460 4675 etiam
2509 4622 2807 4676 Dominicae
2854 4620 3047 4689 plebis,
3083 4620 3310 4673 Domino
3342 4631 3642 4686 annuente,

2052 4693 2432 4761 dignissimum
2451 4701 2617 4759 caput
2634 4705 2714 4761 es.
2739 4711 2760 4744 ι

2125 4757 2241 4834 (70)
2292 4757 2637 4834 Ὶιῗὸασίλευε
2669 4760 2739 4814 δὲ
2769 4758 2921 4831 μετὰ
2959 4758 3222 4834 θάνατον
3263 4759 3477 4834 μόνος.
3515 4757 3645 4834 Post

2052 4828 2257 4885 obitum
2292 4831 2662 4893 Constantini,
2701 4828 3072 4899 interregnum
3108 4832 3230 4891 luit,
3264 4843 3362 4882 nec
3408 4828 3550 4882 ullus
3585 4830 3639 4882 in

2050 4903 2184 4956 orbe
2233 4901 2472 4955 Romano
2539 4904 2816 4972 Augustus
2862 4901 3195 4972 imperavit:
3214 4899 3369 4965 Quod
3421 4899 3640 4972 quidem

2017 4998 2023 5003 -
2056 4974 2426 5041 interregnum
2479 4986 2583 5025 non
2628 4967 2794 5025 modo
2824 4984 2999 5037 usque
3049 4970 3115 5023 ad
3152 4967 3645 5041 Constantt’nigse-

2053 5039 2326 5109 pulturain
2385 5041 2719 5109 permansit,
2772 5042 2865 5095 sed
2909 5056 3083 5108 usque
3130 5040 3197 5109 ad
3248 5040 3389 5093 diem
3435 5054 3465 5091 v
3523 5039 3646 5092 idus

2056 5107 2414 5179 Septembris,
2448 5121 2506 5166 ut
2549 5121 2780 5166 testatur
2808 5107 3011 5164 ldatius
3044 5110 3096 5163 in
3123 5107 3327 5163 Fastis.
3360 5110 3436 5162 lta
3470 5111 3646 5162 tribus

2055 5178 2336 5235 mensibus
2364 5198 2430 5236 ac
2463 5182 2710 5248 dimidio,
2756 5186 2906 5235 orbis
2942 5178 3223 5234 Romanus
3255 5181 3373 5232 sine
3399 5180 3644 5246 Augusto

2056 5252 2284 5318 imperio
2319 5254 2438 5305 fuit.
2491 5252 2701 5320 Quippe
2733 5262 2845 5307 t0to
2876 5250 2969 5304 illo
3001 5260 3245 5319 tempore
3275 5249 3419 5318 quod
3468 5251 3536 5300 ab
3560 5261 3638 5320 _xr

2055 5315 2174 5373 Kal.
2204 5320 2398 5376 .luuias
2426 5315 2614 5389 usq'ue'
2638 5315 2704 5376 ad
2738 5338 2768 5375 v
2796 5321 2922 5374 ldus
2954 5315 3311 5389 Septembris,
3333 5315 3644 5389 intercedit,

2055 5392 2149 5444 lilii
2180 5392 2298 5459 ejus
2344 5385 2590 5447 Caesares
2640 5402 2853 5445 tantum
2902 5385 3245 5444 dicebautur.
3287 5388 3450 5459 certe
3496 5385 3644 5440 Con--

2055 5458 2329 5517 stantiuus
2371 5461 2564 5518 Juuior
2606 5463 2660 5516 in
2690 5462 2918 5532 epistola
2969 5462 3038 5532 at!
3075 5458 3483 5532 Alexandrinos
3516 5468 3646 5532 gum

2058 5534 2181 5583 data
2215 5543 2301 5585 est
2338 5541 2459 5602 post
2500 5524 2937 5602 obitum'patris,
2997 5527 3273 5602 Feliciano
3319 5536 3393 5602 et_
3424 5524 3645 5602 Titiano

2058 5616 2224 5664 coss.,
2256 5595 2435 5657 (ἥθ’ίὸ
2462 5601 2582 5657 Kal.
2607 5595 2810 5666 Julias,
2850 5601 3035 5657 (la-sar
3083 5600 3345 5651 duntaxat
3384 5595 3645 5666 inscribi-

2057 5682 2165 5725 tur.
2196 5663 2391 5727 Exstat
2418 5674 2530 5728 hxc
2562 5663 2804 5743 θρὶδιυιίι
2823 5673 2963 5742 apud
2998 5669 3359 5724 Athanasium
3384 5663 3643 5735 Apologia

2060 5758 2120 5798 tt.
2150 5747 2253 5798 sub
2283 5744 2471 5798 tinctu.

2060 5758 2120 5806 tt,
2150 5747 2253 5798 sub
2283 5747 2471 5801 liuetn.
