  <div class='ocr_page' id='page_1' title='image "/cluster/home/n/w/nwhite01/storage/ocr_20150623/20:no.2/coo.31924054873009/623.png"; bbox 0 0 4186 6444; ppageno 0'>
   <div class='ocr_carea' id='block_1_1' title="bbox 592 392 3137 458">
    <p class='ocr_par' dir='ltr' id='par_1_1' title="bbox 592 392 3137 458">
     <span class='ocr_line' id='line_1_1' title="bbox 592 392 3137 458; baseline 0.003 -9"><span class='ocrx_word' id='word_1_1' title='bbox 592 392 737 451; x_wconf 63' lang='grc' dir='ltr'><strong>ιῖἓδ</strong></span> <span class='ocrx_word' id='word_1_2' title='bbox 1303 392 1573 450; x_wconf 81' lang='lat' dir='ltr'><strong>EUSEBII</strong></span> <span class='ocrx_word' id='word_1_3' title='bbox 1613 392 2101 453; x_wconf 61' lang='lat' dir='ltr'><strong>CESARIENSIS</strong></span> <span class='ocrx_word' id='word_1_4' title='bbox 2138 395 2294 453; x_wconf 88' lang='lat' dir='ltr'><strong>OPP.</strong></span> <span class='ocrx_word' id='word_1_5' title='bbox 2334 395 2515 454; x_wconf 81' lang='lat' dir='ltr'><strong>PARS</strong></span> <span class='ocrx_word' id='word_1_6' title='bbox 2553 398 2595 455; x_wconf 92' lang='lat' dir='ltr'><strong>I.</strong></span> <span class='ocrx_word' id='word_1_7' title='bbox 2637 432 2708 442; x_wconf 95' lang='lat'><strong><em>—</em></strong></span> <span class='ocrx_word' id='word_1_8' title='bbox 2744 399 3137 458; x_wconf 79' lang='lat' dir='ltr'><strong>IIISTORICA.</strong></span> 
     </span>
    </p>
   </div>
   <div class='ocr_carea' id='block_1_2' title="bbox 590 511 2140 596">
    <p class='ocr_par' dir='ltr' id='par_1_2' title="bbox 590 511 2140 586">
     <span class='ocr_line' id='line_1_2' title="bbox 590 511 2140 586; baseline 0.003 -21"><span class='ocrx_word' id='word_1_9' title='bbox 590 527 622 565; x_wconf 84' lang='lat' dir='ltr'><strong>a</strong></span> <span class='ocrx_word' id='word_1_10' title='bbox 652 512 760 566; x_wconf 87' lang='lat' dir='ltr'><strong>Deo</strong></span> <span class='ocrx_word' id='word_1_11' title='bbox 788 526 1085 568; x_wconf 82' lang='lat' dir='ltr'><strong>concessus</strong></span> <span class='ocrx_word' id='word_1_12' title='bbox 1112 520 1217 569; x_wconf 87' lang='lat' dir='ltr'><strong>est.</strong></span> <span class='ocrx_word' id='word_1_13' title='bbox 1276 511 1488 584; x_wconf 84' lang='lat' dir='ltr'><strong>Quippe</strong></span> <span class='ocrx_word' id='word_1_14' title='bbox 1542 531 1666 569; x_wconf 88' lang='lat' dir='ltr'><strong>cum</strong></span> <span class='ocrx_word' id='word_1_15' title='bbox 1718 515 1870 569; x_wconf 87' lang='lat' dir='ltr'><strong>solus</strong></span> <span class='ocrx_word' id='word_1_16' title='bbox 1922 516 2015 571; x_wconf 91' lang='lat' dir='ltr'><strong>ille</strong></span> <span class='ocrx_word' id='word_1_17' title='bbox 2066 532 2140 586; x_wconf 85' lang='lat' dir='ltr'><strong>pr:</strong></span> 
     </span>
    </p>
   </div>
   <div class='ocr_carea' id='block_1_3' title="bbox 2241 511 3874 596">
    <p class='ocr_par' dir='ltr' id='par_1_3' title="bbox 2241 517 3874 596">
     <span class='ocr_line' id='line_1_3' title="bbox 2241 517 3874 596; baseline 0.005 -26"><span class='ocrx_word' id='word_1_18' title='bbox 2241 549 2250 578; x_wconf 59' lang='grc' dir='ltr'>ι</span> <span class='ocrx_word' id='word_1_19' title='bbox 2281 517 2378 572; x_wconf 83' lang='grc' dir='ltr'>λέα</span> <span class='ocrx_word' id='word_1_20' title='bbox 2408 519 2541 574; x_wconf 84' lang='grc' dir='ltr'>Θεὸν</span> <span class='ocrx_word' id='word_1_21' title='bbox 2560 561 2574 586; x_wconf 88' lang='grc'><strong>,</strong></span> <span class='ocrx_word' id='word_1_22' title='bbox 2620 521 2714 573; x_wconf 77' lang='grc' dir='ltr'>καὶ</span> <span class='ocrx_word' id='word_1_23' title='bbox 2742 521 2831 574; x_wconf 84' lang='grc' dir='ltr'><strong>τὸν</strong></span> <span class='ocrx_word' id='word_1_24' title='bbox 2856 521 3093 588; x_wconf 82' lang='grc' dir='ltr'>Χριστὸν</span> <span class='ocrx_word' id='word_1_25' title='bbox 3125 521 3290 575; x_wconf 77' lang='grc' dir='ltr'>αὐτοῦ</span> <span class='ocrx_word' id='word_1_26' title='bbox 3320 523 3602 588; x_wconf 81' lang='grc' dir='ltr'><strong>παντοίαις</strong></span> <span class='ocrx_word' id='word_1_27' title='bbox 3628 525 3874 596; x_wconf 76' lang='grc' dir='ltr'>τιμήσας</span> 
     </span>
    </p>
   </div>
   <div class='ocr_carea' id='block_1_4' title="bbox 588 603 2140 685">
    <p class='ocr_par' dir='ltr' id='par_1_4' title="bbox 588 603 2140 676">
     <span class='ocr_line' id='line_1_4' title="bbox 588 603 2140 676; baseline 0.005 -24"><span class='ocrx_word' id='word_1_28' title='bbox 588 603 803 656; x_wconf 66' lang='lat' dir='ltr'><strong>caneris</strong></span> <span class='ocrx_word' id='word_1_29' title='bbox 855 603 1298 672; x_wconf 73' lang='lat' dir='ltr'><strong>imperatoribus,</strong></span> <span class='ocrx_word' id='word_1_30' title='bbox 1339 605 1504 658; x_wconf 89' lang='lat' dir='ltr'><strong>Deum</strong></span> <span class='ocrx_word' id='word_1_31' title='bbox 1537 606 1781 660; x_wconf 89' lang='lat' dir='ltr'><strong>omnium</strong></span> <span class='ocrx_word' id='word_1_32' title='bbox 1810 621 1986 676; x_wconf 76' lang='lat' dir='ltr'><strong>regem</strong></span> <span class='ocrx_word' id='word_1_33' title='bbox 2016 606 2140 662; x_wconf 90' lang='lat' dir='ltr'><strong>Chri</strong></span> 
     </span>
    </p>
   </div>
   <div class='ocr_carea' id='block_1_5' title="bbox 2241 603 3873 685">
    <p class='ocr_par' dir='ltr' id='par_1_5' title="bbox 2276 609 3873 685">
     <span class='ocr_line' id='line_1_5' title="bbox 2276 609 3873 685; baseline 0.006 -25"><span class='ocrx_word' id='word_1_34' title='bbox 2276 609 2560 680; x_wconf 79' lang='grc' dir='ltr'><strong>πράξεσιν,</strong></span> <span class='ocrx_word' id='word_1_35' title='bbox 2592 611 2815 675; x_wconf 78' lang='grc' dir='ltr'><strong>εἰκότως</strong></span> <span class='ocrx_word' id='word_1_36' title='bbox 2839 611 3045 665; x_wconf 85' lang='grc' dir='ltr'>τούτων</span> <span class='ocrx_word' id='word_1_37' title='bbox 3072 612 3230 684; x_wconf 78' lang='grc' dir='ltr'>ἔλαχε</span> <span class='ocrx_word' id='word_1_38' title='bbox 3262 614 3444 685; x_wconf 84' lang='grc' dir='ltr'><strong>μόνος,</strong></span> <span class='ocrx_word' id='word_1_39' title='bbox 3473 615 3567 668; x_wconf 76' lang='grc' dir='ltr'><strong>καὶ</strong></span> <span class='ocrx_word' id='word_1_40' title='bbox 3590 615 3653 667; x_wconf 74' lang='grc' dir='ltr'>τὸ</span> <span class='ocrx_word' id='word_1_41' title='bbox 3674 615 3873 685; x_wconf 84' lang='grc' dir='ltr'>θνητὸν</span> 
     </span>
    </p>
   </div>
   <div class='ocr_carea' id='block_1_6' title="bbox 587 691 2140 775">
    <p class='ocr_par' dir='ltr' id='par_1_6' title="bbox 587 691 2140 775">
     <span class='ocr_line' id='line_1_6' title="bbox 587 691 2140 775; baseline 0.003 -32"><span class='ocrx_word' id='word_1_42' title='bbox 587 702 838 761; x_wconf 82' lang='lat' dir='ltr'><strong>stumque</strong></span> <span class='ocrx_word' id='word_1_43' title='bbox 858 691 974 759; x_wconf 86' lang='lat' dir='ltr'><strong>ejus</strong></span> <span class='ocrx_word' id='word_1_44' title='bbox 1005 692 1173 775; x_wconf 85' lang='lat' dir='ltr'><strong>filium</strong></span> <span class='ocrx_word' id='word_1_45' title='bbox 1215 694 1384 748; x_wconf 74' lang='lat' dir='ltr'><strong>variis</strong></span> <span class='ocrx_word' id='word_1_46' title='bbox 1416 694 1680 764; x_wconf 85' lang='lat' dir='ltr'><strong>cujusque</strong></span> <span class='ocrx_word' id='word_1_47' title='bbox 1713 697 1931 764; x_wconf 75' lang='lat' dir='ltr'><strong>generis</strong></span> <span class='ocrx_word' id='word_1_48' title='bbox 1959 696 2140 750; x_wconf 88' lang='lat' dir='ltr'><strong>actibu</strong></span> 
     </span>
    </p>
   </div>
   <div class='ocr_carea' id='block_1_7' title="bbox 2241 691 3871 775">
    <p class='ocr_par' dir='ltr' id='par_1_7' title="bbox 2273 699 3871 775">
     <span class='ocr_line' id='line_1_7' title="bbox 2273 699 3871 775; baseline 0.006 -24"><span class='ocrx_word' id='word_1_49' title='bbox 2273 699 2436 752; x_wconf 77' lang='grc' dir='ltr'>αὐτοῦ</span> <span class='ocrx_word' id='word_1_50' title='bbox 2475 699 2778 768; x_wconf 76' lang='grc' dir='ltr'><strong>βασιλεύειν</strong></span> <span class='ocrx_word' id='word_1_51' title='bbox 2826 703 2883 753; x_wconf 81' lang='grc' dir='ltr'>ἐν</span> <span class='ocrx_word' id='word_1_52' title='bbox 2925 700 3233 774; x_wconf 81' lang='grc' dir='ltr'>ἀνθρώποις</span> <span class='ocrx_word' id='word_1_53' title='bbox 3273 707 3301 756; x_wconf 88' lang='grc' dir='ltr'>ὁ</span> <span class='ocrx_word' id='word_1_54' title='bbox 3335 705 3427 757; x_wconf 70' lang='grc' dir='ltr'>ἐπὶ</span> <span class='ocrx_word' id='word_1_55' title='bbox 3456 705 3673 758; x_wconf 87' lang='grc' dir='ltr'>πάντων</span> <span class='ocrx_word' id='word_1_56' title='bbox 3714 705 3871 775; x_wconf 78' lang='grc' dir='ltr'>ἠξίου</span> 
     </span>
    </p>
   </div>
   <div class='ocr_carea' id='block_1_8' title="bbox 587 770 2140 869">
    <p class='ocr_par' dir='ltr' id='par_1_8' title="bbox 587 770 2140 850">
     <span class='ocr_line' id='line_1_8' title="bbox 587 770 2140 850; baseline 0.004 -17"><span class='ocrx_word' id='word_1_57' title='bbox 587 780 928 846; x_wconf 88' lang='lat' dir='ltr'><strong>honorasset,</strong></span> <span class='ocrx_word' id='word_1_58' title='bbox 957 770 1081 850; x_wconf 87' lang='lat' dir='ltr'><strong>jure</strong></span> <span class='ocrx_word' id='word_1_59' title='bbox 1111 784 1306 837; x_wconf 90' lang='lat' dir='ltr'><strong>merito</strong></span> <span class='ocrx_word' id='word_1_60' title='bbox 1335 785 1421 839; x_wconf 88' lang='lat' dir='ltr'><strong>his</strong></span> <span class='ocrx_word' id='word_1_61' title='bbox 1444 785 1746 840; x_wconf 85' lang='lat' dir='ltr'><strong>honoribus</strong></span> <span class='ocrx_word' id='word_1_62' title='bbox 1772 786 1921 841; x_wconf 88' lang='lat' dir='ltr'><strong>solus</strong></span> <span class='ocrx_word' id='word_1_63' title='bbox 1945 785 2140 841; x_wconf 82' lang='lat' dir='ltr'><strong>aﬂ&#39;ectu</strong></span> 
     </span>
    </p>
   </div>
   <div class='ocr_carea' id='block_1_9' title="bbox 2241 770 3869 869">
    <p class='ocr_par' dir='ltr' id='par_1_9' title="bbox 2272 770 3869 869">
     <span class='ocr_line' id='line_1_9' title="bbox 2272 770 3869 869; baseline 0.004 -25"><span class='ocrx_word' id='word_1_64' title='bbox 2272 791 2427 855; x_wconf 82' lang='grc' dir='ltr'>Θεὸς,</span> <span class='ocrx_word' id='word_1_65' title='bbox 2458 785 2550 844; x_wconf 83' lang='grc' dir='ltr'><strong>ὧδ’</strong></span> <span class='ocrx_word' id='word_1_66' title='bbox 2576 792 2887 855; x_wconf 83' lang='grc' dir='ltr'>ἐπιδεικνὺς</span> <span class='ocrx_word' id='word_1_67' title='bbox 2913 792 3011 864; x_wconf 82' lang='grc' dir='ltr'>τὴν</span> <span class='ocrx_word' id='word_1_68' title='bbox 3033 770 3233 866; x_wconf 29' lang='grc' dir='ltr'>*ἀγήρω</span> <span class='ocrx_word' id='word_1_69' title='bbox 3261 795 3355 848; x_wconf 79' lang='grc' dir='ltr'><strong>καὶ</strong></span> <span class='ocrx_word' id='word_1_70' title='bbox 3378 770 3869 869; x_wconf 25' lang='grc' dir='ltr'>ἀτελεύτητονψτῆς</span> 
     </span>
    </p>
   </div>
   <div class='ocr_carea' id='block_1_10' title="bbox 583 871 2140 958">
    <p class='ocr_par' dir='ltr' id='par_1_10' title="bbox 583 871 2136 945">
     <span class='ocr_line' id='line_1_10' title="bbox 583 871 2136 945; baseline 0.01 -28"><span class='ocrx_word' id='word_1_71' title='bbox 583 878 668 922; x_wconf 67' lang='grc' dir='ltr'><strong>ρει</strong></span> <span class='ocrx_word' id='word_1_72' title='bbox 724 885 739 922; x_wconf 89' lang='lat'><strong>:</strong></span> <span class='ocrx_word' id='word_1_73' title='bbox 802 871 962 939; x_wconf 85' lang='lat' dir='ltr'><strong>idque</strong></span> <span class='ocrx_word' id='word_1_74' title='bbox 1022 872 1094 926; x_wconf 91' lang='lat' dir='ltr'><strong>illi</strong></span> <span class='ocrx_word' id='word_1_75' title='bbox 1153 874 1395 929; x_wconf 90' lang='lat' dir='ltr'><strong>tribuere</strong></span> <span class='ocrx_word' id='word_1_76' title='bbox 1458 876 1718 945; x_wconf 75' lang='lat' dir='ltr'><strong>dignatus</strong></span> <span class='ocrx_word' id='word_1_77' title='bbox 1773 888 1858 932; x_wconf 91' lang='lat' dir='ltr'><strong>est</strong></span> <span class='ocrx_word' id='word_1_78' title='bbox 1922 893 2136 933; x_wconf 89' lang='lat' dir='ltr'><strong>summu</strong></span> 
     </span>
    </p>
   </div>
   <div class='ocr_carea' id='block_1_11' title="bbox 2241 871 3863 958">
    <p class='ocr_par' dir='ltr' id='par_1_11' title="bbox 2274 882 3863 958">
     <span class='ocr_line' id='line_1_11' title="bbox 2274 882 3863 958; baseline 0.005 -23"><span class='ocrx_word' id='word_1_79' title='bbox 2274 883 2454 954; x_wconf 73' lang='grc' dir='ltr'>ψυχῆς</span> <span class='ocrx_word' id='word_1_80' title='bbox 2509 882 2785 954; x_wconf 87' lang='grc' dir='ltr'>βασιλείαν</span> <span class='ocrx_word' id='word_1_81' title='bbox 2837 888 2950 948; x_wconf 83' lang='grc' dir='ltr'>τοῖς</span> <span class='ocrx_word' id='word_1_82' title='bbox 3009 884 3082 957; x_wconf 78' lang='grc' dir='ltr'><strong>μὴ</strong></span> <span class='ocrx_word' id='word_1_83' title='bbox 3132 885 3224 938; x_wconf 85' lang='grc' dir='ltr'><strong>τὸν</strong></span> <span class='ocrx_word' id='word_1_84' title='bbox 3278 886 3402 939; x_wconf 77' lang='grc' dir='ltr'>νοῦν</span> <span class='ocrx_word' id='word_1_85' title='bbox 3457 886 3863 958; x_wconf 81' lang='grc' dir='ltr'>λελιθωμένοις.</span> 
     </span>
    </p>
   </div>
   <div class='ocr_carea' id='block_1_12' title="bbox 580 962 2140 1044">
    <p class='ocr_par' dir='ltr' id='par_1_12' title="bbox 580 962 2140 1037">
     <span class='ocr_line' id='line_1_12' title="bbox 580 962 2140 1037; baseline 0.005 -24"><span class='ocrx_word' id='word_1_86' title='bbox 580 962 822 1014; x_wconf 91' lang='lat' dir='ltr'><strong>omnium</strong></span> <span class='ocrx_word' id='word_1_87' title='bbox 852 962 1015 1025; x_wconf 90' lang='lat' dir='ltr'><strong>Deus,</strong></span> <span class='ocrx_word' id='word_1_88' title='bbox 1079 974 1137 1017; x_wconf 90' lang='lat' dir='ltr'><strong>ut</strong></span> <span class='ocrx_word' id='word_1_89' title='bbox 1164 966 1401 1020; x_wconf 82' lang='lat' dir='ltr'><strong>cadaver</strong></span> <span class='ocrx_word' id='word_1_90' title='bbox 1442 965 1562 1034; x_wconf 87' lang='lat' dir='ltr'><strong>ejus</strong></span> <span class='ocrx_word' id='word_1_91' title='bbox 1589 968 1641 1021; x_wconf 94' lang='lat' dir='ltr'><strong>in</strong></span> <span class='ocrx_word' id='word_1_92' title='bbox 1673 968 1835 1022; x_wconf 89' lang='lat' dir='ltr'><strong>terris</strong></span> <span class='ocrx_word' id='word_1_93' title='bbox 1881 968 2140 1037; x_wconf 89' lang='lat' dir='ltr'><strong>imperiuu</strong></span> 
     </span>
    </p>
   </div>
   <div class='ocr_carea' id='block_1_13' title="bbox 2241 962 3407 1044">
    <p class='ocr_par' dir='ltr' id='par_1_13' title="bbox 2288 966 3407 1044">
     <span class='ocr_line' id='line_1_13' title="bbox 2288 966 3407 1044; baseline 0.004 -21"><span class='ocrx_word' id='word_1_94' title='bbox 2288 969 2449 1023; x_wconf 80' lang='grc' dir='ltr'>Ἀλλὰ</span> <span class='ocrx_word' id='word_1_95' title='bbox 2474 970 2649 1026; x_wconf 84' lang='grc' dir='ltr'>ταῦτα</span> <span class='ocrx_word' id='word_1_96' title='bbox 2680 972 2781 1043; x_wconf 84' lang='grc' dir='ltr'><strong>μὲν</strong></span> <span class='ocrx_word' id='word_1_97' title='bbox 2806 966 2911 1026; x_wconf 79' lang='grc' dir='ltr'><strong>ὦδέ</strong></span> <span class='ocrx_word' id='word_1_98' title='bbox 2941 991 3018 1044; x_wconf 81' lang='grc' dir='ltr'>πη</span> <span class='ocrx_word' id='word_1_99' title='bbox 3055 974 3407 1028; x_wconf 83' lang='grc' dir='ltr'>συνετελεῖτο.</span> 
     </span>
    </p>
   </div>
   <div class='ocr_carea' id='block_1_14' title="bbox 577 1054 3868 1143">
    <p class='ocr_par' dir='ltr' id='par_1_14' title="bbox 577 1054 3868 1143">
     <span class='ocr_line' id='line_1_14' title="bbox 577 1054 3868 1143; baseline 0.008 -36"><span class='ocrx_word' id='word_1_100' title='bbox 577 1054 867 1111; x_wconf 87' lang='lat' dir='ltr'><strong>obtineret.</strong></span> <span class='ocrx_word' id='word_1_101' title='bbox 917 1055 1036 1122; x_wconf 86' lang='lat' dir='ltr'><strong>Quo</strong></span> <span class='ocrx_word' id='word_1_102' title='bbox 1088 1060 1309 1129; x_wconf 88' lang='lat' dir='ltr'><strong>quidem</strong></span> <span class='ocrx_word' id='word_1_103' title='bbox 1362 1060 1565 1116; x_wconf 87' lang='lat' dir='ltr'><strong>indicio</strong></span> <span class='ocrx_word' id='word_1_104' title='bbox 1615 1062 1682 1115; x_wconf 91' lang='lat' dir='ltr'><strong>iis</strong></span> <span class='ocrx_word' id='word_1_105' title='bbox 1730 1063 1821 1132; x_wconf 90' lang='lat' dir='ltr'><strong>qui</strong></span> <span class='ocrx_word' id='word_1_106' title='bbox 1864 1079 1970 1118; x_wconf 94' lang='lat' dir='ltr'><strong>non</strong></span> <span class='ocrx_word' id='word_1_107' title='bbox 2022 1066 2180 1132; x_wconf 91' lang='lat' dir='ltr'><strong>plane</strong></span> <span class='ocrx_word' id='word_1_108' title='bbox 2217 1066 2414 1132; x_wconf 80' lang='lat' dir='ltr'><strong>stupidi</strong></span> <span class='ocrx_word' id='word_1_109' title='bbox 2466 1076 2630 1135; x_wconf 83' lang='lat' dir='ltr'><strong>atque</strong></span> <span class='ocrx_word' id='word_1_110' title='bbox 2680 1068 2904 1123; x_wconf 78' lang='lat' dir='ltr'><strong>hebetes</strong></span> <span class='ocrx_word' id='word_1_111' title='bbox 2957 1078 3161 1135; x_wconf 87' lang='lat' dir='ltr'><strong>essent,</strong></span> <span class='ocrx_word' id='word_1_112' title='bbox 3199 1073 3484 1141; x_wconf 87' lang='lat' dir='ltr'><strong>perspicue</strong></span> <span class='ocrx_word' id='word_1_113' title='bbox 3533 1073 3868 1143; x_wconf 77' lang='lat' dir='ltr'><strong>significavit</strong></span> 
     </span>
    </p>
   </div>
   <div class='ocr_carea' id='block_1_15' title="bbox 3732 407 3876 461">
    <p class='ocr_par' dir='ltr' id='par_1_15' title="bbox 3732 407 3876 461">
     <span class='ocr_line' id='line_1_15' title="bbox 3732 407 3876 461; baseline 0.014 -2"><span class='ocrx_word' id='word_1_114' title='bbox 3732 407 3876 461; x_wconf 60' lang='grc'><strong>1224</strong></span> 
     </span>
    </p>
   </div>
   <div class='ocr_carea' id='block_1_16' title="bbox 579 1145 3747 1230">
    <p class='ocr_par' dir='ltr' id='par_1_16' title="bbox 579 1145 3747 1230">
     <span class='ocr_line' id='line_1_16' title="bbox 579 1145 3747 1230; baseline 0.007 -31"><span class='ocrx_word' id='word_1_115' title='bbox 579 1145 742 1214; x_wconf 85' lang='lat' dir='ltr'><strong>Deus,</strong></span> <span class='ocrx_word' id='word_1_116' title='bbox 771 1150 1010 1203; x_wconf 88' lang='lat' dir='ltr'><strong>animam</strong></span> <span class='ocrx_word' id='word_1_117' title='bbox 1041 1150 1184 1206; x_wconf 88' lang='lat' dir='ltr'><strong>illius</strong></span> <span class='ocrx_word' id='word_1_118' title='bbox 1223 1161 1488 1221; x_wconf 89' lang='lat' dir='ltr'><strong>perpetuo</strong></span> <span class='ocrx_word' id='word_1_119' title='bbox 1516 1163 1573 1207; x_wconf 89' lang='lat' dir='ltr'><strong>et</strong></span> <span class='ocrx_word' id='word_1_120' title='bbox 1605 1155 1901 1211; x_wconf 82' lang='lat' dir='ltr'><strong>immortali</strong></span> <span class='ocrx_word' id='word_1_121' title='bbox 1933 1157 2165 1226; x_wconf 84' lang='lat' dir='ltr'><strong>imperio</strong></span> <span class='ocrx_word' id='word_1_122' title='bbox 2196 1156 2324 1210; x_wconf 92' lang='lat' dir='ltr'><strong>frui.</strong></span> <span class='ocrx_word' id='word_1_123' title='bbox 2380 1158 2445 1212; x_wconf 83' lang='lat' dir='ltr'><strong>Et</strong></span> <span class='ocrx_word' id='word_1_124' title='bbox 2488 1159 2605 1214; x_wconf 66' lang='lat' dir='ltr'><strong>haec</strong></span> <span class='ocrx_word' id='word_1_125' title='bbox 2636 1160 2853 1229; x_wconf 89' lang='lat' dir='ltr'><strong>quidem</strong></span> <span class='ocrx_word' id='word_1_126' title='bbox 2885 1174 3040 1230; x_wconf 77' lang='lat' dir='ltr'><strong>gesta</strong></span> <span class='ocrx_word' id='word_1_127' title='bbox 3082 1172 3208 1215; x_wconf 87' lang='lat' dir='ltr'><strong>sunt</strong></span> <span class='ocrx_word' id='word_1_128' title='bbox 3254 1163 3304 1215; x_wconf 95' lang='lat' dir='ltr'><strong>in</strong></span> <span class='ocrx_word' id='word_1_129' title='bbox 3333 1164 3477 1218; x_wconf 89' lang='lat' dir='ltr'><strong>hunc</strong></span> <span class='ocrx_word' id='word_1_130' title='bbox 3507 1167 3747 1221; x_wconf 89' lang='lat' dir='ltr'><strong>modum.</strong></span> 
     </span>
    </p>
   </div>
   <div class='ocr_carea' id='block_1_17' title="bbox 1117 1242 1621 1301">
    <p class='ocr_par' dir='ltr' id='par_1_17' title="bbox 1117 1242 1621 1301">
     <span class='ocr_line' id='line_1_17' title="bbox 1117 1242 1621 1301; baseline 0.008 -4"><span class='ocrx_word' id='word_1_131' title='bbox 1117 1242 1349 1300; x_wconf 87' lang='lat' dir='ltr'><strong>CAPUT</strong></span> <span class='ocrx_word' id='word_1_132' title='bbox 1388 1243 1621 1301; x_wconf 82' lang='lat' dir='ltr'><strong>LXVIII.</strong></span> 
     </span>
    </p>
   </div>
   <div class='ocr_carea' id='block_1_18' title="bbox 579 1332 2164 1408">
    <p class='ocr_par' dir='ltr' id='par_1_18' title="bbox 579 1332 2164 1408">
     <span class='ocr_line' id='line_1_18' title="bbox 579 1332 2164 1408; baseline 0.004 -21"><span class='ocrx_word' id='word_1_133' title='bbox 579 1332 855 1399; x_wconf 83' lang='lat' dir='ltr'><strong>Quomodo</strong></span> <span class='ocrx_word' id='word_1_134' title='bbox 884 1336 1145 1390; x_wconf 75' lang='lat' dir='ltr'><strong>exercitus</strong></span> <span class='ocrx_word' id='word_1_135' title='bbox 1190 1336 1423 1406; x_wconf 75' lang='lat' dir='ltr'><strong>judicio,</strong></span> <span class='ocrx_word' id='word_1_136' title='bbox 1470 1337 1572 1403; x_wconf 76' lang='lat' dir='ltr'><strong>ﬁlii</strong></span> <span class='ocrx_word' id='word_1_137' title='bbox 1622 1337 1738 1407; x_wconf 78' lang='lat' dir='ltr'><strong>ejus</strong></span> <span class='ocrx_word' id='word_1_138' title='bbox 1773 1338 1996 1408; x_wconf 75' lang='lat' dir='ltr'><strong>Augusti</strong></span> <span class='ocrx_word' id='word_1_139' title='bbox 2041 1349 2164 1393; x_wconf 76' lang='lat' dir='ltr'><strong>sunt</strong></span> 
     </span>
    </p>
   </div>
   <div class='ocr_carea' id='block_1_19' title="bbox 1224 1408 1529 1475">
    <p class='ocr_par' dir='ltr' id='par_1_19' title="bbox 1224 1408 1529 1475">
     <span class='ocr_line' id='line_1_19' title="bbox 1224 1408 1529 1475; baseline 0.007 -16"><span class='ocrx_word' id='word_1_140' title='bbox 1224 1408 1529 1475; x_wconf 81' lang='lat' dir='ltr'><strong>uuncupati.</strong></span> 
     </span>
    </p>
   </div>
   <div class='ocr_carea' id='block_1_20' title="bbox 644 1496 2162 1568">
    <p class='ocr_par' dir='ltr' id='par_1_20' title="bbox 644 1496 2162 1568">
     <span class='ocr_line' id='line_1_20' title="bbox 644 1496 2162 1568; baseline 0.004 -19"><span class='ocrx_word' id='word_1_141' title='bbox 644 1496 854 1552; x_wconf 88' lang='lat' dir='ltr'><strong>Interea</strong></span> <span class='ocrx_word' id='word_1_142' title='bbox 896 1497 1098 1552; x_wconf 91' lang='lat' dir='ltr'><strong>tribuni</strong></span> <span class='ocrx_word' id='word_1_143' title='bbox 1154 1497 1328 1554; x_wconf 89' lang='lat' dir='ltr'><strong>lectos</strong></span> <span class='ocrx_word' id='word_1_144' title='bbox 1377 1500 1642 1568; x_wconf 90' lang='lat' dir='ltr'><strong>quosdam</strong></span> <span class='ocrx_word' id='word_1_145' title='bbox 1718 1514 1784 1553; x_wconf 81' lang='lat' dir='ltr'><strong>ex</strong></span> <span class='ocrx_word' id='word_1_146' title='bbox 1838 1500 2162 1556; x_wconf 85' lang='lat' dir='ltr'><strong>militaribus</strong></span> 
     </span>
    </p>
   </div>
   <div class='ocr_carea' id='block_1_21' title="bbox 576 1590 2153 1661">
    <p class='ocr_par' dir='ltr' id='par_1_21' title="bbox 576 1590 2153 1661">
     <span class='ocr_line' id='line_1_21' title="bbox 576 1590 2153 1661; baseline 0.003 -17"><span class='ocrx_word' id='word_1_147' title='bbox 576 1590 839 1656; x_wconf 89' lang='lat' dir='ltr'><strong>numeris,</strong></span> <span class='ocrx_word' id='word_1_148' title='bbox 860 1592 952 1660; x_wconf 86' lang='lat' dir='ltr'><strong>qui</strong></span> <span class='ocrx_word' id='word_1_149' title='bbox 988 1592 1111 1646; x_wconf 84' lang='lat' dir='ltr'><strong>fidei</strong></span> <span class='ocrx_word' id='word_1_150' title='bbox 1137 1607 1200 1647; x_wconf 90' lang='lat' dir='ltr'><strong>ac</strong></span> <span class='ocrx_word' id='word_1_151' title='bbox 1233 1591 1623 1647; x_wconf 66' lang='lat' dir='ltr'><strong>benevolentiae</strong></span> <span class='ocrx_word' id='word_1_152' title='bbox 1649 1608 1813 1647; x_wconf 90' lang='lat' dir='ltr'><strong>causa</strong></span> <span class='ocrx_word' id='word_1_153' title='bbox 1845 1593 1973 1646; x_wconf 84' lang='lat' dir='ltr'><strong>olim</strong></span> <span class='ocrx_word' id='word_1_154' title='bbox 2000 1595 2153 1661; x_wconf 86' lang='lat' dir='ltr'><strong>prin-</strong></span> 
     </span>
    </p>
   </div>
   <div class='ocr_carea' id='block_1_22' title="bbox 573 1683 2149 1752">
    <p class='ocr_par' dir='ltr' id='par_1_22' title="bbox 573 1683 2149 1752">
     <span class='ocr_line' id='line_1_22' title="bbox 573 1683 2149 1752; baseline 0.003 -15"><span class='ocrx_word' id='word_1_155' title='bbox 573 1685 678 1752; x_wconf 79' lang='lat' dir='ltr'><strong>cipi</strong></span> <span class='ocrx_word' id='word_1_156' title='bbox 727 1685 937 1752; x_wconf 83' lang='lat' dir='ltr'><strong>accepti</strong></span> <span class='ocrx_word' id='word_1_157' title='bbox 980 1683 1233 1746; x_wconf 86' lang='lat' dir='ltr'><strong>fuissent.</strong></span> <span class='ocrx_word' id='word_1_158' title='bbox 1265 1685 1332 1739; x_wconf 90' lang='lat' dir='ltr'><strong>ad</strong></span> <span class='ocrx_word' id='word_1_159' title='bbox 1379 1684 1627 1740; x_wconf 66' lang='lat' dir='ltr'><strong>Caesares</strong></span> <span class='ocrx_word' id='word_1_160' title='bbox 1667 1687 1909 1749; x_wconf 88' lang='lat' dir='ltr'><strong>mittunt,</strong></span> <span class='ocrx_word' id='word_1_161' title='bbox 1955 1696 2149 1742; x_wconf 90' lang='lat' dir='ltr'><strong>cuncta</strong></span> 
     </span>
    </p>
   </div>
   <div class='ocr_carea' id='block_1_23' title="bbox 571 1775 2149 1847">
    <p class='ocr_par' dir='ltr' id='par_1_23' title="bbox 571 1775 2149 1847">
     <span class='ocr_line' id='line_1_23' title="bbox 571 1775 2149 1847; baseline 0.004 -23"><span class='ocrx_word' id='word_1_162' title='bbox 571 1775 652 1829; x_wconf 78' lang='lat' dir='ltr'><strong>uis</strong></span> <span class='ocrx_word' id='word_1_163' title='bbox 685 1791 805 1844; x_wconf 68' lang='lat' dir='ltr'><strong>qua!</strong></span> <span class='ocrx_word' id='word_1_164' title='bbox 837 1786 987 1845; x_wconf 77' lang='lat' dir='ltr'><strong>gesta</strong></span> <span class='ocrx_word' id='word_1_165' title='bbox 1018 1786 1175 1835; x_wconf 86' lang='lat' dir='ltr'><strong>erant</strong></span> <span class='ocrx_word' id='word_1_166' title='bbox 1205 1776 1568 1831; x_wconf 89' lang='lat' dir='ltr'><strong>nuntiaturos.</strong></span> <span class='ocrx_word' id='word_1_167' title='bbox 1591 1777 1656 1831; x_wconf 82' lang='lat' dir='ltr'><strong>Et</strong></span> <span class='ocrx_word' id='word_1_168' title='bbox 1677 1778 1791 1832; x_wconf 54' lang='lat' dir='ltr'><strong>haec</strong></span> <span class='ocrx_word' id='word_1_169' title='bbox 1823 1778 2039 1847; x_wconf 81' lang='lat' dir='ltr'><strong>quidem</strong></span> <span class='ocrx_word' id='word_1_170' title='bbox 2076 1779 2149 1832; x_wconf 87' lang='lat' dir='ltr'><strong>illi</strong></span> 
     </span>
    </p>
   </div>
   <div class='ocr_carea' id='block_1_24' title="bbox 572 1867 2148 1938">
    <p class='ocr_par' dir='ltr' id='par_1_24' title="bbox 572 1867 2148 1938">
     <span class='ocr_line' id='line_1_24' title="bbox 572 1867 2148 1938; baseline 0.003 -19"><span class='ocrx_word' id='word_1_171' title='bbox 572 1878 703 1922; x_wconf 90' lang='lat' dir='ltr'><strong>tunc</strong></span> <span class='ocrx_word' id='word_1_172' title='bbox 753 1876 1001 1936; x_wconf 78' lang='lat' dir='ltr'><strong>egerunt.</strong></span> <span class='ocrx_word' id='word_1_173' title='bbox 1050 1867 1252 1922; x_wconf 86' lang='lat' dir='ltr'><strong>Omnes</strong></span> <span class='ocrx_word' id='word_1_174' title='bbox 1302 1882 1437 1922; x_wconf 79' lang='lat' dir='ltr'><strong>vero</strong></span> <span class='ocrx_word' id='word_1_175' title='bbox 1489 1869 1797 1938; x_wconf 85' lang='lat' dir='ltr'><strong>ubicunque</strong></span> <span class='ocrx_word' id='word_1_176' title='bbox 1837 1869 2148 1935; x_wconf 68' lang='lat' dir='ltr'><strong>exercitus,</strong></span> 
     </span>
    </p>
   </div>
   <div class='ocr_carea' id='block_1_25' title="bbox 567 1958 2150 2030">
    <p class='ocr_par' dir='ltr' id='par_1_25' title="bbox 567 1958 2150 2030">
     <span class='ocr_line' id='line_1_25' title="bbox 567 1958 2150 2030; baseline 0.004 -20"><span class='ocrx_word' id='word_1_177' title='bbox 567 1958 721 2025; x_wconf 81' lang='lat' dir='ltr'><strong>quasi</strong></span> <span class='ocrx_word' id='word_1_178' title='bbox 754 1959 941 2012; x_wconf 88' lang='lat' dir='ltr'><strong>divino</strong></span> <span class='ocrx_word' id='word_1_179' title='bbox 968 1959 1204 2026; x_wconf 87' lang='lat' dir='ltr'><strong>quodam</strong></span> <span class='ocrx_word' id='word_1_180' title='bbox 1268 1959 1464 2027; x_wconf 86' lang='lat' dir='ltr'><strong>spiritu</strong></span> <span class='ocrx_word' id='word_1_181' title='bbox 1524 1960 1756 2026; x_wconf 89' lang='lat' dir='ltr'><strong>incitati,</strong></span> <span class='ocrx_word' id='word_1_182' title='bbox 1783 1960 1944 2015; x_wconf 90' lang='lat' dir='ltr'><strong>simul</strong></span> <span class='ocrx_word' id='word_1_183' title='bbox 1988 1972 2150 2030; x_wconf 89' lang='lat' dir='ltr'><strong>atque</strong></span> 
     </span>
    </p>
   </div>
   <div class='ocr_carea' id='block_1_26' title="bbox 567 2051 2149 2121">
    <p class='ocr_par' dir='ltr' id='par_1_26' title="bbox 567 2051 2149 2121">
     <span class='ocr_line' id='line_1_26' title="bbox 567 2051 2149 2121; baseline 0.003 -19"><span class='ocrx_word' id='word_1_184' title='bbox 567 2053 637 2106; x_wconf 89' lang='lat' dir='ltr'><strong>de</strong></span> <span class='ocrx_word' id='word_1_185' title='bbox 670 2051 1019 2121; x_wconf 85' lang='lat' dir='ltr'><strong>imperatoris</strong></span> <span class='ocrx_word' id='word_1_186' title='bbox 1058 2060 1233 2105; x_wconf 89' lang='lat' dir='ltr'><strong>morte</strong></span> <span class='ocrx_word' id='word_1_187' title='bbox 1266 2053 1574 2106; x_wconf 87' lang='lat' dir='ltr'><strong>nuntiatum</strong></span> <span class='ocrx_word' id='word_1_188' title='bbox 1614 2059 1719 2116; x_wconf 89' lang='lat' dir='ltr'><strong>est,</strong></span> <span class='ocrx_word' id='word_1_189' title='bbox 1749 2067 1857 2107; x_wconf 92' lang='lat' dir='ltr'><strong>uno</strong></span> <span class='ocrx_word' id='word_1_190' title='bbox 1881 2067 2149 2108; x_wconf 87' lang='lat' dir='ltr'><strong>consensu</strong></span> 
     </span>
    </p>
   </div>
   <div class='ocr_carea' id='block_1_27' title="bbox 566 2142 2152 2213">
    <p class='ocr_par' dir='ltr' id='par_1_27' title="bbox 566 2142 2152 2213">
     <span class='ocr_line' id='line_1_27' title="bbox 566 2142 2152 2213; baseline 0.003 -20"><span class='ocrx_word' id='word_1_191' title='bbox 566 2142 963 2207; x_wconf 73' lang='lat' dir='ltr'><strong>decreverunt,</strong></span> <span class='ocrx_word' id='word_1_192' title='bbox 1031 2156 1259 2211; x_wconf 87' lang='lat' dir='ltr'><strong>prorsus</strong></span> <span class='ocrx_word' id='word_1_193' title='bbox 1308 2144 1463 2212; x_wconf 84' lang='lat' dir='ltr'><strong>quasi</strong></span> <span class='ocrx_word' id='word_1_194' title='bbox 1529 2145 1803 2197; x_wconf 83' lang='lat' dir='ltr'><strong>maximus</strong></span> <span class='ocrx_word' id='word_1_195' title='bbox 1858 2144 2152 2213; x_wconf 88' lang='lat' dir='ltr'><strong>imperator</strong></span> 
     </span>
    </p>
   </div>
   <div class='ocr_carea' id='block_1_28' title="bbox 565 2232 2151 2304">
    <p class='ocr_par' dir='ltr' id='par_1_28' title="bbox 565 2232 2151 2304">
     <span class='ocr_line' id='line_1_28' title="bbox 565 2232 2151 2304; baseline 0.001 -17"><span class='ocrx_word' id='word_1_196' title='bbox 565 2232 745 2287; x_wconf 76' lang='lat' dir='ltr'><strong>adhuc</strong></span> <span class='ocrx_word' id='word_1_197' title='bbox 774 2242 1105 2302; x_wconf 78' lang='lat' dir='ltr'><strong>superesset,</strong></span> <span class='ocrx_word' id='word_1_198' title='bbox 1148 2233 1423 2288; x_wconf 91' lang='lat' dir='ltr'><strong>nemiuem</strong></span> <span class='ocrx_word' id='word_1_199' title='bbox 1458 2249 1519 2289; x_wconf 90' lang='lat' dir='ltr'><strong>se</strong></span> <span class='ocrx_word' id='word_1_200' title='bbox 1568 2246 1768 2303; x_wconf 83' lang='lat' dir='ltr'><strong>praeter</strong></span> <span class='ocrx_word' id='word_1_201' title='bbox 1799 2235 1917 2304; x_wconf 78' lang='lat' dir='ltr'><strong>ejus</strong></span> <span class='ocrx_word' id='word_1_202' title='bbox 1950 2235 2151 2289; x_wconf 89' lang='lat' dir='ltr'><strong>liberos</strong></span> 
     </span>
    </p>
   </div>
   <div class='ocr_carea' id='block_1_29' title="bbox 564 2323 2152 2398">
    <p class='ocr_par' dir='ltr' id='par_1_29' title="bbox 564 2323 2152 2398">
     <span class='ocr_line' id='line_1_29' title="bbox 564 2323 2152 2398; baseline 0.004 -21"><span class='ocrx_word' id='word_1_203' title='bbox 564 2324 774 2391; x_wconf 89' lang='lat' dir='ltr'><strong>imperii</strong></span> <span class='ocrx_word' id='word_1_204' title='bbox 825 2323 1057 2379; x_wconf 81' lang='lat' dir='ltr'><strong>Romani</strong></span> <span class='ocrx_word' id='word_1_205' title='bbox 1119 2325 1417 2396; x_wconf 88' lang='lat' dir='ltr'><strong>principem</strong></span> <span class='ocrx_word' id='word_1_206' title='bbox 1470 2325 1630 2398; x_wconf 75' lang='lat'><strong>561</strong></span> <span class='ocrx_word' id='word_1_207' title='bbox 1689 2328 1990 2384; x_wconf 86' lang='lat' dir='ltr'><strong>habituros.</strong></span> <span class='ocrx_word' id='word_1_208' title='bbox 2040 2328 2152 2384; x_wconf 88' lang='lat' dir='ltr'><strong>Nec</strong></span> 
     </span>
    </p>
   </div>
   <div class='ocr_carea' id='block_1_30' title="bbox 564 2415 2152 2487">
    <p class='ocr_par' dir='ltr' id='par_1_30' title="bbox 564 2415 2152 2487">
     <span class='ocr_line' id='line_1_30' title="bbox 564 2415 2152 2487; baseline 0.006 -21"><span class='ocrx_word' id='word_1_209' title='bbox 564 2415 736 2469; x_wconf 90' lang='lat' dir='ltr'><strong>multo</strong></span> <span class='ocrx_word' id='word_1_210' title='bbox 770 2424 915 2487; x_wconf 88' lang='lat' dir='ltr'><strong>post,</strong></span> <span class='ocrx_word' id='word_1_211' title='bbox 951 2416 1169 2470; x_wconf 84' lang='lat' dir='ltr'><strong>eosdem</strong></span> <span class='ocrx_word' id='word_1_212' title='bbox 1204 2432 1309 2470; x_wconf 88' lang='lat' dir='ltr'><strong>non</strong></span> <span class='ocrx_word' id='word_1_213' title='bbox 1358 2415 1605 2471; x_wconf 58' lang='lat' dir='ltr'><strong>Casares</strong></span> <span class='ocrx_word' id='word_1_214' title='bbox 1666 2417 1921 2487; x_wconf 86' lang='lat' dir='ltr'><strong>appellari</strong></span> <span class='ocrx_word' id='word_1_215' title='bbox 1973 2419 2152 2475; x_wconf 86' lang='lat' dir='ltr'><strong>volue-</strong></span> 
     </span>
    </p>
   </div>
   <div class='ocr_carea' id='block_1_31' title="bbox 564 2507 2147 2580">
    <p class='ocr_par' dir='ltr' id='par_1_31' title="bbox 564 2507 2147 2580">
     <span class='ocr_line' id='line_1_31' title="bbox 564 2507 2147 2580; baseline 0.006 -23"><span class='ocrx_word' id='word_1_216' title='bbox 564 2517 711 2570; x_wconf 91' lang='lat' dir='ltr'><strong>runt,</strong></span> <span class='ocrx_word' id='word_1_217' title='bbox 753 2508 851 2563; x_wconf 89' lang='lat' dir='ltr'><strong>sed</strong></span> <span class='ocrx_word' id='word_1_218' title='bbox 889 2507 1196 2578; x_wconf 77' lang='lat' dir='ltr'><strong>Augustos;</strong></span> <span class='ocrx_word' id='word_1_219' title='bbox 1238 2509 1383 2576; x_wconf 90' lang='lat' dir='ltr'><strong>quod</strong></span> <span class='ocrx_word' id='word_1_220' title='bbox 1436 2524 1631 2563; x_wconf 88' lang='lat' dir='ltr'><strong>nomen</strong></span> <span class='ocrx_word' id='word_1_221' title='bbox 1679 2509 1888 2565; x_wconf 90' lang='lat' dir='ltr'><strong>summi‘</strong></span> <span class='ocrx_word' id='word_1_222' title='bbox 1936 2510 2147 2580; x_wconf 83' lang='lat' dir='ltr'><strong>imperii</strong></span> 
     </span>
    </p>
   </div>
   <div class='ocr_carea' id='block_1_32' title="bbox 565 2599 2146 2672">
    <p class='ocr_par' dir='ltr' id='par_1_32' title="bbox 565 2599 2146 2672">
     <span class='ocr_line' id='line_1_32' title="bbox 565 2599 2146 2672; baseline 0.006 -25"><span class='ocrx_word' id='word_1_223' title='bbox 565 2600 715 2652; x_wconf 76' lang='lat' dir='ltr'><strong>velut</strong></span> <span class='ocrx_word' id='word_1_224' title='bbox 770 2599 1041 2667; x_wconf 89' lang='lat' dir='ltr'><strong>quoddam</strong></span> <span class='ocrx_word' id='word_1_225' title='bbox 1098 2600 1313 2669; x_wconf 80' lang='lat' dir='ltr'><strong>insigne</strong></span> <span class='ocrx_word' id='word_1_226' title='bbox 1358 2610 1466 2654; x_wconf 90' lang='lat' dir='ltr'><strong>est.</strong></span> <span class='ocrx_word' id='word_1_227' title='bbox 1499 2599 1566 2654; x_wconf 86' lang='lat' dir='ltr'><strong>Et</strong></span> <span class='ocrx_word' id='word_1_228' title='bbox 1607 2601 1881 2656; x_wconf 79' lang='lat' dir='ltr'><strong>exercitus</strong></span> <span class='ocrx_word' id='word_1_229' title='bbox 1930 2603 2146 2672; x_wconf 92' lang='lat' dir='ltr'><strong>quidem</strong></span> 
     </span>
    </p>
   </div>
   <div class='ocr_carea' id='block_1_33' title="bbox 562 2688 2148 2764">
    <p class='ocr_par' dir='ltr' id='par_1_33' title="bbox 562 2688 2148 2764">
     <span class='ocr_line' id='line_1_33' title="bbox 562 2688 2148 2764; baseline 0.004 -23"><span class='ocrx_word' id='word_1_230' title='bbox 562 2688 819 2759; x_wconf 74' lang='lat' dir='ltr'><strong>sull‘ragia</strong></span> <span class='ocrx_word' id='word_1_231' title='bbox 879 2704 982 2743; x_wconf 84' lang='lat' dir='ltr'><strong>sua</strong></span> <span class='ocrx_word' id='word_1_232' title='bbox 1026 2697 1190 2759; x_wconf 86' lang='lat' dir='ltr'><strong>atque</strong></span> <span class='ocrx_word' id='word_1_233' title='bbox 1230 2689 1652 2745; x_wconf 87' lang='lat' dir='ltr'><strong>acclamationes</strong></span> <span class='ocrx_word' id='word_1_234' title='bbox 1689 2692 1792 2746; x_wconf 91' lang='lat' dir='ltr'><strong>sibi</strong></span> <span class='ocrx_word' id='word_1_235' title='bbox 1828 2701 2014 2747; x_wconf 90' lang='lat' dir='ltr'><strong>mutuo</strong></span> <span class='ocrx_word' id='word_1_236' title='bbox 2053 2707 2148 2764; x_wconf 90' lang='lat' dir='ltr'><strong>per</strong></span> 
     </span>
    </p>
   </div>
   <div class='ocr_carea' id='block_1_34' title="bbox 563 2778 2148 2854">
    <p class='ocr_par' dir='ltr' id='par_1_34' title="bbox 563 2778 2148 2854">
     <span class='ocr_line' id='line_1_34' title="bbox 563 2778 2148 2854; baseline 0.007 -24"><span class='ocrx_word' id='word_1_237' title='bbox 563 2778 773 2834; x_wconf 87' lang='lat' dir='ltr'><strong>litteras</strong></span> <span class='ocrx_word' id='word_1_238' title='bbox 803 2780 1183 2849; x_wconf 77' lang='lat' dir='ltr'><strong>significarunt</strong></span> <span class='ocrx_word' id='word_1_239' title='bbox 1235 2797 1248 2833; x_wconf 94' lang='lat'>:</span> <span class='ocrx_word' id='word_1_240' title='bbox 1283 2790 1335 2836; x_wconf 89' lang='lat' dir='ltr'><strong>et</strong></span> <span class='ocrx_word' id='word_1_241' title='bbox 1382 2782 1661 2836; x_wconf 88' lang='lat' dir='ltr'><strong>unanimis</strong></span> <span class='ocrx_word' id='word_1_242' title='bbox 1712 2783 1985 2854; x_wconf 82' lang='lat' dir='ltr'><strong>legionum</strong></span> <span class='ocrx_word' id='word_1_243' title='bbox 2017 2800 2148 2841; x_wconf 83' lang='lat' dir='ltr'><strong>con-</strong></span> 
     </span>
    </p>
   </div>
   <div class='ocr_carea' id='block_1_35' title="bbox 558 2872 2146 2942">
    <p class='ocr_par' dir='ltr' id='par_1_35' title="bbox 558 2872 2146 2942">
     <span class='ocr_line' id='line_1_35' title="bbox 558 2872 2146 2942; baseline 0.004 -18"><span class='ocrx_word' id='word_1_244' title='bbox 558 2885 777 2936; x_wconf 77' lang='lat' dir='ltr'><strong>Sensus,</strong></span> <span class='ocrx_word' id='word_1_245' title='bbox 827 2886 934 2925; x_wconf 87' lang='lat' dir='ltr'><strong>uno</strong></span> <span class='ocrx_word' id='word_1_246' title='bbox 967 2872 1271 2942; x_wconf 88' lang='lat' dir='ltr'><strong>eodemque</strong></span> <span class='ocrx_word' id='word_1_247' title='bbox 1310 2873 1570 2942; x_wconf 90' lang='lat' dir='ltr'><strong>temporis</strong></span> <span class='ocrx_word' id='word_1_248' title='bbox 1604 2884 1880 2930; x_wconf 90' lang='lat' dir='ltr'><strong>momento</strong></span> <span class='ocrx_word' id='word_1_249' title='bbox 1934 2879 2146 2932; x_wconf 84' lang='lat' dir='ltr'><strong>cunctis</strong></span> 
     </span>
    </p>
   </div>
   <div class='ocr_carea' id='block_1_36' title="bbox 558 2960 1495 3032">
    <p class='ocr_par' dir='ltr' id='par_1_36' title="bbox 558 2960 1495 3032">
     <span class='ocr_line' id='line_1_36' title="bbox 558 2960 1495 3032; baseline 0.004 -18"><span class='ocrx_word' id='word_1_250' title='bbox 558 2960 887 3031; x_wconf 87' lang='lat' dir='ltr'><strong>ubicumque</strong></span> <span class='ocrx_word' id='word_1_251' title='bbox 919 2965 1207 3032; x_wconf 82' lang='lat' dir='ltr'><strong>agentibus</strong></span> <span class='ocrx_word' id='word_1_252' title='bbox 1238 2966 1495 3019; x_wconf 90' lang='lat' dir='ltr'><strong>innotuit.</strong></span> 
     </span>
    </p>
   </div>
   <div class='ocr_carea' id='block_1_37' title="bbox 1104 3054 1564 3111">
    <p class='ocr_par' dir='ltr' id='par_1_37' title="bbox 1104 3054 1564 3111">
     <span class='ocr_line' id='line_1_37' title="bbox 1104 3054 1564 3111; baseline 0.004 -2"><span class='ocrx_word' id='word_1_253' title='bbox 1104 3054 1336 3111; x_wconf 85' lang='lat' dir='ltr'><strong>CAPUT</strong></span> <span class='ocrx_word' id='word_1_254' title='bbox 1376 3055 1564 3111; x_wconf 82' lang='lat' dir='ltr'><strong>LXIX.</strong></span> 
     </span>
    </p>
   </div>
   <div class='ocr_carea' id='block_1_38' title="bbox 2784 1254 3343 1309">
    <p class='ocr_par' dir='ltr' id='par_1_38' title="bbox 2784 1254 3343 1309">
     <span class='ocr_line' id='line_1_38' title="bbox 2784 1254 3343 1309; baseline 0.005 -4"><span class='ocrx_word' id='word_1_255' title='bbox 2784 1254 3184 1309; x_wconf 79' lang='grc' dir='ltr'><strong>ΚΕΦΛΛΑΙΟΝ</strong></span> <span class='ocrx_word' id='word_1_256' title='bbox 3218 1254 3343 1308; x_wconf 75' lang='lat'><strong>311&#39;.</strong></span> 
     </span>
    </p>
   </div>
   <div class='ocr_carea' id='block_1_39' title="bbox 2322 1342 3798 1420">
    <p class='ocr_par' dir='ltr' id='par_1_39' title="bbox 2322 1342 3798 1420">
     <span class='ocr_line' id='line_1_39' title="bbox 2322 1342 3798 1420; baseline 0.008 -25"><span class='ocrx_word' id='word_1_257' title='bbox 2322 1342 2513 1409; x_wconf 80' lang='grc' dir='ltr'>Ὅπως</span> <span class='ocrx_word' id='word_1_258' title='bbox 2545 1346 2932 1420; x_wconf 61' lang='grc' dir='ltr'>Αὐγοένσῖξους</span> <span class='ocrx_word' id='word_1_259' title='bbox 2975 1343 3128 1420; x_wconf 73' lang='grc' dir='ltr'>εἶναι</span> <span class='ocrx_word' id='word_1_260' title='bbox 3183 1348 3404 1420; x_wconf 64' lang='grc' dir='ltr'><strong>ἒλοιπὸν·</strong></span> <span class='ocrx_word' id='word_1_261' title='bbox 3440 1349 3583 1416; x_wconf 83' lang='grc' dir='ltr'>τοὺς</span> <span class='ocrx_word' id='word_1_262' title='bbox 3621 1352 3798 1420; x_wconf 81' lang='grc' dir='ltr'>υἱοὺς</span> 
     </span>
    </p>
   </div>
   <div class='ocr_carea' id='block_1_40' title="bbox 2548 1414 3566 1486">
    <p class='ocr_par' dir='ltr' id='par_1_40' title="bbox 2548 1414 3566 1486">
     <span class='ocr_line' id='line_1_40' title="bbox 2548 1414 3566 1486; baseline 0.006 -19"><span class='ocrx_word' id='word_1_263' title='bbox 2548 1414 2733 1468; x_wconf 86' lang='grc' dir='ltr'>αὺτοῦ</span> <span class='ocrx_word' id='word_1_264' title='bbox 2766 1416 2832 1468; x_wconf 79' lang='grc' dir='ltr'>τὸ</span> <span class='ocrx_word' id='word_1_265' title='bbox 2870 1417 3281 1484; x_wconf 80' lang='grc' dir='ltr'>στρατόπεδον</span> <span class='ocrx_word' id='word_1_266' title='bbox 3308 1414 3566 1486; x_wconf 64' lang='grc' dir='ltr'>ἐκρινενζ</span> 
     </span>
    </p>
   </div>
   <div class='ocr_carea' id='block_1_41' title="bbox 2335 1504 3852 1585">
    <p class='ocr_par' dir='ltr' id='par_1_41' title="bbox 2335 1504 3852 1585">
     <span class='ocr_line' id='line_1_41' title="bbox 2335 1504 3852 1585; baseline 0.007 -28"><span class='ocrx_word' id='word_1_267' title='bbox 2335 1504 2455 1558; x_wconf 88' lang='grc' dir='ltr'>Τῶν</span> <span class='ocrx_word' id='word_1_268' title='bbox 2485 1506 2540 1558; x_wconf 80' lang='grc' dir='ltr'>δὲ</span> <span class='ocrx_word' id='word_1_269' title='bbox 2565 1508 2971 1578; x_wconf 78' lang='grc' dir='ltr'><strong>στρατιωτικῶν</strong></span> <span class='ocrx_word' id='word_1_270' title='bbox 2995 1509 3293 1580; x_wconf 80' lang='grc' dir='ltr'>ταγμάτων</span> <span class='ocrx_word' id='word_1_271' title='bbox 3316 1511 3604 1581; x_wconf 78' lang='grc' dir='ltr'>ἐκκρίτους</span> <span class='ocrx_word' id='word_1_272' title='bbox 3628 1513 3852 1585; x_wconf 82' lang='grc' dir='ltr'>ἄνδρας,</span> 
     </span>
    </p>
   </div>
   <div class='ocr_carea' id='block_1_42' title="bbox 2264 1595 3857 1675">
    <p class='ocr_par' dir='ltr' id='par_1_42' title="bbox 2264 1595 3857 1675">
     <span class='ocr_line' id='line_1_42' title="bbox 2264 1595 3857 1675; baseline 0.008 -28"><span class='ocrx_word' id='word_1_273' title='bbox 2264 1595 2443 1650; x_wconf 81' lang='grc' dir='ltr'>πίστει</span> <span class='ocrx_word' id='word_1_274' title='bbox 2476 1599 2568 1651; x_wconf 75' lang='grc' dir='ltr'><strong>καὶ</strong></span> <span class='ocrx_word' id='word_1_275' title='bbox 2599 1600 2782 1671; x_wconf 77' lang='grc' dir='ltr'>εὐνοία</span> <span class='ocrx_word' id='word_1_276' title='bbox 2814 1600 2984 1655; x_wconf 86' lang='grc' dir='ltr'>πάλαι</span> <span class='ocrx_word' id='word_1_277' title='bbox 3031 1600 3243 1671; x_wconf 87' lang='grc' dir='ltr'>βασιλεῖ</span> <span class='ocrx_word' id='word_1_278' title='bbox 3274 1604 3617 1675; x_wconf 76' lang='grc' dir='ltr'>γνωρίμους,</span> <span class='ocrx_word' id='word_1_279' title='bbox 3666 1607 3717 1658; x_wconf 81' lang='grc' dir='ltr'>οἱ</span> <span class='ocrx_word' id='word_1_280' title='bbox 3756 1624 3857 1659; x_wconf 56' lang='grc' dir='ltr'>ται</span> 
     </span>
    </p>
   </div>
   <div class='ocr_carea' id='block_1_43' title="bbox 2258 1687 3851 1766">
    <p class='ocr_par' dir='ltr' id='par_1_43' title="bbox 2258 1687 3851 1766">
     <span class='ocr_line' id='line_1_43' title="bbox 2258 1687 3851 1766; baseline 0.008 -29"><span class='ocrx_word' id='word_1_281' title='bbox 2258 1687 2466 1758; x_wconf 78' lang='grc' dir='ltr'>ξέαρχοι</span> <span class='ocrx_word' id='word_1_282' title='bbox 2495 1690 2877 1762; x_wconf 69' lang='grc' dir='ltr'>διεπέμποντο,</span> <span class='ocrx_word' id='word_1_283' title='bbox 2900 1692 2971 1745; x_wconf 77' lang='grc' dir='ltr'>τὰ</span> <span class='ocrx_word' id='word_1_284' title='bbox 2998 1695 3364 1765; x_wconf 80' lang='grc' dir='ltr'>πεπραγμένα</span> <span class='ocrx_word' id='word_1_285' title='bbox 3395 1699 3509 1759; x_wconf 86' lang='grc' dir='ltr'>τοῖς</span> <span class='ocrx_word' id='word_1_286' title='bbox 3540 1697 3851 1766; x_wconf 85' lang='grc' dir='ltr'>Καίσαρσιν</span> 
     </span>
    </p>
   </div>
   <div class='ocr_carea' id='block_1_44' title="bbox 2258 1779 3848 1858">
    <p class='ocr_par' dir='ltr' id='par_1_44' title="bbox 2258 1779 3848 1858">
     <span class='ocr_line' id='line_1_44' title="bbox 2258 1779 3848 1858; baseline 0.006 -26"><span class='ocrx_word' id='word_1_287' title='bbox 2258 1779 2457 1851; x_wconf 80' lang='grc' dir='ltr'><strong>ἔκδηλα</strong></span> <span class='ocrx_word' id='word_1_288' title='bbox 2499 1780 2884 1845; x_wconf 83' lang='grc' dir='ltr'>καθιστῶντες.</span> <span class='ocrx_word' id='word_1_289' title='bbox 2935 1782 3046 1837; x_wconf 79' lang='grc' dir='ltr'>Καὶ</span> <span class='ocrx_word' id='word_1_290' title='bbox 3091 1784 3198 1837; x_wconf 77' lang='grc' dir='ltr'>οἵδε</span> <span class='ocrx_word' id='word_1_291' title='bbox 3249 1786 3348 1856; x_wconf 82' lang='grc' dir='ltr'><strong>μὲν</strong></span> <span class='ocrx_word' id='word_1_292' title='bbox 3392 1785 3507 1838; x_wconf 84' lang='grc' dir='ltr'>τάδ’</span> <span class='ocrx_word' id='word_1_293' title='bbox 3545 1785 3848 1858; x_wconf 83' lang='grc' dir='ltr'>ἔπραττον’</span> 
     </span>
    </p>
   </div>
   <div class='ocr_carea' id='block_1_45' title="bbox 2255 1869 3851 1948">
    <p class='ocr_par' dir='ltr' id='par_1_45' title="bbox 2255 1869 3851 1948">
     <span class='ocr_line' id='line_1_45' title="bbox 2255 1869 3851 1948; baseline 0.004 -25"><span class='ocrx_word' id='word_1_294' title='bbox 2255 1869 2444 1942; x_wconf 79' lang='grc' dir='ltr'>ὥσπερ</span> <span class='ocrx_word' id='word_1_295' title='bbox 2469 1871 2513 1925; x_wconf 87' lang='grc' dir='ltr'>δ’</span> <span class='ocrx_word' id='word_1_296' title='bbox 2540 1872 2600 1937; x_wconf 70' lang='grc' dir='ltr'><strong>ἐξ</strong></span> <span class='ocrx_word' id='word_1_297' title='bbox 2622 1874 2905 1938; x_wconf 79' lang='grc' dir='ltr'>ἐπιπνοίας</span> <span class='ocrx_word' id='word_1_298' title='bbox 2931 1875 3260 1947; x_wconf 76' lang='grc' dir='ltr'>κρείττονος,</span> <span class='ocrx_word' id='word_1_299' title='bbox 3289 1877 3355 1929; x_wconf 80' lang='grc' dir='ltr'>τὰ</span> <span class='ocrx_word' id='word_1_300' title='bbox 3381 1875 3659 1946; x_wconf 75' lang='grc' dir='ltr'>πανταχοῦ</span> <span class='ocrx_word' id='word_1_301' title='bbox 3684 1894 3851 1948; x_wconf 67' lang='grc' dir='ltr'>στραο</span> 
     </span>
    </p>
   </div>
   <div class='ocr_carea' id='block_1_46' title="bbox 2253 1964 3849 2040">
    <p class='ocr_par' dir='ltr' id='par_1_46' title="bbox 2253 1964 3849 2040">
     <span class='ocr_line' id='line_1_46' title="bbox 2253 1964 3849 2040; baseline 0.004 -23"><span class='ocrx_word' id='word_1_302' title='bbox 2253 1964 2455 2018; x_wconf 84' lang='grc' dir='ltr'>τόπεδα</span> <span class='ocrx_word' id='word_1_303' title='bbox 2480 1965 2571 2018; x_wconf 77' lang='grc' dir='ltr'><strong>τὸν</strong></span> <span class='ocrx_word' id='word_1_304' title='bbox 2605 1965 2870 2036; x_wconf 79' lang='grc' dir='ltr'>βασιλέως</span> <span class='ocrx_word' id='word_1_305' title='bbox 2902 1966 3184 2037; x_wconf 85' lang='grc' dir='ltr'>πυθόμενα</span> <span class='ocrx_word' id='word_1_306' title='bbox 3224 1967 3475 2036; x_wconf 71' lang='grc' dir='ltr'>θάνατον,</span> <span class='ocrx_word' id='word_1_307' title='bbox 3521 1970 3651 2039; x_wconf 80' lang='grc' dir='ltr'>μιᾶς</span> <span class='ocrx_word' id='word_1_308' title='bbox 3679 1970 3849 2040; x_wconf 78' lang='grc' dir='ltr'>ἐκρά-</span> 
     </span>
    </p>
   </div>
   <div class='ocr_carea' id='block_1_47' title="bbox 2251 2054 3933 2130">
    <p class='ocr_par' dir='ltr' id='par_1_47' title="bbox 2251 2054 3933 2130">
     <span class='ocr_line' id='line_1_47' title="bbox 2251 2054 3933 2130; baseline 0.003 -22"><span class='ocrx_word' id='word_1_309' title='bbox 2251 2073 2337 2108; x_wconf 87' lang='grc' dir='ltr'><strong>τει</strong></span> <span class='ocrx_word' id='word_1_310' title='bbox 2367 2054 2612 2127; x_wconf 80' lang='grc' dir='ltr'>γνώμης,</span> <span class='ocrx_word' id='word_1_311' title='bbox 2643 2056 2844 2110; x_wconf 73' lang='grc' dir='ltr'>ὡσανεὶ</span> <span class='ocrx_word' id='word_1_312' title='bbox 2884 2057 3088 2122; x_wconf 79' lang='grc' dir='ltr'>ζῶντος</span> <span class='ocrx_word' id='word_1_313' title='bbox 3130 2059 3315 2122; x_wconf 86' lang='grc' dir='ltr'>αὐτοῖς</span> <span class='ocrx_word' id='word_1_314' title='bbox 3345 2058 3439 2112; x_wconf 81' lang='grc' dir='ltr'>τοῦ</span> <span class='ocrx_word' id='word_1_315' title='bbox 3476 2059 3714 2130; x_wconf 81' lang='grc' dir='ltr'>μεγάλου</span> <span class='ocrx_word' id='word_1_316' title='bbox 3750 2060 3850 2129; x_wconf 86' lang='grc' dir='ltr'>βα·</span> <span class='ocrx_word' id='word_1_317' title='bbox 3920 2115 3933 2129; x_wconf 66' lang='grc'><em>,</em></span> 
     </span>
    </p>
   </div>
   <div class='ocr_carea' id='block_1_48' title="bbox 2255 2145 3849 2219">
    <p class='ocr_par' dir='ltr' id='par_1_48' title="bbox 2255 2145 3849 2219">
     <span class='ocr_line' id='line_1_48' title="bbox 2255 2145 3849 2219; baseline 0.003 -21"><span class='ocrx_word' id='word_1_318' title='bbox 2255 2145 2466 2209; x_wconf 82' lang='grc' dir='ltr'>σιλέως,</span> <span class='ocrx_word' id='word_1_319' title='bbox 2503 2146 2704 2217; x_wconf 80' lang='grc' dir='ltr'>μηδένα</span> <span class='ocrx_word' id='word_1_320' title='bbox 2739 2146 3027 2218; x_wconf 76' lang='grc' dir='ltr'>γνωρίζειν</span> <span class='ocrx_word' id='word_1_321' title='bbox 3057 2147 3267 2219; x_wconf 74' lang='grc' dir='ltr'>ἕτερον,</span> <span class='ocrx_word' id='word_1_322' title='bbox 3302 2149 3334 2219; x_wconf 83' lang='grc' dir='ltr'>ἢ</span> <span class='ocrx_word' id='word_1_323' title='bbox 3369 2149 3564 2219; x_wconf 86' lang='grc' dir='ltr'>μόνους</span> <span class='ocrx_word' id='word_1_324' title='bbox 3589 2150 3717 2213; x_wconf 83' lang='grc' dir='ltr'>τοὺς</span> <span class='ocrx_word' id='word_1_325' title='bbox 3748 2152 3849 2203; x_wconf 86' lang='grc' dir='ltr'>αὐ-</span> 
     </span>
    </p>
   </div>
   <div class='ocr_carea' id='block_1_49' title="bbox 2249 2235 3846 2311">
    <p class='ocr_par' dir='ltr' id='par_1_49' title="bbox 2249 2235 3846 2311">
     <span class='ocr_line' id='line_1_49' title="bbox 2249 2235 3846 2311; baseline 0.003 -22"><span class='ocrx_word' id='word_1_326' title='bbox 2249 2236 2345 2289; x_wconf 81' lang='grc' dir='ltr'>τοῦ</span> <span class='ocrx_word' id='word_1_327' title='bbox 2379 2236 2573 2300; x_wconf 84' lang='grc' dir='ltr'>παῖδας</span> <span class='ocrx_word' id='word_1_328' title='bbox 2603 2235 2891 2307; x_wconf 85' lang='grc' dir='ltr'>Ῥωμαίων</span> <span class='ocrx_word' id='word_1_329' title='bbox 2922 2236 3352 2309; x_wconf 79' lang='grc' dir='ltr'>αὐτοκράτορας.</span> <span class='ocrx_word' id='word_1_330' title='bbox 3386 2240 3501 2293; x_wconf 90' lang='grc' dir='ltr'>Οὐκ</span> <span class='ocrx_word' id='word_1_331' title='bbox 3522 2241 3603 2298; x_wconf 83' lang='grc' dir='ltr'><strong>εἰς</strong></span> <span class='ocrx_word' id='word_1_332' title='bbox 3632 2239 3846 2311; x_wconf 81' lang='grc' dir='ltr'>μακρὸν</span> 
     </span>
    </p>
   </div>
   <div class='ocr_carea' id='block_1_50' title="bbox 2249 2316 3847 2398">
    <p class='ocr_par' dir='ltr' id='par_1_50' title="bbox 2249 2316 3847 2398">
     <span class='ocr_line' id='line_1_50' title="bbox 2249 2316 3847 2398; baseline 0.002 -19"><span class='ocrx_word' id='word_1_333' title='bbox 2249 2327 2295 2379; x_wconf 78' lang='grc' dir='ltr'>δ’</span> <span class='ocrx_word' id='word_1_334' title='bbox 2318 2325 2522 2397; x_wconf 79' lang='grc' dir='ltr'>ἠξίουν,</span> <span class='ocrx_word' id='word_1_335' title='bbox 2671 2327 2988 2397; x_wconf 77' lang='grc' dir='ltr'>Καίσαρας,</span> <span class='ocrx_word' id='word_1_336' title='bbox 3029 2326 3278 2381; x_wconf 78' lang='grc' dir='ltr'>ἐντεῦθεν</span> <span class='ocrx_word' id='word_1_337' title='bbox 3306 2328 3351 2379; x_wconf 80' lang='grc' dir='ltr'>δ’</span> <span class='ocrx_word' id='word_1_338' title='bbox 3379 2327 3478 2398; x_wconf 74' lang='grc' dir='ltr'><strong>ἤδη</strong></span> <span class='ocrx_word' id='word_1_339' title='bbox 3515 2329 3640 2391; x_wconf 82' lang='grc' dir='ltr'>τοὺς</span> <span class='ocrx_word' id='word_1_340' title='bbox 3671 2328 3847 2382; x_wconf 78' lang='grc' dir='ltr'>ἅπαν-</span> 
     </span>
    </p>
   </div>
   <div class='ocr_carea' id='block_1_51' title="bbox 2249 2414 3846 2490">
    <p class='ocr_par' dir='ltr' id='par_1_51' title="bbox 2249 2414 3846 2490">
     <span class='ocr_line' id='line_1_51' title="bbox 2249 2414 3846 2490; baseline 0.001 -17"><span class='ocrx_word' id='word_1_341' title='bbox 2249 2434 2349 2483; x_wconf 86' lang='grc' dir='ltr'><strong>τας</strong></span> <span class='ocrx_word' id='word_1_342' title='bbox 2381 2418 2741 2490; x_wconf 76' lang='grc' dir='ltr'>χρηματίζειν</span> <span class='ocrx_word' id='word_1_343' title='bbox 2766 2414 3142 2487; x_wconf 73' lang='grc' dir='ltr'>Αὐγούστουςο</span> <span class='ocrx_word' id='word_1_344' title='bbox 3177 2418 3207 2471; x_wconf 82' lang='grc' dir='ltr'><strong>ὃ</strong></span> <span class='ocrx_word' id='word_1_345' title='bbox 3239 2418 3302 2490; x_wconf 83' lang='grc' dir='ltr'><strong>δὴ</strong></span> <span class='ocrx_word' id='word_1_346' title='bbox 3337 2420 3430 2473; x_wconf 61' lang='grc' dir='ltr'><strong>καὶ⁴</strong></span> <span class='ocrx_word' id='word_1_347' title='bbox 3463 2419 3717 2490; x_wconf 86' lang='grc' dir='ltr'>μέγιστον</span> <span class='ocrx_word' id='word_1_348' title='bbox 3743 2421 3846 2490; x_wconf 77' lang='grc' dir='ltr'>τῆς</span> 
     </span>
    </p>
   </div>
   <div class='ocr_carea' id='block_1_52' title="bbox 2248 2509 3841 2584">
    <p class='ocr_par' dir='ltr' id='par_1_52' title="bbox 2248 2509 3841 2584">
     <span class='ocr_line' id='line_1_52' title="bbox 2248 2509 3841 2584; baseline 0.001 -19"><span class='ocrx_word' id='word_1_349' title='bbox 2248 2512 2508 2566; x_wconf 83' lang='grc' dir='ltr'>ἀνωτάτω</span> <span class='ocrx_word' id='word_1_350' title='bbox 2541 2510 2818 2581; x_wconf 82' lang='grc' dir='ltr'>βασιλείας</span> <span class='ocrx_word' id='word_1_351' title='bbox 2846 2510 3073 2580; x_wconf 86' lang='grc' dir='ltr'>γίγνοιτ’</span> <span class='ocrx_word' id='word_1_352' title='bbox 3099 2510 3166 2565; x_wconf 81' lang='grc' dir='ltr'>ἂν</span> <span class='ocrx_word' id='word_1_353' title='bbox 3202 2511 3489 2583; x_wconf 74' lang='grc' dir='ltr'>σύμϐολον.</span> <span class='ocrx_word' id='word_1_354' title='bbox 3522 2514 3587 2566; x_wconf 81' lang='grc' dir='ltr'><strong>Οἱ</strong></span> <span class='ocrx_word' id='word_1_355' title='bbox 3621 2512 3721 2584; x_wconf 83' lang='grc' dir='ltr'><strong>μὲν</strong></span> <span class='ocrx_word' id='word_1_356' title='bbox 3748 2509 3841 2566; x_wconf 77' lang='grc' dir='ltr'><strong>οὖν</strong></span> 
     </span>
    </p>
   </div>
   <div class='ocr_carea' id='block_1_53' title="bbox 2246 2598 3842 2673">
    <p class='ocr_par' dir='ltr' id='par_1_53' title="bbox 2246 2598 3842 2673">
     <span class='ocr_line' id='line_1_53' title="bbox 2246 2598 3842 2673; baseline -0.001 -20"><span class='ocrx_word' id='word_1_357' title='bbox 2246 2601 2399 2654; x_wconf 77' lang='grc' dir='ltr'>ταῦτ’</span> <span class='ocrx_word' id='word_1_358' title='bbox 2430 2601 2734 2673; x_wconf 78' lang='grc' dir='ltr'>ἔπραττον,</span> <span class='ocrx_word' id='word_1_359' title='bbox 2781 2599 2880 2664; x_wconf 81' lang='grc' dir='ltr'>τὰς</span> <span class='ocrx_word' id='word_1_360' title='bbox 2916 2598 3124 2663; x_wconf 76' lang='grc' dir='ltr'>οἰκείας</span> <span class='ocrx_word' id='word_1_361' title='bbox 3152 2599 3368 2671; x_wconf 69' lang='grc' dir='ltr'>ψήφους</span> <span class='ocrx_word' id='word_1_362' title='bbox 3412 2617 3471 2652; x_wconf 88' lang='grc' dir='ltr'><strong>τε</strong></span> <span class='ocrx_word' id='word_1_363' title='bbox 3519 2600 3615 2653; x_wconf 59' lang='grc' dir='ltr'><strong>καί⁵</strong></span> <span class='ocrx_word' id='word_1_364' title='bbox 3655 2599 3842 2669; x_wconf 81' lang='grc' dir='ltr'>φωνὰς</span> 
     </span>
    </p>
   </div>
   <div class='ocr_carea' id='block_1_54' title="bbox 2246 2690 3839 2764">
    <p class='ocr_par' dir='ltr' id='par_1_54' title="bbox 2246 2690 3839 2764">
     <span class='ocr_line' id='line_1_54' title="bbox 2246 2690 3839 2764; baseline -0.002 -17"><span class='ocrx_word' id='word_1_365' title='bbox 2246 2694 2333 2748; x_wconf 77' lang='grc' dir='ltr'>διὰ</span> <span class='ocrx_word' id='word_1_366' title='bbox 2381 2692 2601 2763; x_wconf 76' lang='grc' dir='ltr'>γραφῆς</span> <span class='ocrx_word' id='word_1_367' title='bbox 2643 2691 2895 2764; x_wconf 83' lang='grc' dir='ltr'>ἀλλήλοις</span> <span class='ocrx_word' id='word_1_368' title='bbox 2941 2690 3381 2762; x_wconf 82' lang='grc' dir='ltr'>διαγγέλλοντες·</span> <span class='ocrx_word' id='word_1_369' title='bbox 3436 2691 3543 2745; x_wconf 81' lang='grc' dir='ltr'>ὐπὸ</span> <span class='ocrx_word' id='word_1_370' title='bbox 3594 2691 3725 2762; x_wconf 89' lang='grc' dir='ltr'>μίαν</span> <span class='ocrx_word' id='word_1_371' title='bbox 3777 2707 3839 2744; x_wconf 85' lang='grc' dir='ltr'><strong>τε</strong></span> 
     </span>
    </p>
   </div>
   <div class='ocr_carea' id='block_1_55' title="bbox 2248 2782 3840 2858">
    <p class='ocr_par' dir='ltr' id='par_1_55' title="bbox 2248 2782 3840 2858">
     <span class='ocr_line' id='line_1_55' title="bbox 2248 2782 3840 2858; baseline -0.003 -18"><span class='ocrx_word' id='word_1_372' title='bbox 2248 2786 2441 2858; x_wconf 79' lang='grc' dir='ltr'>καιροῦ</span> <span class='ocrx_word' id='word_1_373' title='bbox 2490 2786 2661 2857; x_wconf 73' lang='grc' dir='ltr'>ῥοπὴν</span> <span class='ocrx_word' id='word_1_374' title='bbox 2705 2788 2818 2848; x_wconf 85' lang='grc' dir='ltr'>τοῖς</span> <span class='ocrx_word' id='word_1_375' title='bbox 2867 2782 3184 2856; x_wconf 85' lang='grc' dir='ltr'>ἅπανταχοῦ</span> <span class='ocrx_word' id='word_1_376' title='bbox 3227 2785 3395 2837; x_wconf 82' lang='grc' dir='ltr'>πᾶσιν</span> <span class='ocrx_word' id='word_1_377' title='bbox 3440 2784 3767 2855; x_wconf 78' lang='grc' dir='ltr'>ὲγνωρίζετο</span> <span class='ocrx_word' id='word_1_378' title='bbox 3803 2784 3840 2856; x_wconf 76' lang='grc' dir='ltr'><strong>ἠ</strong></span> 
     </span>
    </p>
   </div>
   <div class='ocr_carea' id='block_1_56' title="bbox 2245 2876 3109 2949">
    <p class='ocr_par' dir='ltr' id='par_1_56' title="bbox 2245 2876 3109 2949">
     <span class='ocr_line' id='line_1_56' title="bbox 2245 2876 3109 2949; baseline -0.002 -18"><span class='ocrx_word' id='word_1_379' title='bbox 2245 2878 2355 2931; x_wconf 85' lang='grc' dir='ltr'><strong>τῶν</strong></span> <span class='ocrx_word' id='word_1_380' title='bbox 2389 2877 2766 2949; x_wconf 82' lang='grc' dir='ltr'>στρατοπέδων</span> <span class='ocrx_word' id='word_1_381' title='bbox 2799 2876 3109 2948; x_wconf 81' lang='grc' dir='ltr'>συμφωνία.</span> 
     </span>
    </p>
   </div>
   <div class='ocr_carea' id='block_1_57' title="bbox 2760 3046 3323 3104">
    <p class='ocr_par' dir='ltr' id='par_1_57' title="bbox 2760 3046 3323 3104">
     <span class='ocr_line' id='line_1_57' title="bbox 2760 3046 3323 3104; baseline 0.002 -1"><span class='ocrx_word' id='word_1_382' title='bbox 2760 3049 3163 3103; x_wconf 77' lang='grc' dir='ltr'><strong>ΚΕΦΑΛΑΙΟΝ</strong></span> <span class='ocrx_word' id='word_1_383' title='bbox 3201 3046 3323 3104; x_wconf 69' lang='grc' dir='ltr'><strong>Εἶθ’.</strong></span> 
     </span>
    </p>
   </div>
   <div class='ocr_carea' id='block_1_58' title="bbox 558 3142 2140 3243">
    <p class='ocr_par' dir='ltr' id='par_1_58' title="bbox 558 3145 2137 3243">
     <span class='ocr_line' id='line_1_58' title="bbox 558 3145 2137 3243; baseline 0.004 -43"><span class='ocrx_word' id='word_1_384' title='bbox 558 3145 742 3201; x_wconf 76' lang='lat' dir='ltr'><strong>Romw</strong></span> <span class='ocrx_word' id='word_1_385' title='bbox 781 3145 953 3200; x_wconf 75' lang='lat' dir='ltr'><strong>luctus</strong></span> <span class='ocrx_word' id='word_1_386' title='bbox 981 3146 1043 3200; x_wconf 87' lang='lat' dir='ltr'><strong>ob</strong></span> <span class='ocrx_word' id='word_1_387' title='bbox 1078 3156 1299 3243; x_wconf 48' lang='lat' dir='ltr'><strong>morteJm</strong></span> <span class='ocrx_word' id='word_1_388' title='bbox 1330 3148 1689 3243; x_wconf 61' lang='lat' dir='ltr'><strong>anstantini,</strong></span> <span class='ocrx_word' id='word_1_389' title='bbox 1718 3162 1766 3206; x_wconf 86' lang='lat' dir='ltr'><strong>et</strong></span> <span class='ocrx_word' id='word_1_390' title='bbox 1799 3151 2057 3223; x_wconf 72' lang='lat' dir='ltr'><strong>imagines</strong></span> <span class='ocrx_word' id='word_1_391' title='bbox 2089 3154 2137 3208; x_wconf 81' lang='lat' dir='ltr'><strong>ei</strong></span> 
     </span>
    </p>
   </div>
   <div class='ocr_carea' id='block_1_59' title="bbox 2241 3142 3839 3243">
    <p class='ocr_par' dir='ltr' id='par_1_59' title="bbox 2257 3142 3839 3243">
     <span class='ocr_line' id='line_1_59' title="bbox 2257 3142 3839 3243; baseline 0 0"><span class='ocrx_word' id='word_1_392' title='bbox 2257 3144 2486 3216; x_wconf 66' lang='grc' dir='ltr'><strong>Ῥώμης</strong></span> <span class='ocrx_word' id='word_1_393' title='bbox 2518 3144 3512 3243; x_wconf 50' lang='grc' dir='ltr'><strong>έξξηιξεῖτῐῖαῖῖξηίνφηξέείζιῖε-ῑιξλ</strong></span> <span class='ocrx_word' id='word_1_394' title='bbox 3560 3144 3661 3198; x_wconf 68' lang='grc' dir='ltr'>διὰ</span> <span class='ocrx_word' id='word_1_395' title='bbox 3717 3142 3839 3199; x_wconf 71' lang='grc' dir='ltr'><strong>τῶν</strong></span> 
     </span>
    </p>
   </div>
   <div class='ocr_carea' id='block_1_60' title="bbox 1224 3218 1464 3274">
    <p class='ocr_par' dir='ltr' id='par_1_60' title="bbox 1224 3218 1464 3274">
     <span class='ocr_line' id='line_1_60' title="bbox 1224 3218 1464 3274; baseline 0.017 -4"><span class='ocrx_word' id='word_1_396' title='bbox 1224 3218 1464 3274; x_wconf 74' lang='lat' dir='ltr'><strong>decretw.</strong></span> 
     </span>
    </p>
   </div>
   <div class='ocr_carea' id='block_1_61' title="bbox 624 3307 2138 3384">
    <p class='ocr_par' dir='ltr' id='par_1_61' title="bbox 624 3307 2138 3384">
     <span class='ocr_line' id='line_1_61' title="bbox 624 3307 2138 3384; baseline 0.006 -22"><span class='ocrx_word' id='word_1_397' title='bbox 624 3309 694 3363; x_wconf 88' lang='lat' dir='ltr'><strong>At</strong></span> <span class='ocrx_word' id='word_1_398' title='bbox 728 3309 780 3361; x_wconf 93' lang='lat' dir='ltr'><strong>in</strong></span> <span class='ocrx_word' id='word_1_399' title='bbox 812 3307 947 3364; x_wconf 91' lang='lat' dir='ltr'><strong>urbe</strong></span> <span class='ocrx_word' id='word_1_400' title='bbox 980 3308 1155 3380; x_wconf 78' lang='lat' dir='ltr'><strong>regia,</strong></span> <span class='ocrx_word' id='word_1_401' title='bbox 1201 3318 1427 3366; x_wconf 88' lang='lat' dir='ltr'><strong>senatus</strong></span> <span class='ocrx_word' id='word_1_402' title='bbox 1474 3313 1817 3384; x_wconf 88' lang='lat' dir='ltr'><strong>populusque</strong></span> <span class='ocrx_word' id='word_1_403' title='bbox 1862 3315 2138 3371; x_wconf 79' lang='lat' dir='ltr'><strong>Romanus</strong></span> 
     </span>
    </p>
   </div>
   <div class='ocr_carea' id='block_1_62' title="bbox 553 3400 2136 3474">
    <p class='ocr_par' dir='ltr' id='par_1_62' title="bbox 553 3400 2136 3474">
     <span class='ocr_line' id='line_1_62' title="bbox 553 3400 2136 3474; baseline 0.005 -20"><span class='ocrx_word' id='word_1_404' title='bbox 553 3410 831 3470; x_wconf 89' lang='lat' dir='ltr'><strong>comperta</strong></span> <span class='ocrx_word' id='word_1_405' title='bbox 881 3400 1230 3469; x_wconf 85' lang='lat' dir='ltr'><strong>imperatoris</strong></span> <span class='ocrx_word' id='word_1_406' title='bbox 1285 3412 1485 3468; x_wconf 87' lang='lat' dir='ltr'><strong>morte,</strong></span> <span class='ocrx_word' id='word_1_407' title='bbox 1545 3406 1933 3474; x_wconf 77' lang='lat' dir='ltr'><strong>gravissimum</strong></span> <span class='ocrx_word' id='word_1_408' title='bbox 1994 3408 2136 3462; x_wconf 68' lang='lat' dir='ltr'><strong>hunc</strong></span> 
     </span>
    </p>
   </div>
   <div class='ocr_carea' id='block_1_63' title="bbox 553 3491 2136 3561">
    <p class='ocr_par' dir='ltr' id='par_1_63' title="bbox 553 3491 2136 3561">
     <span class='ocr_line' id='line_1_63' title="bbox 553 3491 2136 3561; baseline 0.004 -17"><span class='ocrx_word' id='word_1_409' title='bbox 553 3494 801 3545; x_wconf 90' lang='lat' dir='ltr'><strong>nuntium</strong></span> <span class='ocrx_word' id='word_1_410' title='bbox 855 3499 912 3545; x_wconf 90' lang='lat' dir='ltr'><strong>et</strong></span> <span class='ocrx_word' id='word_1_411' title='bbox 962 3491 1160 3561; x_wconf 82' lang='lat' dir='ltr'><strong>quavis</strong></span> <span class='ocrx_word' id='word_1_412' title='bbox 1212 3492 1535 3550; x_wconf 86' lang='lat' dir='ltr'><strong>calamitate</strong></span> <span class='ocrx_word' id='word_1_413' title='bbox 1612 3497 1952 3551; x_wconf 86' lang='lat' dir='ltr'><strong>acerbiorem</strong></span> <span class='ocrx_word' id='word_1_414' title='bbox 2005 3498 2136 3559; x_wconf 90' lang='lat' dir='ltr'><strong>rati.</strong></span> 
     </span>
    </p>
   </div>
   <div class='ocr_carea' id='block_1_64' title="bbox 554 3583 2137 3659">
    <p class='ocr_par' dir='ltr' id='par_1_64' title="bbox 554 3583 2137 3659">
     <span class='ocr_line' id='line_1_64' title="bbox 554 3583 2137 3659; baseline 0.005 -23"><span class='ocrx_word' id='word_1_415' title='bbox 554 3583 760 3637; x_wconf 81' lang='lat' dir='ltr'><strong>tmllum</strong></span> <span class='ocrx_word' id='word_1_416' title='bbox 823 3583 994 3638; x_wconf 88' lang='lat' dir='ltr'><strong>luctui</strong></span> <span class='ocrx_word' id='word_1_417' title='bbox 1042 3585 1264 3639; x_wconf 91' lang='lat' dir='ltr'><strong>modum</strong></span> <span class='ocrx_word' id='word_1_418' title='bbox 1317 3585 1517 3642; x_wconf 82' lang='lat' dir='ltr'><strong>fecere.</strong></span> <span class='ocrx_word' id='word_1_419' title='bbox 1561 3587 1774 3659; x_wconf 86' lang='lat' dir='ltr'><strong>Quippe</strong></span> <span class='ocrx_word' id='word_1_420' title='bbox 1830 3588 2026 3644; x_wconf 84' lang='lat' dir='ltr'><strong>balnea</strong></span> <span class='ocrx_word' id='word_1_421' title='bbox 2078 3599 2137 3644; x_wconf 90' lang='lat' dir='ltr'><strong>et</strong></span> 
     </span>
    </p>
   </div>
   <div class='ocr_carea' id='block_1_65' title="bbox 554 3674 2138 3750">
    <p class='ocr_par' dir='ltr' id='par_1_65' title="bbox 554 3674 2138 3750">
     <span class='ocr_line' id='line_1_65' title="bbox 554 3674 2138 3750; baseline 0.004 -23"><span class='ocrx_word' id='word_1_422' title='bbox 554 3674 669 3728; x_wconf 89' lang='lat' dir='ltr'><strong>fura</strong></span> <span class='ocrx_word' id='word_1_423' title='bbox 701 3689 882 3728; x_wconf 90' lang='lat' dir='ltr'><strong>rerum</strong></span> <span class='ocrx_word' id='word_1_424' title='bbox 919 3674 1190 3729; x_wconf 73' lang='lat' dir='ltr'><strong>venalium</strong></span> <span class='ocrx_word' id='word_1_425' title='bbox 1224 3676 1411 3732; x_wconf 89' lang='lat' dir='ltr'><strong>clausa</strong></span> <span class='ocrx_word' id='word_1_426' title='bbox 1439 3691 1455 3730; x_wconf 89' lang='lat'><strong>:</strong></span> <span class='ocrx_word' id='word_1_427' title='bbox 1489 3678 1707 3747; x_wconf 82' lang='lat' dir='ltr'><strong>publica</strong></span> <span class='ocrx_word' id='word_1_428' title='bbox 1738 3679 1867 3732; x_wconf 90' lang='lat' dir='ltr'><strong>item</strong></span> <span class='ocrx_word' id='word_1_429' title='bbox 1923 3690 2138 3750; x_wconf 84' lang='lat' dir='ltr'><strong>specta-</strong></span> 
     </span>
    </p>
   </div>
   <div class='ocr_carea' id='block_1_66' title="bbox 552 3766 2133 3837">
    <p class='ocr_par' dir='ltr' id='par_1_66' title="bbox 552 3766 2133 3837">
     <span class='ocr_line' id='line_1_66' title="bbox 552 3766 2133 3837; baseline 0.003 -17"><span class='ocrx_word' id='word_1_430' title='bbox 552 3766 695 3828; x_wconf 77' lang='lat' dir='ltr'><strong>cula.</strong></span> <span class='ocrx_word' id='word_1_431' title='bbox 730 3776 785 3819; x_wconf 87' lang='lat' dir='ltr'><strong>et</strong></span> <span class='ocrx_word' id='word_1_432' title='bbox 820 3782 1164 3837; x_wconf 77' lang='lat' dir='ltr'><strong>qurecuuque</strong></span> <span class='ocrx_word' id='word_1_433' title='bbox 1221 3768 1328 3822; x_wconf 89' lang='lat' dir='ltr'><strong>alia</strong></span> <span class='ocrx_word' id='word_1_434' title='bbox 1361 3770 1484 3823; x_wconf 76' lang='lat' dir='ltr'><strong>vita:</strong></span> <span class='ocrx_word' id='word_1_435' title='bbox 1522 3769 1920 3825; x_wconf 87' lang='lat' dir='ltr'><strong>oblectamenta</strong></span> <span class='ocrx_word' id='word_1_436' title='bbox 1959 3772 2133 3826; x_wconf 57' lang='lat' dir='ltr'><strong>humi-</strong></span> 
     </span>
    </p>
   </div>
   <div class='ocr_carea' id='block_1_67' title="bbox 557 3857 2134 3930">
    <p class='ocr_par' dir='ltr' id='par_1_67' title="bbox 557 3857 2134 3930">
     <span class='ocr_line' id='line_1_67' title="bbox 557 3857 2134 3930; baseline 0.003 -18"><span class='ocrx_word' id='word_1_437' title='bbox 557 3874 653 3912; x_wconf 89' lang='lat' dir='ltr'><strong>nes</strong></span> <span class='ocrx_word' id='word_1_438' title='bbox 680 3859 734 3911; x_wconf 90' lang='lat' dir='ltr'><strong>in</strong></span> <span class='ocrx_word' id='word_1_439' title='bbox 767 3857 881 3913; x_wconf 91' lang='lat' dir='ltr'><strong>otio</strong></span> <span class='ocrx_word' id='word_1_440' title='bbox 910 3860 1169 3930; x_wconf 83' lang='lat' dir='ltr'><strong>degentes</strong></span> <span class='ocrx_word' id='word_1_441' title='bbox 1200 3861 1507 3914; x_wconf 88' lang='lat' dir='ltr'><strong>consectari</strong></span> <span class='ocrx_word' id='word_1_442' title='bbox 1564 3860 1761 3926; x_wconf 71' lang='lat' dir='ltr'><strong>solent,</strong></span> <span class='ocrx_word' id='word_1_443' title='bbox 1800 3871 2034 3916; x_wconf 90' lang='lat' dir='ltr'><strong>remota.</strong></span> <span class='ocrx_word' id='word_1_444' title='bbox 2068 3860 2134 3916; x_wconf 82' lang='lat' dir='ltr'><strong>Et</strong></span> 
     </span>
    </p>
   </div>
   <div class='ocr_carea' id='block_1_68' title="bbox 553 3950 2133 4023">
    <p class='ocr_par' dir='ltr' id='par_1_68' title="bbox 553 3950 2133 4023">
     <span class='ocr_line' id='line_1_68' title="bbox 553 3950 2133 4023; baseline 0.004 -20"><span class='ocrx_word' id='word_1_445' title='bbox 553 3951 647 4021; x_wconf 86' lang='lat' dir='ltr'><strong>qui</strong></span> <span class='ocrx_word' id='word_1_446' title='bbox 675 3954 826 4021; x_wconf 89' lang='lat' dir='ltr'><strong>prius</strong></span> <span class='ocrx_word' id='word_1_447' title='bbox 862 3950 1075 4006; x_wconf 88' lang='lat' dir='ltr'><strong>deliciis</strong></span> <span class='ocrx_word' id='word_1_448' title='bbox 1100 3950 1469 4013; x_wconf 77' lang='lat' dir='ltr'><strong>dilIquerant,</strong></span> <span class='ocrx_word' id='word_1_449' title='bbox 1505 3954 1687 4007; x_wconf 72' lang='lat' dir='ltr'><strong>mmsti</strong></span> <span class='ocrx_word' id='word_1_450' title='bbox 1730 3964 1859 4009; x_wconf 89' lang='lat' dir='ltr'><strong>tunc</strong></span> <span class='ocrx_word' id='word_1_451' title='bbox 1888 3969 1987 4023; x_wconf 86' lang='lat' dir='ltr'><strong>per</strong></span> <span class='ocrx_word' id='word_1_452' title='bbox 2015 3956 2133 4011; x_wconf 77' lang='lat' dir='ltr'><strong>vias</strong></span> 
     </span>
    </p>
   </div>
   <div class='ocr_carea' id='block_1_69' title="bbox 556 4040 2132 4112">
    <p class='ocr_par' dir='ltr' id='par_1_69' title="bbox 556 4040 2132 4112">
     <span class='ocr_line' id='line_1_69' title="bbox 556 4040 2132 4112; baseline 0.003 -17"><span class='ocrx_word' id='word_1_453' title='bbox 556 4043 908 4098; x_wconf 89' lang='lat' dir='ltr'><strong>incedebant.</strong></span> <span class='ocrx_word' id='word_1_454' title='bbox 939 4040 1151 4097; x_wconf 91' lang='lat' dir='ltr'><strong>Omnes</strong></span> <span class='ocrx_word' id='word_1_455' title='bbox 1189 4043 1575 4112; x_wconf 88' lang='lat' dir='ltr'><strong>imperatorem</strong></span> <span class='ocrx_word' id='word_1_456' title='bbox 1607 4047 1827 4100; x_wconf 88' lang='lat' dir='ltr'><strong>beatum</strong></span> <span class='ocrx_word' id='word_1_457' title='bbox 1851 4086 1868 4112; x_wconf 93' lang='lat'><strong>,</strong></span> <span class='ocrx_word' id='word_1_458' title='bbox 1904 4047 2016 4100; x_wconf 86' lang='lat' dir='ltr'><strong>Deo</strong></span> <span class='ocrx_word' id='word_1_459' title='bbox 2042 4061 2132 4102; x_wconf 84' lang='lat' dir='ltr'><strong>ca-</strong></span> 
     </span>
    </p>
   </div>
   <div class='ocr_carea' id='block_1_70' title="bbox 555 4135 2128 4206">
    <p class='ocr_par' dir='ltr' id='par_1_70' title="bbox 555 4135 2128 4206">
     <span class='ocr_line' id='line_1_70' title="bbox 555 4135 2128 4206; baseline 0.004 -19"><span class='ocrx_word' id='word_1_460' title='bbox 555 4150 701 4201; x_wconf 90' lang='lat' dir='ltr'><strong>rum,</strong></span> <span class='ocrx_word' id='word_1_461' title='bbox 727 4142 784 4188; x_wconf 85' lang='lat' dir='ltr'><strong>et</strong></span> <span class='ocrx_word' id='word_1_462' title='bbox 809 4149 1036 4204; x_wconf 88' lang='lat' dir='ltr'><strong>prorsus</strong></span> <span class='ocrx_word' id='word_1_463' title='bbox 1067 4135 1297 4204; x_wconf 86' lang='lat' dir='ltr'><strong>imperio</strong></span> <span class='ocrx_word' id='word_1_464' title='bbox 1327 4135 1705 4206; x_wconf 79' lang='lat' dir='ltr'><strong>dignissimum</strong></span> <span class='ocrx_word' id='word_1_465' title='bbox 1740 4138 2128 4204; x_wconf 61' lang='lat' dir='ltr'><strong>praedicabant.</strong></span> 
     </span>
    </p>
   </div>
   <div class='ocr_carea' id='block_1_71' title="bbox 501 4226 2130 4298">
    <p class='ocr_par' dir='ltr' id='par_1_71' title="bbox 501 4226 2130 4298">
     <span class='ocr_line' id='line_1_71' title="bbox 501 4226 2130 4298; baseline 0.001 -13"><span class='ocrx_word' id='word_1_466' title='bbox 501 4280 506 4285; x_wconf 89' lang='lat'><strong>.</strong></span> <span class='ocrx_word' id='word_1_467' title='bbox 554 4226 742 4298; x_wconf 80' lang='lat' dir='ltr'><strong>Neque</strong></span> <span class='ocrx_word' id='word_1_468' title='bbox 792 4229 909 4282; x_wconf 62' lang='lat' dir='ltr'><strong>haec</strong></span> <span class='ocrx_word' id='word_1_469' title='bbox 954 4240 1095 4282; x_wconf 72' lang='lat' dir='ltr'><strong>voce</strong></span> <span class='ocrx_word' id='word_1_470' title='bbox 1142 4236 1357 4281; x_wconf 88' lang='lat' dir='ltr'><strong>tantum</strong></span> <span class='ocrx_word' id='word_1_471' title='bbox 1397 4229 1539 4282; x_wconf 86' lang='lat' dir='ltr'><strong>nuda</strong></span> <span class='ocrx_word' id='word_1_472' title='bbox 1588 4229 1982 4285; x_wconf 82' lang='lat' dir='ltr'><strong>declarabant:</strong></span> <span class='ocrx_word' id='word_1_473' title='bbox 2033 4232 2130 4286; x_wconf 87' lang='lat' dir='ltr'><strong>sed</strong></span> 
     </span>
    </p>
   </div>
   <div class='ocr_carea' id='block_1_72' title="bbox 550 4317 2133 4392">
    <p class='ocr_par' dir='ltr' id='par_1_72' title="bbox 550 4317 2133 4392">
     <span class='ocr_line' id='line_1_72' title="bbox 550 4317 2133 4392; baseline 0.002 -19"><span class='ocrx_word' id='word_1_474' title='bbox 550 4319 888 4392; x_wconf 73' lang='lat' dir='ltr'><strong>imaginibus</strong></span> <span class='ocrx_word' id='word_1_475' title='bbox 941 4317 1213 4374; x_wconf 87' lang='lat' dir='ltr'><strong>dedicatis</strong></span> <span class='ocrx_word' id='word_1_476' title='bbox 1252 4327 1530 4373; x_wconf 89' lang='lat' dir='ltr'><strong>mortuum</strong></span> <span class='ocrx_word' id='word_1_477' title='bbox 1583 4321 1809 4387; x_wconf 87' lang='lat' dir='ltr'><strong>perinde</strong></span> <span class='ocrx_word' id='word_1_478' title='bbox 1839 4337 1902 4376; x_wconf 91' lang='lat' dir='ltr'><strong>ac</strong></span> <span class='ocrx_word' id='word_1_479' title='bbox 1940 4336 2133 4391; x_wconf 86' lang='lat' dir='ltr'><strong>super-</strong></span> 
     </span>
    </p>
   </div>
   <div class='ocr_carea' id='block_1_73' title="bbox 550 4411 2132 4482">
    <p class='ocr_par' dir='ltr' id='par_1_73' title="bbox 550 4411 2132 4482">
     <span class='ocr_line' id='line_1_73' title="bbox 550 4411 2132 4482; baseline 0.003 -17"><span class='ocrx_word' id='word_1_480' title='bbox 550 4413 735 4466; x_wconf 84' lang='lat' dir='ltr'><strong>stitem</strong></span> <span class='ocrx_word' id='word_1_481' title='bbox 775 4411 1145 4468; x_wconf 88' lang='lat' dir='ltr'><strong>honorabant.</strong></span> <span class='ocrx_word' id='word_1_482' title='bbox 1172 4411 1231 4466; x_wconf 90' lang='lat' dir='ltr'><strong>In</strong></span> <span class='ocrx_word' id='word_1_483' title='bbox 1257 4412 1457 4482; x_wconf 86' lang='lat' dir='ltr'><strong>quibus</strong></span> <span class='ocrx_word' id='word_1_484' title='bbox 1484 4428 1608 4467; x_wconf 91' lang='lat' dir='ltr'><strong>cum</strong></span> <span class='ocrx_word' id='word_1_485' title='bbox 1644 4412 1767 4468; x_wconf 64' lang='lat' dir='ltr'><strong>caeli</strong></span> <span class='ocrx_word' id='word_1_486' title='bbox 1807 4414 2132 4469; x_wconf 83' lang='lat' dir='ltr'><strong>similitudi-</strong></span> 
     </span>
    </p>
   </div>
   <div class='ocr_carea' id='block_1_74' title="bbox 2568 3215 3502 3285">
    <p class='ocr_par' dir='ltr' id='par_1_74' title="bbox 2568 3215 3502 3285">
     <span class='ocr_line' id='line_1_74' title="bbox 2568 3215 3502 3285; baseline 0.002 -18"><span class='ocrx_word' id='word_1_487' title='bbox 2568 3217 2822 3269; x_wconf 76' lang='grc' dir='ltr'>εἰκόνων</span> <span class='ocrx_word' id='word_1_488' title='bbox 2854 3215 2993 3285; x_wconf 81' lang='grc' dir='ltr'>τιμὴ</span> <span class='ocrx_word' id='word_1_489' title='bbox 3030 3216 3184 3285; x_wconf 83' lang='grc' dir='ltr'>μετὰ</span> <span class='ocrx_word' id='word_1_490' title='bbox 3222 3216 3502 3269; x_wconf 78' lang='grc' dir='ltr'>θάνατον.</span> 
     </span>
    </p>
   </div>
   <div class='ocr_carea' id='block_1_75' title="bbox 2310 3305 3838 3377">
    <p class='ocr_par' dir='ltr' id='par_1_75' title="bbox 2310 3305 3838 3377">
     <span class='ocr_line' id='line_1_75' title="bbox 2310 3305 3838 3377; baseline 0.001 -19"><span class='ocrx_word' id='word_1_491' title='bbox 2310 3307 2372 3358; x_wconf 85' lang='grc' dir='ltr'><strong>Οἱ</strong></span> <span class='ocrx_word' id='word_1_492' title='bbox 2393 3305 2449 3358; x_wconf 81' lang='grc' dir='ltr'>δὲ</span> <span class='ocrx_word' id='word_1_493' title='bbox 2469 3306 2569 3376; x_wconf 82' lang='grc' dir='ltr'><strong>τὴν</strong></span> <span class='ocrx_word' id='word_1_494' title='bbox 2606 3305 2858 3376; x_wconf 81' lang='grc' dir='ltr'>βασιλίδα</span> <span class='ocrx_word' id='word_1_495' title='bbox 2880 3305 3039 3360; x_wconf 79' lang='grc' dir='ltr'>πόλιν</span> <span class='ocrx_word' id='word_1_496' title='bbox 3062 3306 3357 3370; x_wconf 82' lang='grc' dir='ltr'>οίκοῦντες,</span> <span class='ocrx_word' id='word_1_497' title='bbox 3386 3306 3522 3377; x_wconf 82' lang='grc' dir='ltr'>αὐτῇ</span> <span class='ocrx_word' id='word_1_498' title='bbox 3548 3305 3838 3377; x_wconf 83' lang='grc' dir='ltr'>συγκλήτῳ</span> 
     </span>
    </p>
   </div>
   <div class='ocr_carea' id='block_1_76' title="bbox 2241 3379 3833 3469">
    <p class='ocr_par' dir='ltr' id='par_1_76' title="bbox 2241 3379 3833 3469">
     <span class='ocr_line' id='line_1_76' title="bbox 2241 3379 3833 3469; baseline -0.003 -18"><span class='ocrx_word' id='word_1_499' title='bbox 2241 3399 2335 3451; x_wconf 72' lang='grc' dir='ltr'><strong>καὶ</strong></span> <span class='ocrx_word' id='word_1_500' title='bbox 2365 3399 2521 3469; x_wconf 81' lang='grc' dir='ltr'>δήμῳ</span> <span class='ocrx_word' id='word_1_501' title='bbox 2552 3397 2840 3467; x_wconf 87' lang='grc' dir='ltr'>Ῥωμαίων</span> <span class='ocrx_word' id='word_1_502' title='bbox 2867 3434 2883 3462; x_wconf 89' lang='grc'><strong>,</strong></span> <span class='ocrx_word' id='word_1_503' title='bbox 2920 3396 2997 3461; x_wconf 83' lang='grc' dir='ltr'>ὡς</span> <span class='ocrx_word' id='word_1_504' title='bbox 3045 3396 3144 3468; x_wconf 85' lang='grc' dir='ltr'>τὴν</span> <span class='ocrx_word' id='word_1_505' title='bbox 3197 3395 3463 3467; x_wconf 84' lang='grc' dir='ltr'>βασιλέως</span> <span class='ocrx_word' id='word_1_506' title='bbox 3513 3379 3833 3463; x_wconf 71' lang='grc' dir='ltr'>ἐπέγνωσαν</span> 
     </span>
    </p>
   </div>
   <div class='ocr_carea' id='block_1_77' title="bbox 2238 3485 3833 3560">
    <p class='ocr_par' dir='ltr' id='par_1_77' title="bbox 2238 3485 3833 3560">
     <span class='ocr_line' id='line_1_77' title="bbox 2238 3485 3833 3560; baseline -0.004 -18"><span class='ocrx_word' id='word_1_507' title='bbox 2238 3489 2512 3560; x_wconf 83' lang='grc' dir='ltr'>τελευτὴν,</span> <span class='ocrx_word' id='word_1_508' title='bbox 2548 3488 2726 3559; x_wconf 81' lang='grc' dir='ltr'>δεινὴν</span> <span class='ocrx_word' id='word_1_509' title='bbox 2767 3490 2863 3542; x_wconf 73' lang='grc' dir='ltr'>καὶ</span> <span class='ocrx_word' id='word_1_510' title='bbox 2895 3487 3078 3558; x_wconf 86' lang='grc' dir='ltr'>πάσης</span> <span class='ocrx_word' id='word_1_511' title='bbox 3111 3488 3395 3559; x_wconf 80' lang='grc' dir='ltr'>συμφορᾶς</span> <span class='ocrx_word' id='word_1_512' title='bbox 3432 3486 3691 3540; x_wconf 74' lang='grc' dir='ltr'>ἐπέκεινα</span> <span class='ocrx_word' id='word_1_513' title='bbox 3733 3485 3833 3557; x_wconf 76' lang='grc' dir='ltr'><strong>τὴν</strong></span> 
     </span>
    </p>
   </div>
   <div class='ocr_carea' id='block_1_78' title="bbox 2239 3567 3832 3654">
    <p class='ocr_par' dir='ltr' id='par_1_78' title="bbox 2239 3567 3832 3654">
     <span class='ocr_line' id='line_1_78' title="bbox 2239 3567 3832 3654; baseline -0.003 -18"><span class='ocrx_word' id='word_1_514' title='bbox 2239 3582 2406 3654; x_wconf 84' lang='grc' dir='ltr'>ἀκοὴν</span> <span class='ocrx_word' id='word_1_515' title='bbox 2432 3581 2668 3652; x_wconf 81' lang='grc' dir='ltr'>θέμενοι,</span> <span class='ocrx_word' id='word_1_516' title='bbox 2704 3581 2898 3646; x_wconf 83' lang='grc' dir='ltr'>πένθος</span> <span class='ocrx_word' id='word_1_517' title='bbox 2922 3567 3148 3652; x_wconf 74' lang='grc' dir='ltr'>ἄσχετον</span> <span class='ocrx_word' id='word_1_518' title='bbox 3186 3579 3467 3633; x_wconf 81' lang='grc' dir='ltr'>ἐποιοῦντο</span> <span class='ocrx_word' id='word_1_519' title='bbox 3492 3597 3503 3609; x_wconf 72' lang='grc' dir='ltr'><strong>ο</strong></span> <span class='ocrx_word' id='word_1_520' title='bbox 3535 3579 3739 3650; x_wconf 87' lang='grc' dir='ltr'>λουτρά</span> <span class='ocrx_word' id='word_1_521' title='bbox 3767 3579 3832 3650; x_wconf 81' lang='grc' dir='ltr'>δὴ</span> 
     </span>
    </p>
   </div>
   <div class='ocr_carea' id='block_1_79' title="bbox 2218 3671 3834 3746">
    <p class='ocr_par' dir='ltr' id='par_1_79' title="bbox 2218 3671 3834 3746">
     <span class='ocr_line' id='line_1_79' title="bbox 2218 3671 3834 3746; baseline -0.004 -17"><span class='ocrx_word' id='word_1_522' title='bbox 2218 3675 2555 3729; x_wconf 72' lang='grc' dir='ltr'>’ἀπεκλείετο</span> <span class='ocrx_word' id='word_1_523' title='bbox 2579 3675 2675 3728; x_wconf 73' lang='grc' dir='ltr'><strong>καὶ</strong></span> <span class='ocrx_word' id='word_1_524' title='bbox 2702 3675 2935 3746; x_wconf 77' lang='grc' dir='ltr'>ἀγοραὶ,</span> <span class='ocrx_word' id='word_1_525' title='bbox 2972 3674 3144 3744; x_wconf 87' lang='grc' dir='ltr'>πάνδη</span> <span class='ocrx_word' id='word_1_526' title='bbox 3155 3673 3243 3743; x_wconf 92' lang='grc' dir='ltr'><strong>μοί</strong></span> <span class='ocrx_word' id='word_1_527' title='bbox 3280 3689 3341 3725; x_wconf 91' lang='grc' dir='ltr'><strong>τε</strong></span> <span class='ocrx_word' id='word_1_528' title='bbox 3370 3671 3511 3736; x_wconf 85' lang='grc' dir='ltr'>θέαι,</span> <span class='ocrx_word' id='word_1_529' title='bbox 3543 3671 3641 3724; x_wconf 79' lang='grc' dir='ltr'><strong>καὶ</strong></span> <span class='ocrx_word' id='word_1_530' title='bbox 3671 3671 3834 3725; x_wconf 76' lang='grc' dir='ltr'>πάνθ’</span> 
     </span>
    </p>
   </div>
   <div class='ocr_carea' id='block_1_80' title="bbox 2237 3762 3833 3839">
    <p class='ocr_par' dir='ltr' id='par_1_80' title="bbox 2237 3762 3833 3839">
     <span class='ocr_line' id='line_1_80' title="bbox 2237 3762 3833 3839; baseline -0.003 -19"><span class='ocrx_word' id='word_1_531' title='bbox 2237 3768 2316 3821; x_wconf 84' lang='grc' dir='ltr'><strong>ὃσ¹</strong></span> <span class='ocrx_word' id='word_1_532' title='bbox 2347 3769 2441 3821; x_wconf 76' lang='grc' dir='ltr'>ἐπὶ</span> <span class='ocrx_word' id='word_1_533' title='bbox 2475 3765 2725 3839; x_wconf 78' lang='grc' dir='ltr'>ῥᾳστώνῃ</span> <span class='ocrx_word' id='word_1_534' title='bbox 2763 3766 2879 3837; x_wconf 87' lang='grc' dir='ltr'>βίου</span> <span class='ocrx_word' id='word_1_535' title='bbox 2925 3768 3039 3828; x_wconf 82' lang='grc' dir='ltr'>τοῖς</span> <span class='ocrx_word' id='word_1_536' title='bbox 3090 3762 3517 3835; x_wconf 81' lang='grc' dir='ltr'>εὐθυμουμένοις</span> <span class='ocrx_word' id='word_1_537' title='bbox 3569 3762 3833 3834; x_wconf 86' lang='grc' dir='ltr'>πράττειν</span> 
     </span>
    </p>
   </div>
   <div class='ocr_carea' id='block_1_81' title="bbox 2237 3854 3834 3931">
    <p class='ocr_par' dir='ltr' id='par_1_81' title="bbox 2237 3854 3834 3931">
     <span class='ocr_line' id='line_1_81' title="bbox 2237 3854 3834 3931; baseline -0.004 -18"><span class='ocrx_word' id='word_1_538' title='bbox 2237 3859 2358 3924; x_wconf 82' lang='grc' dir='ltr'>ἔθος</span> <span class='ocrx_word' id='word_1_539' title='bbox 2388 3854 2479 3931; x_wconf 81' lang='grc' dir='ltr'><strong>ἦν.</strong></span> <span class='ocrx_word' id='word_1_540' title='bbox 2513 3860 2794 3929; x_wconf 84' lang='grc' dir='ltr'>Κατηφεῖς</span> <span class='ocrx_word' id='word_1_541' title='bbox 2828 3858 2872 3911; x_wconf 88' lang='grc' dir='ltr'>δ’</span> <span class='ocrx_word' id='word_1_542' title='bbox 2906 3861 2954 3912; x_wconf 82' lang='grc' dir='ltr'><strong>οἱ</strong></span> <span class='ocrx_word' id='word_1_543' title='bbox 2990 3856 3158 3911; x_wconf 69' lang='grc' dir='ltr'>πάλαι</span> <span class='ocrx_word' id='word_1_544' title='bbox 3186 3855 3486 3928; x_wconf 66' lang='grc' dir='ltr'>τρυφηλοὶ,</span> <span class='ocrx_word' id='word_1_545' title='bbox 3531 3855 3628 3919; x_wconf 84' lang='grc' dir='ltr'>τὰς</span> <span class='ocrx_word' id='word_1_546' title='bbox 3665 3855 3834 3927; x_wconf 81' lang='grc' dir='ltr'>προό-</span> 
     </span>
    </p>
   </div>
   <div class='ocr_carea' id='block_1_82' title="bbox 2236 3946 3832 4020">
    <p class='ocr_par' dir='ltr' id='par_1_82' title="bbox 2236 3946 3832 4020">
     <span class='ocr_line' id='line_1_82' title="bbox 2236 3946 3832 4020; baseline -0.005 -14"><span class='ocrx_word' id='word_1_547' title='bbox 2236 3952 2362 4015; x_wconf 86' lang='grc' dir='ltr'>δους</span> <span class='ocrx_word' id='word_1_548' title='bbox 2385 3951 2665 4006; x_wconf 77' lang='grc' dir='ltr'>ἐποιοῦντο</span> <span class='ocrx_word' id='word_1_549' title='bbox 2681 3967 2694 3980; x_wconf 92' lang='grc'><strong>·</strong></span> <span class='ocrx_word' id='word_1_550' title='bbox 2729 3948 2864 4020; x_wconf 83' lang='grc' dir='ltr'>ὁμοῦ</span> <span class='ocrx_word' id='word_1_551' title='bbox 2886 3949 2930 4002; x_wconf 78' lang='grc' dir='ltr'>δ’</span> <span class='ocrx_word' id='word_1_552' title='bbox 2955 3950 3006 4002; x_wconf 81' lang='grc' dir='ltr'>οἱ</span> <span class='ocrx_word' id='word_1_553' title='bbox 3038 3949 3241 4011; x_wconf 84' lang='grc' dir='ltr'>πάντες</span> <span class='ocrx_word' id='word_1_554' title='bbox 3260 3948 3350 4000; x_wconf 76' lang='grc' dir='ltr'>τὸν</span> <span class='ocrx_word' id='word_1_555' title='bbox 3377 3946 3647 4017; x_wconf 90' lang='grc' dir='ltr'>μακάριον</span> <span class='ocrx_word' id='word_1_556' title='bbox 3672 3947 3832 3999; x_wconf 83' lang='grc' dir='ltr'>ἀνευ-</span> 
     </span>
    </p>
   </div>
   <div class='ocr_carea' id='block_1_83' title="bbox 2238 4037 3832 4116">
    <p class='ocr_par' dir='ltr' id='par_1_83' title="bbox 2238 4037 3832 4116">
     <span class='ocr_line' id='line_1_83' title="bbox 2238 4037 3832 4116; baseline -0.013 -15"><span class='ocrx_word' id='word_1_557' title='bbox 2238 4045 2453 4116; x_wconf 83' lang='grc' dir='ltr'>φήμουν</span> <span class='ocrx_word' id='word_1_558' title='bbox 2473 4084 2490 4109; x_wconf 94' lang='grc'><strong>,</strong></span> <span class='ocrx_word' id='word_1_559' title='bbox 2523 4043 2615 4098; x_wconf 84' lang='grc' dir='ltr'><strong>τὸν</strong></span> <span class='ocrx_word' id='word_1_560' title='bbox 2644 4041 2902 4111; x_wconf 80' lang='grc' dir='ltr'>θεοφιλῆ,</span> <span class='ocrx_word' id='word_1_561' title='bbox 2940 4039 3033 4093; x_wconf 82' lang='grc' dir='ltr'>τὸν</span> <span class='ocrx_word' id='word_1_562' title='bbox 3071 4040 3146 4104; x_wconf 87' lang='grc' dir='ltr'>ὡς</span> <span class='ocrx_word' id='word_1_563' title='bbox 3177 4037 3391 4109; x_wconf 77' lang='grc' dir='ltr'>ἀληθῶς</span> <span class='ocrx_word' id='word_1_564' title='bbox 3419 4038 3521 4109; x_wconf 80' lang='grc' dir='ltr'>τῆς</span> <span class='ocrx_word' id='word_1_565' title='bbox 3552 4037 3832 4108; x_wconf 71' lang='grc' dir='ltr'>βασιλιιας</span> 
     </span>
    </p>
   </div>
   <div class='ocr_carea' id='block_1_84' title="bbox 2238 4131 3830 4204">
    <p class='ocr_par' dir='ltr' id='par_1_84' title="bbox 2238 4131 3830 4204">
     <span class='ocr_line' id='line_1_84' title="bbox 2238 4131 3830 4204; baseline -0.003 -15"><span class='ocrx_word' id='word_1_566' title='bbox 2238 4136 2497 4202; x_wconf 75' lang='grc' dir='ltr'>ἐπάξιονο</span> <span class='ocrx_word' id='word_1_567' title='bbox 2550 4136 2647 4190; x_wconf 74' lang='grc' dir='ltr'>καὶ</span> <span class='ocrx_word' id='word_1_568' title='bbox 2684 4135 2746 4188; x_wconf 88' lang='grc' dir='ltr'><strong>οὐ</strong></span> <span class='ocrx_word' id='word_1_569' title='bbox 2795 4133 2971 4188; x_wconf 77' lang='grc' dir='ltr'>ταῦτα</span> <span class='ocrx_word' id='word_1_570' title='bbox 3021 4133 3172 4204; x_wconf 88' lang='grc' dir='ltr'>βοαῖς</span> <span class='ocrx_word' id='word_1_571' title='bbox 3213 4131 3455 4202; x_wconf 80' lang='grc' dir='ltr'>ὲφώνουν</span> <span class='ocrx_word' id='word_1_572' title='bbox 3504 4131 3700 4202; x_wconf 89' lang='grc' dir='ltr'>μόνον,</span> <span class='ocrx_word' id='word_1_573' title='bbox 3747 4134 3830 4196; x_wconf 85' lang='grc' dir='ltr'>εἰς</span> 
     </span>
    </p>
   </div>
   <div class='ocr_carea' id='block_1_85' title="bbox 2237 4217 3832 4301">
    <p class='ocr_par' dir='ltr' id='par_1_85' title="bbox 2237 4217 3832 4301">
     <span class='ocr_line' id='line_1_85' title="bbox 2237 4217 3832 4301; baseline -0.006 -17"><span class='ocrx_word' id='word_1_574' title='bbox 2237 4228 2373 4301; x_wconf 78' lang='grc' dir='ltr'>ἔργα</span> <span class='ocrx_word' id='word_1_575' title='bbox 2391 4229 2448 4283; x_wconf 85' lang='grc' dir='ltr'>δὲ</span> <span class='ocrx_word' id='word_1_576' title='bbox 2469 4226 2792 4300; x_wconf 79' lang='grc' dir='ltr'>χωροῦντες,</span> <span class='ocrx_word' id='word_1_577' title='bbox 2817 4225 3024 4289; x_wconf 83' lang='grc' dir='ltr'>εἰκόνος</span> <span class='ocrx_word' id='word_1_578' title='bbox 3041 4223 3386 4295; x_wconf 78' lang='grc' dir='ltr'>ἀναθήμασιν</span> <span class='ocrx_word' id='word_1_579' title='bbox 3405 4217 3495 4276; x_wconf 73' lang='grc' dir='ltr'>οἶά</span> <span class='ocrx_word' id='word_1_580' title='bbox 3516 4239 3623 4291; x_wconf 89' lang='grc' dir='ltr'><strong>περ</strong></span> <span class='ocrx_word' id='word_1_581' title='bbox 3650 4221 3832 4287; x_wconf 81' lang='grc' dir='ltr'>ζῶντα.</span> 
     </span>
    </p>
   </div>
   <div class='ocr_carea' id='block_1_86' title="bbox 2237 4313 3830 4392">
    <p class='ocr_par' dir='ltr' id='par_1_86' title="bbox 2237 4313 3830 4392">
     <span class='ocr_line' id='line_1_86' title="bbox 2237 4313 3830 4392; baseline -0.006 -17"><span class='ocrx_word' id='word_1_582' title='bbox 2237 4323 2331 4375; x_wconf 75' lang='grc' dir='ltr'><strong>καὶ</strong></span> <span class='ocrx_word' id='word_1_583' title='bbox 2361 4320 2667 4392; x_wconf 77' lang='grc' dir='ltr'>τεθνηκότα</span> <span class='ocrx_word' id='word_1_584' title='bbox 2713 4317 2878 4372; x_wconf 82' lang='grc' dir='ltr'>αὐτὸν</span> <span class='ocrx_word' id='word_1_585' title='bbox 2927 4317 3161 4388; x_wconf 80' lang='grc' dir='ltr'>ἐτίμων,</span> <span class='ocrx_word' id='word_1_586' title='bbox 3210 4314 3441 4387; x_wconf 79' lang='grc' dir='ltr'>οὐρανοῦ</span> <span class='ocrx_word' id='word_1_587' title='bbox 3491 4314 3589 4384; x_wconf 77' lang='grc' dir='ltr'><strong>μὲν</strong></span> <span class='ocrx_word' id='word_1_588' title='bbox 3637 4313 3830 4384; x_wconf 84' lang='grc' dir='ltr'>σχῆμα</span> 
     </span>
    </p>
   </div>
   <div class='ocr_carea' id='block_1_87' title="bbox 2235 4403 3828 4482">
    <p class='ocr_par' dir='ltr' id='par_1_87' title="bbox 2235 4403 3828 4482">
     <span class='ocr_line' id='line_1_87' title="bbox 2235 4403 3828 4482; baseline -0.005 -16"><span class='ocrx_word' id='word_1_589' title='bbox 2235 4411 2671 4474; x_wconf 82' lang='grc' dir='ltr'>διατυπώσαντες</span> <span class='ocrx_word' id='word_1_590' title='bbox 2713 4412 2772 4465; x_wconf 85' lang='grc' dir='ltr'>ὲν</span> <span class='ocrx_word' id='word_1_591' title='bbox 2813 4408 3119 4482; x_wconf 86' lang='grc' dir='ltr'>χρωμάτων</span> <span class='ocrx_word' id='word_1_592' title='bbox 3165 4409 3390 4479; x_wconf 84' lang='grc' dir='ltr'>γραφῇ,</span> <span class='ocrx_word' id='word_1_593' title='bbox 3434 4405 3575 4477; x_wconf 82' lang='grc' dir='ltr'>ὑπὲρ</span> <span class='ocrx_word' id='word_1_594' title='bbox 3621 4403 3828 4474; x_wconf 68' lang='grc' dir='ltr'>ἀψίδων</span> 
     </span>
    </p>
   </div>
   <div class='ocr_carea' id='block_1_88' title="bbox 556 4493 2140 4585">
    <p class='ocr_par' dir='ltr' id='par_1_88' title="bbox 556 4501 2131 4575">
     <span class='ocr_line' id='line_1_88' title="bbox 556 4501 2131 4575; baseline 0.003 -18"><span class='ocrx_word' id='word_1_595' title='bbox 556 4519 677 4557; x_wconf 79' lang='lat' dir='ltr'><strong>nem</strong></span> <span class='ocrx_word' id='word_1_596' title='bbox 707 4503 1111 4575; x_wconf 84' lang='lat' dir='ltr'><strong>expressissent</strong></span> <span class='ocrx_word' id='word_1_597' title='bbox 1142 4505 1198 4557; x_wconf 86' lang='lat' dir='ltr'><strong>in</strong></span> <span class='ocrx_word' id='word_1_598' title='bbox 1222 4501 1428 4570; x_wconf 85' lang='lat' dir='ltr'><strong>tabula,</strong></span> <span class='ocrx_word' id='word_1_599' title='bbox 1469 4503 1645 4573; x_wconf 89' lang='lat' dir='ltr'><strong>ipsum</strong></span> <span class='ocrx_word' id='word_1_600' title='bbox 1675 4519 1837 4574; x_wconf 87' lang='lat' dir='ltr'><strong>supra</strong></span> <span class='ocrx_word' id='word_1_601' title='bbox 1878 4505 2131 4561; x_wconf 70' lang='lat' dir='ltr'><strong>caelestes</strong></span> 
     </span>
    </p>
   </div>
   <div class='ocr_carea' id='block_1_89' title="bbox 2241 4493 3827 4585">
    <p class='ocr_par' dir='ltr' id='par_1_89' title="bbox 2241 4493 3827 4579">
     <span class='ocr_line' id='line_1_89' title="bbox 2241 4493 3827 4579; baseline -0.007 -20"><span class='ocrx_word' id='word_1_602' title='bbox 2241 4506 2503 4579; x_wconf 81' lang='grc' dir='ltr'>οὐρανίων</span> <span class='ocrx_word' id='word_1_603' title='bbox 2538 4505 2596 4556; x_wconf 79' lang='grc' dir='ltr'>ὲν</span> <span class='ocrx_word' id='word_1_604' title='bbox 2627 4501 2857 4573; x_wconf 81' lang='grc' dir='ltr'>αἰθερίῳ</span> <span class='ocrx_word' id='word_1_605' title='bbox 2886 4500 3135 4571; x_wconf 77' lang='grc' dir='ltr'>διατριϐῇ</span> <span class='ocrx_word' id='word_1_606' title='bbox 3165 4496 3634 4567; x_wconf 85' lang='grc' dir='ltr'>διαναπαυόμενον</span> <span class='ocrx_word' id='word_1_607' title='bbox 3663 4493 3827 4548; x_wconf 80' lang='grc' dir='ltr'>αὐτὸν</span> 
     </span>
    </p>
   </div>
   <div class='ocr_carea' id='block_1_90' title="bbox 554 4592 2129 4665">
    <p class='ocr_par' dir='ltr' id='par_1_90' title="bbox 554 4592 2129 4665">
     <span class='ocr_line' id='line_1_90' title="bbox 554 4592 2129 4665; baseline 0.002 -19"><span class='ocrx_word' id='word_1_608' title='bbox 554 4592 815 4656; x_wconf 69' lang='lat' dir='ltr'><strong>fornices,</strong></span> <span class='ocrx_word' id='word_1_609' title='bbox 850 4593 904 4647; x_wconf 93' lang='lat' dir='ltr'><strong>in</strong></span> <span class='ocrx_word' id='word_1_610' title='bbox 945 4595 1186 4648; x_wconf 70' lang='lat' dir='ltr'><strong>aethereo</strong></span> <span class='ocrx_word' id='word_1_611' title='bbox 1215 4593 1492 4649; x_wconf 88' lang='lat' dir='ltr'><strong>domicilio</strong></span> <span class='ocrx_word' id='word_1_612' title='bbox 1533 4594 1966 4663; x_wconf 90' lang='lat' dir='ltr'><strong>requiescentem</strong></span> <span class='ocrx_word' id='word_1_613' title='bbox 2004 4595 2129 4665; x_wconf 85' lang='lat' dir='ltr'><strong>piu-</strong></span> 
     </span>
    </p>
   </div>
   <div class='ocr_carea' id='block_1_91' title="bbox 556 4683 2128 4755">
    <p class='ocr_par' dir='ltr' id='par_1_91' title="bbox 556 4683 2128 4755">
     <span class='ocr_line' id='line_1_91' title="bbox 556 4683 2128 4755; baseline 0.003 -19"><span class='ocrx_word' id='word_1_614' title='bbox 556 4699 705 4740; x_wconf 80' lang='lat' dir='ltr'><strong>xere.</strong></span> <span class='ocrx_word' id='word_1_615' title='bbox 739 4683 878 4750; x_wconf 86' lang='lat' dir='ltr'><strong>Quin</strong></span> <span class='ocrx_word' id='word_1_616' title='bbox 903 4685 1067 4739; x_wconf 86' lang='lat' dir='ltr'><strong>etiam</strong></span> <span class='ocrx_word' id='word_1_617' title='bbox 1103 4684 1207 4754; x_wconf 87' lang='lat' dir='ltr'><strong>ipsi</strong></span> <span class='ocrx_word' id='word_1_618' title='bbox 1239 4684 1445 4741; x_wconf 88' lang='lat' dir='ltr'><strong>liberos</strong></span> <span class='ocrx_word' id='word_1_619' title='bbox 1484 4683 1621 4752; x_wconf 83' lang='lat' dir='ltr'><strong>ejus,</strong></span> <span class='ocrx_word' id='word_1_620' title='bbox 1652 4686 2014 4755; x_wconf 88' lang='lat' dir='ltr'><strong>imperatores</strong></span> <span class='ocrx_word' id='word_1_621' title='bbox 2042 4697 2128 4741; x_wconf 90' lang='lat' dir='ltr'><strong>at-</strong></span> 
     </span>
    </p>
   </div>
   <div class='ocr_carea' id='block_1_92' title="bbox 551 4776 2126 4846">
    <p class='ocr_par' dir='ltr' id='par_1_92' title="bbox 551 4776 2126 4846">
     <span class='ocr_line' id='line_1_92' title="bbox 551 4776 2126 4846; baseline 0.005 -21"><span class='ocrx_word' id='word_1_622' title='bbox 551 4789 659 4843; x_wconf 88' lang='lat' dir='ltr'><strong>que</strong></span> <span class='ocrx_word' id='word_1_623' title='bbox 683 4776 957 4845; x_wconf 79' lang='lat' dir='ltr'><strong>Augustos</strong></span> <span class='ocrx_word' id='word_1_624' title='bbox 1004 4777 1152 4832; x_wconf 89' lang='lat' dir='ltr'><strong>solos</strong></span> <span class='ocrx_word' id='word_1_625' title='bbox 1202 4777 1323 4831; x_wconf 89' lang='lat' dir='ltr'><strong>sine</strong></span> <span class='ocrx_word' id='word_1_626' title='bbox 1374 4777 1695 4846; x_wconf 84' lang='lat' dir='ltr'><strong>cujusquam</strong></span> <span class='ocrx_word' id='word_1_627' title='bbox 1730 4778 1962 4834; x_wconf 85' lang='lat' dir='ltr'><strong>alterius</strong></span> <span class='ocrx_word' id='word_1_628' title='bbox 1988 4793 2126 4834; x_wconf 87' lang='lat' dir='ltr'><strong>con-</strong></span> 
     </span>
    </p>
   </div>
   <div class='ocr_carea' id='block_1_93' title="bbox 550 4866 2128 4941">
    <p class='ocr_par' dir='ltr' id='par_1_93' title="bbox 550 4866 2128 4941">
     <span class='ocr_line' id='line_1_93' title="bbox 550 4866 2128 4941; baseline 0.002 -19"><span class='ocrx_word' id='word_1_629' title='bbox 550 4866 722 4922; x_wconf 86' lang='lat' dir='ltr'><strong>sortio</strong></span> <span class='ocrx_word' id='word_1_630' title='bbox 753 4869 1139 4936; x_wconf 87' lang='lat' dir='ltr'><strong>nuncupabant</strong></span> <span class='ocrx_word' id='word_1_631' title='bbox 1166 4886 1180 4923; x_wconf 91' lang='lat'>:</span> <span class='ocrx_word' id='word_1_632' title='bbox 1216 4869 1543 4939; x_wconf 78' lang='lat' dir='ltr'><strong>magnisque</strong></span> <span class='ocrx_word' id='word_1_633' title='bbox 1570 4869 1904 4926; x_wconf 90' lang='lat' dir='ltr'><strong>clamoribus</strong></span> <span class='ocrx_word' id='word_1_634' title='bbox 1933 4883 2128 4941; x_wconf 79' lang='lat' dir='ltr'><strong>postu—</strong></span> 
     </span>
    </p>
   </div>
   <div class='ocr_carea' id='block_1_94' title="bbox 551 4956 2128 5029">
    <p class='ocr_par' dir='ltr' id='par_1_94' title="bbox 551 4956 2128 5029">
     <span class='ocr_line' id='line_1_94' title="bbox 551 4956 2128 5029; baseline 0.003 -19"><span class='ocrx_word' id='word_1_635' title='bbox 551 4957 762 5022; x_wconf 81' lang='lat' dir='ltr'><strong>la‘bant,</strong></span> <span class='ocrx_word' id='word_1_636' title='bbox 793 4966 853 5011; x_wconf 92' lang='lat' dir='ltr'><strong>ut</strong></span> <span class='ocrx_word' id='word_1_637' title='bbox 880 4957 1229 5027; x_wconf 86' lang='lat' dir='ltr'><strong>imperatoris</strong></span> <span class='ocrx_word' id='word_1_638' title='bbox 1260 4959 1342 5013; x_wconf 92' lang='lat' dir='ltr'><strong>sui</strong></span> <span class='ocrx_word' id='word_1_639' title='bbox 1372 4956 1539 5013; x_wconf 86' lang='lat' dir='ltr'><strong>funus</strong></span> <span class='ocrx_word' id='word_1_640' title='bbox 1583 4959 1725 5029; x_wconf 87' lang='lat' dir='ltr'><strong>apud</strong></span> <span class='ocrx_word' id='word_1_641' title='bbox 1752 4972 1812 5012; x_wconf 90' lang='lat' dir='ltr'><strong>se</strong></span> <span class='ocrx_word' id='word_1_642' title='bbox 1844 4960 2128 5025; x_wconf 85' lang='lat' dir='ltr'><strong>haberent,</strong></span> 
     </span>
    </p>
   </div>
   <div class='ocr_carea' id='block_1_95' title="bbox 550 5051 1429 5122">
    <p class='ocr_par' dir='ltr' id='par_1_95' title="bbox 550 5051 1429 5122">
     <span class='ocr_line' id='line_1_95' title="bbox 550 5051 1429 5122; baseline 0.005 -16"><span class='ocrx_word' id='word_1_643' title='bbox 550 5063 607 5107; x_wconf 86' lang='lat' dir='ltr'><strong>et</strong></span> <span class='ocrx_word' id='word_1_644' title='bbox 635 5052 690 5107; x_wconf 92' lang='lat' dir='ltr'><strong>in</strong></span> <span class='ocrx_word' id='word_1_645' title='bbox 720 5051 872 5122; x_wconf 81' lang='lat' dir='ltr'><strong>regia</strong></span> <span class='ocrx_word' id='word_1_646' title='bbox 903 5052 1041 5109; x_wconf 87' lang='lat' dir='ltr'><strong>urbe</strong></span> <span class='ocrx_word' id='word_1_647' title='bbox 1074 5054 1429 5122; x_wconf 88' lang='lat' dir='ltr'><strong>deponerent.</strong></span> 
     </span>
    </p>
   </div>
   <div class='ocr_carea' id='block_1_96' title="bbox 1127 5143 1564 5201">
    <p class='ocr_par' dir='ltr' id='par_1_96' title="bbox 1127 5143 1564 5201">
     <span class='ocr_line' id='line_1_96' title="bbox 1127 5143 1564 5201; baseline -0.005 -1"><span class='ocrx_word' id='word_1_648' title='bbox 1127 5144 1359 5201; x_wconf 82' lang='lat' dir='ltr'><strong>CAPUT</strong></span> <span class='ocrx_word' id='word_1_649' title='bbox 1400 5143 1537 5198; x_wconf 81' lang='lat' dir='ltr'><strong>LXX</strong></span> <span class='ocrx_word' id='word_1_650' title='bbox 1549 5183 1564 5199; x_wconf 94' lang='lat'><strong>.</strong></span> 
     </span>
    </p>
   </div>
   <div class='ocr_carea' id='block_1_97' title="bbox 624 5234 2052 5305">
    <p class='ocr_par' dir='ltr' id='par_1_97' title="bbox 624 5234 2052 5305">
     <span class='ocr_line' id='line_1_97' title="bbox 624 5234 2052 5305; baseline -0.001 -15"><span class='ocrx_word' id='word_1_651' title='bbox 624 5235 899 5302; x_wconf 84' lang='lat' dir='ltr'><strong>Quomodo</strong></span> <span class='ocrx_word' id='word_1_652' title='bbox 923 5234 1088 5305; x_wconf 75' lang='lat' dir='ltr'><strong>[unus</strong></span> <span class='ocrx_word' id='word_1_653' title='bbox 1119 5234 1583 5305; x_wconf 79' lang='lat' dir='ltr'><strong>Constantinopoli</strong></span> <span class='ocrx_word' id='word_1_654' title='bbox 1606 5235 1898 5303; x_wconf 75' lang='lat' dir='ltr'><strong>depositum</strong></span> <span class='ocrx_word' id='word_1_655' title='bbox 1929 5238 1998 5291; x_wconf 77' lang='lat' dir='ltr'><strong>sit</strong></span> <span class='ocrx_word' id='word_1_656' title='bbox 2020 5253 2052 5289; x_wconf 89' lang='lat' dir='ltr'><strong>a</strong></span> 
     </span>
    </p>
   </div>
   <div class='ocr_carea' id='block_1_98' title="bbox 1169 5307 1503 5361">
    <p class='ocr_par' dir='ltr' id='par_1_98' title="bbox 1169 5307 1503 5361">
     <span class='ocr_line' id='line_1_98' title="bbox 1169 5307 1503 5361; baseline -0.003 0"><span class='ocrx_word' id='word_1_657' title='bbox 1169 5307 1503 5361; x_wconf 74' lang='lat' dir='ltr'><strong>Constantio.</strong></span> 
     </span>
    </p>
   </div>
   <div class='ocr_carea' id='block_1_99' title="bbox 621 5397 2123 5466">
    <p class='ocr_par' dir='ltr' id='par_1_99' title="bbox 621 5397 2123 5466">
     <span class='ocr_line' id='line_1_99' title="bbox 621 5397 2123 5466; baseline -0.002 -13"><span class='ocrx_word' id='word_1_658' title='bbox 621 5397 779 5453; x_wconf 81' lang='lat' dir='ltr'><strong>Hunc</strong></span> <span class='ocrx_word' id='word_1_659' title='bbox 829 5397 1060 5466; x_wconf 86' lang='lat' dir='ltr'><strong>principi</strong></span> <span class='ocrx_word' id='word_1_660' title='bbox 1108 5413 1139 5452; x_wconf 90' lang='lat' dir='ltr'><strong>a</strong></span> <span class='ocrx_word' id='word_1_661' title='bbox 1190 5398 1302 5453; x_wconf 85' lang='lat' dir='ltr'><strong>Deo</strong></span> <span class='ocrx_word' id='word_1_662' title='bbox 1349 5399 1637 5461; x_wconf 90' lang='lat' dir='ltr'><strong>honorato,</strong></span> <span class='ocrx_word' id='word_1_663' title='bbox 1687 5397 1852 5452; x_wconf 89' lang='lat' dir='ltr'><strong>etiam</strong></span> <span class='ocrx_word' id='word_1_664' title='bbox 1893 5397 2123 5452; x_wconf 78' lang='lat' dir='ltr'><strong>Romani</strong></span> 
     </span>
    </p>
   </div>
   <div class='ocr_carea' id='block_1_100' title="bbox 549 5489 2124 5560">
    <p class='ocr_par' dir='ltr' id='par_1_100' title="bbox 549 5489 2124 5560">
     <span class='ocr_line' id='line_1_100' title="bbox 549 5489 2124 5560; baseline -0.002 -14"><span class='ocrx_word' id='word_1_665' title='bbox 549 5491 812 5547; x_wconf 89' lang='lat' dir='ltr'><strong>honorem</strong></span> <span class='ocrx_word' id='word_1_666' title='bbox 854 5491 1243 5549; x_wconf 83' lang='lat' dir='ltr'><strong>exhibuerunt.</strong></span> <span class='ocrx_word' id='word_1_667' title='bbox 1274 5493 1346 5547; x_wconf 85' lang='lat' dir='ltr'><strong>At</strong></span> <span class='ocrx_word' id='word_1_668' title='bbox 1371 5493 1650 5547; x_wconf 87' lang='lat' dir='ltr'><strong>secundus</strong></span> <span class='ocrx_word' id='word_1_669' title='bbox 1671 5506 1741 5545; x_wconf 81' lang='lat' dir='ltr'><strong>ex</strong></span> <span class='ocrx_word' id='word_1_670' title='bbox 1771 5489 1896 5545; x_wconf 80' lang='lat' dir='ltr'><strong>ﬁliis</strong></span> <span class='ocrx_word' id='word_1_671' title='bbox 1932 5490 2000 5545; x_wconf 91' lang='lat' dir='ltr'><strong>ad</strong></span> <span class='ocrx_word' id='word_1_672' title='bbox 2029 5505 2124 5560; x_wconf 85' lang='lat' dir='ltr'><strong>pa-</strong></span> 
     </span>
    </p>
   </div>
   <div class='ocr_carea' id='block_1_101' title="bbox 619 5624 2122 5699">
    <p class='ocr_par' dir='ltr' id='par_1_101' title="bbox 619 5624 2122 5699">
     <span class='ocr_line' id='line_1_101' title="bbox 619 5624 2122 5699; baseline -0.003 -17"><span class='ocrx_word' id='word_1_673' title='bbox 619 5626 732 5699; x_wconf 86' lang='lat' dir='ltr'><strong>(7I)</strong></span> <span class='ocrx_word' id='word_1_674' title='bbox 776 5626 847 5683; x_wconf 86' lang='grc' dir='ltr'><em>Τὸ</em></span> <span class='ocrx_word' id='word_1_675' title='bbox 887 5624 1120 5699; x_wconf 51' lang='lat' dir='ltr'><strong>amiare;-</strong></span> <span class='ocrx_word' id='word_1_676' title='bbox 1152 5626 1259 5683; x_wconf 83' lang='grc' dir='ltr'>τοῦ</span> <span class='ocrx_word' id='word_1_677' title='bbox 1287 5642 1462 5697; x_wconf 73' lang='grc' dir='ltr'><strong>σφων</strong></span> <span class='ocrx_word' id='word_1_678' title='bbox 1484 5626 1809 5699; x_wconf 59' lang='grc' dir='ltr'>βασιλέως.</span> <span class='ocrx_word' id='word_1_679' title='bbox 1849 5626 1996 5699; x_wconf 84' lang='lat' dir='ltr'><strong>Idem</strong></span> <span class='ocrx_word' id='word_1_680' title='bbox 2042 5634 2122 5679; x_wconf 87' lang='lat' dir='ltr'><strong>te—</strong></span> 
     </span>
    </p>
   </div>
   <div class='ocr_carea' id='block_1_102' title="bbox 549 5695 2117 5754">
    <p class='ocr_par' dir='ltr' id='par_1_102' title="bbox 549 5695 2117 5754">
     <span class='ocr_line' id='line_1_102' title="bbox 549 5695 2117 5754; baseline -0.003 -1"><span class='ocrx_word' id='word_1_681' title='bbox 549 5695 726 5753; x_wconf 72' lang='lat' dir='ltr'><strong>statur</strong></span> <span class='ocrx_word' id='word_1_682' title='bbox 753 5699 1004 5753; x_wconf 81' lang='lat' dir='ltr'><strong>Aurelius</strong></span> <span class='ocrx_word' id='word_1_683' title='bbox 1039 5697 1222 5753; x_wconf 84' lang='lat' dir='ltr'><strong>Victor</strong></span> <span class='ocrx_word' id='word_1_684' title='bbox 1254 5695 1346 5754; x_wconf 83' lang='lat' dir='ltr'><strong>his</strong></span> <span class='ocrx_word' id='word_1_685' title='bbox 1367 5699 1548 5753; x_wconf 80' lang='lat' dir='ltr'><strong>verbis</strong></span> <span class='ocrx_word' id='word_1_686' title='bbox 1575 5738 1589 5753; x_wconf 96' lang='lat'><strong>.</strong></span> <span class='ocrx_word' id='word_1_687' title='bbox 1624 5718 1643 5749; x_wconf 75' lang='grc' dir='ltr'><strong>ι</strong></span> <span class='ocrx_word' id='word_1_688' title='bbox 1674 5696 1859 5752; x_wconf 86' lang='lat' dir='ltr'><strong>Funus</strong></span> <span class='ocrx_word' id='word_1_689' title='bbox 1890 5695 2117 5752; x_wconf 86' lang='lat' dir='ltr'><strong>relatum</strong></span> 
     </span>
    </p>
   </div>
   <div class='ocr_carea' id='block_1_103' title="bbox 553 5767 2117 5848">
    <p class='ocr_par' dir='ltr' id='par_1_103' title="bbox 553 5767 2117 5848">
     <span class='ocr_line' id='line_1_103' title="bbox 553 5767 2117 5848; baseline 0 -27"><span class='ocrx_word' id='word_1_690' title='bbox 553 5770 607 5821; x_wconf 90' lang='lat' dir='ltr'><strong>iu</strong></span> <span class='ocrx_word' id='word_1_691' title='bbox 638 5768 823 5848; x_wconf 76' lang='lat' dir='ltr'><strong>urbem</strong></span> <span class='ocrx_word' id='word_1_692' title='bbox 850 5770 1213 5848; x_wconf 72' lang='lat' dir='ltr'><strong>sui_it0tiiin_is.</strong></span> <span class='ocrx_word' id='word_1_693' title='bbox 1238 5769 1390 5848; x_wconf 79' lang='lat' dir='ltr'><strong>Quod</strong></span> <span class='ocrx_word' id='word_1_694' title='bbox 1424 5783 1556 5823; x_wconf 83' lang='lat' dir='ltr'><strong>sane</strong></span> <span class='ocrx_word' id='word_1_695' title='bbox 1582 5767 2117 5848; x_wconf 28' lang='lat' dir='ltr'><strong>populosolloman-us</strong></span> 
     </span>
    </p>
   </div>
   <div class='ocr_carea' id='block_1_104' title="bbox 2236 4587 3828 4670">
    <p class='ocr_par' dir='ltr' id='par_1_104' title="bbox 2236 4587 3828 4670">
     <span class='ocr_line' id='line_1_104' title="bbox 2236 4587 3828 4670; baseline -0.007 -19"><span class='ocrx_word' id='word_1_696' title='bbox 2236 4601 2302 4669; x_wconf 84' lang='grc' dir='ltr'>τῇ</span> <span class='ocrx_word' id='word_1_697' title='bbox 2343 4598 2527 4670; x_wconf 83' lang='grc' dir='ltr'>γραφῇ</span> <span class='ocrx_word' id='word_1_698' title='bbox 2570 4595 2993 4666; x_wconf 84' lang='grc' dir='ltr'>παραδιδόντες·</span> <span class='ocrx_word' id='word_1_699' title='bbox 3036 4592 3163 4655; x_wconf 85' lang='grc' dir='ltr'>τοὺς</span> <span class='ocrx_word' id='word_1_700' title='bbox 3205 4591 3251 4644; x_wconf 87' lang='grc' dir='ltr'>δ’</span> <span class='ocrx_word' id='word_1_701' title='bbox 3290 4589 3458 4644; x_wconf 80' lang='grc' dir='ltr'>αὐτοῦ</span> <span class='ocrx_word' id='word_1_702' title='bbox 3502 4588 3696 4651; x_wconf 83' lang='grc' dir='ltr'>παῖδας</span> <span class='ocrx_word' id='word_1_703' title='bbox 3730 4587 3828 4641; x_wconf 75' lang='grc' dir='ltr'><strong>καὶ</strong></span> 
     </span>
    </p>
   </div>
   <div class='ocr_carea' id='block_1_105' title="bbox 2235 4681 3828 4761">
    <p class='ocr_par' dir='ltr' id='par_1_105' title="bbox 2235 4681 3828 4761">
     <span class='ocr_line' id='line_1_105' title="bbox 2235 4681 3828 4761; baseline -0.006 -19"><span class='ocrx_word' id='word_1_704' title='bbox 2235 4685 2378 4745; x_wconf 72' lang='grc' dir='ltr'>οὗτοι</span> <span class='ocrx_word' id='word_1_705' title='bbox 2429 4689 2620 4761; x_wconf 81' lang='grc' dir='ltr'>μόνους</span> <span class='ocrx_word' id='word_1_706' title='bbox 2648 4686 2742 4741; x_wconf 70' lang='grc' dir='ltr'><strong>καὶ</strong></span> <span class='ocrx_word' id='word_1_707' title='bbox 2772 4684 2882 4740; x_wconf 79' lang='grc' dir='ltr'>οὐδ’</span> <span class='ocrx_word' id='word_1_708' title='bbox 2912 4684 3123 4748; x_wconf 82' lang='grc' dir='ltr'>ἄλλους,</span> <span class='ocrx_word' id='word_1_709' title='bbox 3158 4683 3565 4753; x_wconf 87' lang='grc' dir='ltr'>αὐτοκράτορας</span> <span class='ocrx_word' id='word_1_710' title='bbox 3603 4682 3700 4734; x_wconf 72' lang='grc' dir='ltr'><strong>καὶ</strong></span> <span class='ocrx_word' id='word_1_711' title='bbox 3728 4681 3828 4733; x_wconf 82' lang='grc' dir='ltr'><strong>Σε-</strong></span> 
     </span>
    </p>
   </div>
   <div class='ocr_carea' id='block_1_106' title="bbox 2237 4770 3820 4846">
    <p class='ocr_par' dir='ltr' id='par_1_106' title="bbox 2237 4770 3820 4846">
     <span class='ocr_line' id='line_1_106' title="bbox 2237 4770 3820 4846; baseline -0.006 -14"><span class='ocrx_word' id='word_1_712' title='bbox 2237 4780 2468 4843; x_wconf 72' lang='grc' dir='ltr'>ϐας-τοὺς</span> <span class='ocrx_word' id='word_1_713' title='bbox 2514 4778 2809 4833; x_wconf 80' lang='grc' dir='ltr'>ἀνεκάλουν</span> <span class='ocrx_word' id='word_1_714' title='bbox 2834 4816 2848 4840; x_wconf 87' lang='grc'><strong>,</strong></span> <span class='ocrx_word' id='word_1_715' title='bbox 2907 4774 3058 4846; x_wconf 86' lang='grc' dir='ltr'>βοαῖς</span> <span class='ocrx_word' id='word_1_716' title='bbox 3107 4775 3157 4826; x_wconf 88' lang='grc' dir='ltr'>τ’</span> <span class='ocrx_word' id='word_1_717' title='bbox 3210 4772 3451 4844; x_wconf 73' lang='grc' dir='ltr'>ἐχρῶντο</span> <span class='ocrx_word' id='word_1_718' title='bbox 3505 4770 3820 4841; x_wconf 83' lang='grc' dir='ltr'>ἱκετηρίοις,</span> 
     </span>
    </p>
   </div>
   <div class='ocr_carea' id='block_1_107' title="bbox 2234 4863 3825 4943">
    <p class='ocr_par' dir='ltr' id='par_1_107' title="bbox 2234 4863 3825 4943">
     <span class='ocr_line' id='line_1_107' title="bbox 2234 4863 3825 4943; baseline -0.008 -17"><span class='ocrx_word' id='word_1_719' title='bbox 2234 4874 2296 4927; x_wconf 86' lang='grc' dir='ltr'><strong>τὸ</strong></span> <span class='ocrx_word' id='word_1_720' title='bbox 2332 4873 2527 4943; x_wconf 80' lang='grc' dir='ltr'>σκῆνος</span> <span class='ocrx_word' id='word_1_721' title='bbox 2567 4871 2661 4925; x_wconf 80' lang='grc' dir='ltr'>τοῦ</span> <span class='ocrx_word' id='word_1_722' title='bbox 2695 4885 2844 4939; x_wconf 72' lang='grc' dir='ltr'>σφων</span> <span class='ocrx_word' id='word_1_723' title='bbox 2882 4867 3146 4936; x_wconf 80' lang='grc' dir='ltr'>βασιλέως</span> <span class='ocrx_word' id='word_1_724' title='bbox 3186 4865 3302 4937; x_wconf 80' lang='lat' dir='ltr'><strong>(7i)</strong></span> <span class='ocrx_word' id='word_1_725' title='bbox 3344 4863 3473 4935; x_wconf 80' lang='grc' dir='ltr'>παρ’</span> <span class='ocrx_word' id='word_1_726' title='bbox 3503 4864 3688 4925; x_wconf 82' lang='grc' dir='ltr'>αὐτοῖς</span> <span class='ocrx_word' id='word_1_727' title='bbox 3727 4878 3825 4916; x_wconf 82' lang='grc' dir='ltr'>κο-</span> 
     </span>
    </p>
   </div>
   <div class='ocr_carea' id='block_1_108' title="bbox 2237 4952 3825 5035">
    <p class='ocr_par' dir='ltr' id='par_1_108' title="bbox 2237 4952 3825 5035">
     <span class='ocr_line' id='line_1_108' title="bbox 2237 4952 3825 5035; baseline -0.007 -18"><span class='ocrx_word' id='word_1_728' title='bbox 2237 4963 2524 5035; x_wconf 78' lang='grc' dir='ltr'>μίζοντες,</span> <span class='ocrx_word' id='word_1_729' title='bbox 2568 4962 2663 5017; x_wconf 79' lang='grc' dir='ltr'><strong>καὶ</strong></span> <span class='ocrx_word' id='word_1_730' title='bbox 2711 4962 2777 5033; x_wconf 79' lang='grc' dir='ltr'>τῇ</span> <span class='ocrx_word' id='word_1_731' title='bbox 2811 4958 3038 5031; x_wconf 84' lang='grc' dir='ltr'>βασιλίδι</span> <span class='ocrx_word' id='word_1_732' title='bbox 3079 4957 3230 5011; x_wconf 84' lang='grc' dir='ltr'>πόλει</span> <span class='ocrx_word' id='word_1_733' title='bbox 3272 4952 3660 5010; x_wconf 85' lang='grc' dir='ltr'>κατατίθεσθαι</span> <span class='ocrx_word' id='word_1_734' title='bbox 3690 4971 3825 5007; x_wconf 86' lang='grc' dir='ltr'>ποτ-</span> 
     </span>
    </p>
   </div>
   <div class='ocr_carea' id='block_1_109' title="bbox 2234 5055 2511 5126">
    <p class='ocr_par' dir='ltr' id='par_1_109' title="bbox 2234 5055 2511 5126">
     <span class='ocr_line' id='line_1_109' title="bbox 2234 5055 2511 5126; baseline -0.007 -16"><span class='ocrx_word' id='word_1_735' title='bbox 2234 5055 2511 5126; x_wconf 83' lang='grc' dir='ltr'>νιὼμενοι.</span> 
     </span>
    </p>
   </div>
   <div class='ocr_carea' id='block_1_110' title="bbox 2772 5140 3276 5195">
    <p class='ocr_par' dir='ltr' id='par_1_110' title="bbox 2772 5140 3276 5195">
     <span class='ocr_line' id='line_1_110' title="bbox 2772 5140 3276 5195; baseline -0.006 0"><span class='ocrx_word' id='word_1_736' title='bbox 2772 5140 3167 5195; x_wconf 79' lang='grc' dir='ltr'><strong>ΚΕΦΑΛΑΙΟΝ</strong></span> <span class='ocrx_word' id='word_1_737' title='bbox 3200 5140 3276 5193; x_wconf 86' lang='lat'><strong>0&#39;.</strong></span> 
     </span>
    </p>
   </div>
   <div class='ocr_carea' id='block_1_111' title="bbox 2234 5228 3821 5301">
    <p class='ocr_par' dir='ltr' id='par_1_111' title="bbox 2234 5228 3821 5301">
     <span class='ocr_line' id='line_1_111' title="bbox 2234 5228 3821 5301; baseline -0.005 -10"><span class='ocrx_word' id='word_1_738' title='bbox 2234 5235 2566 5301; x_wconf 79' lang='grc' dir='ltr'>Κατάθεσις</span> <span class='ocrx_word' id='word_1_739' title='bbox 2621 5231 2730 5288; x_wconf 82' lang='grc' dir='ltr'>τοῦ</span> <span class='ocrx_word' id='word_1_740' title='bbox 2786 5231 3179 5301; x_wconf 56' lang='grc' dir='ltr'>σκηνώματπ</span> <span class='ocrx_word' id='word_1_741' title='bbox 3230 5228 3350 5283; x_wconf 82' lang='grc' dir='ltr'><strong>ὑπὸ</strong></span> <span class='ocrx_word' id='word_1_742' title='bbox 3394 5229 3821 5284; x_wconf 73' lang='grc' dir='ltr'>Κωνσταντίου</span> 
     </span>
    </p>
   </div>
   <div class='ocr_carea' id='block_1_112' title="bbox 2522 5301 3529 5371">
    <p class='ocr_par' dir='ltr' id='par_1_112' title="bbox 2522 5301 3529 5371">
     <span class='ocr_line' id='line_1_112' title="bbox 2522 5301 3529 5371; baseline -0.006 -13"><span class='ocrx_word' id='word_1_743' title='bbox 2522 5305 2736 5371; x_wconf 79' lang='grc' dir='ltr'>παιδὸς</span> <span class='ocrx_word' id='word_1_744' title='bbox 2761 5303 2832 5358; x_wconf 76' lang='grc' dir='ltr'><strong>ἐν</strong></span> <span class='ocrx_word' id='word_1_745' title='bbox 2871 5301 3529 5357; x_wconf 77' lang='grc' dir='ltr'>Κωνσταντινουπόλει.</span> 
     </span>
    </p>
   </div>
   <div class='ocr_carea' id='block_1_113' title="bbox 2313 5386 3820 5464">
    <p class='ocr_par' dir='ltr' id='par_1_113' title="bbox 2313 5386 3820 5464">
     <span class='ocr_line' id='line_1_113' title="bbox 2313 5386 3820 5464; baseline -0.009 -13"><span class='ocrx_word' id='word_1_746' title='bbox 2313 5396 2474 5451; x_wconf 76' lang='grc' dir='ltr'>Ἀλλὰ</span> <span class='ocrx_word' id='word_1_747' title='bbox 2503 5397 2600 5451; x_wconf 68' lang='grc' dir='ltr'><strong>καὶ</strong></span> <span class='ocrx_word' id='word_1_748' title='bbox 2641 5394 2749 5448; x_wconf 81' lang='grc' dir='ltr'>οἵδε</span> <span class='ocrx_word' id='word_1_749' title='bbox 2796 5392 2971 5464; x_wconf 81' lang='grc' dir='ltr'>ταύτῃ</span> <span class='ocrx_word' id='word_1_750' title='bbox 3019 5392 3110 5445; x_wconf 77' lang='grc' dir='ltr'><strong>τὸν</strong></span> <span class='ocrx_word' id='word_1_751' title='bbox 3155 5389 3308 5463; x_wconf 85' lang='grc' dir='ltr'>παρὰ</span> <span class='ocrx_word' id='word_1_752' title='bbox 3350 5388 3469 5461; x_wconf 85' lang='grc' dir='ltr'><strong>Θεῷ</strong></span> <span class='ocrx_word' id='word_1_753' title='bbox 3509 5386 3820 5458; x_wconf 85' lang='grc' dir='ltr'>τιμώμενον</span> 
     </span>
    </p>
   </div>
   <div class='ocr_carea' id='block_1_114' title="bbox 2229 5473 3819 5558">
    <p class='ocr_par' dir='ltr' id='par_1_114' title="bbox 2229 5473 3819 5558">
     <span class='ocr_line' id='line_1_114' title="bbox 2229 5473 3819 5558; baseline -0.009 -16"><span class='ocrx_word' id='word_1_754' title='bbox 2229 5487 2496 5558; x_wconf 79' lang='grc' dir='ltr'>ἐκόσμουν</span> <span class='ocrx_word' id='word_1_755' title='bbox 2522 5502 2536 5515; x_wconf 92' lang='grc'><strong>·</strong></span> <span class='ocrx_word' id='word_1_756' title='bbox 2580 5487 2610 5538; x_wconf 91' lang='grc' dir='ltr'>ὁ</span> <span class='ocrx_word' id='word_1_757' title='bbox 2640 5483 2700 5538; x_wconf 80' lang='grc' dir='ltr'>δὲ</span> <span class='ocrx_word' id='word_1_758' title='bbox 2742 5481 2852 5536; x_wconf 83' lang='grc' dir='ltr'>τῶν</span> <span class='ocrx_word' id='word_1_759' title='bbox 2897 5481 3104 5535; x_wconf 82' lang='grc' dir='ltr'>παίδων</span> <span class='ocrx_word' id='word_1_760' title='bbox 3146 5479 3400 5550; x_wconf 84' lang='grc' dir='ltr'>δεύτερος</span> <span class='ocrx_word' id='word_1_761' title='bbox 3446 5476 3561 5543; x_wconf 76' lang='grc'><strong>(72)</strong></span> <span class='ocrx_word' id='word_1_762' title='bbox 3603 5476 3683 5549; x_wconf 84' lang='grc' dir='ltr'>τῷ</span> <span class='ocrx_word' id='word_1_763' title='bbox 3720 5473 3819 5529; x_wconf 78' lang='grc' dir='ltr'>τοῦ</span> 
     </span>
    </p>
   </div>
   <div class='ocr_carea' id='block_1_115' title="bbox 2228 5617 3823 5689">
    <p class='ocr_par' dir='ltr' id='par_1_115' title="bbox 2228 5617 3823 5689">
     <span class='ocr_line' id='line_1_115' title="bbox 2228 5617 3823 5689; baseline -0.008 -9"><span class='ocrx_word' id='word_1_764' title='bbox 2228 5625 2393 5680; x_wconf 90' lang='lat' dir='ltr'><strong>menti</strong></span> <span class='ocrx_word' id='word_1_765' title='bbox 2426 5622 2657 5688; x_wconf 90' lang='lat' dir='ltr'><strong>imperio</strong></span> <span class='ocrx_word' id='word_1_766' title='bbox 2688 5619 2843 5689; x_wconf 86' lang='lat' dir='ltr'><strong>quasi</strong></span> <span class='ocrx_word' id='word_1_767' title='bbox 2878 5628 3127 5673; x_wconf 80' lang='lat' dir='ltr'><strong>novatam</strong></span> <span class='ocrx_word' id='word_1_768' title='bbox 3166 5620 3355 5674; x_wconf 90' lang='lat' dir='ltr'><strong>urbem</strong></span> <span class='ocrx_word' id='word_1_769' title='bbox 3387 5617 3690 5672; x_wconf 78' lang='lat' dir='ltr'><strong>Romanam</strong></span> <span class='ocrx_word' id='word_1_770' title='bbox 3726 5629 3823 5668; x_wconf 83' lang='lat' dir='ltr'><strong>ar-</strong></span> 
     </span>
    </p>
   </div>
   <div class='ocr_carea' id='block_1_116' title="bbox 2226 5698 3820 5835">
    <p class='ocr_par' dir='ltr' id='par_1_116' title="bbox 2226 5698 3820 5835">
     <span class='ocr_line' id='line_1_116' title="bbox 2226 5698 3820 5835; baseline -0.015 -3"><span class='ocrx_word' id='word_1_771' title='bbox 2226 5698 2621 5835; x_wconf 42' lang='lat' dir='ltr'><strong>bIlIQaQIICI:3-&#39;6.é</strong></span> <span class='ocrx_word' id='word_1_772' title='bbox 2666 5760 2785 5815; x_wconf 77' lang='grc' dir='ltr'><strong>τῶν</strong></span> <span class='ocrx_word' id='word_1_773' title='bbox 2839 5758 3071 5835; x_wconf 53' lang='grc' dir='ltr'>παίδων</span> <span class='ocrx_word' id='word_1_774' title='bbox 3111 5759 3412 5835; x_wconf 60' lang='grc' dir='ltr'>δεύτερος.</span> <span class='ocrx_word' id='word_1_775' title='bbox 3461 5754 3820 5835; x_wconf 69' lang='lat' dir='ltr'><strong>Constantius</strong></span> 
     </span>
    </p>
   </div>
   <div class='ocr_carea' id='block_1_117' title="bbox 552 5825 3819 5913">
    <p class='ocr_par' dir='ltr' id='par_1_117' title="bbox 552 5825 3819 5913">
     <span class='ocr_line' id='line_1_117' title="bbox 552 5825 3819 5913; baseline -0.004 -23"><span class='ocrx_word' id='word_1_776' title='bbox 552 5838 832 5903; x_wconf 77' lang='lat' dir='ltr'><strong>aegerrime</strong></span> <span class='ocrx_word' id='word_1_777' title='bbox 862 5838 981 5894; x_wconf 88' lang='lat' dir='ltr'><strong>tulit</strong></span> <span class='ocrx_word' id='word_1_778' title='bbox 1015 5859 1027 5895; x_wconf 88' lang='lat'><strong>:</strong></span> <span class='ocrx_word' id='word_1_779' title='bbox 1067 5825 1285 5913; x_wconf 68' lang='lat' dir='ltr'><strong>quippe~</strong></span> <span class='ocrx_word' id='word_1_780' title='bbox 1303 5838 1461 5908; x_wconf 84' lang='lat' dir='ltr'><strong>cujus</strong></span> <span class='ocrx_word' id='word_1_781' title='bbox 1498 5825 1689 5906; x_wconf 69' lang='lat' dir='ltr'><strong>armis,</strong></span> <span class='ocrx_word' id='word_1_782' title='bbox 1734 5836 1965 5908; x_wconf 74' lang='lat' dir='ltr'><strong>legibus,</strong></span> <span class='ocrx_word' id='word_1_783' title='bbox 2003 5836 2116 5893; x_wconf 85' lang='lat' dir='ltr'><strong>cle-</strong></span> <span class='ocrx_word' id='word_1_784' title='bbox 2222 5825 2426 5901; x_wconf 63' lang='lat' dir='ltr'><strong>Caisar,</strong></span> <span class='ocrx_word' id='word_1_785' title='bbox 2465 5848 2626 5903; x_wconf 88' lang='lat' dir='ltr'><strong>quem</strong></span> <span class='ocrx_word' id='word_1_786' title='bbox 2659 5843 2810 5904; x_wconf 85' lang='lat' dir='ltr'><strong>pater</strong></span> <span class='ocrx_word' id='word_1_787' title='bbox 2844 5830 3053 5887; x_wconf 86' lang='lat' dir='ltr'><strong>Orienti</strong></span> <span class='ocrx_word' id='word_1_788' title='bbox 3096 5825 3449 5902; x_wconf 72' lang='lat' dir='ltr'><strong>praefecerat,</strong></span> <span class='ocrx_word' id='word_1_789' title='bbox 3494 5825 3681 5882; x_wconf 84' lang='lat' dir='ltr'><strong>audita</strong></span> <span class='ocrx_word' id='word_1_790' title='bbox 3717 5838 3819 5895; x_wconf 83' lang='lat' dir='ltr'><strong>pa-</strong></span> 
     </span>
    </p>
   </div>
  </div>
