4176 6400
461 310 601 368 l22'!

1175 307 1447 367 EUSEBﬂ
1485 302 1966 364 CESARIENSIS
2041 305 2195 363 OPP.
2228 303 2422 361 PARS
2452 306 2502 362 1.
2541 335 2615 350 -
2650 304 3047 363 HISTORICA.

3492 382 3507 392 I
3596 309 3738 363 ms

458 434 843 492 communione
894 433 1059 504 potiri
1112 443 1420 490 mereretur
1464 452 1480 489 :
1532 434 1651 505 ipse
1697 448 1829 489 vero
1870 432 2029 488 etiam

2142 430 2319 502 εὐχῶν
2339 446 2353 460 ⁸
2386 431 2549 495 αὐτὸς
2579 430 2635 483 δὲ
2664 430 2764 501 τῆς
2795 429 3074 501 βασιλείας
3108 428 3222 499 (77)
3249 428 3345 482 καὶ
3397 427 3538 500 μετὰ
3572 427 3738 482 θάνα-

455 539 581 598 post
635 535 866 583 mortem
921 525 1212 597 imperium
1250 526 1519 593 retinens,
1560 526 1720 595 quasi
1760 526 2029 581 redivivus

2147 540 2242 577 τον
2293 523 2715 595 ἐπειλημμένος,
2762 522 2953 595 ῶσπερ
2990 518 3083 576 οὖν
3127 521 3185 588 ἐξ
3236 520 3588 583 άναϐιώσεως
3635 520 3736 593 τὴν

455 620 773 675 universum
807 617 997 673 orbem
1029 616 1363 685 gubernans,
1391 616 1589 672 Victor
1627 615 1899 671 Maximus
1931 616 2041 668 Au-

455 718 673 780 gustus,
706 722 805 765 suo
844 706 1024 763 adhuc
1059 706 1284 761 nomine
1318 708 1717 778 rempublicam
1749 719 1985 778 regeret.

936 884 1216 943 CAPUT
1278 886 1545 942 LXXII.

999 978 1074 1035 De
1113 980 1342 1047 phaenice
1379 997 1491 1035 ave.

524 1073 643 1129 Non
701 1071 1164 1143 quemadmodum
1235 1074 1352 1129 avis
1431 1073 1525 1128 illa
1581 1070 1869 1143 Egyptia,
1917 1085 2039 1140 qum

450 1180 577 1221 cum
623 1166 740 1236 ejus
771 1167 992 1235 generis
1027 1168 1187 1221 unica
1237 1166 1331 1231 sit,
1381 1179 1547 1235 super
1595 1171 1904 1219 aromatum
1942 1177 2037 1216 cu-

2150 614 2445 685 σύμπασαν
2474 615 2649 687 ἀρχὴν
2677 615 2916 680 διοικῶν,
2943 614 3209 685 Νικητὴς,
3236 614 3531 681 Μέγιστος,
3558 612 3733 666 Σεϐα-

2150 708 2272 772 στὸς
2303 708 2416 780 (78)
2451 707 2600 780 αὐτῷ
2626 713 2976 780 προσρήματι
2998 708 3096 779 τῆς
3128 707 3414 776 Ῥωμαίων
3436 706 3735 777 ἡγεμονίας

2147 802 2371 874 ἐκράτει
2391 801 2526 872 (79).

2655 895 3054 949 ΚΕΦΑΛΑΙΟΝ
3093 891 3210 948 OB'.

2580 988 2716 1055 Περὶ
2747 988 3021 1056 φοίνικος
3053 987 3284 1056 ὀρνέου.

2214 1082 2289 1136 Οὐ
2327 1080 2469 1135 κατὰ
2497 1080 2588 1135 τὸν
2619 1079 2899 1149 Αἰγύπτου
2921 1080 3090 1152 ὄρνιν,
3118 1079 3177 1132 ὃν
3205 1079 3269 1150 δή
3295 1094 3427 1147 φασι
3465 1077 3729 1149 μονογενῆ

2142 1172 2270 1225 ὅντα
2296 1173 2396 1243 τὴν
2425 1171 2609 1242 φύσιν,
2633 1170 2889 1241 θνήσκειν
2927 1171 3026 1242 μὲν
3052 1171 3139 1223 ἐπ’
3173 1169 3482 1241 ἀρωμάτων
3503 1208 3517 1233 ,
3566 1168 3729 1222 αὑτὸν

453 1260 602 1314 mulo
627 1259 801 1314 emori
834 1261 1061 1324 dicitur,
1081 1260 1316 1329 seipsam
1352 1260 1510 1328 quasi
1540 1258 1823 1312 victimam
1848 1257 2029 1310 immo-

2143 1264 2292 1336 αὐτῷ
2333 1265 2434 1337 τὴν
2477 1263 2733 1335 τελευτὴν
2769 1259 3554 1335 θυηπολοῦντα,άνα6ιώσκειν
3594 1261 3639 1313 δ’
3669 1260 3729 1324 ἐξ

450 1352 610 1407 lans:
642 1367 879 1421 moxque
911 1366 977 1405 ex
1014 1350 1149 1420 ipsis
1186 1348 1383 1405 favillis
1437 1348 1677 1412 renasci,
1734 1358 1791 1401 et
1836 1344 2035 1415 pennis

450 1444 505 1499 in
545 1444 713 1499 altum
748 1446 1035 1511 subvecta,
1072 1443 1260 1498 eadem
1303 1458 1408 1512 qua
1438 1442 1588 1513 prius
1620 1440 1803 1510 specie
1832 1438 1982 1493 cerni
2016 1455 2030 1491 :

451 1537 545 1592 sed
586 1537 767 1606 potius
794 1535 1045 1605 exemplo
1073 1534 1382 1590 Servatoris
1415 1535 1523 1599 sui,
1582 1533 1676 1602 qui
1724 1534 1898 1586 inetar
1928 1531 2032 1586 tri-

454 1628 548 1683 tici
578 1628 708 1692 sati,
739 1642 805 1681 ex
836 1641 946 1681 uno
976 1628 1187 1682 semine
1238 1626 1291 1680 in
1326 1626 1500 1679 multa
1539 1639 1659 1679 sese
1696 1620 2030 1688 dillundens,

450 1735 555 1789 ope
604 1733 669 1775 ac
722 1719 1107 1775 benedictione
1149 1718 1242 1773 Dei
1292 1719 1503 1788 spicam
1533 1716 1785 1785 protulit,
1822 1717 2030 1770 etuni-

2141 1355 2311 1426 αὐτῆς
2367 1353 2591 1417 σποδιᾶς
2625 1396 2640 1419 ,
2694 1353 2787 1407 καὶ
2841 1352 3159 1407 ἁναπτάντα
3196 1349 3433 1405 τοιοῦτον
3477 1344 3589 1414 οἷος
3632 1350 3728 1403 καὶ

2141 1447 2405 1518 πρότερον
2444 1441 2512 1518 ἦν
2555 1446 2720 1516 φῦναι
2742 1464 2755 1477 ·
2783 1445 2926 1500 κατὰ
2957 1445 3014 1499 δὲ
3046 1446 3139 1498 τὸν
3173 1443 3339 1498 αὑτοῦ
3373 1444 3632 1515 Σωτῆρα,
3667 1444 3728 1509 ὃς

2138 1539 2217 1610 τῷ
2263 1536 2358 1592 τοῦ
2402 1537 2580 1611 πυροῦ
2607 1538 2794 1610 σπόρῳ
2829 1536 3230 1609 παραπλησίως
3252 1534 3369 1589 ἀνθ’
3403 1535 3522 1599 ἐνὸς
3561 1534 3726 1589 πολυο

2140 1631 2589 1702 πλασιαςόμενος,
2623 1631 2719 1683 σὺν
2741 1630 2961 1702 εὐλογίᾳ
2980 1628 3116 1682 Θεοῦ
3138 1631 3368 1700 παρεῖχε
3391 1627 3483 1682 τὸν
3499 1629 3723 1701 στάχυν,

2139 1722 2235 1775 καὶ
2280 1721 2382 1792 τὴν
2436 1720 2730 1792 σύμπασαν
2784 1720 3110 1791 οἰκουμένην
3148 1719 3258 1773 τῶν
3310 1717 3477 1773 αὑτοῦ
3533 1736 3727 1774 κατεν-

449 1825 671 1865 versum
728 1819 1004 1864 terrarum
1062 1810 1250 1865 orbein
1286 1807 1560 1862 fructibus
1600 1808 1714 1861 suis
1764 1805 2029 1877 implevit;

2134 1813 2382 1884 επίμπλα
2401 1812 2655 1885 καρπῶν·
2684 1811 2859 1883 τούτῳ
2878 1807 2968 1866 οὖν
2985 1811 3240 1883 ἐμφερῶς
3255 1812 3283 1864 ὁ
3304 1813 3724 1884 τρισμακάριος,

450 1903 519 1958 ad
560 1901 709 1956 hunc
754 1901 976 1955 modum
1020 1900 1368 1956 beatissimus
1417 1897 1578 1970 563
1632 1899 1885 1967 princeps
1936 1911 2032 1967 per

450 1994 854 2049 successionem
902 1991 1205 2046 liberorum
1262 1990 1544 2059 multiplex
1606 1989 1785 2045 factus
1826 1997 1915 2044 est
1965 2004 2029 2043 ex

450 2097 598 2136 uno:
632 2082 766 2136 adeo
798 2088 857 2134 ut
881 2080 1085 2151 passim
1108 2080 1174 2134 'in
1213 2080 1471 2135 omnibus
1508 2080 1810 2149 provinciis
1839 2078 2032 2150 imagi-

448 2186 547 2227 nes
583 2173 632 2226 ei
659 2172 823 2227 simul
856 2186 979 2227 cum
1048 2170 1176 2227 filiis
1221 2171 1448 2227 honoris
1489 2186 1656 2226 causa
1701 2179 2031 2234 statuantur,

446 2275 506 2321 et
556 2264 826 2320 familiam
873 2278 1073 2319 nomen
1125 2261 1480 2320 Constantini
1535 2263 1701 2318 etiam
1746 2271 1872 2333 post
1913 2262 2034 2333 eius

445 2353 657 2409 obitum
689 2361 1011 2423 usurpetur.

975 2442 1207 2501 CAPUT
1246 2442 1480 2501 LXXIII.

448 2536 725 2604 Quomodo
771 2538 829 2592 in
869 2538 1097 2592 nummis
1155 2537 1571 2592 Constantinum
1614 2538 1754 2592 velut
1816 2538 1874 2592 in
1930 2553 2034 2593 caa-

767 2607 876 2662 lum
918 2608 1282 2663 ascendentem
1325 2609 1700 2675 expresserim.

516 2698 826 2768 Quinetiam
851 2699 1055 2754 nummi
1080 2698 1391 2770 huiusmodi
1421 2698 1601 2754 forma
1631 2699 1835 2770 signati
1867 2707 2030 2754 sunt:

445 2792 726 2872 anteriore
754 2791 976 2862 quidem
1009 2803 1163 2860 parte
1199 2791 1419 2845 beatum
1454 2791 1759 2861 principem
1813 2790 2032 2847 obtecto

446 2884 628 2954 capite
657 2884 1013 2956 prwlerentes
1037 2899 1054 2948 ;
1089 2884 1258 2939 altera
1280 2899 1418 2939 vero
1443 2894 1600 2955 parte
1622 2885 1676 2939 in
1705 2882 2032 2955 quadriiugo

447 2991 614 3031 curru
666 2976 871 3046 auriga:
921 2977 1095 3031 instar
1128 2978 1452 3045 sedentem,
1508 2987 1564 3032 et
1617 2987 1870 3048 porrecta
1925 2977 2029 3048 ipsi

447 3068 664 3126 coalitus
697 3067 891 3124 dextra
921 3070 991 3124 ad
1021 3083 1247 3139 superos
1278 3078 1638 3139 assumptum.

984 3252 1227 3311 CAPUT
1261 3250 1504 3309 LXXIV.

516 3350 669 3419 Quod
699 3367 820 3407 cum
855 3348 1022 3405 Deum
1053 3351 1324 3416 coluisset,
1358 3351 1545 3404 merito
1587 3348 1745 3404 etiam
1777 3364 1810 3402 a
1849 3347 1957 3402 Deo

1029 3425 1320 3476 honoratus
1352 3430 1448 3475 est.

516 3512 644 3568 Haec
696 3512 964 3568 miracula
1007 3529 1256 3568 summus
1296 3513 1539 3567 omnium
1594 3511 1736 3565 Deus
1778 3508 1833 3563 in
1881 3507 2027 3564 Con-

444 3606 709 3679 stantino,
743 3606 835 3676 qui
859 3606 1008 3662 solus
1039 3620 1107 3661 ex
1134 3605 1391 3661 omnibus
1420 3613 1569 3658 retro
1604 3599 2030 3672 imperatoribus

436 3690 813 3752 Christianum
861 3711 922 3752 se
989 3695 1172 3767 palam
1242 3693 1525 3766 professus
1570 3691 1770 3761 fuerat,
1824 3690 2030 3746 nostris

516 3870 631 3943 (77)
644 3871 801 3943 vulg.
824 3871 1008 3943 αὐτὸς
1021 3870 1090 3943 δὲ
1113 3869 1223 3943 τῆς
1234 3869 1560 3943 ,Βασιλείας
1576 3864 1727 3943 μετᾲ
1746 3865 2027 3943 θάνατον.

445 3936 639 3997 Scrtbo
659 3936 821 4007 ausi);
849 3942 907 3995 δὲ
933 3936 1034 4012 τῆς
1064 3941 1114 4012 β.
1137 3936 1232 3995 καὶ
1267 3940 1405 4012 μετὰ
1428 3936 1658 4012 θάνατον
1692 3936 2031 4012 ἐπειλημμέ-

443 4030 555 4078 νος,
593 4014 736 4081 qnod
758 4009 1087 4067 conﬁrmant
1107 4009 1407 4080 sequentia.
1442 4013 1620 4080 Atque
1648 4010 1721 4062 ita
1753 4009 1808 4062 in
1841 4011 2031 4063 codice

446 4082 581 4138 Fuk.
627 4083 829 4141 diserte
866 4083 1129 4141 scriptum
1160 4082 1363 4136 inveni.

464 4097 581 4137 HJK.
627 4097 829 4137 diserte
866 4097 1129 4137 SCI'IDlIIITI
1160 4098 1363 4136 Inveni.

514 4100 581 4137 ιιι.
627 4100 829 4141 diserte
866 4100 1129 4152 SCl'lplllm
1160 4100 1363 4136 iuvent.

514 4152 629 4224 (78)
668 4151 953 4220 Νικητὴς,
992 4154 1322 4221 Μέγιστος,
1348 4149 1666 4224 Σεβαστός.
1707 4147 2027 4224 Hujusmodi

444 4221 562 4276 crat
595 4224 898 4292 inscriptio,
927 4225 1138 4289 legibus
1161 4233 1216 4277 et
1243 4223 1486 4290 epistolis
1514 4221 1868 4292 Constantini
1875 4234 2030 4292 _prae-

446 4294 534 4362 llgi
573 4287 1121 4362 solitafut’pamim
1183 4287 1415 4346 testatur
1481 4291 1743 4346 Eusebius
1783 4287 2031 4362 :__Victo_r

444 4357 827 4433 constantiam
865 4357 1092 4433 Magnus
1133 4364 1421 4433 Augustus.
1455 4363 1761 4416 Pronoineu
1793 4357 2030 4433 Victoris

445 4432 677 4502 sumpsit
723 4429 1115 4487 Constantinus
1148 4429 1269 4501 post
1310 4442 1535 4502 parlaur
1552 4433 1620 4483 de
1669 4429 2029 4502 lyr;intiis__vif

2135 1903 2499 1967 πολυπλάσιος
2530 1903 2642 1975 (80)
2687 1903 2775 1957 διὰ
2818 1904 2918 1975 τῆς
2958 1903 3066 1957 τῶν
3094 1904 3297 1957 παίδων
3323 1903 3574 1976 διαδοχῆς
3605 1904 3723 1958 ἀνθ’

2134 1998 2251 2061 ἐνὸς
2301 1997 2569 2065 ἐγίγνετο,
2617 1995 2693 2059 ὡς
2750 1996 2846 2050 καὶ
2900 1997 3125 2049 εἰκόνων
3185 1997 3517 2050 ἀναστάσεσι
3570 1997 3724 2067 παρὰ

2133 2089 2299 2142 πᾶσιν
2352 2085 2565 2140 ἔθνεσιν
2616 2086 2735 2158 ἅμα
2789 2088 2905 2149 τοῖς
2955 2084 3123 2139 αὐτοῦ
3175 2085 3438 2162 τιμᾶσθαι
3492 2087 3719 2148 παισὶν,

2132 2178 2331 2232 οἰκεῖόν
2378 2195 2437 2231 τε
2474 2177 2714 2249 τοῦνομα
2743 2178 3176 2241 Κωνσταντίνου,
3208 2180 3304 2232 καὶ
3335 2179 3474 2250 μετὰ
3497 2180 3597 2250 τὴν
3625 2177 3721 2233 τοῦ

2135 2271 2251 2343 βίου
2286 2270 2816 2344 παραλαμϐάνεσθαι
2844 2270 3125 2343 τελευτήν.

2648 2446 3048 2501 ΚΕΦΑΛΑΙΟΝ
3087 2445 3205 2500 Ol".

2136 2540 2328 2607 Ὅπως
2358 2539 2430 2593 ὲν
2463 2539 2861 2609 νομίσμασιν,
2900 2537 2982 2609 ὡς
3027 2539 3131 2609 εις-
3162 2536 3425 2604 οὐρανὸν
3472 2536 3723 2592 ἀνιόντα

2454 2606 2915 2667 Κώνσταντῐνον
2953 2606 3392 2677 ἐνεχάρασσον.

2208 2702 2346 2776 Ἤδη
2396 2702 2454 2755 δὲ
2503 2701 2596 2756 καὶ
2648 2701 2979 2772 νομίσμασιν
3035 2699 3458 2770 ὲνεχαρόιττοντο
3529 2698 3719 2765 τύποι,

2134 2795 2370 2867 πρόσθεν
2407 2795 2506 2865 μὲν
2529 2792 2890 2856 ὲντυποῦντες
2918 2792 3008 2845 τὸν
3039 2793 3328 2863 μακάριον,
3372 2792 3723 2862 ἐγκεκαλυμ-

2137 2888 2297 2960 μένον
2325 2888 2425 2959 τὴν
2457 2886 2703 2957 κεφαλὴν
2735 2887 2975 2955 σχήματι
3016 2884 3151 2956 (81),
3189 2883 3419 2956 θατέρου
3440 2884 3497 2938 δὲ
3522 2884 3722 2955 μέρους

2134 2981 2220 3049 ἐφ’
2244 2981 2453 3051 ἅρματι
2497 2978 2786 3052 τεθρίππῳ
2838 2978 3058 3048 ἡνιόχου
3113 2978 3345 3049 τρόπον,
3403 2977 3507 3031 ὑπὸ
3537 2977 3721 3045 δεξιᾶς

2134 3067 2341 3123 ἄνωθεν
2395 3067 2778 3139 ὲκτεινομένης
2834 3066 2985 3138 αὑτῷ
3029 3066 3212 3138 χειρὸς
3267 3066 3720 3139 ἀναλαμϐανόμε-

2053 3151 2099 3212 C
2131 3176 2241 3216 νον.

2648 3251 3049 3306 ΚΕΦΑΛΔῙΟΝ
3089 3252 3205 3305 ΟΔθ.

2170 3347 2290 3400 Ὅτι
2325 3349 2358 3401 ό
2391 3344 2654 3417 τιμηθεὶς
2680 3344 2783 3417 ὑπ’
2806 3343 2996 3417 αὑτοῦ
3031 3342 3176 3410 Θεὸς
3217 3342 3463 3410 δικαίως
3499 3343 3688 3399 αὑτὸν

2730 3415 3113 3484 άντετίμησε.

2204 3507 2371 3564 Ταῦθ’
2394 3509 2526 3581 ἡμῖν
2552 3505 2736 3569 αὐτοῖς
2766 3504 2946 3570 δείξας
2967 3504 3287 3576 ὀφθαλμοῖς,
3316 3506 3410 3559 ἐπὶ
3444 3506 3593 3577 μόνῳ
3610 3504 3719 3558 τῶν

2148 3602 2372 3655 πώποτε
2445 3596 2759 3671 Χριστιανῷ
2829 3595 3107 3665 διαφανῶς
3168 3595 3281 3668 (82)
3344 3597 3718 3667 ἀποδειχθέντι.

2134 3693 2533 3764 Κωνσταντίνῳ
2575 3694 2604 3746 ό
2644 3690 2737 3744 ἐπὶ
2777 3690 2995 3744 πάντων
3038 3688 3193 3754 Θεὸς,
3245 3690 3444 3744 ὁπόσον
3489 3686 3559 3762 ἦν
3607 3691 3715 3763 ἄρα

2204 3872 2316 3944 (80)
2357 3871 2521 3944 vulg.
2551 3870 3009 3944 πολυπλασίως.
3043 3868 3281 3944 S_a_vilius
3312 3868 3380 3944 ad
3406 3884 3558 3924 oram
3588 3867 3712 3944 libri

2132 3938 2223 3997 sui
2244 3938 2392 3997 notat
2426 3938 2712 4007 legendum
2743 3955 2867 3996 esse
2886 3939 3273 4002 πολυπλάσιος,
3292 3938 3378 3993 cui
3403 3939 3712 4003 assentior;

2131 4014 2349 4068 mallem
2389 4022 2567 4065 tamen
2599 4008 3005 4064 πολυπλασίων.

2203 4082 2313 4155 (81)
2361 4079 2918 4155 Έγκῖεκαλνμμέῖρν
2947 4079 3076 4155 ,τὴν
3110 4078 3388 4148 κεφαλὴν
3429 4076 3714 4155 σχήματι-

2133 4150 2329 4210 Ultima
2355 4150 2455 4206 vos
2487 4152 2713 4204 delenda
2744 4150 2873 4204 mihi
2910 4151 3142 4213 videtur,
3170 4165 3331 4219 quam
3374 4163 3443 4203 ex
3471 4150 3717 4216 margine

2132 4226 2186 4278 in
2222 4234 2424 4278 textum
2451 4222 2738 4290 irrepsisse
2766 4220 3027 4275 credibile
3054 4230 3159 4274 est.
3192 4221 3506 4290 Ascriptum
3530 4227 3713 4290 autem

2130 4294 2325 4348 eratin
2350 4287 2596 4360 margine
2627 4291 2885 4362 ὀχήματι,
2910 4292 2976 4344 ad
3004 4287 3423 4362 explicationem
3465 4287 3714 4362 vocabuli

2130 4358 2850 4443 sequentisﬁppa‘rtl'Quod
2884 4375 3014 4414 vero
3039 4362 3107 4415 ad
3138 4358 3434 4440 marginem
3460 4359 3715 4440 editionis

2131 4431 2465 4488 Genevensts
2500 4433 2699 4501 legitur
2741 4428 3221 4502 Stadﬁuart,_meo
3259 4432 3479 4502 quidem
3504 4430 3715 4502 judicio

444 4496 694 4556 ctoriam.
727 4504 833 4558 Sed
848 4511 901 4556 et
917 4502 1009 4555 lilii
1033 4496 1371 4571 ipsiusquasi
1386 4500 1508 4568 jure
1522 4496 2024 4571 hmreditariojllud
2060 4496 2103 4550 D
2135 4503 2530 4569 ineptissimum
2555 4496 2671 4563 cst,
2708 4496 3084 4571 neque'Ci-aaci
3111 4496 3380 4571 sermonis
3407 4499 3714 4565 proprietas

446 4571 818 4636 retinuerunt,
848 4582 907 4624 ut
936 4564 1132 4626 docent
1173 4564 1488 4625 eo'rumdem
1539 4567 1801 4635 epistolae.
1856 4564 2025 4636 Porro

443 4655 510 4712 ex
546 4642 648 4712 lioc
669 4635 810 4712 loco
841 4653 1086 4712 apparet,
1136 4650 1259 4710 post
1292 4641 1496 4712 obitum
1537 4637 1879 4712 Constantini
1912 4635 2025 4712 Ma:

444 4710 597 4771 ximi,
640 4710 815 4766 tribus
842 4705 1060 4766 circiter
1083 4705 1384 4774 mensibus,
1406 4710 1456 4762 id
1483 4719 1567 4763 est
1597 4718 1710 4760 tom
1734 4705 2025 4775 interregni

444 4780 790 4852 spatioJeges
805 4796 994 4836 omnes
1008 4792 1173 4852 atque
1190 4779 2026 4852 edicta,_Constantini,_tauquant

445 4846 782 4917 superstitis,
803 4852 1021 4905 nomine
1043 4846 1300 4920 iii-scriptu
1332 4848 1515 4911 fuisse,
1536 4863 1657 4901 eum
1688 4847 1864 4920 nullos
1889 4846 2026 4920 alius

443 4921 720 4988 Augustus
744 4931 889 4976 esset
922 4923 972 4974 in
994 4925 1128 4976 orbe
1158 4918 1426 4983 Romano,
1446 4930 1505 4971 ut
1528 4932 1692 4985 supra
1716 4918 2026 4988 observavi.

443 4985 632 5060 Potest
659 4989 821 5044 etiam
854 4990 1076 5060 intelligi
1108 4993 1197 5045 hic
1238 4989 1390 5044 locus
1423 4991 1491 5043 de
1537 4988 1735 5060 liberis
1758 4985 2027 5039 Constan-

448 5059 550 5112 tini
575 5059 749 5124 Magni
772 5059 1069 5128 quieodetii
1106 5062 1261 5115 titulo
1289 5070 1345 5113 et
1385 5061 1603 5113 nomine
1632 5059 1946 5120 utebantur,
1971 5066 2026 5109 et

445 5130 501 5182 in
530 5132 729 5197 quibus
774 5141 931 5199 pater
968 5134 1293 5186 reviviscere
1317 5130 1621 5186 videbatur.
1642 5128 1816 5192 Quam
1854 5128 2024 5180 inter-

445 5200 801 5271 pretationem
847 5203 1172 5255 conlirtnant
1195 5202 1496 5271 sequentia.

515 5270 631 5341 (79)
670 5270 827 5341 Vulg.
859 5272 1181 5340 ἡγεμονίας
1207 5269 1464 5339 κρατεῖν.
1491 5267 1683 5324 Scribo
1710 5265 1951 5341 ἐκράτει,
1971 5277 2027 5317 ιιι

444 5338 842 5409 τεέροιιιιθιιιέἱ
862 5338 1027 5396 vcrbo
1042 5345 1185 5410 quod
1207 5338 1372 5395 multo
1394 5352 1520 5394 ante
1561 5338 1861 5410 praecessit,
1889 5353 2024 5410 κατ-

442 5406 687 5480 ηξιοῦτο.
735 5413 903 5466 Porro
937 5413 990 5465 in
1026 5406 1211 5466 codice
1240 5411 1406 5480 Regio
1430 5412 1497 5463 ad
1523 5406 1824 5480 marginem
1867 5406 2027 5475 hujus

443 5475 655 5551 capitis,
696 5481 920 5537 Graccus
946 5483 1269 5537 scholiastes
1303 5475 1417 5551 inec
1460 5480 1626 5535 verba
1656 5475 1730 5551 ἰιιΔ
1767 5475 2025 5551 honorem

441 5545 785 5622 Constantini
809 5554 1140 5622 ascripserat
1163 5570 1177 5605 :
1211 5552 1305 5615 Εἰς
1321 5550 1536 5603 αἰώνιον
1552 5545 1892 5622 μνημόσυνόν
1910 5546 2027 5622 εστι

439 5620 506 5674 τὸ
552 5623 723 5694 ὄνομά
783 5641 914 5689 σου,
949 5618 1264 5677 ἀποστόλων
1319 5618 1759 5693 τρισκαιδέκατε.
1812 5618 1922 5668 Sed
1972 5632 2029 5694 et

442 5690 725 5764 passiiu'in
764 5697 865 5750 hoc
904 5690 1443 5764 operelaudtlmsiac
1466 5694 1606 5745 vclis
1631 5704 1753 5743 eum
1788 5690 2029 5764 aspergit

446 5758 587 5818 idem
616 5763 711 5825 ille
737 5758 1021 5821 Scribafln
1052 5763 1187 5820 Fuk.
1212 5765 1400 5821 codice
1437 5764 1697 5818 Scr-ibitur
1729 5758 1940 5828 κρατεῖ.

2128 4588 2249 4624 eam
2286 4573 2608 4626 locutionem
2639 4569 2896 4624 admittit.
2929 4569 3099 4624 Porro
3143 4571 3195 4622 in
3238 4569 3512 4636 plerisque
3554 4583 3713 4621 num-

2128 4642 2231 4695 mis
2275 4642 2664 4697 Constantinus
2687 4640 2867 4709 capite
2891 4639 3099 4709 galeato
3133 4638 3483 4709 conspicitur.

2200 4712 2315 4779 (82)
2330 4710 2492 4776 Vulg.
2509 4707 2879 4778 Χριστιανῶν
2897 4707 3222 4779 διαφανῶς.
3244 4708 3603 4762 Scribemlum
3622 4716 3714 4779 est

2130 4776 2248 4851 sine
2268 4776 2433 4851 dubio
2459 4776 2790 4851 Χριστιανῷ.
2820 4776 3183 4851 Scribendutn
3203 4792 3420 4851 quoque
3453 4776 3717 4851 σει-μόνῳ

2128 4850 2235 4905 τῶν
2252 4850 2468 4905 πώποτε
2488 4846 2772 4920 βασιλέων,
2788 4862 2880 4904 :mt
2897 4859 3044 4903 ce'rte
3059 4848 3509 4920 subaudiendum.
3533 4846 3712 4901 (λεκιθ-

2128 4938 2248 4976 rum
2268 4917 2530 4975 Eusebius
2559 4922 2832 4974 neminem
2859 4920 3062 4984 excipit
3080 4934 3144 4973 ex
3177 4932 3402 4972 numero
3425 4917 3716 4985 imperato-

2131 5007 2247 5057 rum
2278 4991 2668 5055 Romanoruin,
2687 4991 2812 5043 dum
2842 4991 2920 5044 ait
2944 4993 3179 5057 primum
3209 5003 3276 5043 ex
3300 4987 3555 5042 omnibus
3578 4987 3715 5043 Con-

2128 5063 2424 5116 stantinum
2458 5060 2634 5127 palam
2657 5071 2712 5113 et
2738 5070 2927 5127 aperte
2949 5060 3317 5114 Christianum
3350 5057 3534 5111 fuisse.
3555 5059 3713 5122 Quod

2129 5142 2279 5186 certe
2307 5132 2643 5185 verissimum
2680 5140 2783 5184 est.
2804 5130 2914 5184 Etsi
2941 5130 3086 5183 enim
3113 5128 3393 5197 Philippus
3420 5128 3715 5196 imperator

2128 5201 2477 5256 Christianus
2513 5199 2684 5255 fuisse
2715 5216 2744 5252 ει
2791 5200 3066 5254 nonnullis
3091 5200 3359 5268 proditur,
3397 5214 3502 5251 non
3534 5208 3712 5252 tamen

2126 5271 2495 5326 Christianam
2528 5271 2841 5339 religionem
2869 5311 2884 5335 ,
2921 5271 3147 5339 perinde
3187 5284 3250 5322 ac
3284 5269 3712 5339 Constantinus,

2129 5342 2307 5411 palam
2336 5340 2608 5409 professus
2632 5338 2738 5395 est.
2764 5340 2885 5411 Alio
2904 5338 3069 5411 scusu
3095 5338 3332 5411 Orosius
3359 5339 3410 5390 in
3444 5338 3583 5391 libro
3613 5352 3711 5402 vn,

2128 5408 2194 5467 de
2227 5408 2585 5465 Constantino
2614 5411 2689 5465 ita
2711 5410 2903 5464 scribit
2933 5431 2945 5464 :
2991 5428 3009 5459 ι
3042 5408 3258 5462 Primus
3322 5409 3710 5475 imperatorum

2128 5481 2469 5537 Christianus
2488 5518 2504 5544 ,
2535 5491 2763 5550 excepto
2798 5480 3066 5549 Philippo,
3092 5478 3185 5547 qui
3214 5477 3560 5531 Christianus
3611 5493 3713 5543 ap-

2130 5554 2214 5605 nis
2265 5552 2556 5605 admodum
2613 5552 2797 5619 paucis
2851 5552 2918 5604 ad
2969 5554 3074 5604 hoc
3122 5549 3715 5619 lalllt1lll_00llSlIllllUS

2129 5622 2299 5676 fuisse
2340 5621 2470 5673 mihi
2523 5617 2672 5673 visus
2703 5630 2816 5682 est,
2853 5630 2911 5671 ιιι
2956 5619 3277 5672 millesimus
3319 5617 3507 5671 Ruina:
3537 5633 3715 5672 anuus

2129 5692 2350 5748 Christo
2383 5693 2561 5761 potius
2592 5705 2755 5761 quam
2780 5691 2938 5746 idolis
2962 5691 3327 5745 dedicaretur.
3365 5707 3387 5740 ι
