4176 6400
565 374 707 431 19.ὖό

1281 370 1553 428 EUSEBll
1589 368 2072 429 CESAHIENSIS
2110 368 2261 426 OPP.
2302 365 2488 422 PARS
2523 365 2566 420 1.
2606 395 2676 408 -
2714 364 3112 422 HISTORICA.

3688 363 3831 418 Ηὗὸ

563 508 688 548 cum
715 500 908 547 natura
936 496 1059 561 apte
1087 490 1465 559 consentiens;
1487 490 1713 545 invaluit
1742 500 1923 546 autem
1953 500 2139 561 postea

2251 490 2304 542 οὐ
2339 487 2447 557 (89)
2504 487 2737 558 μετρίως
2776 486 2981 560 ἃπαρά
2994 486 3177 555 φύσιν,
3204 485 3297 540 τδν
3312 486 3423 540 τῶν
3451 484 3668 540 πάντων
3695 484 3832 538 Θεὸν

566 588 618 641 Id
651 585 792 656 quod
837 598 1061 655 prorsus
1094 592 1303 637 natura:
1343 582 1679 637 contrarium
1722 590 1841 647 est,
1873 592 1930 636 ut
1977 583 2145 636 Deum

564 678 808 732 oumium
836 684 1113 730 auctorem
1148 687 1307 727 nemo
1327 688 1573 744 congruo
1597 672 1748 727 cultu
1772 683 2143 739 veneraretur,

566 779 872 838 cunctaque
903 783 1010 822 non
1039 766 1209 821 divini
1234 765 1483 821 Numinis
1509 766 1876 837 providentia,
1900 766 1994 821 sed
2016 782 2145 820 casu

565 856 799 925 quodam
852 871 919 910 ac
969 865 1172 909 temere
1221 856 1335 925 geri
1389 865 1734 925 putarentur.
1788 855 1856 909 Et
1898 857 2147 926 quamvis

566 947 838 1016 prophetae
868 947 1056 1002 divino
1105 947 1311 1015 Spiritu
1347 947 1509 1002 amati
1544 947 1777 1018 idipsum
1811 949 2017 1004 diserte
2050 963 2147 1001 an-

564 1038 903 1104 nuntiarent,
937 1054 1169 1108 quorum
1207 1038 1557 1093 sermonibus
1599 1038 1736 1094 lides
1764 1040 2016 1096 adhiberi
2047 1040 2145 1095 de-

562 1127 792 1192 buerat,
824 1140 1006 1186 tamen
1045 1130 1228 1200 iniqua
1260 1129 1515 1198 impietas
1548 1132 1727 1186 modis
1766 1132 2023 1187 omnibus
2056 1148 2146 1188 re-

561 1222 839 1289 pugnabat
869 1240 882 1275 :
917 1222 1093 1290 ipsam
1130 1220 1350 1291 quidem
1378 1222 1630 1278 veritatis
1660 1222 1832 1278 lucem
1866 1224 1991 1278 odio
2023 1239 2147 1294 pro-

561 1328 835 1380 sequens,
886 1312 1333 1383 impenetrabiles
1384 1322 1564 1369 autem
1628 1315 1879 1369 tenebras
1938 1317 2146 1371 erroris

560 1404 918 1475 amplectens.
943 1403 1130 1475 Neque
1157 1419 1284 1459 vero
1312 1403 1393 1458 vis
1416 1420 1480 1459 ac
1511 1405 1716 1461 saevitia
1757 1405 1930 1462 abfuit
1951 1448 1967 1473 ,
2001 1422 2147 1476 prte-

561 1499 750 1552 sertim
777 1512 901 1552 cum
947 1497 1301 1553 temerariqu
1334 1500 1593 1570 impetum
1648 1498 1789 1567 vulgi
1838 1498 2143 1567 principum

563 1588 864 1643 auctoritas
885 1588 1213 1656 adiuvaret,
1258 1600 1370 1657 aut,
1401 1600 1460 1645 ut
1500 1592 1683 1646 verius
1710 1590 1883 1645 dicam
1903 1630 1919 1654 ,
1954 1591 2054 1660 ipsi
2086 1604 2146 1645 se

563 1677 860 1746 importuni
893 1675 1095 1732 furoris
1144 1679 1309 1734 duces
1340 1680 1664 1749 praeberent.
1694 1677 1884 1751 Itaque
1915 1681 2030 1736 haec
2059 1680 2143 1734 vi-

567 1769 721 1824 vendi
772 1769 914 1823 ratio
949 1770 1186 1840 plurium
1238 1782 1458 1827 aetatum
1500 1789 1600 1829 usu
1640 1772 1990 1836 conﬁrmata,
2022 1772 2143 1827 illo-

2250 579 2514 645 καταξίαν
2536 578 2712 633 σέϐειν
2731 576 3285 650 μηδένα,νομίζεσθαί
3301 595 3358 631 τε
3376 576 3449 648 μὴ
3468 578 3533 630 ἐκ
3549 575 3830 649 προνοίας,

2249 669 2364 723 ἀλλ’
2396 670 2471 733 ὡς
2517 669 2725 741 ἔτυχεν,
2756 670 3005 733 ἀτάκτως
3020 687 3078 722 τε
3095 670 3188 722 καὶ
3232 668 3569 739 πλημμελῶς
3591 668 3660 722 τὰ
3695 668 3833 721 πάνυ

2248 779 2317 815 τα
2350 763 2688 816 συνεστάναι.
2727 760 2837 815 Kal.
2865 759 3039 815 ταῦτα
3067 760 3496 830 ἐξαγγελλούσης
3513 760 3833 815 καθέκαστα

2249 853 2397 918 θείας
2431 854 2716 917 ἐπιπνοίας
2746 852 2833 906 διά
2882 854 3206 924 προφητῶν,
3250 847 3333 915 οἷς
3364 852 3470 906 ἔδει
3506 851 3787 906 πείθεσθαι
3811 892 3829 915 ,

2248 944 2535 998 ἀνθίστατο
2563 943 2842 1008 παντοίαις
2872 946 3140 1016 μηχαναῖς
3172 944 3355 997 ἀδικία
3389 943 3676 1013 δυσσεΰὴς,
3705 942 3828 995 δια-

2249 1036 2560 1106 ϐεϐλημένη
2599 1036 2697 1107 μὲν
2733 1036 2869 1108 πρὸς
2892 1036 2954 1089 τὸ
2978 1036 3076 1106 τῆς
3108 1034 3366 1105 ἀληθείας
3402 1035 3547 1104 φῶς,
3589 1032 3831 1097 ἀσπαζοέ-

2251 1126 2384 1199 μένη
2418 1128 2476 1180 δέ
2497 1128 2559 1181 τὸ
2588 1127 2941 1197 δυσέλεγκτον
2970 1128 3065 1182 τοῦ
3103 1130 3346 1190 σκότους.
3377 1127 3514 1184 Ἀλλ’
3528 1126 3650 1179 οὐδὲ
3672 1125 3829 1179 τοῦτο

2246 1222 2416 1291 χωρὶς
2474 1219 2596 1290 βίας
2648 1219 2741 1272 καὶ
2786 1220 3102 1291 ὠμότητος,
3158 1220 3453 1292 ἐξαιρέτως
3505 1219 3687 1289 ὅτιτῇ
3718 1218 3828 1270 τῶν

2247 1311 2480 1382 χυδαίων
2512 1311 2702 1383 δήμων
2747 1312 3043 1385 ἀπροὸπτῳ
3075 1314 3217 1384 φορᾷ
3249 1315 3281 1383 ἡ
3323 1311 3430 1365 τῶν
3475 1310 3828 1365 δυναστευόν-

2244 1419 2354 1456 των
2385 1403 2580 1473 γνώμη
2636 1401 3044 1472 συνελὰμὸανε,
3097 1402 3294 1473 μᾶλλον
3340 1403 3398 1456 δὲ
3446 1402 3545 1473 τῆς
3598 1401 3829 1473 ἀκαίρου

2250 1496 2446 1566 μανίας
2491 1495 2629 1567 αὕτη
2675 1495 2987 1566 καθηγείτο.
3034 1495 3127 1548 Διὸ
3167 1496 3231 1568 δὴ
3273 1495 3495 1558 πολλαῖς
3538 1496 3752 1563 γενεαῖς
3803 1496 3833 1547 ὀ

2245 1589 2484 1654 τοιοῦτος
2508 1590 2620 1661 βίος
2648 1589 2995 1661 κρατυνθεὶς,
3035 1589 3304 1660 μεγίστων
3334 1588 3527 1657 γέγονε
3558 1591 3669 1653 τοῖς
3708 1588 3831 1641 τότε

2247 1679 2434 1735 κακῶν
2475 1679 2667 1744 αἴτιος.
2718 1679 3134 1750 Ἐπιλαμψάσης
3162 1679 3222 1732 δὲ
3251 1680 3565 1752 παραυτίκα
3593 1680 3692 1751 τῆς
3730 1678 3829 1734 τοῦ

2247 1772 2499 1844 Σωτῆρος
2531 1772 2876 1841 ἐπιφανείας.
2898 1771 3022 1843 δίκη
3075 1768 3172 1839 μὲν
3214 1768 3274 1837 ἐξ
3302 1771 3499 1825 ἀδίκων
3532 1771 3730 1844 ἔργων,
3764 1773 3831 1826 ἐκ

566 1875 687 1914 rum
715 1867 1017 1929 temporum
1047 1862 1363 1918 hominibus
1389 1864 1653 1933 plurimas
1683 1866 1889 1920 invexit
1915 1867 2144 1921 calami-

2251 1865 2303 1919 δὲ
2330 1864 2672 1919 παντοδαποῦ
2695 1863 2963 1929 κλύδωνος
2983 1864 3191 1935 γαλήνη
3221 1865 3527 1928 συνίστατο,
3552 1862 3831 1919 καὶπάνθ’

565 1962 723 2009 tates.
754 1952 954 2010 Verum
988 1954 1079 2009 ubi
1107 1957 1345 2025 primum
1369 1956 1682 2014 Servatoris
1698 1959 1876 2014 nostri
1906 1974 2146 2028 praesen-

564 2046 637 2099 tia
670 2045 873 2113 illuxit,
895 2047 1077 2101 statim
1108 2065 1208 2117 pro
1233 2049 1495 2119 iniustitia
1525 2050 1777 2120 aequitas,
1796 2065 1897 2121 pro
1929 2052 2145 2122 gravis~

561 2136 696 2192 sima
726 2146 1044 2209 tempestate
1070 2139 1238 2211 568
1259 2140 1528 2196 serenitas
1548 2140 1739 2197 oborta
1764 2153 1890 2209 est;
1920 2153 1977 2197 et
2000 2157 2146 2213 qum-

560 2245 778 2300 cunque
825 2246 855 2285 a
890 2233 1175 2302 prophetis
1199 2235 1457 2303 praedicta
1479 2233 1718 2299 fuerant,
1751 2235 1974 2305 impleta
1996 2243 2143 2291 sunt.

559 2319 855 2395 Postquam
880 2324 1026 2378 enim
1070 2324 1212 2380 idem
1254 2325 1345 2382 ille
1375 2323 1639 2381 Servatur
1663 2334 1848 2383 noster
1872 2328 1939 2382 ad
1966 2327 2147 2385 Patris

560 2415 643 2470 sui
667 2415 916 2472 sublatus
938 2424 1023 2472 est
1043 2416 1375 2473 domicilium
1394 2457 1411 2485 ,
1439 2430 1552 2474 toto
1575 2430 1844 2475 terrarum
1867 2419 2002 2476 orbe
2018 2435 2147 2476 con-

563 2507 809 2563 tinentiae
852 2522 919 2563 ac
967 2508 1252 2564 modestia:
1290 2511 1456 2567 radiis
1501 2511 1801 2577 illustrato,
1842 2512 2144 2569 Ecclesiam

561 2612 717 2652 suam
754 2598 910 2669 quasi
960 2612 1176 2655 sacrum
1213 2601 1483 2669 quoddam
1530 2602 1752 2657 virtutis
1798 2600 2052 2672 templum
2090 2602 2145 2656 in

566 2689 732 2745 terris
754 2689 1067 2754 constituit,
1089 2689 1252 2759 idque
1268 2700 1531 2747 aeternum
1565 2700 1622 2748 et
1651 2693 2024 2761 incorruptum
2044 2733 2060 2759 ,
2090 2691 2143 2747 in

563 2796 674 2851 quo
708 2789 823 2836 tum
884 2796 1099 2836 summo
1137 2781 1249 2837 Deo
1298 2797 1365 2839 ac
1401 2782 1548 2838 Patri
1582 2784 1819 2852 debitus,
1873 2793 1985 2838 tum
2044 2783 2143 2854 ipsi

540 2878 1167 2954 .quoque'conveniens
1220 2878 1401 2935 cultus
1448 2879 1553 2935 rite
1600 2880 1972 2937 exhiberetur.
2037 2880 2145 2935 Sed

563 2968 691 3036 quid
726 2977 852 3037 post
901 2972 1018 3027 hazc
1062 2983 1263 3026 vesana
1299 2971 1541 3043 gentium
1591 2972 1798 3027 malitia
1831 2973 2145 3028 machinata

560 3061 687 3118 est?
714 3062 916 3119 Christi
952 3065 1215 3121 beneﬁcia
1263 3080 1328 3120 ac
1366 3066 1504 3121 dona
1545 3066 1842 3137 projicere,
1870 3076 1926 3123 et
1953 3065 2146 3122 Eccle-

2246 1957 2348 2011 ὅσα
2378 1957 2463 2010 διὰ
2497 1957 2792 2029 προφητῶν
2834 1958 3146 2029 προείρητο,
3183 1957 3505 2030 ἐπληροῦτο.
3539 1958 3833 2030 Τοιγάρτοι

2250 2050 2540 2121 μετάρσιος
2568 2052 2647 2114 είς
2664 2050 2763 2121 τὴν
2791 2049 3048 2123 πατρῴαν
3077 2049 3261 2102 ἐστίαν
3290 2049 3498 2122 ἀρθεὶς,
3533 2050 3714 2131 αἰδοδῦς
3735 2050 3832 2105 καὶ

2247 2140 2603 2215 σωφροσύνης
2634 2142 2972 2214 ἀγλαῖσμασι
2997 2143 3095 2213 τὴν
3116 2144 3438 2214 οἰκουμένην
3465 2143 3828 2215 περιστήσας,

2248 2235 2390 2307 ἱερὸν
2421 2251 2541 2290 τινα
2570 2233 2709 2288 νεὼν
2738 2235 2961 2307 ἀρετῆς,
2988 2235 3088 2306 τὴν
3133 2234 3460 2306 Ἐκκλησίαν
3489 2236 3581 2289 ἐπὶ
3605 2236 3705 2307 τῆς
3726 2236 3832 2306 γῆς

2247 2327 2520 2399 ἱδρύσατο,
2556 2327 2749 2390 ἀΐδιον,
2791 2325 3089 2399 ἄφθαρτον,
3126 2328 3186 2379 ἐν
3224 2320 3269 2394 ᾧ
3305 2327 3376 2381 τά
3409 2345 3469 2380 τε
3513 2326 3593 2398 τῷ
3635 2327 3833 2398 ἐξοχω-

2245 2419 2392 2490 τάτῳ
2444 2420 2621 2493 Πατρ)⁵
2669 2420 2790 2491 Θεῷ
2837 2419 3047 2483 δέοντα,
3097 2419 3170 2473 τά
3213 2418 3262 2472 θ’
3289 2420 3469 2490 ἐαυτῷ
3520 2420 3831 2490 καθήκοντα

2245 2510 2481 2565 ἐτελεῖτο
2517 2514 2633 2584 μετ’
2653 2511 2957 2575 εὐσεϐείας.
2995 2511 3061 2564 Τί
3088 2511 3154 2583 δὴ
3203 2511 3343 2583 μετὰ
3368 2512 3543 2566 ταῦτα
3570 2515 3604 2584 ἠ
3639 2512 3831 2583 ἄφρων

2244 2604 2355 2658 τῶν
2386 2602 2555 2658 ἐθνῶν
2596 2606 2908 2676 ἐμηχανᾶτο
2936 2605 3202 2677 πονηρίας
3240 2604 3579 2675 Ἐπετήδευε,
3609 2602 3709 2665 τὰς
3733 2604 3830 2658 τοῦ

2246 2695 2484 2768 Χριστοῦ
2532 2698 2762 2768 χάριτας
2796 2697 3155 2761 ἐκδάλλουσα,
3201 2698 3297 2751 καὶ
3321 2697 3421 2768 τὴν
3456 2697 3549 2749 ἐπὶ
3584 2696 3829 2767 σωτηρία
3889 2680 3895 2685 ⁷

2246 2787 2355 2842 τῶν
2388 2787 2602 2841 πάντων
2634 2788 2992 2843 συσταθεῖσαν
3031 2789 3360 2861 Ἐκκλησίαν
3407 2788 3697 2861 πορθῆσαι,
3736 2789 3832 2842 ἀν-

2247 2879 2444 2951 έτρεπε
2490 2880 2548 2933 δὲ
2570 2881 2668 2952 τὴν
2709 2881 2915 2936 οίκείαν
2941 2881 3376 2953 δεισιδαιμονίαν.
3428 2880 3664 2943 Ἀνύσιος
3715 2878 3829 2951 (90)

2247 2968 2402 3037 αὖθις
2429 2972 2638 3035 στάσις,
2662 2972 2909 3043 πόλεμοι,
2944 2974 3135 3045 μάχαι,
3165 2972 3532 3045 δυστραπελία
3568 2970 3829 3043 (91),βίου

2248 3064 2594 3136 παρασκευὴ,
2628 3064 2926 3136 χρημάτων
2958 3064 3097 3135 έρως
3117 3081 3131 3095 ·
3164 3064 3193 3117 δ
3216 3066 3311 3118 καὶ
3332 3065 3394 3118 οὐ
3430 3062 3674 3134 φυσικῶς
3701 3061 3832 3116 ἴδιον

562 3154 700 3209 siam
729 3154 825 3210 Dei
858 3156 925 3212 ad
960 3156 1193 3213 salutem
1235 3158 1477 3213 omnium
1508 3160 1862 3214 constitutam
1895 3171 2143 3215 evertere

2251 3158 2534 3231 πονηρίας,
2569 3157 2700 3211 ποτὲ
2724 3158 2821 3229 μὲν
2842 3158 3023 3212 ἐλπίσι
3049 3157 3591 3233 κεκαλλωπισμέναις
3614 3157 3792 3224 θέλγοι
3811 3197 3827 3219 ,

561 3246 792 3311 studuit,
819 3263 886 3304 ac
911 3263 1065 3305 suam
1088 3249 1531 3320 superstitionem
1562 3250 1615 3305 in
1649 3250 1769 3321 ejus
1794 3250 1973 3306 locum
2011 3251 2140 3306 sub-

2251 3250 2380 3304 ποτὲ
2405 3250 2463 3304 δὲ
2485 3249 2635 3321 φόϐῳ
2651 3250 3036 3322 καταπλήττοι.
3068 3251 3205 3304 Ἀλλ’
3220 3250 3358 3322 αὓτη
3392 3251 3491 3321 μὲν
3522 3249 3635 3321 (92)
3656 3249 3832 3320 χαμαὶ

562 3337 808 3393 stituere.
836 3337 1036 3396 lterum
1081 3341 1411 3410 seditiones;
1444 3343 1640 3398 iterum
1665 3357 1859 3413 pugna:
1884 3351 1940 3397 et
1960 3341 2096 3397 bella
2123 3359 2140 3407 ;

2251 3341 2471 3407 κείσθω,
2502 3341 2799 3414 ήττηθεῖσα
2823 3343 2914 3397 ὑπ’
2945 3343 3169 3414 ἀρετῆς,
3270 3342 3457 3414 θέμις,
3500 3324 3831 3415 διαῤῥηγνυξ

562 3430 758 3484 iterum
795 3434 1085 3487 morositas
1128 3441 1184 3488 ot
1240 3434 1534 3488 uxuriosus
1564 3433 1691 3488 vitae
1723 3442 2047 3503 apparatus,
2086 3442 2141 3486 et

2252 3432 2408 3506 μένη,
2460 3434 2877 3507 σπαραττομένη
2922 3452 2983 3488 τε
3015 3434 3121 3489 ὑπὸ
3163 3435 3541 3506 μεταμελείας.
3582 3435 3744 3506 Ἡμῖν
3774 3432 3833 3487 δέ

562 3516 834 3591 cupiditas
860 3522 1179 3578 divitiarum
1212 3542 1226 3579 :
1255 3539 1378 3595 quae
1409 3526 1631 3595 quidem
1661 3535 1862 3596 praeter
1889 3531 2140 3579 naturam

2251 3523 2343 3578 νῦν
2365 3525 2434 3579 τά
2458 3527 2806 3597 προσήκοντα
2837 3525 2917 3597 τῷ
2949 3526 3078 3598 θείῳ
3104 3527 3248 3599 λόγῳ
3277 3528 3470 3598 ῥητέον
3488 3527 3623 3598 (95).

561 3614 616 3670 in
636 3612 951 3669 hominibus
986 3617 1255 3672 exsistens
1281 3617 1446 3690 (quod
1488 3618 1770 3688 proprium
1798 3626 1882 3673 est
1909 3616 2299 3688 malitizr)nunc
2326 3635 2421 3690 spe
2456 3618 2637 3675 fucata
2679 3618 2939 3686 oblectat,
2988 3635 3133 3674 nunc
3176 3621 3371 3675 timore
3418 3621 3678 3689 percellit.
3723 3618 3833 3674 Sed

562 3708 679 3766 hmo
710 3711 947 3781 quidem,
976 3722 1037 3765 ut
1063 3713 1292 3782 aequitas
1314 3713 1570 3783 postulat,
1591 3714 1742 3769 humi
1780 3714 1982 3785 jaceat,
2039 3728 2071 3768 a
2113 3714 2310 3770 virtute
2346 3715 2582 3779 devicta,
2607 3725 2666 3770 et
2709 3730 2821 3786 prae
2867 3716 3188 3786 poenitentia
3223 3718 3454 3784 seipsam
3491 3716 3832 3787 disrumpens

560 3812 727 3873 atque
752 3803 1078 3861 dilacerans.
1097 3802 1266 3862 Nobis
1294 3820 1428 3863 vero
1463 3820 1527 3861 ea
1555 3820 1678 3876 quae
1700 3806 1897 3861 divina:
1915 3805 2177 3863 doctrina:
2193 3807 2546 3874 conveniunt,
2574 3807 3066 3878 impresentiarum
3094 3807 3325 3865 dicenda
3357 3817 3504 3864 sunt.

568 4023 638 4054 ι-ι-
687 4003 996 4079 Lectionem
1058 4009 1092 4078 ἡ
1143 4005 1287 4061 κατά
1341 4005 1504 4079 φύσιν
1558 4005 1670 4079 ζωή
1741 4004 1898 4079 unice
1960 4020 2143 4079 veram

2251 4016 2534 4079 verterunt.
2556 4004 2614 4060 ιι
2618 4005 2732 4079 orbi
2749 4005 2937 4079 iterum
2953 4021 3013 4079 ιιι·
3027 4005 3329 4068 seditiones,
3352 4015 3453 4061 etc.
3470 4006 3654 4063 Potest
3669 4008 3834 4063 etiam

562 4091 707 4141 esse,
733 4076 962 4149 Adocent
1000 4074 1280 4146 sequentia
1315 4118 1330 4143 ,
1355 4074 1364 4076 “
1389 4076 1439 4149 ἃ..
1486 4074 1896 4149 παραίφιξσιν.
1933 4076 2146 4149 ANeque

2257 4078 2473 4149 retineri
2508 4092 2613 4149 vox,
2641 4074 3082 4146 δεισιδαιμονίαν,
3120 4086 3181 4129 ut
3218 4091 3443 4131 sensus.
3470 4083 3573 4141 sit,
3605 4079 3835 4147 gentiles

565 4146 835 4216 perspicio
875 4162 971 4200 cur
1027 4156 1310 4208 tantopere
1361 4146 1598 4202 oﬂ'ensu's
1649 4147 1720 4201 sit
1769 4146 2015 4202 Valesius
2056 4146 2151 4200 illo
2253 4148 2380 4201 dum
2415 4146 2711 4201 Ecclesiam
2746 4155 3234 4216 persequerentur,
3267 4161 3420 4201 suam
3472 4146 3711 4212 ipsorum
3746 4164 3835 4201 re-

566 4219 601 4290 ῄ
626 4217 767 4272 κατὰ
795 4216 958 4290 φύσιν
994 4217 1129 4283 ζωή.
1164 4217 1318 4290 Patet
1339 4219 1486 4273 enim
1519 4217 1932 4290 Constantinum
1968 4216 2152 4290 ludere

567 4287 621 4343 iu
665 4302 798 4342 voce
830 4288 992 4357 φύσις
1027 4289 1290 4357 ηιιοιῌήε
1317 4290 1533 4343 diverso
1562 4302 1720 4342 sensu
1754 4288 1985 4354 positum
2011 4287 2154 4340 hanc

566 4356 897 4413 sententiam
922 4356 1082 4412 att‘ert
1113 4376 1127 4412 :
1164 4356 1555 4414 Oruamentum
1593 4366 1820 4422 naturae,
1857 4358 1909 4411 id
1944 4367 2028 4411 est
2060 4360 2154 4410 ho-

568 4431 774 4485 minum
822 4444 850 4481 a
901 4430 1011 4483 Deo
1056 4439 1386 4494 creatorum,
1422 4438 1504 4483 est
1538 4428 1645 4482 vita
1691 4439 1899 4481 natura:
1921 4441 2153 4482 consen-

568 4501 731 4554 tiens.
775 4497 1096 4554 listutcnsu.

640 4550 1428 4639 (89)“dartxexpdmxs
1469 4568 1600 4639 γάρ.
1648 4567 2157 4639 ScribendumAém-
2188 4550 2230 4604 Ῑ)

567 4637 964 4712 κεκράτηκε-δὲ
1010 4641 1078 4712 οὐν
1102 4637 1337 4711 μετρίως
1360 4640 1420 4693 ὃν
1452 4637 1604 4712 παρὰ
1640 4639 1823 4712 φυσιν,
1857 4637 2158 4712 etc._Certe

570 4710 625 4762 in
648 4707 768 4781 cod.
798 4707 931 4781 Fuk.
955 4707 1219 4781 scribitur
1234 4707 1793 4781 ἐπικεκράτηκεδόὐ
1824 4707 2059 4779 μετρίως
2089 4707 2157 4761 τά

569 4779 726 4848 παρά
757 4780 939 4848 φύσιν,
970 4781 1062 4833 τὸν
1093 4780 1200 4834 τῶν
1220 4779 1481 4835 ἁπάντων
1507 4779 1660 4843 Θεὸν,
1689 4790 1793 4833 etc.

666 4850 754 4921 9_0)
794 4850 951 4920 Vulg.
995 4850 1467 4921 δεισιδαιμονίαν
1492 4850 1561 4904 δὲ
1588 4852 1855 4917 ἀνόσιος.
1890 4849 1945 4903 1η
1972 4848 2159 4921 codice

572 4919 745 4987 Regio
771 4919 969 4974 desunt
983 4922 1100 4974 dua:
1115 4919 1399 4986 postremae
1414 4936 1590 4983 voces,
1606 4933 1661 4976 et
1674 4935 1844 4975 vacuu
1856 4936 1905 4974 m
1922 4919 2155 4988 spatium

573 4990 823 5061 relictum
851 4999 955 5053 est,
990 4990 1152 5046 unius
1189 4991 1433 5061 vocabuli
1458 5007 1649 5059 capax.
1679 4990 1793 5061 Ego
1822 5006 1926 5044 non
1968 4989 2157 5061 dubito

574 5060 708 5132 quin
739 5059 1025 5127 legendum
1043 5062 1131 5124 sit,
1151 5060 1250 5132 τὴν
1279 5061 1489 5115 οἰκείαν
1508 5059 1927 5132 δεισιδαιμονίαν
1957 5059 2159 5132 ἀντεισ⁶

571 5131 769 5205 άγεινζ
795 5140 1065 5199 expuncto
1084 5130 1271 5205 _verho
1303 5132 1722 5205 illo_dyérpsr:e,
1742 5130 1895 5205 quod
1935 5130 2157 5205 omnino

571 5198 901 5269 superﬂuum
932 5212 1036 5255 est.
1084 5202 1137 5255 lu
1175 5204 1362 5256 codice
1395 5201 1530 5256 Fuit.
1557 5198 1625 5256 ita
1670 5201 1930 5255 scribitur
1953 5199 2043 5253 hic
2076 5198 2157 5249 lo-

570 5268 668 5345 cus
689 5268 1060 5345 [Ἐκκλησίαν
1088 5272 1387 5345 ampliﬁcat
1409 5272 1700 5345 Ἀνέτρεπέ
1724 5289 1793 5345 τε.
1809 5271 1908 5345 τὴν
1950 5269 2157 5323 οἰκείαν

570 5340 1015 5413 δεισιδαιμονίαν,
1044 5340 1217 5406 νότιος
1249 5340 1438 5413 αὖθις,
1471 5340 1579 5397 θεοί
1616 5343 1671 5397 1η
1720 5340 1933 5413 schedis
1974 5349 2154 5393 autem

571 5412 757 5484 Regiis
780 5410 1039 5484 scriptum
1070 5415 1324 5477 εεινόσος
1344 5410 1519 5476 αὖθις,
1537 5412 1892 5484 ειεβιινὶῑίιξε
1910 5413 1986 5484 ad
2003 5425 2155 5484 oram

572 5480 695 5555 libri
748 5483 829 5538 sui
861 5480 1188 5546 emendavit,
1220 5484 1495 5555 ἀνέτρεπε
1518 5484 1576 5535 δὲ
1603 5482 1702 5555 τὴν
1726 5481 1933 5555 οἰκείαν
1965 5480 2152 5555 δεισιδ.

572 5553 706 5621 Ego,
739 5568 797 5607 re
829 5555 1093 5607 attentius
1110 5552 1421 5608 examinata
1443 5593 1457 5615 ,
1487 5554 1629 5607 hunc
1662 5552 1869 5621 locum
1892 5552 1964 5604 ita
2000 5552 2156 5621 resti-

574 5619 833 5694 tuendum
863 5638 984 5694 esse
1027 5624 1317 5677 existimo:
1356 5622 1678 5694 Ἐκκλησίαν
1703 5620 1992 5694 πορθῆσαι,
2042 5619 2160 5673 ἀνέ-

572 5708 743 5765 span:
780 5693 839 5765 δέ
865 5692 965 5765 τὴν
995 5695 1233 5765 οἰκείανη
1248 5689 1610 5765 εὐδαιμονίαν.
1636 5689 1809 5756 Νόσος
1838 5689 2012 5756 αὖθις,
2047 5701 2153 5743 etc.

558 5763 631 5814 id
663 5773 768 5825 est,
791 5762 1020 5817 Gentiles
1042 5781 1162 5818 cum
1200 5762 1490 5819 Ecclesium
1537 5763 1734 5817 Christi
1764 5773 1969 5816 vastare
2001 5769 2156 5829 atque

578 5847 804 5893 comere
833 5835 1202 5902 instituissent,
1232 5852 1383 5891 suam
1425 5835 1658 5901 ipsorum
1683 5832 1989 5904 felicitatem
2027 5832 2155 5886 sub-

2253 4216 2508 4287 ligionem
2540 4216 3009 4287 pessumdedisse.
3040 4215 3249 4283 Quippe
3292 4217 3532 4274 Ecclesia
3577 4219 3669 4272 Dei
3704 4232 3836 4287 per-

2256 4286 2628 4359 secutionibus
2651 4286 2958 4359 gentilium
3002 4286 3315 4359 impugnata
3338 4328 3373 4359 ,ί
3392 4286 3828 4359 superstitionem

2255 4357 2571 4426 cultumque
2599 4355 2854 4411 falsorum
2895 4355 3179 4410 numinum
3204 4358 3421 4412 devicit.

2328 4426 3234 4500 (91)ΔυστραπελίῳΤυτῃεΙιυε
3279 4428 3346 4480 ad
3392 4443 3545 4500 oram
3585 4429 3712 4500 libri
3752 4430 3840 4487 se".

2260 4495 2565 4553 emendavit
2593 4495 3002 4568 δυστραπελίαρ
3040 4495 3201 4568 certe
3222 4497 3273 4550 in
3303 4499 3493 4553 codice
3526 4498 3655 4555 Fuk.
3696 4502 3837 4554 scri-

2262 4569 2404 4641 bitur
2424 4565 2843 4641 δυστραπελίας.
2879 4565 3161 4641 lniiegiis
3181 4575 3359 4621 autem
3394 4569 3612 4624 schedis
3641 4570 3838 4641 legitur

2256 4638 2645 4710 δυστράπελος,
2669 4639 2865 4692 deinde
2886 4638 3089 4706 aliquot
3132 4639 3286 4710 lineas
3330 4649 3456 4710 sunt
3490 4638 3724 4695 omisst
3755 4644 3835 4696 Ac

2258 4707 2491 4764 fortasse
2513 4710 2857 4781 scribendum
2878 4719 2958 4779 εει
2996 4722 3114 4781 uno
3140 4708 3298 4761 ductu
3333 4707 3703 4781 δυστράπελος
3718 4711 3837 4781 βίου

2258 4781 2602 4851 παρασκευή,
2624 4780 2675 4833 id
2703 4790 2787 4831 cst
2813 4793 3051 4832 morosus
3069 4778 3187 4832 vitae
3213 4778 3519 4846 apparatus.
3547 4780 3659 4835 Nisi
3691 4778 3837 4835 enim

2260 4850 2330 4901 ita
2390 4850 2671 4923 legamus,
2703 4848 2834 4918 quid
2882 4850 2986 4902 erit
3015 4849 3156 4923 quod
3203 4849 3463 4923 sequitur:
3486 4848 3600 4919 βίου
3661 4869 3837 4923 παρα-

2653 4887 2667 4912 ,
2703 4881 2834 4912 ιμιιυ
2882 4881 2986 4902 Clu
3015 4881 3156 4912 ιμιυυ
3204 4881 3444 4912 acquuur
3486 4881 3600 4912 μιυυ
3667 4881 3839 4912 διαμα-

2261 4918 2643 4991 σκευήῖηιιοηι
2659 4920 2800 4991 inter
2816 4933 2922 4991 _res
2952 4920 3118 4991 malas
3143 4928 3392 4991 numerat
3425 4918 3835 4991 constantiu'us.

2259 4986 2531 5043 Masculus
2556 4989 2793 5061 quidem
2816 4989 3022 5061 legisse
3064 4988 3277 5041 videtur
3306 4986 3479 5058 βίαιος
3511 4990 3626 5060 βίου
3658 5008 3840 5061 παρα-

2261 5061 2452 5130 σκευή’
2489 5060 2656 5130 vertit
2710 5059 2865 5130 enim
2918 5058 3145 5130 violenta
3199 5061 3365 5130 uictus
3391 5058 3671 5130 astructio.
3714 5058 3835 5115 illo:

2257 5126 2430 5252 gudei
2463 5128 2597 5253 fuit.
2636 5129 2815 5193 habet,
2843 5128 2872 5182 ὃ
2893 5128 2988 5182 καὶ
3014 5128 3077 5181 οὐ
3107 5126 3373 5198 φυσικῶς,
3418 5128 3553 5182 ἴδιον
3570 5132 3842 5203 πονηρίας

2291 5219 2340 5253 ν.
2359 5217 2459 5253 ποτ
2494 5239 2509 5253 .
2532 5211 2638 5253 etc.

2291 5219 2340 5262 ν,
2359 5211 2509 5263 ποτε,
2532 5211 2638 5256 etc.

2329 5271 2445 5340 (92)
2476 5270 2635 5336 Αὕτη
2682 5268 2817 5338 μέν.
2865 5270 2920 5323 lu
2968 5269 3108 5324 libro
3156 5272 3334 5326 Μογιιή
3385 5270 3614 5340 perinde
3664 5286 3729 5325 ac
3783 5273 3836 5325 in

2258 5342 2491 5414 editione
2506 5341 2803 5414 Genevensi
2833 5342 2899 5393 ad
2924 5344 3218 5414 marginem
3235 5340 3681 5414 ετηιιειιιίξιιιινάλλ1
3698 5342 3836 5414 αὐτὴ

2261 5412 2381 5483 μὲν,
2409 5423 2514 5483 etc.
2547 5410 2781 5480 Optime,
2810 5422 2871 5464 ut
2918 5410 3111 5483 norunt
3167 5412 3364 5482 lingua!
3402 5410 3607 5469 (ιιι-ξιξερο
3656 5410 3834 5483 ρςνὶιίζ

2259 5480 2590 5552 Subauditur
2615 5490 2794 5552 autem
2819 5482 2853 5552 ἡ
2874 5482 3131 5552 πονηρία.
3154 5483 3211 5539 lu
3229 5480 3422 5540 codice
3449 5495 3667 5551 quoque
3694 5480 3837 5536 Fuk.

2259 5497 2590 5563 bttuauuuur
2615 5497 2794 5562 autem
2819 5497 2853 5552 η
2879 5497 3131 5603 aromata.

2257 5567 2321 5606 ac
2339 5551 2584 5627 Turneb}
2618 5551 2814 5619 legitur
2834 5551 2948 5627 ἀλλ’
2977 5569 3137 5627 ιιι-τη.

2330 5621 2440 5693 (9'5)
2479 5620 2632 5693 Vulgj
2658 5621 2972 5693 τηρητέον.
3005 5620 3172 5689 Hujus
3199 5620 3300 5676 loci
3343 5620 3652 5693 emendatio
3681 5621 3842 5676 debe-

2258 5690 2346 5747 tur
2375 5690 2548 5746 collici
2583 5690 2719 5747 Fuk.
2756 5692 2810 5764 in
2838 5708 2968 5764 quo,
2981 5694 3185 5764 diserte
3211 5692 3428 5764 legitur
3465 5691 3678 5764 ῥητέον.
3719 5694 3839 5760 Qua

2257 5764 2475 5835 quidem
2510 5762 2891 5818 emendatione
2920 5762 3057 5818 nihil
3088 5763 3311 5818 certius.
