4176 6388
380 402 537 459 ’1237

924 523 1325 577 ΚΕΦΑΛΛΙΟΝ
1363 524 1439 577 B'.

396 612 840 685 Προσφώνῃσις
877 614 954 683 τῇ
1005 615 1334 683 Ἐκκλησία
1368 617 1465 671 καὶ
1502 616 1628 682 τοῖς
1661 616 1980 685 ἀκροαταῖς

452 683 896 754 συγγινώσκειν
922 685 1022 740 καὶ
1054 686 1438 756 διορθοῦσθαι
1467 687 1539 741 τὰ
1566 683 1930 756 πταίοοματα.

475 777 671 830 Ἄκουε
699 776 903 843 τοίνυν,
936 778 1157 846 ἁγνείας
1183 779 1480 851 παρθενίας
1519 780 1564 832 τ’
1593 778 1827 850 ὲπήϐολε
1857 779 1983 833 ναύ-

400 868 569 940 κληρε
595 868 728 939 (94),
777 868 1077 941 Ἐκκλησία
1097 888 1158 923 τε
1190 870 1372 942 ἀώρου
1402 872 1503 926 καὶ
1525 871 1725 936 άδαοῦς
1770 872 1983 944 ήλικίας

399 958 612 1030 τιθήνη,
697 959 846 1030 μέλει
871 961 970 1032 μὲν
994 960 1272 1033 ἀληθείας,
1293 961 1444 1032 μέλει
1464 962 1522 1015 δὲ
1541 962 1949 1037 φιλανθρωπίας
1966 1004 1981 1028 ,

401 1050 460 1116 ἐξ
485 1046 553 1121 ἧς
571 1051 798 1105 ἀεννάου
834 1052 1020 1122 πηγῆς
1052 1052 1349 1116 ἀποστάζει
1382 1055 1652 1125 σωτήριον
1672 1057 1821 1126 νᾶμα
1846 1055 1979 1126 (95).

413 1139 685 1196 ’Λκούοιτε
710 1141 754 1194 δ’
790 1141 855 1195 ἂν
886 1143 981 1197 καὶ
1011 1143 1169 1214 ὑμεῖς
1193 1143 1476 1214 εὐφήμως,
1512 1147 1561 1198 οἱ
1582 1146 1673 1199 τὸν
1692 1145 1825 1200 Θεὸν
1850 1147 1983 1200 εἰλι-

403 1232 603 1303 κρινῶς
633 1232 900 1296 σέϐοντες⁸
931 1233 1011 1287 διὸ
1037 1233 1134 1288 καὶ
1169 1235 1477 1307 μεμέλησθε
1498 1236 1665 1307 αὐτῷ·
1692 1237 1987 1308 προσέχον-

399 1336 491 1382 τες
519 1319 610 1372 τὸν
642 1320 789 1385 νοῦν,
835 1321 911 1393 μὴ
952 1324 1018 1394 τῇ
1050 1324 1249 1395 φράσει
1282 1325 1501 1394 μᾶλλον,
1539 1324 1573 1396 ἢ
1602 1328 1667 1396 τῇ
1698 1324 1806 1378 τῶν
1832 1325 1985 1395 λεγο-

406 1407 581 1481 μένων
630 1409 877 1482 ἀληθείᾳ,
921 1411 1041 1483 μηδ’
1081 1415 1205 1484 ἐμοὶ
1234 1413 1312 1485 τῷ
1360 1414 1591 1483 λέγοντι,
1621 1415 1757 1469 ἀλλά
1789 1418 1856 1487 τῇ
1885 1417 1984 1487 τῆς

402 1498 781 1565 καθοσιώσεως
808 1503 1079 1575 εὐσεϐείᾳ.
1112 1506 1208 1569 Τίς
1239 1507 1349 1578 γὰρ
1380 1506 1446 1560 ἂν
1477 1507 1562 1578 εῐη
1598 1507 1774 1575 λόγων
1802 1508 1981 1579 χάρις,

401 1589 759 1655 ἀνεξετάστου
795 1594 1268 1669 καταλειπομένης
1309 1598 1408 1669 τῆς
1446 1597 1542 1652 τοῦ
1572 1598 1821 1667 λέγοντος
1867 1600 1984 1654 δια-

402 1679 636 1748 θέσεως-ς
671 1684 867 1756 Τολμῶ
905 1686 950 1740 δ’
976 1682 1070 1741 οὖν
1112 1688 1241 1753 ἴσως
1286 1690 1518 1761 μεγάλα,
1563 1690 1662 1762 τῆς
1689 1691 1748 1745 δὲ
1780 1691 1986 1763 τόλμης

399 1773 500 1845 τὴν
533 1775 670 1847 πρὸς
696 1776 756 1829 τὸ
800 1776 955 1832 Θεῖον
987 1781 1223 1852 στοργήν
1251 1780 1493 1851 ἔμφυτον
1525 1782 1810 1852 αἰτιῶμαι.
1837 1781 1983 1854 Αὕτη

1170 404 1634 462 CONSTANTINI
1667 406 1924 464 ORATIO
1964 408 2056 463 AD
2095 407 2519 466 SANCTORUM
2558 407 2851 466 C(ETUM:

2007 532 2055 589 A

3518 412 3654 467 1238

2700 524 2929 581 CAPUT
2969 524 3033 581 11.

2086 618 2350 675 Allocutio
2384 621 2452 672 ad
2477 618 2769 673 Ecclesinm
2808 628 2854 689 et
2891 620 3178 689 auditores,
3216 627 3273 671 ut
3296 620 3577 689 ignoscant
3604 625 3655 676 τε

2303 691 2596 753 emendem,
2619 690 2667 741 si
2693 688 2819 757 quid
2851 688 3023 743 minus
3047 696 3184 742 recte
3208 688 3426 744 dixerit.

2154 781 2288 835 Audi
2329 795 2480 850 ergo,
2514 780 2783 835 castitatis
2808 794 2870 833 ac
2904 779 3250 848 virginitatis.
3265 794 3489 850 compos
3519 796 3656 835 nau-

2085 874 2255 937 clere;
2287 881 2454 940 tuque
2480 870 2707 925 inﬁrmae
2732 885 2795 924 ac
2823 869 2974 924 rudis
2990 870 3168 925 aetatis
3188 871 3370 925 nutrix
3389 870 3655 934 Ecclesia,

2085 964 2172 1016 cui
2197 965 2397 1017 veritas
2418 972 2473 1016 et
2506 960 2795 1016 clementia
2822 974 2969 1014 cura:
2997 970 3110 1015 est:
3139 974 3207 1014 ex
3234 961 3388 1030 cujus
3421 962 3652 1030 perenni

2086 1056 2235 1110 fonte
2257 1054 2515 1109 salutaris
2539 1052 2724 1109 deﬂuit
2755 1056 2923 1109 rivus.
2949 1051 3059 1107 Vos
3084 1067 3301 1123 quoque
3325 1054 3416 1122 qui
3438 1054 3659 1108 sincere

2088 1146 2254 1202 Deum
2307 1145 2510 1210 colitis,
2542 1159 2775 1226 eamque
2817 1146 2888 1200 ob
2920 1159 3139 1199 causam
3188 1145 3266 1199 illi
3314 1160 3460 1200 cura:
3500 1145 3658 1210 estis,

2088 1239 2329 1293 faventes
2356 1237 2569 1296 audite,
2614 1252 2716 1292 nec
2751 1248 2859 1290 tam
2899 1236 2970 1291 ad
2997 1236 3162 1291 verba
3213 1235 3349 1305 ipsa,
3381 1251 3544 1306 quam
3591 1237 3659 1291 ad

2090 1344 2267 1383 rerum
2298 1343 2421 1397 quae
2447 1327 2706 1383 dicuntur
2734 1329 3047 1395 veritatem,
3077 1329 3321 1384 animum
3359 1328 3660 1393 intendite;

2086 1435 2185 1475 nec
2216 1435 2305 1473 me
2327 1419 2617 1483 dicentem,
2639 1419 2732 1474 sed
2755 1420 3059 1476 devotionis
3085 1420 3398 1491 religiosum
3427 1418 3660 1474 ofﬁcium

2085 1516 2349 1579 spectate.
2380 1507 2512 1575 Quae
2541 1509 2687 1563 enim
2719 1508 2893 1577 gratia
2928 1518 2984 1564 et
3011 1511 3219 1566 utilitas
3258 1511 3423 1566 fuerit
3452 1509 3660 1564 oratio-

2086 1601 2192 1664 nis,
2228 1600 2328 1655 nisi
2364 1601 2595 1656 dicentis
2641 1601 2858 1656 animus
2909 1611 3071 1658 antea
3112 1602 3280 1657 fuerit
3306 1602 3664 1673 exploratus?

2088 1691 2278 1760 Magna
2334 1692 2556 1760 quidem
2607 1691 2841 1748 fortasse
2889 1708 3184 1764 praesumo.
3216 1694 3418 1750 Verum
3470 1694 3667 1750 insitus

2088 1783 2216 1836 mihi
2266 1797 2394 1852 erga
2438 1783 2606 1837 Deum
2639 1798 2812 1847 amor,
2842 1786 3087 1841 audaciae
3123 1800 3288 1842 causa
3323 1796 3437 1852 est;
3466 1774 3667 1858 quippe

399 1864 511 1935 γὰρ
532 1866 623 1920 καὶ
651 1867 749 1939 τὴν
779 1868 915 1922 αἰδῶ
945 1869 1210 1940 βιάζεται.
1234 1872 1327 1925 Διὸ
1359 1872 1595 1943 μάλιστα
1622 1872 1749 1937 τοὺς
1771 1873 1990 1943 ἐπιστή-

2090 1874 2177 1943 qui
2233 1875 2340 1927 vim
2386 1872 2546 1928 aﬂ'ert
2580 1876 2790 1943 pudori.
2827 1876 3065 1933 Proinde
3095 1892 3192 1934 vos
3232 1879 3326 1948 qui
3361 1879 3669 1934 divinorum

405 1974 572 2028 μονας
604 1958 713 2012 τῶν
765 1958 926 2015 θείων
959 1964 1307 2035 μυστηρίων,
1346 1963 1575 2035 βοηθοὺς
1605 1964 1825 2036 ἐμαυτῷ
1858 1980 1985 2017 συν-

401 2049 579 2113 άπτω,
621 2051 687 2104 ἵν’
724 2050 820 2105 ὲάν
837 2070 889 2105 τι
913 2055 1164 2124 πταῖσμα
1188 2053 1461 2128 συμϐαίνῃ
1483 2055 1613 2126 περὶ
1629 2055 1754 2119 τοὺς
1777 2054 1985 2122 λόγους,

404 2144 999 2216 συμπαρομαρτοῦντες
1021 2145 1367 2218 διορθοῦσθε,
1406 2147 1506 2218 τὴν
1536 2146 1638 2217 μὲν
1658 2147 1834 2218 ἄκραν
1863 2162 1990 2199 παι·

400 2232 547 2288 δείαν
575 2235 648 2306 μὴ
673 2234 1083 2303 ἐπιποθοῦντες,
1105 2239 1166 2292 τὸ
1181 2239 1238 2292 δὲ
1260 2238 1453 2292 πιστὸν
1472 2238 1569 2310 τῆς
1594 2238 1989 2309 ἐπιχειρήσεως

401 2322 809 2395 ἀποδεχόμενοι.
864 2326 1151 2380 Ἐπίπνοια
1203 2327 1247 2380 δ’
1281 2330 1414 2400 ἡμῖν
1465 2327 1699 2400 μεγίστη
1750 2327 1845 2382 τοῦ
1879 2329 1989 2382 Πα-

401 2413 529 2482 τρὸς
578 2413 775 2479 Παιδός
825 2432 886 2469 τε
943 2419 1064 2471 κατ’
1117 2417 1280 2490 ἔργου
1330 2417 1530 2490 παρείη
1553 2458 1570 2484 ,
1634 2418 1988 2490 φθεγγομένῳ

401 2500 597 2566 ταῦτα,
626 2504 771 2576 ἆπερ
802 2505 868 2562 ἂν
901 2507 1038 2579 αὑτὴ
1069 2510 1268 2580 φράσει
1305 2508 1417 2581 (96)
1461 2510 1555 2564 καὶ
1583 2508 1791 2581 διανοίᾳ
1825 2526 1990 2581 προσ-

404 2589 550 2660 άψοι.
585 2594 649 2649 El
683 2596 793 2668 γάρ
818 2614 903 2661 τις
930 2599 1057 2653 ἄνευ
1086 2601 1219 2655 Θεοῦ
1261 2603 1576 2676 ῥητορικὴν,
1604 2603 1638 2675 ἢ
1664 2603 1830 2676 ἀλλην
1867 2604 1989 2658 τινὰ

405 2686 606 2754 μετιὼν
644 2690 975 2765 ἐπιστήμην,
1007 2695 1271 2767 ἀκριϐοῦν
1304 2698 1364 2751 τὸ
1394 2697 1553 2771 ἔργον
1601 2698 1800 2762 ἱκανῶς
1834 2698 1990 2752 ὑπεί-

401 2773 592 2848 ληφεν,
628 2780 823 2857 ἀτελὴς
851 2787 1012 2851 αὑτός
1043 2806 1104 2841 τε
1147 2791 1242 2843 καὶ
1281 2789 1343 2843 τὸ
1385 2790 1819 2863 σπουδαζόμενον
1849 2792 1991 2860 ἐφω-

408 2867 567 2942 ράθη.
630 2874 707 2927 Οὐ
762 2876 868 2948 μήν
916 2881 1275 2951 κατοκνητέον
1296 2922 1312 2948 ,
1370 2884 1480 2938 οὐδ’
1523 2884 1823 2956 ἀμελητέον
1878 2886 1990 2948 τοῖς

404 2963 738 3037 εὐτυχήσασι
776 2970 875 3041 τῆς
911 2971 1060 3037 θείας
1106 2975 1428 3042 ἐπιπνοίας·
1474 2977 1555 3031 διὸ
1590 2977 1684 3031 καὶ
1728 2979 1893 3048 ἡμεῖς
1929 2976 1992 3031 τδ

409 3057 583 3129 μῆκος
606 3060 703 3132 τῆς
723 3063 990 3136 ἀναϐολῆς
1017 3071 1488 3143 παραιτησάμενοι
1512 3070 1646 3143 (97),
1672 3070 1991 3145 πειρώμεθα

405 3149 502 3203 τοῦ
539 3152 746 3207 σκοποῦ
772 3155 956 3230 (πρὸς)
977 3159 1038 3214 τὸ
1058 3161 1285 3220 τέλειον.

2091 1965 2478 2038 mysteriorum
2516 1967 2743 2021 scientia
2790 1983 2902 2038 prae
2958 1970 3174 2025 caeteris
3202 1969 3453 2026 instructi
3510 1969 3670 2038 estis,

2089 2058 2294 2112 auxilio
2319 2059 2451 2113 mihi
2504 2059 2697 2116 adesse
2725 2061 2928 2126 velim;
2963 2069 3023 2116 ut
3063 2062 3108 2117 si
3139 2062 3271 2136 quid
3304 2061 3447 2121 forte
3489 2062 3542 2120 in
3580 2063 3668 2119 dir-

2089 2151 2261 2205 cendo
2288 2165 2517 2221 peccare
2539 2152 2850 2222 contigerit,
2869 2153 2969 2222 ipsi
2998 2169 3117 2208 mea
3135 2162 3406 2210 sectantes
3433 2154 3666 2224 vestigia

2090 2243 2403 2314 corrigatis,
2450 2257 2550 2298 nec
2582 2254 3012 2299 consummatam
3044 2245 3334 2316 quamdam
3357 2245 3666 2302 doctrinam

2091 2351 2119 2389 a
2152 2350 2237 2390 me
2264 2335 2612 2411 exspectetis,
2647 2337 2743 2391 sed
2775 2338 2957 2406 potius
2987 2337 3107 2393 ﬁdei
3133 2353 3265 2393 mea:
3292 2346 3546 2394 conatum
3569 2337 3667 2395 be-

2092 2429 2253 2499 nigne
2280 2429 2614 2497 approbetis.
2634 2429 2900 2485 Caeterum
2930 2429 3107 2485 Patris
3134 2430 3298 2503 569
3320 2447 3383 2487 ac
3406 2430 3530 2486 Filii
3549 2432 3666 2486 sin-

2091 2521 2280 2590 gulare
2313 2520 2578 2575 auxilium
2610 2521 2768 2577 nobis
2793 2523 2847 2577 in
2880 2523 3171 2592 praesentia
3201 2522 3464 2590 adspiret,
3492 2536 3555 2577 ea
3578 2523 3667 2579 di-

2091 2612 2341 2667 centibus
2367 2627 2487 2681 quae
2506 2611 2732 2682 jusserit
2765 2627 2828 2667 ac
2870 2614 3036 2668 menti
3077 2622 3279 2668 nostra:
3309 2615 3667 2686 suggesserit.

2093 2703 2149 2757 Si
2172 2704 2295 2773 quis
2317 2705 2462 2759 enim
2487 2714 2581 2759 aut
2604 2704 2938 2761 rhetoricam
2969 2715 3063 2760 aut
3086 2706 3242 2761 aliam
3292 2722 3670 2778 quamcunque

2093 2804 2266 2851 artem
2299 2796 2599 2866 professus,
2618 2805 2798 2866 sperat
2823 2811 2881 2852 se
2915 2797 3120 2865 absque
3148 2811 3251 2868 ope
3276 2799 3444 2853 divini
3472 2797 3670 2854 Numi»

2074 2889 2177 2943 'uis
2209 2902 2348 2957 opus
2375 2901 2533 2942 suum
2564 2888 2839 2943 cumulate
2868 2902 3032 2956 posse
3055 2888 3342 2958 perficere,
3368 2888 3415 2944 is
3444 2905 3567 2945 cum
3603 2904 3671 2946 eo

2091 2981 2236 3051 quod
2276 2981 2511 3049 suscepit
2546 2994 2713 3049 opere
2739 2979 2887 3034 rudis
2910 2990 3071 3052 atque
3093 2982 3444 3052 imperfectus
3467 2984 3682 3052 depre-e

2092 3073 2369 3129 heuditur.
2398 3070 2606 3138 Quibus
2636 3086 2768 3126 vero
2799 3072 2965 3127 divini
2994 3072 3244 3129 Numinis
3273 3072 3443 3128 semel
3473 3073 3681 3143 adspi-.

2095 3165 2236 3219 ravit
2258 3164 2544 3231 auxilium,
2583 3165 2620 3219 ii
2651 3165 2970 3234 neutiquam
3003 3179 3225 3219 cessare
3246 3179 3311 3219 ac
3332 3174 3548 3235 torpere
3573 3165 3671 3221 de-

405 3242 555 3297 bent.
612 3243 848 3303 Proinde
895 3242 1156 3321 longioris
1206 3254 1455 3325 prommii
1492 3254 1706 3310 veniam
1737 3254 1781 3318 la
1824 3255 1981 3311 vobis
2013 3254 2311 3326 deprecati,
2348 3265 2513 3328 caput
2549 3270 2614 3312 ac
2654 3270 2920 3313 summam
2960 3256 3191 3312 instituti
3239 3258 3411 3314 nostri
3445 3258 3668 3330 aggredi

407 3344 494 3388 leti
504 3335 761 3392 labimus.

932 3480 1333 3535 ΚΕΦΑΛΔΙΟΝ
1370 3482 1443 3536 Γ⁹.

409 3569 538 3624 Ὀτι
560 3570 783 3645 καὶτοῦ
799 3571 992 3641 Λόγου
1009 3571 1212 3645 Πατὴρ
1235 3578 1268 3629 ὀ
1290 3576 1454 3642 Θεὸς,
1477 3577 1577 3632 καὶ
1603 3574 1712 3645 τῆς
1738 3578 1991 3643 κτίσεως

477 3644 511 3694 ό
538 3641 721 3714 «etde
741 3641 1131 3714 δημιουργός·
1173 3641 1277 3714 οιαὶ
1298 3641 1420 3714 οὐκί
1440 3645 1519 3701 ἂν
1544 3641 1807 3714 ἡδύνὲατο
1839 3641 1990 3701 συνέ

473 3710 723 3766 εστάναι
745 3710 1057 3777 τὰόνταβὶ
1088 3713 1341 3785 διάφορα
1376 3713 1452 3786 ἦν
1466 3710 1665 3771 αὐτῶν
1681 3720 1753 3772 τὰ
1779 3718 1958 3772 αἴτια.

489 3802 715 3871 Ἀγαθὸν
742 3797 803 3858 οὗ
836 3803 1016 3858 πάντα
1046 3805 1280 3875 ἐφίεται,
1304 3808 1334 3859 ὁ
1355 3807 1495 3880 ὑπὲρ
1522 3808 1624 3879 τὴν
1657 3807 1845 3863 οὐσίαν
1878 3808 1989 3879 (98)

404 3896 540 3959 Θεὸς
577 3896 653 3950 ὢν
682 3897 789 3961 ἀεὶ,
836 3897 1052 3965 γένεσιν
1097 3898 1196 3952 οὐκ
1238 3899 1373 3971 ἔχει,
1424 3901 1619 3955 οὐκοῦν
1650 3901 1758 3954 οὐδ’
1790 3901 1988 3973 ἀρχὴν,

402 3990 512 4043 τῶν
562 3989 607 4043 δ’
635 3990 693 4043 ὲν
735 3988 945 4058 γενέσει
998 3990 1215 4045 πάντων
1264 3991 1429 4057 αὐτὸς
1504 3994 1669 4065 ἀρχή.
1730 3992 1787 4048 '0
1830 3992 1888 4047 δὲ
1928 3992 1989 4059 ἐξ

404 4077 615 4135 ἐκείνου
670 4078 810 4150 ἔχων
859 4081 958 4152 τήν
1009 4082 1290 4155 ἀναφορὰν
1312 4123 1327 4149 ,
1375 4086 1457 4147 εις
1508 4085 1713 4139 ἐκεῖνον
1773 4082 1989 4139 ἑνοῦται

477 4279 589 4350 (94)
626 4281 960 4349 Ναύκληρε.
994 4279 1088 4335 Sic
1113 4280 1423 4351 episcopum
1476 4290 1634 4337 vocat
1665 4279 1981 4337 Constanti-

404 4366 527 4409 nus.
577 4351 936 4421 translatione
990 4366 1096 4421 non
1144 4352 1321 4406 minus
1354 4352 1624 4421 eleganti,
1659 4368 1821 4418 quam
1860 4367 1983 4406 cum

406 4428 652 4488 pastores
675 4420 948 4474 dicuntur.
976 4420 1220 4486 Cumque
1249 4420 1487 4476 Ecclesia
1525 4422 1649 4475 navi
1670 4422 1984 4489 comparari

404 4488 596 4552 soleat,
641 4501 785 4543 recte
815 4491 1131 4560 navicularii
1160 4490 1415 4545 dicuntur
1454 4491 1695 4560 episcopi
1735 4494 1827 4559 qui
1860 4507 1980 4546 eam

407 4566 604 4629 [ρςιιηι
625 4599 640 4624 ,
664 4567 721 4610 et
756 4559 846 4624 qui
873 4560 1244 4626 apostolorum
1278 4576 1628 4615 successores
1646 4559 1821 4623 sunt,
1844 4577 1980 4629 quos

404 4626 651 4696 Christus
666 4641 732 4681 ex
755 4630 1112 4695 piscatoribus
1139 4630 1531 4696 gubernatores
1556 4629 1808 4685 Ecclesiae
1829 4626 1977 4686 fecit.

2701 3479 2931 3538 CAPUT
2970 3480 3054 3537 Ill.

2095 3575 2249 3642 Quod
2275 3576 2412 3661 Den‘s
2440 3574 2603 3661 Pater
2618 3573 2902 3661 estll’erbi,
2923 3585 2968 3627 et
2987 3574 3221 3661 omnium
3246 3592 3422 3661 rerum
3448 3576 3669 3661 opifei:

2165 3658 2213 3701 et
2253 3648 2392 3714 quod
2424 3646 2572 3700 nullo
2598 3649 2752 3699 modo
2793 3661 2874 3697 res
2900 3656 3102 3710 possent
3149 3648 3462 3713 consistere,
3498 3646 3548 3701 st’
3582 3648 3681 3726 di:

2164 3733 2321 3771 versa:
2336 3725 2507 3770 essent
2520 3731 2701 3770 earum
2718 3729 2911 3768 catasta.

2164 3808 2377 3866 Bonum
2424 3808 2552 3867 illud
2602 3807 2743 3877 quod
2776 3807 2959 3861 omnia
3008 3816 3285 3875 appetunt,
3322 3821 3446 3861 cum
3481 3790 3680 3877 suapte
3714 3834 3719 3837 Α

2093 3892 2288 3954 natura
2307 3912 2521 3968 semper
2545 3898 2689 3959 Deus
2713 3897 2804 3959 sit.
2828 3905 3004 3951 ortum
3030 3911 3136 3951 non
3161 3897 3339 3961 habet,
3359 3912 3423 3952 ac
3446 3898 3673 3968 proinde

2096 4006 2200 4047 nec
2234 3992 2584 4061 principium.
2623 3988 2743 4060 Ipse
2765 4004 2896 4045 vero
2926 3989 3166 4044 omnium
3199 4003 3320 4057 quae
3351 3988 3670 4059 gignuntur,

2095 4084 2433 4154 principium
2460 4093 2568 4138 est.
2597 4082 2699 4149 Qui
2729 4091 2911 4136 autem
2935 4095 3001 4136 ex
3027 4080 3146 4151 ipso
3171 4080 3459 4151 processit,
3484 4093 3674 4136 rursus

2096 4281 2332 4337 Excusat
2375 4281 2520 4335 enim
2562 4295 2623 4337 se
2667 4279 3076 4344 Constantinus,
3117 4279 3258 4348 quod
3283 4277 3513 4347 longiori
3540 4279 3672 4335 usus

2093 4353 2166 4405 sit
2197 4353 2486 4420 protemio.
2528 4349 2801 4422 Ἀναϐολή
2837 4350 3072 4422 proprie
3104 4360 3191 4422 est
3230 4350 3514 4422 exordium
3544 4365 3671 4402 cau-

2098 4417 2360 4490 tici'quod
2398 4422 2600 4475 chorus
2649 4417 2947 4490 praecinere
2994 4418 3234 4490 solebat.
3276 4417 3672 4490 Atjstophanes

2090 4490 2146 4569 in
2186 4485 2361 4569 Ligna,
2401 4506 2524 4569 pag.
2574 4490 2700 4555 685,
2740 4493 2805 4569 de
2853 4487 3305 4569 dithyrambicis,
3332 4485 3672 4569 Ξυνελέγοιτΐ

2088 4555 2358 4624 ἀναϐολὰς
2380 4555 2801 4631 πετόμεναι,ιιι)ῑ
2818 4555 3137 4631 scholiastes
3160 4565 3312 4631 notat
3328 4555 3468 4631 _:ca:;
3498 4558 3675 4627 ἀρχὰς

2088 4631 2200 4712 τῷν
2239 4626 2530 4712 ᾀσμάτων,
2548 4641 2609 4712 et
2638 4643 2853 4712 versum
2897 4626 3302 4712 ﬁgmerincitat.‘
3328 4626 3672 4712 Isocrates’iu

407 4690 574 4770 Porro
603 4690 857 4770 castitate
884 4713 948 4770 ac
971 4690 1282 4770 virginitate
1321 4700 1601 4769 praeditum
1633 4712 1827 4766 vocat,
1857 4703 1981 4770 quia

2095 4690 2488 4770 Panathenaico
2512 4690 2526 4754 ξ
2548 4700 2616 4770 Ἃ
2651 4700 2749 4770 μὲν
2776 4692 3202 4770 οὖνῌήϐουλήθην
3217 4696 3313 4750 καὶ
3341 4696 3676 4770 περὶμὲμαορ

405 4766 667 4841 ejusmodi
690 4778 847 4820 erant
876 4764 1678 4837 Christianorum'sacerdotes,
1713 4764 1988 4841 ἀγνοὶ’καὶ

2090 4769 2206 4835 τοῦ,
2241 4771 2337 4823 καὶ
2365 4768 2624 4841 περὶτῶν
2648 4764 2830 4841 ἀλλων
2863 4764 3052 4841 ῷσπερ
3264 4764 3372 4841 πρὸ
3400 4764 3494 4819 τοῦ
3523 4764 3673 4841 dxi?»-

405 4835 715 4890 παοθενίαι.

478 4889 602 4975 (95)
628 4904 930 4976 Σωτήρων
959 4906 1138 4976 νᾶμα.
1169 4906 1347 4964 Codex
1377 4909 1516 4968 Fuk.
1551 4921 1606 4967 et
1643 4911 1853 4968 srhedac
1880 4910 1989 4965 Re-

407 4976 508 5050 gia;
532 4993 661 5050 cum
696 4975 933 5050 Turnebi
964 4975 1103 5031 libro
1134 4979 1395 5050 scriptum
1433 4983 1633 5037 habent
1662 4982 1835 5050 πόμα.
1868 4982 1987 5034 Mox

407 5047 496 5099 ubi
532 5046 722 5117 legitur
748 5046 1107 5117 προσέχοντες
1133 5046 1226 5101 τὸν
1249 5046 1394 5115 νοῦν,
1430 5054 1599 5108 codex
1629 5046 1764 5107 Fuk'.
1796 5054 1991 5106 scribit

405 5116 732 5187 προσέχεται
761 5116 956 5187 mam;

481 5187 592 5254 (96)
621 5185 777 5254 Vulg.
800 5186 948 5254 ἅπερ
977 5186 1053 5240 ἂν
1077 5186 1237 5252 αὺτῷ
1259 5189 1493 5255 φράσει.
1516 5190 1873 5247 Scrihendum
1902 5199 1988 5245 est

406 5256 773 5332 αῦτηζειιιψιε
803 5259 835 5327 ή
868 5257 1124 5311 ἐπίπνοια
1150 5257 1243 5312 τοῦ
1267 5260 1983 5332 Πατρός,ψιθριοὼιιοάηιη

407 5326 541 5396 legit
561 5326 1085 5396 Christotihorsoms
1112 5344 1127 5391 ;
1159 5339 1307 5382 certe
1337 5326 1399 5382 ιη’
1423 5326 1608 5384 codice
1628 5329 1763 5384 Fuk.
1783 5330 2001 5385 scribi;

407 5394 514 5473 tur,
545 5394 933 5473 φθεγγομένοις
983 5397 1156 5453 ταῦτα
1174 5437 1190 5465 ,
1221 5398 1445 5471 ἆπερᾶν
1478 5399 1616 5471 αὐτὴ
1649 5400 1865 5473 φράσοι,
1895 5400 1988 5453 καὶ

404 5463 612 5537 διανοίᾳ
630 5463 934 5537 ᾃπροσάψοι.

479 5535 595 5607 (9η
626 5535 701 5590 Τὸ
717 5536 916 5605 μῆκος
964 5535 1072 5605 τῆς
1108 5536 1412 5606 ἀναϐολῆς
1460 5537 1984 5609 παραιτησάμενοι.

408 5604 640 5660 Ειῖιιιιιο
667 5604 729 5660 et
770 5604 1162 5675 pra-cedentem
1219 5604 1498 5676 periodum
1538 5604 1985 5677 'pvssiine'inter-

409 5686 654 5742 pretatus
691 5688 777 5731 est
823 5678 1371 5746 Christophorsouus.
1417 5678 1636 5733 Putavit
1681 5679 1825 5733 enim
1856 5681 1986 5733 ἀνα-

407 5744 569 5817 ϐολήν
616 5745 705 5817 hic
743 5746 1050 5817 signiﬁcare
1100 5764 1302 5802 moram
1351 5765 1415 5803 ac
1460 5750 1768 5803 dilationem
1805 5789 1821 5813 ,
1862 5766 1984 5804 cum

540 5763 569 5798 ν
618 5761 705 5799 DIC
743 5761 1050 5813 sngutttcare
1100 5764 1302 5802 moram
1351 5765 1415 5803 ac
1460 5761 1768 5803 dilationem
1805 5789 1821 5813 ,
1862 5766 1984 5804 CIII“

409 5762 569 5817 οολην
618 5762 705 5799 mc
743 5762 1050 5815 signtncare
1100 5764 1302 5802 moram
1351 5765 1415 5803 ac
1460 5762 1768 5803 dilationem
1805 5789 1821 5813 ,
1862 5766 1981 5804 cum

409 5825 588 5870 tamen
641 5816 878 5888 ἀναϐολή
937 5816 1041 5872 hoc
1098 5817 1216 5874 loco
1274 5819 1604 5891 signiﬁcaret
1654 5821 1981 5890 prooemium.

2093 4858 2183 4904 νος
2226 4837 2766 4912 προαναϐάλλεσθαι,
2801 4837 2977 4893 ταῦτά
3020 4837 3201 4912 εστιν.
3249 4838 3292 4890 Δ
3353 4839 3674 4912 cantoribus

2095 4906 2360 4979 igitur'ad
2388 4920 2632 4979 oratores
2663 4917 2848 4979 postea
2884 4908 3206 4962 translatum
3232 4913 3315 4960 est
3353 4906 3405 4959 id
3436 4907 3674 4979 vocabu-

2094 4975 2204 5034 lum
2234 4999 2251 5043 ;
2281 4989 2336 5033 et
2362 4977 2756 5048 ἀναϐάλλεσθαι
2772 4980 3026 5032 dixerunt
3068 4991 3170 5045 pro
3198 4975 3672 5048 προοιμιάζεσθαι,

2092 5060 2154 5102 ιιι
2206 5058 2434 5103 testatur
2465 5047 2783 5118 Hesychius.
2828 5048 3088 5118 Ulpianus
3126 5048 3187 5118 in
3229 5047 3528 5118 arationem
3562 5049 3669 5118 lie-

2094 5119 2392 5173 umSIhenis
2421 5122 2488 5171 de
2509 5114 2848 5173 Chersoneso
2884 5114 2909 5172 ε’
2927 5114 3352 5187 Ἀναϐαλόμενος
3374 5115 3433 5169 δὲ
3452 5116 3519 5187 διῗ
3552 5116 3675 5187 ένὸς

2091 5188 2324 5260 λάμϐδα,
2353 5189 2473 5241 ἀντὶ
2514 5187 2608 5241 τοῦ
2630 5258 2638 5260 Α
2658 5188 3152 5260 προοιμιασάμενος
3178 5185 3204 5219 ί
3240 5188 3336 5241 καὶ
3381 5185 3671 5260 ἀναϐολᾲς,

2093 5256 2498 5331 προοίμιατμδίο
2549 5256 2940 5331 Aristophanes
2992 5256 3043 5312 in
3087 5257 3269 5321 (rene,
3314 5256 3669 5331 pagitta‘7l7,

2094 5325 2536 5401 προαναϐάληται
2561 5339 2615 5381 et
2630 5326 2900 5382 ἀναϐαλοῦ
2926 5331 3125 5401 εοόειιι
3142 5343 3305 5401 sensu
3316 5325 3484 5401 dixit.
3502 5325 3672 5401 Porro

2093 5396 2159 5454 ex
2192 5400 2293 5452 hoc
2322 5396 2443 5454 loco
2469 5407 2712 5467 apparet,
2753 5399 3078 5467 prooemium
3116 5399 3274 5468 hujus
3307 5396 3572 5452 oratiOnis
3604 5398 3672 5450 ad

2096 5470 2209 5523 haec
2242 5483 2411 5537 usque
2441 5470 2602 5537 verba
2630 5469 2901 5537 protendi.

2165 5538 2279 5606 (98)
2297 5533 2458 5605 Vulg.
2483 5533 2670 5607 οὗπερ
2696 5536 2812 5604 τὴν
2838 5538 3077 5591 οὐσίαν.
3104 5534 3673 5607 ιεεεηά.ρυιοόὺπὶρ

2091 5605 2190 5681 τὴν
2214 5608 2398 5661 οὐσίαν
2422 5608 2575 5671 Θεός.
2616 5605 2754 5681 Nam
2803 5623 3074 5681 summurn
3102 5609 3300 5681 bonum
3344 5605 3477 5659 nihil
3510 5605 3673 5681 ﬁliuni

2092 5673 2176 5733 es't
2210 5694 2369 5749 qnam
2384 5693 2640 5749 summus
2666 5678 2825 5733 Deus.
2845 5676 2937 5749 Sic
2961 5677 3119 5749 infra,
3136 5678 3314 5749 capite
3333 5688 3494 5749 nono,
3510 5673 3673 5749 Πρῷ-

2092 5765 2186 5802 τον
2227 5744 2330 5819 μὲν
2368 5746 2503 5801 Θεὸν
2534 5745 2978 5830 ὑφηγήσατοπὸν
3023 5745 3165 5817 ὑπὲρ
3195 5744 3294 5816 τὴν
3343 5744 3579 5824 οὐσίαν(
3612 5744 3674 5806 lu

2093 5820 2252 5874 codd.
2287 5816 2422 5874 Fuk.
2451 5825 2507 5874 et
2538 5818 2730 5874 Saviltt
2771 5819 3033 5874 scribitur
3053 5816 3189 5887 ὅπερ
3225 5815 3388 5872 male.
