  <div class='ocr_page' id='page_1' title='image "/cluster/home/n/w/nwhite01/storage/ocr_20150623/20:no.2/coo.31924054873009/631.png"; bbox 0 0 4176 6402; ppageno 0'>
   <div class='ocr_carea' id='block_1_1' title="bbox 553 384 694 438">
    <p class='ocr_par' dir='ltr' id='par_1_1' title="bbox 553 384 694 438">
     <span class='ocr_line' id='line_1_1' title="bbox 553 384 694 438; baseline -0.007 0"><span class='ocrx_word' id='word_1_1' title='bbox 553 384 694 438; x_wconf 65' lang='grc' dir='ltr'>ΞΞΞΞΒ</span> 
     </span>
    </p>
   </div>
   <div class='ocr_carea' id='block_1_2' title="bbox 1291 377 3094 438">
    <p class='ocr_par' dir='ltr' id='par_1_2' title="bbox 1291 377 3094 438">
     <span class='ocr_line' id='line_1_2' title="bbox 1291 377 3094 438; baseline 0.003 -5"><span class='ocrx_word' id='word_1_2' title='bbox 1291 377 1561 435; x_wconf 81' lang='lat' dir='ltr'><strong>EUSEBII</strong></span> <span class='ocrx_word' id='word_1_3' title='bbox 1599 379 2069 438; x_wconf 62' lang='lat' dir='ltr'><strong>CAESXRIENSIS</strong></span> <span class='ocrx_word' id='word_1_4' title='bbox 2105 381 2257 437; x_wconf 84' lang='lat' dir='ltr'><strong>OPP.</strong></span> <span class='ocrx_word' id='word_1_5' title='bbox 2297 381 2475 438; x_wconf 69' lang='lat' dir='ltr'><strong>PARS</strong></span> <span class='ocrx_word' id='word_1_6' title='bbox 2512 384 2552 438; x_wconf 76' lang='lat' dir='ltr'><strong>l.</strong></span> <span class='ocrx_word' id='word_1_7' title='bbox 2593 413 2662 427; x_wconf 88' lang='lat'><strong>-</strong></span> <span class='ocrx_word' id='word_1_8' title='bbox 2699 380 3094 438; x_wconf 62' lang='lat' dir='ltr'><strong>HISTORICA.</strong></span> 
     </span>
    </p>
   </div>
   <div class='ocr_carea' id='block_1_3' title="bbox 3671 381 3815 437">
    <p class='ocr_par' dir='ltr' id='par_1_3' title="bbox 3671 381 3815 437">
     <span class='ocr_line' id='line_1_3' title="bbox 3671 381 3815 437; baseline 0 0"><span class='ocrx_word' id='word_1_9' title='bbox 3671 381 3815 437; x_wconf 65' lang='grc' dir='ltr'>ιειο</span> 
     </span>
    </p>
   </div>
   <div class='ocr_carea' id='block_1_4' title="bbox 554 503 2117 576">
    <p class='ocr_par' dir='ltr' id='par_1_4' title="bbox 554 503 2117 576">
     <span class='ocr_line' id='line_1_4' title="bbox 554 503 2117 576; baseline -0.002 -17"><span class='ocrx_word' id='word_1_10' title='bbox 554 523 678 561; x_wconf 76' lang='lat' dir='ltr'><strong>cum</strong></span> <span class='ocrx_word' id='word_1_11' title='bbox 732 505 850 576; x_wconf 83' lang='lat' dir='ltr'><strong>ipso</strong></span> <span class='ocrx_word' id='word_1_12' title='bbox 888 503 1234 574; x_wconf 71' lang='lat' dir='ltr'><strong>coniungitur</strong></span> <span class='ocrx_word' id='word_1_13' title='bbox 1284 513 1446 572; x_wconf 89' lang='lat' dir='ltr'><strong>atque</strong></span> <span class='ocrx_word' id='word_1_14' title='bbox 1500 503 1688 558; x_wconf 89' lang='lat' dir='ltr'><strong>unitur</strong></span> <span class='ocrx_word' id='word_1_15' title='bbox 1722 522 1735 558; x_wconf 90' lang='lat'><strong>:</strong></span> <span class='ocrx_word' id='word_1_16' title='bbox 1773 505 1972 574; x_wconf 79' lang='lat' dir='ltr'><strong>quippe</strong></span> <span class='ocrx_word' id='word_1_17' title='bbox 2009 518 2117 560; x_wconf 86' lang='lat' dir='ltr'><strong>cuu</strong></span> 
     </span>
    </p>
   </div>
   <div class='ocr_carea' id='block_1_5' title="bbox 2219 503 3816 576">
    <p class='ocr_par' dir='ltr' id='par_1_5' title="bbox 2239 503 3816 576">
     <span class='ocr_line' id='line_1_5' title="bbox 2239 503 3816 576; baseline 0.001 -19"><span class='ocrx_word' id='word_1_18' title='bbox 2239 503 2422 570; x_wconf 85' lang='grc' dir='ltr'>πάλιν,</span> <span class='ocrx_word' id='word_1_19' title='bbox 2449 504 2640 576; x_wconf 79' lang='grc' dir='ltr'>ἐκείνῳ</span> <span class='ocrx_word' id='word_1_20' title='bbox 2671 503 2775 575; x_wconf 80' lang='grc' dir='ltr'>τῆς</span> <span class='ocrx_word' id='word_1_21' title='bbox 2803 504 3138 568; x_wconf 79' lang='grc' dir='ltr'><strong>διαστάσεως</strong></span> <span class='ocrx_word' id='word_1_22' title='bbox 3171 504 3511 576; x_wconf 77' lang='grc' dir='ltr'>συγκρίσεώς</span> <span class='ocrx_word' id='word_1_23' title='bbox 3543 521 3600 558; x_wconf 87' lang='grc' dir='ltr'><strong>τε</strong></span> <span class='ocrx_word' id='word_1_24' title='bbox 3632 505 3692 559; x_wconf 77' lang='grc' dir='ltr'>οὐ</span> <span class='ocrx_word' id='word_1_25' title='bbox 3720 522 3816 560; x_wconf 77' lang='grc' dir='ltr'><strong>το-</strong></span> 
     </span>
    </p>
   </div>
   <div class='ocr_carea' id='block_1_6' title="bbox 554 594 2122 666">
    <p class='ocr_par' dir='ltr' id='par_1_6' title="bbox 554 594 2122 666">
     <span class='ocr_line' id='line_1_6' title="bbox 554 594 2122 666; baseline 0.001 -17"><span class='ocrx_word' id='word_1_26' title='bbox 554 597 848 666; x_wconf 85' lang='lat' dir='ltr'><strong>disjunetio</strong></span> <span class='ocrx_word' id='word_1_27' title='bbox 897 607 1064 666; x_wconf 82' lang='lat' dir='ltr'><strong>atque</strong></span> <span class='ocrx_word' id='word_1_28' title='bbox 1117 594 1426 663; x_wconf 74' lang='lat' dir='ltr'><strong>coniunctio</strong></span> <span class='ocrx_word' id='word_1_29' title='bbox 1476 611 1583 650; x_wconf 90' lang='lat' dir='ltr'><strong>non</strong></span> <span class='ocrx_word' id='word_1_30' title='bbox 1629 595 1874 652; x_wconf 91' lang='lat' dir='ltr'><strong>locorum</strong></span> <span class='ocrx_word' id='word_1_31' title='bbox 1910 597 2122 664; x_wconf 86' lang='lat' dir='ltr'><strong>spatiis,</strong></span> 
     </span>
    </p>
   </div>
   <div class='ocr_carea' id='block_1_7' title="bbox 556 686 2126 758">
    <p class='ocr_par' dir='ltr' id='par_1_7' title="bbox 556 686 2126 758">
     <span class='ocr_line' id='line_1_7' title="bbox 556 686 2126 758; baseline 0.001 -15"><span class='ocrx_word' id='word_1_32' title='bbox 556 688 652 743; x_wconf 85' lang='lat' dir='ltr'><strong>sed</strong></span> <span class='ocrx_word' id='word_1_33' title='bbox 702 686 978 743; x_wconf 90' lang='lat' dir='ltr'><strong>intellectu</strong></span> <span class='ocrx_word' id='word_1_34' title='bbox 1005 687 1271 741; x_wconf 78' lang='lat' dir='ltr'><strong>duntaxat</strong></span> <span class='ocrx_word' id='word_1_35' title='bbox 1311 687 1365 740; x_wconf 91' lang='lat' dir='ltr'><strong>iu</strong></span> <span class='ocrx_word' id='word_1_36' title='bbox 1419 687 1515 742; x_wconf 90' lang='lat' dir='ltr'><strong>illo</strong></span> <span class='ocrx_word' id='word_1_37' title='bbox 1553 688 1894 757; x_wconf 74' lang='lat' dir='ltr'><strong>perﬁciatur.</strong></span> <span class='ocrx_word' id='word_1_38' title='bbox 1935 687 2126 758; x_wconf 84' lang='lat' dir='ltr'><strong>Neque</strong></span> 
     </span>
    </p>
   </div>
   <div class='ocr_carea' id='block_1_8' title="bbox 552 777 2125 847">
    <p class='ocr_par' dir='ltr' id='par_1_8' title="bbox 552 777 2125 847">
     <span class='ocr_line' id='line_1_8' title="bbox 552 777 2125 847; baseline -0.001 -12"><span class='ocrx_word' id='word_1_39' title='bbox 552 779 696 835; x_wconf 84' lang='lat' dir='ltr'><strong>enim</strong></span> <span class='ocrx_word' id='word_1_40' title='bbox 755 777 867 834; x_wconf 78' lang='lat' dir='ltr'><strong>ullo</strong></span> <span class='ocrx_word' id='word_1_41' title='bbox 914 787 1260 847; x_wconf 87' lang='lat' dir='ltr'><strong>paternorum</strong></span> <span class='ocrx_word' id='word_1_42' title='bbox 1306 779 1576 832; x_wconf 83' lang='lat' dir='ltr'><strong>viscerum</strong></span> <span class='ocrx_word' id='word_1_43' title='bbox 1621 778 1821 834; x_wconf 88' lang='lat' dir='ltr'><strong>damno</strong></span> <span class='ocrx_word' id='word_1_44' title='bbox 1855 777 1997 834; x_wconf 83' lang='lat' dir='ltr'><strong>fetus</strong></span> <span class='ocrx_word' id='word_1_45' title='bbox 2035 779 2125 834; x_wconf 88' lang='lat' dir='ltr'><strong>ille</strong></span> 
     </span>
    </p>
   </div>
   <div class='ocr_carea' id='block_1_9' title="bbox 553 870 2125 940">
    <p class='ocr_par' dir='ltr' id='par_1_9' title="bbox 553 870 2125 940">
     <span class='ocr_line' id='line_1_9' title="bbox 553 870 2125 940; baseline 0.002 -17"><span class='ocrx_word' id='word_1_46' title='bbox 553 871 815 936; x_wconf 72' lang='lat' dir='ltr'><strong>constitit,</strong></span> <span class='ocrx_word' id='word_1_47' title='bbox 857 870 1001 924; x_wconf 84' lang='lat' dir='ltr'><strong>sicut</strong></span> <span class='ocrx_word' id='word_1_48' title='bbox 1035 884 1098 924; x_wconf 85' lang='lat' dir='ltr'><strong>ea</strong></span> <span class='ocrx_word' id='word_1_49' title='bbox 1129 885 1252 940; x_wconf 64' lang='lat' dir='ltr'><strong>qua:</strong></span> <span class='ocrx_word' id='word_1_50' title='bbox 1281 886 1347 924; x_wconf 82' lang='lat' dir='ltr'><strong>ex</strong></span> <span class='ocrx_word' id='word_1_51' title='bbox 1395 871 1602 924; x_wconf 78' lang='lat' dir='ltr'><strong>semine</strong></span> <span class='ocrx_word' id='word_1_52' title='bbox 1648 881 1943 926; x_wconf 89' lang='lat' dir='ltr'><strong>nascuntur</strong></span> <span class='ocrx_word' id='word_1_53' title='bbox 1979 889 1994 925; x_wconf 90' lang='lat'>:</span> <span class='ocrx_word' id='word_1_54' title='bbox 2030 871 2125 926; x_wconf 89' lang='lat' dir='ltr'><strong>sed</strong></span> 
     </span>
    </p>
   </div>
   <div class='ocr_carea' id='block_1_10' title="bbox 553 959 2122 1031">
    <p class='ocr_par' dir='ltr' id='par_1_10' title="bbox 553 959 2122 1031">
     <span class='ocr_line' id='line_1_10' title="bbox 553 959 2122 1031; baseline -0.001 -16"><span class='ocrx_word' id='word_1_55' title='bbox 553 962 754 1016; x_wconf 73' lang='lat' dir='ltr'><strong>divina:</strong></span> <span class='ocrx_word' id='word_1_56' title='bbox 779 959 1141 1016; x_wconf 65' lang='lat' dir='ltr'><strong>Providentia</strong></span> <span class='ocrx_word' id='word_1_57' title='bbox 1167 959 1522 1031; x_wconf 81' lang='lat' dir='ltr'><strong>dispositione</strong></span> <span class='ocrx_word' id='word_1_58' title='bbox 1543 960 1721 1016; x_wconf 84' lang='lat' dir='ltr'><strong>editus</strong></span> <span class='ocrx_word' id='word_1_59' title='bbox 1737 971 1822 1014; x_wconf 91' lang='lat' dir='ltr'><strong>est</strong></span> <span class='ocrx_word' id='word_1_60' title='bbox 1844 961 2122 1025; x_wconf 87' lang='lat' dir='ltr'><strong>Servator,</strong></span> 
     </span>
    </p>
   </div>
   <div class='ocr_carea' id='block_1_11' title="bbox 551 1063 2128 1136">
    <p class='ocr_par' dir='ltr' id='par_1_11' title="bbox 551 1063 2128 1136">
     <span class='ocr_line' id='line_1_11' title="bbox 551 1063 2128 1136; baseline 0.004 -20"><span class='ocrx_word' id='word_1_61' title='bbox 551 1065 644 1134; x_wconf 72' lang='lat' dir='ltr'><strong>qui</strong></span> <span class='ocrx_word' id='word_1_62' title='bbox 680 1066 806 1120; x_wconf 84' lang='lat' dir='ltr'><strong>huic</strong></span> <span class='ocrx_word' id='word_1_63' title='bbox 848 1063 1165 1136; x_wconf 88' lang='lat' dir='ltr'><strong>aspcetabili</strong></span> <span class='ocrx_word' id='word_1_64' title='bbox 1205 1064 1426 1131; x_wconf 88' lang='lat' dir='ltr'><strong>mundo,</strong></span> <span class='ocrx_word' id='word_1_65' title='bbox 1471 1075 1524 1119; x_wconf 90' lang='lat' dir='ltr'><strong>et</strong></span> <span class='ocrx_word' id='word_1_66' title='bbox 1551 1066 1767 1121; x_wconf 87' lang='lat' dir='ltr'><strong>cunctis</strong></span> <span class='ocrx_word' id='word_1_67' title='bbox 1797 1081 1918 1135; x_wconf 62' lang='lat' dir='ltr'><strong>qua</strong></span> <span class='ocrx_word' id='word_1_68' title='bbox 1962 1066 2014 1120; x_wconf 93' lang='lat' dir='ltr'><strong>in</strong></span> <span class='ocrx_word' id='word_1_69' title='bbox 2059 1082 2128 1122; x_wconf 85' lang='lat' dir='ltr'><strong>eo</strong></span> 
     </span>
    </p>
   </div>
   <div class='ocr_carea' id='block_1_12' title="bbox 550 1155 2122 1226">
    <p class='ocr_par' dir='ltr' id='par_1_12' title="bbox 550 1155 2122 1226">
     <span class='ocr_line' id='line_1_12' title="bbox 550 1155 2122 1226; baseline 0 -16"><span class='ocrx_word' id='word_1_70' title='bbox 550 1155 830 1211; x_wconf 75' lang='lat' dir='ltr'><strong>fabricatae</strong></span> <span class='ocrx_word' id='word_1_71' title='bbox 877 1163 1004 1210; x_wconf 89' lang='lat' dir='ltr'><strong>sunt</strong></span> <span class='ocrx_word' id='word_1_72' title='bbox 1051 1156 1218 1210; x_wconf 88' lang='lat' dir='ltr'><strong>rebus</strong></span> <span class='ocrx_word' id='word_1_73' title='bbox 1270 1164 1433 1224; x_wconf 89' lang='lat' dir='ltr'><strong>atque</strong></span> <span class='ocrx_word' id='word_1_74' title='bbox 1483 1156 1741 1224; x_wconf 82' lang='lat' dir='ltr'><strong>cperibus</strong></span> <span class='ocrx_word' id='word_1_75' title='bbox 1787 1157 2122 1226; x_wconf 75' lang='lat' dir='ltr'><strong>pratsideret.</strong></span> 
     </span>
    </p>
   </div>
   <div class='ocr_carea' id='block_1_13' title="bbox 551 1246 2122 1320">
    <p class='ocr_par' dir='ltr' id='par_1_13' title="bbox 551 1246 2122 1320">
     <span class='ocr_line' id='line_1_13' title="bbox 551 1246 2122 1320; baseline -0.003 -15"><span class='ocrx_word' id='word_1_76' title='bbox 551 1249 817 1305; x_wconf 82' lang='lat' dir='ltr'><strong>Omnibus</strong></span> <span class='ocrx_word' id='word_1_77' title='bbox 861 1249 1029 1320; x_wconf 89' lang='lat' dir='ltr'><strong>igitur</strong></span> <span class='ocrx_word' id='word_1_78' title='bbox 1057 1263 1176 1317; x_wconf 73' lang='lat' dir='ltr'><strong>quae</strong></span> <span class='ocrx_word' id='word_1_79' title='bbox 1210 1247 1394 1301; x_wconf 91' lang='lat' dir='ltr'><strong>mundi</strong></span> <span class='ocrx_word' id='word_1_80' title='bbox 1433 1246 1716 1315; x_wconf 78' lang='lat' dir='ltr'><strong>complexu</strong></span> <span class='ocrx_word' id='word_1_81' title='bbox 1751 1248 2122 1314; x_wconf 86' lang='lat' dir='ltr'><strong>continentur,</strong></span> 
     </span>
    </p>
   </div>
   <div class='ocr_carea' id='block_1_14' title="bbox 551 1339 2123 1408">
    <p class='ocr_par' dir='ltr' id='par_1_14' title="bbox 551 1339 2123 1408">
     <span class='ocr_line' id='line_1_14' title="bbox 551 1339 2123 1408; baseline 0.001 -14"><span class='ocrx_word' id='word_1_82' title='bbox 551 1340 882 1397; x_wconf 80' lang='lat' dir='ltr'><strong>subsistendi</strong></span> <span class='ocrx_word' id='word_1_83' title='bbox 932 1355 996 1395; x_wconf 87' lang='lat' dir='ltr'><strong>ac</strong></span> <span class='ocrx_word' id='word_1_84' title='bbox 1031 1340 1248 1394; x_wconf 75' lang='lat' dir='ltr'><strong>vivendi</strong></span> <span class='ocrx_word' id='word_1_85' title='bbox 1298 1339 1423 1394; x_wconf 87' lang='lat' dir='ltr'><strong>hinc</strong></span> <span class='ocrx_word' id='word_1_86' title='bbox 1463 1340 1703 1408; x_wconf 82' lang='lat' dir='ltr'><strong>suppetit</strong></span> <span class='ocrx_word' id='word_1_87' title='bbox 1747 1354 1935 1397; x_wconf 85' lang='lat' dir='ltr'><strong>causa.</strong></span> <span class='ocrx_word' id='word_1_88' title='bbox 1985 1339 2123 1395; x_wconf 90' lang='lat' dir='ltr'><strong>llinc</strong></span> 
     </span>
    </p>
   </div>
   <div class='ocr_carea' id='block_1_15' title="bbox 549 1429 2121 1500">
    <p class='ocr_par' dir='ltr' id='par_1_15' title="bbox 549 1429 2121 1500">
     <span class='ocr_line' id='line_1_15' title="bbox 549 1429 2121 1500; baseline 0 -14"><span class='ocrx_word' id='word_1_89' title='bbox 549 1432 757 1498; x_wconf 77' lang='lat' dir='ltr'><strong>anima,</strong></span> <span class='ocrx_word' id='word_1_90' title='bbox 788 1431 914 1486; x_wconf 88' lang='lat' dir='ltr'><strong>hinc</strong></span> <span class='ocrx_word' id='word_1_91' title='bbox 941 1445 1135 1486; x_wconf 87' lang='lat' dir='ltr'><strong>sensus</strong></span> <span class='ocrx_word' id='word_1_92' title='bbox 1173 1432 1375 1496; x_wconf 84' lang='lat' dir='ltr'><strong>omnis,</strong></span> <span class='ocrx_word' id='word_1_93' title='bbox 1406 1439 1460 1486; x_wconf 87' lang='lat' dir='ltr'><strong>et</strong></span> <span class='ocrx_word' id='word_1_94' title='bbox 1504 1429 1790 1486; x_wconf 77' lang='lat' dir='ltr'><strong>facultates</strong></span> <span class='ocrx_word' id='word_1_95' title='bbox 1830 1431 2026 1500; x_wconf 81' lang='lat' dir='ltr'><strong>quibus</strong></span> <span class='ocrx_word' id='word_1_96' title='bbox 2057 1447 2121 1486; x_wconf 88' lang='lat' dir='ltr'><strong>ea</strong></span> 
     </span>
    </p>
   </div>
   <div class='ocr_carea' id='block_1_16' title="bbox 551 1522 2120 1593">
    <p class='ocr_par' dir='ltr' id='par_1_16' title="bbox 551 1522 2120 1593">
     <span class='ocr_line' id='line_1_16' title="bbox 551 1522 2120 1593; baseline 0.002 -16"><span class='ocrx_word' id='word_1_97' title='bbox 551 1540 673 1593; x_wconf 64' lang='lat' dir='ltr'><strong>qua</strong></span> <span class='ocrx_word' id='word_1_98' title='bbox 726 1539 757 1579; x_wconf 87' lang='lat' dir='ltr'><strong>a</strong></span> <span class='ocrx_word' id='word_1_99' title='bbox 814 1523 1068 1578; x_wconf 88' lang='lat' dir='ltr'><strong>sensibus</strong></span> <span class='ocrx_word' id='word_1_100' title='bbox 1101 1522 1405 1592; x_wconf 80' lang='lat' dir='ltr'><strong>significata</strong></span> <span class='ocrx_word' id='word_1_101' title='bbox 1450 1531 1596 1587; x_wconf 78' lang='lat' dir='ltr'><strong>sunt,</strong></span> <span class='ocrx_word' id='word_1_102' title='bbox 1650 1535 2120 1580; x_wconf 88' lang='lat' dir='ltr'><strong>consumtnantur.</strong></span> 
     </span>
    </p>
   </div>
   <div class='ocr_carea' id='block_1_17' title="bbox 553 1613 2120 1684">
    <p class='ocr_par' dir='ltr' id='par_1_17' title="bbox 553 1613 2120 1684">
     <span class='ocr_line' id='line_1_17' title="bbox 553 1613 2120 1684; baseline 0.003 -15"><span class='ocrx_word' id='word_1_103' title='bbox 553 1615 822 1682; x_wconf 75' lang='lat' dir='ltr'><strong>Quidnam</strong></span> <span class='ocrx_word' id='word_1_104' title='bbox 851 1614 1016 1684; x_wconf 88' lang='lat' dir='ltr'><strong>igitur</strong></span> <span class='ocrx_word' id='word_1_105' title='bbox 1049 1614 1166 1670; x_wconf 72' lang='lat' dir='ltr'><strong>haec</strong></span> <span class='ocrx_word' id='word_1_106' title='bbox 1197 1613 1472 1670; x_wconf 83' lang='lat' dir='ltr'><strong>concludit</strong></span> <span class='ocrx_word' id='word_1_107' title='bbox 1503 1616 1722 1670; x_wconf 80' lang='lat' dir='ltr'><strong>oratio?</strong></span> <span class='ocrx_word' id='word_1_108' title='bbox 1758 1615 1932 1673; x_wconf 79' lang='lat' dir='ltr'><strong>Unum</strong></span> <span class='ocrx_word' id='word_1_109' title='bbox 1969 1619 2120 1674; x_wconf 89' lang='lat' dir='ltr'><strong>scili-</strong></span> 
     </span>
    </p>
   </div>
   <div class='ocr_carea' id='block_1_18' title="bbox 551 1704 2124 1776">
    <p class='ocr_par' dir='ltr' id='par_1_18' title="bbox 551 1704 2124 1776">
     <span class='ocr_line' id='line_1_18' title="bbox 551 1704 2124 1776; baseline 0.004 -18"><span class='ocrx_word' id='word_1_110' title='bbox 551 1713 640 1760; x_wconf 85' lang='lat' dir='ltr'><strong>cet</strong></span> <span class='ocrx_word' id='word_1_111' title='bbox 667 1718 790 1759; x_wconf 84' lang='lat' dir='ltr'><strong>esse</strong></span> <span class='ocrx_word' id='word_1_112' title='bbox 820 1704 1062 1759; x_wconf 89' lang='lat' dir='ltr'><strong>omnium</strong></span> <span class='ocrx_word' id='word_1_113' title='bbox 1106 1705 1409 1774; x_wconf 65' lang='lat' dir='ltr'><strong>prasidem,</strong></span> <span class='ocrx_word' id='word_1_114' title='bbox 1441 1715 1749 1776; x_wconf 88' lang='lat' dir='ltr'><strong>cunctaque</strong></span> <span class='ocrx_word' id='word_1_115' title='bbox 1795 1708 1912 1776; x_wconf 86' lang='lat' dir='ltr'><strong>ejus</strong></span> <span class='ocrx_word' id='word_1_116' title='bbox 1962 1711 2124 1766; x_wconf 91' lang='lat' dir='ltr'><strong>unius</strong></span> 
     </span>
    </p>
   </div>
   <div class='ocr_carea' id='block_1_19' title="bbox 550 1813 2124 1884">
    <p class='ocr_par' dir='ltr' id='par_1_19' title="bbox 550 1813 2124 1884">
     <span class='ocr_line' id='line_1_19' title="bbox 550 1813 2124 1884; baseline 0.001 -16"><span class='ocrx_word' id='word_1_117' title='bbox 550 1814 793 1870; x_wconf 88' lang='lat' dir='ltr'><strong>dominio</strong></span> <span class='ocrx_word' id='word_1_118' title='bbox 819 1814 1118 1884; x_wconf 85' lang='lat' dir='ltr'><strong>subjacere,</strong></span> <span class='ocrx_word' id='word_1_119' title='bbox 1150 1823 1258 1867; x_wconf 91' lang='lat' dir='ltr'><strong>tam</strong></span> <span class='ocrx_word' id='word_1_120' title='bbox 1281 1813 1520 1869; x_wconf 63' lang='lat' dir='ltr'><strong>coelestia</strong></span> <span class='ocrx_word' id='word_1_121' title='bbox 1549 1829 1711 1884; x_wconf 91' lang='lat' dir='ltr'><strong>quam</strong></span> <span class='ocrx_word' id='word_1_122' title='bbox 1745 1823 1990 1880; x_wconf 89' lang='lat' dir='ltr'><strong>terrena,</strong></span> <span class='ocrx_word' id='word_1_123' title='bbox 2024 1831 2124 1871; x_wconf 79' lang='lat' dir='ltr'><strong>na—</strong></span> 
     </span>
    </p>
   </div>
   <div class='ocr_carea' id='block_1_20' title="bbox 552 1907 2123 1976">
    <p class='ocr_par' dir='ltr' id='par_1_20' title="bbox 552 1907 2123 1976">
     <span class='ocr_line' id='line_1_20' title="bbox 552 1907 2123 1976; baseline 0.003 -17"><span class='ocrx_word' id='word_1_124' title='bbox 552 1907 748 1962; x_wconf 83' lang='lat' dir='ltr'><strong>turalia</strong></span> <span class='ocrx_word' id='word_1_125' title='bbox 774 1921 987 1976; x_wconf 89' lang='lat' dir='ltr'><strong>quoque</strong></span> <span class='ocrx_word' id='word_1_126' title='bbox 1026 1917 1081 1962; x_wconf 88' lang='lat' dir='ltr'><strong>ct</strong></span> <span class='ocrx_word' id='word_1_127' title='bbox 1135 1921 1397 1975; x_wconf 85' lang='lat' dir='ltr'><strong>orgamca</strong></span> <span class='ocrx_word' id='word_1_128' title='bbox 1450 1921 1697 1976; x_wconf 84' lang='lat' dir='ltr'><strong>corpora.</strong></span> <span class='ocrx_word' id='word_1_129' title='bbox 1745 1907 1881 1964; x_wconf 79' lang='lat' dir='ltr'><strong>Nam</strong></span> <span class='ocrx_word' id='word_1_130' title='bbox 1925 1909 1968 1963; x_wconf 89' lang='lat' dir='ltr'><strong>si</strong></span> <span class='ocrx_word' id='word_1_131' title='bbox 2022 1909 2123 1964; x_wconf 82' lang='lat' dir='ltr'><strong>ha-</strong></span> 
     </span>
    </p>
   </div>
   <div class='ocr_carea' id='block_1_21' title="bbox 551 1997 2122 2068">
    <p class='ocr_par' dir='ltr' id='par_1_21' title="bbox 551 1997 2122 2068">
     <span class='ocr_line' id='line_1_21' title="bbox 551 1997 2122 2068; baseline 0.003 -18"><span class='ocrx_word' id='word_1_132' title='bbox 551 2009 673 2050; x_wconf 89' lang='lat' dir='ltr'><strong>rum</strong></span> <span class='ocrx_word' id='word_1_133' title='bbox 729 2011 934 2062; x_wconf 91' lang='lat' dir='ltr'><strong>rerum,</strong></span> <span class='ocrx_word' id='word_1_134' title='bbox 955 2011 1076 2068; x_wconf 66' lang='lat' dir='ltr'><strong>quae</strong></span> <span class='ocrx_word' id='word_1_135' title='bbox 1130 1997 1554 2053; x_wconf 87' lang='lat' dir='ltr'><strong>lnuumerabiles</strong></span> <span class='ocrx_word' id='word_1_136' title='bbox 1603 2007 1763 2065; x_wconf 86' lang='lat' dir='ltr'><strong>sunt,</strong></span> <span class='ocrx_word' id='word_1_137' title='bbox 1825 2000 2122 2054; x_wconf 86' lang='lat' dir='ltr'><strong>dominium</strong></span> 
     </span>
    </p>
   </div>
   <div class='ocr_carea' id='block_1_22' title="bbox 549 2089 2124 2159">
    <p class='ocr_par' dir='ltr' id='par_1_22' title="bbox 549 2089 2124 2159">
     <span class='ocr_line' id='line_1_22' title="bbox 549 2089 2124 2159; baseline 0.003 -16"><span class='ocrx_word' id='word_1_138' title='bbox 549 2101 655 2143; x_wconf 86' lang='lat' dir='ltr'><strong>non</strong></span> <span class='ocrx_word' id='word_1_139' title='bbox 681 2103 846 2159; x_wconf 90' lang='lat' dir='ltr'><strong>penes</strong></span> <span class='ocrx_word' id='word_1_140' title='bbox 887 2104 1078 2153; x_wconf 90' lang='lat' dir='ltr'><strong>unum,</strong></span> <span class='ocrx_word' id='word_1_141' title='bbox 1120 2090 1210 2143; x_wconf 88' lang='lat' dir='ltr'><strong>sed</strong></span> <span class='ocrx_word' id='word_1_142' title='bbox 1243 2103 1408 2156; x_wconf 88' lang='lat' dir='ltr'><strong>penes</strong></span> <span class='ocrx_word' id='word_1_143' title='bbox 1442 2089 1640 2146; x_wconf 90' lang='lat' dir='ltr'><strong>multos</strong></span> <span class='ocrx_word' id='word_1_144' title='bbox 1678 2091 1964 2156; x_wconf 88' lang='lat' dir='ltr'><strong>resideret,</strong></span> <span class='ocrx_word' id='word_1_145' title='bbox 2004 2106 2124 2147; x_wconf 83' lang='lat' dir='ltr'><strong>sor-</strong></span> 
     </span>
    </p>
   </div>
   <div class='ocr_carea' id='block_1_23' title="bbox 549 2191 2122 2254">
    <p class='ocr_par' dir='ltr' id='par_1_23' title="bbox 549 2191 2122 2254">
     <span class='ocr_line' id='line_1_23' title="bbox 549 2191 2122 2254; baseline 0.006 -11"><span class='ocrx_word' id='word_1_146' title='bbox 549 2191 674 2245; x_wconf 88' lang='lat' dir='ltr'><strong>titio</strong></span> <span class='ocrx_word' id='word_1_147' title='bbox 697 2205 760 2246; x_wconf 90' lang='lat' dir='ltr'><strong>ac</strong></span> <span class='ocrx_word' id='word_1_148' title='bbox 795 2191 988 2247; x_wconf 84' lang='lat' dir='ltr'><strong>divisio</strong></span> <span class='ocrx_word' id='word_1_149' title='bbox 1017 2191 1433 2254; x_wconf 89' lang='lat' dir='ltr'><strong>elementorum,</strong></span> <span class='ocrx_word' id='word_1_150' title='bbox 1457 2200 1514 2246; x_wconf 91' lang='lat' dir='ltr'><strong>ut</strong></span> <span class='ocrx_word' id='word_1_151' title='bbox 1549 2203 1634 2248; x_wconf 90' lang='lat' dir='ltr'><strong>est</strong></span> <span class='ocrx_word' id='word_1_152' title='bbox 1661 2194 1714 2250; x_wconf 92' lang='lat' dir='ltr'><strong>in</strong></span> <span class='ocrx_word' id='word_1_153' title='bbox 1741 2195 2016 2252; x_wconf 82' lang='lat' dir='ltr'><strong>veteribus</strong></span> <span class='ocrx_word' id='word_1_154' title='bbox 2037 2198 2122 2252; x_wconf 86' lang='lat' dir='ltr'><strong>la-</strong></span> 
     </span>
    </p>
   </div>
   <div class='ocr_carea' id='block_1_24' title="bbox 547 2279 2123 2355">
    <p class='ocr_par' dir='ltr' id='par_1_24' title="bbox 547 2279 2123 2355">
     <span class='ocr_line' id='line_1_24' title="bbox 547 2279 2123 2355; baseline 0.004 -20"><span class='ocrx_word' id='word_1_155' title='bbox 547 2279 691 2337; x_wconf 83' lang='lat' dir='ltr'><strong>bulis</strong></span> <span class='ocrx_word' id='word_1_156' title='bbox 712 2325 726 2349; x_wconf 93' lang='lat'><strong>,</strong></span> <span class='ocrx_word' id='word_1_157' title='bbox 765 2282 965 2338; x_wconf 87' lang='lat' dir='ltr'><strong>invidia</strong></span> <span class='ocrx_word' id='word_1_158' title='bbox 997 2299 1060 2337; x_wconf 93' lang='lat' dir='ltr'><strong>ac</strong></span> <span class='ocrx_word' id='word_1_159' title='bbox 1105 2285 1224 2350; x_wconf 89' lang='lat' dir='ltr'><strong>plus</strong></span> <span class='ocrx_word' id='word_1_160' title='bbox 1251 2283 1486 2338; x_wconf 83' lang='lat' dir='ltr'><strong>habendi</strong></span> <span class='ocrx_word' id='word_1_161' title='bbox 1531 2285 1834 2355; x_wconf 78' lang='lat' dir='ltr'><strong>cupiditas,</strong></span> <span class='ocrx_word' id='word_1_162' title='bbox 1863 2288 2008 2342; x_wconf 89' lang='lat' dir='ltr'><strong>omni</strong></span> <span class='ocrx_word' id='word_1_163' title='bbox 2039 2289 2123 2342; x_wconf 81' lang='lat' dir='ltr'><strong>vi-</strong></span> 
     </span>
    </p>
   </div>
   <div class='ocr_carea' id='block_1_25' title="bbox 549 2372 2122 2443">
    <p class='ocr_par' dir='ltr' id='par_1_25' title="bbox 549 2372 2122 2443">
     <span class='ocr_line' id='line_1_25' title="bbox 549 2372 2122 2443; baseline 0.006 -18"><span class='ocrx_word' id='word_1_164' title='bbox 549 2372 694 2426; x_wconf 88' lang='lat' dir='ltr'><strong>rium</strong></span> <span class='ocrx_word' id='word_1_165' title='bbox 729 2373 848 2426; x_wconf 78' lang='lat' dir='ltr'><strong>nisu</strong></span> <span class='ocrx_word' id='word_1_166' title='bbox 877 2387 1136 2443; x_wconf 88' lang='lat' dir='ltr'><strong>superare</strong></span> <span class='ocrx_word' id='word_1_167' title='bbox 1161 2373 1522 2442; x_wconf 87' lang='lat' dir='ltr'><strong>contendens,</strong></span> <span class='ocrx_word' id='word_1_168' title='bbox 1551 2391 1843 2432; x_wconf 88' lang='lat' dir='ltr'><strong>consonam</strong></span> <span class='ocrx_word' id='word_1_169' title='bbox 1879 2380 2122 2434; x_wconf 91' lang='lat' dir='ltr'><strong>omnium</strong></span> 
     </span>
    </p>
   </div>
   <div class='ocr_carea' id='block_1_26' title="bbox 550 2465 2125 2539">
    <p class='ocr_par' dir='ltr' id='par_1_26' title="bbox 550 2465 2125 2539">
     <span class='ocr_line' id='line_1_26' title="bbox 550 2465 2125 2539; baseline 0.005 -20"><span class='ocrx_word' id='word_1_170' title='bbox 550 2479 736 2519; x_wconf 90' lang='lat' dir='ltr'><strong>rerum</strong></span> <span class='ocrx_word' id='word_1_171' title='bbox 784 2465 1132 2520; x_wconf 85' lang='lat' dir='ltr'><strong>concordiam</strong></span> <span class='ocrx_word' id='word_1_172' title='bbox 1169 2467 1550 2535; x_wconf 82' lang='lat' dir='ltr'><strong>perturbaret;</strong></span> <span class='ocrx_word' id='word_1_173' title='bbox 1599 2468 1825 2539; x_wconf 77' lang='lat' dir='ltr'><strong>singulis</strong></span> <span class='ocrx_word' id='word_1_174' title='bbox 1870 2471 2125 2527; x_wconf 84' lang='lat' dir='ltr'><strong>videlicet</strong></span> 
     </span>
    </p>
   </div>
   <div class='ocr_carea' id='block_1_27' title="bbox 548 2557 2123 2630">
    <p class='ocr_par' dir='ltr' id='par_1_27' title="bbox 548 2557 2123 2630">
     <span class='ocr_line' id='line_1_27' title="bbox 548 2557 2123 2630; baseline 0.004 -18"><span class='ocrx_word' id='word_1_175' title='bbox 548 2571 668 2612; x_wconf 86' lang='lat' dir='ltr'><strong>eam</strong></span> <span class='ocrx_word' id='word_1_176' title='bbox 697 2571 858 2624; x_wconf 87' lang='lat' dir='ltr'><strong>quam</strong></span> <span class='ocrx_word' id='word_1_177' title='bbox 887 2557 1064 2612; x_wconf 85' lang='lat' dir='ltr'><strong>sortiti</strong></span> <span class='ocrx_word' id='word_1_178' title='bbox 1096 2567 1280 2612; x_wconf 90' lang='lat' dir='ltr'><strong>essent</strong></span> <span class='ocrx_word' id='word_1_179' title='bbox 1305 2558 1630 2630; x_wconf 88' lang='lat' dir='ltr'><strong>portionem,</strong></span> <span class='ocrx_word' id='word_1_180' title='bbox 1668 2561 1883 2616; x_wconf 89' lang='lat' dir='ltr'><strong>diversa</strong></span> <span class='ocrx_word' id='word_1_181' title='bbox 1913 2562 2123 2619; x_wconf 88' lang='lat' dir='ltr'><strong>ratione</strong></span> 
     </span>
    </p>
   </div>
   <div class='ocr_carea' id='block_1_28' title="bbox 550 2649 2123 2722">
    <p class='ocr_par' dir='ltr' id='par_1_28' title="bbox 550 2649 2123 2722">
     <span class='ocr_line' id='line_1_28' title="bbox 550 2649 2123 2722; baseline 0.003 -18"><span class='ocrx_word' id='word_1_182' title='bbox 550 2649 1077 2704; x_wconf 60' lang='lat' dir='ltr'><strong>sitnisistrantibus.</strong></span> <span class='ocrx_word' id='word_1_183' title='bbox 1107 2649 1308 2706; x_wconf 68' lang='lat' dir='ltr'><strong>Verum</strong></span> <span class='ocrx_word' id='word_1_184' title='bbox 1333 2666 1400 2707; x_wconf 84' lang='lat' dir='ltr'><strong>ex</strong></span> <span class='ocrx_word' id='word_1_185' title='bbox 1427 2665 1492 2707; x_wconf 92' lang='lat' dir='ltr'><strong>eo</strong></span> <span class='ocrx_word' id='word_1_186' title='bbox 1533 2651 1678 2722; x_wconf 85' lang='lat' dir='ltr'><strong>quod</strong></span> <span class='ocrx_word' id='word_1_187' title='bbox 1713 2652 2006 2709; x_wconf 88' lang='lat' dir='ltr'><strong>universus</strong></span> <span class='ocrx_word' id='word_1_188' title='bbox 2035 2655 2123 2710; x_wconf 91' lang='lat' dir='ltr'><strong>hic</strong></span> 
     </span>
    </p>
   </div>
   <div class='ocr_carea' id='block_1_29' title="bbox 549 2742 2128 2813">
    <p class='ocr_par' dir='ltr' id='par_1_29' title="bbox 549 2742 2128 2813">
     <span class='ocr_line' id='line_1_29' title="bbox 549 2742 2128 2813; baseline 0.004 -17"><span class='ocrx_word' id='word_1_189' title='bbox 549 2743 784 2796; x_wconf 81' lang='lat' dir='ltr'><strong>mundus</strong></span> <span class='ocrx_word' id='word_1_190' title='bbox 808 2756 916 2796; x_wconf 91' lang='lat' dir='ltr'><strong>uno</strong></span> <span class='ocrx_word' id='word_1_191' title='bbox 940 2756 1155 2812; x_wconf 88' lang='lat' dir='ltr'><strong>semper</strong></span> <span class='ocrx_word' id='word_1_192' title='bbox 1177 2742 1480 2813; x_wconf 89' lang='lat' dir='ltr'><strong>eodemque</strong></span> <span class='ocrx_word' id='word_1_193' title='bbox 1519 2744 1678 2800; x_wconf 90' lang='lat' dir='ltr'><strong>modo</strong></span> <span class='ocrx_word' id='word_1_194' title='bbox 1699 2759 1759 2801; x_wconf 89' lang='lat' dir='ltr'><strong>se</strong></span> <span class='ocrx_word' id='word_1_195' title='bbox 1786 2745 1968 2812; x_wconf 87' lang='lat' dir='ltr'><strong>habet,</strong></span> <span class='ocrx_word' id='word_1_196' title='bbox 1989 2747 2128 2802; x_wconf 87' lang='lat' dir='ltr'><strong>satis-</strong></span> 
     </span>
    </p>
   </div>
   <div class='ocr_carea' id='block_1_30' title="bbox 548 2847 2123 2920">
    <p class='ocr_par' dir='ltr' id='par_1_30' title="bbox 548 2847 2123 2920">
     <span class='ocr_line' id='line_1_30' title="bbox 548 2847 2123 2920; baseline 0.002 -18"><span class='ocrx_word' id='word_1_197' title='bbox 548 2848 893 2903; x_wconf 77' lang='lat' dir='ltr'><strong>convincitur</strong></span> <span class='ocrx_word' id='word_1_198' title='bbox 945 2863 1053 2903; x_wconf 91' lang='lat' dir='ltr'><strong>non</strong></span> <span class='ocrx_word' id='word_1_199' title='bbox 1087 2847 1206 2904; x_wconf 89' lang='lat' dir='ltr'><strong>sine</strong></span> <span class='ocrx_word' id='word_1_200' title='bbox 1233 2847 1587 2904; x_wconf 85' lang='lat' dir='ltr'><strong>Providentia</strong></span> <span class='ocrx_word' id='word_1_201' title='bbox 1621 2848 1674 2904; x_wconf 88' lang='lat' dir='ltr'><strong>id</strong></span> <span class='ocrx_word' id='word_1_202' title='bbox 1707 2849 1844 2920; x_wconf 86' lang='lat' dir='ltr'><strong>geri,</strong></span> <span class='ocrx_word' id='word_1_203' title='bbox 1882 2865 1982 2905; x_wconf 84' lang='lat' dir='ltr'><strong>nec</strong></span> <span class='ocrx_word' id='word_1_204' title='bbox 2011 2850 2123 2905; x_wconf 86' lang='lat' dir='ltr'><strong>for-</strong></span> 
     </span>
    </p>
   </div>
   <div class='ocr_carea' id='block_1_31' title="bbox 549 2939 2122 3012">
    <p class='ocr_par' dir='ltr' id='par_1_31' title="bbox 549 2939 2122 3012">
     <span class='ocr_line' id='line_1_31' title="bbox 549 2939 2122 3012; baseline 0.002 -18"><span class='ocrx_word' id='word_1_205' title='bbox 549 2940 688 2994; x_wconf 89' lang='lat' dir='ltr'><strong>tuito</strong></span> <span class='ocrx_word' id='word_1_206' title='bbox 713 2953 843 2994; x_wconf 88' lang='lat' dir='ltr'><strong>casu</strong></span> <span class='ocrx_word' id='word_1_207' title='bbox 889 2939 942 2995; x_wconf 93' lang='lat' dir='ltr'><strong>id</strong></span> <span class='ocrx_word' id='word_1_208' title='bbox 973 2940 1292 3010; x_wconf 85' lang='lat' dir='ltr'><strong>contigisse.</strong></span> <span class='ocrx_word' id='word_1_209' title='bbox 1339 2940 1472 3006; x_wconf 84' lang='lat' dir='ltr'><strong>Quis</strong></span> <span class='ocrx_word' id='word_1_210' title='bbox 1501 2955 1629 2998; x_wconf 85' lang='lat' dir='ltr'><strong>vero</strong></span> <span class='ocrx_word' id='word_1_211' title='bbox 1660 2939 1824 3012; x_wconf 82' lang='lat' dir='ltr'><strong>57o</strong></span> <span class='ocrx_word' id='word_1_212' title='bbox 1853 2943 2122 2998; x_wconf 74' lang='lat' dir='ltr'><strong>universze</strong></span> 
     </span>
    </p>
   </div>
   <div class='ocr_carea' id='block_1_32' title="bbox 545 3029 2117 3104">
    <p class='ocr_par' dir='ltr' id='par_1_32' title="bbox 545 3029 2117 3104">
     <span class='ocr_line' id='line_1_32' title="bbox 545 3029 2117 3104; baseline 0.004 -22"><span class='ocrx_word' id='word_1_213' title='bbox 545 3029 788 3085; x_wconf 68' lang='lat' dir='ltr'><strong>materiae</strong></span> <span class='ocrx_word' id='word_1_214' title='bbox 815 3029 1060 3100; x_wconf 76' lang='lat' dir='ltr'><strong>opiﬁcem</strong></span> <span class='ocrx_word' id='word_1_215' title='bbox 1077 3045 1312 3101; x_wconf 86' lang='lat' dir='ltr'><strong>unquam</strong></span> <span class='ocrx_word' id='word_1_216' title='bbox 1329 3031 1900 3100; x_wconf 63' lang='lat' dir='ltr'><strong>agnovissetwuiuam</strong></span> <span class='ocrx_word' id='word_1_217' title='bbox 1919 3036 2117 3104; x_wconf 90' lang='lat' dir='ltr'><strong>primo,</strong></span> 
     </span>
    </p>
   </div>
   <div class='ocr_carea' id='block_1_33' title="bbox 543 3119 2116 3199">
    <p class='ocr_par' dir='ltr' id='par_1_33' title="bbox 543 3119 2116 3199">
     <span class='ocr_line' id='line_1_33' title="bbox 543 3119 2116 3199; baseline 0.005 -25"><span class='ocrx_word' id='word_1_218' title='bbox 543 3119 760 3174; x_wconf 84' lang='lat' dir='ltr'><strong>cuinam</strong></span> <span class='ocrx_word' id='word_1_219' title='bbox 791 3129 1068 3191; x_wconf 89' lang='lat' dir='ltr'><strong>postremo</strong></span> <span class='ocrx_word' id='word_1_220' title='bbox 1103 3121 1400 3195; x_wconf 73' lang='lat' dir='ltr'><strong>allegandze</strong></span> <span class='ocrx_word' id='word_1_221' title='bbox 1435 3133 1619 3179; x_wconf 86' lang='lat' dir='ltr'><strong>essent</strong></span> <span class='ocrx_word' id='word_1_222' title='bbox 1660 3139 1850 3194; x_wconf 83' lang='lat' dir='ltr'><strong>preces</strong></span> <span class='ocrx_word' id='word_1_223' title='bbox 1889 3135 1944 3182; x_wconf 90' lang='lat' dir='ltr'><strong>et</strong></span> <span class='ocrx_word' id='word_1_224' title='bbox 1986 3142 2116 3199; x_wconf 91' lang='lat' dir='ltr'><strong>sup-</strong></span> 
     </span>
    </p>
   </div>
   <div class='ocr_carea' id='block_1_34' title="bbox 2231 595 3813 668">
    <p class='ocr_par' dir='ltr' id='par_1_34' title="bbox 2231 595 3813 668">
     <span class='ocr_line' id='line_1_34' title="bbox 2231 595 3813 668; baseline 0 -18"><span class='ocrx_word' id='word_1_225' title='bbox 2231 599 2426 663; x_wconf 78' lang='grc' dir='ltr'>πικῶς,</span> <span class='ocrx_word' id='word_1_226' title='bbox 2472 597 2607 650; x_wconf 78' lang='grc' dir='ltr'>ἀλλὰ</span> <span class='ocrx_word' id='word_1_227' title='bbox 2651 598 2852 668; x_wconf 87' lang='grc' dir='ltr'>νοερῶς</span> <span class='ocrx_word' id='word_1_228' title='bbox 2893 595 3219 666; x_wconf 82' lang='grc' dir='ltr'><strong>γινομένης·</strong></span> <span class='ocrx_word' id='word_1_229' title='bbox 3255 597 3318 648; x_wconf 82' lang='grc' dir='ltr'>οὺ</span> <span class='ocrx_word' id='word_1_230' title='bbox 3350 595 3460 666; x_wconf 87' lang='grc' dir='ltr'><strong>γὰρ</strong></span> <span class='ocrx_word' id='word_1_231' title='bbox 3498 596 3673 667; x_wconf 80' lang='grc' dir='ltr'>ζημίᾳ</span> <span class='ocrx_word' id='word_1_232' title='bbox 3704 598 3813 650; x_wconf 77' lang='grc' dir='ltr'>τινὶ</span> 
     </span>
    </p>
   </div>
   <div class='ocr_carea' id='block_1_35' title="bbox 2231 685 3813 760">
    <p class='ocr_par' dir='ltr' id='par_1_35' title="bbox 2231 685 3813 760">
     <span class='ocr_line' id='line_1_35' title="bbox 2231 685 3813 760; baseline 0.001 -20"><span class='ocrx_word' id='word_1_233' title='bbox 2231 687 2338 740; x_wconf 88' lang='grc' dir='ltr'><strong>τῶν</strong></span> <span class='ocrx_word' id='word_1_234' title='bbox 2361 687 2628 759; x_wconf 79' lang='grc' dir='ltr'><strong>πατρῴων</strong></span> <span class='ocrx_word' id='word_1_235' title='bbox 2650 685 2973 758; x_wconf 78' lang='grc' dir='ltr'><strong>σπλάγχνων</strong></span> <span class='ocrx_word' id='word_1_236' title='bbox 3004 687 3230 760; x_wconf 79' lang='grc' dir='ltr'>συνέστη</span> <span class='ocrx_word' id='word_1_237' title='bbox 3252 686 3312 739; x_wconf 67' lang='grc' dir='ltr'><strong>τὸ</strong></span> <span class='ocrx_word' id='word_1_238' title='bbox 3325 687 3602 758; x_wconf 83' lang='grc' dir='ltr'>γεννηθὲν,</span> <span class='ocrx_word' id='word_1_239' title='bbox 3621 687 3813 758; x_wconf 87' lang='grc' dir='ltr'>ῶσπερ</span> 
     </span>
    </p>
   </div>
   <div class='ocr_carea' id='block_1_36' title="bbox 2231 776 3804 848">
    <p class='ocr_par' dir='ltr' id='par_1_36' title="bbox 2231 776 3804 848">
     <span class='ocr_line' id='line_1_36' title="bbox 2231 776 3804 848; baseline -0.001 -17"><span class='ocrx_word' id='word_1_240' title='bbox 2231 779 2421 848; x_wconf 80' lang='grc' dir='ltr'>ἀμέλει</span> <span class='ocrx_word' id='word_1_241' title='bbox 2464 777 2532 830; x_wconf 81' lang='grc' dir='ltr'><strong>τά</strong></span> <span class='ocrx_word' id='word_1_242' title='bbox 2578 779 2642 830; x_wconf 78' lang='grc' dir='ltr'>ὲκ</span> <span class='ocrx_word' id='word_1_243' title='bbox 2692 778 3040 848; x_wconf 79' lang='grc' dir='ltr'><strong>σπερμάτων,</strong></span> <span class='ocrx_word' id='word_1_244' title='bbox 3090 776 3222 830; x_wconf 77' lang='grc' dir='ltr'>ἀλλά</span> <span class='ocrx_word' id='word_1_245' title='bbox 3249 776 3487 843; x_wconf 81' lang='grc' dir='ltr'><strong>διατάξει</strong></span> <span class='ocrx_word' id='word_1_246' title='bbox 3515 777 3804 846; x_wconf 78' lang='grc' dir='ltr'><strong>Προνοίας,</strong></span> 
     </span>
    </p>
   </div>
   <div class='ocr_carea' id='block_1_37' title="bbox 2230 866 3811 939">
    <p class='ocr_par' dir='ltr' id='par_1_37' title="bbox 2230 866 3811 939">
     <span class='ocr_line' id='line_1_37' title="bbox 2230 866 3811 939; baseline 0.001 -19"><span class='ocrx_word' id='word_1_247' title='bbox 2230 869 2524 939; x_wconf 75' lang='grc' dir='ltr'><strong>ἐπιστάτην</strong></span> <span class='ocrx_word' id='word_1_248' title='bbox 2557 869 2784 939; x_wconf 85' lang='grc' dir='ltr'>Σωτῆρα</span> <span class='ocrx_word' id='word_1_249' title='bbox 2811 867 2887 937; x_wconf 83' lang='grc' dir='ltr'>τῷ</span> <span class='ocrx_word' id='word_1_250' title='bbox 2912 885 2970 920; x_wconf 88' lang='grc' dir='ltr'><strong>τε</strong></span> <span class='ocrx_word' id='word_1_251' title='bbox 2993 866 3233 938; x_wconf 75' lang='grc' dir='ltr'>αἰσθητῷ</span> <span class='ocrx_word' id='word_1_252' title='bbox 3257 866 3448 939; x_wconf 85' lang='grc' dir='ltr'>κόσμῳ</span> <span class='ocrx_word' id='word_1_253' title='bbox 3477 869 3571 921; x_wconf 68' lang='grc' dir='ltr'>καὶ</span> <span class='ocrx_word' id='word_1_254' title='bbox 3601 871 3714 930; x_wconf 88' lang='grc' dir='ltr'>τοῖς</span> <span class='ocrx_word' id='word_1_255' title='bbox 3750 870 3811 921; x_wconf 85' lang='grc' dir='ltr'>ὲν</span> 
     </span>
    </p>
   </div>
   <div class='ocr_carea' id='block_1_38' title="bbox 2231 959 3809 1031">
    <p class='ocr_par' dir='ltr' id='par_1_38' title="bbox 2231 959 3809 1031">
     <span class='ocr_line' id='line_1_38' title="bbox 2231 959 3809 1031; baseline 0.001 -19"><span class='ocrx_word' id='word_1_256' title='bbox 2231 959 2378 1031; x_wconf 74' lang='grc' dir='ltr'>αὐτῷ</span> <span class='ocrx_word' id='word_1_257' title='bbox 2423 963 2838 1031; x_wconf 77' lang='grc' dir='ltr'>μηχανωμένοις</span> <span class='ocrx_word' id='word_1_258' title='bbox 2882 959 3130 1030; x_wconf 77' lang='grc' dir='ltr'>ἐξέφηνε.</span> <span class='ocrx_word' id='word_1_259' title='bbox 3167 961 3454 1031; x_wconf 74' lang='grc' dir='ltr'>Τοιγάρτοι</span> <span class='ocrx_word' id='word_1_260' title='bbox 3495 963 3662 1014; x_wconf 74' lang='grc' dir='ltr'>πᾶσιν</span> <span class='ocrx_word' id='word_1_261' title='bbox 3707 961 3809 1014; x_wconf 84' lang='grc' dir='ltr'>ὅσα</span> 
     </span>
    </p>
   </div>
   <div class='ocr_carea' id='block_1_39' title="bbox 2231 1049 3809 1125">
    <p class='ocr_par' dir='ltr' id='par_1_39' title="bbox 2231 1049 3809 1125">
     <span class='ocr_line' id='line_1_39' title="bbox 2231 1049 3809 1125; baseline -0.001 -20"><span class='ocrx_word' id='word_1_262' title='bbox 2231 1053 2610 1125; x_wconf 78' lang='grc' dir='ltr'>περιείληπται</span> <span class='ocrx_word' id='word_1_263' title='bbox 2646 1052 2750 1104; x_wconf 72' lang='grc' dir='ltr'>ὑπό</span> <span class='ocrx_word' id='word_1_264' title='bbox 2783 1051 2875 1104; x_wconf 78' lang='grc' dir='ltr'><strong>τοῦ</strong></span> <span class='ocrx_word' id='word_1_265' title='bbox 2913 1051 3140 1121; x_wconf 78' lang='grc' dir='ltr'><strong>κόσμου,</strong></span> <span class='ocrx_word' id='word_1_266' title='bbox 3165 1053 3198 1121; x_wconf 85' lang='grc' dir='ltr'>ἡ</span> <span class='ocrx_word' id='word_1_267' title='bbox 3241 1051 3387 1104; x_wconf 80' lang='grc' dir='ltr'>αἰτία</span> <span class='ocrx_word' id='word_1_268' title='bbox 3410 1051 3504 1104; x_wconf 76' lang='grc' dir='ltr'><strong>τοῦ</strong></span> <span class='ocrx_word' id='word_1_269' title='bbox 3538 1049 3677 1105; x_wconf 70' lang='grc' dir='ltr'>εἶναι</span> <span class='ocrx_word' id='word_1_270' title='bbox 3712 1051 3809 1104; x_wconf 73' lang='grc' dir='ltr'>καὶ</span> 
     </span>
    </p>
   </div>
   <div class='ocr_carea' id='block_1_40' title="bbox 2231 1142 3804 1218">
    <p class='ocr_par' dir='ltr' id='par_1_40' title="bbox 2231 1142 3804 1218">
     <span class='ocr_line' id='line_1_40' title="bbox 2231 1142 3804 1218; baseline 0.001 -22"><span class='ocrx_word' id='word_1_271' title='bbox 2231 1146 2328 1218; x_wconf 72' lang='grc' dir='ltr'>ζῇν</span> <span class='ocrx_word' id='word_1_272' title='bbox 2349 1145 2555 1198; x_wconf 80' lang='grc' dir='ltr'>ἐκεῖθεν</span> <span class='ocrx_word' id='word_1_273' title='bbox 2574 1162 2587 1176; x_wconf 82' lang='grc'><em>’</em></span> <span class='ocrx_word' id='word_1_274' title='bbox 2613 1144 2820 1199; x_wconf 74' lang='grc' dir='ltr'>ἐκεῖθεν</span> <span class='ocrx_word' id='word_1_275' title='bbox 2837 1144 2893 1196; x_wconf 82' lang='grc' dir='ltr'><strong>δὲ</strong></span> <span class='ocrx_word' id='word_1_276' title='bbox 2916 1145 3010 1197; x_wconf 71' lang='grc' dir='ltr'>καῖ.</span> <span class='ocrx_word' id='word_1_277' title='bbox 3037 1143 3206 1215; x_wconf 77' lang='grc' dir='ltr'>ψυχὴ,</span> <span class='ocrx_word' id='word_1_278' title='bbox 3240 1145 3332 1197; x_wconf 74' lang='grc' dir='ltr'><strong>καὶ</strong></span> <span class='ocrx_word' id='word_1_279' title='bbox 3353 1145 3501 1197; x_wconf 80' lang='grc' dir='ltr'>πᾶσα</span> <span class='ocrx_word' id='word_1_280' title='bbox 3532 1142 3804 1214; x_wconf 70' lang='grc' dir='ltr'>αἴσθησις,</span> 
     </span>
    </p>
   </div>
   <div class='ocr_carea' id='block_1_41' title="bbox 2229 1229 3805 1308">
    <p class='ocr_par' dir='ltr' id='par_1_41' title="bbox 2229 1229 3805 1308">
     <span class='ocr_line' id='line_1_41' title="bbox 2229 1229 3805 1308; baseline -0.002 -16"><span class='ocrx_word' id='word_1_281' title='bbox 2229 1238 2405 1292; x_wconf 75' lang='grc' dir='ltr'>καὶτὰ</span> <span class='ocrx_word' id='word_1_282' title='bbox 2435 1237 2662 1308; x_wconf 73' lang='grc' dir='ltr'>ὄργανα,</span> <span class='ocrx_word' id='word_1_283' title='bbox 2691 1229 2847 1288; x_wconf 84' lang='grc' dir='ltr'>δι’ῶν</span> <span class='ocrx_word' id='word_1_284' title='bbox 2861 1234 2933 1287; x_wconf 78' lang='grc' dir='ltr'><strong>τά</strong></span> <span class='ocrx_word' id='word_1_285' title='bbox 2953 1235 3326 1305; x_wconf 80' lang='grc' dir='ltr'>σημαινόμενα</span> <span class='ocrx_word' id='word_1_286' title='bbox 3354 1235 3458 1288; x_wconf 76' lang='grc' dir='ltr'><strong>ὑπὸ</strong></span> <span class='ocrx_word' id='word_1_287' title='bbox 3478 1233 3586 1287; x_wconf 86' lang='grc' dir='ltr'><strong>τῶν</strong></span> <span class='ocrx_word' id='word_1_288' title='bbox 3616 1235 3805 1306; x_wconf 78' lang='grc' dir='ltr'>αἰσθή-</span> 
     </span>
    </p>
   </div>
   <div class='ocr_carea' id='block_1_42' title="bbox 2231 1324 3806 1398">
    <p class='ocr_par' dir='ltr' id='par_1_42' title="bbox 2231 1324 3806 1398">
     <span class='ocr_line' id='line_1_42' title="bbox 2231 1324 3806 1398; baseline -0.003 -14"><span class='ocrx_word' id='word_1_289' title='bbox 2231 1347 2366 1384; x_wconf 85' lang='grc' dir='ltr'>σεων</span> <span class='ocrx_word' id='word_1_290' title='bbox 2396 1327 2755 1382; x_wconf 76' lang='grc' dir='ltr'><strong>ἀποτελεῖται.</strong></span> <span class='ocrx_word' id='word_1_291' title='bbox 2789 1329 2854 1381; x_wconf 85' lang='grc' dir='ltr'><strong>Τί</strong></span> <span class='ocrx_word' id='word_1_292' title='bbox 2891 1324 2984 1381; x_wconf 78' lang='grc' dir='ltr'>οὖν</span> <span class='ocrx_word' id='word_1_293' title='bbox 3013 1326 3163 1398; x_wconf 86' lang='grc' dir='ltr'>δηλοῖ</span> <span class='ocrx_word' id='word_1_294' title='bbox 3193 1329 3222 1380; x_wconf 87' lang='grc' dir='ltr'><strong>ό</strong></span> <span class='ocrx_word' id='word_1_295' title='bbox 3266 1326 3454 1395; x_wconf 87' lang='grc' dir='ltr'>λόγος;</span> <span class='ocrx_word' id='word_1_296' title='bbox 3492 1326 3610 1379; x_wconf 87' lang='grc' dir='ltr'><strong>Τῶν</strong></span> <span class='ocrx_word' id='word_1_297' title='bbox 3637 1327 3806 1380; x_wconf 75' lang='grc' dir='ltr'>ὄντων</span> 
     </span>
    </p>
   </div>
   <div class='ocr_carea' id='block_1_43' title="bbox 2229 1415 3808 1489">
    <p class='ocr_par' dir='ltr' id='par_1_43' title="bbox 2229 1415 3808 1489">
     <span class='ocr_line' id='line_1_43' title="bbox 2229 1415 3808 1489; baseline -0.004 -13"><span class='ocrx_word' id='word_1_298' title='bbox 2229 1421 2482 1476; x_wconf 84' lang='grc' dir='ltr'>ἁπάντων</span> <span class='ocrx_word' id='word_1_299' title='bbox 2515 1418 2612 1473; x_wconf 71' lang='grc' dir='ltr'>ἕνα</span> <span class='ocrx_word' id='word_1_300' title='bbox 2651 1415 2790 1471; x_wconf 81' lang='grc' dir='ltr'>εἶναι</span> <span class='ocrx_word' id='word_1_301' title='bbox 2825 1418 3158 1489; x_wconf 83' lang='grc' dir='ltr'>προστάτην,</span> <span class='ocrx_word' id='word_1_302' title='bbox 3208 1417 3302 1470; x_wconf 76' lang='grc' dir='ltr'><strong>καὶ</strong></span> <span class='ocrx_word' id='word_1_303' title='bbox 3349 1417 3504 1470; x_wconf 84' lang='grc' dir='ltr'>πάνθ’</span> <span class='ocrx_word' id='word_1_304' title='bbox 3539 1419 3639 1471; x_wconf 84' lang='grc' dir='ltr'>ὅσα</span> <span class='ocrx_word' id='word_1_305' title='bbox 3675 1418 3808 1471; x_wconf 80' lang='grc' dir='ltr'>ὑπο-</span> 
     </span>
    </p>
   </div>
   <div class='ocr_carea' id='block_1_44' title="bbox 2225 1509 3806 1582">
    <p class='ocr_par' dir='ltr' id='par_1_44' title="bbox 2225 1509 3806 1582">
     <span class='ocr_line' id='line_1_44' title="bbox 2225 1509 3806 1582; baseline -0.001 -18"><span class='ocrx_word' id='word_1_306' title='bbox 2225 1510 2484 1582; x_wconf 78' lang='grc' dir='ltr'>τετάχθαι</span> <span class='ocrx_word' id='word_1_307' title='bbox 2510 1512 2575 1582; x_wconf 83' lang='grc' dir='ltr'>τῇ</span> <span class='ocrx_word' id='word_1_308' title='bbox 2606 1511 2815 1563; x_wconf 77' lang='grc' dir='ltr'>ἐκείνου</span> <span class='ocrx_word' id='word_1_309' title='bbox 2853 1509 3138 1581; x_wconf 76' lang='grc' dir='ltr'>δεσποτεία</span> <span class='ocrx_word' id='word_1_310' title='bbox 3165 1509 3349 1579; x_wconf 81' lang='grc' dir='ltr'>μόνου,</span> <span class='ocrx_word' id='word_1_311' title='bbox 3372 1509 3442 1562; x_wconf 86' lang='grc' dir='ltr'><strong>τά</strong></span> <span class='ocrx_word' id='word_1_312' title='bbox 3467 1509 3514 1562; x_wconf 83' lang='grc' dir='ltr'>τ’</span> <span class='ocrx_word' id='word_1_313' title='bbox 3539 1511 3765 1582; x_wconf 81' lang='grc' dir='ltr'>οὐράνια</span> <span class='ocrx_word' id='word_1_314' title='bbox 3787 1551 3806 1574; x_wconf 84' lang='grc'><strong>,</strong></span> 
     </span>
    </p>
   </div>
   <div class='ocr_carea' id='block_1_45' title="bbox 2226 1602 3803 1674">
    <p class='ocr_par' dir='ltr' id='par_1_45' title="bbox 2226 1602 3803 1674">
     <span class='ocr_line' id='line_1_45' title="bbox 2226 1602 3803 1674; baseline 0 -16"><span class='ocrx_word' id='word_1_315' title='bbox 2226 1605 2296 1659; x_wconf 84' lang='grc' dir='ltr'><strong>τά</strong></span> <span class='ocrx_word' id='word_1_316' title='bbox 2308 1605 2354 1656; x_wconf 89' lang='grc' dir='ltr'>τ’</span> <span class='ocrx_word' id='word_1_317' title='bbox 2370 1603 2606 1672; x_wconf 76' lang='grc' dir='ltr'>ἐπίγεια,</span> <span class='ocrx_word' id='word_1_318' title='bbox 2621 1604 2712 1656; x_wconf 77' lang='grc' dir='ltr'>καὶ</span> <span class='ocrx_word' id='word_1_319' title='bbox 2731 1603 2800 1657; x_wconf 78' lang='grc' dir='ltr'><strong>τά</strong></span> <span class='ocrx_word' id='word_1_320' title='bbox 2815 1603 3018 1672; x_wconf 69' lang='grc' dir='ltr'>φυσικά</span> <span class='ocrx_word' id='word_1_321' title='bbox 3034 1602 3126 1656; x_wconf 72' lang='grc' dir='ltr'>καὶ</span> <span class='ocrx_word' id='word_1_322' title='bbox 3147 1602 3414 1674; x_wconf 78' lang='grc' dir='ltr'>ὀργανικὰ</span> <span class='ocrx_word' id='word_1_323' title='bbox 3430 1602 3656 1674; x_wconf 81' lang='grc' dir='ltr'>σώματα</span> <span class='ocrx_word' id='word_1_324' title='bbox 3669 1602 3803 1673; x_wconf 88' lang='grc'><strong>(99).</strong></span> 
     </span>
    </p>
   </div>
   <div class='ocr_carea' id='block_1_46' title="bbox 2228 1691 3808 1765">
    <p class='ocr_par' dir='ltr' id='par_1_46' title="bbox 2228 1691 3808 1765">
     <span class='ocr_line' id='line_1_46' title="bbox 2228 1691 3808 1765; baseline -0.001 -18"><span class='ocrx_word' id='word_1_325' title='bbox 2228 1695 2291 1747; x_wconf 78' lang='lat' dir='ltr'><strong>Ei</strong></span> <span class='ocrx_word' id='word_1_326' title='bbox 2323 1692 2431 1765; x_wconf 84' lang='grc' dir='ltr'><strong>γάρ</strong></span> <span class='ocrx_word' id='word_1_327' title='bbox 2475 1695 2509 1762; x_wconf 79' lang='grc' dir='ltr'><strong>ἡ</strong></span> <span class='ocrx_word' id='word_1_328' title='bbox 2550 1692 2776 1752; x_wconf 71' lang='grc' dir='ltr'>τούτων,</span> <span class='ocrx_word' id='word_1_329' title='bbox 2802 1691 3188 1764; x_wconf 82' lang='grc' dir='ltr'>ἀναριθμήτων</span> <span class='ocrx_word' id='word_1_330' title='bbox 3248 1691 3436 1752; x_wconf 74' lang='grc' dir='ltr'>ὅντων,</span> <span class='ocrx_word' id='word_1_331' title='bbox 3465 1693 3659 1764; x_wconf 85' lang='grc' dir='ltr'>κυρεία</span> <span class='ocrx_word' id='word_1_332' title='bbox 3705 1694 3808 1763; x_wconf 76' lang='grc' dir='ltr'>οὐχ</span> 
     </span>
    </p>
   </div>
   <div class='ocr_carea' id='block_1_47' title="bbox 2229 1781 3811 1854">
    <p class='ocr_par' dir='ltr' id='par_1_47' title="bbox 2229 1781 3811 1854">
     <span class='ocr_line' id='line_1_47' title="bbox 2229 1781 3811 1854; baseline -0.001 -15"><span class='ocrx_word' id='word_1_333' title='bbox 2229 1786 2366 1850; x_wconf 78' lang='grc' dir='ltr'>ἑνὸς,</span> <span class='ocrx_word' id='word_1_334' title='bbox 2404 1786 2540 1839; x_wconf 78' lang='grc' dir='ltr'>ἀλλὰ</span> <span class='ocrx_word' id='word_1_335' title='bbox 2571 1785 2778 1839; x_wconf 83' lang='grc' dir='ltr'>πολλῶν</span> <span class='ocrx_word' id='word_1_336' title='bbox 2807 1781 2942 1838; x_wconf 80' lang='grc' dir='ltr'>οὖσα</span> <span class='ocrx_word' id='word_1_337' title='bbox 2973 1783 3258 1854; x_wconf 70' lang='grc' dir='ltr'>ἐτύγχανε,</span> <span class='ocrx_word' id='word_1_338' title='bbox 3294 1783 3487 1854; x_wconf 79' lang='grc' dir='ltr'>κλῆροι</span> <span class='ocrx_word' id='word_1_339' title='bbox 3519 1784 3598 1854; x_wconf 72' lang='grc'><strong>(1)</strong></span> <span class='ocrx_word' id='word_1_340' title='bbox 3621 1784 3688 1838; x_wconf 82' lang='grc' dir='ltr'>ἂν</span> <span class='ocrx_word' id='word_1_341' title='bbox 3712 1787 3811 1838; x_wconf 72' lang='grc' dir='ltr'>καὶ</span> 
     </span>
    </p>
   </div>
   <div class='ocr_carea' id='block_1_48' title="bbox 2157 1872 3809 1948">
    <p class='ocr_par' dir='ltr' id='par_1_48' title="bbox 2157 1872 3809 1948">
     <span class='ocr_line' id='line_1_48' title="bbox 2157 1872 3809 1948; baseline -0.001 -16"><span class='ocrx_word' id='word_1_342' title='bbox 2157 1872 2201 1932; x_wconf 79' lang='grc' dir='ltr'><strong><em>Β</em></strong></span> <span class='ocrx_word' id='word_1_343' title='bbox 2230 1876 2515 1948; x_wconf 84' lang='grc' dir='ltr'>στοιχείων</span> <span class='ocrx_word' id='word_1_344' title='bbox 2567 1877 2942 1948; x_wconf 78' lang='grc' dir='ltr'>διανεμήσεις,</span> <span class='ocrx_word' id='word_1_345' title='bbox 3010 1877 3106 1930; x_wconf 70' lang='grc' dir='ltr'>καὶ</span> <span class='ocrx_word' id='word_1_346' title='bbox 3169 1874 3329 1946; x_wconf 81' lang='grc' dir='ltr'>μῦθοι</span> <span class='ocrx_word' id='word_1_347' title='bbox 3393 1876 3654 1941; x_wconf 75' lang='grc' dir='ltr'>παλαιοὶ,</span> <span class='ocrx_word' id='word_1_348' title='bbox 3711 1876 3809 1930; x_wconf 71' lang='grc' dir='ltr'>καὶ</span> 
     </span>
    </p>
   </div>
   <div class='ocr_carea' id='block_1_49' title="bbox 2227 1965 3810 2039">
    <p class='ocr_par' dir='ltr' id='par_1_49' title="bbox 2227 1965 3810 2039">
     <span class='ocr_line' id='line_1_49' title="bbox 2227 1965 3810 2039; baseline 0 -17"><span class='ocrx_word' id='word_1_349' title='bbox 2227 1969 2437 2039; x_wconf 77' lang='grc' dir='ltr'>φθόνος,</span> <span class='ocrx_word' id='word_1_350' title='bbox 2456 1968 2550 2022; x_wconf 71' lang='grc' dir='ltr'>καὶ</span> <span class='ocrx_word' id='word_1_351' title='bbox 2573 1968 2854 2033; x_wconf 79' lang='grc' dir='ltr'>πλεονεξία</span> <span class='ocrx_word' id='word_1_352' title='bbox 2876 1966 3014 2022; x_wconf 82' lang='grc' dir='ltr'>κατά</span> <span class='ocrx_word' id='word_1_353' title='bbox 3039 1965 3266 2038; x_wconf 81' lang='grc' dir='ltr'>δύναμιν</span> <span class='ocrx_word' id='word_1_354' title='bbox 3291 1969 3810 2038; x_wconf 71' lang='grc' dir='ltr'>κατακρατήσαντα,</span> 
     </span>
    </p>
   </div>
   <div class='ocr_carea' id='block_1_50' title="bbox 2224 2057 3802 2132">
    <p class='ocr_par' dir='ltr' id='par_1_50' title="bbox 2224 2057 3802 2132">
     <span class='ocr_line' id='line_1_50' title="bbox 2224 2057 3802 2132; baseline -0.001 -18"><span class='ocrx_word' id='word_1_355' title='bbox 2224 2060 2321 2131; x_wconf 81' lang='grc' dir='ltr'>τὴν</span> <span class='ocrx_word' id='word_1_356' title='bbox 2372 2060 2690 2132; x_wconf 81' lang='grc' dir='ltr'>ἐναρμόνιον</span> <span class='ocrx_word' id='word_1_357' title='bbox 2739 2057 2847 2112; x_wconf 86' lang='grc' dir='ltr'><strong>τῶν</strong></span> <span class='ocrx_word' id='word_1_358' title='bbox 2901 2059 3113 2113; x_wconf 85' lang='grc' dir='ltr'>πάντων</span> <span class='ocrx_word' id='word_1_359' title='bbox 3171 2057 3423 2129; x_wconf 81' lang='grc' dir='ltr'>ὁμόνοιαν</span> <span class='ocrx_word' id='word_1_360' title='bbox 3479 2058 3758 2113; x_wconf 85' lang='grc' dir='ltr'>διεσάλευε</span> <span class='ocrx_word' id='word_1_361' title='bbox 3783 2101 3802 2128; x_wconf 84' lang='grc'><strong>,</strong></span> 
     </span>
    </p>
   </div>
   <div class='ocr_carea' id='block_1_51' title="bbox 2226 2149 3812 2224">
    <p class='ocr_par' dir='ltr' id='par_1_51' title="bbox 2226 2149 3812 2224">
     <span class='ocr_line' id='line_1_51' title="bbox 2226 2149 3812 2224; baseline 0.001 -19"><span class='ocrx_word' id='word_1_362' title='bbox 2226 2151 2435 2206; x_wconf 82' lang='grc' dir='ltr'>πολλῶν</span> <span class='ocrx_word' id='word_1_363' title='bbox 2481 2152 2754 2223; x_wconf 77' lang='grc' dir='ltr'>διαφόρως</span> <span class='ocrx_word' id='word_1_364' title='bbox 2804 2150 2904 2222; x_wconf 79' lang='grc' dir='ltr'>τὴν</span> <span class='ocrx_word' id='word_1_365' title='bbox 2960 2149 3271 2220; x_wconf 87' lang='grc' dir='ltr'>λελογχυῖαν</span> <span class='ocrx_word' id='word_1_366' title='bbox 3338 2151 3551 2222; x_wconf 84' lang='grc' dir='ltr'>ἑκάστῳ</span> <span class='ocrx_word' id='word_1_367' title='bbox 3609 2154 3812 2224; x_wconf 76' lang='grc' dir='ltr'>μοῖραν</span> 
     </span>
    </p>
   </div>
   <div class='ocr_carea' id='block_1_52' title="bbox 2221 2241 3810 2314">
    <p class='ocr_par' dir='ltr' id='par_1_52' title="bbox 2221 2241 3810 2314">
     <span class='ocr_line' id='line_1_52' title="bbox 2221 2241 3810 2314; baseline 0 -18"><span class='ocrx_word' id='word_1_368' title='bbox 2221 2243 2740 2314; x_wconf 83' lang='grc' dir='ltr'>διοικονομουμὲνων</span> <span class='ocrx_word' id='word_1_369' title='bbox 2774 2243 2872 2314; x_wconf 74' lang='grc'><strong>(2).</strong></span> <span class='ocrx_word' id='word_1_370' title='bbox 2900 2241 2974 2296; x_wconf 77' lang='grc' dir='ltr'>Τό</span> <span class='ocrx_word' id='word_1_371' title='bbox 2999 2241 3054 2295; x_wconf 80' lang='grc' dir='ltr'><strong>δὲ</strong></span> <span class='ocrx_word' id='word_1_372' title='bbox 3081 2243 3165 2295; x_wconf 72' lang='grc' dir='ltr'>ἀεὶ</span> <span class='ocrx_word' id='word_1_373' title='bbox 3190 2241 3331 2295; x_wconf 75' lang='grc' dir='ltr'>κατὰ</span> <span class='ocrx_word' id='word_1_374' title='bbox 3359 2242 3428 2295; x_wconf 78' lang='grc' dir='ltr'><strong>τά</strong></span> <span class='ocrx_word' id='word_1_375' title='bbox 3454 2242 3593 2296; x_wconf 81' lang='grc' dir='ltr'>αὐτά</span> <span class='ocrx_word' id='word_1_376' title='bbox 3619 2261 3679 2297; x_wconf 87' lang='grc' dir='ltr'><strong>τε</strong></span> <span class='ocrx_word' id='word_1_377' title='bbox 3712 2245 3810 2296; x_wconf 67' lang='grc' dir='ltr'>καὶ</span> 
     </span>
    </p>
   </div>
   <div class='ocr_carea' id='block_1_53' title="bbox 2222 2319 3808 2404">
    <p class='ocr_par' dir='ltr' id='par_1_53' title="bbox 2222 2319 3808 2404">
     <span class='ocr_line' id='line_1_53' title="bbox 2222 2319 3808 2404; baseline -0.001 -18"><span class='ocrx_word' id='word_1_378' title='bbox 2222 2333 2484 2397; x_wconf 77' lang='grc' dir='ltr'>ὡσαύτως</span> <span class='ocrx_word' id='word_1_379' title='bbox 2515 2333 2658 2404; x_wconf 77' lang='grc' dir='ltr'>ἔχειν</span> <span class='ocrx_word' id='word_1_380' title='bbox 2703 2333 2795 2387; x_wconf 76' lang='grc' dir='ltr'><strong>τὸν</strong></span> <span class='ocrx_word' id='word_1_381' title='bbox 2836 2331 3126 2404; x_wconf 82' lang='grc' dir='ltr'>σύμπαντα</span> <span class='ocrx_word' id='word_1_382' title='bbox 3177 2319 3401 2403; x_wconf 82' lang='grc' dir='ltr'>κόσμον,</span> <span class='ocrx_word' id='word_1_383' title='bbox 3437 2334 3537 2386; x_wconf 74' lang='grc' dir='ltr'>οὐκ</span> <span class='ocrx_word' id='word_1_384' title='bbox 3583 2333 3808 2404; x_wconf 82' lang='grc' dir='ltr'>ἀμελῶς</span> 
     </span>
    </p>
   </div>
   <div class='ocr_carea' id='block_1_54' title="bbox 2221 2424 3814 2496">
    <p class='ocr_par' dir='ltr' id='par_1_54' title="bbox 2221 2424 3814 2496">
     <span class='ocr_line' id='line_1_54' title="bbox 2221 2424 3814 2496; baseline 0 -17"><span class='ocrx_word' id='word_1_385' title='bbox 2221 2425 2366 2496; x_wconf 77' lang='grc' dir='ltr'>ἔχειν</span> <span class='ocrx_word' id='word_1_386' title='bbox 2397 2426 2504 2495; x_wconf 77' lang='lat' dir='ltr'><strong>(5i,</strong></span> <span class='ocrx_word' id='word_1_387' title='bbox 2554 2425 2664 2479; x_wconf 82' lang='grc' dir='ltr'><strong>οὐδ’</strong></span> <span class='ocrx_word' id='word_1_388' title='bbox 2697 2424 2805 2480; x_wconf 81' lang='grc' dir='ltr'><strong>ἀπὸ</strong></span> <span class='ocrx_word' id='word_1_389' title='bbox 2848 2425 3190 2496; x_wconf 77' lang='grc' dir='ltr'>ταύτομάτου</span> <span class='ocrx_word' id='word_1_390' title='bbox 3243 2424 3571 2496; x_wconf 79' lang='grc' dir='ltr'>γεγενῆσθαι</span> <span class='ocrx_word' id='word_1_391' title='bbox 3615 2425 3814 2479; x_wconf 78' lang='grc' dir='ltr'>τοῦτον-</span> 
     </span>
    </p>
   </div>
   <div class='ocr_carea' id='block_1_55' title="bbox 2221 2513 3806 2586">
    <p class='ocr_par' dir='ltr' id='par_1_55' title="bbox 2221 2513 3806 2586">
     <span class='ocr_line' id='line_1_55' title="bbox 2221 2513 3806 2586; baseline -0.001 -18"><span class='ocrx_word' id='word_1_392' title='bbox 2221 2514 2539 2586; x_wconf 76' lang='grc' dir='ltr'>παρίστησι.</span> <span class='ocrx_word' id='word_1_393' title='bbox 2570 2515 2666 2579; x_wconf 84' lang='grc' dir='ltr'><strong>Τίς</strong></span> <span class='ocrx_word' id='word_1_394' title='bbox 2709 2514 2754 2568; x_wconf 86' lang='grc' dir='ltr'><strong>δ’</strong></span> <span class='ocrx_word' id='word_1_395' title='bbox 2788 2513 2854 2568; x_wconf 83' lang='grc' dir='ltr'>ἂν</span> <span class='ocrx_word' id='word_1_396' title='bbox 2902 2515 3043 2582; x_wconf 81' lang='grc' dir='ltr'>ἔγνω</span> <span class='ocrx_word' id='word_1_397' title='bbox 3077 2513 3170 2566; x_wconf 82' lang='grc' dir='ltr'>τὸν</span> <span class='ocrx_word' id='word_1_398' title='bbox 3200 2514 3496 2585; x_wconf 77' lang='grc' dir='ltr'>συμπάσης</span> <span class='ocrx_word' id='word_1_399' title='bbox 3533 2515 3806 2583; x_wconf 69' lang='grc' dir='ltr'>γενέσί-ως</span> 
     </span>
    </p>
   </div>
   <div class='ocr_carea' id='block_1_56' title="bbox 2219 2605 3803 2678">
    <p class='ocr_par' dir='ltr' id='par_1_56' title="bbox 2219 2605 3803 2678">
     <span class='ocr_line' id='line_1_56' title="bbox 2219 2605 3803 2678; baseline -0.001 -18"><span class='ocrx_word' id='word_1_400' title='bbox 2219 2605 2583 2678; x_wconf 82' lang='grc' dir='ltr'>δημιουργόν;</span> <span class='ocrx_word' id='word_1_401' title='bbox 2619 2605 2793 2676; x_wconf 73' lang='grc' dir='ltr'>Εὐχαὶ</span> <span class='ocrx_word' id='word_1_402' title='bbox 2822 2605 2879 2659; x_wconf 76' lang='grc' dir='ltr'><strong>δὲ</strong></span> <span class='ocrx_word' id='word_1_403' title='bbox 2906 2606 3001 2660; x_wconf 73' lang='grc' dir='ltr'><strong>καὶ</strong></span> <span class='ocrx_word' id='word_1_404' title='bbox 3029 2606 3308 2669; x_wconf 86' lang='grc' dir='ltr'>λιτανεῖαι,</span> <span class='ocrx_word' id='word_1_405' title='bbox 3335 2606 3470 2674; x_wconf 81' lang='grc' dir='ltr'>πρὸς</span> <span class='ocrx_word' id='word_1_406' title='bbox 3501 2605 3620 2659; x_wconf 83' lang='grc' dir='ltr'>τίνα</span> <span class='ocrx_word' id='word_1_407' title='bbox 3653 2606 3803 2677; x_wconf 84' lang='grc' dir='ltr'>πρῶ-</span> 
     </span>
    </p>
   </div>
   <div class='ocr_carea' id='block_1_57' title="bbox 2218 2695 3802 2768">
    <p class='ocr_par' dir='ltr' id='par_1_57' title="bbox 2218 2695 3802 2768">
     <span class='ocr_line' id='line_1_57' title="bbox 2218 2695 3802 2768; baseline -0.002 -15"><span class='ocrx_word' id='word_1_408' title='bbox 2218 2697 2378 2768; x_wconf 81' lang='grc' dir='ltr'>τον,ἢ</span> <span class='ocrx_word' id='word_1_409' title='bbox 2401 2697 2706 2752; x_wconf 84' lang='grc' dir='ltr'>τελευταῖον</span> <span class='ocrx_word' id='word_1_410' title='bbox 2727 2713 2742 2762; x_wconf 89' lang='grc'>;</span> <span class='ocrx_word' id='word_1_411' title='bbox 2766 2697 2886 2750; x_wconf 87' lang='grc' dir='ltr'>τίνα</span> <span class='ocrx_word' id='word_1_412' title='bbox 2914 2697 2969 2750; x_wconf 82' lang='grc' dir='ltr'><strong>δὲ</strong></span> <span class='ocrx_word' id='word_1_413' title='bbox 2994 2695 3309 2767; x_wconf 80' lang='grc' dir='ltr'>θεραπεύων</span> <span class='ocrx_word' id='word_1_414' title='bbox 3339 2695 3397 2760; x_wconf 77' lang='grc' dir='ltr'><strong>ἐξ</strong></span> <span class='ocrx_word' id='word_1_415' title='bbox 3423 2696 3685 2768; x_wconf 79' lang='grc' dir='ltr'>αἱρέσεως</span> <span class='ocrx_word' id='word_1_416' title='bbox 3699 2697 3802 2766; x_wconf 74' lang='grc' dir='ltr'>(ι),</span> 
     </span>
    </p>
   </div>
   <div class='ocr_carea' id='block_1_58' title="bbox 2219 2787 3801 2861">
    <p class='ocr_par' dir='ltr' id='par_1_58' title="bbox 2219 2787 3801 2861">
     <span class='ocr_line' id='line_1_58' title="bbox 2219 2787 3801 2861; baseline 0.001 -19"><span class='ocrx_word' id='word_1_417' title='bbox 2219 2790 2321 2844; x_wconf 80' lang='grc' dir='ltr'>οὐκ</span> <span class='ocrx_word' id='word_1_418' title='bbox 2345 2789 2410 2844; x_wconf 81' lang='grc' dir='ltr'>ἂν</span> <span class='ocrx_word' id='word_1_419' title='bbox 2447 2788 2574 2861; x_wconf 81' lang='grc' dir='ltr'>περὶ</span> <span class='ocrx_word' id='word_1_420' title='bbox 2614 2790 2741 2851; x_wconf 79' lang='grc' dir='ltr'>τοὺς</span> <span class='ocrx_word' id='word_1_421' title='bbox 2787 2788 3008 2852; x_wconf 75' lang='grc' dir='ltr'>λοιποὺς</span> <span class='ocrx_word' id='word_1_422' title='bbox 3059 2787 3336 2858; x_wconf 72' lang='grc' dir='ltr'>ἠσέϐησας</span> <span class='ocrx_word' id='word_1_423' title='bbox 3375 2788 3446 2840; x_wconf 83' lang='grc' dir='ltr'><strong><em>Ἦ</em></strong></span> <span class='ocrx_word' id='word_1_424' title='bbox 3483 2787 3626 2858; x_wconf 87' lang='grc' dir='ltr'>τάχα</span> <span class='ocrx_word' id='word_1_425' title='bbox 3657 2788 3702 2841; x_wconf 83' lang='grc' dir='ltr'><strong>δ’</strong></span> <span class='ocrx_word' id='word_1_426' title='bbox 3731 2788 3801 2844; x_wconf 65' lang='grc' dir='ltr'>ἂν</span> 
     </span>
    </p>
   </div>
   <div class='ocr_carea' id='block_1_59' title="bbox 2220 2878 3805 2951">
    <p class='ocr_par' dir='ltr' id='par_1_59' title="bbox 2220 2878 3805 2951">
     <span class='ocr_line' id='line_1_59' title="bbox 2220 2878 3805 2951; baseline -0.003 -15"><span class='ocrx_word' id='word_1_427' title='bbox 2220 2883 2316 2936; x_wconf 79' lang='grc' dir='ltr'>καὶ</span> <span class='ocrx_word' id='word_1_428' title='bbox 2339 2881 2588 2951; x_wconf 87' lang='grc' dir='ltr'>δεόμενος</span> <span class='ocrx_word' id='word_1_429' title='bbox 2611 2879 2720 2933; x_wconf 86' lang='grc' dir='ltr'><strong>τῶν</strong></span> <span class='ocrx_word' id='word_1_430' title='bbox 2744 2878 3014 2950; x_wconf 81' lang='grc' dir='ltr'>βιωτικῶν</span> <span class='ocrx_word' id='word_1_431' title='bbox 3032 2878 3290 2950; x_wconf 87' lang='grc' dir='ltr'>τινος,τῷ</span> <span class='ocrx_word' id='word_1_432' title='bbox 3320 2879 3420 2950; x_wconf 79' lang='grc' dir='ltr'>μὲν</span> <span class='ocrx_word' id='word_1_433' title='bbox 3441 2880 3805 2951; x_wconf 74' lang='grc' dir='ltr'>συναραμένῳ</span> 
     </span>
    </p>
   </div>
   <div class='ocr_carea' id='block_1_60' title="bbox 2218 2972 3804 3047">
    <p class='ocr_par' dir='ltr' id='par_1_60' title="bbox 2218 2972 3804 3047">
     <span class='ocr_line' id='line_1_60' title="bbox 2218 2972 3804 3047; baseline -0.002 -18"><span class='ocrx_word' id='word_1_434' title='bbox 2218 2975 2378 3047; x_wconf 86' lang='grc' dir='ltr'>χάριν</span> <span class='ocrx_word' id='word_1_435' title='bbox 2410 2974 2604 3042; x_wconf 83' lang='grc' dir='ltr'>ἔγνων,</span> <span class='ocrx_word' id='word_1_436' title='bbox 2634 2972 2712 3044; x_wconf 81' lang='grc' dir='ltr'>τῷ</span> <span class='ocrx_word' id='word_1_437' title='bbox 2742 2974 2787 3027; x_wconf 73' lang='grc' dir='ltr'><strong>δ’</strong></span> <span class='ocrx_word' id='word_1_438' title='bbox 2813 2972 3201 3044; x_wconf 72' lang='grc' dir='ltr'>ἀντιπράξαντι</span> <span class='ocrx_word' id='word_1_439' title='bbox 3229 2973 3584 3044; x_wconf 70' lang='grc' dir='ltr'>ἐμεμψάμην·</span> <span class='ocrx_word' id='word_1_440' title='bbox 3608 2973 3712 3026; x_wconf 89' lang='grc' dir='ltr'>τίνι</span> <span class='ocrx_word' id='word_1_441' title='bbox 3739 2972 3804 3026; x_wconf 64' lang='grc' dir='ltr'><strong>δὲ</strong></span> 
     </span>
    </p>
   </div>
   <div class='ocr_carea' id='block_1_61' title="bbox 2218 3065 3803 3138">
    <p class='ocr_par' dir='ltr' id='par_1_61' title="bbox 2218 3065 3803 3138">
     <span class='ocr_line' id='line_1_61' title="bbox 2218 3065 3803 3138; baseline -0.001 -18"><span class='ocrx_word' id='word_1_442' title='bbox 2218 3066 2661 3138; x_wconf 81' lang='grc' dir='ltr'>προσευξάμενος</span> <span class='ocrx_word' id='word_1_443' title='bbox 2693 3067 2794 3137; x_wconf 80' lang='grc' dir='ltr'>τὴν</span> <span class='ocrx_word' id='word_1_444' title='bbox 2825 3065 3006 3118; x_wconf 75' lang='grc' dir='ltr'>αἰτίαν</span> <span class='ocrx_word' id='word_1_445' title='bbox 3032 3067 3132 3137; x_wconf 72' lang='grc' dir='ltr'>τῆς</span> <span class='ocrx_word' id='word_1_446' title='bbox 3153 3065 3528 3138; x_wconf 78' lang='grc' dir='ltr'>περιστάσεως</span> <span class='ocrx_word' id='word_1_447' title='bbox 3555 3065 3803 3134; x_wconf 72' lang='grc' dir='ltr'>γνῶναι,</span> 
     </span>
    </p>
   </div>
   <div class='ocr_carea' id='block_1_62' title="bbox 2219 3156 3806 3230">
    <p class='ocr_par' dir='ltr' id='par_1_62' title="bbox 2219 3156 3806 3230">
     <span class='ocr_line' id='line_1_62' title="bbox 2219 3156 3806 3230; baseline -0.003 -16"><span class='ocrx_word' id='word_1_448' title='bbox 2219 3159 2324 3230; x_wconf 81' lang='grc' dir='ltr'>τῆς</span> <span class='ocrx_word' id='word_1_449' title='bbox 2347 3161 2394 3212; x_wconf 79' lang='grc' dir='ltr'>τ’</span> <span class='ocrx_word' id='word_1_450' title='bbox 2426 3158 2746 3228; x_wconf 77' lang='grc' dir='ltr'>ἀπαλλαγῆς</span> <span class='ocrx_word' id='word_1_451' title='bbox 2777 3160 2962 3228; x_wconf 82' lang='grc' dir='ltr'>τυχεῖν</span> <span class='ocrx_word' id='word_1_452' title='bbox 3001 3157 3219 3228; x_wconf 73' lang='grc' dir='ltr'>ἡξὶουν;</span> <span class='ocrx_word' id='word_1_453' title='bbox 3249 3157 3442 3227; x_wconf 85' lang='grc' dir='ltr'>Θῶμεν</span> <span class='ocrx_word' id='word_1_454' title='bbox 3477 3156 3541 3227; x_wconf 85' lang='grc' dir='ltr'><strong>δὴ</strong></span> <span class='ocrx_word' id='word_1_455' title='bbox 3597 3156 3806 3225; x_wconf 80' lang='grc' dir='ltr'>λογίοις</span> 
     </span>
    </p>
   </div>
   <div class='ocr_carea' id='block_1_63' title="bbox 542 3218 2117 3321">
    <p class='ocr_par' dir='ltr' id='par_1_63' title="bbox 542 3224 2115 3300">
     <span class='ocr_line' id='line_1_63' title="bbox 542 3224 2115 3300; baseline 0.01 -23"><span class='ocrx_word' id='word_1_456' title='bbox 542 3224 898 3295; x_wconf 74' lang='lat' dir='ltr'><strong>plicationes?</strong></span> <span class='ocrx_word' id='word_1_457' title='bbox 922 3227 1023 3295; x_wconf 85' lang='lat' dir='ltr'><strong>Qui</strong></span> <span class='ocrx_word' id='word_1_458' title='bbox 1071 3228 1184 3284; x_wconf 82' lang='lat' dir='ltr'><strong>ﬁeri</strong></span> <span class='ocrx_word' id='word_1_459' title='bbox 1224 3237 1408 3300; x_wconf 87' lang='lat' dir='ltr'><strong>posset</strong></span> <span class='ocrx_word' id='word_1_460' title='bbox 1439 3240 1499 3285; x_wconf 92' lang='lat' dir='ltr'><strong>ut</strong></span> <span class='ocrx_word' id='word_1_461' title='bbox 1527 3247 1694 3285; x_wconf 90' lang='lat' dir='ltr'><strong>unum</strong></span> <span class='ocrx_word' id='word_1_462' title='bbox 1723 3247 1912 3289; x_wconf 86' lang='lat' dir='ltr'><strong>eorum</strong></span> <span class='ocrx_word' id='word_1_463' title='bbox 1937 3235 2115 3293; x_wconf 88' lang='lat' dir='ltr'><strong>colere</strong></span> 
     </span>
    </p>
   </div>
   <div class='ocr_carea' id='block_1_64' title="bbox 2219 3218 3800 3321">
    <p class='ocr_par' dir='ltr' id='par_1_64' title="bbox 2221 3218 3800 3321">
     <span class='ocr_line' id='line_1_64' title="bbox 2221 3218 3800 3321; baseline -0.008 -16"><span class='ocrx_word' id='word_1_464' title='bbox 2361 3250 2630 3321; x_wconf 84' lang='grc' dir='ltr'>χρησμοῖς</span> <span class='ocrx_word' id='word_1_465' title='bbox 2654 3218 2790 3318; x_wconf 57' lang='grc' dir='ltr'>ημῖν</span> <span class='ocrx_word' id='word_1_466' title='bbox 2819 3218 3234 3319; x_wconf 72' lang='grc' dir='ltr'>άποκεκρίσθαι,</span> <span class='ocrx_word' id='word_1_467' title='bbox 3291 3218 3367 3316; x_wconf 65' lang='grc' dir='ltr'><strong>μη</strong></span> <span class='ocrx_word' id='word_1_468' title='bbox 3413 3218 3548 3298; x_wconf 73' lang='grc' dir='ltr'>εἶναι</span> <span class='ocrx_word' id='word_1_469' title='bbox 3593 3218 3800 3316; x_wconf 45' lang='grc' dir='ltr'><strong>δὲ’τῆξ</strong></span> 
     </span>
    </p>
   </div>
   <div class='ocr_carea' id='block_1_65' title="bbox 543 3319 2113 3392">
    <p class='ocr_par' dir='ltr' id='par_1_65' title="bbox 543 3319 2113 3392">
     <span class='ocr_line' id='line_1_65' title="bbox 543 3319 2113 3392; baseline 0.008 -21"><span class='ocrx_word' id='word_1_470' title='bbox 543 3333 862 3390; x_wconf 74' lang='lat' dir='ltr'><strong>aggressus,</strong></span> <span class='ocrx_word' id='word_1_471' title='bbox 906 3319 960 3374; x_wconf 91' lang='lat' dir='ltr'><strong>iu</strong></span> <span class='ocrx_word' id='word_1_472' title='bbox 1006 3320 1246 3391; x_wconf 82' lang='lat' dir='ltr'><strong>reliquos</strong></span> <span class='ocrx_word' id='word_1_473' title='bbox 1296 3322 1498 3392; x_wconf 85' lang='lat' dir='ltr'><strong>impius</strong></span> <span class='ocrx_word' id='word_1_474' title='bbox 1538 3339 1644 3378; x_wconf 90' lang='lat' dir='ltr'><strong>non</strong></span> <span class='ocrx_word' id='word_1_475' title='bbox 1695 3326 1914 3380; x_wconf 75' lang='lat' dir='ltr'><strong>essem?</strong></span> <span class='ocrx_word' id='word_1_476' title='bbox 1943 3326 2025 3381; x_wconf 83' lang='lat' dir='ltr'><strong>An</strong></span> <span class='ocrx_word' id='word_1_477' title='bbox 2066 3329 2113 3385; x_wconf 93' lang='lat' dir='ltr'><strong>si</strong></span> 
     </span>
    </p>
   </div>
   <div class='ocr_carea' id='block_1_66' title="bbox 543 3409 2114 3487">
    <p class='ocr_par' dir='ltr' id='par_1_66' title="bbox 543 3409 2114 3487">
     <span class='ocr_line' id='line_1_66' title="bbox 543 3409 2114 3487; baseline 0.008 -25"><span class='ocrx_word' id='word_1_478' title='bbox 543 3409 688 3466; x_wconf 73' lang='lat' dir='ltr'><strong>[orte</strong></span> <span class='ocrx_word' id='word_1_479' title='bbox 714 3411 989 3481; x_wconf 89' lang='lat' dir='ltr'><strong>quidpiam</strong></span> <span class='ocrx_word' id='word_1_480' title='bbox 1012 3412 1080 3466; x_wconf 89' lang='lat' dir='ltr'><strong>ad</strong></span> <span class='ocrx_word' id='word_1_481' title='bbox 1113 3413 1277 3468; x_wconf 89' lang='lat' dir='ltr'><strong>vitam</strong></span> <span class='ocrx_word' id='word_1_482' title='bbox 1301 3413 1441 3470; x_wconf 89' lang='lat' dir='ltr'><strong>hanc</strong></span> <span class='ocrx_word' id='word_1_483' title='bbox 1470 3417 1840 3472; x_wconf 87' lang='lat' dir='ltr'><strong>necessarium</strong></span> <span class='ocrx_word' id='word_1_484' title='bbox 1870 3419 2114 3487; x_wconf 84' lang='lat' dir='ltr'><strong>postula-</strong></span> 
     </span>
    </p>
   </div>
   <div class='ocr_carea' id='block_1_67' title="bbox 541 3504 2114 3581">
    <p class='ocr_par' dir='ltr' id='par_1_67' title="bbox 541 3504 2114 3581">
     <span class='ocr_line' id='line_1_67' title="bbox 541 3504 2114 3581; baseline 0.011 -28"><span class='ocrx_word' id='word_1_485' title='bbox 541 3517 694 3567; x_wconf 73' lang='lat' dir='ltr'><strong>vero,</strong></span> <span class='ocrx_word' id='word_1_486' title='bbox 733 3505 781 3559; x_wconf 91' lang='lat' dir='ltr'><strong>ei</strong></span> <span class='ocrx_word' id='word_1_487' title='bbox 809 3504 1034 3574; x_wconf 86' lang='lat' dir='ltr'><strong>quidem</strong></span> <span class='ocrx_word' id='word_1_488' title='bbox 1076 3505 1188 3559; x_wconf 84' lang='lat' dir='ltr'><strong>Deo</strong></span> <span class='ocrx_word' id='word_1_489' title='bbox 1209 3505 1302 3575; x_wconf 85' lang='lat' dir='ltr'><strong>qui</strong></span> <span class='ocrx_word' id='word_1_490' title='bbox 1326 3506 1457 3561; x_wconf 90' lang='lat' dir='ltr'><strong>mihi</strong></span> <span class='ocrx_word' id='word_1_491' title='bbox 1491 3522 1648 3576; x_wconf 91' lang='lat' dir='ltr'><strong>opem</strong></span> <span class='ocrx_word' id='word_1_492' title='bbox 1677 3509 1884 3574; x_wconf 89' lang='lat' dir='ltr'><strong>tulerit,</strong></span> <span class='ocrx_word' id='word_1_493' title='bbox 1909 3513 2114 3581; x_wconf 82' lang='lat' dir='ltr'><strong>gratias</strong></span> 
     </span>
    </p>
   </div>
   <div class='ocr_carea' id='block_1_68' title="bbox 541 3595 2110 3672">
    <p class='ocr_par' dir='ltr' id='par_1_68' title="bbox 541 3595 2110 3672">
     <span class='ocr_line' id='line_1_68' title="bbox 541 3595 2110 3672; baseline 0.008 -26"><span class='ocrx_word' id='word_1_494' title='bbox 541 3601 762 3648; x_wconf 67' lang='lat' dir='ltr'><strong>acturus</strong></span> <span class='ocrx_word' id='word_1_495' title='bbox 793 3610 912 3650; x_wconf 89' lang='lat' dir='ltr'><strong>sum</strong></span> <span class='ocrx_word' id='word_1_496' title='bbox 947 3613 963 3651; x_wconf 87' lang='lat'><strong>:</strong></span> <span class='ocrx_word' id='word_1_497' title='bbox 993 3595 1068 3654; x_wconf 89' lang='lat' dir='ltr'><strong>illi</strong></span> <span class='ocrx_word' id='word_1_498' title='bbox 1101 3609 1232 3652; x_wconf 89' lang='lat' dir='ltr'><strong>vero</strong></span> <span class='ocrx_word' id='word_1_499' title='bbox 1257 3597 1352 3668; x_wconf 91' lang='lat' dir='ltr'><strong>qui</strong></span> <span class='ocrx_word' id='word_1_500' title='bbox 1404 3596 1534 3652; x_wconf 85' lang='lat' dir='ltr'><strong>mihi</strong></span> <span class='ocrx_word' id='word_1_501' title='bbox 1573 3600 1896 3657; x_wconf 87' lang='lat' dir='ltr'><strong>adversatus</strong></span> <span class='ocrx_word' id='word_1_502' title='bbox 1923 3602 2110 3672; x_wconf 84' lang='lat' dir='ltr'><strong>fuerit,</strong></span> 
     </span>
    </p>
   </div>
   <div class='ocr_carea' id='block_1_69' title="bbox 615 3845 2112 3920">
    <p class='ocr_par' dir='ltr' id='par_1_69' title="bbox 615 3845 2112 3920">
     <span class='ocr_line' id='line_1_69' title="bbox 615 3845 2112 3920; baseline 0.007 -24"><span class='ocrx_word' id='word_1_503' title='bbox 615 3845 728 3920; x_wconf 69' lang='lat'><strong>(99)</strong></span> <span class='ocrx_word' id='word_1_504' title='bbox 769 3847 1088 3920; x_wconf 59' lang='grc' dir='ltr'>ξηρτανικὰ</span> <span class='ocrx_word' id='word_1_505' title='bbox 1112 3848 1374 3920; x_wconf 78' lang='grc' dir='ltr'>σώματα.</span> <span class='ocrx_word' id='word_1_506' title='bbox 1401 3847 1926 3920; x_wconf 78' lang='lat' dir='ltr'><strong>Christophorsonus</strong></span> <span class='ocrx_word' id='word_1_507' title='bbox 1977 3853 2112 3906; x_wconf 82' lang='lat' dir='ltr'><strong>arti-</strong></span> 
     </span>
    </p>
   </div>
   <div class='ocr_carea' id='block_1_70' title="bbox 540 3917 2112 3990">
    <p class='ocr_par' dir='ltr' id='par_1_70' title="bbox 540 3917 2112 3990">
     <span class='ocr_line' id='line_1_70' title="bbox 540 3917 2112 3990; baseline 0.003 -19"><span class='ocrx_word' id='word_1_508' title='bbox 540 3918 738 3988; x_wconf 73' lang='lat' dir='ltr'><strong>ﬁcialia</strong></span> <span class='ocrx_word' id='word_1_509' title='bbox 768 3917 1155 3990; x_wconf 73' lang='lat' dir='ltr'><strong>interpretatus</strong></span> <span class='ocrx_word' id='word_1_510' title='bbox 1176 3917 1279 3981; x_wconf 82' lang='lat' dir='ltr'><strong>est,</strong></span> <span class='ocrx_word' id='word_1_511' title='bbox 1307 3933 1427 3985; x_wconf 69' lang='lat' dir='ltr'><strong>quae</strong></span> <span class='ocrx_word' id='word_1_512' title='bbox 1452 3917 1656 3974; x_wconf 87' lang='lat' dir='ltr'><strong>scilicet</strong></span> <span class='ocrx_word' id='word_1_513' title='bbox 1680 3919 1862 3990; x_wconf 89' lang='lat' dir='ltr'><strong>aliquo</strong></span> <span class='ocrx_word' id='word_1_514' title='bbox 1909 3921 2112 3975; x_wconf 87' lang='lat' dir='ltr'><strong>instru-</strong></span> 
     </span>
    </p>
   </div>
   <div class='ocr_carea' id='block_1_71' title="bbox 543 3987 2111 4060">
    <p class='ocr_par' dir='ltr' id='par_1_71' title="bbox 543 3987 2111 4060">
     <span class='ocr_line' id='line_1_71' title="bbox 543 3987 2111 4060; baseline 0.003 -20"><span class='ocrx_word' id='word_1_515' title='bbox 543 3995 728 4060; x_wconf 86' lang='lat' dir='ltr'><strong>mento</strong></span> <span class='ocrx_word' id='word_1_516' title='bbox 745 3987 1074 4060; x_wconf 65' lang='lat' dir='ltr'><strong>efﬁciuntur,</strong></span> <span class='ocrx_word' id='word_1_517' title='bbox 1095 4004 1200 4043; x_wconf 86' lang='lat' dir='ltr'><strong>non</strong></span> <span class='ocrx_word' id='word_1_518' title='bbox 1233 3999 1416 4042; x_wconf 89' lang='lat' dir='ltr'><strong>autem</strong></span> <span class='ocrx_word' id='word_1_519' title='bbox 1445 4002 1475 4060; x_wconf 84' lang='lat' dir='ltr'><strong>a</strong></span> <span class='ocrx_word' id='word_1_520' title='bbox 1519 3998 1712 4060; x_wconf 83' lang='lat' dir='ltr'><strong>natura</strong></span> <span class='ocrx_word' id='word_1_521' title='bbox 1756 3987 2111 4060; x_wconf 77' lang='lat' dir='ltr'><strong>generantur.</strong></span> 
     </span>
    </p>
   </div>
   <div class='ocr_carea' id='block_1_72' title="bbox 543 4057 2112 4124">
    <p class='ocr_par' dir='ltr' id='par_1_72' title="bbox 543 4057 2112 4124">
     <span class='ocr_line' id='line_1_72' title="bbox 543 4057 2112 4124; baseline 0.004 -15"><span class='ocrx_word' id='word_1_522' title='bbox 543 4059 598 4110; x_wconf 89' lang='lat' dir='ltr'><strong>in</strong></span> <span class='ocrx_word' id='word_1_523' title='bbox 649 4071 756 4124; x_wconf 90' lang='lat' dir='ltr'><strong>quo</strong></span> <span class='ocrx_word' id='word_1_524' title='bbox 811 4067 987 4112; x_wconf 85' lang='lat' dir='ltr'><strong>tamen</strong></span> <span class='ocrx_word' id='word_1_525' title='bbox 1027 4057 1079 4112; x_wconf 91' lang='lat' dir='ltr'><strong>ei</strong></span> <span class='ocrx_word' id='word_1_526' title='bbox 1124 4074 1230 4112; x_wconf 90' lang='lat' dir='ltr'><strong>non</strong></span> <span class='ocrx_word' id='word_1_527' title='bbox 1260 4059 1547 4112; x_wconf 88' lang='lat' dir='ltr'><strong>assentior.</strong></span> <span class='ocrx_word' id='word_1_528' title='bbox 1591 4058 1723 4112; x_wconf 84' lang='lat' dir='ltr'><strong>Nam</strong></span> <span class='ocrx_word' id='word_1_529' title='bbox 1755 4057 1876 4113; x_wconf 74' lang='lat' dir='ltr'><strong>cum</strong></span> <span class='ocrx_word' id='word_1_530' title='bbox 1909 4061 1960 4113; x_wconf 92' lang='lat' dir='ltr'><strong>in</strong></span> <span class='ocrx_word' id='word_1_531' title='bbox 2011 4061 2112 4116; x_wconf 90' lang='lat' dir='ltr'><strong>hac</strong></span> 
     </span>
    </p>
   </div>
   <div class='ocr_carea' id='block_1_73' title="bbox 543 4128 2107 4198">
    <p class='ocr_par' dir='ltr' id='par_1_73' title="bbox 543 4128 2107 4198">
     <span class='ocr_line' id='line_1_73' title="bbox 543 4128 2107 4198; baseline 0.003 -18"><span class='ocrx_word' id='word_1_532' title='bbox 543 4137 656 4198; x_wconf 84' lang='lat' dir='ltr'><strong>tota</strong></span> <span class='ocrx_word' id='word_1_533' title='bbox 676 4128 921 4182; x_wconf 89' lang='lat' dir='ltr'><strong>oratione</strong></span> <span class='ocrx_word' id='word_1_534' title='bbox 960 4129 1368 4198; x_wconf 84' lang='lat' dir='ltr'><strong>philosophetur</strong></span> <span class='ocrx_word' id='word_1_535' title='bbox 1389 4128 1794 4195; x_wconf 85' lang='lat' dir='ltr'><strong>Constantinus,</strong></span> <span class='ocrx_word' id='word_1_536' title='bbox 1825 4130 1924 4183; x_wconf 90' lang='lat' dir='ltr'><strong>hoc</strong></span> <span class='ocrx_word' id='word_1_537' title='bbox 1946 4131 2107 4185; x_wconf 88' lang='lat' dir='ltr'><strong>etiam</strong></span> 
     </span>
    </p>
   </div>
   <div class='ocr_carea' id='block_1_74' title="bbox 542 4197 2109 4265">
    <p class='ocr_par' dir='ltr' id='par_1_74' title="bbox 542 4197 2109 4265">
     <span class='ocr_line' id='line_1_74' title="bbox 542 4197 2109 4265; baseline 0.003 -15"><span class='ocrx_word' id='word_1_538' title='bbox 542 4198 597 4250; x_wconf 88' lang='lat' dir='ltr'><strong>in</strong></span> <span class='ocrx_word' id='word_1_539' title='bbox 636 4197 752 4250; x_wconf 92' lang='lat' dir='ltr'><strong>loco</strong></span> <span class='ocrx_word' id='word_1_540' title='bbox 795 4198 1062 4252; x_wconf 79' lang='lat' dir='ltr'><strong>naturalia</strong></span> <span class='ocrx_word' id='word_1_541' title='bbox 1101 4197 1454 4265; x_wconf 27' lang='lat' dir='ltr'><strong>et’orgauica</strong></span> <span class='ocrx_word' id='word_1_542' title='bbox 1490 4214 1716 4265; x_wconf 83' lang='lat' dir='ltr'><strong>corpora</strong></span> <span class='ocrx_word' id='word_1_543' title='bbox 1771 4201 1906 4253; x_wconf 74' lang='lat' dir='ltr'><strong>dixit</strong></span> <span class='ocrx_word' id='word_1_544' title='bbox 1959 4216 2109 4254; x_wconf 91' lang='lat' dir='ltr'><strong>more</strong></span> 
     </span>
    </p>
   </div>
   <div class='ocr_carea' id='block_1_75' title="bbox 540 4266 2107 4337">
    <p class='ocr_par' dir='ltr' id='par_1_75' title="bbox 540 4266 2107 4337">
     <span class='ocr_line' id='line_1_75' title="bbox 540 4266 2107 4337; baseline 0.002 -16"><span class='ocrx_word' id='word_1_545' title='bbox 540 4266 1006 4337; x_wconf 76' lang='lat' dir='ltr'><strong>philosophorum,</strong></span> <span class='ocrx_word' id='word_1_546' title='bbox 1047 4283 1167 4336; x_wconf 69' lang='lat' dir='ltr'><strong>quae</strong></span> <span class='ocrx_word' id='word_1_547' title='bbox 1196 4267 1412 4336; x_wconf 81' lang='lat' dir='ltr'><strong>organis</strong></span> <span class='ocrx_word' id='word_1_548' title='bbox 1467 4282 1560 4322; x_wconf 90' lang='lat' dir='ltr'><strong>seu</strong></span> <span class='ocrx_word' id='word_1_549' title='bbox 1611 4269 1988 4324; x_wconf 89' lang='lat' dir='ltr'><strong>instrumentis</strong></span> <span class='ocrx_word' id='word_1_550' title='bbox 2037 4271 2107 4324; x_wconf 87' lang='lat' dir='ltr'><strong>ad</strong></span> 
     </span>
    </p>
   </div>
   <div class='ocr_carea' id='block_1_76' title="bbox 539 4338 2108 4406">
    <p class='ocr_par' dir='ltr' id='par_1_76' title="bbox 539 4338 2108 4406">
     <span class='ocr_line' id='line_1_76' title="bbox 539 4338 2108 4406; baseline 0.006 -21"><span class='ocrx_word' id='word_1_551' title='bbox 539 4341 876 4406; x_wconf 70' lang='lat' dir='ltr'><strong>operandqu</strong></span> <span class='ocrx_word' id='word_1_552' title='bbox 930 4338 1139 4392; x_wconf 87' lang='lat' dir='ltr'><strong>idoneis</strong></span> <span class='ocrx_word' id='word_1_553' title='bbox 1197 4339 1416 4406; x_wconf 74' lang='lat' dir='ltr'><strong>praedita</strong></span> <span class='ocrx_word' id='word_1_554' title='bbox 1467 4347 1613 4392; x_wconf 90' lang='lat' dir='ltr'><strong>sunt.</strong></span> <span class='ocrx_word' id='word_1_555' title='bbox 1664 4339 1739 4392; x_wconf 90' lang='lat' dir='ltr'><strong>Ita</strong></span> <span class='ocrx_word' id='word_1_556' title='bbox 1786 4339 2108 4394; x_wconf 82' lang='lat' dir='ltr'><strong>Aristoteles</strong></span> 
     </span>
    </p>
   </div>
   <div class='ocr_carea' id='block_1_77' title="bbox 539 4405 2106 4480">
    <p class='ocr_par' dir='ltr' id='par_1_77' title="bbox 539 4405 2106 4480">
     <span class='ocr_line' id='line_1_77' title="bbox 539 4405 2106 4480; baseline 0.002 -20"><span class='ocrx_word' id='word_1_557' title='bbox 539 4405 797 4480; x_wconf 72' lang='lat' dir='ltr'><strong>loquitur,</strong></span> <span class='ocrx_word' id='word_1_558' title='bbox 822 4422 948 4462; x_wconf 84' lang='lat' dir='ltr'><strong>cum</strong></span> <span class='ocrx_word' id='word_1_559' title='bbox 983 4405 1217 4463; x_wconf 85' lang='lat' dir='ltr'><strong>animam</strong></span> <span class='ocrx_word' id='word_1_560' title='bbox 1253 4409 1449 4480; x_wconf 83' lang='lat' dir='ltr'><strong>delinit</strong></span> <span class='ocrx_word' id='word_1_561' title='bbox 1469 4419 1646 4462; x_wconf 91' lang='lat' dir='ltr'><strong>actum</strong></span> <span class='ocrx_word' id='word_1_562' title='bbox 1674 4410 1920 4479; x_wconf 85' lang='lat' dir='ltr'><strong>corporis</strong></span> <span class='ocrx_word' id='word_1_563' title='bbox 1943 4426 2106 4480; x_wconf 87' lang='lat' dir='ltr'><strong>orga-</strong></span> 
     </span>
    </p>
   </div>
   <div class='ocr_carea' id='block_1_78' title="bbox 538 4475 2104 4546">
    <p class='ocr_par' dir='ltr' id='par_1_78' title="bbox 538 4475 2104 4546">
     <span class='ocr_line' id='line_1_78' title="bbox 538 4475 2104 4546; baseline 0.001 -16"><span class='ocrx_word' id='word_1_564' title='bbox 538 4477 670 4546; x_wconf 75' lang='lat' dir='ltr'><strong>nici.</strong></span> <span class='ocrx_word' id='word_1_565' title='bbox 715 4475 844 4532; x_wconf 86' lang='lat' dir='ltr'><strong>Plus</strong></span> <span class='ocrx_word' id='word_1_566' title='bbox 898 4487 1076 4533; x_wconf 89' lang='lat' dir='ltr'><strong>autem</strong></span> <span class='ocrx_word' id='word_1_567' title='bbox 1128 4490 1206 4532; x_wconf 89' lang='lat' dir='ltr'><strong>est</strong></span> <span class='ocrx_word' id='word_1_568' title='bbox 1265 4479 1582 4544; x_wconf 87' lang='lat' dir='ltr'><strong>organicum</strong></span> <span class='ocrx_word' id='word_1_569' title='bbox 1615 4475 1788 4546; x_wconf 69' lang='lat' dir='ltr'><strong>quani</strong></span> <span class='ocrx_word' id='word_1_570' title='bbox 1837 4475 2104 4534; x_wconf 70' lang='lat' dir='ltr'><strong>naturale.</strong></span> 
     </span>
    </p>
   </div>
   <div class='ocr_carea' id='block_1_79' title="bbox 2221 3334 3798 3407">
    <p class='ocr_par' dir='ltr' id='par_1_79' title="bbox 2221 3334 3798 3407">
     <span class='ocr_line' id='line_1_79' title="bbox 2221 3334 3798 3407; baseline -0.003 -17"><span class='ocrx_word' id='word_1_571' title='bbox 2221 3337 2429 3392; x_wconf 78' lang='grc' dir='ltr'>ἑαυτῶν</span> <span class='ocrx_word' id='word_1_572' title='bbox 2463 3337 2708 3405; x_wconf 76' lang='grc' dir='ltr'>ἐξουσίας</span> <span class='ocrx_word' id='word_1_573' title='bbox 2743 3336 2842 3406; x_wconf 81' lang='lat'><strong>(5),</strong></span> <span class='ocrx_word' id='word_1_574' title='bbox 2870 3335 3014 3407; x_wconf 79' lang='grc' dir='ltr'>ἄλλῳ</span> <span class='ocrx_word' id='word_1_575' title='bbox 3035 3335 3092 3388; x_wconf 83' lang='grc' dir='ltr'><strong>δὲ</strong></span> <span class='ocrx_word' id='word_1_576' title='bbox 3119 3334 3292 3388; x_wconf 81' lang='grc' dir='ltr'>ταῦτα</span> <span class='ocrx_word' id='word_1_577' title='bbox 3314 3337 3536 3405; x_wconf 76' lang='grc' dir='ltr'>ἀνήκειν</span> <span class='ocrx_word' id='word_1_578' title='bbox 3561 3334 3686 3405; x_wconf 83' lang='grc' dir='ltr'>θεῷ·</span> <span class='ocrx_word' id='word_1_579' title='bbox 3713 3334 3798 3399; x_wconf 86' lang='grc' dir='ltr'><strong>τίς</strong></span> 
     </span>
    </p>
   </div>
   <div class='ocr_carea' id='block_1_80' title="bbox 2217 3425 3806 3499">
    <p class='ocr_par' dir='ltr' id='par_1_80' title="bbox 2217 3425 3806 3499">
     <span class='ocr_line' id='line_1_80' title="bbox 2217 3425 3806 3499; baseline -0.004 -15"><span class='ocrx_word' id='word_1_580' title='bbox 2217 3425 2313 3485; x_wconf 79' lang='grc' dir='ltr'><strong>οὖν</strong></span> <span class='ocrx_word' id='word_1_581' title='bbox 2345 3430 2522 3496; x_wconf 77' lang='grc' dir='ltr'>ἔλεος;</span> <span class='ocrx_word' id='word_1_582' title='bbox 2551 3431 2688 3483; x_wconf 86' lang='grc' dir='ltr'>Ποία</span> <span class='ocrx_word' id='word_1_583' title='bbox 2720 3430 2777 3483; x_wconf 81' lang='grc' dir='ltr'><strong>δὲ</strong></span> <span class='ocrx_word' id='word_1_584' title='bbox 2805 3426 2940 3481; x_wconf 86' lang='grc' dir='ltr'><strong>Θεοῦ</strong></span> <span class='ocrx_word' id='word_1_585' title='bbox 2988 3429 3067 3491; x_wconf 86' lang='grc' dir='ltr'><strong>είς</strong></span> <span class='ocrx_word' id='word_1_586' title='bbox 3104 3427 3389 3499; x_wconf 81' lang='grc' dir='ltr'>ἄνθρωπον</span> <span class='ocrx_word' id='word_1_587' title='bbox 3436 3427 3699 3498; x_wconf 84' lang='grc' dir='ltr'>πρόνοια;</span> <span class='ocrx_word' id='word_1_588' title='bbox 3734 3426 3806 3478; x_wconf 73' lang='lat' dir='ltr'><strong>EE-</strong></span> 
     </span>
    </p>
   </div>
   <div class='ocr_carea' id='block_1_81' title="bbox 2222 3515 3798 3591">
    <p class='ocr_par' dir='ltr' id='par_1_81' title="bbox 2222 3515 3798 3591">
     <span class='ocr_line' id='line_1_81' title="bbox 2222 3515 3798 3591; baseline -0.002 -20"><span class='ocrx_word' id='word_1_589' title='bbox 2222 3519 2297 3591; x_wconf 81' lang='grc' dir='ltr'>μὴ</span> <span class='ocrx_word' id='word_1_590' title='bbox 2325 3519 2433 3591; x_wconf 83' lang='grc' dir='ltr'>ἄρα</span> <span class='ocrx_word' id='word_1_591' title='bbox 2453 3519 2639 3590; x_wconf 84' lang='grc' dir='ltr'>βιαίως</span> <span class='ocrx_word' id='word_1_592' title='bbox 2659 3520 2687 3571; x_wconf 84' lang='grc' dir='ltr'>ὁ</span> <span class='ocrx_word' id='word_1_593' title='bbox 2717 3517 2906 3588; x_wconf 77' lang='grc' dir='ltr'>φιλανθ</span> <span class='ocrx_word' id='word_1_594' title='bbox 2917 3517 3221 3589; x_wconf 85' lang='grc' dir='ltr'>ρωπότερος</span> <span class='ocrx_word' id='word_1_595' title='bbox 3248 3517 3383 3587; x_wconf 83' lang='grc' dir='ltr'>πρὸς</span> <span class='ocrx_word' id='word_1_596' title='bbox 3403 3516 3493 3569; x_wconf 77' lang='grc' dir='ltr'>τόν</span> <span class='ocrx_word' id='word_1_597' title='bbox 3526 3515 3798 3587; x_wconf 83' lang='grc' dir='ltr'>μηδεμίαν</span> 
     </span>
    </p>
   </div>
   <div class='ocr_carea' id='block_1_82' title="bbox 2219 3606 3795 3684">
    <p class='ocr_par' dir='ltr' id='par_1_82' title="bbox 2219 3606 3795 3684">
     <span class='ocr_line' id='line_1_82' title="bbox 2219 3606 3795 3684; baseline -0.003 -20"><span class='ocrx_word' id='word_1_598' title='bbox 2219 3611 2409 3684; x_wconf 70' lang='grc' dir='ltr'>ἔχοντα</span> <span class='ocrx_word' id='word_1_599' title='bbox 2445 3611 2628 3684; x_wconf 81' lang='grc' dir='ltr'>σχέσιν</span> <span class='ocrx_word' id='word_1_600' title='bbox 2647 3609 2934 3674; x_wconf 76' lang='grc' dir='ltr'>διατεθεὶς,</span> <span class='ocrx_word' id='word_1_601' title='bbox 2961 3608 3349 3681; x_wconf 82' lang='grc' dir='ltr'>ὲπεκούρησεν-.</span> <span class='ocrx_word' id='word_1_602' title='bbox 3391 3607 3559 3680; x_wconf 85' lang='grc' dir='ltr'>Ὀργὴ</span> <span class='ocrx_word' id='word_1_603' title='bbox 3590 3607 3648 3660; x_wconf 81' lang='grc' dir='ltr'><strong>δὲ</strong></span> <span class='ocrx_word' id='word_1_604' title='bbox 3699 3606 3795 3660; x_wconf 75' lang='grc' dir='ltr'>καὶ</span> 
     </span>
    </p>
   </div>
   <div class='ocr_carea' id='block_1_83' title="bbox 2217 3849 3793 3922">
    <p class='ocr_par' dir='ltr' id='par_1_83' title="bbox 2217 3849 3793 3922">
     <span class='ocr_line' id='line_1_83' title="bbox 2217 3849 3793 3922; baseline -0.003 -13"><span class='ocrx_word' id='word_1_605' title='bbox 2217 3867 2433 3922; x_wconf 86' lang='lat' dir='ltr'><strong>semper</strong></span> <span class='ocrx_word' id='word_1_606' title='bbox 2460 3851 2758 3921; x_wconf 88' lang='lat' dir='ltr'><strong>eodemque</strong></span> <span class='ocrx_word' id='word_1_607' title='bbox 2788 3851 2978 3906; x_wconf 85' lang='lat' dir='ltr'><strong>ordine</strong></span> <span class='ocrx_word' id='word_1_608' title='bbox 3003 3863 3059 3922; x_wconf 87' lang='lat' dir='ltr'><strong>se</strong></span> <span class='ocrx_word' id='word_1_609' title='bbox 3079 3849 3324 3912; x_wconf 81' lang='lat' dir='ltr'><strong>haberet,</strong></span> <span class='ocrx_word' id='word_1_610' title='bbox 3346 3864 3414 3922; x_wconf 87' lang='lat' dir='ltr'><strong>pa</strong></span> <span class='ocrx_word' id='word_1_611' title='bbox 3427 3864 3540 3904; x_wconf 92' lang='lat' dir='ltr'><strong>rum</strong></span> <span class='ocrx_word' id='word_1_612' title='bbox 3570 3849 3793 3906; x_wconf 84' lang='lat' dir='ltr'><strong>solliciti</strong></span> 
     </span>
    </p>
   </div>
   <div class='ocr_carea' id='block_1_84' title="bbox 2216 3921 3792 3991">
    <p class='ocr_par' dir='ltr' id='par_1_84' title="bbox 2216 3921 3792 3991">
     <span class='ocr_line' id='line_1_84' title="bbox 2216 3921 3792 3991; baseline -0.002 -13"><span class='ocrx_word' id='word_1_613' title='bbox 2216 3921 2416 3978; x_wconf 78' lang='lat' dir='ltr'><strong>essent.</strong></span> <span class='ocrx_word' id='word_1_614' title='bbox 2446 3924 2610 3991; x_wconf 84' lang='lat' dir='ltr'><strong>Atqui</strong></span> <span class='ocrx_word' id='word_1_615' title='bbox 2640 3922 2972 3976; x_wconf 88' lang='lat' dir='ltr'><strong>contrarium</strong></span> <span class='ocrx_word' id='word_1_616' title='bbox 3007 3921 3283 3991; x_wconf 81' lang='lat' dir='ltr'><strong>videmus:</strong></span> <span class='ocrx_word' id='word_1_617' title='bbox 3308 3921 3489 3986; x_wconf 85' lang='lat' dir='ltr'><strong>plures</strong></span> <span class='ocrx_word' id='word_1_618' title='bbox 3521 3935 3650 3988; x_wconf 82' lang='lat' dir='ltr'><strong>ergo</strong></span> <span class='ocrx_word' id='word_1_619' title='bbox 3681 3937 3792 3975; x_wconf 83' lang='lat' dir='ltr'><strong>non</strong></span> 
     </span>
    </p>
   </div>
   <div class='ocr_carea' id='block_1_85' title="bbox 2217 3990 3790 4059">
    <p class='ocr_par' dir='ltr' id='par_1_85' title="bbox 2217 3990 3790 4059">
     <span class='ocr_line' id='line_1_85' title="bbox 2217 3990 3790 4059; baseline -0.001 -12"><span class='ocrx_word' id='word_1_620' title='bbox 2217 4003 2344 4048; x_wconf 87' lang='lat' dir='ltr'><strong>sunt</strong></span> <span class='ocrx_word' id='word_1_621' title='bbox 2377 3993 2470 4047; x_wconf 91' lang='lat' dir='ltr'><strong>dii.</strong></span> <span class='ocrx_word' id='word_1_622' title='bbox 2505 3990 2616 4047; x_wconf 85' lang='lat' dir='ltr'><strong>Hoc</strong></span> <span class='ocrx_word' id='word_1_623' title='bbox 2647 3992 2882 4059; x_wconf 90' lang='lat' dir='ltr'><strong>primum</strong></span> <span class='ocrx_word' id='word_1_624' title='bbox 2909 4001 2994 4043; x_wconf 90' lang='lat' dir='ltr'><strong>est</strong></span> <span class='ocrx_word' id='word_1_625' title='bbox 3023 3990 3363 4059; x_wconf 71' lang='lat' dir='ltr'><strong>Constantini</strong></span> <span class='ocrx_word' id='word_1_626' title='bbox 3407 3999 3790 4059; x_wconf 84' lang='lat' dir='ltr'><strong>argumentum</strong></span> 
     </span>
    </p>
   </div>
   <div class='ocr_carea' id='block_1_86' title="bbox 2217 4057 3798 4132">
    <p class='ocr_par' dir='ltr' id='par_1_86' title="bbox 2217 4057 3798 4132">
     <span class='ocr_line' id='line_1_86' title="bbox 2217 4057 3798 4132; baseline -0.003 -14"><span class='ocrx_word' id='word_1_627' title='bbox 2217 4067 2477 4118; x_wconf 78' lang='lat' dir='ltr'><strong>adversus</strong></span> <span class='ocrx_word' id='word_1_628' title='bbox 2515 4057 2800 4132; x_wconf 84' lang='lat' dir='ltr'><strong>gentilium</strong></span> <span class='ocrx_word' id='word_1_629' title='bbox 2835 4060 3178 4132; x_wconf 77' lang='lat' dir='ltr'><strong>theologiam.</strong></span> <span class='ocrx_word' id='word_1_630' title='bbox 3204 4057 3580 4132; x_wconf 15' lang='lat' dir='ltr'><strong>‘Legoi‘igitur,</strong></span> <span class='ocrx_word' id='word_1_631' title='bbox 3603 4058 3798 4132; x_wconf 52' lang='lat' dir='ltr'><strong>coiit}.</strong></span> 
     </span>
    </p>
   </div>
   <div class='ocr_carea' id='block_1_87' title="bbox 2217 4127 3796 4200">
    <p class='ocr_par' dir='ltr' id='par_1_87' title="bbox 2217 4127 3796 4200">
     <span class='ocr_line' id='line_1_87' title="bbox 2217 4127 3796 4200; baseline -0.002 -15"><span class='ocrx_word' id='word_1_632' title='bbox 2217 4134 2306 4186; x_wconf 73' lang='grc' dir='ltr'><strong>ἀεὶ</strong></span> <span class='ocrx_word' id='word_1_633' title='bbox 2354 4127 2626 4185; x_wconf 66' lang='grc' dir='ltr'>κατά’τὰ.</span> <span class='ocrx_word' id='word_1_634' title='bbox 2653 4129 2792 4184; x_wconf 84' lang='grc' dir='ltr'>αὑτά</span> <span class='ocrx_word' id='word_1_635' title='bbox 2837 4146 2895 4182; x_wconf 87' lang='grc' dir='ltr'><strong>τε</strong></span> <span class='ocrx_word' id='word_1_636' title='bbox 2931 4128 3026 4200; x_wconf 71' lang='grc' dir='ltr'>καὶ</span> <span class='ocrx_word' id='word_1_637' title='bbox 3068 4127 3329 4200; x_wconf 62' lang='grc' dir='ltr'>ὡσαότως</span> <span class='ocrx_word' id='word_1_638' title='bbox 3361 4128 3504 4198; x_wconf 78' lang='grc' dir='ltr'>ἔχειν</span> <span class='ocrx_word' id='word_1_639' title='bbox 3535 4128 3624 4181; x_wconf 83' lang='grc' dir='ltr'>τὸν</span> <span class='ocrx_word' id='word_1_640' title='bbox 3655 4129 3796 4200; x_wconf 82' lang='grc' dir='ltr'>σύμ-</span> 
     </span>
    </p>
   </div>
   <div class='ocr_carea' id='block_1_88' title="bbox 2216 4199 3798 4271">
    <p class='ocr_par' dir='ltr' id='par_1_88' title="bbox 2216 4199 3798 4271">
     <span class='ocr_line' id='line_1_88' title="bbox 2216 4199 3798 4271; baseline -0.003 -15"><span class='ocrx_word' id='word_1_641' title='bbox 2216 4219 2393 4256; x_wconf 88' lang='grc' dir='ltr'>παντα</span> <span class='ocrx_word' id='word_1_642' title='bbox 2426 4202 2649 4271; x_wconf 86' lang='grc' dir='ltr'>κόσμον,</span> <span class='ocrx_word' id='word_1_643' title='bbox 2681 4200 2896 4270; x_wconf 84' lang='grc' dir='ltr'>ἀμελῶς</span> <span class='ocrx_word' id='word_1_644' title='bbox 2919 4199 3168 4271; x_wconf 78' lang='grc' dir='ltr'>ἑχόντων.</span> <span class='ocrx_word' id='word_1_645' title='bbox 3199 4199 3270 4271; x_wconf 69' lang='lat' dir='ltr'><strong>Ita</strong></span> <span class='ocrx_word' id='word_1_646' title='bbox 3292 4215 3496 4271; x_wconf 74' lang='lat' dir='ltr'><strong>sensus</strong></span> <span class='ocrx_word' id='word_1_647' title='bbox 3521 4199 3798 4271; x_wconf 64' lang='lat' dir='ltr'><strong>estaper-</strong></span> 
     </span>
    </p>
   </div>
   <div class='ocr_carea' id='block_1_89' title="bbox 2218 4267 3796 4327">
    <p class='ocr_par' dir='ltr' id='par_1_89' title="bbox 2218 4267 3796 4327">
     <span class='ocr_line' id='line_1_89' title="bbox 2218 4267 3796 4327; baseline -0.001 -1"><span class='ocrx_word' id='word_1_648' title='bbox 2218 4273 2480 4327; x_wconf 85' lang='lat' dir='ltr'><strong>tissimus.</strong></span> <span class='ocrx_word' id='word_1_649' title='bbox 2517 4267 2862 4326; x_wconf 51' lang='lat' dir='ltr'><strong>Verum&#39;cum</strong></span> <span class='ocrx_word' id='word_1_650' title='bbox 2927 4267 2980 4322; x_wconf 78' lang='lat' dir='ltr'><strong>in</strong></span> <span class='ocrx_word' id='word_1_651' title='bbox 3013 4269 3174 4323; x_wconf 91' lang='lat' dir='ltr'><strong>codd.</strong></span> <span class='ocrx_word' id='word_1_652' title='bbox 3212 4267 3417 4323; x_wconf 79' lang='lat' dir='ltr'><strong>Ftlketii</strong></span> <span class='ocrx_word' id='word_1_653' title='bbox 3441 4279 3494 4321; x_wconf 91' lang='lat' dir='ltr'><strong>et</strong></span> <span class='ocrx_word' id='word_1_654' title='bbox 3520 4269 3570 4321; x_wconf 91' lang='lat' dir='ltr'><strong>in</strong></span> <span class='ocrx_word' id='word_1_655' title='bbox 3599 4267 3796 4324; x_wconf 81' lang='lat' dir='ltr'><strong>Savilii</strong></span> 
     </span>
    </p>
   </div>
   <div class='ocr_carea' id='block_1_90' title="bbox 2215 4339 3791 4408">
    <p class='ocr_par' dir='ltr' id='par_1_90' title="bbox 2215 4339 3791 4408">
     <span class='ocr_line' id='line_1_90' title="bbox 2215 4339 3791 4408; baseline -0.001 -12"><span class='ocrx_word' id='word_1_656' title='bbox 2215 4359 2279 4396; x_wconf 87' lang='lat' dir='ltr'><strong>ac</strong></span> <span class='ocrx_word' id='word_1_657' title='bbox 2321 4342 2556 4396; x_wconf 87' lang='lat' dir='ltr'><strong>&#39;l‘urnebi</strong></span> <span class='ocrx_word' id='word_1_658' title='bbox 2608 4340 2762 4394; x_wconf 90' lang='lat' dir='ltr'><strong>libris</strong></span> <span class='ocrx_word' id='word_1_659' title='bbox 2789 4355 2852 4393; x_wconf 89' lang='lat' dir='ltr'><strong>ea</strong></span> <span class='ocrx_word' id='word_1_660' title='bbox 2895 4339 3008 4408; x_wconf 86' lang='lat' dir='ltr'><strong>ipsa</strong></span> <span class='ocrx_word' id='word_1_661' title='bbox 3047 4354 3168 4406; x_wconf 63' lang='lat' dir='ltr'><strong>quae</strong></span> <span class='ocrx_word' id='word_1_662' title='bbox 3209 4355 3370 4408; x_wconf 89' lang='lat' dir='ltr'><strong>supra</strong></span> <span class='ocrx_word' id='word_1_663' title='bbox 3421 4340 3574 4406; x_wconf 88' lang='lat' dir='ltr'><strong>posui</strong></span> <span class='ocrx_word' id='word_1_664' title='bbox 3620 4341 3791 4395; x_wconf 82' lang='lat' dir='ltr'><strong>verba</strong></span> 
     </span>
    </p>
   </div>
   <div class='ocr_carea' id='block_1_91' title="bbox 2217 4409 3675 4481">
    <p class='ocr_par' dir='ltr' id='par_1_91' title="bbox 2217 4409 3675 4481">
     <span class='ocr_line' id='line_1_91' title="bbox 2217 4409 3675 4481; baseline -0.003 -15"><span class='ocrx_word' id='word_1_665' title='bbox 2217 4413 2578 4481; x_wconf 78' lang='lat' dir='ltr'><strong>reperiantur,</strong></span> <span class='ocrx_word' id='word_1_666' title='bbox 2613 4410 2748 4463; x_wconf 88' lang='lat' dir='ltr'><strong>nihil</strong></span> <span class='ocrx_word' id='word_1_667' title='bbox 2773 4425 2920 4481; x_wconf 77' lang='lat' dir='ltr'><strong>opus</strong></span> <span class='ocrx_word' id='word_1_668' title='bbox 2945 4419 3027 4481; x_wconf 80' lang='lat' dir='ltr'><strong>est</strong></span> <span class='ocrx_word' id='word_1_669' title='bbox 3061 4409 3440 4481; x_wconf 79' lang='lat' dir='ltr'><strong>emeiidatione</strong></span> <span class='ocrx_word' id='word_1_670' title='bbox 3470 4419 3675 4462; x_wconf 90' lang='lat' dir='ltr'><strong>nostra.</strong></span> 
     </span>
    </p>
   </div>
   <div class='ocr_carea' id='block_1_92' title="bbox 2286 4479 3786 4553">
    <p class='ocr_par' dir='ltr' id='par_1_92' title="bbox 2286 4479 3786 4553">
     <span class='ocr_line' id='line_1_92' title="bbox 2286 4479 3786 4553; baseline 0.001 -20"><span class='ocrx_word' id='word_1_671' title='bbox 2286 4479 2360 4553; x_wconf 73' lang='grc'><strong>(4)</strong></span> <span class='ocrx_word' id='word_1_672' title='bbox 2393 4481 2741 4553; x_wconf 52' lang='lat' dir='ltr'><strong>seminario)?</strong></span> <span class='ocrx_word' id='word_1_673' title='bbox 2859 4479 3160 4553; x_wconf 69' lang='grc' dir='ltr'>αἱρέσεως,</span> <span class='ocrx_word' id='word_1_674' title='bbox 3191 4480 3362 4542; x_wconf 85' lang='lat' dir='ltr'><strong>idest,</strong></span> <span class='ocrx_word' id='word_1_675' title='bbox 3386 4494 3479 4546; x_wconf 82' lang='lat' dir='ltr'><strong>pro</strong></span> <span class='ocrx_word' id='word_1_676' title='bbox 3505 4481 3786 4535; x_wconf 67' lang='lat' dir='ltr'><strong>arbitratu.</strong></span> 
     </span>
    </p>
   </div>
   <div class='ocr_carea' id='block_1_93' title="bbox 540 4544 3072 4620">
    <p class='ocr_par' dir='ltr' id='par_1_93' title="bbox 540 4544 3072 4620">
     <span class='ocr_line' id='line_1_93' title="bbox 540 4544 3072 4620; baseline 0.001 -22"><span class='ocrx_word' id='word_1_677' title='bbox 540 4544 682 4620; x_wconf 77' lang='lat' dir='ltr'><strong>sunt</strong></span> <span class='ocrx_word' id='word_1_678' title='bbox 714 4548 860 4602; x_wconf 89' lang='lat' dir='ltr'><strong>enim</strong></span> <span class='ocrx_word' id='word_1_679' title='bbox 899 4550 1145 4616; x_wconf 67' lang='lat' dir='ltr'><strong>quamam</strong></span> <span class='ocrx_word' id='word_1_680' title='bbox 1179 4563 1426 4620; x_wconf 60' lang='lat' dir='ltr'><strong>corpora</strong></span> <span class='ocrx_word' id='word_1_681' title='bbox 1475 4544 1744 4620; x_wconf 76' lang='lat' dir='ltr'><strong>naturalia</strong></span> <span class='ocrx_word' id='word_1_682' title='bbox 1783 4565 1902 4619; x_wconf 80' lang='lat' dir='ltr'><strong>quae</strong></span> <span class='ocrx_word' id='word_1_683' title='bbox 1951 4566 2112 4618; x_wconf 89' lang='lat' dir='ltr'><strong>orga-</strong></span> <span class='ocrx_word' id='word_1_684' title='bbox 2139 4546 2188 4606; x_wconf 91' lang='lat' dir='ltr'><strong>D</strong></span> <span class='ocrx_word' id='word_1_685' title='bbox 2216 4544 2404 4607; x_wconf 71' lang='lat' dir='ltr'><strong>Posset</strong></span> <span class='ocrx_word' id='word_1_686' title='bbox 2429 4544 2594 4620; x_wconf 76' lang='lat' dir='ltr'><strong>eiiani</strong></span> <span class='ocrx_word' id='word_1_687' title='bbox 2629 4544 3072 4620; x_wconf 16' lang='lat' dir='ltr'><strong>legisggipiécwq.</strong></span> 
     </span>
    </p>
   </div>
   <div class='ocr_carea' id='block_1_94' title="bbox 539 4617 2112 4689">
    <p class='ocr_par' dir='ltr' id='par_1_94' title="bbox 539 4617 2112 4689">
     <span class='ocr_line' id='line_1_94' title="bbox 539 4617 2112 4689; baseline 0.002 -19"><span class='ocrx_word' id='word_1_688' title='bbox 539 4617 630 4670; x_wconf 85' lang='lat' dir='ltr'><strong>nis</strong></span> <span class='ocrx_word' id='word_1_689' title='bbox 649 4627 859 4686; x_wconf 78' lang='lat' dir='ltr'><strong>carent,</strong></span> <span class='ocrx_word' id='word_1_690' title='bbox 889 4627 950 4674; x_wconf 92' lang='lat' dir='ltr'><strong>ut</strong></span> <span class='ocrx_word' id='word_1_691' title='bbox 979 4617 1214 4688; x_wconf 77' lang='lat' dir='ltr'><strong>exempli</strong></span> <span class='ocrx_word' id='word_1_692' title='bbox 1255 4618 1430 4689; x_wconf 86' lang='lat' dir='ltr'><strong>gratia</strong></span> <span class='ocrx_word' id='word_1_693' title='bbox 1481 4618 1687 4688; x_wconf 85' lang='lat' dir='ltr'><strong>lapides</strong></span> <span class='ocrx_word' id='word_1_694' title='bbox 1731 4617 2038 4676; x_wconf 34' lang='lat' dir='ltr'><strong>et&#39;caitera’</strong></span> <span class='ocrx_word' id='word_1_695' title='bbox 2058 4620 2112 4674; x_wconf 90' lang='lat' dir='ltr'><strong>id</strong></span> 
     </span>
    </p>
   </div>
   <div class='ocr_carea' id='block_1_95' title="bbox 539 4702 1272 4754">
    <p class='ocr_par' dir='ltr' id='par_1_95' title="bbox 539 4702 1272 4754">
     <span class='ocr_line' id='line_1_95' title="bbox 539 4702 1272 4754; baseline -0.008 -14"><span class='ocrx_word' id='word_1_696' title='bbox 539 4702 732 4754; x_wconf 69' lang='lat' dir='ltr'><strong>genus.</strong></span> <span class='ocrx_word' id='word_1_697' title='bbox 823 4753 828 4754; x_wconf 15' lang='grc' dir='ltr'><strong>γ</strong></span> <span class='ocrx_word' id='word_1_698' title='bbox 1259 4721 1272 4734; x_wconf 94' lang='grc'><strong>.</strong></span> 
     </span>
    </p>
   </div>
   <div class='ocr_carea' id='block_1_96' title="bbox 613 4753 2110 4826">
    <p class='ocr_par' dir='ltr' id='par_1_96' title="bbox 613 4753 2110 4826">
     <span class='ocr_line' id='line_1_96' title="bbox 613 4753 2110 4826; baseline 0.004 -18"><span class='ocrx_word' id='word_1_699' title='bbox 613 4753 956 4826; x_wconf 73' lang='lat' dir='ltr'><strong>(l)K.1fip0t.</strong></span> <span class='ocrx_word' id='word_1_700' title='bbox 995 4756 1200 4812; x_wconf 78' lang='lat' dir='ltr'><strong>Alludit</strong></span> <span class='ocrx_word' id='word_1_701' title='bbox 1236 4757 1303 4810; x_wconf 87' lang='lat' dir='ltr'><strong>ad</strong></span> <span class='ocrx_word' id='word_1_702' title='bbox 1355 4756 1678 4813; x_wconf 87' lang='lat' dir='ltr'><strong>divisionem</strong></span> <span class='ocrx_word' id='word_1_703' title='bbox 1731 4759 1912 4814; x_wconf 91' lang='lat' dir='ltr'><strong>mundi</strong></span> <span class='ocrx_word' id='word_1_704' title='bbox 1963 4759 2110 4814; x_wconf 87' lang='lat' dir='ltr'><strong>inter</strong></span> 
     </span>
    </p>
   </div>
   <div class='ocr_carea' id='block_1_97' title="bbox 538 4821 2113 4899">
    <p class='ocr_par' dir='ltr' id='par_1_97' title="bbox 538 4821 2113 4899">
     <span class='ocr_line' id='line_1_97' title="bbox 538 4821 2113 4899; baseline 0.004 -21"><span class='ocrx_word' id='word_1_705' title='bbox 538 4821 750 4890; x_wconf 75' lang='lat' dir='ltr'><strong>Jovem,</strong></span> <span class='ocrx_word' id='word_1_706' title='bbox 783 4821 1084 4899; x_wconf 53' lang='lat' dir='ltr'><strong>Romanum</strong></span> <span class='ocrx_word' id='word_1_707' title='bbox 1109 4843 1174 4899; x_wconf 86' lang='lat' dir='ltr'><strong>ac</strong></span> <span class='ocrx_word' id='word_1_708' title='bbox 1202 4828 1486 4899; x_wconf 87' lang='lat' dir='ltr'><strong>Plutonem</strong></span> <span class='ocrx_word' id='word_1_709' title='bbox 1519 4828 1738 4893; x_wconf 84' lang='lat' dir='ltr'><strong>fratres,</strong></span> <span class='ocrx_word' id='word_1_710' title='bbox 1766 4845 1930 4899; x_wconf 88' lang='lat' dir='ltr'><strong>quam</strong></span> <span class='ocrx_word' id='word_1_711' title='bbox 1960 4829 2113 4884; x_wconf 71' lang='lat' dir='ltr'><strong>Grae-</strong></span> 
     </span>
    </p>
   </div>
   <div class='ocr_carea' id='block_1_98' title="bbox 539 4896 1438 4964">
    <p class='ocr_par' dir='ltr' id='par_1_98' title="bbox 539 4896 1438 4964">
     <span class='ocr_line' id='line_1_98' title="bbox 539 4896 1438 4964; baseline 0.002 -14"><span class='ocrx_word' id='word_1_712' title='bbox 539 4909 726 4964; x_wconf 80' lang='lat' dir='ltr'><strong>corum</strong></span> <span class='ocrx_word' id='word_1_713' title='bbox 765 4896 993 4964; x_wconf 88' lang='lat' dir='ltr'><strong>theologi</strong></span> <span class='ocrx_word' id='word_1_714' title='bbox 1027 4896 1253 4951; x_wconf 80' lang='lat' dir='ltr'><strong>fabulati</strong></span> <span class='ocrx_word' id='word_1_715' title='bbox 1292 4910 1438 4952; x_wconf 91' lang='lat' dir='ltr'><strong>sunt.</strong></span> 
     </span>
    </p>
   </div>
   <div class='ocr_carea' id='block_1_99' title="bbox 612 4963 2113 5036">
    <p class='ocr_par' dir='ltr' id='par_1_99' title="bbox 612 4963 2113 5036">
     <span class='ocr_line' id='line_1_99' title="bbox 612 4963 2113 5036; baseline 0.006 -20"><span class='ocrx_word' id='word_1_716' title='bbox 612 4963 688 5031; x_wconf 67' lang='lat'><strong>(2)</strong></span> <span class='ocrx_word' id='word_1_717' title='bbox 719 4963 1316 5036; x_wconf 74' lang='grc' dir='ltr'>Διοικονομουμένων.</span> <span class='ocrx_word' id='word_1_718' title='bbox 1335 4966 1390 5020; x_wconf 87' lang='lat' dir='ltr'><strong>lu</strong></span> <span class='ocrx_word' id='word_1_719' title='bbox 1422 4969 1605 5024; x_wconf 85' lang='lat' dir='ltr'><strong>codice</strong></span> <span class='ocrx_word' id='word_1_720' title='bbox 1623 4967 1835 5024; x_wconf 75' lang='lat' dir='ltr'><strong>Fuketii</strong></span> <span class='ocrx_word' id='word_1_721' title='bbox 1853 4968 2113 5025; x_wconf 82' lang='lat' dir='ltr'><strong>scribitur</strong></span> 
     </span>
    </p>
   </div>
   <div class='ocr_carea' id='block_1_100' title="bbox 536 5034 942 5104">
    <p class='ocr_par' dir='ltr' id='par_1_100' title="bbox 536 5034 942 5104">
     <span class='ocr_line' id='line_1_100' title="bbox 536 5034 942 5104; baseline 0 -15"><span class='ocrx_word' id='word_1_722' title='bbox 536 5034 942 5104; x_wconf 82' lang='grc' dir='ltr'>διοικουμένων.</span> 
     </span>
    </p>
   </div>
   <div class='ocr_carea' id='block_1_101' title="bbox 612 5105 2109 5178">
    <p class='ocr_par' dir='ltr' id='par_1_101' title="bbox 612 5105 2109 5178">
     <span class='ocr_line' id='line_1_101' title="bbox 612 5105 2109 5178; baseline 0.003 -20"><span class='ocrx_word' id='word_1_723' title='bbox 612 5106 697 5178; x_wconf 69' lang='grc' dir='ltr'><strong>(ὅ)</strong></span> <span class='ocrx_word' id='word_1_724' title='bbox 742 5107 863 5160; x_wconf 83' lang='grc' dir='ltr'><strong>Οὐκ</strong></span> <span class='ocrx_word' id='word_1_725' title='bbox 907 5105 1142 5175; x_wconf 71' lang='grc' dir='ltr'>ἀμελῶς</span> <span class='ocrx_word' id='word_1_726' title='bbox 1190 5106 1375 5176; x_wconf 75' lang='grc' dir='ltr'>ἔχειν.</span> <span class='ocrx_word' id='word_1_727' title='bbox 1415 5107 1729 5178; x_wconf 82' lang='lat' dir='ltr'><strong>Negativam</strong></span> <span class='ocrx_word' id='word_1_728' title='bbox 1785 5108 2109 5178; x_wconf 75' lang='lat' dir='ltr'><strong>particulam</strong></span> 
     </span>
    </p>
   </div>
   <div class='ocr_carea' id='block_1_102' title="bbox 539 5175 2112 5248">
    <p class='ocr_par' dir='ltr' id='par_1_102' title="bbox 539 5175 2112 5248">
     <span class='ocr_line' id='line_1_102' title="bbox 539 5175 2112 5248; baseline 0.003 -19"><span class='ocrx_word' id='word_1_729' title='bbox 539 5175 868 5248; x_wconf 83' lang='lat' dir='ltr'><strong>addiderunt</strong></span> <span class='ocrx_word' id='word_1_730' title='bbox 907 5179 1009 5230; x_wconf 90' lang='lat' dir='ltr'><strong>viri</strong></span> <span class='ocrx_word' id='word_1_731' title='bbox 1040 5175 1294 5242; x_wconf 78' lang='lat' dir='ltr'><strong>docti,ex</strong></span> <span class='ocrx_word' id='word_1_732' title='bbox 1337 5175 1671 5248; x_wconf 76' lang='lat' dir='ltr'><strong>conjectura.</strong></span> <span class='ocrx_word' id='word_1_733' title='bbox 1710 5175 2019 5244; x_wconf 54' lang='lat' dir='ltr'><strong>ut&#39;0pinor.</strong></span> <span class='ocrx_word' id='word_1_734' title='bbox 2053 5189 2112 5233; x_wconf 90' lang='lat' dir='ltr'><strong>ut</strong></span> 
     </span>
    </p>
   </div>
   <div class='ocr_carea' id='block_1_103' title="bbox 535 5245 2110 5316">
    <p class='ocr_par' dir='ltr' id='par_1_103' title="bbox 535 5245 2110 5316">
     <span class='ocr_line' id='line_1_103' title="bbox 535 5245 2110 5316; baseline 0.003 -18"><span class='ocrx_word' id='word_1_735' title='bbox 535 5245 781 5316; x_wconf 8' lang='lat' dir='ltr'><strong>etgverba</strong></span> <span class='ocrx_word' id='word_1_736' title='bbox 819 5262 938 5314; x_wconf 68' lang='lat' dir='ltr'><strong>quae</strong></span> <span class='ocrx_word' id='word_1_737' title='bbox 961 5248 1210 5313; x_wconf 75' lang='lat' dir='ltr'><strong>proxime</strong></span> <span class='ocrx_word' id='word_1_738' title='bbox 1233 5245 1536 5316; x_wconf 77' lang='lat' dir='ltr'><strong>sequuntur</strong></span> <span class='ocrx_word' id='word_1_739' title='bbox 1571 5265 1584 5300; x_wconf 91' lang='lat'>:</span> <span class='ocrx_word' id='word_1_740' title='bbox 1618 5249 1728 5302; x_wconf 83' lang='grc' dir='ltr'><strong>οὐδ’</strong></span> <span class='ocrx_word' id='word_1_741' title='bbox 1771 5249 1879 5302; x_wconf 73' lang='grc' dir='ltr'><strong>ἀπὸ</strong></span> <span class='ocrx_word' id='word_1_742' title='bbox 1919 5251 2110 5303; x_wconf 78' lang='grc' dir='ltr'><strong>ταύτοο</strong></span> 
     </span>
    </p>
   </div>
   <div class='ocr_carea' id='block_1_104' title="bbox 538 5314 2112 5398">
    <p class='ocr_par' dir='ltr' id='par_1_104' title="bbox 538 5314 2112 5398">
     <span class='ocr_line' id='line_1_104' title="bbox 538 5314 2112 5398; baseline 0.003 -29"><span class='ocrx_word' id='word_1_743' title='bbox 538 5314 710 5398; x_wconf 72' lang='grc' dir='ltr'>μάτου</span> <span class='ocrx_word' id='word_1_744' title='bbox 728 5316 1060 5398; x_wconf 51' lang='lat' dir='ltr'><strong>Itysgﬁaliot</strong></span> <span class='ocrx_word' id='word_1_745' title='bbox 1078 5316 1262 5398; x_wconf 77' lang='grc' dir='ltr'>τοῦτον</span> <span class='ocrx_word' id='word_1_746' title='bbox 1282 5314 1600 5398; x_wconf 76' lang='grc' dir='ltr'>παρίστησι.</span> <span class='ocrx_word' id='word_1_747' title='bbox 1645 5320 1779 5398; x_wconf 64' lang='lat' dir='ltr'><strong>Qute</strong></span> <span class='ocrx_word' id='word_1_748' title='bbox 1789 5321 1973 5398; x_wconf 76' lang='lat' dir='ltr'><strong>omnia</strong></span> <span class='ocrx_word' id='word_1_749' title='bbox 2011 5334 2112 5398; x_wconf 73' lang='lat' dir='ltr'><strong>nec</strong></span> 
     </span>
    </p>
   </div>
   <div class='ocr_carea' id='block_1_105' title="bbox 535 5385 2109 5455">
    <p class='ocr_par' dir='ltr' id='par_1_105' title="bbox 535 5385 2109 5455">
     <span class='ocr_line' id='line_1_105' title="bbox 535 5385 2109 5455; baseline 0.001 -16"><span class='ocrx_word' id='word_1_750' title='bbox 535 5385 591 5440; x_wconf 88' lang='lat' dir='ltr'><strong>iu</strong></span> <span class='ocrx_word' id='word_1_751' title='bbox 643 5390 830 5442; x_wconf 78' lang='lat' dir='ltr'><strong>codice</strong></span> <span class='ocrx_word' id='word_1_752' title='bbox 873 5385 1044 5455; x_wconf 76' lang='lat' dir='ltr'><strong>Regio</strong></span> <span class='ocrx_word' id='word_1_753' title='bbox 1078 5401 1177 5440; x_wconf 90' lang='lat' dir='ltr'><strong>nec</strong></span> <span class='ocrx_word' id='word_1_754' title='bbox 1222 5387 1275 5442; x_wconf 90' lang='lat' dir='ltr'><strong>in</strong></span> <span class='ocrx_word' id='word_1_755' title='bbox 1317 5385 1588 5443; x_wconf 77' lang='lat' dir='ltr'><strong>veteribus</strong></span> <span class='ocrx_word' id='word_1_756' title='bbox 1619 5385 1854 5451; x_wconf 81' lang='lat' dir='ltr'><strong>schedis,</strong></span> <span class='ocrx_word' id='word_1_757' title='bbox 1906 5406 2005 5444; x_wconf 91' lang='lat' dir='ltr'><strong>nec</strong></span> <span class='ocrx_word' id='word_1_758' title='bbox 2055 5390 2109 5442; x_wconf 91' lang='lat' dir='ltr'><strong>in</strong></span> 
     </span>
    </p>
   </div>
   <div class='ocr_carea' id='block_1_106' title="bbox 534 5455 2111 5527">
    <p class='ocr_par' dir='ltr' id='par_1_106' title="bbox 534 5455 2111 5527">
     <span class='ocr_line' id='line_1_106' title="bbox 534 5455 2111 5527; baseline 0.003 -17"><span class='ocrx_word' id='word_1_759' title='bbox 534 5457 781 5511; x_wconf 88' lang='lat' dir='ltr'><strong>editione</strong></span> <span class='ocrx_word' id='word_1_760' title='bbox 805 5455 1029 5512; x_wconf 82' lang='lat' dir='ltr'><strong>Roberti</strong></span> <span class='ocrx_word' id='word_1_761' title='bbox 1061 5456 1319 5526; x_wconf 91' lang='lat' dir='ltr'><strong>Stephani</strong></span> <span class='ocrx_word' id='word_1_762' title='bbox 1352 5460 1640 5527; x_wconf 63' lang='lat' dir='ltr'><strong>leguntur:</strong></span> <span class='ocrx_word' id='word_1_763' title='bbox 1678 5473 1776 5512; x_wconf 89' lang='lat' dir='ltr'><strong>nec</strong></span> <span class='ocrx_word' id='word_1_764' title='bbox 1811 5461 1919 5512; x_wconf 90' lang='lat' dir='ltr'><strong>ullo</strong></span> <span class='ocrx_word' id='word_1_765' title='bbox 1953 5461 2111 5514; x_wconf 72' lang='lat' dir='ltr'><strong>mirio</strong></span> 
     </span>
    </p>
   </div>
   <div class='ocr_carea' id='block_1_107' title="bbox 534 5526 2113 5598">
    <p class='ocr_par' dir='ltr' id='par_1_107' title="bbox 534 5526 2113 5598">
     <span class='ocr_line' id='line_1_107' title="bbox 534 5526 2113 5598; baseline 0.004 -23"><span class='ocrx_word' id='word_1_766' title='bbox 534 5527 812 5598; x_wconf 60' lang='lat' dir='ltr'><strong>vellerent</strong></span> <span class='ocrx_word' id='word_1_767' title='bbox 833 5544 958 5584; x_wconf 89' lang='lat' dir='ltr'><strong>cum</strong></span> <span class='ocrx_word' id='word_1_768' title='bbox 989 5526 1442 5598; x_wconf 70' lang='lat' dir='ltr'><strong>praecedentibus.</strong></span> <span class='ocrx_word' id='word_1_769' title='bbox 1476 5526 1662 5598; x_wconf 82' lang='lat' dir='ltr'><strong>Neque</strong></span> <span class='ocrx_word' id='word_1_770' title='bbox 1698 5529 1842 5582; x_wconf 89' lang='lat' dir='ltr'><strong>enim</strong></span> <span class='ocrx_word' id='word_1_771' title='bbox 1873 5531 1942 5584; x_wconf 87' lang='lat' dir='ltr'><strong>de</strong></span> <span class='ocrx_word' id='word_1_772' title='bbox 1976 5528 2113 5582; x_wconf 89' lang='lat' dir='ltr'><strong>Pro-</strong></span> 
     </span>
    </p>
   </div>
   <div class='ocr_carea' id='block_1_108' title="bbox 533 5597 2108 5666">
    <p class='ocr_par' dir='ltr' id='par_1_108' title="bbox 533 5597 2108 5666">
     <span class='ocr_line' id='line_1_108' title="bbox 533 5597 2108 5666; baseline 0.004 -20"><span class='ocrx_word' id='word_1_773' title='bbox 533 5597 768 5651; x_wconf 73' lang='lat' dir='ltr'><strong>videntia</strong></span> <span class='ocrx_word' id='word_1_774' title='bbox 821 5615 964 5655; x_wconf 89' lang='lat' dir='ltr'><strong>nunc</strong></span> <span class='ocrx_word' id='word_1_775' title='bbox 1018 5603 1130 5666; x_wconf 86' lang='lat' dir='ltr'><strong>agit</strong></span> <span class='ocrx_word' id='word_1_776' title='bbox 1189 5597 1597 5660; x_wconf 86' lang='lat' dir='ltr'><strong>Constantinus,</strong></span> <span class='ocrx_word' id='word_1_777' title='bbox 1649 5600 1744 5653; x_wconf 91' lang='lat' dir='ltr'><strong>sed</strong></span> <span class='ocrx_word' id='word_1_778' title='bbox 1795 5601 1842 5653; x_wconf 93' lang='lat' dir='ltr'><strong>id</strong></span> <span class='ocrx_word' id='word_1_779' title='bbox 1901 5609 2108 5652; x_wconf 88' lang='lat' dir='ltr'><strong>tantum</strong></span> 
     </span>
    </p>
   </div>
   <div class='ocr_carea' id='block_1_109' title="bbox 535 5667 2106 5738">
    <p class='ocr_par' dir='ltr' id='par_1_109' title="bbox 535 5667 2106 5738">
     <span class='ocr_line' id='line_1_109' title="bbox 535 5667 2106 5738; baseline 0.003 -21"><span class='ocrx_word' id='word_1_780' title='bbox 535 5667 792 5738; x_wconf 81' lang='lat' dir='ltr'><strong>adstruit,</strong></span> <span class='ocrx_word' id='word_1_781' title='bbox 825 5683 989 5724; x_wconf 84' lang='lat' dir='ltr'><strong>unum</strong></span> <span class='ocrx_word' id='word_1_782' title='bbox 1032 5681 1156 5722; x_wconf 84' lang='lat' dir='ltr'><strong>esse</strong></span> <span class='ocrx_word' id='word_1_783' title='bbox 1208 5670 1450 5722; x_wconf 80' lang='lat' dir='ltr'><strong>oniuium</strong></span> <span class='ocrx_word' id='word_1_784' title='bbox 1503 5684 1688 5722; x_wconf 89' lang='lat' dir='ltr'><strong>rerum</strong></span> <span class='ocrx_word' id='word_1_785' title='bbox 1739 5669 2106 5738; x_wconf 88' lang='lat' dir='ltr'><strong>principium;</strong></span> 
     </span>
    </p>
   </div>
   <div class='ocr_carea' id='block_1_110' title="bbox 533 5737 2111 5808">
    <p class='ocr_par' dir='ltr' id='par_1_110' title="bbox 533 5737 2111 5808">
     <span class='ocr_line' id='line_1_110' title="bbox 533 5737 2111 5808; baseline 0.005 -22"><span class='ocrx_word' id='word_1_786' title='bbox 533 5738 678 5800; x_wconf 72' lang='lat' dir='ltr'><strong>quod</strong></span> <span class='ocrx_word' id='word_1_787' title='bbox 710 5737 781 5790; x_wconf 85' lang='lat' dir='ltr'><strong>ita</strong></span> <span class='ocrx_word' id='word_1_788' title='bbox 815 5741 1009 5805; x_wconf 75' lang='lat' dir='ltr'><strong>prohat</strong></span> <span class='ocrx_word' id='word_1_789' title='bbox 1034 5755 1052 5792; x_wconf 74' lang='grc' dir='ltr'><strong>ι</strong></span> <span class='ocrx_word' id='word_1_790' title='bbox 1076 5738 1134 5793; x_wconf 81' lang='lat' dir='ltr'><strong>8i</strong></span> <span class='ocrx_word' id='word_1_791' title='bbox 1169 5739 1353 5808; x_wconf 87' lang='lat' dir='ltr'><strong>plures</strong></span> <span class='ocrx_word' id='word_1_792' title='bbox 1378 5747 1561 5792; x_wconf 79' lang='lat' dir='ltr'><strong>essent</strong></span> <span class='ocrx_word' id='word_1_793' title='bbox 1594 5740 1691 5805; x_wconf 90' lang='lat' dir='ltr'><strong>dii,</strong></span> <span class='ocrx_word' id='word_1_794' title='bbox 1732 5737 1931 5807; x_wconf 81' lang='lat' dir='ltr'><strong>singuli</strong></span> <span class='ocrx_word' id='word_1_795' title='bbox 1983 5755 2111 5794; x_wconf 84' lang='lat' dir='ltr'><strong>suas</strong></span> 
     </span>
    </p>
   </div>
   <div class='ocr_carea' id='block_1_111' title="bbox 531 5811 2112 5877">
    <p class='ocr_par' dir='ltr' id='par_1_111' title="bbox 531 5811 2112 5877">
     <span class='ocr_line' id='line_1_111' title="bbox 531 5811 2112 5877; baseline 0.006 -20"><span class='ocrx_word' id='word_1_796' title='bbox 531 5814 716 5874; x_wconf 68' lang='lat' dir='ltr'><strong>partes</strong></span> <span class='ocrx_word' id='word_1_797' title='bbox 739 5821 990 5877; x_wconf 80' lang='lat' dir='ltr'><strong>regerent</strong></span> <span class='ocrx_word' id='word_1_798' title='bbox 1038 5824 1051 5861; x_wconf 89' lang='lat'>:</span> <span class='ocrx_word' id='word_1_799' title='bbox 1100 5818 1159 5864; x_wconf 89' lang='lat' dir='ltr'><strong>ut</strong></span> <span class='ocrx_word' id='word_1_800' title='bbox 1188 5819 1369 5865; x_wconf 81' lang='lat' dir='ltr'><strong>autem</strong></span> <span class='ocrx_word' id='word_1_801' title='bbox 1421 5811 1654 5865; x_wconf 84' lang='lat' dir='ltr'><strong>mundus</strong></span> <span class='ocrx_word' id='word_1_802' title='bbox 1683 5811 1971 5866; x_wconf 84' lang='lat' dir='ltr'><strong>universus</strong></span> <span class='ocrx_word' id='word_1_803' title='bbox 2003 5825 2112 5867; x_wconf 89' lang='lat' dir='ltr'><strong>uno</strong></span> 
     </span>
    </p>
   </div>
   <div class='ocr_carea' id='block_1_112' title="bbox 2284 4615 3796 4694">
    <p class='ocr_par' dir='ltr' id='par_1_112' title="bbox 2284 4615 3796 4694">
     <span class='ocr_line' id='line_1_112' title="bbox 2284 4615 3796 4694; baseline -0.004 -16"><span class='ocrx_word' id='word_1_804' title='bbox 2284 4623 2359 4694; x_wconf 87' lang='lat'><strong>(5)</strong></span> <span class='ocrx_word' id='word_1_805' title='bbox 2381 4621 2478 4694; x_wconf 76' lang='grc' dir='ltr'><strong>Μὴ</strong></span> <span class='ocrx_word' id='word_1_806' title='bbox 2510 4617 2660 4676; x_wconf 79' lang='grc' dir='ltr'>εἶναι</span> <span class='ocrx_word' id='word_1_807' title='bbox 2684 4615 2897 4694; x_wconf 64' lang='grc' dir='ltr'>δὲτιῆρ</span> <span class='ocrx_word' id='word_1_808' title='bbox 2917 4615 3472 4694; x_wconf 39' lang='grc' dir='ltr'>ἑαυτῶζ-ἐξουσίας.</span> <span class='ocrx_word' id='word_1_809' title='bbox 3505 4617 3600 4672; x_wconf 86' lang='lat' dir='ltr'><strong>llic</strong></span> <span class='ocrx_word' id='word_1_810' title='bbox 3632 4617 3796 4694; x_wconf 81' lang='lat' dir='ltr'><strong>locus-</strong></span> 
     </span>
    </p>
   </div>
   <div class='ocr_carea' id='block_1_113' title="bbox 2213 4689 3788 4756">
    <p class='ocr_par' dir='ltr' id='par_1_113' title="bbox 2213 4689 3788 4756">
     <span class='ocr_line' id='line_1_113' title="bbox 2213 4689 3788 4756; baseline -0.003 -11"><span class='ocrx_word' id='word_1_811' title='bbox 2213 4689 2370 4747; x_wconf 55' lang='lat' dir='ltr'><strong>val&#39;d&#39;e</strong></span> <span class='ocrx_word' id='word_1_812' title='bbox 2395 4689 2659 4747; x_wconf 88' lang='lat' dir='ltr'><strong>obscurus</strong></span> <span class='ocrx_word' id='word_1_813' title='bbox 2680 4691 2808 4743; x_wconf 91' lang='lat' dir='ltr'><strong>mihi</strong></span> <span class='ocrx_word' id='word_1_814' title='bbox 2851 4691 3084 4741; x_wconf 86' lang='lat' dir='ltr'><strong>videtur.</strong></span> <span class='ocrx_word' id='word_1_815' title='bbox 3112 4689 3635 4754; x_wconf 88' lang='lat' dir='ltr'><strong>Christophorsonus</strong></span> <span class='ocrx_word' id='word_1_816' title='bbox 3665 4691 3788 4756; x_wconf 82' lang='lat' dir='ltr'><strong>qui-</strong></span> 
     </span>
    </p>
   </div>
   <div class='ocr_carea' id='block_1_114' title="bbox 2213 4757 3786 4826">
    <p class='ocr_par' dir='ltr' id='par_1_114' title="bbox 2213 4757 3786 4826">
     <span class='ocr_line' id='line_1_114' title="bbox 2213 4757 3786 4826; baseline -0.001 -11"><span class='ocrx_word' id='word_1_817' title='bbox 2213 4765 2332 4817; x_wconf 86' lang='lat' dir='ltr'><strong>dem</strong></span> <span class='ocrx_word' id='word_1_818' title='bbox 2365 4765 2438 4816; x_wconf 87' lang='lat' dir='ltr'><strong>ita</strong></span> <span class='ocrx_word' id='word_1_819' title='bbox 2463 4763 2645 4822; x_wconf 87' lang='lat' dir='ltr'><strong>vertit,</strong></span> <span class='ocrx_word' id='word_1_820' title='bbox 2679 4757 2790 4811; x_wconf 80' lang='lat' dir='ltr'><strong>Fac</strong></span> <span class='ocrx_word' id='word_1_821' title='bbox 2817 4774 3066 4826; x_wconf 75' lang='lat' dir='ltr'><strong>responsa</strong></span> <span class='ocrx_word' id='word_1_822' title='bbox 3099 4758 3248 4811; x_wconf 76' lang='lat' dir='ltr'><strong>nobis</strong></span> <span class='ocrx_word' id='word_1_823' title='bbox 3271 4773 3362 4823; x_wconf 80' lang='lat' dir='ltr'><strong>per</strong></span> <span class='ocrx_word' id='word_1_824' title='bbox 3381 4757 3600 4810; x_wconf 83' lang='lat' dir='ltr'><strong>oracula</strong></span> <span class='ocrx_word' id='word_1_825' title='bbox 3623 4759 3786 4813; x_wconf 80' lang='lat' dir='ltr'><strong>dari:</strong></span> 
     </span>
    </p>
   </div>
   <div class='ocr_carea' id='block_1_115' title="bbox 2213 4828 3785 4899">
    <p class='ocr_par' dir='ltr' id='par_1_115' title="bbox 2213 4828 3785 4899">
     <span class='ocr_line' id='line_1_115' title="bbox 2213 4828 3785 4899; baseline -0.003 -14"><span class='ocrx_word' id='word_1_826' title='bbox 2213 4834 2314 4886; x_wconf 77' lang='lat' dir='ltr'><strong>ista</strong></span> <span class='ocrx_word' id='word_1_827' title='bbox 2341 4843 2516 4885; x_wconf 81' lang='lat' dir='ltr'><strong>tamen</strong></span> <span class='ocrx_word' id='word_1_828' title='bbox 2542 4831 2660 4899; x_wconf 73' lang='lat' dir='ltr'><strong>ﬁeri</strong></span> <span class='ocrx_word' id='word_1_829' title='bbox 2691 4846 2793 4881; x_wconf 78' lang='lat' dir='ltr'><strong>non</strong></span> <span class='ocrx_word' id='word_1_830' title='bbox 2829 4830 3042 4899; x_wconf 76' lang='lat' dir='ltr'><strong>proprio</strong></span> <span class='ocrx_word' id='word_1_831' title='bbox 3068 4845 3129 4899; x_wconf 74' lang='lat' dir='ltr'><strong>ac</strong></span> <span class='ocrx_word' id='word_1_832' title='bbox 3158 4844 3254 4879; x_wconf 84' lang='lat' dir='ltr'><strong>sua</strong></span> <span class='ocrx_word' id='word_1_833' title='bbox 3293 4828 3366 4899; x_wconf 67' lang='lat' dir='ltr'><strong>ri,</strong></span> <span class='ocrx_word' id='word_1_834' title='bbox 3399 4828 3491 4899; x_wconf 68' lang='lat' dir='ltr'><strong>sed</strong></span> <span class='ocrx_word' id='word_1_835' title='bbox 3521 4829 3588 4878; x_wconf 83' lang='lat' dir='ltr'><strong>ad</strong></span> <span class='ocrx_word' id='word_1_836' title='bbox 3618 4829 3785 4880; x_wconf 82' lang='lat' dir='ltr'><strong>Deum</strong></span> 
     </span>
    </p>
   </div>
   <div class='ocr_carea' id='block_1_116' title="bbox 2213 4897 3787 4968">
    <p class='ocr_par' dir='ltr' id='par_1_116' title="bbox 2213 4897 3787 4968">
     <span class='ocr_line' id='line_1_116' title="bbox 2213 4897 3787 4968; baseline -0.005 -13"><span class='ocrx_word' id='word_1_837' title='bbox 2213 4903 2439 4967; x_wconf 77' lang='lat' dir='ltr'><strong>aliquem</strong></span> <span class='ocrx_word' id='word_1_838' title='bbox 2490 4897 2766 4968; x_wconf 68' lang='lat' dir='ltr'><strong>pertinere.</strong></span> <span class='ocrx_word' id='word_1_839' title='bbox 2800 4899 2908 4951; x_wconf 79' lang='lat' dir='ltr'><strong>Sed</strong></span> <span class='ocrx_word' id='word_1_840' title='bbox 2954 4898 3085 4965; x_wconf 88' lang='lat' dir='ltr'><strong>qttid</strong></span> <span class='ocrx_word' id='word_1_841' title='bbox 3118 4898 3232 4950; x_wconf 67' lang='lat' dir='ltr'><strong>haec</strong></span> <span class='ocrx_word' id='word_1_842' title='bbox 3267 4897 3368 4949; x_wconf 91' lang='lat' dir='ltr'><strong>sibi</strong></span> <span class='ocrx_word' id='word_1_843' title='bbox 3413 4897 3601 4961; x_wconf 74' lang='lat' dir='ltr'><strong>velini,</strong></span> <span class='ocrx_word' id='word_1_844' title='bbox 3630 4899 3787 4965; x_wconf 89' lang='lat' dir='ltr'><strong>equi-</strong></span> 
     </span>
    </p>
   </div>
   <div class='ocr_carea' id='block_1_117' title="bbox 2213 4967 3787 5036">
    <p class='ocr_par' dir='ltr' id='par_1_117' title="bbox 2213 4967 3787 5036">
     <span class='ocr_line' id='line_1_117' title="bbox 2213 4967 3787 5036; baseline -0.003 -11"><span class='ocrx_word' id='word_1_845' title='bbox 2213 4974 2334 5026; x_wconf 80' lang='lat' dir='ltr'><strong>(lctlt</strong></span> <span class='ocrx_word' id='word_1_846' title='bbox 2363 4987 2467 5025; x_wconf 92' lang='lat' dir='ltr'><strong>non</strong></span> <span class='ocrx_word' id='word_1_847' title='bbox 2491 4967 2680 5024; x_wconf 25' lang='lat' dir='ltr'><strong>’video.</strong></span> <span class='ocrx_word' id='word_1_848' title='bbox 2721 4967 2831 5036; x_wconf 85' lang='lat' dir='ltr'><strong>Ego</strong></span> <span class='ocrx_word' id='word_1_849' title='bbox 2863 4982 2992 5021; x_wconf 82' lang='lat' dir='ltr'><strong>vero</strong></span> <span class='ocrx_word' id='word_1_850' title='bbox 3026 4969 3239 5021; x_wconf 83' lang='lat' dir='ltr'><strong>cunctis</strong></span> <span class='ocrx_word' id='word_1_851' title='bbox 3275 4968 3535 5018; x_wconf 79' lang='lat' dir='ltr'><strong>attentius</strong></span> <span class='ocrx_word' id='word_1_852' title='bbox 3576 4969 3787 5020; x_wconf 76' lang='lat' dir='ltr'><strong>exami-</strong></span> 
     </span>
    </p>
   </div>
   <div class='ocr_carea' id='block_1_118' title="bbox 2214 5036 3782 5106">
    <p class='ocr_par' dir='ltr' id='par_1_118' title="bbox 2214 5036 3782 5106">
     <span class='ocr_line' id='line_1_118' title="bbox 2214 5036 3782 5106; baseline -0.006 -12"><span class='ocrx_word' id='word_1_853' title='bbox 2214 5044 2379 5105; x_wconf 71' lang='lat' dir='ltr'><strong>nntis,</strong></span> <span class='ocrx_word' id='word_1_854' title='bbox 2404 5055 2591 5095; x_wconf 80' lang='lat' dir='ltr'><strong>verum</strong></span> <span class='ocrx_word' id='word_1_855' title='bbox 2627 5039 2784 5106; x_wconf 82' lang='lat' dir='ltr'><strong>hujus</strong></span> <span class='ocrx_word' id='word_1_856' title='bbox 2808 5037 2908 5091; x_wconf 84' lang='lat' dir='ltr'><strong>loci</strong></span> <span class='ocrx_word' id='word_1_857' title='bbox 2933 5053 3151 5090; x_wconf 84' lang='lat' dir='ltr'><strong>sensum</strong></span> <span class='ocrx_word' id='word_1_858' title='bbox 3185 5037 3400 5090; x_wconf 90' lang='lat' dir='ltr'><strong>tandem</strong></span> <span class='ocrx_word' id='word_1_859' title='bbox 3427 5036 3782 5104; x_wconf 74' lang='lat' dir='ltr'><strong>deprehendi.</strong></span> 
     </span>
    </p>
   </div>
   <div class='ocr_carea' id='block_1_119' title="bbox 2211 5106 3785 5181">
    <p class='ocr_par' dir='ltr' id='par_1_119' title="bbox 2211 5106 3785 5181">
     <span class='ocr_line' id='line_1_119' title="bbox 2211 5106 3785 5181; baseline -0.004 -15"><span class='ocrx_word' id='word_1_860' title='bbox 2211 5114 2301 5166; x_wconf 83' lang='lat' dir='ltr'><strong>Ait</strong></span> <span class='ocrx_word' id='word_1_861' title='bbox 2327 5113 2487 5181; x_wconf 89' lang='lat' dir='ltr'><strong>igitur</strong></span> <span class='ocrx_word' id='word_1_862' title='bbox 2516 5107 2902 5181; x_wconf 85' lang='lat' dir='ltr'><strong>Constantinus</strong></span> <span class='ocrx_word' id='word_1_863' title='bbox 2929 5107 3018 5160; x_wconf 75' lang='lat' dir='ltr'><strong>:Si</strong></span> <span class='ocrx_word' id='word_1_864' title='bbox 3045 5109 3229 5175; x_wconf 89' lang='lat' dir='ltr'><strong>plures</strong></span> <span class='ocrx_word' id='word_1_865' title='bbox 3259 5106 3330 5158; x_wconf 90' lang='lat' dir='ltr'><strong>dii</strong></span> <span class='ocrx_word' id='word_1_866' title='bbox 3362 5107 3489 5167; x_wconf 84' lang='lat' dir='ltr'><strong>sint,</strong></span> <span class='ocrx_word' id='word_1_867' title='bbox 3525 5121 3643 5181; x_wconf 77' lang='lat' dir='ltr'><strong>cum</strong></span> <span class='ocrx_word' id='word_1_868' title='bbox 3683 5122 3785 5174; x_wconf 84' lang='lat' dir='ltr'><strong>ego</strong></span> 
     </span>
    </p>
   </div>
   <div class='ocr_carea' id='block_1_120' title="bbox 2215 5175 3786 5245">
    <p class='ocr_par' dir='ltr' id='par_1_120' title="bbox 2215 5175 3786 5245">
     <span class='ocr_line' id='line_1_120' title="bbox 2215 5175 3786 5245; baseline -0.004 -10"><span class='ocrx_word' id='word_1_869' title='bbox 2215 5184 2266 5235; x_wconf 92' lang='lat' dir='ltr'><strong>iu</strong></span> <span class='ocrx_word' id='word_1_870' title='bbox 2323 5175 2688 5236; x_wconf 66' lang='lat' dir='ltr'><strong>calamitatem</strong></span> <span class='ocrx_word' id='word_1_871' title='bbox 2729 5179 2990 5243; x_wconf 88' lang='lat' dir='ltr'><strong>incidero,</strong></span> <span class='ocrx_word' id='word_1_872' title='bbox 3041 5193 3201 5245; x_wconf 88' lang='lat' dir='ltr'><strong>quem</strong></span> <span class='ocrx_word' id='word_1_873' title='bbox 3239 5190 3426 5228; x_wconf 86' lang='lat' dir='ltr'><strong>eorum</strong></span> <span class='ocrx_word' id='word_1_874' title='bbox 3480 5175 3663 5241; x_wconf 91' lang='lat' dir='ltr'><strong>adibo,</strong></span> <span class='ocrx_word' id='word_1_875' title='bbox 3726 5191 3786 5229; x_wconf 89' lang='lat' dir='ltr'><strong>ut</strong></span> 
     </span>
    </p>
   </div>
   <div class='ocr_carea' id='block_1_121' title="bbox 2213 5245 3783 5316">
    <p class='ocr_par' dir='ltr' id='par_1_121' title="bbox 2213 5245 3783 5316">
     <span class='ocr_line' id='line_1_121' title="bbox 2213 5245 3783 5316; baseline -0.005 -13"><span class='ocrx_word' id='word_1_876' title='bbox 2213 5268 2432 5306; x_wconf 77' lang='lat' dir='ltr'><strong>causam</strong></span> <span class='ocrx_word' id='word_1_877' title='bbox 2466 5249 2589 5302; x_wconf 91' lang='lat' dir='ltr'><strong>mali</strong></span> <span class='ocrx_word' id='word_1_878' title='bbox 2623 5249 2831 5312; x_wconf 88' lang='lat' dir='ltr'><strong>doceat,</strong></span> <span class='ocrx_word' id='word_1_879' title='bbox 2861 5262 3049 5316; x_wconf 79' lang='lat' dir='ltr'><strong>tneque</strong></span> <span class='ocrx_word' id='word_1_880' title='bbox 3093 5262 3160 5299; x_wconf 91' lang='lat' dir='ltr'><strong>eo</strong></span> <span class='ocrx_word' id='word_1_881' title='bbox 3210 5247 3422 5299; x_wconf 85' lang='lat' dir='ltr'><strong>liberet.</strong></span> <span class='ocrx_word' id='word_1_882' title='bbox 3491 5245 3783 5308; x_wconf 64' lang='lat' dir='ltr'><strong>l’Ottattttts,</strong></span> 
     </span>
    </p>
   </div>
   <div class='ocr_carea' id='block_1_122' title="bbox 2216 5317 3786 5390">
    <p class='ocr_par' dir='ltr' id='par_1_122' title="bbox 2216 5317 3786 5390">
     <span class='ocr_line' id='line_1_122' title="bbox 2216 5317 3786 5390; baseline -0.005 -14"><span class='ocrx_word' id='word_1_883' title='bbox 2216 5323 2412 5390; x_wconf 84' lang='lat' dir='ltr'><strong>inquit,</strong></span> <span class='ocrx_word' id='word_1_884' title='bbox 2462 5318 2763 5390; x_wconf 79' lang='lat' dir='ltr'><strong>Apollinem</strong></span> <span class='ocrx_word' id='word_1_885' title='bbox 2810 5317 2959 5370; x_wconf 90' lang='lat' dir='ltr'><strong>verbi</strong></span> <span class='ocrx_word' id='word_1_886' title='bbox 3016 5318 3192 5386; x_wconf 86' lang='lat' dir='ltr'><strong>gratia</strong></span> <span class='ocrx_word' id='word_1_887' title='bbox 3248 5317 3378 5390; x_wconf 82' lang='lat' dir='ltr'><strong>mihi</strong></span> <span class='ocrx_word' id='word_1_888' title='bbox 3433 5318 3786 5390; x_wconf 74' lang='lat' dir='ltr'><strong>respondisse</strong></span> 
     </span>
    </p>
   </div>
   <div class='ocr_carea' id='block_1_123' title="bbox 2215 5386 3784 5456">
    <p class='ocr_par' dir='ltr' id='par_1_123' title="bbox 2215 5386 3784 5456">
     <span class='ocr_line' id='line_1_123' title="bbox 2215 5386 3784 5456; baseline -0.004 -12"><span class='ocrx_word' id='word_1_889' title='bbox 2215 5386 2322 5444; x_wconf 80' lang='lat' dir='ltr'><strong>non</strong></span> <span class='ocrx_word' id='word_1_890' title='bbox 2367 5386 2592 5445; x_wconf 30' lang='lat' dir='ltr'><strong>esse‘in</strong></span> <span class='ocrx_word' id='word_1_891' title='bbox 2639 5403 2733 5442; x_wconf 89' lang='lat' dir='ltr'><strong>sua</strong></span> <span class='ocrx_word' id='word_1_892' title='bbox 2767 5395 3264 5456; x_wconf 14' lang='lat' dir='ltr'><strong>potestate_utrme</strong></span> <span class='ocrx_word' id='word_1_893' title='bbox 3320 5386 3530 5446; x_wconf 74' lang='lat' dir='ltr'><strong>liberet,</strong></span> <span class='ocrx_word' id='word_1_894' title='bbox 3567 5389 3658 5438; x_wconf 87' lang='lat' dir='ltr'><strong>sed</strong></span> <span class='ocrx_word' id='word_1_895' title='bbox 3712 5389 3784 5456; x_wconf 74' lang='lat' dir='ltr'><strong>ad</strong></span> 
     </span>
    </p>
   </div>
   <div class='ocr_carea' id='block_1_124' title="bbox 2213 5454 3783 5524">
    <p class='ocr_par' dir='ltr' id='par_1_124' title="bbox 2213 5454 3783 5524">
     <span class='ocr_line' id='line_1_124' title="bbox 2213 5454 3783 5524; baseline -0.005 -10"><span class='ocrx_word' id='word_1_896' title='bbox 2213 5463 2378 5514; x_wconf 82' lang='lat' dir='ltr'><strong>alium</strong></span> <span class='ocrx_word' id='word_1_897' title='bbox 2412 5463 2571 5514; x_wconf 89' lang='lat' dir='ltr'><strong>deum</strong></span> <span class='ocrx_word' id='word_1_898' title='bbox 2608 5458 2660 5511; x_wconf 84' lang='lat' dir='ltr'><strong>id</strong></span> <span class='ocrx_word' id='word_1_899' title='bbox 2703 5454 2994 5524; x_wconf 73' lang='lat' dir='ltr'><strong>pertinere.</strong></span> <span class='ocrx_word' id='word_1_900' title='bbox 3033 5454 3168 5518; x_wconf 84' lang='lat' dir='ltr'><strong>Quid</strong></span> <span class='ocrx_word' id='word_1_901' title='bbox 3201 5456 3306 5509; x_wconf 85' lang='lat' dir='ltr'><strong>hoc</strong></span> <span class='ocrx_word' id='word_1_902' title='bbox 3337 5471 3496 5524; x_wconf 81' lang='lat' dir='ltr'><strong>sensu</strong></span> <span class='ocrx_word' id='word_1_903' title='bbox 3553 5455 3783 5507; x_wconf 79' lang='lat' dir='ltr'><strong>ttiattifc-</strong></span> 
     </span>
    </p>
   </div>
   <div class='ocr_carea' id='block_1_125' title="bbox 2213 5523 3785 5596">
    <p class='ocr_par' dir='ltr' id='par_1_125' title="bbox 2213 5523 3785 5596">
     <span class='ocr_line' id='line_1_125' title="bbox 2213 5523 3785 5596; baseline -0.004 -12"><span class='ocrx_word' id='word_1_904' title='bbox 2213 5531 2386 5585; x_wconf 77' lang='lat' dir='ltr'><strong>stilis?</strong></span> <span class='ocrx_word' id='word_1_905' title='bbox 2447 5523 2804 5582; x_wconf 87' lang='lat' dir='ltr'><strong>Scribeudum</strong></span> <span class='ocrx_word' id='word_1_906' title='bbox 2834 5526 3027 5596; x_wconf 84' lang='lat' dir='ltr'><strong>igitur,</strong></span> <span class='ocrx_word' id='word_1_907' title='bbox 3051 5525 3196 5596; x_wconf 83' lang='grc' dir='ltr'>ἄλλῳ</span> <span class='ocrx_word' id='word_1_908' title='bbox 3239 5525 3306 5577; x_wconf 69' lang='grc' dir='ltr'>δὲ</span> <span class='ocrx_word' id='word_1_909' title='bbox 3345 5523 3520 5576; x_wconf 79' lang='grc' dir='ltr'>ταῦτα</span> <span class='ocrx_word' id='word_1_910' title='bbox 3560 5524 3785 5595; x_wconf 76' lang='grc' dir='ltr'>ἀνήκειν</span> 
     </span>
    </p>
   </div>
   <div class='ocr_carea' id='block_1_126' title="bbox 2214 5595 3784 5670">
    <p class='ocr_par' dir='ltr' id='par_1_126' title="bbox 2214 5595 3784 5670">
     <span class='ocr_line' id='line_1_126' title="bbox 2214 5595 3784 5670; baseline -0.006 -15"><span class='ocrx_word' id='word_1_911' title='bbox 2214 5599 2339 5670; x_wconf 82' lang='grc' dir='ltr'>θεῷ.</span> <span class='ocrx_word' id='word_1_912' title='bbox 2389 5600 2556 5670; x_wconf 84' lang='lat' dir='ltr'><strong>Multa</strong></span> <span class='ocrx_word' id='word_1_913' title='bbox 2601 5595 2864 5670; x_wconf 83' lang='lat' dir='ltr'><strong>ejusmodi</strong></span> <span class='ocrx_word' id='word_1_914' title='bbox 2901 5599 3118 5670; x_wconf 81' lang='lat' dir='ltr'><strong>oracula</strong></span> <span class='ocrx_word' id='word_1_915' title='bbox 3150 5595 3202 5670; x_wconf 83' lang='lat' dir='ltr'><strong>in</strong></span> <span class='ocrx_word' id='word_1_916' title='bbox 3233 5596 3545 5670; x_wconf 61' lang='lat' dir='ltr'><strong>Graecorum</strong></span> <span class='ocrx_word' id='word_1_917' title='bbox 3597 5597 3784 5670; x_wconf 80' lang='lat' dir='ltr'><strong>legun-</strong></span> 
     </span>
    </p>
   </div>
   <div class='ocr_carea' id='block_1_127' title="bbox 2212 5665 3785 5734">
    <p class='ocr_par' dir='ltr' id='par_1_127' title="bbox 2212 5665 3785 5734">
     <span class='ocr_line' id='line_1_127' title="bbox 2212 5665 3785 5734; baseline -0.005 -10"><span class='ocrx_word' id='word_1_918' title='bbox 2212 5665 2304 5724; x_wconf 78' lang='lat' dir='ltr'><strong>tur</strong></span> <span class='ocrx_word' id='word_1_919' title='bbox 2333 5669 2598 5730; x_wconf 89' lang='lat' dir='ltr'><strong>historiis.</strong></span> <span class='ocrx_word' id='word_1_920' title='bbox 2633 5665 2974 5734; x_wconf 23' lang='lat' dir='ltr'><strong>’ubiiApollo</strong></span> <span class='ocrx_word' id='word_1_921' title='bbox 3016 5665 3432 5722; x_wconf 80' lang='lat' dir='ltr'><strong>consulentibus</strong></span> <span class='ocrx_word' id='word_1_922' title='bbox 3488 5667 3785 5734; x_wconf 84' lang='lat' dir='ltr'><strong>respondet</strong></span> 
     </span>
    </p>
   </div>
   <div class='ocr_carea' id='block_1_128' title="bbox 2212 5733 3791 5808">
    <p class='ocr_par' dir='ltr' id='par_1_128' title="bbox 2212 5733 3791 5808">
     <span class='ocr_line' id='line_1_128' title="bbox 2212 5733 3791 5808; baseline -0.003 -14"><span class='ocrx_word' id='word_1_923' title='bbox 2212 5740 2536 5808; x_wconf 88' lang='lat' dir='ltr'><strong>placandum</strong></span> <span class='ocrx_word' id='word_1_924' title='bbox 2579 5737 2712 5806; x_wconf 85' lang='lat' dir='ltr'><strong>ipsis</strong></span> <span class='ocrx_word' id='word_1_925' title='bbox 2747 5733 3021 5793; x_wconf 81' lang='lat' dir='ltr'><strong>Bacchum</strong></span> <span class='ocrx_word' id='word_1_926' title='bbox 3066 5745 3159 5792; x_wconf 89' lang='lat' dir='ltr'><strong>aut</strong></span> <span class='ocrx_word' id='word_1_927' title='bbox 3206 5736 3528 5804; x_wconf 77' lang='lat' dir='ltr'><strong>Saturnum,</strong></span> <span class='ocrx_word' id='word_1_928' title='bbox 3562 5733 3791 5790; x_wconf 68' lang='lat' dir='ltr'><strong>si&#39;malo</strong></span> 
     </span>
    </p>
   </div>
   <div class='ocr_carea' id='block_1_129' title="bbox 2214 5810 2647 5868">
    <p class='ocr_par' dir='ltr' id='par_1_129' title="bbox 2214 5810 2647 5868">
     <span class='ocr_line' id='line_1_129' title="bbox 2214 5810 2647 5868; baseline -0.007 0"><span class='ocrx_word' id='word_1_929' title='bbox 2214 5811 2434 5868; x_wconf 84' lang='lat' dir='ltr'><strong>liberari</strong></span> <span class='ocrx_word' id='word_1_930' title='bbox 2458 5810 2647 5868; x_wconf 88' lang='lat' dir='ltr'><strong>velint.</strong></span> 
     </span>
    </p>
   </div>
  </div>
