4176 6474
536 411 676 469 seu

1292 400 1759 460 CONSTANTLVI
1793 400 2055 457 ORATIO
2093 400 2185 456 AD
2222 396 2649 455 SANCTORUM
2688 393 2983 452 C(E'l-‘UM.

3678 389 3818 445 {id

541 532 757 594 στάσις,
785 526 883 583 καὶ
903 523 1129 587 δνειδος,
1161 522 1238 586 ὡς
1269 520 1345 593 μὴ
1380 519 1841 592 ίδιοπραγούντων
1874 516 1997 590 μηδ’
2026 518 2127 590 ἀρ-

2234 513 2679 573 conviciaturusi
2728 517 2902 581 Quem
2943 525 3073 566 vero
3119 510 3511 566 obsecraturus
3558 524 3679 565 sum
3707 552 3722 573 ,
3757 523 3816 565 ιιι

540 619 827 692 κουμένων
869 618 984 680 τοῖς
1038 612 1390 668 ἐπιϐάλλουσι
1437 610 1527 665 διά
1558 610 1895 679 πλεονεξίαν,
1939 611 2034 663 καὶ
2069 610 2133 663 τὸ

538 712 848 766 τελευταῖον
879 710 914 779 ἡ
945 705 1165 760 πάντων
1188 703 1451 772 σύγχυσις
1473 701 1917 774 ἐπηκολούθησεν
1948 702 2033 757 ἀν·
2068 700 2132 756 Τί

539 798 633 857 οὖν
661 801 734 855 τὰ
758 798 901 872 μετά
916 796 1091 852 ταῦτα
1116 813 1131 863 ;
1155 795 1324 866 Δῆλον
1345 795 1421 858 ὡς
1451 797 1484 866 ἡ
1512 794 1620 848 τῶν
1647 793 1914 866 οὐρανίων
1943 792 2134 857 στάσις

540 898 611 953 τά
656 896 764 950 ὑπὸ
804 894 895 947 τὸν
936 891 1165 964 οὐρανὸν
1218 889 1312 944 καὶ
1352 888 1420 943 τά
1468 887 1689 956 ἐπίγεια
1740 886 2131 959 διελυμήνατο,

541 986 937 1059 ἀφανισθείσης
970 985 1070 1056 μὲν
1102 983 1201 1053 τῆς
1227 981 1338 1035 τῶν
1369 980 1528 1052 ὡρῶν
1557 979 1887 1049 διατάξεως,
1925 978 2134 1051 καιρῶν

541 1096 603 1134 τε
628 1075 956 1151 μεταϐολῆς,
987 1072 1202 1144 καὶτῆς
1225 1070 1369 1126 κατά
1392 1071 1520 1135 τοὺς
1542 1071 1769 1142 καιροὺς
1792 1068 1903 1122 τῶν
1927 1069 2133 1141 φυομέ-

544 1188 652 1226 νων
691 1166 923 1241 καρπῶν
972 1164 1351 1229 ἀπολαύσεως,
1390 1161 1785 1233 ἀφανισθείσης
1822 1161 1880 1214 δὲ
1920 1160 2134 1232 ἡμέρας

541 1262 639 1317 καὶ
669 1263 768 1332 τῆς
787 1258 1174 1330 διαδεχομένης
1203 1257 1375 1326 αὐτὴν
1398 1254 1719 1327 νυκτερινῆς
1745 1252 2129 1318 ἀναπαύσεως.

542 1352 654 1407 Καὶ
686 1351 892 1406 τούτων
931 1349 1033 1421 μὲν
1051 1348 1201 1414 ἃλις·
1232 1347 1394 1401 πάλιν
1427 1347 1472 1401 δ’
1494 1348 1588 1400 ἐπὶ
1619 1343 1712 1399 τὸν
1743 1342 2132 1411 ἀνεξέλεγκτον

542 1444 890 1516 ἐπανήκομεν
911 1441 1090 1510 λόγον.

2234 608 2369 663 mihi
2396 606 2731 662 calamitatis
2758 618 2979 659 causam
3009 604 3246 673 aperiat,
3276 615 3472 671 meque
3493 615 3557 656 ea
3582 601 3816 658 liberet?

2234 701 2509 757 Ponamus
2540 712 2640 768 per
2667 695 2890 751 oracula
2915 710 2980 750 ac
3005 694 3265 749 vaticinia
3289 694 3450 749 nobis
3476 695 3662 748 datum
3692 710 3818 750 esse

2235 805 2555 861 responsum
2588 806 2603 844 :
2635 789 2752 844 haec
2777 802 2911 841 vero
2940 801 3048 841 non
3083 800 3208 842 esse
3234 786 3341 840 sita
3371 785 3425 839 in
3460 786 3704 854 ipsorum
3729 802 3819 855 po-

2236 890 2452 944 testate.
2481 880 2577 936 sed
2612 880 2678 934 ad
2727 878 2892 933 alium
2934 879 3097 931 deum
3151 877 3449 947 pertinuere.
3481 877 3614 944 Quze
3652 878 3821 945 igitur

2238 973 2635 1038 misericordia,
2672 986 2793 1041 qua:
2828 970 2922 1026 Dei
2959 986 3088 1040 erga
3122 970 3402 1025 hominem
3440 968 3828 1039 providentia!

2227 1064 2349 1143 _Nisi
2381 1064 2527 1121 forte
2557 1063 2759 1134 aliquis
2787 1078 2855 1118 ex
2888 1062 2997 1117 illis
3028 1062 3194 1133 paulo
3221 1062 3535 1128 humanior,
3556 1062 3829 1117 adversus

2235 1158 2466 1213 alterum
2491 1158 2586 1228 qui
2608 1157 2752 1212 nulla
2769 1170 2897 1228 erga
2922 1157 3178 1212 homines
3193 1156 3571 1212 benevolentia
3594 1152 3823 1210 aﬂ'ectus

2235 1259 2341 1314 est.
2369 1250 2662 1306 violentius
2693 1261 3001 1307 commotus
3034 1264 3190 1319 opem
3221 1250 3428 1306 tulerit.
3457 1248 3557 1304 Ira:
3582 1264 3745 1320 porro
3766 1258 3823 1303 et

2236 1342 2542 1399 simultates
2569 1352 2624 1397 et
2653 1343 2898 1398 convicia
2920 1384 2935 1409 ,
2955 1343 3199 1397 omnium
3233 1342 3466 1413 denique
3486 1357 3669 1397 rerum
3696 1356 3822 1410 per-

2240 1435 2598 1497 turbatio,ex
2645 1450 2712 1491 eo
2762 1444 3129 1504 sequerentur
3176 1453 3189 1491 :
3229 1436 3355 1489 dum
3417 1449 3547 1489 suas
3590 1434 3832 1504 quisque

544 1545 725 1605 partes
775 1533 998 1587 minime
1044 1538 1248 1601 ageret,
1287 1538 1342 1586 et
1398 1544 1508 1600 prae
1558 1526 1857 1597 cupiditate
1902 1525 2017 1580 suis
2067 1524 2228 1578 rebus
2272 1539 2380 1578 non
2412 1534 2727 1590 contentus,
2772 1525 2982 1581 alienas
3034 1524 3338 1579 invaderet.
3403 1523 3540 1592 Quid
3593 1521 3829 1595 postea?

542 1627 703 1683 Certe
755 1629 876 1684 ham
914 1629 1214 1685 caelestium
1253 1625 1524 1681 discordia
1572 1621 1925 1678 inferioribus
1990 1635 2057 1676 ac
2108 1620 2343 1677 terrenis
2398 1621 2563 1676 rebus
2599 1620 2897 1691 perniciem
2958 1621 3189 1676 allatura
3225 1631 3408 1688 esset,
3443 1628 3822 1691 tempestatum

531 1722 733 1777 ordine
782 1738 848 1779 ac
886 1722 1287 1788 vicissitudine,
1326 1731 1382 1775 et
1437 1721 1710 1774 fructuum
1751 1718 1843 1787 qui
1881 1716 2112 1787 singulis
2159 1717 2289 1773 anni
2320 1716 2658 1787 temporibus
2715 1717 3010 1788 provenire
3059 1719 3263 1784 solent,
3328 1716 3568 1773 utilitate
3606 1715 3825 1787 penitus

540 1816 783 1875 sublata.
832 1817 1047 1872 sublata
1092 1817 1257 1873 etiam
1308 1815 1419 1883 die,
1466 1823 1522 1871 et
1567 1828 1690 1884 qua:
1747 1813 1892 1867 diem
1935 1810 2144 1881 excipit
2179 1821 2445 1866 nocturna
2493 1810 2698 1881 quiete.
2745 1809 2854 1865 Sed
2890 1810 2959 1866 de
2997 1809 3083 1864 his
3144 1809 3303 1866 satis.
3341 1807 3647 1865 Redeamus
3681 1824 3829 1864 nunc

539 1910 607 1966 ad
630 1924 722 1966 eas
749 1910 991 1968 rationes
1011 1925 1131 1982 quae
1166 1910 1393 1966 refutari
1434 1909 1746 1967 nullatenus
1776 1915 2026 1977 possunt.

1070 2053 1470 2107 ΚΕΦᾹΛΑΙΟΝ
1521 2056 1595 2108 Δ⁹.

772 2143 915 2214 Περὶ
948 2142 1061 2211 τῆς
1096 2144 1250 2198 κατὰ
1278 2143 1353 2198 τὰ
1384 2143 1607 2198 εἴδωλα
1636 2142 1897 2211 πλάνης.

608 2234 726 2290 Πᾶν
774 2198 869 2289 τὸ.
889 2198 1064 2309 ἀρχῆν
1113 2234 1265 2307 ἕχον,
1325 2237 1422 2289 καὶ
1454 2234 1609 2300 τέλος
1642 2234 1799 2306 ἔχει’
1901 2236 1959 2289 δὲ
1992 2237 2134 2291 κατά
2198 2198 2205 2203 1

537 2328 730 2401 χρόνον
770 2326 933 2399 ἀρχὴ.
966 2327 1183 2396 γένεσις
1225 2324 1500 2380 καλεῖται·
1543 2326 1616 2380 τὰ
1660 2326 1705 2379 δ’
1738 2328 1804 2380 ἐκ
1841 2326 2132 2395 γενέσεως,

540 2419 757 2492 φθαρτὰ
790 2419 1002 2473 πάντω
1041 2418 1254 2492 μορφὴν
1286 2418 1343 2473 δὲ
1372 2420 1563 2491 χρόνος
1591 2420 1851 2491 ἀμαυροῖ.
1887 2418 2013 2483 Πῶς
2041 2416 2135 2474 οὖν

541 2510 610 2565 ἂν
635 2512 686 2564 oi
717 2512 782 2564 ἐκ
809 2509 1078 2579 γενέσεως
1115 2509 1386 2581 φθαρτῆς,
1417 2505 1528 2563 εἷεν
1568 2509 1855 2573 ἀθάνατοις
1897 2509 2034 2577 Δόξα
2075 2509 2134 2564 δέ

537 2602 650 2658 τῶν
676 2602 975 2673 ἀλογίστων
1008 2602 1194 2673 δήμων
1219 2603 1447 2675 τοιαύτη
1476 2621 1563 2667 τις
1588 2602 2027 2674 διαπεφοίτηκεν,
2058 2602 2135 2667 ὼς

541 2691 694 2764 παρά
720 2695 833 2756 τοῖς
860 2691 1003 2756 Θεοῖς
1027 2692 1218 2763 γάμοι,
1250 2692 1636 2765 παιδοσπορίαι
1662 2709 1722 2746 τε
1746 2691 2131 2765 ἐνομίσθησαν.

542 2784 607 2837 El
638 2783 681 2836 δ’
708 2784 963 2838 ἀθάνατοι
985 2785 1034 2836 oi
1055 2782 1405 2853 γεννώμενοι,
1432 2784 1727 2854 γεννῶνται
1748 2785 1793 2840 δ’
1817 2785 1929 2850 ἀεὶ,
1952 2785 2136 2859 πλημ-

543 2878 736 2947 μυρεῖν
756 2876 968 2946 ἀνάγκη
987 2874 1219 2948 [αὐτῶν]
1235 2876 1297 2930 τὸ
1316 2876 1472 2944 γένος
1486 2875 1585 2948 (6).
1606 2876 1935 2951 Προσθήκης
1949 2877 1993 2931 δ’
2012 2880 2133 2932 ἐπι-

542 2965 863 3037 γενομένης,
902 2967 988 3030 τίς
1019 2962 1113 3020 οὖν
1147 2966 1376 3038 οὐρανὸς
1402 2968 1500 3040 (7;,
1527 2969 1656 3024 ποία
1685 2969 1742 3023 δὲ
1765 2969 1859 3041 γῆ,
1880 2970 2135 3025 τοσοῦτον

540 3055 746 3127 σμῆνος
779 3056 1194 3128 ἐπιγιγνόμενον
1234 3057 1373 3111 θεῶν
1404 3058 1688 3131 ἐχώρησες
1722 3060 1788 3113 Τί
1820 3060 1864 3114 δ’
1895 3059 1962 3116 ἂν
1989 3063 2134 3116 εἴποι

537 3161 620 3210 τις
657 3146 786 3216 περὶ
818 3146 1052 3218 ἀνδρῶν,
1083 3147 1369 3219 οὐρανίους
1400 3149 1665 3220 ἀδελφοὺς
1695 3151 1775 3215 είς
1806 3151 1987 3222 γάμου
2021 3169 2135 3207 κοι-

537 3241 736 3295 νωνίαν
758 3241 1159 3307 συναπτόντων,
1186 3243 1432 3313 μοιχείας
1451 3260 1511 3296 τε
1540 3245 1632 3298 καὶ
1651 3245 1951 3310 ἀκολασίας
1967 3247 2135 3316 ἐγκα-

539 3332 805 3399 λούντων;
848 3333 1096 3405 Λέγομεν
1125 3334 1190 3404 δὴ
1220 3334 1660 3407 τεθαρρηκότως,
1699 3338 1796 3390 καὶ
1836 3337 1937 3400 τὰς
1965 3338 2136 3409 τιμὰς

2852 2042 3082 2100 CAPUT
3123 2043 3214 2098 iV.

2391 2138 2467 2193 De
2487 2154 2667 2194 errore
2691 2154 2871 2193 eorum
2902 2139 2995 2207 qui
3019 2137 3308 2192 sintulacra
3333 2148 3672 2192 venerantur.

2308 2226 2583 2295 Quidquid
2612 2226 2940 2296 principium
2965 2226 3181 2291 habuit,
3200 2225 3364 2281 linem
3384 2242 3602 2298 quoque
3628 2228 3826 2283 haheat

2234 2333 2456 2373 necesse
2483 2327 2588 2373 est.
2616 2317 2787 2373 Porro
2821 2318 3118 2389 temporale
3152 2313 3480 2391 principium
3536 2320 3825 2390 generatio

2238 2411 2562 2481 appellatur.
2593 2409 2725 2477 Quae
2751 2426 2881 2466 vero
2904 2426 2974 2467 ex
3003 2413 3360 2482 generatione
3388 2413 3664 2475 oriuntur,
3700 2428 3822 2467 om-

2236 2505 2324 2558 nia
2354 2512 2481 2558 sunt
2510 2503 2847 2572 corruptioni
2879 2504 3138 2559 obnoxia.
3161 2505 3241 2560 Ad
3268 2505 3381 2559 haec
3399 2503 3627 2559 formam
3651 2504 3824 2574 ipsam

2235 2611 2300 2652 ac
2343 2597 2582 2668 speciem
2633 2596 2778 2652 delet
2823 2599 3088 2668 temporis
3133 2598 3522 2668 longinquitas.
3573 2597 3824 2666 Quonam

2237 2689 2406 2758 igitur
2450 2688 2611 2744 modo
2661 2689 2755 2760 qui
2813 2704 2880 2744 ex
2920 2690 3266 2759 corruptibili
3313 2690 3663 2758 generatione
3715 2689 3822 2743 orti

2237 2791 2386 2849 sunt,
2419 2782 2760 2836 immortales
2791 2795 2913 2837 esse
2944 2784 3206 2851 possent?
3226 2782 3492 2837 Cancrum
3518 2781 3825 2852 hujusmodi

2235 2875 2490 2947 quaedam
2521 2873 2789 2946 imperitat
2809 2877 3176 2933 multitudinis
3192 2876 3378 2946 opinio
3410 2875 3660 2941 invaluit,
3685 2876 3826 2944 apud

2235 2984 2468 3040 superos
2512 2969 2727 3047 nuptias
2764 2969 2881 3023 ﬁeri
2930 2972 3129 3034 solere,
3180 2978 3235 3023 et
3282 2969 3485 3024 liberos
3525 2972 3825 3039 procreari.

2234 3060 2388 3129 Quod
2428 3062 2473 3118 si
2525 3063 2617 3132 qui
2663 3062 2985 3134 gignuntur,
3015 3063 3352 3116 immortales
3398 3073 3548 3125 sunt,
3582 3077 3831 3130 semper-

2234 3169 2340 3223 que
2371 3154 2670 3224 giguuntur
2701 3153 2852 3220 novi,
2899 3169 3073 3224 genus
3120 3154 3251 3208 illud
3308 3155 3568 3209 exuberet
3602 3169 3825 3210 necesse

2235 3255 2339 3300 est.
2376 3245 2489 3301 Hae
2520 3257 2703 3301 autem
2739 3246 3061 3301 accessione
3088 3245 3255 3311 facta,
3289 3246 3433 3317 quod
3462 3245 3677 3300 tandem
3707 3262 3823 3303 cm-

2238 3335 2345 3390 lum
2366 3376 2382 3402 ,
2416 3353 2539 3406 qua:
2569 3346 2739 3403 terra,
2777 3346 2988 3393 tantum
3034 3337 3265 3393 deorum
3303 3352 3532 3393 examen
3565 3353 3825 3407 superre-

539 3423 729 3489 αύτάς,
756 3424 824 3477 τά
850 3440 910 3476 τε
939 3425 1068 3496 παρ’
1097 3423 1399 3496 ἀνθρώπων
1425 3426 1503 3489 είς
1527 3427 1722 3491 αὐτοὺς
1748 3429 1907 3501 γέρα,
1942 3428 2131 3500 ὕϐρεσι

2238 3430 2394 3482 nicns
2424 3443 2623 3499 capere
2657 3431 2869 3500 possit?
2897 3429 3037 3498 Quid
3064 3440 3244 3484 autem
3271 3430 3517 3484 dicemus
3541 3431 3608 3484 de
3634 3429 3702 3484 iis
3726 3430 3826 3483 bo-

537 3518 634 3570 καὶ
664 3514 972 3583 ἀσελγείαις
1022 3514 1306 3586 μεμίχθαι.
1362 3515 1502 3588 Ἤδη
1555 3517 1663 3591 γάρ
1708 3535 1792 3584 τις
1827 3519 1902 3592 (8)
1938 3522 1997 3575 ὲν
2049 3520 2133 3577 λό.

537 3626 656 3680 τοις
684 3608 1014 3675 ἐξετασθείς,
1051 3608 1490 3679 ἀγαλματοποιός
1516 3629 1576 3665 τε
1613 3616 1829 3687 μορφήν
1862 3633 1986 3669 τινα
2015 3616 2133 3670 δια.

537 3702 659 3774 νοίᾳ
691 3701 1037 3774 προσλαϐὼν,
1073 3701 1319 3774 ἔντεχνον
1341 3702 1700 3776 τεκμαίρεται
1730 3704 2005 3760 παιδείαν·
2036 3708 2132 3761 καὶ

542 3792 745 3865 μεταξὺ
788 3788 878 3848 οἷα
916 3793 982 3866 δὴ
1025 3793 1197 3867 λήθης
1242 3796 1612 3871 ἐμπεσούσης,
1647 3800 1709 3853 τὸ
1741 3801 1871 3855 ἴδιον
1906 3801 2130 3874 πλάσμα

540 3886 850 3952 κολακεύει,
882 3886 1057 3941 σέϐων
1080 3888 1156 3948 ὡς
1178 3888 1300 3943 θεὸν
1318 3889 1606 3955 ἀθάνατον,
1635 3891 1912 3963 ὁμολογῶν
1936 3897 2129 3950 ἑαυτὸν

538 3981 631 4036 τὸν
662 3980 873 4054 πατέρα
906 3980 982 4054 (9)
1025 3982 1119 4036 καὶ
1147 3982 1476 4056 δημιουργὸν
1507 3984 1602 4038 τοῦ
1635 3986 1954 4060 ἀγάλματος
2003 3989 2132 4062 eun-

537 4074 631 4128 τὺν
668 4070 829 4128 εἶναι.
878 4074 1000 4128 Τῶν
1042 4074 1087 4128 δ’
1122 4075 1416 4147 ἀφθάρτων
1447 4077 1673 4132 ἐκείνων
1699 4080 1906 4150 τάφους
1930 4099 1991 4136 τε
2037 4084 2131 4139 καὶ

539 4163 714 4235 θήκας
742 4163 1172 4218 ἐπιδεικνύουσιν
1203 4165 1377 4230 αὐτοὶ,
1410 4169 1832 4239 κατοιχομένους
1858 4189 1918 4225 τε
1942 4177 2131 4245 τιμαῖς

535 4252 829 4317 ἀθανάτοις
861 4254 1212 4326 γεραίρουσιν
1232 4294 1246 4319 ,
1272 4255 1596 4324 ἀγνοοῦντες
1622 4258 1686 4312 τὸ
1714 4258 1933 4332 ἀληθῶς
1954 4263 2132 4334 μακά-

538 4361 655 4416 ριον
687 4345 781 4398 καὶ
810 4344 1086 4418 ἄφθαρτον
1105 4386 1120 4411 ,
1154 4346 1400 4411 ἀνενδεὲς
1432 4346 1678 4419 ὑπάρχον
1705 4349 1807 4421 τῆς
1841 4349 1992 4423 παρά
2023 4351 2131 4408 τῶν

536 4433 794 4506 φθαρτῶν
832 4437 1136 4508 ἐπιτιμίας.
1170 4437 1262 4509 Τῷ
1293 4439 1402 4513 γάρ
1428 4454 1511 4492 τοι
1540 4439 1617 4511 νῷ
1654 4439 1868 4505 θεατὸν,
1902 4443 1999 4497 καὶ
2020 4443 2133 4497 δια-

534 4526 656 4598 νοίᾳ
684 4526 1040 4599 περιληπτὸν,
1076 4527 1202 4583 οὔτε
1247 4531 1461 4604 μορφὴν
1493 4531 1749 4586 ἐπιποθεῖ
1776 4533 1847 4588 δι’
1883 4529 1953 4607 ἧς
1986 4552 2131 4605 γνω-

541 4616 773 4689 ρισθείη,
806 4617 932 4671 οὔτε
986 4621 1268 4692 σχήματος
1301 4621 1574 4692 ἀνέχεται,
1622 4621 1700 4687 ὡς
1736 4621 1805 4678 ἂν
1842 4625 2052 4690 εἰκόνος
2094 4626 2128 4698 ἢ

536 4708 727 4762 τύπου.
763 4708 948 4764 Ταῦτα
984 4709 1044 4763 δὲ
1094 4712 1273 4767 πάντα
1316 4711 1563 4782 γίγνεται
1625 4714 1763 4786 πρὸς
1807 4715 1967 4788 χάριν
2021 4716 2130 4771 τῶν

535 4803 939 4873 κατοιχομένων
958 4820 972 4833 ο
1004 4803 1285 4876 ἄνθρωποι
1316 4805 1425 4879 γὰρ
1457 4803 1599 4880 ἦσαν
1630 4807 1793 4880 ἡνίκα
1827 4808 1985 4875 ἔζων,
2017 4807 2125 4865 σώ-

539 4909 707 4964 ματος
739 4891 957 4965 μέτοχοι
991 4893 1165 4959 ὄντες.

2237 3519 2475 3573 minibus
2515 3520 2606 3588 qui
2637 3519 2836 3574 fratres
2873 3521 3004 3575 deos
3025 3535 3149 3574 cmn
3180 3518 3461 3574 sororibus
3487 3519 3690 3573 deabus
3713 3531 3825 3569 ma.

2236 3611 2478 3666 trimonii
2509 3611 2720 3667 foedere
2741 3612 3103 3682 conjungunt,
3132 3621 3188 3665 et
3214 3611 3482 3666 adulteria
3516 3623 3684 3681 atque
3722 3611 3824 3666 ob-

2231 3705 2527 3759 scenitates
2563 3704 2754 3758 iisdem
2801 3703 3109 3775 objiciunt?
3149 3702 3282 3758 lllud
3326 3719 3545 3775 quoque
3590 3705 3823 3760 ﬁdenter

2233 3794 2392 3865 571
2427 3795 2750 3861 asserimus,
2777 3797 3015 3852 honores
3035 3805 3089 3851 et
3111 3796 3314 3852 cultum
3350 3798 3439 3866 qui
3470 3796 3602 3868 ipsis
3627 3798 3695 3851 ab
3723 3798 3823 3852 ho-

2232 3888 2473 3943 minibus
2516 3889 2803 3955 tribuitur,
2853 3889 3195 3960 impudicitia
3229 3904 3309 3954 σο,
3333 3890 3558 3946 libidine
3599 3890 3816 3960 plenum

2232 3994 2373 4035 esse.
2437 3979 2728 4037 Enimvero
2784 3978 3156 4051 peritissimbs
3244 3981 3442 4050 aliquis
3490 3983 3816 4049 statuarius,

2233 4083 2519 4141 postquam
2575 4073 2811 4128 formam
2854 4072 3026 4129 futuri
3056 4076 3242 4143 operis
3271 4075 3422 4143 prius
3459 4084 3639 4130 mente
3671 4087 3822 4128 com-

2233 4164 2422 4232 plexus
2469 4174 2573 4229 est,
2610 4180 2748 4235 opus
2801 4181 2869 4220 ex
2917 4167 3205 4236 praeceptis
3253 4166 3392 4223 artis
3440 4166 3706 4221 excudit:
3757 4178 3823 4219 ac

2232 4256 2392 4327 paulo
2422 4266 2569 4326 post,
2591 4257 2743 4313 velut
2776 4258 2862 4314 sui
2907 4259 3130 4328 oblitus,
3173 4261 3395 4330 proprio
3423 4256 3574 4324 operi
3612 4256 3822 4312 blandi-

2233 4357 2344 4416 tur,
2390 4349 2554 4419 idque
2600 4363 2703 4420 pro
2756 4350 3058 4405 immortali
3107 4351 3211 4406 deo
3249 4350 3383 4408 colit
3418 4368 3432 4405 :
3462 4366 3585 4405 cum
3639 4359 3819 4402 tamen

2234 4445 2351 4513 ipse
2378 4454 2573 4501 statuae
2600 4446 2748 4502 illius
2778 4463 2978 4519 parens
3006 4459 3172 4517 atque
3194 4447 3416 4510 artifex,
3446 4461 3506 4503 se
3534 4445 3819 4501 mortalem

2232 4552 2351 4591 esse
2376 4535 2637 4594 fateatur.
2672 4539 2895 4595 Illorum
2927 4555 3093 4611 porro
3135 4540 3528 4596 immortalium
3572 4539 3822 4610 sepulcra

2233 4638 2289 4682 et
2319 4644 2479 4686 arcas
2506 4629 2728 4701 ipsimet
2772 4634 3091 4698 ostendunt,
3119 4643 3174 4689 et
3217 4644 3463 4689 mortuos
3494 4634 3694 4690 divinis
3720 4634 3819 4689 ho-

2237 4722 2458 4779 noribus
2492 4723 2738 4780 alliciunt
2772 4741 2789 4780 :
2818 4726 3136 4797 ignorantes
3177 4726 3415 4791 scilicet,
3452 4727 3505 4782 id
3552 4727 3699 4797 quod
3733 4742 3822 4781 re-

2232 4826 2360 4868 vera
2399 4813 2616 4870 beatum
2669 4825 2727 4872 et
2778 4816 3092 4873 immortale
3125 4826 3233 4883 est,
3267 4817 3334 4873 iis
3372 4831 3512 4887 quos
3557 4816 3824 4873 mortales

2238 4907 2487 4963 tribuunt
2529 4908 2831 4965 honoribus
2895 4924 3000 4965 non
3046 4910 3311 4981 indigere.
3352 4908 3488 4965 Nam
3537 4911 3679 4981 quod
3703 4910 3820 4964 sola

538 4987 893 5056 intelligentia
930 4991 1081 5045 cerui
1124 4999 1181 5048 et
1229 4993 1563 5063 cogitatione
1597 4994 1983 5066 comprehendi
2018 5006 2215 5068 potest,
2245 5016 2347 5056 nec
2393 5001 2627 5059 formam
2681 5020 2788 5076 qua
2834 5006 3190 5075 dignoseatur
3240 5007 3490 5076 requirit,
3535 5022 3635 5061 nec
3675 5005 3811 5077 ligu-

536 5094 654 5133 ram
689 5083 923 5138 atlmittit
970 5094 1226 5155 tanquam
1260 5088 1550 5157 imaginem
1586 5099 1640 5146 et
1677 5091 2109 5149 similitudinem.
2156 5095 2356 5151 Verum
2404 5102 2520 5157 lucc
2581 5104 2766 5158 omnia
2812 5112 3152 5159 mortuorum
3183 5117 3347 5159 causa
3402 5104 3560 5158 ﬁunt.
3602 5102 3811 5159 Revera

532 5176 679 5232 enim
723 5177 969 5235 homines
1000 5178 1216 5236 fuerunt
1243 5184 1564 5255 corpori-bus
1596 5187 1812 5256 praediti
1849 5188 1979 5243 dum
2007 5189 2277 5247 viverent.
3582 5172 3589 5183 ⁸

606 5445 680 5519 (6)
723 5445 982 5529 Ἀνάγκη
1004 5444 1073 5500 τὸ
1098 5446 1294 5519 γένος.
1325 5448 1383 5529 in
1421 5451 1611 5529 codice
1644 5450 1792 5529 _Fuk.
1842 5468 1962 5527 post
2014 5459 2126 5529 pri-

535 5532 879 5594 ιιιυπυνωριιι
920 5521 1108 5594 larum:
1135 5535 1217 5594 est
1249 5521 1888 5594 uuiusgvncalmlicapas.
1923 5521 2122 5586 scribo

534 5587 697 5664 igitur
735 5586 1102 5664 πλημμρρεῖν
1122 5590 1337 5664 ἀνάγκη
1362 5591 1630 5647 αὐτῶντὸ
1653 5586 1829 5664 γένος.

607 5655 682 5728 (7)
721 5655 862 5735 ,Τίςδ
887 5655 1337 5735 caesaeque:
1370 5655 1727 5718 Scribendu'm
1780 5655 1865 5721 est
1919 5670 2005 5735 τίς
2048 5668 2116 5725 ἂν

536 5727 788 5798 οὐρανός,
827 5739 882 5802 ιιι
917 5733 967 5802 in
1005 5727 1146 5785 libro
1188 5727 1370 5788 Mei-mi
1407 5736 1472 5786 ad
1505 5737 1803 5802 marginem
1847 5727 2110 5795 emenda-

2304 5461 2381 5538 (8)
2415 5460 2559 5530 Ἤδη
2587 5462 2694 5533 γάρ
2714 5480 2826 5538 τις.
2858 5463 3033 5538 Malim
3061 5464 3240 5538 legere
3268 5466 3367 5538 ἤδη
3396 5463 3525 5538 γοίύν
3555 5481 3660 5530 τις,
3694 5475 3806 5522 etc.

2230 5528 2566 5608 ‘P‘anlo‘pnst,
2592 5528 2681 5587 ubi
2706 5528 2907 5608 legitur
2940 5528 3154 5607 διανοίξι
3190 5528 3536 5608 πρόσλαξὸῴν,
3571 5528 3629 5589 in
3659 5538 3806 5592 libro

2228 5600 2514 5680 Mo‘razin’ad
2546 5600 2842 5680 marginem
2873 5600 3195 5661 emendatur
3222 5600 3531 5680 προλαϐών,
3573 5609 3803 5677 perinde

2225 5685 2287 5725 ac
2320 5674 2370 5724 in
2402 5672 2620 5727 Gruteri
2654 5678 2809 5728 libro.

2298 5740 2374 5815 t9)
2432 5743 2587 5811 Vulg.
2640 5744 2860 5799 ἑαυτὸν
2911 5747 3154 5815 πατέρα.
3225 5745 3443 5800 [lectius
3500 5747 3551 5801 in
3611 5748 3805 5804 codice

540 5809 651 5892 tum
690 5800 892 5892 inveni.
939 5800 1244 5892 lnvcodice
1300 5802 1491 5859 Fttkct.
1525 5800 1725 5876 legi—tur
1752 5806 1836 5872 τίς
1883 5810 2113 5883 οὐρανός

2234 5800 2368 5892 Fuit:
2401 5800 2656 5871 scribitur
2708 5816 2901 5874 ἐαυτὸν
2958 5800 3081 5871 rei
3113 5817 3326 5888 πατέρα
3383 5817 3478 5872 καὶ

538 5870 746 5939 absque
772 5869 1175 5942 conjunctione.

2218 5881 2337 5951 τόν,
2379 5895 2486 5941 etc.
