  <div class='ocr_page' id='page_1' title='image "/cluster/home/n/w/nwhite01/storage/ocr_20150623/20:no.2/coo.31924054873009/633.png"; bbox 0 0 4176 6400; ppageno 0'>
   <div class='ocr_carea' id='block_1_1' title="bbox 436 340 583 396">
    <p class='ocr_par' dir='ltr' id='par_1_1' title="bbox 436 340 583 396">
     <span class='ocr_line' id='line_1_1' title="bbox 436 340 583 396; baseline 0.02 -3"><span class='ocrx_word' id='word_1_1' title='bbox 436 340 583 396; x_wconf 67' lang='grc'><strong>1245</strong></span> 
     </span>
    </p>
   </div>
   <div class='ocr_carea' id='block_1_2' title="bbox 1075 457 1411 514">
    <p class='ocr_par' dir='ltr' id='par_1_2' title="bbox 1075 457 1411 514">
     <span class='ocr_line' id='line_1_2' title="bbox 1075 457 1411 514; baseline 0.003 -2"><span class='ocrx_word' id='word_1_2' title='bbox 1075 457 1303 514; x_wconf 75' lang='lat' dir='ltr'><strong>CAPUT</strong></span> <span class='ocrx_word' id='word_1_3' title='bbox 1347 460 1411 513; x_wconf 76' lang='grc' dir='ltr'><strong>ν.</strong></span> 
     </span>
    </p>
   </div>
   <div class='ocr_carea' id='block_1_3' title="bbox 442 551 2027 619">
    <p class='ocr_par' dir='ltr' id='par_1_3' title="bbox 442 551 2027 619">
     <span class='ocr_line' id='line_1_3' title="bbox 442 551 2027 619; baseline 0.002 -12"><span class='ocrx_word' id='word_1_4' title='bbox 442 553 597 619; x_wconf 83' lang='lat' dir='ltr'><strong>Quod</strong></span> <span class='ocrx_word' id='word_1_5' title='bbox 630 552 874 607; x_wconf 73' lang='lat' dir='ltr'><strong>Christus</strong></span> <span class='ocrx_word' id='word_1_6' title='bbox 912 551 1084 605; x_wconf 82' lang='lat' dir='ltr'><strong>Filius</strong></span> <span class='ocrx_word' id='word_1_7' title='bbox 1110 551 1207 604; x_wconf 83' lang='lat' dir='ltr'><strong>Dei</strong></span> <span class='ocrx_word' id='word_1_8' title='bbox 1248 562 1439 604; x_wconf 77' lang='lat' dir='ltr'><strong>ctmcta</strong></span> <span class='ocrx_word' id='word_1_9' title='bbox 1473 555 1800 619; x_wconf 78' lang='lat' dir='ltr'><strong>condidit,et</strong></span> <span class='ocrx_word' id='word_1_10' title='bbox 1828 565 2027 610; x_wconf 81' lang='lat' dir='ltr'><strong>certum</strong></span> 
     </span>
    </p>
   </div>
   <div class='ocr_carea' id='block_1_4' title="bbox 744 622 1743 692">
    <p class='ocr_par' dir='ltr' id='par_1_4' title="bbox 744 622 1743 692">
     <span class='ocr_line' id='line_1_4' title="bbox 744 622 1743 692; baseline 0.004 -15"><span class='ocrx_word' id='word_1_11' title='bbox 744 626 863 678; x_wconf 69' lang='lat' dir='ltr'><strong>vitae</strong></span> <span class='ocrx_word' id='word_1_12' title='bbox 907 624 1141 690; x_wconf 72' lang='lat' dir='ltr'><strong>spatium</strong></span> <span class='ocrx_word' id='word_1_13' title='bbox 1179 622 1403 692; x_wconf 76' lang='lat' dir='ltr'><strong>singulis</strong></span> <span class='ocrx_word' id='word_1_14' title='bbox 1446 625 1743 681; x_wconf 70' lang='lat' dir='ltr'><strong>constituit.</strong></span> 
     </span>
    </p>
   </div>
   <div class='ocr_carea' id='block_1_5' title="bbox 513 780 2026 853">
    <p class='ocr_par' dir='ltr' id='par_1_5' title="bbox 513 780 2026 853">
     <span class='ocr_line' id='line_1_5' title="bbox 513 780 2026 853; baseline 0.001 -16"><span class='ocrx_word' id='word_1_15' title='bbox 513 781 620 837; x_wconf 87' lang='lat' dir='ltr'><strong>Sed</strong></span> <span class='ocrx_word' id='word_1_16' title='bbox 643 796 762 846; x_wconf 90' lang='lat' dir='ltr'><strong>cur,</strong></span> <span class='ocrx_word' id='word_1_17' title='bbox 782 796 966 836; x_wconf 87' lang='lat' dir='ltr'><strong>verum</strong></span> <span class='ocrx_word' id='word_1_18' title='bbox 991 780 1162 835; x_wconf 89' lang='lat' dir='ltr'><strong>Deum</strong></span> <span class='ocrx_word' id='word_1_19' title='bbox 1205 780 1545 846; x_wconf 89' lang='lat' dir='ltr'><strong>laudaturus,</strong></span> <span class='ocrx_word' id='word_1_20' title='bbox 1578 782 1810 853; x_wconf 83' lang='lat' dir='ltr'><strong>impuris</strong></span> <span class='ocrx_word' id='word_1_21' title='bbox 1841 784 2026 839; x_wconf 77' lang='lat' dir='ltr'><strong>verbis</strong></span> 
     </span>
    </p>
   </div>
   <div class='ocr_carea' id='block_1_6' title="bbox 440 873 2025 949">
    <p class='ocr_par' dir='ltr' id='par_1_6' title="bbox 440 873 2025 949">
     <span class='ocr_line' id='line_1_6' title="bbox 440 873 2025 949; baseline 0.002 -22"><span class='ocrx_word' id='word_1_22' title='bbox 440 874 680 949; x_wconf 75' lang='lat' dir='ltr'><strong>linguam</strong></span> <span class='ocrx_word' id='word_1_23' title='bbox 717 875 919 945; x_wconf 90' lang='lat' dir='ltr'><strong>polluo.</strong></span> <span class='ocrx_word' id='word_1_24' title='bbox 945 873 1106 929; x_wconf 85' lang='lat' dir='ltr'><strong>Prius</strong></span> <span class='ocrx_word' id='word_1_25' title='bbox 1149 873 1316 942; x_wconf 79' lang='lat' dir='ltr'><strong>igitur</strong></span> <span class='ocrx_word' id='word_1_26' title='bbox 1381 887 1622 929; x_wconf 89' lang='lat' dir='ltr'><strong>amaram</strong></span> <span class='ocrx_word' id='word_1_27' title='bbox 1681 876 1825 931; x_wconf 83' lang='lat' dir='ltr'><strong>illam</strong></span> <span class='ocrx_word' id='word_1_28' title='bbox 1848 877 2025 943; x_wconf 88' lang='lat' dir='ltr'><strong>potio-</strong></span> 
     </span>
    </p>
   </div>
   <div class='ocr_carea' id='block_1_7' title="bbox 440 964 2027 1037">
    <p class='ocr_par' dir='ltr' id='par_1_7' title="bbox 440 964 2027 1037">
     <span class='ocr_line' id='line_1_7' title="bbox 440 964 2027 1037; baseline 0.001 -15"><span class='ocrx_word' id='word_1_29' title='bbox 440 984 564 1022; x_wconf 92' lang='lat' dir='ltr'><strong>nem</strong></span> <span class='ocrx_word' id='word_1_30' title='bbox 593 983 725 1037; x_wconf 89' lang='lat' dir='ltr'><strong>pura</strong></span> <span class='ocrx_word' id='word_1_31' title='bbox 750 966 984 1021; x_wconf 82' lang='lat' dir='ltr'><strong>obducta</strong></span> <span class='ocrx_word' id='word_1_32' title='bbox 1031 964 1255 1033; x_wconf 75' lang='lat' dir='ltr'><strong>potione</strong></span> <span class='ocrx_word' id='word_1_33' title='bbox 1280 964 1495 1021; x_wconf 84' lang='lat' dir='ltr'><strong>diluere</strong></span> <span class='ocrx_word' id='word_1_34' title='bbox 1537 968 1820 1023; x_wconf 87' lang='lat' dir='ltr'><strong>constitui.</strong></span> <span class='ocrx_word' id='word_1_35' title='bbox 1854 968 2027 1024; x_wconf 86' lang='lat' dir='ltr'><strong>Purus</strong></span> 
     </span>
    </p>
   </div>
   <div class='ocr_carea' id='block_1_8' title="bbox 436 1056 2025 1127">
    <p class='ocr_par' dir='ltr' id='par_1_8' title="bbox 436 1056 2025 1127">
     <span class='ocr_line' id='line_1_8' title="bbox 436 1056 2025 1127; baseline 0.002 -14"><span class='ocrx_word' id='word_1_36' title='bbox 436 1068 619 1114; x_wconf 90' lang='lat' dir='ltr'><strong>autem</strong></span> <span class='ocrx_word' id='word_1_37' title='bbox 670 1069 831 1127; x_wconf 85' lang='lat' dir='ltr'><strong>potus</strong></span> <span class='ocrx_word' id='word_1_38' title='bbox 878 1056 1131 1112; x_wconf 74' lang='lat' dir='ltr'><strong>hour-itur</strong></span> <span class='ocrx_word' id='word_1_39' title='bbox 1171 1071 1238 1112; x_wconf 88' lang='lat' dir='ltr'><strong>ex</strong></span> <span class='ocrx_word' id='word_1_40' title='bbox 1286 1057 1511 1125; x_wconf 85' lang='lat' dir='ltr'><strong>perenni</strong></span> <span class='ocrx_word' id='word_1_41' title='bbox 1563 1057 1714 1114; x_wconf 80' lang='lat' dir='ltr'><strong>fonte</strong></span> <span class='ocrx_word' id='word_1_42' title='bbox 1762 1060 2025 1116; x_wconf 86' lang='lat' dir='ltr'><strong>virtutum</strong></span> 
     </span>
    </p>
   </div>
   <div class='ocr_carea' id='block_1_9' title="bbox 438 1150 2023 1224">
    <p class='ocr_par' dir='ltr' id='par_1_9' title="bbox 438 1150 2023 1224">
     <span class='ocr_line' id='line_1_9' title="bbox 438 1150 2023 1224; baseline 0.002 -19"><span class='ocrx_word' id='word_1_43' title='bbox 438 1152 582 1206; x_wconf 76' lang='lat' dir='ltr'><strong>illitis</strong></span> <span class='ocrx_word' id='word_1_44' title='bbox 611 1166 772 1222; x_wconf 90' lang='lat' dir='ltr'><strong>quem</strong></span> <span class='ocrx_word' id='word_1_45' title='bbox 821 1151 1166 1206; x_wconf 88' lang='lat' dir='ltr'><strong>celebramus</strong></span> <span class='ocrx_word' id='word_1_46' title='bbox 1209 1150 1325 1205; x_wconf 85' lang='lat' dir='ltr'><strong>Dei.</strong></span> <span class='ocrx_word' id='word_1_47' title='bbox 1374 1150 1643 1219; x_wconf 82' lang='lat' dir='ltr'><strong>Equidem</strong></span> <span class='ocrx_word' id='word_1_48' title='bbox 1690 1154 1793 1208; x_wconf 90' lang='lat' dir='ltr'><strong>mei</strong></span> <span class='ocrx_word' id='word_1_49' title='bbox 1830 1155 2023 1224; x_wconf 76' lang='lat' dir='ltr'><strong>privati</strong></span> 
     </span>
    </p>
   </div>
   <div class='ocr_carea' id='block_1_10' title="bbox 437 1242 2022 1306">
    <p class='ocr_par' dir='ltr' id='par_1_10' title="bbox 437 1242 2022 1306">
     <span class='ocr_line' id='line_1_10' title="bbox 437 1242 2022 1306; baseline 0.001 -9"><span class='ocrx_word' id='word_1_50' title='bbox 437 1243 597 1298; x_wconf 78' lang='lat' dir='ltr'><strong>ofﬁcii</strong></span> <span class='ocrx_word' id='word_1_51' title='bbox 647 1259 769 1299; x_wconf 88' lang='lat' dir='ltr'><strong>esse</strong></span> <span class='ocrx_word' id='word_1_52' title='bbox 808 1243 971 1306; x_wconf 88' lang='lat' dir='ltr'><strong>duco,</strong></span> <span class='ocrx_word' id='word_1_53' title='bbox 1005 1242 1286 1296; x_wconf 76' lang='lat' dir='ltr'><strong>Christum</strong></span> <span class='ocrx_word' id='word_1_54' title='bbox 1324 1250 1438 1296; x_wconf 89' lang='lat' dir='ltr'><strong>tum</strong></span> <span class='ocrx_word' id='word_1_55' title='bbox 1471 1243 1595 1299; x_wconf 74' lang='lat' dir='ltr'><strong>vita:</strong></span> <span class='ocrx_word' id='word_1_56' title='bbox 1638 1246 2022 1306; x_wconf 89' lang='lat' dir='ltr'><strong>sanctimonia.</strong></span> 
     </span>
    </p>
   </div>
   <div class='ocr_carea' id='block_1_11' title="bbox 441 1336 2024 1408">
    <p class='ocr_par' dir='ltr' id='par_1_11' title="bbox 441 1336 2024 1408">
     <span class='ocr_line' id='line_1_11' title="bbox 441 1336 2024 1408; baseline 0.001 -17"><span class='ocrx_word' id='word_1_57' title='bbox 441 1349 550 1392; x_wconf 90' lang='lat' dir='ltr'><strong>tum</strong></span> <span class='ocrx_word' id='word_1_58' title='bbox 582 1338 878 1408; x_wconf 81' lang='lat' dir='ltr'><strong>gratiarum</strong></span> <span class='ocrx_word' id='word_1_59' title='bbox 918 1336 1157 1398; x_wconf 87' lang='lat' dir='ltr'><strong>actione,</strong></span> <span class='ocrx_word' id='word_1_60' title='bbox 1193 1350 1313 1404; x_wconf 81' lang='lat' dir='ltr'><strong>quae</strong></span> <span class='ocrx_word' id='word_1_61' title='bbox 1346 1352 1444 1406; x_wconf 87' lang='lat' dir='ltr'><strong>pro</strong></span> <span class='ocrx_word' id='word_1_62' title='bbox 1477 1337 1661 1392; x_wconf 90' lang='lat' dir='ltr'><strong>multis</strong></span> <span class='ocrx_word' id='word_1_63' title='bbox 1691 1347 1744 1392; x_wconf 90' lang='lat' dir='ltr'><strong>et</strong></span> <span class='ocrx_word' id='word_1_64' title='bbox 1775 1340 2024 1393; x_wconf 79' lang='lat' dir='ltr'><strong>maximis</strong></span> 
     </span>
    </p>
   </div>
   <div class='ocr_carea' id='block_1_12' title="bbox 436 1430 2025 1505">
    <p class='ocr_par' dir='ltr' id='par_1_12' title="bbox 436 1430 2025 1505">
     <span class='ocr_line' id='line_1_12' title="bbox 436 1430 2025 1505; baseline 0.003 -21"><span class='ocrx_word' id='word_1_65' title='bbox 436 1431 717 1486; x_wconf 83' lang='lat' dir='ltr'><strong>beneﬁciis</strong></span> <span class='ocrx_word' id='word_1_66' title='bbox 748 1431 798 1485; x_wconf 89' lang='lat' dir='ltr'><strong>ei</strong></span> <span class='ocrx_word' id='word_1_67' title='bbox 827 1447 856 1484; x_wconf 90' lang='lat' dir='ltr'><strong>a</strong></span> <span class='ocrx_word' id='word_1_68' title='bbox 890 1430 1044 1486; x_wconf 89' lang='lat' dir='ltr'><strong>nobis</strong></span> <span class='ocrx_word' id='word_1_69' title='bbox 1071 1430 1322 1494; x_wconf 87' lang='lat' dir='ltr'><strong>debetur,</strong></span> <span class='ocrx_word' id='word_1_70' title='bbox 1355 1433 1671 1501; x_wconf 73' lang='lat' dir='ltr'><strong>prmdicare.</strong></span> <span class='ocrx_word' id='word_1_71' title='bbox 1707 1431 1863 1488; x_wconf 84' lang='lat' dir='ltr'><strong>Hunc</strong></span> <span class='ocrx_word' id='word_1_72' title='bbox 1894 1450 2025 1505; x_wconf 90' lang='lat' dir='ltr'><strong>ergo</strong></span> 
     </span>
    </p>
   </div>
   <div class='ocr_carea' id='block_1_13' title="bbox 438 1522 2021 1594">
    <p class='ocr_par' dir='ltr' id='par_1_13' title="bbox 438 1522 2021 1594">
     <span class='ocr_line' id='line_1_13' title="bbox 438 1522 2021 1594; baseline 0.002 -17"><span class='ocrx_word' id='word_1_73' title='bbox 438 1522 599 1590; x_wconf 85' lang='lat' dir='ltr'><strong>hujus</strong></span> <span class='ocrx_word' id='word_1_74' title='bbox 640 1522 881 1577; x_wconf 77' lang='lat' dir='ltr'><strong>universi</strong></span> <span class='ocrx_word' id='word_1_75' title='bbox 932 1523 1290 1578; x_wconf 84' lang='lat' dir='ltr'><strong>constituisse</strong></span> <span class='ocrx_word' id='word_1_76' title='bbox 1338 1523 1628 1594; x_wconf 77' lang='lat' dir='ltr'><strong>principia,</strong></span> <span class='ocrx_word' id='word_1_77' title='bbox 1657 1534 1711 1578; x_wconf 89' lang='lat' dir='ltr'><strong>et</strong></span> <span class='ocrx_word' id='word_1_78' title='bbox 1741 1525 2021 1580; x_wconf 86' lang='lat' dir='ltr'><strong>hominum</strong></span> 
     </span>
    </p>
   </div>
   <div class='ocr_carea' id='block_1_14' title="bbox 435 1611 2022 1681">
    <p class='ocr_par' dir='ltr' id='par_1_14' title="bbox 435 1611 2022 1681">
     <span class='ocr_line' id='line_1_14' title="bbox 435 1611 2022 1681; baseline 0.004 -16"><span class='ocrx_word' id='word_1_79' title='bbox 435 1614 770 1667; x_wconf 83' lang='lat' dir='ltr'><strong>creationem</strong></span> <span class='ocrx_word' id='word_1_80' title='bbox 805 1622 955 1668; x_wconf 88' lang='lat' dir='ltr'><strong>certa</strong></span> <span class='ocrx_word' id='word_1_81' title='bbox 989 1611 1109 1681; x_wconf 88' lang='lat' dir='ltr'><strong>lege</strong></span> <span class='ocrx_word' id='word_1_82' title='bbox 1160 1628 1225 1667; x_wconf 90' lang='lat' dir='ltr'><strong>ac</strong></span> <span class='ocrx_word' id='word_1_83' title='bbox 1269 1614 1479 1669; x_wconf 87' lang='lat' dir='ltr'><strong>ratione</strong></span> <span class='ocrx_word' id='word_1_84' title='bbox 1524 1616 1829 1670; x_wconf 85' lang='lat' dir='ltr'><strong>dimensum</strong></span> <span class='ocrx_word' id='word_1_85' title='bbox 1856 1632 2022 1672; x_wconf 71' lang='lat' dir='ltr'><strong>esco-</strong></span> 
     </span>
    </p>
   </div>
   <div class='ocr_carea' id='block_1_15' title="bbox 435 1703 2027 1774">
    <p class='ocr_par' dir='ltr' id='par_1_15' title="bbox 435 1703 2027 1774">
     <span class='ocr_line' id='line_1_15' title="bbox 435 1703 2027 1774; baseline 0.003 -18"><span class='ocrx_word' id='word_1_86' title='bbox 435 1705 639 1771; x_wconf 73' lang='lat' dir='ltr'><strong>gitassc</strong></span> <span class='ocrx_word' id='word_1_87' title='bbox 669 1704 815 1759; x_wconf 85' lang='lat' dir='ltr'><strong>dico.</strong></span> <span class='ocrx_word' id='word_1_88' title='bbox 872 1703 939 1757; x_wconf 87' lang='lat' dir='ltr'><strong>Et</strong></span> <span class='ocrx_word' id='word_1_89' title='bbox 978 1705 1100 1759; x_wconf 87' lang='lat' dir='ltr'><strong>illos</strong></span> <span class='ocrx_word' id='word_1_90' title='bbox 1126 1705 1344 1774; x_wconf 90' lang='lat' dir='ltr'><strong>quidem</strong></span> <span class='ocrx_word' id='word_1_91' title='bbox 1384 1720 1580 1761; x_wconf 84' lang='lat' dir='ltr'><strong>recens</strong></span> <span class='ocrx_word' id='word_1_92' title='bbox 1609 1706 1661 1760; x_wconf 91' lang='lat' dir='ltr'><strong>in</strong></span> <span class='ocrx_word' id='word_1_93' title='bbox 1706 1706 1880 1762; x_wconf 90' lang='lat' dir='ltr'><strong>lucem</strong></span> <span class='ocrx_word' id='word_1_94' title='bbox 1912 1710 2027 1763; x_wconf 90' lang='lat' dir='ltr'><strong>edi-</strong></span> 
     </span>
    </p>
   </div>
   <div class='ocr_carea' id='block_1_16' title="bbox 1196 342 3013 405">
    <p class='ocr_par' dir='ltr' id='par_1_16' title="bbox 1196 342 3013 405">
     <span class='ocr_line' id='line_1_16' title="bbox 1196 342 3013 405; baseline 0.003 -8"><span class='ocrx_word' id='word_1_95' title='bbox 1196 342 1464 399; x_wconf 63' lang='lat' dir='ltr'><strong>l‘ZUSEBll</strong></span> <span class='ocrx_word' id='word_1_96' title='bbox 1501 342 1975 402; x_wconf 65' lang='lat' dir='ltr'><strong>CAESARIENSIS</strong></span> <span class='ocrx_word' id='word_1_97' title='bbox 2012 346 2163 403; x_wconf 85' lang='lat' dir='ltr'><strong>OPP.</strong></span> <span class='ocrx_word' id='word_1_98' title='bbox 2205 346 2388 401; x_wconf 77' lang='lat' dir='ltr'><strong>PARS</strong></span> <span class='ocrx_word' id='word_1_99' title='bbox 2426 347 2470 405; x_wconf 88' lang='grc' dir='ltr'><strong>Ι.</strong></span> <span class='ocrx_word' id='word_1_100' title='bbox 2511 378 2581 387; x_wconf 89' lang='grc'><strong><em>-</em></strong></span> <span class='ocrx_word' id='word_1_101' title='bbox 2618 345 3013 403; x_wconf 76' lang='lat' dir='ltr'><strong>HISTORICA.</strong></span> 
     </span>
    </p>
   </div>
   <div class='ocr_carea' id='block_1_17' title="bbox 2055 473 2102 522">
    <p class='ocr_par' dir='ltr' id='par_1_17' title="bbox 2055 473 2102 522">
     <span class='ocr_line' id='line_1_17' title="bbox 2055 473 2102 522; baseline 0 0"><span class='ocrx_word' id='word_1_102' title='bbox 2055 473 2102 522; x_wconf 75' lang='grc' dir='ltr'><strong>Δ</strong></span> 
     </span>
    </p>
   </div>
   <div class='ocr_carea' id='block_1_18' title="bbox 3574 345 3718 403">
    <p class='ocr_par' dir='ltr' id='par_1_18' title="bbox 3574 345 3718 403">
     <span class='ocr_line' id='line_1_18' title="bbox 3574 345 3718 403; baseline 0 -1"><span class='ocrx_word' id='word_1_103' title='bbox 3574 345 3718 403; x_wconf 63' lang='grc' dir='ltr'><strong>ιαμ</strong></span> 
     </span>
    </p>
   </div>
   <div class='ocr_carea' id='block_1_19' title="bbox 2662 458 3179 516">
    <p class='ocr_par' dir='ltr' id='par_1_19' title="bbox 2662 458 3179 516">
     <span class='ocr_line' id='line_1_19' title="bbox 2662 458 3179 516; baseline -0.01 -1"><span class='ocrx_word' id='word_1_104' title='bbox 2662 459 3058 516; x_wconf 78' lang='grc' dir='ltr'><strong>ΚΕΦΑΛΑΙΟΝ</strong></span> <span class='ocrx_word' id='word_1_105' title='bbox 3104 458 3179 512; x_wconf 83' lang='lat' dir='ltr'><strong>E&#39;.</strong></span> 
     </span>
    </p>
   </div>
   <div class='ocr_carea' id='block_1_20' title="bbox 2132 549 3714 625">
    <p class='ocr_par' dir='ltr' id='par_1_20' title="bbox 2132 549 3714 625">
     <span class='ocr_line' id='line_1_20' title="bbox 2132 549 3714 625; baseline -0.001 -17"><span class='ocrx_word' id='word_1_106' title='bbox 2132 557 2253 609; x_wconf 79' lang='grc' dir='ltr'>Ὅτι</span> <span class='ocrx_word' id='word_1_107' title='bbox 2296 556 2550 625; x_wconf 84' lang='grc' dir='ltr'>Χριστὸς</span> <span class='ocrx_word' id='word_1_108' title='bbox 2590 559 2624 609; x_wconf 85' lang='grc' dir='ltr'><strong>ό</strong></span> <span class='ocrx_word' id='word_1_109' title='bbox 2673 554 2807 625; x_wconf 61' lang='lat' dir='ltr'><strong>me</strong></span> <span class='ocrx_word' id='word_1_110' title='bbox 2838 553 2965 625; x_wconf 48' lang='lat' dir='ltr'><strong>toi?</strong></span> <span class='ocrx_word' id='word_1_111' title='bbox 2990 549 3714 625; x_wconf 17' lang='grc' dir='ltr'>Θεοῦᾼπάνταᾷἑδημιούρ-</span> 
     </span>
    </p>
   </div>
   <div class='ocr_carea' id='block_1_21' title="bbox 2199 621 3717 765">
    <p class='ocr_par' dir='ltr' id='par_1_21' title="bbox 2199 621 3717 765">
     <span class='ocr_line' id='line_1_21' title="bbox 2199 621 3717 750; baseline -0.004 -69"><span class='ocrx_word' id='word_1_112' title='bbox 2199 621 2373 750; x_wconf 47' lang='lat' dir='ltr'><strong>mons,</strong></span> <span class='ocrx_word' id='word_1_113' title='bbox 2415 628 2516 680; x_wconf 80' lang='grc' dir='ltr'>καὶ</span> <span class='ocrx_word' id='word_1_114' title='bbox 2555 626 2663 680; x_wconf 78' lang='grc' dir='ltr'>τοῦ</span> <span class='ocrx_word' id='word_1_115' title='bbox 2700 622 2853 679; x_wconf 78' lang='grc' dir='ltr'>εἶναι</span> <span class='ocrx_word' id='word_1_116' title='bbox 2908 623 2975 677; x_wconf 84' lang='grc' dir='ltr'>τὸ</span> <span class='ocrx_word' id='word_1_117' title='bbox 3005 622 3203 677; x_wconf 82' lang='grc' dir='ltr'>ποσὸν</span> <span class='ocrx_word' id='word_1_118' title='bbox 3248 622 3317 676; x_wconf 86' lang='grc' dir='ltr'><strong>ἐν</strong></span> <span class='ocrx_word' id='word_1_119' title='bbox 3361 621 3597 685; x_wconf 77' lang='grc' dir='ltr'>ἑκάστῳ</span> <span class='ocrx_word' id='word_1_120' title='bbox 3628 622 3717 676; x_wconf 81' lang='grc' dir='ltr'>δι-</span> 
     </span>
     <span class='ocr_line' id='line_1_22' title="bbox 2200 714 2480 765; baseline 0.004 -15"><span class='ocrx_word' id='word_1_121' title='bbox 2200 715 2280 765; x_wconf 84' lang='grc' dir='ltr'><strong>ωρ</strong></span> <span class='ocrx_word' id='word_1_122' title='bbox 2308 714 2480 751; x_wconf 66' lang='lat' dir='ltr'><strong>caro.</strong></span> 
     </span>
    </p>
   </div>
   <div class='ocr_carea' id='block_1_22' title="bbox 2200 782 3713 858">
    <p class='ocr_par' dir='ltr' id='par_1_22' title="bbox 2200 782 3713 858">
     <span class='ocr_line' id='line_1_23' title="bbox 2200 782 3713 858; baseline -0.002 -18"><span class='ocrx_word' id='word_1_123' title='bbox 2200 786 2266 840; x_wconf 91' lang='grc' dir='ltr'>Τί</span> <span class='ocrx_word' id='word_1_124' title='bbox 2309 786 2373 858; x_wconf 83' lang='grc' dir='ltr'><strong>δὴ</strong></span> <span class='ocrx_word' id='word_1_125' title='bbox 2408 787 2616 858; x_wconf 90' lang='grc' dir='ltr'>χραίνω</span> <span class='ocrx_word' id='word_1_126' title='bbox 2652 785 2752 856; x_wconf 69' lang='grc' dir='ltr'>τὴν</span> <span class='ocrx_word' id='word_1_127' title='bbox 2794 784 3039 854; x_wconf 88' lang='grc' dir='ltr'>γλῶτταν</span> <span class='ocrx_word' id='word_1_128' title='bbox 3078 782 3257 852; x_wconf 80' lang='grc' dir='ltr'><strong>λόγοις</strong></span> <span class='ocrx_word' id='word_1_129' title='bbox 3298 783 3713 855; x_wconf 71' lang='grc' dir='ltr'><strong>μεμιασμένοις,</strong></span> 
     </span>
    </p>
   </div>
   <div class='ocr_carea' id='block_1_23' title="bbox 2133 875 3773 953">
    <p class='ocr_par' dir='ltr' id='par_1_23' title="bbox 2133 875 3773 953">
     <span class='ocr_line' id='line_1_24' title="bbox 2133 875 3773 953; baseline -0.003 -21"><span class='ocrx_word' id='word_1_130' title='bbox 2133 878 2341 951; x_wconf 82' lang='grc' dir='ltr'><strong>μέλλων</strong></span> <span class='ocrx_word' id='word_1_131' title='bbox 2377 880 2564 949; x_wconf 81' lang='grc' dir='ltr'>ὑμνεῖν</span> <span class='ocrx_word' id='word_1_132' title='bbox 2607 878 2696 931; x_wconf 80' lang='grc' dir='ltr'><strong>τὸν</strong></span> <span class='ocrx_word' id='word_1_133' title='bbox 2744 877 2912 941; x_wconf 75' lang='grc' dir='ltr'>ὄντως</span> <span class='ocrx_word' id='word_1_134' title='bbox 2945 876 3111 941; x_wconf 60' lang='lat' dir='ltr'><strong>dedit;</strong></span> <span class='ocrx_word' id='word_1_135' title='bbox 3147 875 3415 947; x_wconf 80' lang='grc' dir='ltr'><strong>Βούλομαι</strong></span> <span class='ocrx_word' id='word_1_136' title='bbox 3464 876 3529 948; x_wconf 79' lang='grc' dir='ltr'><strong>δὴ</strong></span> <span class='ocrx_word' id='word_1_137' title='bbox 3584 877 3717 947; x_wconf 85' lang='grc' dir='ltr'>πρό-</span> <span class='ocrx_word' id='word_1_138' title='bbox 3766 947 3773 953; x_wconf 80' lang='lat'>_</span> 
     </span>
    </p>
   </div>
   <div class='ocr_carea' id='block_1_24' title="bbox 2127 969 3713 1047">
    <p class='ocr_par' dir='ltr' id='par_1_24' title="bbox 2127 969 3713 1047">
     <span class='ocr_line' id='line_1_25' title="bbox 2127 969 3713 1047; baseline -0.002 -19"><span class='ocrx_word' id='word_1_139' title='bbox 2127 991 2283 1047; x_wconf 89' lang='grc' dir='ltr'>τερον</span> <span class='ocrx_word' id='word_1_140' title='bbox 2322 973 2471 1044; x_wconf 85' lang='grc' dir='ltr'>ἀγνῷ</span> <span class='ocrx_word' id='word_1_141' title='bbox 2520 973 2728 1045; x_wconf 86' lang='grc' dir='ltr'>πόματι</span> <span class='ocrx_word' id='word_1_142' title='bbox 2776 970 2966 1043; x_wconf 84' lang='grc' dir='ltr'>ὥσπερ</span> <span class='ocrx_word' id='word_1_143' title='bbox 3008 970 3248 1042; x_wconf 81' lang='grc' dir='ltr'>ἁλμυρὸν</span> <span class='ocrx_word' id='word_1_144' title='bbox 3298 969 3713 1025; x_wconf 78' lang='grc' dir='ltr'><strong>ἀποκλύσασθαι</strong></span> 
     </span>
    </p>
   </div>
   <div class='ocr_carea' id='block_1_25' title="bbox 2128 1062 3714 1137">
    <p class='ocr_par' dir='ltr' id='par_1_25' title="bbox 2128 1062 3714 1137">
     <span class='ocr_line' id='line_1_26' title="bbox 2128 1062 3714 1137; baseline -0.003 -17"><span class='ocrx_word' id='word_1_145' title='bbox 2128 1066 2308 1137; x_wconf 85' lang='grc' dir='ltr'>πόμα·</span> <span class='ocrx_word' id='word_1_146' title='bbox 2338 1065 2401 1119; x_wconf 74' lang='grc' dir='ltr'><strong>τὸ</strong></span> <span class='ocrx_word' id='word_1_147' title='bbox 2442 1065 2486 1118; x_wconf 91' lang='grc' dir='ltr'>δ’</span> <span class='ocrx_word' id='word_1_148' title='bbox 2535 1065 2697 1133; x_wconf 77' lang='grc' dir='ltr'>ἁγνὸν</span> <span class='ocrx_word' id='word_1_149' title='bbox 2747 1064 2898 1135; x_wconf 84' lang='grc' dir='ltr'>πόμα</span> <span class='ocrx_word' id='word_1_150' title='bbox 2933 1066 3107 1134; x_wconf 85' lang='grc' dir='ltr'>χεῖται</span> <span class='ocrx_word' id='word_1_151' title='bbox 3140 1062 3228 1115; x_wconf 82' lang='grc' dir='ltr'>διὰ</span> <span class='ocrx_word' id='word_1_152' title='bbox 3278 1064 3458 1133; x_wconf 79' lang='grc' dir='ltr'>πηγῆς</span> <span class='ocrx_word' id='word_1_153' title='bbox 3487 1063 3714 1116; x_wconf 90' lang='grc' dir='ltr'>ἀεννάου</span> 
     </span>
    </p>
   </div>
   <div class='ocr_carea' id='block_1_26' title="bbox 2124 1153 3715 1228">
    <p class='ocr_par' dir='ltr' id='par_1_26' title="bbox 2124 1153 3715 1228">
     <span class='ocr_line' id='line_1_27' title="bbox 2124 1153 3715 1228; baseline -0.003 -18"><span class='ocrx_word' id='word_1_154' title='bbox 2124 1158 2234 1212; x_wconf 87' lang='grc' dir='ltr'><strong>τῶν</strong></span> <span class='ocrx_word' id='word_1_155' title='bbox 2266 1157 2481 1228; x_wconf 82' lang='grc' dir='ltr'>ἀρετῶν</span> <span class='ocrx_word' id='word_1_156' title='bbox 2519 1156 2613 1210; x_wconf 80' lang='grc' dir='ltr'>τοῦ</span> <span class='ocrx_word' id='word_1_157' title='bbox 2644 1156 2985 1227; x_wconf 84' lang='grc' dir='ltr'>ύμνουμένου</span> <span class='ocrx_word' id='word_1_158' title='bbox 3022 1154 3161 1226; x_wconf 79' lang='grc' dir='ltr'>πρὸς</span> <span class='ocrx_word' id='word_1_159' title='bbox 3188 1153 3347 1225; x_wconf 81' lang='grc' dir='ltr'>ἡμῶν</span> <span class='ocrx_word' id='word_1_160' title='bbox 3385 1153 3549 1207; x_wconf 82' lang='grc' dir='ltr'>Θεοῦ·</span> <span class='ocrx_word' id='word_1_161' title='bbox 3583 1154 3715 1225; x_wconf 86' lang='grc' dir='ltr'>ὲμόν</span> 
     </span>
    </p>
   </div>
   <div class='ocr_carea' id='block_1_27' title="bbox 2125 1245 3716 1321">
    <p class='ocr_par' dir='ltr' id='par_1_27' title="bbox 2125 1245 3716 1321">
     <span class='ocr_line' id='line_1_28' title="bbox 2125 1245 3716 1321; baseline -0.004 -17"><span class='ocrx_word' id='word_1_162' title='bbox 2125 1252 2171 1304; x_wconf 81' lang='grc' dir='ltr'>τ’</span> <span class='ocrx_word' id='word_1_163' title='bbox 2206 1249 2337 1303; x_wconf 87' lang='grc' dir='ltr'>ῖδιον</span> <span class='ocrx_word' id='word_1_164' title='bbox 2371 1248 2553 1321; x_wconf 79' lang='grc' dir='ltr'>ἔργον,</span> <span class='ocrx_word' id='word_1_165' title='bbox 2583 1249 2675 1302; x_wconf 85' lang='grc' dir='ltr'><strong>τὸν</strong></span> <span class='ocrx_word' id='word_1_166' title='bbox 2705 1247 2941 1320; x_wconf 79' lang='grc' dir='ltr'>Χριστὸν</span> <span class='ocrx_word' id='word_1_167' title='bbox 2972 1247 3160 1319; x_wconf 82' lang='grc' dir='ltr'>ὑμνεῖν</span> <span class='ocrx_word' id='word_1_168' title='bbox 3185 1245 3274 1300; x_wconf 77' lang='grc' dir='ltr'>διὰ</span> <span class='ocrx_word' id='word_1_169' title='bbox 3309 1245 3449 1317; x_wconf 83' lang='grc' dir='ltr'>βίου,</span> <span class='ocrx_word' id='word_1_170' title='bbox 3484 1247 3581 1299; x_wconf 77' lang='grc' dir='ltr'>καὶ</span> <span class='ocrx_word' id='word_1_171' title='bbox 3615 1245 3716 1318; x_wconf 80' lang='grc' dir='ltr'>τῆς</span> 
     </span>
    </p>
   </div>
   <div class='ocr_carea' id='block_1_28' title="bbox 2125 1338 3715 1413">
    <p class='ocr_par' dir='ltr' id='par_1_28' title="bbox 2125 1338 3715 1413">
     <span class='ocr_line' id='line_1_29' title="bbox 2125 1338 3715 1413; baseline -0.003 -18"><span class='ocrx_word' id='word_1_172' title='bbox 2125 1341 2479 1412; x_wconf 81' lang='grc' dir='ltr'><strong>ὀφειλομένης</strong></span> <span class='ocrx_word' id='word_1_173' title='bbox 2510 1343 2644 1412; x_wconf 80' lang='grc' dir='ltr'>ἡμῖν</span> <span class='ocrx_word' id='word_1_174' title='bbox 2692 1341 2830 1413; x_wconf 77' lang='grc' dir='ltr'>πρὸς</span> <span class='ocrx_word' id='word_1_175' title='bbox 2870 1339 3032 1393; x_wconf 75' lang='grc' dir='ltr'>αὐτὸν</span> <span class='ocrx_word' id='word_1_176' title='bbox 3075 1339 3195 1392; x_wconf 76' lang='grc' dir='ltr'>ἀντὶ</span> <span class='ocrx_word' id='word_1_177' title='bbox 3228 1338 3438 1392; x_wconf 82' lang='grc' dir='ltr'>πολλῶν</span> <span class='ocrx_word' id='word_1_178' title='bbox 3485 1338 3578 1392; x_wconf 80' lang='grc' dir='ltr'>καὶ</span> <span class='ocrx_word' id='word_1_179' title='bbox 3618 1355 3715 1408; x_wconf 87' lang='grc' dir='ltr'>με-</span> 
     </span>
    </p>
   </div>
   <div class='ocr_carea' id='block_1_29' title="bbox 2124 1429 3714 1505">
    <p class='ocr_par' dir='ltr' id='par_1_29' title="bbox 2124 1429 3714 1505">
     <span class='ocr_line' id='line_1_30' title="bbox 2124 1429 3714 1505; baseline -0.002 -19"><span class='ocrx_word' id='word_1_180' title='bbox 2124 1433 2327 1502; x_wconf 85' lang='grc' dir='ltr'>γίστων</span> <span class='ocrx_word' id='word_1_181' title='bbox 2397 1431 2731 1505; x_wconf 82' lang='grc' dir='ltr'>εὐεργεσιῶν</span> <span class='ocrx_word' id='word_1_182' title='bbox 2789 1432 3158 1504; x_wconf 81' lang='grc' dir='ltr'>εὐχαριστίας.</span> <span class='ocrx_word' id='word_1_183' title='bbox 3213 1431 3360 1504; x_wconf 74' lang='grc' dir='ltr'>Φημὶ</span> <span class='ocrx_word' id='word_1_184' title='bbox 3410 1431 3476 1501; x_wconf 80' lang='grc' dir='ltr'>δὴ</span> <span class='ocrx_word' id='word_1_185' title='bbox 3524 1429 3714 1486; x_wconf 80' lang='grc' dir='ltr'>τοῦτον</span> 
     </span>
    </p>
   </div>
   <div class='ocr_carea' id='block_1_30' title="bbox 2123 1521 3714 1595">
    <p class='ocr_par' dir='ltr' id='par_1_30' title="bbox 2123 1521 3714 1595">
     <span class='ocr_line' id='line_1_31' title="bbox 2123 1521 3714 1595; baseline -0.001 -18"><span class='ocrx_word' id='word_1_186' title='bbox 2123 1524 2223 1588; x_wconf 73' lang='grc' dir='ltr'>τὰς</span> <span class='ocrx_word' id='word_1_187' title='bbox 2252 1523 2425 1595; x_wconf 83' lang='grc' dir='ltr'>ἀρχὰς</span> <span class='ocrx_word' id='word_1_188' title='bbox 2463 1524 2713 1595; x_wconf 79' lang='grc' dir='ltr'>στηρίξαι</span> <span class='ocrx_word' id='word_1_189' title='bbox 2746 1524 2898 1578; x_wconf 74' lang='grc' dir='ltr'>τοῦδε</span> <span class='ocrx_word' id='word_1_190' title='bbox 2944 1523 3038 1577; x_wconf 80' lang='grc' dir='ltr'>τοῦ</span> <span class='ocrx_word' id='word_1_191' title='bbox 3087 1524 3305 1587; x_wconf 84' lang='grc' dir='ltr'>παντὸς,</span> <span class='ocrx_word' id='word_1_192' title='bbox 3350 1521 3607 1575; x_wconf 83' lang='grc' dir='ltr'>ὑπόθεσίν</span> <span class='ocrx_word' id='word_1_193' title='bbox 3652 1539 3714 1576; x_wconf 82' lang='grc' dir='ltr'><strong>τε</strong></span> 
     </span>
    </p>
   </div>
   <div class='ocr_carea' id='block_1_31' title="bbox 2126 1614 3717 1688">
    <p class='ocr_par' dir='ltr' id='par_1_31' title="bbox 2126 1614 3717 1688">
     <span class='ocr_line' id='line_1_32' title="bbox 2126 1614 3717 1688; baseline -0.001 -19"><span class='ocrx_word' id='word_1_194' title='bbox 2126 1615 2428 1688; x_wconf 83' lang='grc' dir='ltr'>ἀνθρώπων</span> <span class='ocrx_word' id='word_1_195' title='bbox 2456 1617 2727 1688; x_wconf 82' lang='grc' dir='ltr'>ἀνευρεῖν,</span> <span class='ocrx_word' id='word_1_196' title='bbox 2761 1616 2853 1670; x_wconf 72' lang='grc' dir='ltr'>τὸν</span> <span class='ocrx_word' id='word_1_197' title='bbox 2898 1616 2992 1669; x_wconf 67' lang='grc' dir='ltr'>καὶ</span> <span class='ocrx_word' id='word_1_198' title='bbox 3032 1615 3207 1669; x_wconf 79' lang='grc' dir='ltr'>ταῦτα</span> <span class='ocrx_word' id='word_1_199' title='bbox 3244 1614 3386 1685; x_wconf 81' lang='grc' dir='ltr'>λόγῳ</span> <span class='ocrx_word' id='word_1_200' title='bbox 3420 1614 3717 1686; x_wconf 76' lang='grc' dir='ltr'>νομοθετή-</span> 
     </span>
    </p>
   </div>
   <div class='ocr_carea' id='block_1_32' title="bbox 2129 1708 3712 1781">
    <p class='ocr_par' dir='ltr' id='par_1_32' title="bbox 2129 1708 3712 1781">
     <span class='ocr_line' id='line_1_33' title="bbox 2129 1708 3712 1781; baseline 0.001 -20"><span class='ocrx_word' id='word_1_201' title='bbox 2129 1726 2299 1763; x_wconf 68' lang='grc' dir='ltr'>σαντα</span> <span class='ocrx_word' id='word_1_202' title='bbox 2322 1709 2453 1779; x_wconf 78' lang='grc'><strong>(10)’</strong></span> <span class='ocrx_word' id='word_1_203' title='bbox 2473 1710 2568 1763; x_wconf 70' lang='grc' dir='ltr'>καὶ</span> <span class='ocrx_word' id='word_1_204' title='bbox 2591 1710 2930 1781; x_wconf 83' lang='grc' dir='ltr'>παραχρῆμα</span> <span class='ocrx_word' id='word_1_205' title='bbox 2952 1709 3048 1779; x_wconf 84' lang='grc' dir='ltr'>μὲν</span> <span class='ocrx_word' id='word_1_206' title='bbox 3068 1710 3147 1772; x_wconf 83' lang='grc' dir='ltr'><strong>εἰς</strong></span> <span class='ocrx_word' id='word_1_207' title='bbox 3174 1708 3441 1781; x_wconf 85' lang='grc' dir='ltr'>μακάριόν</span> <span class='ocrx_word' id='word_1_208' title='bbox 3473 1725 3595 1761; x_wconf 87' lang='grc' dir='ltr'>τινα</span> <span class='ocrx_word' id='word_1_209' title='bbox 3617 1709 3712 1763; x_wconf 80' lang='grc' dir='ltr'>καὶ</span> 
     </span>
    </p>
   </div>
   <div class='ocr_carea' id='block_1_33' title="bbox 441 1795 2019 1871">
    <p class='ocr_par' dir='ltr' id='par_1_33' title="bbox 441 1797 2019 1865">
     <span class='ocr_line' id='line_1_34' title="bbox 441 1797 2019 1865; baseline 0.006 -17"><span class='ocrx_word' id='word_1_210' title='bbox 441 1808 545 1861; x_wconf 85' lang='lat' dir='ltr'><strong>tos,</strong></span> <span class='ocrx_word' id='word_1_211' title='bbox 579 1797 763 1850; x_wconf 80' lang='lat' dir='ltr'><strong>statim</strong></span> <span class='ocrx_word' id='word_1_212' title='bbox 796 1797 847 1850; x_wconf 93' lang='lat' dir='ltr'><strong>in</strong></span> <span class='ocrx_word' id='word_1_213' title='bbox 890 1797 1106 1851; x_wconf 86' lang='lat' dir='ltr'><strong>beatum</strong></span> <span class='ocrx_word' id='word_1_214' title='bbox 1143 1797 1429 1865; x_wconf 80' lang='lat' dir='ltr'><strong>quemdam</strong></span> <span class='ocrx_word' id='word_1_215' title='bbox 1479 1798 1657 1853; x_wconf 91' lang='lat' dir='ltr'><strong>locum</strong></span> <span class='ocrx_word' id='word_1_216' title='bbox 1678 1841 1693 1864; x_wconf 91' lang='lat'><strong>,</strong></span> <span class='ocrx_word' id='word_1_217' title='bbox 1719 1809 1775 1855; x_wconf 88' lang='lat' dir='ltr'><strong>et</strong></span> <span class='ocrx_word' id='word_1_218' title='bbox 1800 1800 2019 1857; x_wconf 88' lang='lat' dir='ltr'><strong>ﬂoribus</strong></span> 
     </span>
    </p>
   </div>
   <div class='ocr_carea' id='block_1_34' title="bbox 2122 1795 3712 1871">
    <p class='ocr_par' dir='ltr' id='par_1_34' title="bbox 2125 1795 3712 1871">
     <span class='ocr_line' id='line_1_35' title="bbox 2125 1795 3712 1871; baseline -0.003 -18"><span class='ocrx_word' id='word_1_219' title='bbox 2125 1799 2323 1871; x_wconf 87' lang='grc' dir='ltr'>εὐανθῆ</span> <span class='ocrx_word' id='word_1_220' title='bbox 2338 1799 2385 1869; x_wconf 85' lang='lat' dir='ltr'><strong>(l</strong></span> <span class='ocrx_word' id='word_1_221' title='bbox 2398 1800 2419 1852; x_wconf 87' lang='lat' dir='ltr'><strong>l</strong></span> <span class='ocrx_word' id='word_1_222' title='bbox 2434 1803 2471 1865; x_wconf 93' lang='lat'><strong>),</strong></span> <span class='ocrx_word' id='word_1_223' title='bbox 2499 1802 2732 1871; x_wconf 82' lang='grc' dir='ltr'>καρποῖς</span> <span class='ocrx_word' id='word_1_224' title='bbox 2747 1816 2806 1852; x_wconf 89' lang='grc' dir='ltr'><strong>τε</strong></span> <span class='ocrx_word' id='word_1_225' title='bbox 2827 1798 3105 1870; x_wconf 81' lang='grc' dir='ltr'>διαφόροις</span> <span class='ocrx_word' id='word_1_226' title='bbox 3123 1797 3372 1868; x_wconf 86' lang='grc' dir='ltr'>βρίθοντα</span> <span class='ocrx_word' id='word_1_227' title='bbox 3397 1797 3414 1867; x_wconf 94' lang='grc'>(</span> <span class='ocrx_word' id='word_1_228' title='bbox 3426 1795 3509 1868; x_wconf 74' lang='lat' dir='ltr'><strong>l2)</strong></span> <span class='ocrx_word' id='word_1_229' title='bbox 3533 1795 3712 1867; x_wconf 84' lang='grc' dir='ltr'>χῶρον</span> 
     </span>
    </p>
   </div>
   <div class='ocr_carea' id='block_1_35' title="bbox 437 1888 2025 1959">
    <p class='ocr_par' dir='ltr' id='par_1_35' title="bbox 437 1888 2025 1959">
     <span class='ocr_line' id='line_1_36' title="bbox 437 1888 2025 1959; baseline 0.004 -17"><span class='ocrx_word' id='word_1_230' title='bbox 437 1889 702 1958; x_wconf 89' lang='lat' dir='ltr'><strong>omnique</strong></span> <span class='ocrx_word' id='word_1_231' title='bbox 753 1888 1023 1943; x_wconf 80' lang='lat' dir='ltr'><strong>fructuum</strong></span> <span class='ocrx_word' id='word_1_232' title='bbox 1081 1890 1239 1959; x_wconf 83' lang='lat' dir='ltr'><strong>copia</strong></span> <span class='ocrx_word' id='word_1_233' title='bbox 1290 1889 1553 1946; x_wconf 82' lang='lat' dir='ltr'><strong>refertum</strong></span> <span class='ocrx_word' id='word_1_234' title='bbox 1602 1893 1926 1959; x_wconf 90' lang='lat' dir='ltr'><strong>transtulit;</strong></span> <span class='ocrx_word' id='word_1_235' title='bbox 1970 1906 2025 1948; x_wconf 89' lang='lat' dir='ltr'><strong>et</strong></span> 
     </span>
    </p>
   </div>
   <div class='ocr_carea' id='block_1_36' title="bbox 438 1982 2022 2053">
    <p class='ocr_par' dir='ltr' id='par_1_36' title="bbox 438 1982 2022 2053">
     <span class='ocr_line' id='line_1_37' title="bbox 438 1982 2022 2053; baseline 0.003 -17"><span class='ocrx_word' id='word_1_236' title='bbox 438 1983 566 2036; x_wconf 87' lang='lat' dir='ltr'><strong>houi</strong></span> <span class='ocrx_word' id='word_1_237' title='bbox 618 1982 851 2053; x_wconf 83' lang='lat' dir='ltr'><strong>malique</strong></span> <span class='ocrx_word' id='word_1_238' title='bbox 886 1983 1167 2051; x_wconf 89' lang='lat' dir='ltr'><strong>imperitos</strong></span> <span class='ocrx_word' id='word_1_239' title='bbox 1212 1982 1371 2036; x_wconf 90' lang='lat' dir='ltr'><strong>initio</strong></span> <span class='ocrx_word' id='word_1_240' title='bbox 1398 1999 1519 2039; x_wconf 88' lang='lat' dir='ltr'><strong>esse</strong></span> <span class='ocrx_word' id='word_1_241' title='bbox 1549 1985 1741 2041; x_wconf 90' lang='lat' dir='ltr'><strong>voluit.</strong></span> <span class='ocrx_word' id='word_1_242' title='bbox 1778 1986 2022 2042; x_wconf 81' lang='lat' dir='ltr'><strong>Tandem</strong></span> 
     </span>
    </p>
   </div>
   <div class='ocr_carea' id='block_1_37' title="bbox 434 2073 2051 2145">
    <p class='ocr_par' dir='ltr' id='par_1_37' title="bbox 434 2073 2051 2145">
     <span class='ocr_line' id='line_1_38' title="bbox 434 2073 2051 2145; baseline 0.007 -22"><span class='ocrx_word' id='word_1_243' title='bbox 434 2087 567 2127; x_wconf 81' lang='lat' dir='ltr'><strong>vero</strong></span> <span class='ocrx_word' id='word_1_244' title='bbox 606 2073 1024 2127; x_wconf 81' lang='lat' dir='ltr'><strong>convenientem</strong></span> <span class='ocrx_word' id='word_1_245' title='bbox 1061 2073 1394 2128; x_wconf 81' lang='lat' dir='ltr'><strong>animalibus</strong></span> <span class='ocrx_word' id='word_1_246' title='bbox 1420 2074 1632 2130; x_wconf 85' lang='lat' dir='ltr'><strong>ratione</strong></span> <span class='ocrx_word' id='word_1_247' title='bbox 1669 2076 1912 2145; x_wconf 68' lang='lat' dir='ltr'><strong>prmditis</strong></span> <span class='ocrx_word' id='word_1_248' title='bbox 1936 2092 2051 2134; x_wconf 90' lang='lat' dir='ltr'><strong>se-.</strong></span> 
     </span>
    </p>
   </div>
   <div class='ocr_carea' id='block_1_38' title="bbox 431 2163 2021 2229">
    <p class='ocr_par' dir='ltr' id='par_1_38' title="bbox 431 2163 2021 2229">
     <span class='ocr_line' id='line_1_39' title="bbox 431 2163 2021 2229; baseline 0.003 -12"><span class='ocrx_word' id='word_1_249' title='bbox 431 2164 556 2217; x_wconf 89' lang='lat' dir='ltr'><strong>dem</strong></span> <span class='ocrx_word' id='word_1_250' title='bbox 595 2165 648 2217; x_wconf 89' lang='lat' dir='ltr'><strong>in</strong></span> <span class='ocrx_word' id='word_1_251' title='bbox 686 2173 837 2217; x_wconf 88' lang='lat' dir='ltr'><strong>terra</strong></span> <span class='ocrx_word' id='word_1_252' title='bbox 871 2163 1196 2229; x_wconf 88' lang='lat' dir='ltr'><strong>constituit;</strong></span> <span class='ocrx_word' id='word_1_253' title='bbox 1243 2177 1310 2217; x_wconf 91' lang='lat' dir='ltr'><strong>ac</strong></span> <span class='ocrx_word' id='word_1_254' title='bbox 1341 2172 1473 2219; x_wconf 89' lang='lat' dir='ltr'><strong>tunc</strong></span> <span class='ocrx_word' id='word_1_255' title='bbox 1507 2166 1725 2220; x_wconf 89' lang='lat' dir='ltr'><strong>demum</strong></span> <span class='ocrx_word' id='word_1_256' title='bbox 1754 2165 2021 2221; x_wconf 89' lang='lat' dir='ltr'><strong>bonorum</strong></span> 
     </span>
    </p>
   </div>
   <div class='ocr_carea' id='block_1_39' title="bbox 430 2256 2022 2327">
    <p class='ocr_par' dir='ltr' id='par_1_39' title="bbox 430 2256 2022 2327">
     <span class='ocr_line' id='line_1_40' title="bbox 430 2256 2022 2327; baseline 0.003 -19"><span class='ocrx_word' id='word_1_257' title='bbox 430 2256 810 2323; x_wconf 84' lang='lat' dir='ltr'><strong>malorumque</strong></span> <span class='ocrx_word' id='word_1_258' title='bbox 842 2256 1091 2310; x_wconf 78' lang='lat' dir='ltr'><strong>notitiam</strong></span> <span class='ocrx_word' id='word_1_259' title='bbox 1116 2257 1308 2311; x_wconf 83' lang='lat' dir='ltr'><strong>iisdem</strong></span> <span class='ocrx_word' id='word_1_260' title='bbox 1331 2266 1521 2327; x_wconf 87' lang='lat' dir='ltr'><strong>utpote</strong></span> <span class='ocrx_word' id='word_1_261' title='bbox 1548 2257 1756 2311; x_wconf 88' lang='lat' dir='ltr'><strong>ratione</strong></span> <span class='ocrx_word' id='word_1_262' title='bbox 1780 2258 2022 2326; x_wconf 70' lang='lat' dir='ltr'><strong>prmditis</strong></span> 
     </span>
    </p>
   </div>
   <div class='ocr_carea' id='block_1_40' title="bbox 434 2350 2017 2420">
    <p class='ocr_par' dir='ltr' id='par_1_40' title="bbox 434 2350 2017 2420">
     <span class='ocr_line' id='line_1_41' title="bbox 434 2350 2017 2420; baseline 0.003 -19"><span class='ocrx_word' id='word_1_263' title='bbox 434 2351 670 2417; x_wconf 88' lang='lat' dir='ltr'><strong>aperuit.</strong></span> <span class='ocrx_word' id='word_1_264' title='bbox 698 2350 854 2403; x_wconf 86' lang='lat' dir='ltr'><strong>Tunc</strong></span> <span class='ocrx_word' id='word_1_265' title='bbox 884 2351 1052 2404; x_wconf 89' lang='lat' dir='ltr'><strong>etiam</strong></span> <span class='ocrx_word' id='word_1_266' title='bbox 1080 2351 1378 2406; x_wconf 82' lang='lat' dir='ltr'><strong>humanum</strong></span> <span class='ocrx_word' id='word_1_267' title='bbox 1404 2366 1575 2416; x_wconf 72' lang='lat' dir='ltr'><strong>genus</strong></span> <span class='ocrx_word' id='word_1_268' title='bbox 1591 2351 1759 2420; x_wconf 82' lang='lat' dir='ltr'><strong>jussit</strong></span> <span class='ocrx_word' id='word_1_269' title='bbox 1788 2352 1973 2420; x_wconf 76' lang='lat' dir='ltr'><strong>augeri</strong></span> <span class='ocrx_word' id='word_1_270' title='bbox 2002 2370 2017 2405; x_wconf 89' lang='lat'><strong>:</strong></span> 
     </span>
    </p>
   </div>
   <div class='ocr_carea' id='block_1_41' title="bbox 433 2441 2019 2511">
    <p class='ocr_par' dir='ltr' id='par_1_41' title="bbox 433 2441 2019 2511">
     <span class='ocr_line' id='line_1_42' title="bbox 433 2441 2019 2511; baseline 0.002 -16"><span class='ocrx_word' id='word_1_271' title='bbox 433 2451 716 2510; x_wconf 74' lang='lat' dir='ltr'><strong>totumque</strong></span> <span class='ocrx_word' id='word_1_272' title='bbox 749 2441 879 2496; x_wconf 89' lang='lat' dir='ltr'><strong>illud</strong></span> <span class='ocrx_word' id='word_1_273' title='bbox 910 2442 1167 2510; x_wconf 86' lang='lat' dir='ltr'><strong>spatium,</strong></span> <span class='ocrx_word' id='word_1_274' title='bbox 1196 2444 1340 2511; x_wconf 89' lang='lat' dir='ltr'><strong>quod</strong></span> <span class='ocrx_word' id='word_1_275' title='bbox 1372 2443 1592 2497; x_wconf 85' lang='lat' dir='ltr'><strong>salubre</strong></span> <span class='ocrx_word' id='word_1_276' title='bbox 1616 2453 1673 2497; x_wconf 88' lang='lat' dir='ltr'><strong>et</strong></span> <span class='ocrx_word' id='word_1_277' title='bbox 1705 2445 2019 2499; x_wconf 90' lang='lat' dir='ltr'><strong>morborum</strong></span> 
     </span>
    </p>
   </div>
   <div class='ocr_carea' id='block_1_42' title="bbox 430 2532 2017 2603">
    <p class='ocr_par' dir='ltr' id='par_1_42' title="bbox 430 2532 2017 2603">
     <span class='ocr_line' id='line_1_43' title="bbox 430 2532 2017 2603; baseline 0 -14"><span class='ocrx_word' id='word_1_278' title='bbox 430 2549 627 2603; x_wconf 81' lang='lat' dir='ltr'><strong>expers</strong></span> <span class='ocrx_word' id='word_1_279' title='bbox 656 2532 862 2590; x_wconf 87' lang='lat' dir='ltr'><strong>Oceani</strong></span> <span class='ocrx_word' id='word_1_280' title='bbox 892 2535 1098 2587; x_wconf 79' lang='lat' dir='ltr'><strong>ambitu</strong></span> <span class='ocrx_word' id='word_1_281' title='bbox 1128 2535 1480 2598; x_wconf 86' lang='lat' dir='ltr'><strong>terminatur,</strong></span> <span class='ocrx_word' id='word_1_282' title='bbox 1499 2533 1733 2589; x_wconf 89' lang='lat' dir='ltr'><strong>habitari</strong></span> <span class='ocrx_word' id='word_1_283' title='bbox 1757 2543 2017 2603; x_wconf 68' lang='lat' dir='ltr'><strong>emptum.</strong></span> 
     </span>
    </p>
   </div>
   <div class='ocr_carea' id='block_1_43' title="bbox 429 2624 2021 2694">
    <p class='ocr_par' dir='ltr' id='par_1_43' title="bbox 429 2624 2021 2694">
     <span class='ocr_line' id='line_1_44' title="bbox 429 2624 2021 2694; baseline 0.001 -15"><span class='ocrx_word' id='word_1_284' title='bbox 429 2625 565 2679; x_wconf 89' lang='lat' dir='ltr'><strong>Cum</strong></span> <span class='ocrx_word' id='word_1_285' title='bbox 612 2634 793 2677; x_wconf 77' lang='lat' dir='ltr'><strong>autem</strong></span> <span class='ocrx_word' id='word_1_286' title='bbox 830 2624 1132 2678; x_wconf 90' lang='lat' dir='ltr'><strong>humanmn</strong></span> <span class='ocrx_word' id='word_1_287' title='bbox 1191 2640 1363 2694; x_wconf 90' lang='lat' dir='ltr'><strong>genus</strong></span> <span class='ocrx_word' id='word_1_288' title='bbox 1414 2626 1486 2677; x_wconf 90' lang='lat' dir='ltr'><strong>ita</strong></span> <span class='ocrx_word' id='word_1_289' title='bbox 1538 2633 1840 2685; x_wconf 85' lang='lat' dir='ltr'><strong>cresceret.</strong></span> <span class='ocrx_word' id='word_1_290' title='bbox 1873 2634 2021 2680; x_wconf 84' lang='lat' dir='ltr'><strong>artes</strong></span> 
     </span>
    </p>
   </div>
   <div class='ocr_carea' id='block_1_44' title="bbox 433 2715 2021 2787">
    <p class='ocr_par' dir='ltr' id='par_1_44' title="bbox 433 2715 2021 2787">
     <span class='ocr_line' id='line_1_45' title="bbox 433 2715 2021 2787; baseline 0.001 -17"><span class='ocrx_word' id='word_1_291' title='bbox 433 2717 499 2771; x_wconf 79' lang='lat' dir='ltr'><strong>ad</strong></span> <span class='ocrx_word' id='word_1_292' title='bbox 519 2715 678 2787; x_wconf 84' lang='lat' dir='ltr'><strong>hujus</strong></span> <span class='ocrx_word' id='word_1_293' title='bbox 715 2718 840 2771; x_wconf 72' lang='lat' dir='ltr'><strong>vitae</strong></span> <span class='ocrx_word' id='word_1_294' title='bbox 870 2732 1027 2772; x_wconf 89' lang='lat' dir='ltr'><strong>usum</strong></span> <span class='ocrx_word' id='word_1_295' title='bbox 1052 2717 1375 2773; x_wconf 69' lang='lat' dir='ltr'><strong>necessaria:</strong></span> <span class='ocrx_word' id='word_1_296' title='bbox 1402 2726 1631 2786; x_wconf 72' lang='lat' dir='ltr'><strong>reperta:</strong></span> <span class='ocrx_word' id='word_1_297' title='bbox 1662 2725 1808 2773; x_wconf 85' lang='lat' dir='ltr'><strong>sunt.</strong></span> <span class='ocrx_word' id='word_1_298' title='bbox 1835 2717 1940 2774; x_wconf 88' lang='lat' dir='ltr'><strong>Sed</strong></span> <span class='ocrx_word' id='word_1_299' title='bbox 1966 2728 2021 2773; x_wconf 90' lang='lat' dir='ltr'><strong>et</strong></span> 
     </span>
    </p>
   </div>
   <div class='ocr_carea' id='block_1_45' title="bbox 434 2808 2017 2880">
    <p class='ocr_par' dir='ltr' id='par_1_45' title="bbox 434 2808 2017 2880">
     <span class='ocr_line' id='line_1_46' title="bbox 434 2808 2017 2880; baseline 0.001 -18"><span class='ocrx_word' id='word_1_300' title='bbox 434 2809 593 2863; x_wconf 90' lang='lat' dir='ltr'><strong>hruta</strong></span> <span class='ocrx_word' id='word_1_301' title='bbox 630 2809 792 2880; x_wconf 74' lang='lat'><strong>572</strong></span> <span class='ocrx_word' id='word_1_302' title='bbox 821 2809 1078 2863; x_wconf 83' lang='lat' dir='ltr'><strong>animalia</strong></span> <span class='ocrx_word' id='word_1_303' title='bbox 1107 2809 1334 2880; x_wconf 83' lang='lat' dir='ltr'><strong>perinde</strong></span> <span class='ocrx_word' id='word_1_304' title='bbox 1362 2821 1616 2869; x_wconf 85' lang='lat' dir='ltr'><strong>crevere,</strong></span> <span class='ocrx_word' id='word_1_305' title='bbox 1643 2823 1766 2862; x_wconf 89' lang='lat' dir='ltr'><strong>cum</strong></span> <span class='ocrx_word' id='word_1_306' title='bbox 1799 2808 1853 2862; x_wconf 92' lang='lat' dir='ltr'><strong>in</strong></span> <span class='ocrx_word' id='word_1_307' title='bbox 1879 2824 2017 2863; x_wconf 87' lang='lat' dir='ltr'><strong>uno-</strong></span> 
     </span>
    </p>
   </div>
   <div class='ocr_carea' id='block_1_46' title="bbox 430 2897 2019 2968">
    <p class='ocr_par' dir='ltr' id='par_1_46' title="bbox 430 2897 2019 2968">
     <span class='ocr_line' id='line_1_47' title="bbox 430 2897 2019 2968; baseline 0.003 -19"><span class='ocrx_word' id='word_1_308' title='bbox 430 2912 649 2967; x_wconf 83' lang='lat' dir='ltr'><strong>quoque</strong></span> <span class='ocrx_word' id='word_1_309' title='bbox 674 2913 875 2968; x_wconf 87' lang='lat' dir='ltr'><strong>genere</strong></span> <span class='ocrx_word' id='word_1_310' title='bbox 904 2899 1120 2967; x_wconf 74' lang='lat' dir='ltr'><strong>psopria</strong></span> <span class='ocrx_word' id='word_1_311' title='bbox 1161 2901 1409 2968; x_wconf 69' lang='lat' dir='ltr'><strong>quasdam</strong></span> <span class='ocrx_word' id='word_1_312' title='bbox 1451 2897 1534 2952; x_wconf 84' lang='lat' dir='ltr'><strong>vis</strong></span> <span class='ocrx_word' id='word_1_313' title='bbox 1561 2912 1623 2952; x_wconf 88' lang='lat' dir='ltr'><strong>ac</strong></span> <span class='ocrx_word' id='word_1_314' title='bbox 1651 2898 1828 2954; x_wconf 88' lang='lat' dir='ltr'><strong>virtus</strong></span> <span class='ocrx_word' id='word_1_315' title='bbox 1860 2914 1889 2952; x_wconf 91' lang='lat' dir='ltr'><strong>a</strong></span> <span class='ocrx_word' id='word_1_316' title='bbox 1919 2914 2019 2953; x_wconf 85' lang='lat' dir='ltr'><strong>na-</strong></span> 
     </span>
    </p>
   </div>
   <div class='ocr_carea' id='block_1_47' title="bbox 433 2990 2016 3062">
    <p class='ocr_par' dir='ltr' id='par_1_47' title="bbox 433 2990 2016 3062">
     <span class='ocr_line' id='line_1_48' title="bbox 433 2990 2016 3062; baseline 0.001 -17"><span class='ocrx_word' id='word_1_317' title='bbox 433 3001 553 3045; x_wconf 87' lang='lat' dir='ltr'><strong>tura</strong></span> <span class='ocrx_word' id='word_1_318' title='bbox 588 2991 747 3046; x_wconf 88' lang='lat' dir='ltr'><strong>insita</strong></span> <span class='ocrx_word' id='word_1_319' title='bbox 798 2991 1310 3061; x_wconf 86' lang='lat' dir='ltr'><strong>deprehenderetur</strong></span> <span class='ocrx_word' id='word_1_320' title='bbox 1336 2990 1421 3045; x_wconf 92' lang='lat' dir='ltr'><strong>:in</strong></span> <span class='ocrx_word' id='word_1_321' title='bbox 1467 2992 1768 3047; x_wconf 85' lang='lat' dir='ltr'><strong>mansuetis</strong></span> <span class='ocrx_word' id='word_1_322' title='bbox 1797 2993 2016 3062; x_wconf 81' lang='lat' dir='ltr'><strong>quidem</strong></span> 
     </span>
    </p>
   </div>
   <div class='ocr_carea' id='block_1_48' title="bbox 502 3189 2014 3262">
    <p class='ocr_par' dir='ltr' id='par_1_48' title="bbox 502 3189 2014 3262">
     <span class='ocr_line' id='line_1_49' title="bbox 502 3189 2014 3262; baseline 0.002 -17"><span class='ocrx_word' id='word_1_323' title='bbox 502 3190 613 3262; x_wconf 81' lang='lat' dir='ltr'><strong>(l0)</strong></span> <span class='ocrx_word' id='word_1_324' title='bbox 650 3190 762 3246; x_wconf 77' lang='grc' dir='ltr'><strong>Τὸν</strong></span> <span class='ocrx_word' id='word_1_325' title='bbox 801 3190 898 3246; x_wconf 78' lang='grc' dir='ltr'>καὶ</span> <span class='ocrx_word' id='word_1_326' title='bbox 926 3190 1114 3245; x_wconf 83' lang='grc' dir='ltr'>ταῦτα</span> <span class='ocrx_word' id='word_1_327' title='bbox 1141 3190 1304 3259; x_wconf 68' lang='grc' dir='ltr'>λόγῳ</span> <span class='ocrx_word' id='word_1_328' title='bbox 1339 3189 1851 3259; x_wconf 79' lang='grc' dir='ltr'>νομοθετήσαντα.</span> <span class='ocrx_word' id='word_1_329' title='bbox 1877 3192 2014 3248; x_wconf 83' lang='lat' dir='ltr'><strong>Tres</strong></span> 
     </span>
    </p>
   </div>
   <div class='ocr_carea' id='block_1_49' title="bbox 430 3262 2085 3347">
    <p class='ocr_par' dir='ltr' id='par_1_49' title="bbox 430 3262 2085 3347">
     <span class='ocr_line' id='line_1_50' title="bbox 430 3262 2085 3347; baseline 0.002 -33"><span class='ocrx_word' id='word_1_330' title='bbox 430 3263 644 3329; x_wconf 85' lang='lat' dir='ltr'><strong>priores</strong></span> <span class='ocrx_word' id='word_1_331' title='bbox 678 3278 841 3347; x_wconf 53' lang='lat' dir='ltr'><strong>voces</strong></span> <span class='ocrx_word' id='word_1_332' title='bbox 869 3279 898 3315; x_wconf 89' lang='lat' dir='ltr'><strong>a</strong></span> <span class='ocrx_word' id='word_1_333' title='bbox 933 3263 1351 3347; x_wconf 49' lang='lat' dir='ltr'><strong>vii-istloctis&#39;ex</strong></span> <span class='ocrx_word' id='word_1_334' title='bbox 1389 3275 1520 3347; x_wconf 57' lang='lat' dir='ltr'><strong>ipss.</strong></span> <span class='ocrx_word' id='word_1_335' title='bbox 1558 3262 1839 3345; x_wconf 78' lang='lat' dir='ltr'><strong>codicibus</strong></span> <span class='ocrx_word' id='word_1_336' title='bbox 1861 3265 2010 3318; x_wconf 86' lang='lat' dir='ltr'><strong>addi-</strong></span> <span class='ocrx_word' id='word_1_337' title='bbox 2042 3288 2085 3347; x_wconf 65' lang='grc' dir='ltr'><em>ς</em></span> 
     </span>
    </p>
   </div>
   <div class='ocr_carea' id='block_1_50' title="bbox 434 3329 2018 3401">
    <p class='ocr_par' dir='ltr' id='par_1_50' title="bbox 434 3329 2018 3401">
     <span class='ocr_line' id='line_1_51' title="bbox 434 3329 2018 3401; baseline 0.004 -19"><span class='ocrx_word' id='word_1_338' title='bbox 434 3343 500 3383; x_wconf 70' lang='lat' dir='ltr'><strong>ta:</strong></span> <span class='ocrx_word' id='word_1_339' title='bbox 530 3342 679 3386; x_wconf 83' lang='lat' dir='ltr'><strong>sunt.</strong></span> <span class='ocrx_word' id='word_1_340' title='bbox 713 3331 918 3387; x_wconf 86' lang='lat' dir='ltr'><strong>Tamen</strong></span> <span class='ocrx_word' id='word_1_341' title='bbox 955 3346 1051 3385; x_wconf 85' lang='lat' dir='ltr'><strong>nec</strong></span> <span class='ocrx_word' id='word_1_342' title='bbox 1078 3333 1132 3384; x_wconf 90' lang='lat' dir='ltr'><strong>in</strong></span> <span class='ocrx_word' id='word_1_343' title='bbox 1168 3331 1355 3401; x_wconf 77' lang='lat' dir='ltr'><strong>codice</strong></span> <span class='ocrx_word' id='word_1_344' title='bbox 1389 3329 1580 3401; x_wconf 79' lang='lat' dir='ltr'><strong>Regio,</strong></span> <span class='ocrx_word' id='word_1_345' title='bbox 1609 3345 1707 3385; x_wconf 92' lang='lat' dir='ltr'><strong>nec</strong></span> <span class='ocrx_word' id='word_1_346' title='bbox 1762 3335 1813 3387; x_wconf 93' lang='lat' dir='ltr'><strong>in</strong></span> <span class='ocrx_word' id='word_1_347' title='bbox 1868 3344 2018 3388; x_wconf 82' lang='lat' dir='ltr'><strong>vete-</strong></span> 
     </span>
    </p>
   </div>
   <div class='ocr_carea' id='block_1_51' title="bbox 434 3399 2020 3472">
    <p class='ocr_par' dir='ltr' id='par_1_51' title="bbox 434 3399 2020 3472">
     <span class='ocr_line' id='line_1_52' title="bbox 434 3399 2020 3472; baseline 0.004 -21"><span class='ocrx_word' id='word_1_348' title='bbox 434 3401 585 3472; x_wconf 72' lang='lat' dir='ltr'><strong>ribus</strong></span> <span class='ocrx_word' id='word_1_349' title='bbox 620 3404 836 3456; x_wconf 84' lang='lat' dir='ltr'><strong>schedis</strong></span> <span class='ocrx_word' id='word_1_350' title='bbox 881 3403 1156 3470; x_wconf 77' lang='lat' dir='ltr'><strong>leguntur.</strong></span> <span class='ocrx_word' id='word_1_351' title='bbox 1205 3399 1335 3472; x_wconf 85' lang='lat' dir='ltr'><strong>Post</strong></span> <span class='ocrx_word' id='word_1_352' title='bbox 1367 3399 1595 3472; x_wconf 73' lang='lat' dir='ltr'><strong>verbum</strong></span> <span class='ocrx_word' id='word_1_353' title='bbox 1636 3410 1815 3472; x_wconf 74' lang='lat' dir='ltr'><strong>autem</strong></span> <span class='ocrx_word' id='word_1_354' title='bbox 1858 3420 2020 3472; x_wconf 81' lang='grc' dir='ltr'>νομο-</span> 
     </span>
    </p>
   </div>
   <div class='ocr_carea' id='block_1_52' title="bbox 431 3469 2024 3542">
    <p class='ocr_par' dir='ltr' id='par_1_52' title="bbox 431 3469 2024 3542">
     <span class='ocr_line' id='line_1_53' title="bbox 431 3469 2024 3542; baseline 0.004 -20"><span class='ocrx_word' id='word_1_355' title='bbox 431 3470 737 3542; x_wconf 64' lang='grc' dir='ltr'>θετήσαντα</span> <span class='ocrx_word' id='word_1_356' title='bbox 772 3469 1029 3541; x_wconf 89' lang='lat' dir='ltr'><strong>punctum</strong></span> <span class='ocrx_word' id='word_1_357' title='bbox 1059 3470 1287 3542; x_wconf 78' lang='lat' dir='ltr'><strong>apposui</strong></span> <span class='ocrx_word' id='word_1_358' title='bbox 1331 3469 1542 3542; x_wconf 39' lang='lat' dir='ltr'><strong>ex‘ﬁtle</strong></span> <span class='ocrx_word' id='word_1_359' title='bbox 1567 3471 1725 3525; x_wconf 82' lang='lat' dir='ltr'><strong>codd.</strong></span> <span class='ocrx_word' id='word_1_360' title='bbox 1785 3469 1942 3542; x_wconf 78' lang='lat' dir='ltr'><strong>Regii</strong></span> <span class='ocrx_word' id='word_1_361' title='bbox 1970 3483 2024 3528; x_wconf 86' lang='lat' dir='ltr'><strong>et</strong></span> 
     </span>
    </p>
   </div>
   <div class='ocr_carea' id='block_1_53' title="bbox 432 3538 2021 3605">
    <p class='ocr_par' dir='ltr' id='par_1_53' title="bbox 432 3538 2021 3605">
     <span class='ocr_line' id='line_1_54' title="bbox 432 3538 2021 3605; baseline 0.003 -12"><span class='ocrx_word' id='word_1_362' title='bbox 432 3538 568 3594; x_wconf 57' lang='lat' dir='ltr'><strong>Fnki.</strong></span> <span class='ocrx_word' id='word_1_363' title='bbox 607 3552 662 3593; x_wconf 90' lang='lat' dir='ltr'><strong>et</strong></span> <span class='ocrx_word' id='word_1_364' title='bbox 701 3538 1073 3595; x_wconf 28' lang='lat' dir='ltr'><strong>ex‘veterilms</strong></span> <span class='ocrx_word' id='word_1_365' title='bbox 1106 3540 1341 3593; x_wconf 81' lang='lat' dir='ltr'><strong>schedis.</strong></span> <span class='ocrx_word' id='word_1_366' title='bbox 1389 3538 1545 3605; x_wconf 87' lang='lat' dir='ltr'><strong>Quod</strong></span> <span class='ocrx_word' id='word_1_367' title='bbox 1587 3556 1709 3594; x_wconf 89' lang='lat' dir='ltr'><strong>cum</strong></span> <span class='ocrx_word' id='word_1_368' title='bbox 1761 3538 2021 3597; x_wconf 55' lang='lat' dir='ltr'><strong>non&#39;ani-</strong></span> 
     </span>
    </p>
   </div>
   <div class='ocr_carea' id='block_1_54' title="bbox 432 3609 2020 3678">
    <p class='ocr_par' dir='ltr' id='par_1_54' title="bbox 432 3609 2020 3678">
     <span class='ocr_line' id='line_1_55' title="bbox 432 3609 2020 3678; baseline 0.001 -14"><span class='ocrx_word' id='word_1_369' title='bbox 432 3612 812 3666; x_wconf 80' lang='lat' dir='ltr'><strong>madvertisset</strong></span> <span class='ocrx_word' id='word_1_370' title='bbox 862 3611 1414 3673; x_wconf 86' lang='lat' dir='ltr'><strong>Christophorsonus,</strong></span> <span class='ocrx_word' id='word_1_371' title='bbox 1430 3609 1571 3663; x_wconf 90' lang='lat' dir='ltr'><strong>hanc</strong></span> <span class='ocrx_word' id='word_1_372' title='bbox 1592 3610 1873 3678; x_wconf 84' lang='lat' dir='ltr'><strong>periodum</strong></span> <span class='ocrx_word' id='word_1_373' title='bbox 1897 3629 2020 3667; x_wconf 90' lang='lat' dir='ltr'><strong>cum</strong></span> 
     </span>
    </p>
   </div>
   <div class='ocr_carea' id='block_1_55' title="bbox 432 3679 2029 3747">
    <p class='ocr_par' dir='ltr' id='par_1_55' title="bbox 432 3679 2029 3747">
     <span class='ocr_line' id='line_1_56' title="bbox 432 3679 2029 3747; baseline 0 -15"><span class='ocrx_word' id='word_1_374' title='bbox 432 3686 678 3747; x_wconf 79' lang='lat' dir='ltr'><strong>sequenti</strong></span> <span class='ocrx_word' id='word_1_375' title='bbox 700 3683 1017 3735; x_wconf 70' lang='lat' dir='ltr'><strong>cunnexuit.</strong></span> <span class='ocrx_word' id='word_1_376' title='bbox 1052 3679 1150 3733; x_wconf 85' lang='lat' dir='ltr'><strong>Hic</strong></span> <span class='ocrx_word' id='word_1_377' title='bbox 1170 3691 1350 3733; x_wconf 89' lang='lat' dir='ltr'><strong>autem</strong></span> <span class='ocrx_word' id='word_1_378' title='bbox 1381 3689 1466 3732; x_wconf 82' lang='lat' dir='ltr'><strong>est</strong></span> <span class='ocrx_word' id='word_1_379' title='bbox 1489 3695 1683 3733; x_wconf 83' lang='lat' dir='ltr'><strong>sensus</strong></span> <span class='ocrx_word' id='word_1_380' title='bbox 1706 3680 1867 3747; x_wconf 86' lang='lat' dir='ltr'><strong>hujus</strong></span> <span class='ocrx_word' id='word_1_381' title='bbox 1892 3682 2029 3737; x_wconf 91' lang='lat' dir='ltr'><strong>loci:</strong></span> 
     </span>
    </p>
   </div>
   <div class='ocr_carea' id='block_1_56' title="bbox 431 3748 2014 3817">
    <p class='ocr_par' dir='ltr' id='par_1_56' title="bbox 431 3748 2014 3817">
     <span class='ocr_line' id='line_1_57' title="bbox 431 3748 2014 3817; baseline 0.002 -15"><span class='ocrx_word' id='word_1_382' title='bbox 431 3750 559 3811; x_wconf 83' lang='lat' dir='ltr'><strong>Aio,</strong></span> <span class='ocrx_word' id='word_1_383' title='bbox 593 3752 786 3817; x_wconf 71' lang='lat' dir='ltr'><strong>inquit.</strong></span> <span class='ocrx_word' id='word_1_384' title='bbox 817 3761 872 3804; x_wconf 88' lang='lat' dir='ltr'><strong>et</strong></span> <span class='ocrx_word' id='word_1_385' title='bbox 914 3752 1193 3805; x_wconf 77' lang='lat' dir='ltr'><strong>hominem</strong></span> <span class='ocrx_word' id='word_1_386' title='bbox 1228 3758 1284 3803; x_wconf 90' lang='lat' dir='ltr'><strong>et</strong></span> <span class='ocrx_word' id='word_1_387' title='bbox 1317 3748 1528 3815; x_wconf 88' lang='lat' dir='ltr'><strong>reliqua</strong></span> <span class='ocrx_word' id='word_1_388' title='bbox 1556 3763 1680 3817; x_wconf 68' lang='lat' dir='ltr'><strong>qua!</strong></span> <span class='ocrx_word' id='word_1_389' title='bbox 1723 3753 1776 3814; x_wconf 79' lang='lat' dir='ltr'><strong>in</strong></span> <span class='ocrx_word' id='word_1_390' title='bbox 1815 3754 2014 3805; x_wconf 86' lang='lat' dir='ltr'><strong>mundo</strong></span> 
     </span>
    </p>
   </div>
   <div class='ocr_carea' id='block_1_57' title="bbox 432 3819 2021 3889">
    <p class='ocr_par' dir='ltr' id='par_1_57' title="bbox 432 3819 2021 3889">
     <span class='ocr_line' id='line_1_58' title="bbox 432 3819 2021 3889; baseline 0.002 -16"><span class='ocrx_word' id='word_1_391' title='bbox 432 3829 578 3874; x_wconf 86' lang='lat' dir='ltr'><strong>sunt.</strong></span> <span class='ocrx_word' id='word_1_392' title='bbox 606 3820 883 3889; x_wconf 80' lang='lat' dir='ltr'><strong>opiﬁcium</strong></span> <span class='ocrx_word' id='word_1_393' title='bbox 928 3837 1054 3875; x_wconf 83' lang='lat' dir='ltr'><strong>esse</strong></span> <span class='ocrx_word' id='word_1_394' title='bbox 1082 3820 1228 3873; x_wconf 89' lang='lat' dir='ltr'><strong>illius</strong></span> <span class='ocrx_word' id='word_1_395' title='bbox 1278 3820 1519 3889; x_wconf 70' lang='lat' dir='ltr'><strong>quilucc</strong></span> <span class='ocrx_word' id='word_1_396' title='bbox 1568 3819 1753 3873; x_wconf 84' lang='lat' dir='ltr'><strong>omnia</strong></span> <span class='ocrx_word' id='word_1_397' title='bbox 1808 3825 2021 3877; x_wconf 84' lang='lat' dir='ltr'><strong>ratione</strong></span> 
     </span>
    </p>
   </div>
   <div class='ocr_carea' id='block_1_58' title="bbox 431 3887 2022 3960">
    <p class='ocr_par' dir='ltr' id='par_1_58' title="bbox 431 3887 2022 3960">
     <span class='ocr_line' id='line_1_59' title="bbox 431 3887 2022 3960; baseline 0.002 -19"><span class='ocrx_word' id='word_1_398' title='bbox 431 3887 730 3960; x_wconf 81' lang='lat' dir='ltr'><strong>constituit.</strong></span> <span class='ocrx_word' id='word_1_399' title='bbox 758 3893 807 3943; x_wconf 93' lang='lat' dir='ltr'><strong>id</strong></span> <span class='ocrx_word' id='word_1_400' title='bbox 839 3901 917 3945; x_wconf 93' lang='lat' dir='ltr'><strong>est</strong></span> <span class='ocrx_word' id='word_1_401' title='bbox 958 3892 1157 3944; x_wconf 83' lang='lat' dir='ltr'><strong>summi</strong></span> <span class='ocrx_word' id='word_1_402' title='bbox 1179 3889 1308 3960; x_wconf 80' lang='lat' dir='ltr'><strong>Dei.</strong></span> <span class='ocrx_word' id='word_1_403' title='bbox 1354 3887 1718 3947; x_wconf 87' lang='lat' dir='ltr'><strong>Scribendum</strong></span> <span class='ocrx_word' id='word_1_404' title='bbox 1744 3901 1828 3960; x_wconf 84' lang='lat' dir='ltr'><strong>est</strong></span> <span class='ocrx_word' id='word_1_405' title='bbox 1862 3893 2022 3960; x_wconf 82' lang='lat' dir='ltr'><strong>igitur</strong></span> 
     </span>
    </p>
   </div>
   <div class='ocr_carea' id='block_1_59' title="bbox 430 3958 2018 4030">
    <p class='ocr_par' dir='ltr' id='par_1_59' title="bbox 430 3958 2018 4030">
     <span class='ocr_line' id='line_1_60' title="bbox 430 3958 2018 4030; baseline 0.002 -20"><span class='ocrx_word' id='word_1_406' title='bbox 430 3959 575 4030; x_wconf 72' lang='grc' dir='ltr'>φημὶ</span> <span class='ocrx_word' id='word_1_407' title='bbox 608 3958 671 4030; x_wconf 83' lang='grc' dir='ltr'>δὴ</span> <span class='ocrx_word' id='word_1_408' title='bbox 697 3961 884 4014; x_wconf 81' lang='grc' dir='ltr'>τοῦτον</span> <span class='ocrx_word' id='word_1_409' title='bbox 916 3960 1016 4024; x_wconf 86' lang='grc' dir='ltr'>τὰς</span> <span class='ocrx_word' id='word_1_410' title='bbox 1049 3958 1412 4030; x_wconf 39' lang='grc' dir='ltr'>ἀρχάςηοιςη</span> <span class='ocrx_word' id='word_1_411' title='bbox 1452 3967 1513 4030; x_wconf 83' lang='lat' dir='ltr'><strong>ut</strong></span> <span class='ocrx_word' id='word_1_412' title='bbox 1545 3967 1627 4011; x_wconf 90' lang='lat' dir='ltr'><strong>est</strong></span> <span class='ocrx_word' id='word_1_413' title='bbox 1664 3960 1715 4011; x_wconf 91' lang='lat' dir='ltr'><strong>in</strong></span> <span class='ocrx_word' id='word_1_414' title='bbox 1752 3958 2018 4030; x_wconf 61' lang='lat' dir='ltr'><strong>lilirtib‘a-</strong></span> 
     </span>
    </p>
   </div>
   <div class='ocr_carea' id='block_1_60' title="bbox 433 4006 2019 4099">
    <p class='ocr_par' dir='ltr' id='par_1_60' title="bbox 433 4006 2019 4099">
     <span class='ocr_line' id='line_1_61' title="bbox 433 4006 2019 4099; baseline 0.004 -20"><span class='ocrx_word' id='word_1_415' title='bbox 433 4006 569 4090; x_wconf 52' lang='lat' dir='ltr'><strong>;illi,</strong></span> <span class='ocrx_word' id='word_1_416' title='bbox 596 4006 759 4099; x_wconf 63' lang='lat' dir='ltr'><strong>utque.</strong></span> <span class='ocrx_word' id='word_1_417' title='bbox 787 4006 1793 4099; x_wconf 44' lang='lat' dir='ltr'><strong>legissevidl-fur‘bltris&#39;tophorsonus.</strong></span> <span class='ocrx_word' id='word_1_418' title='bbox 1815 4029 2019 4085; x_wconf 81' lang='lat' dir='ltr'><strong>Deinde</strong></span> 
     </span>
    </p>
   </div>
   <div class='ocr_carea' id='block_1_61' title="bbox 430 4096 2020 4169">
    <p class='ocr_par' dir='ltr' id='par_1_61' title="bbox 430 4096 2020 4169">
     <span class='ocr_line' id='line_1_62' title="bbox 430 4096 2020 4169; baseline 0.001 -15"><span class='ocrx_word' id='word_1_419' title='bbox 430 4099 550 4169; x_wconf 86' lang='lat' dir='ltr'><strong>lego</strong></span> <span class='ocrx_word' id='word_1_420' title='bbox 579 4096 796 4154; x_wconf 63' lang='grc' dir='ltr'>τδνκαὶ</span> <span class='ocrx_word' id='word_1_421' title='bbox 822 4096 995 4155; x_wconf 80' lang='grc' dir='ltr'>ταῦτα</span> <span class='ocrx_word' id='word_1_422' title='bbox 1033 4099 1179 4168; x_wconf 84' lang='grc' dir='ltr'>λόγῳ</span> <span class='ocrx_word' id='word_1_423' title='bbox 1217 4096 1674 4169; x_wconf 82' lang='grc' dir='ltr'>νομοθετήσαντα,</span> <span class='ocrx_word' id='word_1_424' title='bbox 1716 4102 2020 4155; x_wconf 84' lang='lat' dir='ltr'><strong>certissima</strong></span> 
     </span>
    </p>
   </div>
   <div class='ocr_carea' id='block_1_62' title="bbox 428 4168 2019 4242">
    <p class='ocr_par' dir='ltr' id='par_1_62' title="bbox 428 4168 2019 4242">
     <span class='ocr_line' id='line_1_63' title="bbox 428 4168 2019 4242; baseline 0.001 -19"><span class='ocrx_word' id='word_1_425' title='bbox 428 4171 841 4242; x_wconf 71' lang='lat' dir='ltr'><strong>emendatione.</strong></span> <span class='ocrx_word' id='word_1_426' title='bbox 875 4173 927 4225; x_wconf 92' lang='lat' dir='ltr'><strong>In</strong></span> <span class='ocrx_word' id='word_1_427' title='bbox 960 4169 1089 4225; x_wconf 82' lang='lat' dir='ltr'><strong>Fnk.</strong></span> <span class='ocrx_word' id='word_1_428' title='bbox 1123 4169 1313 4242; x_wconf 78' lang='lat' dir='ltr'><strong>codice</strong></span> <span class='ocrx_word' id='word_1_429' title='bbox 1349 4168 1588 4242; x_wconf 65' lang='lat' dir='ltr'><strong>legitur:</strong></span> <span class='ocrx_word' id='word_1_430' title='bbox 1634 4169 1729 4242; x_wconf 74' lang='grc' dir='ltr'><strong>καὶ</strong></span> <span class='ocrx_word' id='word_1_431' title='bbox 1757 4169 1849 4222; x_wconf 76' lang='grc' dir='ltr'>τὸν</span> <span class='ocrx_word' id='word_1_432' title='bbox 1875 4170 2019 4242; x_wconf 86' lang='grc' dir='ltr'>λόγῳ</span> 
     </span>
    </p>
   </div>
   <div class='ocr_carea' id='block_1_63' title="bbox 427 4236 2019 4312">
    <p class='ocr_par' dir='ltr' id='par_1_63' title="bbox 427 4236 2019 4312">
     <span class='ocr_line' id='line_1_64' title="bbox 427 4236 2019 4312; baseline 0.003 -19"><span class='ocrx_word' id='word_1_433' title='bbox 427 4238 603 4312; x_wconf 75' lang='grc' dir='ltr'>ταῦτα</span> <span class='ocrx_word' id='word_1_434' title='bbox 628 4258 749 4312; x_wconf 88' lang='grc' dir='ltr'>νομ.</span> <span class='ocrx_word' id='word_1_435' title='bbox 768 4241 915 4312; x_wconf 75' lang='lat' dir='ltr'><strong>idem</strong></span> <span class='ocrx_word' id='word_1_436' title='bbox 939 4242 1211 4312; x_wconf 60' lang='lat' dir='ltr'><strong>igiturest</strong></span> <span class='ocrx_word' id='word_1_437' title='bbox 1232 4237 1377 4307; x_wconf 83' lang='grc' dir='ltr'>λόγῳ</span> <span class='ocrx_word' id='word_1_438' title='bbox 1398 4236 1857 4310; x_wconf 84' lang='grc' dir='ltr'>νομοθετήσαντα,</span> <span class='ocrx_word' id='word_1_439' title='bbox 1878 4236 2019 4310; x_wconf 74' lang='lat' dir='ltr'><strong>quod</strong></span> 
     </span>
    </p>
   </div>
   <div class='ocr_carea' id='block_1_64' title="bbox 431 4308 1277 4382">
    <p class='ocr_par' dir='ltr' id='par_1_64' title="bbox 431 4308 1277 4382">
     <span class='ocr_line' id='line_1_65' title="bbox 431 4308 1277 4382; baseline -0.006 -19"><span class='ocrx_word' id='word_1_440' title='bbox 431 4311 572 4382; x_wconf 67' lang='lat' dir='ltr'><strong>intra</strong></span> <span class='ocrx_word' id='word_1_441' title='bbox 595 4308 734 4382; x_wconf 20' lang='lat' dir='ltr'><strong>Adicit</strong></span> <span class='ocrx_word' id='word_1_442' title='bbox 768 4310 911 4382; x_wconf 79' lang='grc' dir='ltr'>λόγῳ</span> <span class='ocrx_word' id='word_1_443' title='bbox 932 4308 1277 4382; x_wconf 77' lang='grc' dir='ltr'>διατάξαντα.</span> 
     </span>
    </p>
   </div>
   <div class='ocr_carea' id='block_1_65' title="bbox 502 4376 2019 4452">
    <p class='ocr_par' dir='ltr' id='par_1_65' title="bbox 502 4376 2019 4452">
     <span class='ocr_line' id='line_1_66' title="bbox 502 4376 2019 4452; baseline 0.001 -20"><span class='ocrx_word' id='word_1_444' title='bbox 502 4378 613 4452; x_wconf 84' lang='grc' dir='ltr'><strong>(Η)</strong></span> <span class='ocrx_word' id='word_1_445' title='bbox 655 4384 762 4448; x_wconf 83' lang='grc' dir='ltr'>Είς</span> <span class='ocrx_word' id='word_1_446' title='bbox 786 4376 1088 4451; x_wconf 65' lang='grc' dir='ltr'>μακάριόν</span> <span class='ocrx_word' id='word_1_447' title='bbox 1120 4376 1407 4452; x_wconf 31' lang='grc' dir='ltr'>τιναῌκαὶ</span> <span class='ocrx_word' id='word_1_448' title='bbox 1437 4376 1682 4452; x_wconf 50' lang='lat' dir='ltr'><strong>adorari.</strong></span> <span class='ocrx_word' id='word_1_449' title='bbox 1735 4378 1852 4443; x_wconf 83' lang='lat' dir='ltr'><strong>Hoc</strong></span> <span class='ocrx_word' id='word_1_450' title='bbox 1899 4379 2019 4435; x_wconf 87' lang='lat' dir='ltr'><strong>loco</strong></span> 
     </span>
    </p>
   </div>
   <div class='ocr_carea' id='block_1_66' title="bbox 431 4448 2018 4518">
    <p class='ocr_par' dir='ltr' id='par_1_66' title="bbox 431 4448 2018 4518">
     <span class='ocr_line' id='line_1_67' title="bbox 431 4448 2018 4518; baseline 0.002 -17"><span class='ocrx_word' id='word_1_451' title='bbox 431 4448 647 4505; x_wconf 84' lang='lat' dir='ltr'><strong>videtur</strong></span> <span class='ocrx_word' id='word_1_452' title='bbox 674 4448 1066 4506; x_wconf 71' lang='lat' dir='ltr'><strong>Constantinus</strong></span> <span class='ocrx_word' id='word_1_453' title='bbox 1116 4448 1429 4515; x_wconf 85' lang='lat' dir='ltr'><strong>paradisum</strong></span> <span class='ocrx_word' id='word_1_454' title='bbox 1462 4448 1608 4501; x_wconf 91' lang='lat' dir='ltr'><strong>illum</strong></span> <span class='ocrx_word' id='word_1_455' title='bbox 1639 4454 1691 4503; x_wconf 87' lang='lat' dir='ltr'><strong>in</strong></span> <span class='ocrx_word' id='word_1_456' title='bbox 1734 4467 1841 4518; x_wconf 90' lang='lat' dir='ltr'><strong>quo</strong></span> <span class='ocrx_word' id='word_1_457' title='bbox 1872 4452 2018 4505; x_wconf 82' lang='lat' dir='ltr'><strong>Ada-</strong></span> 
     </span>
    </p>
   </div>
   <div class='ocr_carea' id='block_1_67' title="bbox 430 4519 2015 4585">
    <p class='ocr_par' dir='ltr' id='par_1_67' title="bbox 430 4519 2015 4585">
     <span class='ocr_line' id='line_1_68' title="bbox 430 4519 2015 4585; baseline 0.001 -12"><span class='ocrx_word' id='word_1_458' title='bbox 430 4535 578 4573; x_wconf 86' lang='lat' dir='ltr'><strong>mutn</strong></span> <span class='ocrx_word' id='word_1_459' title='bbox 612 4522 749 4575; x_wconf 84' lang='lat' dir='ltr'><strong>Deus</strong></span> <span class='ocrx_word' id='word_1_460' title='bbox 774 4523 1086 4582; x_wconf 85' lang='lat' dir='ltr'><strong>collocavit,</strong></span> <span class='ocrx_word' id='word_1_461' title='bbox 1114 4528 1268 4571; x_wconf 77' lang='lat' dir='ltr'><strong>extra</strong></span> <span class='ocrx_word' id='word_1_462' title='bbox 1304 4526 1507 4571; x_wconf 83' lang='lat' dir='ltr'><strong>terram</strong></span> <span class='ocrx_word' id='word_1_463' title='bbox 1548 4533 1773 4585; x_wconf 80' lang='lat' dir='ltr'><strong>ponere.</strong></span> <span class='ocrx_word' id='word_1_464' title='bbox 1824 4519 1878 4573; x_wconf 90' lang='lat' dir='ltr'><strong>In</strong></span> <span class='ocrx_word' id='word_1_465' title='bbox 1913 4537 2015 4585; x_wconf 88' lang='lat' dir='ltr'><strong>qua</strong></span> 
     </span>
    </p>
   </div>
   <div class='ocr_carea' id='block_1_68' title="bbox 430 4589 2010 4657">
    <p class='ocr_par' dir='ltr' id='par_1_68' title="bbox 430 4589 2010 4657">
     <span class='ocr_line' id='line_1_69' title="bbox 430 4589 2010 4657; baseline 0 -15"><span class='ocrx_word' id='word_1_466' title='bbox 430 4589 686 4657; x_wconf 85' lang='lat' dir='ltr'><strong>Opinione</strong></span> <span class='ocrx_word' id='word_1_467' title='bbox 724 4591 945 4645; x_wconf 80' lang='lat' dir='ltr'><strong>fuerunt</strong></span> <span class='ocrx_word' id='word_1_468' title='bbox 974 4590 1219 4656; x_wconf 82' lang='lat' dir='ltr'><strong>plerique</strong></span> <span class='ocrx_word' id='word_1_469' title='bbox 1251 4598 1518 4643; x_wconf 86' lang='lat' dir='ltr'><strong>veterum.</strong></span> <span class='ocrx_word' id='word_1_470' title='bbox 1556 4590 1866 4654; x_wconf 75' lang='lat' dir='ltr'><strong>Stephanus</strong></span> <span class='ocrx_word' id='word_1_471' title='bbox 1899 4591 2010 4644; x_wconf 84' lang='lat' dir='ltr'><strong>Go-</strong></span> 
     </span>
    </p>
   </div>
   <div class='ocr_carea' id='block_1_69' title="bbox 2126 1885 3711 1957">
    <p class='ocr_par' dir='ltr' id='par_1_69' title="bbox 2126 1885 3711 1957">
     <span class='ocr_line' id='line_1_70' title="bbox 2126 1885 3711 1957; baseline 0 -18"><span class='ocrx_word' id='word_1_472' title='bbox 2126 1886 2408 1940; x_wconf 78' lang='grc' dir='ltr'>ἀποικίσαι</span> <span class='ocrx_word' id='word_1_473' title='bbox 2424 1887 2548 1950; x_wconf 73' lang='grc' dir='ltr'>τοὺς</span> <span class='ocrx_word' id='word_1_474' title='bbox 2569 1887 2765 1939; x_wconf 52' lang='grc' dir='ltr'><strong>νεωστὶ⁸</strong></span> <span class='ocrx_word' id='word_1_475' title='bbox 2786 1886 3092 1957; x_wconf 81' lang='grc' dir='ltr'>τεχθέντας,</span> <span class='ocrx_word' id='word_1_476' title='bbox 3111 1887 3293 1950; x_wconf 86' lang='grc' dir='ltr'>ἀδαεῖς</span> <span class='ocrx_word' id='word_1_477' title='bbox 3314 1888 3360 1939; x_wconf 80' lang='grc' dir='ltr'>τ’</span> <span class='ocrx_word' id='word_1_478' title='bbox 3377 1887 3576 1950; x_wconf 78' lang='grc' dir='ltr'>αὐτοὺς</span> <span class='ocrx_word' id='word_1_479' title='bbox 3592 1885 3711 1939; x_wconf 86' lang='grc' dir='ltr'>κατ’</span> 
     </span>
    </p>
   </div>
   <div class='ocr_carea' id='block_1_70' title="bbox 2125 1963 3712 2051">
    <p class='ocr_par' dir='ltr' id='par_1_70' title="bbox 2125 1963 3712 2051">
     <span class='ocr_line' id='line_1_71' title="bbox 2125 1963 3712 2051; baseline -0.002 -17"><span class='ocrx_word' id='word_1_480' title='bbox 2125 1980 2300 2051; x_wconf 80' lang='grc' dir='ltr'>ἀρχὰς</span> <span class='ocrx_word' id='word_1_481' title='bbox 2326 1979 2544 2048; x_wconf 89' lang='grc' dir='ltr'>ἀγαθῶν</span> <span class='ocrx_word' id='word_1_482' title='bbox 2572 1978 2665 2032; x_wconf 79' lang='grc' dir='ltr'><strong>και</strong></span> <span class='ocrx_word' id='word_1_483' title='bbox 2689 1978 2875 2032; x_wconf 86' lang='grc' dir='ltr'>κακῶν</span> <span class='ocrx_word' id='word_1_484' title='bbox 2896 1974 3035 2032; x_wconf 85' lang='grc' dir='ltr'>εἷναι</span> <span class='ocrx_word' id='word_1_485' title='bbox 3064 1978 3311 2048; x_wconf 79' lang='grc' dir='ltr'>θελῆσαι,</span> <span class='ocrx_word' id='word_1_486' title='bbox 3335 1978 3486 2043; x_wconf 74' lang='grc' dir='ltr'>τέλος</span> <span class='ocrx_word' id='word_1_487' title='bbox 3504 1963 3549 2031; x_wconf 69' lang='grc' dir='ltr'>δ’</span> <span class='ocrx_word' id='word_1_488' title='bbox 3573 1979 3712 2031; x_wconf 85' lang='grc' dir='ltr'>ἀπο-</span> 
     </span>
    </p>
   </div>
   <div class='ocr_carea' id='block_1_71' title="bbox 2125 2071 3711 2144">
    <p class='ocr_par' dir='ltr' id='par_1_71' title="bbox 2125 2071 3711 2144">
     <span class='ocr_line' id='line_1_72' title="bbox 2125 2071 3711 2144; baseline 0 -19"><span class='ocrx_word' id='word_1_489' title='bbox 2125 2075 2307 2143; x_wconf 87' lang='grc' dir='ltr'>νεῖμαι</span> <span class='ocrx_word' id='word_1_490' title='bbox 2344 2073 2511 2144; x_wconf 84' lang='grc' dir='ltr'>μόνην</span> <span class='ocrx_word' id='word_1_491' title='bbox 2556 2072 2759 2143; x_wconf 85' lang='grc' dir='ltr'>λογικῷ</span> <span class='ocrx_word' id='word_1_492' title='bbox 2804 2071 2928 2143; x_wconf 75' lang='grc' dir='ltr'><strong>ζὼῳ</strong></span> <span class='ocrx_word' id='word_1_493' title='bbox 2972 2073 3290 2143; x_wconf 84' lang='grc' dir='ltr'>πρέπουσαν</span> <span class='ocrx_word' id='word_1_494' title='bbox 3328 2072 3430 2143; x_wconf 87' lang='grc' dir='ltr'><strong>τὴν</strong></span> <span class='ocrx_word' id='word_1_495' title='bbox 3470 2071 3563 2124; x_wconf 75' lang='grc' dir='ltr'><strong>ἐπὶ</strong></span> <span class='ocrx_word' id='word_1_496' title='bbox 3603 2071 3711 2141; x_wconf 81' lang='grc' dir='ltr'>γῆς</span> 
     </span>
    </p>
   </div>
   <div class='ocr_carea' id='block_1_72' title="bbox 2124 2159 3712 2236">
    <p class='ocr_par' dir='ltr' id='par_1_72' title="bbox 2124 2159 3712 2236">
     <span class='ocr_line' id='line_1_73' title="bbox 2124 2159 3712 2236; baseline 0 -20"><span class='ocrx_word' id='word_1_497' title='bbox 2124 2163 2306 2235; x_wconf 73' lang='grc' dir='ltr'>ἕδραν,</span> <span class='ocrx_word' id='word_1_498' title='bbox 2328 2165 2422 2218; x_wconf 80' lang='grc' dir='ltr'><strong>καὶ</strong></span> <span class='ocrx_word' id='word_1_499' title='bbox 2453 2165 2562 2219; x_wconf 81' lang='grc' dir='ltr'>τότ’</span> <span class='ocrx_word' id='word_1_500' title='bbox 2587 2165 2688 2236; x_wconf 76' lang='grc' dir='ltr'><strong>ήδη</strong></span> <span class='ocrx_word' id='word_1_501' title='bbox 2713 2159 2800 2217; x_wconf 79' lang='grc' dir='ltr'>οἷα</span> <span class='ocrx_word' id='word_1_502' title='bbox 2823 2163 2887 2235; x_wconf 87' lang='grc' dir='ltr'>δὴ</span> <span class='ocrx_word' id='word_1_503' title='bbox 2915 2163 3074 2228; x_wconf 81' lang='grc' dir='ltr'>ζώοις</span> <span class='ocrx_word' id='word_1_504' title='bbox 3090 2164 3348 2232; x_wconf 84' lang='grc' dir='ltr'>λογικοῖς,</span> <span class='ocrx_word' id='word_1_505' title='bbox 3373 2162 3712 2216; x_wconf 83' lang='grc' dir='ltr'>ἀναπετάσαι</span> 
     </span>
    </p>
   </div>
   <div class='ocr_carea' id='block_1_73' title="bbox 2123 2253 3713 2324">
    <p class='ocr_par' dir='ltr' id='par_1_73' title="bbox 2123 2253 3713 2324">
     <span class='ocr_line' id='line_1_74' title="bbox 2123 2253 3713 2324; baseline 0.001 -19"><span class='ocrx_word' id='word_1_506' title='bbox 2123 2255 2222 2324; x_wconf 80' lang='grc' dir='ltr'><strong>τὴν</strong></span> <span class='ocrx_word' id='word_1_507' title='bbox 2254 2254 2360 2307; x_wconf 89' lang='grc' dir='ltr'><strong>τῶν</strong></span> <span class='ocrx_word' id='word_1_508' title='bbox 2400 2254 2619 2323; x_wconf 81' lang='grc' dir='ltr'>ἀγαθῶν</span> <span class='ocrx_word' id='word_1_509' title='bbox 2652 2271 2711 2308; x_wconf 87' lang='grc' dir='ltr'><strong>τε</strong></span> <span class='ocrx_word' id='word_1_510' title='bbox 2755 2256 2850 2308; x_wconf 81' lang='grc' dir='ltr'><strong>καὶ</strong></span> <span class='ocrx_word' id='word_1_511' title='bbox 2881 2255 3068 2308; x_wconf 89' lang='grc' dir='ltr'>κακῶν</span> <span class='ocrx_word' id='word_1_512' title='bbox 3095 2254 3315 2324; x_wconf 91' lang='grc' dir='ltr'>γνῶσιν.</span> <span class='ocrx_word' id='word_1_513' title='bbox 3352 2254 3487 2307; x_wconf 88' lang='grc' dir='ltr'>Τότε</span> <span class='ocrx_word' id='word_1_514' title='bbox 3524 2254 3582 2307; x_wconf 77' lang='grc' dir='ltr'>δὲ</span> <span class='ocrx_word' id='word_1_515' title='bbox 3616 2253 3713 2307; x_wconf 75' lang='grc' dir='ltr'><strong>καὶ</strong></span> 
     </span>
    </p>
   </div>
   <div class='ocr_carea' id='block_1_74' title="bbox 2121 2345 3711 2417">
    <p class='ocr_par' dir='ltr' id='par_1_74' title="bbox 2121 2345 3711 2417">
     <span class='ocr_line' id='line_1_75' title="bbox 2121 2345 3711 2417; baseline -0.001 -17"><span class='ocrx_word' id='word_1_516' title='bbox 2121 2347 2184 2400; x_wconf 86' lang='grc' dir='ltr'><strong>τὸ</strong></span> <span class='ocrx_word' id='word_1_517' title='bbox 2204 2347 2359 2415; x_wconf 86' lang='grc' dir='ltr'>γένος</span> <span class='ocrx_word' id='word_1_518' title='bbox 2387 2345 2572 2412; x_wconf 69' lang='grc' dir='ltr'>αὔξειν</span> <span class='ocrx_word' id='word_1_519' title='bbox 2606 2346 2912 2411; x_wconf 78' lang='grc' dir='ltr'>ἐκέλευσεν,</span> <span class='ocrx_word' id='word_1_520' title='bbox 2937 2348 3060 2401; x_wconf 85' lang='grc' dir='ltr'>ὅσον</span> <span class='ocrx_word' id='word_1_521' title='bbox 3087 2348 3217 2401; x_wconf 83' lang='grc' dir='ltr'>ποτὲ</span> <span class='ocrx_word' id='word_1_522' title='bbox 3249 2346 3438 2401; x_wconf 81' lang='grc' dir='ltr'>άνοσον</span> <span class='ocrx_word' id='word_1_523' title='bbox 3467 2346 3579 2417; x_wconf 81' lang='grc'><strong>(15)</strong></span> <span class='ocrx_word' id='word_1_524' title='bbox 3604 2346 3711 2400; x_wconf 77' lang='grc' dir='ltr'>ὑπὸ</span> 
     </span>
    </p>
   </div>
   <div class='ocr_carea' id='block_1_75' title="bbox 2122 2438 3709 2512">
    <p class='ocr_par' dir='ltr' id='par_1_75' title="bbox 2122 2438 3709 2512">
     <span class='ocr_line' id='line_1_76' title="bbox 2122 2438 3709 2512; baseline 0 -19"><span class='ocrx_word' id='word_1_525' title='bbox 2122 2440 2225 2508; x_wconf 82' lang='grc' dir='ltr'><strong>τῆς</strong></span> <span class='ocrx_word' id='word_1_526' title='bbox 2240 2440 2335 2493; x_wconf 78' lang='grc' dir='ltr'>τοῦ</span> <span class='ocrx_word' id='word_1_527' title='bbox 2367 2440 2622 2495; x_wconf 79' lang='grc' dir='ltr'>Ὠκεανοῦ</span> <span class='ocrx_word' id='word_1_528' title='bbox 2642 2441 3078 2512; x_wconf 82' lang='grc' dir='ltr'>περινοστήσεως</span> <span class='ocrx_word' id='word_1_529' title='bbox 3100 2438 3467 2512; x_wconf 77' lang='grc' dir='ltr'>διοριζόμενον</span> <span class='ocrx_word' id='word_1_530' title='bbox 3489 2438 3709 2509; x_wconf 79' lang='grc' dir='ltr'>ᾠκεῖτο.</span> 
     </span>
    </p>
   </div>
   <div class='ocr_carea' id='block_1_76' title="bbox 2124 2528 3708 2602">
    <p class='ocr_par' dir='ltr' id='par_1_76' title="bbox 2124 2528 3708 2602">
     <span class='ocr_line' id='line_1_77' title="bbox 2124 2528 3708 2602; baseline -0.001 -18"><span class='ocrx_word' id='word_1_531' title='bbox 2124 2531 2492 2602; x_wconf 81' lang='grc' dir='ltr'>Πληθύνοντος</span> <span class='ocrx_word' id='word_1_532' title='bbox 2542 2530 2586 2583; x_wconf 87' lang='grc' dir='ltr'>δ’</span> <span class='ocrx_word' id='word_1_533' title='bbox 2644 2529 2787 2585; x_wconf 76' lang='grc' dir='ltr'>οὕτω</span> <span class='ocrx_word' id='word_1_534' title='bbox 2840 2529 2936 2583; x_wconf 81' lang='grc' dir='ltr'>τοῦ</span> <span class='ocrx_word' id='word_1_535' title='bbox 2991 2530 3100 2584; x_wconf 87' lang='grc' dir='ltr'><strong>τῶν</strong></span> <span class='ocrx_word' id='word_1_536' title='bbox 3145 2529 3447 2602; x_wconf 81' lang='grc' dir='ltr'>ἀνθρώπων</span> <span class='ocrx_word' id='word_1_537' title='bbox 3493 2528 3708 2597; x_wconf 84' lang='grc' dir='ltr'>γένους,</span> 
     </span>
    </p>
   </div>
   <div class='ocr_carea' id='block_1_77' title="bbox 2124 2620 3707 2694">
    <p class='ocr_par' dir='ltr' id='par_1_77' title="bbox 2124 2620 3707 2694">
     <span class='ocr_line' id='line_1_78' title="bbox 2124 2620 3707 2694; baseline -0.001 -18"><span class='ocrx_word' id='word_1_538' title='bbox 2124 2622 2308 2692; x_wconf 81' lang='grc' dir='ltr'>τέχναι</span> <span class='ocrx_word' id='word_1_539' title='bbox 2337 2641 2397 2677; x_wconf 89' lang='grc' dir='ltr'><strong>τε</strong></span> <span class='ocrx_word' id='word_1_540' title='bbox 2435 2622 2515 2692; x_wconf 83' lang='grc' dir='ltr'>τῷ</span> <span class='ocrx_word' id='word_1_541' title='bbox 2550 2620 2649 2694; x_wconf 85' lang='grc' dir='ltr'><strong>βίῳ</strong></span> <span class='ocrx_word' id='word_1_542' title='bbox 2679 2622 3113 2694; x_wconf 85' lang='grc' dir='ltr'>χρησιμεύουσαι</span> <span class='ocrx_word' id='word_1_543' title='bbox 3148 2620 3259 2693; x_wconf 67' lang='lat' dir='ltr'><strong>(ll)</strong></span> <span class='ocrx_word' id='word_1_544' title='bbox 3294 2621 3707 2693; x_wconf 86' lang='grc' dir='ltr'>ἀνηυρίσκοντο,</span> 
     </span>
    </p>
   </div>
   <div class='ocr_carea' id='block_1_78' title="bbox 2124 2712 3708 2788">
    <p class='ocr_par' dir='ltr' id='par_1_78' title="bbox 2124 2712 3708 2788">
     <span class='ocr_line' id='line_1_79' title="bbox 2124 2712 3708 2788; baseline -0.001 -20"><span class='ocrx_word' id='word_1_545' title='bbox 2124 2714 2354 2785; x_wconf 85' lang='grc' dir='ltr'>πληθύει</span> <span class='ocrx_word' id='word_1_546' title='bbox 2386 2715 2431 2768; x_wconf 82' lang='grc' dir='ltr'>δ’</span> <span class='ocrx_word' id='word_1_547' title='bbox 2467 2715 2617 2768; x_wconf 75' lang='grc' dir='ltr'>οὐδὲν</span> <span class='ocrx_word' id='word_1_548' title='bbox 2644 2712 2808 2788; x_wconf 81' lang='grc' dir='ltr'>ἦττον</span> <span class='ocrx_word' id='word_1_549' title='bbox 2837 2715 2930 2768; x_wconf 77' lang='grc' dir='ltr'><strong>καὶ</strong></span> <span class='ocrx_word' id='word_1_550' title='bbox 2968 2717 3002 2786; x_wconf 81' lang='grc' dir='ltr'><strong>ἡ</strong></span> <span class='ocrx_word' id='word_1_551' title='bbox 3034 2714 3145 2767; x_wconf 88' lang='grc' dir='ltr'><strong>τῶν</strong></span> <span class='ocrx_word' id='word_1_552' title='bbox 3174 2713 3385 2782; x_wconf 85' lang='grc' dir='ltr'>ἀλόγων</span> <span class='ocrx_word' id='word_1_553' title='bbox 3415 2712 3571 2778; x_wconf 75' lang='grc' dir='ltr'>ζώων</span> <span class='ocrx_word' id='word_1_554' title='bbox 3611 2730 3708 2782; x_wconf 85' lang='grc' dir='ltr'>γε-</span> 
     </span>
    </p>
   </div>
   <div class='ocr_carea' id='block_1_79' title="bbox 2121 2805 3709 2879">
    <p class='ocr_par' dir='ltr' id='par_1_79' title="bbox 2121 2805 3709 2879">
     <span class='ocr_line' id='line_1_80' title="bbox 2121 2805 3709 2879; baseline -0.001 -17"><span class='ocrx_word' id='word_1_555' title='bbox 2121 2808 2218 2863; x_wconf 89' lang='grc' dir='ltr'><strong>νεά</strong></span> <span class='ocrx_word' id='word_1_556' title='bbox 2277 2809 2361 2877; x_wconf 80' lang='grc' dir='ltr'><strong>ἐφ’</strong></span> <span class='ocrx_word' id='word_1_557' title='bbox 2408 2809 2641 2862; x_wconf 79' lang='grc' dir='ltr'>ἑκάστου</span> <span class='ocrx_word' id='word_1_558' title='bbox 2696 2809 2909 2877; x_wconf 85' lang='grc' dir='ltr'>γένους,</span> <span class='ocrx_word' id='word_1_559' title='bbox 2956 2805 3234 2879; x_wconf 79' lang='grc' dir='ltr'>ὲξαιρὲτου</span> <span class='ocrx_word' id='word_1_560' title='bbox 3280 2807 3425 2871; x_wconf 76' lang='grc' dir='ltr'>τινος</span> <span class='ocrx_word' id='word_1_561' title='bbox 3470 2807 3709 2878; x_wconf 82' lang='grc' dir='ltr'>φυσικῆς</span> 
     </span>
    </p>
   </div>
   <div class='ocr_carea' id='block_1_80' title="bbox 2120 2899 3707 2972">
    <p class='ocr_par' dir='ltr' id='par_1_80' title="bbox 2120 2899 3707 2972">
     <span class='ocr_line' id='line_1_81' title="bbox 2120 2899 3707 2972; baseline 0.001 -20"><span class='ocrx_word' id='word_1_562' title='bbox 2120 2899 2406 2971; x_wconf 83' lang='grc' dir='ltr'>δυνάμεως</span> <span class='ocrx_word' id='word_1_563' title='bbox 2456 2901 2885 2972; x_wconf 81' lang='grc' dir='ltr'>εύρισκομένης·</span> <span class='ocrx_word' id='word_1_564' title='bbox 2930 2900 3156 2971; x_wconf 77' lang='grc' dir='ltr'>ἡμέρων</span> <span class='ocrx_word' id='word_1_565' title='bbox 3199 2899 3388 2967; x_wconf 82' lang='grc' dir='ltr'>ζώων,</span> <span class='ocrx_word' id='word_1_566' title='bbox 3418 2899 3480 2953; x_wconf 79' lang='grc' dir='ltr'>τὸ</span> <span class='ocrx_word' id='word_1_567' title='bbox 3528 2901 3707 2971; x_wconf 80' lang='grc' dir='ltr'>πρᾶον</span> 
     </span>
    </p>
   </div>
   <div class='ocr_carea' id='block_1_81' title="bbox 2120 2989 3707 3065">
    <p class='ocr_par' dir='ltr' id='par_1_81' title="bbox 2120 2989 3707 3065">
     <span class='ocr_line' id='line_1_82' title="bbox 2120 2989 3707 3065; baseline 0 -19"><span class='ocrx_word' id='word_1_568' title='bbox 2120 2992 2216 3046; x_wconf 83' lang='grc' dir='ltr'>καὶ</span> <span class='ocrx_word' id='word_1_569' title='bbox 2242 2991 2525 3056; x_wconf 81' lang='grc' dir='ltr'>ὲπιπειθὲς</span> <span class='ocrx_word' id='word_1_570' title='bbox 2564 2991 2860 3065; x_wconf 81' lang='grc' dir='ltr'>ἀνθρώπῳ,</span> <span class='ocrx_word' id='word_1_571' title='bbox 2888 2991 3096 3065; x_wconf 82' lang='grc' dir='ltr'>ἀγρίων</span> <span class='ocrx_word' id='word_1_572' title='bbox 3124 2990 3181 3045; x_wconf 83' lang='grc' dir='ltr'>δὲ</span> <span class='ocrx_word' id='word_1_573' title='bbox 3225 2990 3390 3062; x_wconf 74' lang='grc' dir='ltr'>ῥώμη</span> <span class='ocrx_word' id='word_1_574' title='bbox 3423 2989 3519 3044; x_wconf 72' lang='grc' dir='ltr'><strong>καὶ</strong></span> <span class='ocrx_word' id='word_1_575' title='bbox 3538 3003 3707 3057; x_wconf 79' lang='grc' dir='ltr'>ταχυι·</span> 
     </span>
    </p>
   </div>
   <div class='ocr_carea' id='block_1_82' title="bbox 2119 3189 3699 3264">
    <p class='ocr_par' dir='ltr' id='par_1_82' title="bbox 2119 3189 3699 3264">
     <span class='ocr_line' id='line_1_83' title="bbox 2119 3189 3699 3264; baseline -0.003 -14"><span class='ocrx_word' id='word_1_576' title='bbox 2119 3192 2369 3250; x_wconf 70' lang='grc' dir='ltr'>ἐνταυθοῖ</span> <span class='ocrx_word' id='word_1_577' title='bbox 2396 3192 2836 3264; x_wconf 36' lang='grc' dir='ltr'>διακοσμήσεως,</span> <span class='ocrx_word' id='word_1_578' title='bbox 2876 3189 2984 3247; x_wconf 90' lang='lat' dir='ltr'><strong>Sed</strong></span> <span class='ocrx_word' id='word_1_579' title='bbox 3032 3200 3088 3264; x_wconf 80' lang='lat' dir='ltr'><strong>et</strong></span> <span class='ocrx_word' id='word_1_580' title='bbox 3142 3190 3509 3264; x_wconf 79' lang='lat' dir='ltr'><strong>Tertullianus</strong></span> <span class='ocrx_word' id='word_1_581' title='bbox 3557 3190 3699 3264; x_wconf 77' lang='lat' dir='ltr'><strong>idem</strong></span> 
     </span>
    </p>
   </div>
   <div class='ocr_carea' id='block_1_83' title="bbox 2120 3261 3701 3319">
    <p class='ocr_par' dir='ltr' id='par_1_83' title="bbox 2120 3261 3701 3319">
     <span class='ocr_line' id='line_1_84' title="bbox 2120 3261 3701 3319; baseline -0.002 0"><span class='ocrx_word' id='word_1_582' title='bbox 2120 3267 2360 3319; x_wconf 80' lang='lat' dir='ltr'><strong>sensisse</strong></span> <span class='ocrx_word' id='word_1_583' title='bbox 2382 3261 2608 3318; x_wconf 84' lang='lat' dir='ltr'><strong>videtur.</strong></span> <span class='ocrx_word' id='word_1_584' title='bbox 2636 3261 2729 3317; x_wconf 88' lang='lat' dir='ltr'><strong>Sic</strong></span> <span class='ocrx_word' id='word_1_585' title='bbox 2751 3262 2897 3317; x_wconf 91' lang='lat' dir='ltr'><strong>enim</strong></span> <span class='ocrx_word' id='word_1_586' title='bbox 2925 3263 3118 3317; x_wconf 88' lang='lat' dir='ltr'><strong>scribit</strong></span> <span class='ocrx_word' id='word_1_587' title='bbox 3150 3263 3218 3317; x_wconf 89' lang='lat' dir='ltr'><strong>de</strong></span> <span class='ocrx_word' id='word_1_588' title='bbox 3243 3264 3450 3316; x_wconf 76' lang='lat' dir='ltr'><strong>Adamn</strong></span> <span class='ocrx_word' id='word_1_589' title='bbox 3480 3263 3532 3315; x_wconf 91' lang='lat' dir='ltr'><strong>in</strong></span> <span class='ocrx_word' id='word_1_590' title='bbox 3558 3261 3701 3316; x_wconf 86' lang='lat' dir='ltr'><strong>libro</strong></span> 
     </span>
    </p>
   </div>
   <div class='ocr_carea' id='block_1_84' title="bbox 2125 3332 3704 3401">
    <p class='ocr_par' dir='ltr' id='par_1_84' title="bbox 2125 3332 3704 3401">
     <span class='ocr_line' id='line_1_85' title="bbox 2125 3332 3704 3401; baseline -0.003 -12"><span class='ocrx_word' id='word_1_591' title='bbox 2125 3335 2204 3389; x_wconf 83' lang='lat' dir='ltr'><strong>De</strong></span> <span class='ocrx_word' id='word_1_592' title='bbox 2231 3334 2525 3401; x_wconf 86' lang='lat' dir='ltr'><strong>patientia:</strong></span> <span class='ocrx_word' id='word_1_593' title='bbox 2548 3352 2567 3385; x_wconf 71' lang='grc' dir='ltr'><strong>ι</strong></span> <span class='ocrx_word' id='word_1_594' title='bbox 2605 3334 2869 3387; x_wconf 86' lang='lat' dir='ltr'><strong>lnnocens</strong></span> <span class='ocrx_word' id='word_1_595' title='bbox 2909 3342 3050 3395; x_wconf 88' lang='lat' dir='ltr'><strong>erat,</strong></span> <span class='ocrx_word' id='word_1_596' title='bbox 3090 3341 3145 3385; x_wconf 88' lang='lat' dir='ltr'><strong>et</strong></span> <span class='ocrx_word' id='word_1_597' title='bbox 3179 3332 3292 3386; x_wconf 88' lang='lat' dir='ltr'><strong>Deo</strong></span> <span class='ocrx_word' id='word_1_598' title='bbox 3330 3332 3397 3385; x_wconf 91' lang='lat' dir='ltr'><strong>de</strong></span> <span class='ocrx_word' id='word_1_599' title='bbox 3451 3333 3704 3400; x_wconf 82' lang='lat' dir='ltr'><strong>proximo</strong></span> 
     </span>
    </p>
   </div>
   <div class='ocr_carea' id='block_1_85' title="bbox 2125 3401 3700 3471">
    <p class='ocr_par' dir='ltr' id='par_1_85' title="bbox 2125 3401 3700 3471">
     <span class='ocr_line' id='line_1_86' title="bbox 2125 3401 3700 3471; baseline -0.001 -14"><span class='ocrx_word' id='word_1_600' title='bbox 2125 3405 2355 3469; x_wconf 83' lang='lat' dir='ltr'><strong>amicus,</strong></span> <span class='ocrx_word' id='word_1_601' title='bbox 2389 3413 2442 3458; x_wconf 89' lang='lat' dir='ltr'><strong>et</strong></span> <span class='ocrx_word' id='word_1_602' title='bbox 2475 3403 2710 3471; x_wconf 84' lang='lat' dir='ltr'><strong>paradisi</strong></span> <span class='ocrx_word' id='word_1_603' title='bbox 2753 3404 3000 3455; x_wconf 86' lang='lat' dir='ltr'><strong>colonus.</strong></span> <span class='ocrx_word' id='word_1_604' title='bbox 3027 3403 3096 3455; x_wconf 88' lang='lat' dir='ltr'><strong>At</strong></span> <span class='ocrx_word' id='word_1_605' title='bbox 3137 3403 3224 3455; x_wconf 72' lang='lat' dir='ltr'><strong>ubi</strong></span> <span class='ocrx_word' id='word_1_606' title='bbox 3256 3401 3422 3456; x_wconf 90' lang='lat' dir='ltr'><strong>semel</strong></span> <span class='ocrx_word' id='word_1_607' title='bbox 3466 3402 3700 3455; x_wconf 84' lang='lat' dir='ltr'><strong>succidit</strong></span> 
     </span>
    </p>
   </div>
   <div class='ocr_carea' id='block_1_86' title="bbox 2126 3471 3700 3543">
    <p class='ocr_par' dir='ltr' id='par_1_86' title="bbox 2126 3471 3700 3543">
     <span class='ocr_line' id='line_1_87' title="bbox 2126 3471 3700 3543; baseline -0.001 -16"><span class='ocrx_word' id='word_1_608' title='bbox 2126 3474 2500 3543; x_wconf 83' lang='lat' dir='ltr'><strong>impatientiae.</strong></span> <span class='ocrx_word' id='word_1_609' title='bbox 2536 3473 2732 3526; x_wconf 82' lang='lat' dir='ltr'><strong>desivit</strong></span> <span class='ocrx_word' id='word_1_610' title='bbox 2778 3472 2887 3543; x_wconf 88' lang='lat' dir='ltr'><strong>Deo</strong></span> <span class='ocrx_word' id='word_1_611' title='bbox 2935 3487 3158 3539; x_wconf 84' lang='lat' dir='ltr'><strong>sapere;</strong></span> <span class='ocrx_word' id='word_1_612' title='bbox 3196 3472 3395 3543; x_wconf 79' lang='lat' dir='ltr'><strong>desivit</strong></span> <span class='ocrx_word' id='word_1_613' title='bbox 3452 3471 3700 3525; x_wconf 75' lang='lat' dir='ltr'><strong>caelestia</strong></span> 
     </span>
    </p>
   </div>
   <div class='ocr_carea' id='block_1_87' title="bbox 2123 3541 3700 3612">
    <p class='ocr_par' dir='ltr' id='par_1_87' title="bbox 2123 3541 3700 3612">
     <span class='ocr_line' id='line_1_88' title="bbox 2123 3541 3700 3612; baseline -0.002 -14"><span class='ocrx_word' id='word_1_614' title='bbox 2123 3541 2395 3598; x_wconf 82' lang='lat' dir='ltr'><strong>sustinere</strong></span> <span class='ocrx_word' id='word_1_615' title='bbox 2431 3558 2609 3612; x_wconf 84' lang='lat' dir='ltr'><strong>posse.</strong></span> <span class='ocrx_word' id='word_1_616' title='bbox 2640 3542 2847 3596; x_wconf 85' lang='lat' dir='ltr'><strong>Exinde</strong></span> <span class='ocrx_word' id='word_1_617' title='bbox 2896 3543 3057 3595; x_wconf 87' lang='lat' dir='ltr'><strong>homo</strong></span> <span class='ocrx_word' id='word_1_618' title='bbox 3111 3551 3269 3597; x_wconf 75' lang='lat' dir='ltr'><strong>terrae</strong></span> <span class='ocrx_word' id='word_1_619' title='bbox 3311 3541 3488 3598; x_wconf 88' lang='lat' dir='ltr'><strong>datus.</strong></span> <span class='ocrx_word' id='word_1_620' title='bbox 3525 3542 3700 3612; x_wconf 68' lang='lat' dir='ltr'><strong>etab</strong></span> 
     </span>
    </p>
   </div>
   <div class='ocr_carea' id='block_1_88' title="bbox 2125 3610 3695 3679">
    <p class='ocr_par' dir='ltr' id='par_1_88' title="bbox 2125 3610 3695 3679">
     <span class='ocr_line' id='line_1_89' title="bbox 2125 3610 3695 3679; baseline -0.003 -11"><span class='ocrx_word' id='word_1_621' title='bbox 2125 3614 2300 3668; x_wconf 85' lang='lat' dir='ltr'><strong>oculis</strong></span> <span class='ocrx_word' id='word_1_622' title='bbox 2327 3613 2416 3667; x_wconf 89' lang='lat' dir='ltr'><strong>Dei</strong></span> <span class='ocrx_word' id='word_1_623' title='bbox 2436 3610 2704 3677; x_wconf 75' lang='lat' dir='ltr'><strong>deiectus,</strong></span> <span class='ocrx_word' id='word_1_624' title='bbox 2739 3632 2757 3664; x_wconf 73' lang='grc' dir='ltr'><strong>ι</strong></span> <span class='ocrx_word' id='word_1_625' title='bbox 2801 3622 2907 3666; x_wconf 84' lang='lat' dir='ltr'><strong>etc.</strong></span> <span class='ocrx_word' id='word_1_626' title='bbox 2941 3612 3088 3664; x_wconf 89' lang='lat' dir='ltr'><strong>Idem</strong></span> <span class='ocrx_word' id='word_1_627' title='bbox 3113 3612 3237 3665; x_wconf 84' lang='lat' dir='ltr'><strong>elici</strong></span> <span class='ocrx_word' id='word_1_628' title='bbox 3286 3621 3465 3679; x_wconf 80' lang='lat' dir='ltr'><strong>potest</strong></span> <span class='ocrx_word' id='word_1_629' title='bbox 3495 3625 3563 3664; x_wconf 83' lang='lat' dir='ltr'><strong>ex</strong></span> <span class='ocrx_word' id='word_1_630' title='bbox 3600 3610 3695 3665; x_wconf 91' lang='lat' dir='ltr'><strong>lib.</strong></span> 
     </span>
    </p>
   </div>
   <div class='ocr_carea' id='block_1_89' title="bbox 2125 3680 3700 3749">
    <p class='ocr_par' dir='ltr' id='par_1_89' title="bbox 2125 3680 3700 3749">
     <span class='ocr_line' id='line_1_90' title="bbox 2125 3680 3700 3749; baseline -0.008 -13"><span class='ocrx_word' id='word_1_631' title='bbox 2125 3682 2245 3749; x_wconf 86' lang='lat' dir='ltr'><strong>ejus</strong></span> <span class='ocrx_word' id='word_1_632' title='bbox 2278 3700 2314 3738; x_wconf 94' lang='grc' dir='ltr'><strong>ιι</strong></span> <span class='ocrx_word' id='word_1_633' title='bbox 2350 3684 2614 3735; x_wconf 78' lang='lat' dir='ltr'><strong>Adversus</strong></span> <span class='ocrx_word' id='word_1_634' title='bbox 2650 3680 2997 3743; x_wconf 76' lang='lat' dir='ltr'><strong>Marcionem,</strong></span> <span class='ocrx_word' id='word_1_635' title='bbox 3030 3696 3152 3748; x_wconf 86' lang='lat' dir='ltr'><strong>cap.</strong></span> <span class='ocrx_word' id='word_1_636' title='bbox 3183 3681 3219 3734; x_wconf 76' lang='grc'>2</span> <span class='ocrx_word' id='word_1_637' title='bbox 3249 3690 3304 3735; x_wconf 88' lang='lat' dir='ltr'><strong>et</strong></span> <span class='ocrx_word' id='word_1_638' title='bbox 3354 3681 3435 3742; x_wconf 88' lang='lat' dir='ltr'><strong>l0,</strong></span> <span class='ocrx_word' id='word_1_639' title='bbox 3469 3680 3560 3734; x_wconf 90' lang='lat' dir='ltr'><strong>ubi</strong></span> <span class='ocrx_word' id='word_1_640' title='bbox 3605 3696 3700 3732; x_wconf 81' lang='lat' dir='ltr'><strong>ea-</strong></span> 
     </span>
    </p>
   </div>
   <div class='ocr_carea' id='block_1_90' title="bbox 2124 3748 3700 3819">
    <p class='ocr_par' dir='ltr' id='par_1_90' title="bbox 2124 3748 3700 3819">
     <span class='ocr_line' id='line_1_91' title="bbox 2124 3748 3700 3819; baseline -0.003 -12"><span class='ocrx_word' id='word_1_641' title='bbox 2124 3748 2242 3807; x_wconf 72' lang='lat' dir='ltr'><strong>item</strong></span> <span class='ocrx_word' id='word_1_642' title='bbox 2268 3754 2580 3819; x_wconf 88' lang='lat' dir='ltr'><strong>metaphora</strong></span> <span class='ocrx_word' id='word_1_643' title='bbox 2605 3753 2775 3805; x_wconf 87' lang='lat' dir='ltr'><strong>utitur</strong></span> <span class='ocrx_word' id='word_1_644' title='bbox 2800 3766 2904 3818; x_wconf 89' lang='lat' dir='ltr'><strong>qua</strong></span> <span class='ocrx_word' id='word_1_645' title='bbox 2938 3749 3200 3805; x_wconf 85' lang='lat' dir='ltr'><strong>Tatlanus</strong></span> <span class='ocrx_word' id='word_1_646' title='bbox 3225 3770 3239 3806; x_wconf 90' lang='lat'><strong>:</strong></span> <span class='ocrx_word' id='word_1_647' title='bbox 3270 3769 3291 3801; x_wconf 73' lang='grc' dir='ltr'><strong>ι</strong></span> <span class='ocrx_word' id='word_1_648' title='bbox 3321 3748 3461 3817; x_wconf 83' lang='lat' dir='ltr'><strong>Quid</strong></span> <span class='ocrx_word' id='word_1_649' title='bbox 3504 3749 3700 3803; x_wconf 90' lang='lat' dir='ltr'><strong>mirum</strong></span> 
     </span>
    </p>
   </div>
   <div class='ocr_carea' id='block_1_91' title="bbox 2122 3821 3699 3885">
    <p class='ocr_par' dir='ltr' id='par_1_91' title="bbox 2122 3821 3699 3885">
     <span class='ocr_line' id='line_1_92' title="bbox 2122 3821 3699 3885; baseline -0.001 -10"><span class='ocrx_word' id='word_1_650' title='bbox 2122 3824 2167 3876; x_wconf 87' lang='lat' dir='ltr'><strong>si</strong></span> <span class='ocrx_word' id='word_1_651' title='bbox 2204 3823 2504 3877; x_wconf 85' lang='lat' dir='ltr'><strong>redhibitus</strong></span> <span class='ocrx_word' id='word_1_652' title='bbox 2541 3823 2781 3875; x_wconf 72' lang='lat' dir='ltr'><strong>materiae</strong></span> <span class='ocrx_word' id='word_1_653' title='bbox 2807 3835 2937 3882; x_wconf 65' lang='lat' dir='ltr'><strong>suae,</strong></span> <span class='ocrx_word' id='word_1_654' title='bbox 2966 3829 3021 3873; x_wconf 87' lang='lat' dir='ltr'><strong>et</strong></span> <span class='ocrx_word' id='word_1_655' title='bbox 3061 3821 3114 3873; x_wconf 93' lang='lat' dir='ltr'><strong>in</strong></span> <span class='ocrx_word' id='word_1_656' title='bbox 3148 3821 3485 3885; x_wconf 80' lang='lat' dir='ltr'><strong>ergastulum</strong></span> <span class='ocrx_word' id='word_1_657' title='bbox 3536 3831 3699 3874; x_wconf 64' lang='lat' dir='ltr'><strong>terra</strong></span> 
     </span>
    </p>
   </div>
   <div class='ocr_carea' id='block_1_92' title="bbox 2125 3889 3703 3962">
    <p class='ocr_par' dir='ltr' id='par_1_92' title="bbox 2125 3889 3703 3962">
     <span class='ocr_line' id='line_1_93' title="bbox 2125 3889 3703 3962; baseline -0.001 -18"><span class='ocrx_word' id='word_1_658' title='bbox 2125 3893 2433 3946; x_wconf 72' lang='lat' dir='ltr'><strong>laboranda:</strong></span> <span class='ocrx_word' id='word_1_659' title='bbox 2473 3890 3160 3962; x_wconf 46' lang='lat' dir='ltr'><strong>relegatusLéioptoOaich</strong></span> <span class='ocrx_word' id='word_1_660' title='bbox 3193 3892 3344 3957; x_wconf 83' lang='lat' dir='ltr'><strong>Quod</strong></span> <span class='ocrx_word' id='word_1_661' title='bbox 3370 3890 3414 3945; x_wconf 85' lang='lat' dir='ltr'><strong>si</strong></span> <span class='ocrx_word' id='word_1_662' title='bbox 3446 3889 3584 3962; x_wconf 79' lang='lat' dir='ltr'><strong>liber</strong></span> <span class='ocrx_word' id='word_1_663' title='bbox 3615 3890 3703 3962; x_wconf 75' lang='lat' dir='ltr'><strong>ille</strong></span> 
     </span>
    </p>
   </div>
   <div class='ocr_carea' id='block_1_93' title="bbox 2122 3958 3701 4031">
    <p class='ocr_par' dir='ltr' id='par_1_93' title="bbox 2122 3958 3701 4031">
     <span class='ocr_line' id='line_1_94' title="bbox 2122 3958 3701 4031; baseline 0.001 -19"><span class='ocrx_word' id='word_1_664' title='bbox 2122 3977 2281 4031; x_wconf 85' lang='lat' dir='ltr'><strong>quem</strong></span> <span class='ocrx_word' id='word_1_665' title='bbox 2336 3961 2402 4014; x_wconf 88' lang='lat' dir='ltr'><strong>de</strong></span> <span class='ocrx_word' id='word_1_666' title='bbox 2458 3958 2711 4028; x_wconf 74' lang='lat' dir='ltr'><strong>paradiso</strong></span> <span class='ocrx_word' id='word_1_667' title='bbox 2744 3958 3112 4031; x_wconf 81' lang='lat' dir='ltr'><strong>Tertullianus</strong></span> <span class='ocrx_word' id='word_1_668' title='bbox 3165 3963 3487 4028; x_wconf 87' lang='lat' dir='ltr'><strong>scripserat,</strong></span> <span class='ocrx_word' id='word_1_669' title='bbox 3540 3958 3701 4013; x_wconf 83' lang='lat' dir='ltr'><strong>hodie</strong></span> 
     </span>
    </p>
   </div>
   <div class='ocr_carea' id='block_1_94' title="bbox 2122 4030 3698 4098">
    <p class='ocr_par' dir='ltr' id='par_1_94' title="bbox 2122 4030 3698 4098">
     <span class='ocr_line' id='line_1_95' title="bbox 2122 4030 3698 4098; baseline -0.004 -12"><span class='ocrx_word' id='word_1_670' title='bbox 2122 4040 2401 4094; x_wconf 77' lang='lat' dir='ltr'><strong>exstaret,</strong></span> <span class='ocrx_word' id='word_1_671' title='bbox 2429 4031 2572 4084; x_wconf 88' lang='lat' dir='ltr'><strong>hanc</strong></span> <span class='ocrx_word' id='word_1_672' title='bbox 2599 4031 2717 4097; x_wconf 90' lang='lat' dir='ltr'><strong>ejus</strong></span> <span class='ocrx_word' id='word_1_673' title='bbox 2757 4030 2925 4085; x_wconf 80' lang='lat' dir='ltr'><strong>fuisse</strong></span> <span class='ocrx_word' id='word_1_674' title='bbox 2977 4031 3307 4084; x_wconf 90' lang='lat' dir='ltr'><strong>sententiam</strong></span> <span class='ocrx_word' id='word_1_675' title='bbox 3351 4045 3513 4098; x_wconf 86' lang='lat' dir='ltr'><strong>quam</strong></span> <span class='ocrx_word' id='word_1_676' title='bbox 3563 4030 3698 4093; x_wconf 79' lang='lat' dir='ltr'><strong>dixi,</strong></span> 
     </span>
    </p>
   </div>
   <div class='ocr_carea' id='block_1_95' title="bbox 2124 4099 3703 4170">
    <p class='ocr_par' dir='ltr' id='par_1_95' title="bbox 2124 4099 3703 4170">
     <span class='ocr_line' id='line_1_96' title="bbox 2124 4099 3703 4170; baseline -0.003 -15"><span class='ocrx_word' id='word_1_677' title='bbox 2124 4102 2363 4169; x_wconf 87' lang='lat' dir='ltr'><strong>apertius</strong></span> <span class='ocrx_word' id='word_1_678' title='bbox 2394 4114 2727 4170; x_wconf 88' lang='lat' dir='ltr'><strong>cognoscere</strong></span> <span class='ocrx_word' id='word_1_679' title='bbox 2772 4100 2980 4170; x_wconf 76' lang='lat' dir='ltr'><strong>liceret.</strong></span> <span class='ocrx_word' id='word_1_680' title='bbox 3019 4100 3257 4169; x_wconf 86' lang='lat' dir='ltr'><strong>Denique</strong></span> <span class='ocrx_word' id='word_1_681' title='bbox 3286 4099 3703 4170; x_wconf 59' lang='lat' dir='ltr'><strong>Clemensnle-</strong></span> 
     </span>
    </p>
   </div>
   <div class='ocr_carea' id='block_1_96' title="bbox 2120 4168 3702 4237">
    <p class='ocr_par' dir='ltr' id='par_1_96' title="bbox 2120 4168 3702 4237">
     <span class='ocr_line' id='line_1_97' title="bbox 2120 4168 3702 4237; baseline -0.001 -12"><span class='ocrx_word' id='word_1_682' title='bbox 2120 4168 2423 4225; x_wconf 77' lang='lat' dir='ltr'><strong>xandrinus</strong></span> <span class='ocrx_word' id='word_1_683' title='bbox 2453 4168 2504 4224; x_wconf 84' lang='lat' dir='ltr'><strong>iit</strong></span> <span class='ocrx_word' id='word_1_684' title='bbox 2540 4169 2813 4237; x_wconf 66' lang='lat' dir='ltr'><strong>Excerptis</strong></span> <span class='ocrx_word' id='word_1_685' title='bbox 2836 4169 3123 4232; x_wconf 68' lang='lat' dir='ltr'><strong>Theodoti,</strong></span> <span class='ocrx_word' id='word_1_686' title='bbox 3149 4168 3246 4223; x_wconf 89' lang='lat' dir='ltr'><strong>seu</strong></span> <span class='ocrx_word' id='word_1_687' title='bbox 3274 4170 3327 4222; x_wconf 89' lang='lat' dir='ltr'><strong>in</strong></span> <span class='ocrx_word' id='word_1_688' title='bbox 3353 4169 3504 4222; x_wconf 89' lang='lat' dir='ltr'><strong>libris</strong></span> <span class='ocrx_word' id='word_1_689' title='bbox 3537 4168 3702 4223; x_wconf 75' lang='grc' dir='ltr'>Ὑπο-</span> 
     </span>
    </p>
   </div>
   <div class='ocr_carea' id='block_1_97' title="bbox 2118 4238 3696 4308">
    <p class='ocr_par' dir='ltr' id='par_1_97' title="bbox 2118 4238 3696 4308">
     <span class='ocr_line' id='line_1_98' title="bbox 2118 4238 3696 4308; baseline -0.003 -14"><span class='ocrx_word' id='word_1_690' title='bbox 2118 4239 2437 4304; x_wconf 81' lang='grc' dir='ltr'>τυπὼσεων,</span> <span class='ocrx_word' id='word_1_691' title='bbox 2471 4255 2593 4308; x_wconf 81' lang='lat' dir='ltr'><strong>pag.</strong></span> <span class='ocrx_word' id='word_1_692' title='bbox 2630 4240 2754 4304; x_wconf 70' lang='lat' dir='ltr'><strong>3H,</strong></span> <span class='ocrx_word' id='word_1_693' title='bbox 2797 4238 3052 4294; x_wconf 86' lang='lat' dir='ltr'><strong>editionis</strong></span> <span class='ocrx_word' id='word_1_694' title='bbox 3079 4239 3423 4303; x_wconf 83' lang='lat' dir='ltr'><strong>Commelini,</strong></span> <span class='ocrx_word' id='word_1_695' title='bbox 3473 4239 3696 4307; x_wconf 87' lang='lat' dir='ltr'><strong>paradi-</strong></span> 
     </span>
    </p>
   </div>
   <div class='ocr_carea' id='block_1_98' title="bbox 2121 4309 3700 4378">
    <p class='ocr_par' dir='ltr' id='par_1_98' title="bbox 2121 4309 3700 4378">
     <span class='ocr_line' id='line_1_99' title="bbox 2121 4309 3700 4378; baseline -0.002 -12"><span class='ocrx_word' id='word_1_696' title='bbox 2121 4327 2238 4366; x_wconf 86' lang='lat' dir='ltr'><strong>Smn</strong></span> <span class='ocrx_word' id='word_1_697' title='bbox 2283 4320 2595 4365; x_wconf 81' lang='lat' dir='ltr'><strong>terrestrem</strong></span> <span class='ocrx_word' id='word_1_698' title='bbox 2655 4312 2706 4363; x_wconf 91' lang='lat' dir='ltr'><strong>in</strong></span> <span class='ocrx_word' id='word_1_699' title='bbox 2758 4325 2865 4378; x_wconf 81' lang='lat' dir='ltr'><strong>quo</strong></span> <span class='ocrx_word' id='word_1_700' title='bbox 2907 4310 3014 4361; x_wconf 78' lang='lat' dir='ltr'><strong>Eva</strong></span> <span class='ocrx_word' id='word_1_701' title='bbox 3052 4309 3192 4361; x_wconf 78' lang='lat' dir='ltr'><strong>facta</strong></span> <span class='ocrx_word' id='word_1_702' title='bbox 3243 4318 3349 4373; x_wconf 87' lang='lat' dir='ltr'><strong>est,</strong></span> <span class='ocrx_word' id='word_1_703' title='bbox 3398 4310 3451 4363; x_wconf 90' lang='lat' dir='ltr'><strong>in</strong></span> <span class='ocrx_word' id='word_1_704' title='bbox 3501 4318 3700 4377; x_wconf 88' lang='lat' dir='ltr'><strong>quarto</strong></span> 
     </span>
    </p>
   </div>
   <div class='ocr_carea' id='block_1_99' title="bbox 2120 4378 3700 4450">
    <p class='ocr_par' dir='ltr' id='par_1_99' title="bbox 2120 4378 3700 4450">
     <span class='ocr_line' id='line_1_100' title="bbox 2120 4378 3700 4450; baseline -0.002 -17"><span class='ocrx_word' id='word_1_705' title='bbox 2120 4381 2261 4433; x_wconf 58' lang='lat' dir='ltr'><strong>co&#39;lo</strong></span> <span class='ocrx_word' id='word_1_706' title='bbox 2285 4381 2512 4433; x_wconf 85' lang='lat' dir='ltr'><strong>collocat</strong></span> <span class='ocrx_word' id='word_1_707' title='bbox 2540 4395 2554 4433; x_wconf 74' lang='grc' dir='ltr'><strong><em>τ</em></strong></span> <span class='ocrx_word' id='word_1_708' title='bbox 2594 4380 2764 4433; x_wconf 81' lang='grc' dir='ltr'>Ὅθεν</span> <span class='ocrx_word' id='word_1_709' title='bbox 2794 4380 2854 4432; x_wconf 80' lang='grc' dir='ltr'>ὲν</span> <span class='ocrx_word' id='word_1_710' title='bbox 2876 4379 2954 4449; x_wconf 85' lang='grc' dir='ltr'>τῷ</span> <span class='ocrx_word' id='word_1_711' title='bbox 2980 4379 3290 4450; x_wconf 84' lang='grc' dir='ltr'>παραδείσῳ</span> <span class='ocrx_word' id='word_1_712' title='bbox 3335 4378 3414 4449; x_wconf 82' lang='grc' dir='ltr'>τῷ</span> <span class='ocrx_word' id='word_1_713' title='bbox 3451 4380 3700 4448; x_wconf 86' lang='grc' dir='ltr'>τετάρτῳ</span> 
     </span>
    </p>
   </div>
   <div class='ocr_carea' id='block_1_100' title="bbox 2117 4450 3697 4522">
    <p class='ocr_par' dir='ltr' id='par_1_100' title="bbox 2117 4450 3697 4522">
     <span class='ocr_line' id='line_1_101' title="bbox 2117 4450 3697 4522; baseline -0.002 -18"><span class='ocrx_word' id='word_1_714' title='bbox 2117 4450 2332 4522; x_wconf 80' lang='grc' dir='ltr'>ούρανῷ</span> <span class='ocrx_word' id='word_1_715' title='bbox 2353 4450 2785 4521; x_wconf 80' lang='grc' dir='ltr'>δημιουργεῖται,</span> <span class='ocrx_word' id='word_1_716' title='bbox 2817 4461 2927 4504; x_wconf 90' lang='lat' dir='ltr'><strong>etc.</strong></span> <span class='ocrx_word' id='word_1_717' title='bbox 2949 4450 3222 4522; x_wconf 79' lang='lat' dir='ltr'><strong>_Origenes</strong></span> <span class='ocrx_word' id='word_1_718' title='bbox 3244 4464 3373 4522; x_wconf 81' lang='lat' dir='ltr'><strong>vero</strong></span> <span class='ocrx_word' id='word_1_719' title='bbox 3389 4451 3697 4522; x_wconf 77' lang='lat' dir='ltr'><strong>paradisum</strong></span> 
     </span>
    </p>
   </div>
   <div class='ocr_carea' id='block_1_101' title="bbox 2120 4519 3700 4587">
    <p class='ocr_par' dir='ltr' id='par_1_101' title="bbox 2120 4519 3700 4587">
     <span class='ocr_line' id='line_1_102' title="bbox 2120 4519 3700 4587; baseline -0.003 -13"><span class='ocrx_word' id='word_1_720' title='bbox 2120 4519 2277 4587; x_wconf 65' lang='lat' dir='ltr'><strong>cuius</strong></span> <span class='ocrx_word' id='word_1_721' title='bbox 2304 4519 2488 4574; x_wconf 75' lang='lat' dir='ltr'><strong>incola</strong></span> <span class='ocrx_word' id='word_1_722' title='bbox 2538 4519 2638 4573; x_wconf 77' lang='lat' dir='ltr'><strong>luit</strong></span> <span class='ocrx_word' id='word_1_723' title='bbox 2664 4522 2920 4582; x_wconf 83' lang='lat' dir='ltr'><strong>Adamus,</strong></span> <span class='ocrx_word' id='word_1_724' title='bbox 2948 4520 3000 4573; x_wconf 89' lang='lat' dir='ltr'><strong>in</strong></span> <span class='ocrx_word' id='word_1_725' title='bbox 3031 4520 3196 4573; x_wconf 90' lang='lat' dir='ltr'><strong>tertio</strong></span> <span class='ocrx_word' id='word_1_726' title='bbox 3228 4520 3368 4573; x_wconf 57' lang='lat' dir='ltr'><strong>caelo</strong></span> <span class='ocrx_word' id='word_1_727' title='bbox 3394 4519 3700 4573; x_wconf 87' lang='lat' dir='ltr'><strong>collocave-</strong></span> 
     </span>
    </p>
   </div>
   <div class='ocr_carea' id='block_1_102' title="bbox 2121 4588 3697 4654">
    <p class='ocr_par' dir='ltr' id='par_1_102' title="bbox 2121 4588 3697 4654">
     <span class='ocr_line' id='line_1_103' title="bbox 2121 4588 3697 4654; baseline -0.003 -10"><span class='ocrx_word' id='word_1_728' title='bbox 2121 4602 2229 4654; x_wconf 88' lang='lat' dir='ltr'><strong>rat,</strong></span> <span class='ocrx_word' id='word_1_729' title='bbox 2268 4601 2324 4643; x_wconf 90' lang='lat' dir='ltr'><strong>ut</strong></span> <span class='ocrx_word' id='word_1_730' title='bbox 2354 4594 2510 4645; x_wconf 90' lang='lat' dir='ltr'><strong>docet</strong></span> <span class='ocrx_word' id='word_1_731' title='bbox 2557 4590 2863 4644; x_wconf 82' lang='lat' dir='ltr'><strong>Methodius</strong></span> <span class='ocrx_word' id='word_1_732' title='bbox 2896 4592 2945 4642; x_wconf 87' lang='lat' dir='ltr'><strong>in</strong></span> <span class='ocrx_word' id='word_1_733' title='bbox 3002 4590 3140 4643; x_wconf 89' lang='lat' dir='ltr'><strong>libro</strong></span> <span class='ocrx_word' id='word_1_734' title='bbox 3193 4588 3267 4641; x_wconf 84' lang='lat' dir='ltr'><strong>De</strong></span> <span class='ocrx_word' id='word_1_735' title='bbox 3314 4590 3697 4641; x_wconf 75' lang='lat' dir='ltr'><strong>resurrectione</strong></span> 
     </span>
    </p>
   </div>
   <div class='ocr_carea' id='block_1_103' title="bbox 430 4632 3700 4729">
    <p class='ocr_par' dir='ltr' id='par_1_103' title="bbox 430 4632 3700 4729">
     <span class='ocr_line' id='line_1_104' title="bbox 430 4632 3700 4729; baseline -0.002 -17"><span class='ocrx_word' id='word_1_736' title='bbox 430 4632 701 4723; x_wconf 48' lang='lat' dir='ltr'><strong>magis.</strong></span> <span class='ocrx_word' id='word_1_737' title='bbox 728 4632 1866 4729; x_wconf 42' lang='lat' dir='ltr'><strong>3:55;;tina;ssua;5355.133};t‘:</strong></span> <span class='ocrx_word' id='word_1_738' title='bbox 1878 4632 2016 4725; x_wconf 67' lang='grc' dir='ltr'><strong>’ὄξδ</strong></span> <span class='ocrx_word' id='word_1_739' title='bbox 2047 4632 2091 4685; x_wconf 75' lang='grc' dir='ltr'><strong>ι)</strong></span> <span class='ocrx_word' id='word_1_740' title='bbox 2122 4632 3700 4729; x_wconf 46' lang='lat' dir='ltr'><strong>&#39;.&#39;,&#39;;..’.t&quot;t:5t;;‘..“.;..agragas.ira“;iugatam;</strong></span> 
     </span>
    </p>
   </div>
   <div class='ocr_carea' id='block_1_104' title="bbox 428 4725 2011 4802">
    <p class='ocr_par' dir='ltr' id='par_1_104' title="bbox 428 4725 2011 4802">
     <span class='ocr_line' id='line_1_105' title="bbox 428 4725 2011 4802; baseline -0.001 -19"><span class='ocrx_word' id='word_1_741' title='bbox 428 4730 757 4802; x_wconf 71' lang='grc' dir='ltr'>παράδεισος</span> <span class='ocrx_word' id='word_1_742' title='bbox 784 4725 908 4785; x_wconf 76' lang='grc' dir='ltr'>οὔτε</span> <span class='ocrx_word' id='word_1_743' title='bbox 951 4728 1126 4802; x_wconf 19' lang='grc' dir='ltr'>ὲνλτῴ</span> <span class='ocrx_word' id='word_1_744' title='bbox 1151 4725 1387 4802; x_wconf 77' lang='grc' dir='ltr'>οὐρανῷ,</span> <span class='ocrx_word' id='word_1_745' title='bbox 1422 4725 1572 4802; x_wconf 67' lang='grc' dir='ltr'><strong>οὔτεΔ</strong></span> <span class='ocrx_word' id='word_1_746' title='bbox 1606 4728 1700 4781; x_wconf 78' lang='grc' dir='ltr'><strong>ἐπὶ</strong></span> <span class='ocrx_word' id='word_1_747' title='bbox 1737 4730 1836 4800; x_wconf 80' lang='grc' dir='ltr'>τῆς</span> <span class='ocrx_word' id='word_1_748' title='bbox 1890 4733 2011 4802; x_wconf 79' lang='grc' dir='ltr'>γῆς,</span> 
     </span>
    </p>
   </div>
   <div class='ocr_carea' id='block_1_105' title="bbox 430 4798 2009 4871">
    <p class='ocr_par' dir='ltr' id='par_1_105' title="bbox 430 4798 2009 4871">
     <span class='ocr_line' id='line_1_106' title="bbox 430 4798 2009 4871; baseline 0.002 -18"><span class='ocrx_word' id='word_1_749' title='bbox 430 4798 565 4853; x_wconf 75' lang='grc' dir='ltr'>ἀλλὰ</span> <span class='ocrx_word' id='word_1_750' title='bbox 590 4800 795 4853; x_wconf 86' lang='grc' dir='ltr'>τούτων</span> <span class='ocrx_word' id='word_1_751' title='bbox 833 4800 1058 4871; x_wconf 82' lang='grc' dir='ltr'>μεταξύ.</span> <span class='ocrx_word' id='word_1_752' title='bbox 1086 4798 1150 4853; x_wconf 74' lang='lat' dir='ltr'><strong>Et</strong></span> <span class='ocrx_word' id='word_1_753' title='bbox 1173 4798 1367 4871; x_wconf 58' lang='lat' dir='ltr'><strong>capitis</strong></span> <span class='ocrx_word' id='word_1_754' title='bbox 1414 4798 1498 4871; x_wconf 74' lang='lat' dir='ltr'><strong>l2_</strong></span> <span class='ocrx_word' id='word_1_755' title='bbox 1523 4798 1608 4852; x_wconf 89' lang='lat' dir='ltr'><strong>hic</strong></span> <span class='ocrx_word' id='word_1_756' title='bbox 1639 4809 1756 4851; x_wconf 79' lang='lat' dir='ltr'><strong>erat</strong></span> <span class='ocrx_word' id='word_1_757' title='bbox 1787 4798 2009 4856; x_wconf 67' lang='lat' dir='ltr'><strong>titulus:</strong></span> 
     </span>
    </p>
   </div>
   <div class='ocr_carea' id='block_1_106' title="bbox 430 4865 1992 4936">
    <p class='ocr_par' dir='ltr' id='par_1_106' title="bbox 430 4865 1992 4936">
     <span class='ocr_line' id='line_1_107' title="bbox 430 4865 1992 4936; baseline 0.002 -14"><span class='ocrx_word' id='word_1_758' title='bbox 430 4873 584 4935; x_wconf 74' lang='lat' dir='ltr'><strong>Quod</strong></span> <span class='ocrx_word' id='word_1_759' title='bbox 613 4865 896 4936; x_wconf 80' lang='lat' dir='ltr'><strong>paradisus</strong></span> <span class='ocrx_word' id='word_1_760' title='bbox 919 4865 1002 4925; x_wconf 79' lang='lat' dir='ltr'><strong>est</strong></span> <span class='ocrx_word' id='word_1_761' title='bbox 1031 4865 1260 4933; x_wconf 84' lang='lat' dir='ltr'><strong>superna</strong></span> <span class='ocrx_word' id='word_1_762' title='bbox 1293 4865 1619 4930; x_wconf 81' lang='lat' dir='ltr'><strong>Jerusalem,</strong></span> <span class='ocrx_word' id='word_1_763' title='bbox 1658 4877 1713 4922; x_wconf 81' lang='lat' dir='ltr'><strong>et</strong></span> <span class='ocrx_word' id='word_1_764' title='bbox 1739 4871 1789 4921; x_wconf 93' lang='lat' dir='ltr'><strong>in</strong></span> <span class='ocrx_word' id='word_1_765' title='bbox 1832 4875 1992 4926; x_wconf 72' lang='lat' dir='ltr'><strong>tertio</strong></span> 
     </span>
    </p>
   </div>
   <div class='ocr_carea' id='block_1_107' title="bbox 429 4937 2013 5007">
    <p class='ocr_par' dir='ltr' id='par_1_107' title="bbox 429 4937 2013 5007">
     <span class='ocr_line' id='line_1_108' title="bbox 429 4937 2013 5007; baseline 0.001 -12"><span class='ocrx_word' id='word_1_766' title='bbox 429 4942 571 4995; x_wconf 65' lang='lat' dir='ltr'><strong>enato</strong></span> <span class='ocrx_word' id='word_1_767' title='bbox 607 4956 621 4991; x_wconf 86' lang='lat'><strong>:</strong></span> <span class='ocrx_word' id='word_1_768' title='bbox 656 4950 711 4993; x_wconf 89' lang='lat' dir='ltr'><strong>et</strong></span> <span class='ocrx_word' id='word_1_769' title='bbox 735 4941 875 5007; x_wconf 84' lang='lat' dir='ltr'><strong>quod</strong></span> <span class='ocrx_word' id='word_1_770' title='bbox 915 4943 1139 4994; x_wconf 84' lang='lat' dir='ltr'><strong>arbores</strong></span> <span class='ocrx_word' id='word_1_771' title='bbox 1166 4953 1286 5003; x_wconf 74' lang='lat' dir='ltr'><strong>qua:</strong></span> <span class='ocrx_word' id='word_1_772' title='bbox 1317 4937 1425 4989; x_wconf 87' lang='lat' dir='ltr'><strong>illic</strong></span> <span class='ocrx_word' id='word_1_773' title='bbox 1463 4948 1609 5002; x_wconf 85' lang='lat' dir='ltr'><strong>sunt,</strong></span> <span class='ocrx_word' id='word_1_774' title='bbox 1652 4939 1927 4995; x_wconf 81' lang='lat' dir='ltr'><strong>intellectu</strong></span> <span class='ocrx_word' id='word_1_775' title='bbox 1957 4953 2013 4996; x_wconf 83' lang='lat' dir='ltr'><strong>et</strong></span> 
     </span>
    </p>
   </div>
   <div class='ocr_carea' id='block_1_108' title="bbox 430 5008 2010 5076">
    <p class='ocr_par' dir='ltr' id='par_1_108' title="bbox 430 5008 2010 5076">
     <span class='ocr_line' id='line_1_109' title="bbox 430 5008 2010 5076; baseline -0.002 -11"><span class='ocrx_word' id='word_1_776' title='bbox 430 5011 662 5065; x_wconf 83' lang='lat' dir='ltr'><strong>scientia</strong></span> <span class='ocrx_word' id='word_1_777' title='bbox 687 5022 811 5062; x_wconf 88' lang='lat' dir='ltr'><strong>sunt</strong></span> <span class='ocrx_word' id='word_1_778' title='bbox 838 5012 1114 5076; x_wconf 69' lang='lat' dir='ltr'><strong>prteditua;</strong></span> <span class='ocrx_word' id='word_1_779' title='bbox 1145 5020 1199 5060; x_wconf 87' lang='lat' dir='ltr'><strong>ct</strong></span> <span class='ocrx_word' id='word_1_780' title='bbox 1230 5010 1372 5073; x_wconf 85' lang='lat' dir='ltr'><strong>quod</strong></span> <span class='ocrx_word' id='word_1_781' title='bbox 1397 5008 1640 5062; x_wconf 81' lang='lat' dir='ltr'><strong>Adamus</strong></span> <span class='ocrx_word' id='word_1_782' title='bbox 1679 5022 1797 5076; x_wconf 90' lang='lat' dir='ltr'><strong>post</strong></span> <span class='ocrx_word' id='word_1_783' title='bbox 1831 5023 2010 5065; x_wconf 69' lang='lat' dir='ltr'><strong>ll‘dllS-</strong></span> 
     </span>
    </p>
   </div>
   <div class='ocr_carea' id='block_1_109' title="bbox 430 5078 2012 5148">
    <p class='ocr_par' dir='ltr' id='par_1_109' title="bbox 430 5078 2012 5148">
     <span class='ocr_line' id='line_1_110' title="bbox 430 5078 2012 5148; baseline 0 -15"><span class='ocrx_word' id='word_1_784' title='bbox 430 5081 767 5148; x_wconf 75' lang='lat' dir='ltr'><strong>gressionem</strong></span> <span class='ocrx_word' id='word_1_785' title='bbox 820 5081 972 5133; x_wconf 88' lang='lat' dir='ltr'><strong>illinc</strong></span> <span class='ocrx_word' id='word_1_786' title='bbox 1022 5082 1072 5132; x_wconf 91' lang='lat' dir='ltr'><strong>in</strong></span> <span class='ocrx_word' id='word_1_787' title='bbox 1118 5089 1317 5130; x_wconf 83' lang='lat' dir='ltr'><strong>terram</strong></span> <span class='ocrx_word' id='word_1_788' title='bbox 1374 5078 1617 5143; x_wconf 81' lang='lat' dir='ltr'><strong>tlejectus</strong></span> <span class='ocrx_word' id='word_1_789' title='bbox 1674 5093 1777 5136; x_wconf 84' lang='lat' dir='ltr'><strong>est.</strong></span> <span class='ocrx_word' id='word_1_790' title='bbox 1812 5081 2012 5137; x_wconf 80' lang='lat' dir='ltr'><strong>Deinde</strong></span> 
     </span>
    </p>
   </div>
   <div class='ocr_carea' id='block_1_110' title="bbox 430 5148 2008 5215">
    <p class='ocr_par' dir='ltr' id='par_1_110' title="bbox 430 5148 2008 5215">
     <span class='ocr_line' id='line_1_111' title="bbox 430 5148 2008 5215; baseline 0.002 -13"><span class='ocrx_word' id='word_1_791' title='bbox 430 5154 668 5204; x_wconf 84' lang='lat' dir='ltr'><strong>assertio</strong></span> <span class='ocrx_word' id='word_1_792' title='bbox 718 5152 1018 5213; x_wconf 88' lang='lat' dir='ltr'><strong>contraria,</strong></span> <span class='ocrx_word' id='word_1_793' title='bbox 1082 5148 1388 5215; x_wconf 82' lang='lat' dir='ltr'><strong>paradisum</strong></span> <span class='ocrx_word' id='word_1_794' title='bbox 1431 5162 1538 5199; x_wconf 92' lang='lat' dir='ltr'><strong>non</strong></span> <span class='ocrx_word' id='word_1_795' title='bbox 1581 5164 1704 5203; x_wconf 83' lang='lat' dir='ltr'><strong>esse</strong></span> <span class='ocrx_word' id='word_1_796' title='bbox 1747 5151 1797 5203; x_wconf 91' lang='lat' dir='ltr'><strong>in</strong></span> <span class='ocrx_word' id='word_1_797' title='bbox 1849 5156 2008 5205; x_wconf 79' lang='lat' dir='ltr'><strong>tertio</strong></span> 
     </span>
    </p>
   </div>
   <div class='ocr_carea' id='block_1_111' title="bbox 428 5214 2007 5279">
    <p class='ocr_par' dir='ltr' id='par_1_111' title="bbox 428 5214 2007 5279">
     <span class='ocr_line' id='line_1_112' title="bbox 428 5214 2007 5279; baseline 0.003 -8"><span class='ocrx_word' id='word_1_798' title='bbox 428 5222 590 5279; x_wconf 66' lang='lat' dir='ltr'><strong>coelo.</strong></span> <span class='ocrx_word' id='word_1_799' title='bbox 616 5221 708 5275; x_wconf 88' lang='lat' dir='ltr'><strong>sed</strong></span> <span class='ocrx_word' id='word_1_800' title='bbox 741 5221 791 5273; x_wconf 93' lang='lat' dir='ltr'><strong>in</strong></span> <span class='ocrx_word' id='word_1_801' title='bbox 825 5231 989 5276; x_wconf 89' lang='lat' dir='ltr'><strong>terra.</strong></span> <span class='ocrx_word' id='word_1_802' title='bbox 1019 5214 1179 5274; x_wconf 79' lang='lat' dir='ltr'><strong>Certe</strong></span> <span class='ocrx_word' id='word_1_803' title='bbox 1203 5214 1465 5269; x_wconf 85' lang='lat' dir='ltr'><strong>Tatianus</strong></span> <span class='ocrx_word' id='word_1_804' title='bbox 1510 5218 1562 5270; x_wconf 93' lang='lat' dir='ltr'><strong>in</strong></span> <span class='ocrx_word' id='word_1_805' title='bbox 1596 5216 1851 5273; x_wconf 82' lang='lat' dir='ltr'><strong>Oratione</strong></span> <span class='ocrx_word' id='word_1_806' title='bbox 1885 5239 2007 5275; x_wconf 85' lang='lat' dir='ltr'><strong>con-</strong></span> 
     </span>
    </p>
   </div>
   <div class='ocr_carea' id='block_1_112' title="bbox 430 5286 2007 5362">
    <p class='ocr_par' dir='ltr' id='par_1_112' title="bbox 430 5286 2007 5362">
     <span class='ocr_line' id='line_1_113' title="bbox 430 5286 2007 5362; baseline 0.002 -22"><span class='ocrx_word' id='word_1_807' title='bbox 430 5302 511 5342; x_wconf 78' lang='lat' dir='ltr'><strong>tra</strong></span> <span class='ocrx_word' id='word_1_808' title='bbox 551 5290 780 5353; x_wconf 62' lang='grc' dir='ltr'><strong>(ἔναιε-οδ,</strong></span> <span class='ocrx_word' id='word_1_809' title='bbox 831 5292 1142 5362; x_wconf 75' lang='lat' dir='ltr'><strong>paradisum</strong></span> <span class='ocrx_word' id='word_1_810' title='bbox 1172 5287 1224 5340; x_wconf 89' lang='lat' dir='ltr'><strong>in</strong></span> <span class='ocrx_word' id='word_1_811' title='bbox 1275 5302 1385 5362; x_wconf 80' lang='lat' dir='ltr'><strong>quo</strong></span> <span class='ocrx_word' id='word_1_812' title='bbox 1421 5286 1660 5362; x_wconf 83' lang='lat' dir='ltr'><strong>Adamus</strong></span> <span class='ocrx_word' id='word_1_813' title='bbox 1686 5306 1714 5343; x_wconf 86' lang='lat' dir='ltr'><strong>a</strong></span> <span class='ocrx_word' id='word_1_814' title='bbox 1758 5292 1866 5362; x_wconf 73' lang='lat' dir='ltr'><strong>lico</strong></span> <span class='ocrx_word' id='word_1_815' title='bbox 1897 5294 2007 5346; x_wconf 91' lang='lat' dir='ltr'><strong>col-</strong></span> 
     </span>
    </p>
   </div>
   <div class='ocr_carea' id='block_1_113' title="bbox 432 5357 2006 5427">
    <p class='ocr_par' dir='ltr' id='par_1_113' title="bbox 432 5357 2006 5427">
     <span class='ocr_line' id='line_1_114' title="bbox 432 5357 2006 5427; baseline 0.003 -16"><span class='ocrx_word' id='word_1_816' title='bbox 432 5364 636 5413; x_wconf 77' lang='lat' dir='ltr'><strong>locatus</strong></span> <span class='ocrx_word' id='word_1_817' title='bbox 672 5370 775 5420; x_wconf 87' lang='lat' dir='ltr'><strong>est.</strong></span> <span class='ocrx_word' id='word_1_818' title='bbox 804 5357 910 5415; x_wconf 79' lang='lat' dir='ltr'><strong>non</strong></span> <span class='ocrx_word' id='word_1_819' title='bbox 939 5363 989 5415; x_wconf 85' lang='lat' dir='ltr'><strong>in</strong></span> <span class='ocrx_word' id='word_1_820' title='bbox 1017 5362 1119 5414; x_wconf 88' lang='lat' dir='ltr'><strong>hac</strong></span> <span class='ocrx_word' id='word_1_821' title='bbox 1152 5372 1317 5427; x_wconf 90' lang='lat' dir='ltr'><strong>quam</strong></span> <span class='ocrx_word' id='word_1_822' title='bbox 1353 5357 1636 5427; x_wconf 87' lang='lat' dir='ltr'><strong>incolimus</strong></span> <span class='ocrx_word' id='word_1_823' title='bbox 1669 5370 1809 5413; x_wconf 90' lang='lat' dir='ltr'><strong>terra</strong></span> <span class='ocrx_word' id='word_1_824' title='bbox 1838 5360 2006 5417; x_wconf 78' lang='lat' dir='ltr'><strong>fuisse</strong></span> 
     </span>
    </p>
   </div>
   <div class='ocr_carea' id='block_1_114' title="bbox 430 5426 2007 5499">
    <p class='ocr_par' dir='ltr' id='par_1_114' title="bbox 430 5426 2007 5499">
     <span class='ocr_line' id='line_1_115' title="bbox 430 5426 2007 5499; baseline 0.006 -21"><span class='ocrx_word' id='word_1_825' title='bbox 430 5434 581 5495; x_wconf 67' lang='lat' dir='ltr'><strong>dicit,</strong></span> <span class='ocrx_word' id='word_1_826' title='bbox 622 5437 713 5484; x_wconf 86' lang='lat' dir='ltr'><strong>sed</strong></span> <span class='ocrx_word' id='word_1_827' title='bbox 767 5434 818 5483; x_wconf 89' lang='lat' dir='ltr'><strong>in</strong></span> <span class='ocrx_word' id='word_1_828' title='bbox 861 5430 971 5485; x_wconf 74' lang='lat' dir='ltr'><strong>alio</strong></span> <span class='ocrx_word' id='word_1_829' title='bbox 1014 5426 1185 5499; x_wconf 72' lang='lat' dir='ltr'><strong>ninltu</strong></span> <span class='ocrx_word' id='word_1_830' title='bbox 1229 5426 1622 5499; x_wconf 57' lang='lat' dir='ltr'><strong>praestantiore.</strong></span> <span class='ocrx_word' id='word_1_831' title='bbox 1661 5429 1830 5484; x_wconf 83' lang='lat' dir='ltr'><strong>Verba</strong></span> <span class='ocrx_word' id='word_1_832' title='bbox 1889 5434 2007 5499; x_wconf 83' lang='lat' dir='ltr'><strong>ejus</strong></span> 
     </span>
    </p>
   </div>
   <div class='ocr_carea' id='block_1_115' title="bbox 432 5496 2000 5571">
    <p class='ocr_par' dir='ltr' id='par_1_115' title="bbox 432 5496 2000 5571">
     <span class='ocr_line' id='line_1_116' title="bbox 432 5496 2000 5571; baseline 0.004 -21"><span class='ocrx_word' id='word_1_833' title='bbox 432 5501 542 5571; x_wconf 59' lang='grc' dir='ltr'>Ιιιυιτ</span> <span class='ocrx_word' id='word_1_834' title='bbox 574 5511 720 5565; x_wconf 79' lang='lat' dir='ltr'><strong>sunt,</strong></span> <span class='ocrx_word' id='word_1_835' title='bbox 755 5516 875 5571; x_wconf 68' lang='lat' dir='ltr'><strong>qum</strong></span> <span class='ocrx_word' id='word_1_836' title='bbox 910 5502 1098 5570; x_wconf 84' lang='lat' dir='ltr'><strong>procul</strong></span> <span class='ocrx_word' id='word_1_837' title='bbox 1142 5497 1305 5571; x_wconf 75' lang='lat' dir='ltr'><strong>dubio</strong></span> <span class='ocrx_word' id='word_1_838' title='bbox 1353 5496 1656 5571; x_wconf 71' lang='lat' dir='ltr'><strong>adduxerat</strong></span> <span class='ocrx_word' id='word_1_839' title='bbox 1687 5496 2000 5569; x_wconf 79' lang='lat' dir='ltr'><strong>Stephanus</strong></span> 
     </span>
    </p>
   </div>
   <div class='ocr_carea' id='block_1_116' title="bbox 428 5565 2002 5625">
    <p class='ocr_par' dir='ltr' id='par_1_116' title="bbox 428 5565 2002 5625">
     <span class='ocr_line' id='line_1_117' title="bbox 428 5565 2002 5625; baseline 0.003 -4"><span class='ocrx_word' id='word_1_840' title='bbox 428 5569 677 5622; x_wconf 72' lang='lat' dir='ltr'><strong>Gttlml’lls</strong></span> <span class='ocrx_word' id='word_1_841' title='bbox 705 5565 944 5625; x_wconf 51' lang='lat' dir='ltr'><strong>ad&#39;illiu&#39;s</strong></span> <span class='ocrx_word' id='word_1_842' title='bbox 970 5568 1258 5625; x_wconf 67' lang='lat' dir='ltr'><strong>sententiae</strong></span> <span class='ocrx_word' id='word_1_843' title='bbox 1305 5565 1802 5621; x_wconf 53' lang='lat' dir='ltr'><strong>cnttllrtuatiom-ur</strong></span> <span class='ocrx_word' id='word_1_844' title='bbox 1821 5589 1834 5623; x_wconf 92' lang='lat'>:</span> <span class='ocrx_word' id='word_1_845' title='bbox 1856 5573 2002 5624; x_wconf 79' lang='grc' dir='ltr'>Μετ-</span> 
     </span>
    </p>
   </div>
   <div class='ocr_carea' id='block_1_117' title="bbox 427 5633 2009 5714">
    <p class='ocr_par' dir='ltr' id='par_1_117' title="bbox 427 5633 2009 5714">
     <span class='ocr_line' id='line_1_118' title="bbox 427 5633 2009 5714; baseline 0.015 -24"><span class='ocrx_word' id='word_1_846' title='bbox 427 5639 741 5714; x_wconf 80' lang='grc' dir='ltr'>ῳκίσθησαν</span> <span class='ocrx_word' id='word_1_847' title='bbox 783 5644 832 5695; x_wconf 86' lang='grc' dir='ltr'><strong>οι</strong></span> <span class='ocrx_word' id='word_1_848' title='bbox 874 5642 1153 5714; x_wconf 68' lang='grc' dir='ltr'>δαίμονες,</span> <span class='ocrx_word' id='word_1_849' title='bbox 1185 5633 1641 5714; x_wconf 56' lang='grc' dir='ltr'>ἐξωρίσθησεγρι</span> <span class='ocrx_word' id='word_1_850' title='bbox 1686 5644 2009 5714; x_wconf 65' lang='grc' dir='ltr'>πρωτόπλαέ</span> 
     </span>
    </p>
   </div>
   <div class='ocr_carea' id='block_1_118' title="bbox 429 5704 2007 5782">
    <p class='ocr_par' dir='ltr' id='par_1_118' title="bbox 429 5704 2007 5782">
     <span class='ocr_line' id='line_1_119' title="bbox 429 5704 2007 5782; baseline 0.004 -22"><span class='ocrx_word' id='word_1_851' title='bbox 429 5704 543 5782; x_wconf 74' lang='grc' dir='ltr'>στοι</span> <span class='ocrx_word' id='word_1_852' title='bbox 564 5726 578 5739; x_wconf 91' lang='grc'>·</span> <span class='ocrx_word' id='word_1_853' title='bbox 603 5704 708 5782; x_wconf 65' lang='grc' dir='ltr'><strong>καὶ</strong></span> <span class='ocrx_word' id='word_1_854' title='bbox 738 5713 788 5782; x_wconf 77' lang='grc' dir='ltr'>οἱ</span> <span class='ocrx_word' id='word_1_855' title='bbox 832 5712 929 5782; x_wconf 80' lang='grc' dir='ltr'>μὲν</span> <span class='ocrx_word' id='word_1_856' title='bbox 958 5704 1051 5765; x_wconf 81' lang='grc' dir='ltr'><strong>ἀπ’</strong></span> <span class='ocrx_word' id='word_1_857' title='bbox 1092 5704 1323 5782; x_wconf 77' lang='grc' dir='ltr'>ούρανοῦ</span> <span class='ocrx_word' id='word_1_858' title='bbox 1356 5704 1769 5782; x_wconf 69' lang='grc' dir='ltr'>κατεϐλήθησαν</span> <span class='ocrx_word' id='word_1_859' title='bbox 1789 5728 1828 5782; x_wconf 47' lang='grc' dir='ltr'><strong>χ</strong></span> <span class='ocrx_word' id='word_1_860' title='bbox 1853 5715 1901 5765; x_wconf 79' lang='lat' dir='ltr'><strong>ot</strong></span> <span class='ocrx_word' id='word_1_861' title='bbox 1951 5713 2007 5765; x_wconf 82' lang='grc' dir='ltr'>δὲ</span> 
     </span>
    </p>
   </div>
   <div class='ocr_carea' id='block_1_119' title="bbox 427 5748 2009 5853">
    <p class='ocr_par' dir='ltr' id='par_1_119' title="bbox 427 5748 2009 5853">
     <span class='ocr_line' id='line_1_120' title="bbox 427 5748 2009 5853; baseline 0.001 -22"><span class='ocrx_word' id='word_1_862' title='bbox 427 5748 543 5832; x_wconf 61' lang='grc' dir='ltr'><strong>ἐξιξὶ</strong></span> <span class='ocrx_word' id='word_1_863' title='bbox 562 5748 811 5850; x_wconf 63' lang='grc' dir='ltr'><strong>γῖὶἷὶιξπ),</strong></span> <span class='ocrx_word' id='word_1_864' title='bbox 832 5748 1425 5841; x_wconf 48' lang='grc' dir='ltr'><strong>Ἑᾶἃᾜὲάϊξάῦἦξ</strong></span> <span class='ocrx_word' id='word_1_865' title='bbox 1441 5748 1774 5843; x_wconf 59' lang='grc' dir='ltr'><strong>’ὲῖὲῖἐῶζέ</strong></span> <span class='ocrx_word' id='word_1_866' title='bbox 1811 5748 2009 5853; x_wconf 46' lang='lat' dir='ltr'><strong>afri;</strong></span> 
     </span>
    </p>
   </div>
   <div class='ocr_carea' id='block_1_120' title="bbox 2125 4731 3689 4797">
    <p class='ocr_par' dir='ltr' id='par_1_120' title="bbox 2125 4731 3689 4797">
     <span class='ocr_line' id='line_1_121' title="bbox 2125 4731 3689 4797; baseline -0.003 -13"><span class='ocrx_word' id='word_1_867' title='bbox 2125 4732 2358 4784; x_wconf 80' lang='lat' dir='ltr'><strong>lentiuns</strong></span> <span class='ocrx_word' id='word_1_868' title='bbox 2418 4731 2725 4797; x_wconf 58' lang='lat' dir='ltr'><strong>paradisum</strong></span> <span class='ocrx_word' id='word_1_869' title='bbox 2779 4734 2831 4782; x_wconf 88' lang='lat' dir='ltr'><strong>in</strong></span> <span class='ocrx_word' id='word_1_870' title='bbox 2860 4745 2967 4797; x_wconf 86' lang='lat' dir='ltr'><strong>quo</strong></span> <span class='ocrx_word' id='word_1_871' title='bbox 3001 4733 3169 4782; x_wconf 79' lang='lat' dir='ltr'><strong>Adam</strong></span> <span class='ocrx_word' id='word_1_872' title='bbox 3216 4731 3526 4783; x_wconf 86' lang='lat' dir='ltr'><strong>diversatus</strong></span> <span class='ocrx_word' id='word_1_873' title='bbox 3579 4739 3689 4785; x_wconf 86' lang='lat' dir='ltr'><strong>est.</strong></span> 
     </span>
    </p>
   </div>
   <div class='ocr_carea' id='block_1_121' title="bbox 2120 4798 3697 4868">
    <p class='ocr_par' dir='ltr' id='par_1_121' title="bbox 2120 4798 3697 4868">
     <span class='ocr_line' id='line_1_122' title="bbox 2120 4798 3697 4868; baseline -0.003 -14"><span class='ocrx_word' id='word_1_874' title='bbox 2120 4817 2279 4868; x_wconf 88' lang='lat' dir='ltr'><strong>supra</strong></span> <span class='ocrx_word' id='word_1_875' title='bbox 2305 4803 2517 4854; x_wconf 83' lang='lat' dir='ltr'><strong>tertium</strong></span> <span class='ocrx_word' id='word_1_876' title='bbox 2543 4801 2739 4868; x_wconf 75' lang='grc' dir='ltr'>οωΙιιιιι</span> <span class='ocrx_word' id='word_1_877' title='bbox 2765 4811 3039 4867; x_wconf 87' lang='lat' dir='ltr'><strong>posuerat,</strong></span> <span class='ocrx_word' id='word_1_878' title='bbox 3059 4812 3113 4853; x_wconf 91' lang='lat' dir='ltr'><strong>et</strong></span> <span class='ocrx_word' id='word_1_879' title='bbox 3138 4798 3553 4853; x_wconf 85' lang='lat' dir='ltr'><strong>intellectualem</strong></span> <span class='ocrx_word' id='word_1_880' title='bbox 3574 4810 3697 4851; x_wconf 88' lang='lat' dir='ltr'><strong>esse</strong></span> 
     </span>
    </p>
   </div>
   <div class='ocr_carea' id='block_1_122' title="bbox 2116 4867 3173 4924">
    <p class='ocr_par' dir='ltr' id='par_1_122' title="bbox 2116 4867 3173 4924">
     <span class='ocr_line' id='line_1_123' title="bbox 2116 4867 3173 4924; baseline -0.002 0"><span class='ocrx_word' id='word_1_881' title='bbox 2116 4867 2483 4924; x_wconf 79' lang='lat' dir='ltr'><strong>allirmaverat</strong></span> <span class='ocrx_word' id='word_1_882' title='bbox 2516 4880 2655 4923; x_wconf 85' lang='lat' dir='ltr'><strong>teste</strong></span> <span class='ocrx_word' id='word_1_883' title='bbox 2683 4867 2888 4922; x_wconf 77' lang='lat' dir='ltr'><strong>lretuco</strong></span> <span class='ocrx_word' id='word_1_884' title='bbox 2917 4871 2967 4921; x_wconf 89' lang='lat' dir='ltr'><strong>in</strong></span> <span class='ocrx_word' id='word_1_885' title='bbox 2999 4871 3093 4923; x_wconf 87' lang='lat' dir='ltr'><strong>lth.</strong></span> <span class='ocrx_word' id='word_1_886' title='bbox 3136 4886 3173 4922; x_wconf 86' lang='grc' dir='ltr'>ι.</span> 
     </span>
    </p>
   </div>
   <div class='ocr_carea' id='block_1_123' title="bbox 2191 4934 3696 5010">
    <p class='ocr_par' dir='ltr' id='par_1_123' title="bbox 2191 4934 3696 5010">
     <span class='ocr_line' id='line_1_124' title="bbox 2191 4934 3696 5010; baseline -0.005 -17"><span class='ocrx_word' id='word_1_887' title='bbox 2191 4940 2304 5010; x_wconf 72' lang='lat'><strong>(12)</strong></span> <span class='ocrx_word' id='word_1_888' title='bbox 2325 4940 2478 5007; x_wconf 72' lang='lat' dir='ltr'><strong>Vulg.</strong></span> <span class='ocrx_word' id='word_1_889' title='bbox 2505 4937 2751 5010; x_wconf 67' lang='grc' dir='ltr'>καρπῶν</span> <span class='ocrx_word' id='word_1_890' title='bbox 2773 4956 2834 4992; x_wconf 81' lang='grc' dir='ltr'><strong>τε</strong></span> <span class='ocrx_word' id='word_1_891' title='bbox 2851 4938 3151 5007; x_wconf 71' lang='grc' dir='ltr'>διαφόρων</span> <span class='ocrx_word' id='word_1_892' title='bbox 3165 4938 3478 5007; x_wconf 70' lang='grc' dir='ltr'>βρίθοντα.</span> <span class='ocrx_word' id='word_1_893' title='bbox 3497 4934 3696 5010; x_wconf 64' lang='lat' dir='ltr'><strong>Gram-</strong></span> 
     </span>
    </p>
   </div>
   <div class='ocr_carea' id='block_1_124' title="bbox 2119 5008 3695 5078">
    <p class='ocr_par' dir='ltr' id='par_1_124' title="bbox 2119 5008 3695 5078">
     <span class='ocr_line' id='line_1_125' title="bbox 2119 5008 3695 5078; baseline -0.003 -15"><span class='ocrx_word' id='word_1_894' title='bbox 2119 5008 2329 5064; x_wconf 59' lang='lat' dir='ltr'><strong>maticas</strong></span> <span class='ocrx_word' id='word_1_895' title='bbox 2376 5011 2522 5077; x_wconf 81' lang='lat' dir='ltr'><strong>leges</strong></span> <span class='ocrx_word' id='word_1_896' title='bbox 2567 5009 2841 5077; x_wconf 80' lang='lat' dir='ltr'><strong>pOslttlaltt</strong></span> <span class='ocrx_word' id='word_1_897' title='bbox 2899 5021 2958 5062; x_wconf 92' lang='lat' dir='ltr'><strong>ut</strong></span> <span class='ocrx_word' id='word_1_898' title='bbox 3002 5013 3304 5063; x_wconf 63' lang='lat' dir='ltr'><strong>scribamus</strong></span> <span class='ocrx_word' id='word_1_899' title='bbox 3353 5008 3587 5078; x_wconf 76' lang='grc' dir='ltr'>καρποῖς</span> <span class='ocrx_word' id='word_1_900' title='bbox 3635 5021 3695 5058; x_wconf 81' lang='grc' dir='ltr'><strong>τε</strong></span> 
     </span>
    </p>
   </div>
   <div class='ocr_carea' id='block_1_125' title="bbox 2115 5078 3464 5151">
    <p class='ocr_par' dir='ltr' id='par_1_125' title="bbox 2115 5078 3464 5151">
     <span class='ocr_line' id='line_1_126' title="bbox 2115 5078 3464 5151; baseline -0.004 -16"><span class='ocrx_word' id='word_1_901' title='bbox 2115 5081 2415 5151; x_wconf 81' lang='grc' dir='ltr'>διαφόροις.</span> <span class='ocrx_word' id='word_1_902' title='bbox 2457 5083 2630 5147; x_wconf 88' lang='lat' dir='ltr'><strong>Atque</strong></span> <span class='ocrx_word' id='word_1_903' title='bbox 2659 5081 2730 5151; x_wconf 83' lang='lat' dir='ltr'><strong>ita</strong></span> <span class='ocrx_word' id='word_1_904' title='bbox 2754 5078 3008 5151; x_wconf 62' lang='lat' dir='ltr'><strong>scribitur</strong></span> <span class='ocrx_word' id='word_1_905' title='bbox 3039 5081 3095 5151; x_wconf 73' lang='lat' dir='ltr'><strong>in</strong></span> <span class='ocrx_word' id='word_1_906' title='bbox 3115 5080 3302 5151; x_wconf 87' lang='lat' dir='ltr'><strong>codice</strong></span> <span class='ocrx_word' id='word_1_907' title='bbox 3324 5078 3464 5151; x_wconf 68' lang='lat' dir='ltr'><strong>Fuit.</strong></span> 
     </span>
    </p>
   </div>
   <div class='ocr_carea' id='block_1_126' title="bbox 2188 5145 3690 5222">
    <p class='ocr_par' dir='ltr' id='par_1_126' title="bbox 2188 5145 3690 5222">
     <span class='ocr_line' id='line_1_127' title="bbox 2188 5145 3690 5222; baseline -0.004 -18"><span class='ocrx_word' id='word_1_908' title='bbox 2188 5145 2303 5222; x_wconf 72' lang='grc' dir='ltr'><strong>(ἰῦ)</strong></span> <span class='ocrx_word' id='word_1_909' title='bbox 2351 5145 2556 5222; x_wconf 49' lang='grc' dir='ltr'>Ὅσον(</span> <span class='ocrx_word' id='word_1_910' title='bbox 2583 5149 2733 5222; x_wconf 60' lang='grc' dir='ltr'>ποτὲ</span> <span class='ocrx_word' id='word_1_911' title='bbox 2765 5147 3012 5222; x_wconf 50' lang='grc' dir='ltr'>ἄνοσον.</span> <span class='ocrx_word' id='word_1_912' title='bbox 3065 5148 3428 5222; x_wconf 70' lang='lat' dir='ltr'><strong>Scribendum</strong></span> <span class='ocrx_word' id='word_1_913' title='bbox 3455 5145 3690 5222; x_wconf 78' lang='lat' dir='ltr'><strong>videtur,</strong></span> 
     </span>
    </p>
   </div>
   <div class='ocr_carea' id='block_1_127' title="bbox 2114 5216 3693 5289">
    <p class='ocr_par' dir='ltr' id='par_1_127' title="bbox 2114 5216 3693 5289">
     <span class='ocr_line' id='line_1_128' title="bbox 2114 5216 3693 5289; baseline -0.005 -14"><span class='ocrx_word' id='word_1_914' title='bbox 2114 5216 2236 5275; x_wconf 75' lang='grc' dir='ltr'>ὅσον</span> <span class='ocrx_word' id='word_1_915' title='bbox 2281 5216 2341 5273; x_wconf 84' lang='grc' dir='ltr'><strong>τε</strong></span> <span class='ocrx_word' id='word_1_916' title='bbox 2394 5219 2585 5272; x_wconf 83' lang='grc' dir='ltr'>άνοσον</span> <span class='ocrx_word' id='word_1_917' title='bbox 2643 5219 2749 5272; x_wconf 75' lang='grc' dir='ltr'><strong>ὑπὸ</strong></span> <span class='ocrx_word' id='word_1_918' title='bbox 2787 5220 2886 5289; x_wconf 84' lang='grc' dir='ltr'><strong>τῆς</strong></span> <span class='ocrx_word' id='word_1_919' title='bbox 2945 5218 3201 5273; x_wconf 81' lang='grc' dir='ltr'>Ὠκεανοῦ</span> <span class='ocrx_word' id='word_1_920' title='bbox 3256 5216 3693 5289; x_wconf 81' lang='grc' dir='ltr'>περινοστήσεως</span> 
     </span>
    </p>
   </div>
   <div class='ocr_carea' id='block_1_128' title="bbox 2114 5289 3693 5364">
    <p class='ocr_par' dir='ltr' id='par_1_128' title="bbox 2114 5289 3693 5364">
     <span class='ocr_line' id='line_1_129' title="bbox 2114 5289 3693 5364; baseline -0.004 -19"><span class='ocrx_word' id='word_1_921' title='bbox 2114 5292 2482 5364; x_wconf 71' lang='grc' dir='ltr'>διοριζόμενον</span> <span class='ocrx_word' id='word_1_922' title='bbox 2538 5290 2776 5364; x_wconf 61' lang='grc' dir='ltr'>οἰκῆσαι.</span> <span class='ocrx_word' id='word_1_923' title='bbox 2846 5291 3023 5364; x_wconf 71' lang='lat' dir='ltr'><strong>Scribi</strong></span> <span class='ocrx_word' id='word_1_924' title='bbox 3078 5291 3265 5364; x_wconf 42' lang='lat' dir='ltr'><strong>“etiam</strong></span> <span class='ocrx_word' id='word_1_925' title='bbox 3335 5297 3532 5364; x_wconf 83' lang='lat' dir='ltr'><strong>posset_</strong></span> <span class='ocrx_word' id='word_1_926' title='bbox 3588 5289 3693 5339; x_wconf 87' lang='lat' dir='ltr'><strong>hoc</strong></span> 
     </span>
    </p>
   </div>
   <div class='ocr_carea' id='block_1_129' title="bbox 2116 5356 3693 5432">
    <p class='ocr_par' dir='ltr' id='par_1_129' title="bbox 2116 5356 3693 5432">
     <span class='ocr_line' id='line_1_130' title="bbox 2116 5356 3693 5432; baseline -0.004 -17"><span class='ocrx_word' id='word_1_927' title='bbox 2116 5356 2275 5415; x_wconf 69' lang='lat' dir='ltr'><strong>tun&#39;do</strong></span> <span class='ocrx_word' id='word_1_928' title='bbox 2304 5356 2789 5432; x_wconf 69' lang='grc' dir='ltr'>ε’τοιγαροῦνδσον</span> <span class='ocrx_word' id='word_1_929' title='bbox 2814 5359 2944 5412; x_wconf 85' lang='grc' dir='ltr'>ποτὲ</span> <span class='ocrx_word' id='word_1_930' title='bbox 2978 5358 3039 5412; x_wconf 85' lang='grc' dir='ltr'><strong>τὸ</strong></span> <span class='ocrx_word' id='word_1_931' title='bbox 3070 5360 3281 5425; x_wconf 81' lang='grc' dir='ltr'>ἄνοσον,</span> <span class='ocrx_word' id='word_1_932' title='bbox 3305 5368 3440 5423; x_wconf 89' lang='lat' dir='ltr'><strong>etc.,</strong></span> <span class='ocrx_word' id='word_1_933' title='bbox 3484 5356 3693 5425; x_wconf 74' lang='lat' dir='ltr'><strong>absque</strong></span> 
     </span>
    </p>
   </div>
   <div class='ocr_carea' id='block_1_130' title="bbox 2116 5434 2579 5485">
    <p class='ocr_par' dir='ltr' id='par_1_130' title="bbox 2116 5434 2579 5485">
     <span class='ocr_line' id='line_1_131' title="bbox 2116 5434 2579 5485; baseline 0.002 -1"><span class='ocrx_word' id='word_1_934' title='bbox 2116 5434 2218 5485; x_wconf 90' lang='lat' dir='ltr'><strong>ttlla</strong></span> <span class='ocrx_word' id='word_1_935' title='bbox 2262 5440 2579 5485; x_wconf 85' lang='lat' dir='ltr'><strong>unitatmne.</strong></span> 
     </span>
    </p>
   </div>
   <div class='ocr_carea' id='block_1_131' title="bbox 2189 5494 3690 5571">
    <p class='ocr_par' dir='ltr' id='par_1_131' title="bbox 2189 5494 3690 5571">
     <span class='ocr_line' id='line_1_132' title="bbox 2189 5494 3690 5571; baseline -0.005 -17"><span class='ocrx_word' id='word_1_936' title='bbox 2189 5502 2304 5571; x_wconf 68' lang='grc'><strong>(14)</strong></span> <span class='ocrx_word' id='word_1_937' title='bbox 2344 5500 2853 5570; x_wconf 82' lang='grc' dir='ltr'>Χρησιμεύουσαι.</span> <span class='ocrx_word' id='word_1_938' title='bbox 2886 5496 3014 5571; x_wconf 82' lang='lat' dir='ltr'><strong>Post</strong></span> <span class='ocrx_word' id='word_1_939' title='bbox 3039 5498 3181 5571; x_wconf 79' lang='lat' dir='ltr'><strong>hanc</strong></span> <span class='ocrx_word' id='word_1_940' title='bbox 3201 5512 3386 5551; x_wconf 90' lang='lat' dir='ltr'><strong>vocem</strong></span> <span class='ocrx_word' id='word_1_941' title='bbox 3408 5494 3511 5571; x_wconf 73' lang='lat' dir='ltr'><strong>viri</strong></span> <span class='ocrx_word' id='word_1_942' title='bbox 3544 5495 3690 5571; x_wconf 79' lang='lat' dir='ltr'><strong>docti</strong></span> 
     </span>
    </p>
   </div>
   <div class='ocr_carea' id='block_1_132' title="bbox 2116 5566 3691 5638">
    <p class='ocr_par' dir='ltr' id='par_1_132' title="bbox 2116 5566 3691 5638">
     <span class='ocr_line' id='line_1_133' title="bbox 2116 5566 3691 5638; baseline -0.003 -16"><span class='ocrx_word' id='word_1_943' title='bbox 2116 5566 2588 5625; x_wconf 51' lang='lat' dir='ltr'><strong>ailt&#39;tidertu&#39;tthtec</strong></span> <span class='ocrx_word' id='word_1_944' title='bbox 2617 5576 2776 5623; x_wconf 72' lang='lat' dir='ltr'><strong>verba</strong></span> <span class='ocrx_word' id='word_1_945' title='bbox 2804 5571 2898 5624; x_wconf 75' lang='grc' dir='ltr'><strong>καὶ</strong></span> <span class='ocrx_word' id='word_1_946' title='bbox 2934 5569 3256 5638; x_wconf 74' lang='grc' dir='ltr'>ἐπιστῆμαι,</span> <span class='ocrx_word' id='word_1_947' title='bbox 3285 5583 3402 5635; x_wconf 72' lang='lat' dir='ltr'><strong>qua:</strong></span> <span class='ocrx_word' id='word_1_948' title='bbox 3430 5566 3594 5638; x_wconf 60' lang='lat' dir='ltr'><strong>etiam</strong></span> <span class='ocrx_word' id='word_1_949' title='bbox 3636 5567 3691 5617; x_wconf 91' lang='lat' dir='ltr'><strong>in</strong></span> 
     </span>
    </p>
   </div>
   <div class='ocr_carea' id='block_1_133' title="bbox 2117 5632 3694 5708">
    <p class='ocr_par' dir='ltr' id='par_1_133' title="bbox 2117 5632 3694 5708">
     <span class='ocr_line' id='line_1_134' title="bbox 2117 5632 3694 5708; baseline -0.006 -14"><span class='ocrx_word' id='word_1_950' title='bbox 2117 5643 2255 5696; x_wconf 82' lang='lat' dir='ltr'><strong>libro</strong></span> <span class='ocrx_word' id='word_1_951' title='bbox 2302 5642 2481 5696; x_wconf 62' lang='lat' dir='ltr'><strong>Noraei</strong></span> <span class='ocrx_word' id='word_1_952' title='bbox 2521 5642 2589 5695; x_wconf 88' lang='lat' dir='ltr'><strong>ad</strong></span> <span class='ocrx_word' id='word_1_953' title='bbox 2639 5642 2937 5708; x_wconf 80' lang='lat' dir='ltr'><strong>marginem</strong></span> <span class='ocrx_word' id='word_1_954' title='bbox 2972 5632 3207 5708; x_wconf 71' lang='lat' dir='ltr'><strong>ascripta</strong></span> <span class='ocrx_word' id='word_1_955' title='bbox 3260 5632 3456 5706; x_wconf 78' lang='lat' dir='ltr'><strong>reperi.</strong></span> <span class='ocrx_word' id='word_1_956' title='bbox 3487 5632 3694 5708; x_wconf 76' lang='lat' dir='ltr'><strong>Desunt</strong></span> 
     </span>
    </p>
   </div>
   <div class='ocr_carea' id='block_1_134' title="bbox 2120 5704 3692 5776">
    <p class='ocr_par' dir='ltr' id='par_1_134' title="bbox 2120 5704 3692 5776">
     <span class='ocr_line' id='line_1_135' title="bbox 2120 5704 3692 5776; baseline -0.004 -12"><span class='ocrx_word' id='word_1_957' title='bbox 2120 5724 2296 5765; x_wconf 90' lang='lat' dir='ltr'><strong>tamen</strong></span> <span class='ocrx_word' id='word_1_958' title='bbox 2328 5729 2432 5766; x_wconf 91' lang='lat' dir='ltr'><strong>non</strong></span> <span class='ocrx_word' id='word_1_959' title='bbox 2474 5712 2649 5766; x_wconf 89' lang='lat' dir='ltr'><strong>solum</strong></span> <span class='ocrx_word' id='word_1_960' title='bbox 2681 5711 2732 5763; x_wconf 90' lang='lat' dir='ltr'><strong>in</strong></span> <span class='ocrx_word' id='word_1_961' title='bbox 2762 5704 2950 5764; x_wconf 72' lang='lat' dir='ltr'><strong>codice</strong></span> <span class='ocrx_word' id='word_1_962' title='bbox 2981 5704 3205 5776; x_wconf 53' lang='lat' dir='ltr'><strong>llegfet</strong></span> <span class='ocrx_word' id='word_1_963' title='bbox 3233 5708 3288 5763; x_wconf 89' lang='lat' dir='ltr'><strong>in</strong></span> <span class='ocrx_word' id='word_1_964' title='bbox 3320 5704 3561 5772; x_wconf 65' lang='lat' dir='ltr'><strong>Schedis,</strong></span> <span class='ocrx_word' id='word_1_965' title='bbox 3593 5704 3692 5758; x_wconf 74' lang='lat' dir='ltr'><strong>sed</strong></span> 
     </span>
    </p>
   </div>
   <div class='ocr_carea' id='block_1_135' title="bbox 2116 5778 3099 5859">
    <p class='ocr_par' dir='ltr' id='par_1_135' title="bbox 2116 5778 3099 5859">
     <span class='ocr_line' id='line_1_136' title="bbox 2116 5778 3099 5859; baseline -0.006 -22"><span class='ocrx_word' id='word_1_966' title='bbox 2116 5785 2278 5838; x_wconf 81' lang='lat' dir='ltr'><strong>etiam</strong></span> <span class='ocrx_word' id='word_1_967' title='bbox 2307 5784 2360 5837; x_wconf 90' lang='lat' dir='ltr'><strong>in</strong></span> <span class='ocrx_word' id='word_1_968' title='bbox 2388 5784 2544 5837; x_wconf 89' lang='lat' dir='ltr'><strong>codd.</strong></span> <span class='ocrx_word' id='word_1_969' title='bbox 2574 5778 2784 5836; x_wconf 78' lang='lat' dir='ltr'><strong>Fultctii</strong></span> <span class='ocrx_word' id='word_1_970' title='bbox 2811 5789 2864 5835; x_wconf 91' lang='lat' dir='ltr'><strong>et</strong></span> <span class='ocrx_word' id='word_1_971' title='bbox 2893 5780 3099 5859; x_wconf 78' lang='lat' dir='ltr'><strong>Savilii.</strong></span> 
     </span>
    </p>
   </div>
  </div>
