4176 6450
547 383 680 439 ιειδ

1315 377 1779 434 CONSTANTINI
1820 377 2078 434 ORATIO
2115 376 2207 432 AD
2246 374 2670 432 SANCTORUM
2708 372 3002 432 C(ETUM.

3687 371 3822 427 1246

537 501 636 571 τὴς
672 497 769 553 καὶ
798 500 898 570 τῆς
942 498 1008 552 ὲκ
1054 496 1165 552 τῶν
1207 498 1470 553 κινδύνων
1503 500 1779 572 σωτηρίας
1818 502 2020 571 φυσική
2054 518 2137 564 τις

2241 501 2374 555 mite
2425 501 2698 570 ingenium
2726 508 2781 554 et
2802 499 3111 567 obsequens
3141 495 3347 551 homini
3378 512 3392 550 :
3426 496 3477 549 in
3532 494 3664 549 l‘eris
3692 511 3823 551 vero

539 591 785 661 πρόνοια.
819 590 931 645 Καὶ
961 588 1180 644 πάντων
1231 590 1329 661 μὲν
1373 591 1597 662 ἡμέρων
1640 591 1965 662 κηδεμονίαν
2008 590 2131 645 τινά

535 687 650 747 τοῖς
662 681 973 754 ἀνθρώποις
1025 681 1257 747 ἐπέταξε
1279 723 1295 746 ,
1338 684 1474 755 πρὸς
1501 683 1558 736 δὲ
1594 683 1666 736 τὰ
1697 683 1865 755 ἄγρια
1898 682 2132 752 ἅμιλλαν

534 794 657 830 τινα
689 776 1059 848 νομοθετήσας
1078 793 1093 806 ’
1129 774 1267 847 μετὰ
1303 773 1360 828 δὲ
1388 774 1564 830 ταῦτα
1594 777 1695 844 τὴν
1733 774 1842 829 τῶν
1870 774 2131 828 πετεινῶν

534 869 728 937 γενεὰν
778 870 1147 939 συνεστήσατο
1168 908 1183 933 ,
1219 865 1420 938 πολλὴν
1458 867 1557 939 μὲν
1590 867 1834 940 ἀριθμῷ,
1878 868 2040 937 φύσει
2068 867 2126 921 δὲ

537 960 634 1013 καὶ
677 958 825 1012 ἔθεσι
870 958 1148 1031 διάφορον,
1186 957 1440 1028 ἐκπρεπῆ
1475 958 1573 1029 μὲν
1606 958 1916 1031 χρωμάτων
1951 976 2131 1012 ποικι-

536 1050 646 1121 λίᾳ,
703 1051 971 1121 μουσικῆς
1010 1051 1054 1104 δ’
1110 1049 1377 1121 ἁρμονίας
1414 1049 1657 1120 ἐμφύτου
1713 1051 1940 1123 μέτοχον
1976 1050 2122 1121 (15)·

537 1140 674 1195 ἄλλα
730 1159 792 1194 τε
856 1143 1033 1196 πάντα
1086 1142 1186 1194 ὅσα
1250 1141 1458 1211 κόσμος
1518 1142 1829 1213 περιλαϐὼν
1893 1144 2126 1215 συνέχει,

536 1232 1075 1303 διευκρινησάμενος,
1106 1232 1203 1285 καὶ
1232 1232 1443 1294 τούτοις
1473 1233 1639 1286 πᾶσιν
1670 1234 2005 1305 εἱμαρμένον
2035 1232 2129 1287 τοῦ

540 1322 655 1393 βίου
691 1323 893 1394 θεσμὸν
920 1325 1131 1395 ὁρίσας,
1173 1323 1273 1393 τὴν
1301 1323 1649 1396 τελειοτάτην
1684 1326 1791 1380 τῶν
1823 1324 1960 1380 ὅλων
1995 1343 2133 1397 συμ-

539 1414 820 1487 πλήρωσιν
848 1416 1280 1487 κατεκόσμησεν.

2236 593 2404 646 rolmr
2434 606 2497 645 ac
2531 590 2810 653 velocitas,
2844 599 2901 644 et
2940 586 3212 641 naturalis
3253 587 3500 656 quasdam
3533 588 3821 655 providen-

2236 685 2311 739 tia
2338 698 2440 752 qua
2481 697 2542 737 se
2585 697 2653 736 ex
2697 680 2954 750 periculis
2995 680 3252 749 eripiant.
3290 682 3370 735 Ac
3408 689 3820 733 mansuetornm

2238 774 2457 843 quidem
2485 772 2801 827 animalium
2834 772 3082 826 omnium
3110 787 3300 826 curam
3333 785 3399 825 ac
3421 770 3646 825 tutelam
3679 768 3822 824 Deus

2239 864 2553 919 hominibus
2586 864 2838 917 attribuit
2882 880 2898 917 :
2931 863 3194 917 adversus
3231 863 3375 916 feras
3423 861 3592 917 veluti
3638 873 3820 915 certa-

2238 972 2361 1010 men
2392 956 2666 1026 quoddam
2720 955 2972 1009 instituit.
3013 954 3260 1009 Posthac
3303 954 3486 1008 avium
3513 969 3686 1024 genus
3710 952 3822 1008 for-

2238 1051 2409 1103 mavit
2435 1090 2450 1113 ,
2490 1062 2717 1101 numero
2759 1048 2976 1117 quidem
3016 1049 3321 1117 copiosum.
3353 1055 3548 1101 natura
3581 1059 3712 1100 vero
3757 1060 3824 1100 ac

2237 1140 2419 1208 specie
2476 1138 2801 1207 multiplex,
2861 1138 3056 1207 insigni
3109 1138 3353 1192 colorum
3413 1138 3713 1200 varietate,
3767 1144 3825 1191 et

2241 1231 2473 1285 naturali
2515 1231 2752 1300 quadam
2816 1230 3041 1285 musica}
3096 1229 3324 1284 scientia
3356 1229 3665 1299 praeditum.
3701 1227 3821 1282 Cat--

2242 1334 2353 1379 tera
2383 1323 2511 1377 item
2538 1337 2657 1390 qua:
2683 1323 2847 1375 totius
2871 1322 3055 1376 mundi
3084 1323 3288 1376 ambitu
3316 1321 3683 1386 continentur,
3699 1336 3821 1374 cum

2241 1416 2604 1486 pulcherrime
2642 1414 2983 1469 distiuxisset
3009 1454 3024 1478 ,
3054 1415 3374 1485 cunctisque
3430 1414 3652 1470 fatalem
3700 1416 3823 1469 vitae

541 1513 829 1567 terminum
879 1514 1203 1579 deliniisset,
1234 1516 1477 1571 universi
1544 1515 1811 1572 fabricam
1868 1518 2125 1571 omnibus
2179 1515 2533 1571 ornamentis
2571 1515 2885 1570 decoratam
2913 1511 3162 1568 absolvit.

1062 1672 1463 1727 ΚΕΦΑΛΑΙΟΝ
1512 1676 1603 1742 ς’.

536 1760 686 1835 Περὶ
709 1757 815 1829 τῆς
846 1764 1243 1835 εἱμαρμένης,
1284 1764 1375 1818 ὅτι
1407 1766 1644 1834 ψευδὴς
1689 1769 1722 1821 ό
1760 1766 1894 1834 περὶ
1941 1765 2132 1835 αὐτῆς

608 1831 791 1899 λόγος
834 1831 1168 1904 δείκνυται,
1209 1834 1281 1888 ἐκ
1338 1831 1555 1889 τετῶν
1594 1831 1760 1904 παρὰ
1799 1831 2132 1904 ἄνθρώποίξι

609 1904 811 1969 νόμων
854 1902 1106 1956 καὶτῶν
1148 1905 1297 1959 κατὰ
1345 1905 1464 1970 τὴν
1512 1902 1745 1960 κτίσιν
1796 1902 1970 1960 ᾶτιίἀ
2017 1902 2129 1960 οὐκ

2862 1676 3095 1732 CAPUT
3130 1676 3220 1733 Vl.

2240 1768 2313 1822 De
2340 1769 2483 1838 fato,
2531 1777 2578 1822 et
2625 1767 2765 1835 quod
2803 1766 2944 1836 falsa
2995 1778 3115 1822 sunt
3151 1783 3270 1835 qua:
3322 1767 3388 1820 de
3431 1783 3491 1820 eo
3532 1767 3823 1822 dicuntur:

2308 1842 2466 1908 idque
2512 1840 2809 1892 ostenditur
2859 1849 2971 1890 tum
3020 1853 3084 1890 ea:
3129 1838 3328 1905 legibus
3379 1839 3668 1904 humanis,
3713 1850 3825 1890 tum

2306 1927 2372 1963 ex
2407 1914 2560 1962 rebus
2591 1910 2807 1970 creatis,
2833 1923 2952 1975 qtae
3000 1924 3100 1959 mm
3138 1915 3330 1960 temere
3363 1912 3450 1960 sed
3486 1908 3669 1961 ordine
3713 1924 3825 1958 "ll--

609 1971 913 2053 dtdxtwg,
1151 1978 1309 2058 κατςι
1333 1975 1533 2058 ’τάξιν
1564 1976 1815 2058 κιρ-ἐἷται
1831 2017 1845 2036 ,
1874 1977 1980 2058 τρῦ
2022 1981 2130 2058 Δη-

2306 1994 2521 2045 ventur,
2574 1981 2672 2032 hoc
2723 1971 2867 2046 facto
2922 1976 3256 2032 declarantes
3313 1980 3586 2032 Creatoris
3638 1991 3825 2047 prmu-

602 2043 894 2112 μιουργοῦ
928 2042 1036 2096 τὸν
1084 2043 1226 2112 ὅρον
1259 2045 1358 2099 διὰ
1388 2045 1499 2115 τῆς
1538 2047 1764 2113 τάξεως
1791 2042 2128 2101 ἐπιδεικνύ-

602 2128 777 2181 μενα.

609 2228 671 2280 Οἱ
704 2226 760 2280 δὲ
787 2227 1029 2281 πλεῖστοι
1068 2226 1175 2280 τῶν
1213 2225 1518 2299 ἀνθρώπων
1547 2227 1784 2301 ἄφρονες
1816 2226 1998 2292 ὄντες,
2030 2227 2131 2297 τῆς

537 2319 647 2373 τῶν
677 2319 896 2374 πάντων
941 2321 1360 2391 διακοσμήσεως
1398 2320 1498 2390 τὴν
1532 2321 1694 2390 φύσιν
1728 2320 2031 2374 αἰτιῶνται·
2078 2322 2129 2374 οἱ

538 2409 597 2462 δέ
617 2427 760 2474 τινες
794 2409 973 2463 αὐτῶν
1000 2410 1098 2481 τὴν
1123 2410 1488 2482 εἱμαρμένην,
1519 2412 1552 2483 ἢ
1582 2412 1643 2465 τὸ
1673 2412 2000 2482 αὐτόματον,
2030 2410 2130 2482 τὴν

537 2498 743 2552 τούτων
766 2498 1015 2564 ἐξουσίαν
1039 2500 1148 2571 (16)
1172 2502 1237 2571 τῇ
1265 2501 1577 2572 εἱμαρμένῃ
1605 2501 1965 2573 λογιζόμενοι.
1995 2502 2129 2555 Οὐδὲ

540 2595 785 2647 συνιᾶσιν
848 2592 977 2645 ὅταν
1044 2592 1143 2664 τὴν
1197 2594 1542 2666 εἱμαρμένην
1605 2594 2126 2667 προσαγορεύουσιν,

536 2685 712 2757 ὄνομα
761 2686 864 2756 μὲν
907 2685 1299 2757 φθεγγόμενοι,
1344 2687 1543 2759 πρᾶξιν
1587 2688 1643 2741 δὲ
1690 2688 1968 2760 οὐδεμίαν,
2017 2689 2127 2743 οὐδ’

540 2778 906 2850 ὑποκειμένην
935 2777 1061 2831 τινὰ
1095 2776 1380 2848 δηλοῦντες
1415 2778 1625 2849 οὐσίαν.
1661 2780 1758 2843 Τίς
1801 2780 1910 2852 γὰρ
1942 2780 2009 2833 ἂν
2040 2779 2126 2850 εἴη

537 2869 677 2941 αὑτὴ
722 2870 844 2924 καθ’
879 2869 1078 2941 ἑαυτὴν
1115 2871 1149 2938 ή
1191 2868 1522 2941 εἱμαρμένη,
1556 2871 1657 2941 τῆς
1687 2869 1905 2940 φύσεως
1936 2888 2129 2943 γεννη-

538 2962 713 3032 σάσης
738 2961 809 3015 τὰ
840 2962 1047 3028 πάντα;
1093 2962 1165 3015 Ἢ
1191 2962 1245 3015 τί
1286 2962 1353 3015 ἂν
1404 2964 1438 3033 ή
1474 2961 1636 3032 φύσις
1675 2962 1786 3034 (l7)
1829 2959 2124 3034 νομίζοιτο,

538 3053 696 3125 εἴπερ
743 3057 772 3107 ὁ
810 3056 909 3126 τῆς
939 3053 1283 3129 εἱμαρμένης
1318 3053 1521 3126 θεσμὸς
1553 3054 1909 3126 ἀπαράϐατος
1952 3055 2128 3129 ὑπάρ-

535 3161 652 3218 χει;
711 3144 875 3198 Ἀλλά
916 3146 1013 3198 καὶ
1055 3146 1117 3198 τὸ
1149 3145 1328 3214 λέγειν
1368 3146 1703 3217 εἱμαρμένον
1750 3147 1874 3201 τινὰ
1922 3146 2126 3217 θεσμὸν

537 3234 698 3299 εἶναι,
730 3236 883 3308 δηλοῖ
913 3237 996 3289 ὅτι
1028 3236 1228 3307 θεσμὸς
1261 3239 1367 3301 πᾶς
1400 3237 1561 3308 ἔργον
1590 3238 1706 3291 ἐστὶ
1734 3237 1830 3292 τοῦ
1866 3238 2126 3309 θεσμοθε-

535 3328 822 3397 τήσαντος.
853 3327 916 3379 El
946 3327 1125 3381 τοίνυν
1152 3328 1185 3398 ὴ
1210 3328 1544 3399 εἱμαρμένη,
1571 3327 1731 3400 εἴπερ
1758 3328 1877 3381 ἐστὶ
1899 3327 2120 3401 θεσμὸς,
2151 3357 2192 3413 C

534 3422 671 3475 Θεοῦ
724 3422 791 3476 ἂν
834 3420 1046 3494 εὕρεμα
1083 3420 1205 3492 εἴη’
1264 3422 1423 3476 πάντ’
1474 3423 1583 3494 ἄρα
1632 3423 1996 3477 ὑποτέτακται
2048 3423 2124 3494 τῷ

535 3513 677 3585 Θεῷ,
722 3515 816 3567 καὶ
847 3514 998 3567 οὐδὲν
1036 3512 1267 3585 ἄμοιρον
1293 3514 1393 3585 τῆς
1427 3514 1635 3567 ἐκείνου
1674 3514 1976 3586 δυνάμεως.
2012 3515 2125 3569 Καὶ

532 3606 633 3675 τήν
660 3607 712 3675 γ’
734 3605 1076 3677 εἱμαρμένην
1110 3604 1243 3658 Θεοῦ
1274 3600 1413 3658 εἶναι
1447 3606 1542 3659 καὶ
1573 3604 1893 3677 νομίζεσθαι
1928 3608 2123 3679 προαί-

536 3716 707 3771 ρεσιν,
744 3697 1122 3769 ἀποδεχόμεθα
1146 3716 1159 3729 ·
1191 3696 1330 3751 ἀλλὰ
1373 3698 1491 3761 πῶς
1532 3700 1566 3770 ἡ
1597 3698 1912 3771 δικαιοσύνη
1960 3701 2054 3753 καὶ
2088 3701 2121 3772 ή

536 3788 861 3861 σωφροσύνη
896 3789 992 3842 καὶ
1031 3790 1089 3843 αἱ
1128 3787 1315 3845 λοιπαὶ
1346 3789 1540 3862 ἀρεταὶ
1581 3789 1702 3843 καθ’
1744 3791 2120 3863 εἱμαρμένην;

536 3880 708 3935 Πόθεν
741 3880 799 3934 δὲ
830 3881 1020 3945 αὐταῖς
1055 3881 1294 3946 ἐναντία,
1329 3882 1364 3952 ἧ
1397 3899 1459 3935 τε
1503 3881 1685 3936 ἀδικία
1723 3883 1817 3936 καὶ
1850 3885 1884 3956 ἡ
1922 3883 2121 3937 ἀκολα-

534 3973 658 4040 σὶα;
702 3973 777 4026 Ἦ
821 3990 880 4026 τε
928 3972 1038 4046 γὰρ
1077 3975 1314 4047 πονηρία
1346 3974 1458 4047 (18)
1493 3977 1558 4029 ὲκ
1606 3975 1822 4044 φύσεως
1868 3976 1983 4030 ἀλλ’
2024 3977 2121 4049 οὐχ

533 4067 893 4139 εἱμαρμένης,
916 4068 948 4138 ἥ
979 4084 1039 4121 τε
1067 4067 1258 4141 ἀρετὴ,
1286 4068 1451 4140 ἤθους
1476 4069 1568 4123 καὶ
1594 4069 1812 4141 τρόπων
1842 4069 1960 4123 ἐστὶ
1985 4088 2123 4125 κατ-

530 4157 846 4232 ορθώματα.
896 4158 977 4212 Τὰ
1017 4159 1076 4212 δὲ
1117 4159 1220 4231 τῆς
1259 4159 1469 4232 ἀγαθῆς
1518 4160 1613 4213 καὶ
1647 4160 1814 4233 ὀρθῆς
1863 4165 2124 4236 προαιρέ-

534 4268 672 4315 σεως
719 4250 837 4322 ἢτοι
889 4252 1239 4323 πταίσματα,
1286 4252 1319 4323 ἥ
1361 4247 1428 4306 αὗ
1481 4250 1643 4307 πάλιν
1692 4253 2117 4326 κατορθώματα,

532 4341 721 4397 ἄλλοτε
770 4343 945 4407 ἄλλως
991 4343 1379 4409 ἀποϐαίνοντα,
1425 4342 1459 4414 ἢ
1504 4343 1645 4398 κατὰ
1675 4344 1870 4417 τύχην,
1909 4346 1943 4418 ἢ
1979 4348 2120 4402 κατά

532 4433 904 4505 εἱμαρμένην,
945 4434 1056 4487 πᾶν
1086 4433 1150 4487 τὸ
1180 4432 1387 4486 δίκαιον
1425 4430 1536 4504 (19)
1567 4434 1664 4486 καὶ
1692 4433 1754 4486 τὸ
1795 4433 1916 4487 κατ’
1962 4433 2118 4502 ἀξίαν

605 4628 718 4700 (15)
744 4628 906 4702 Vulg.
962 4632 1254 4701 ἁρμονίας
1288 4633 1560 4702 ἐμφύτου
1604 4631 1860 4702 μετοχῇ.
1923 4630 2117 4687 Scribo

2304 2060 2472 2120 ptum.

2304 2229 2504 2283 Verum
2538 2228 2785 2299 plerique
2826 2228 3081 2284 homines
3115 2228 3297 2284 minus
3324 2228 3646 2297 prudentes,
3662 2228 3824 2296 huius

2233 2334 2418 2373 rerum
2451 2319 2696 2373 omnium
2741 2319 3111 2375 distinctionis
3143 2329 3310 2390 atque
3342 2328 3573 2374 ornatus
3600 2335 3820 2375 causam

2233 2420 2443 2464 natura:
2478 2411 2764 2464 tribuunt:
2796 2410 2884 2464 alii
2936 2410 3048 2465 l‘alo
3100 2411 3184 2464 vel
3231 2410 3460 2465 fortuito
3506 2413 3653 2467 casui
3687 2414 3823 2468 assi-

2231 2511 2399 2569 gnant
2416 2541 2433 2567 ,
2450 2502 2757 2570 huiusmodi
2783 2516 2965 2557 rerum
2992 2511 3313 2572 potestatem
3332 2503 3445 2559 l‘ato
3461 2505 3821 2561 ascribentes.

2231 2594 2417 2663 Neque
2443 2594 2748 2664 intelligunt
2781 2608 2878 2659 se,
2913 2609 3036 2648 cum
3075 2594 3243 2648 fatum
3286 2596 3587 2661 nominant,
3628 2613 3821 2653 nomen

2232 2689 2452 2757 quidem
2482 2686 2730 2757 proferre
2749 2727 2764 2750 ,
2798 2687 2892 2742 sed
2914 2687 3119 2741 nullum
3144 2699 3327 2742 aetum
3355 2688 3665 2758 nullamque
3688 2691 3819 2743 sub-

2230 2780 2487 2836 suantiam
2516 2779 2825 2850 designare.
2867 2778 3007 2847 Quid
3047 2781 3192 2835 enim
3221 2782 3396 2850 ipsum
3429 2796 3526 2851 per
3551 2796 3610 2837 se
3650 2782 3817 2836 l'atum

2229 2888 2351 2929 esse
2385 2872 2592 2943 possit,
2625 2888 2749 2927 cum
2803 2883 2998 2927 natura
3038 2874 3221 2930 omnia
3267 2874 3692 2943 procreaverit?
3729 2884 3823 2930 aut

2228 2964 2359 3034 quid
2399 2963 2744 3019 censebimus
2778 2978 2898 3019 esse
2943 2973 3217 3028 naturam,
3264 2967 3310 3020 si
3366 2966 3446 3022 lex
3484 2966 3578 3020 l‘ati
3628 2966 3820 3022 violari

2229 3071 2335 3109 non
2367 3055 2585 3127 potest?
2619 3055 2727 3111 Sed
2752 3065 2808 3109 et
2836 3070 2903 3110 ex
2933 3070 2999 3111 eo
3048 3056 3197 3125 quod
3240 3055 3421 3114 fatalis
3462 3058 3549 3113 lex
3579 3074 3703 3115 esse
3745 3062 3822 3114 di-

2227 3148 2369 3201 citur
2396 3190 2413 3215 ,
2445 3162 2568 3202 cum
2593 3149 2775 3203 omnis
2813 3148 2898 3204 lex
2923 3164 3063 3218 opus
3094 3150 3165 3204 sit
3190 3148 3425 3217 alicujus
3466 3149 3818 3220 legislatoris,

2225 3238 2364 3293 satis
2391 3247 2610 3307 apparet
2659 3239 2830 3293 fatum
2884 3240 3081 3310 ipsum,
3109 3242 3154 3296 si
3189 3242 3414 3310 quidem
3455 3241 3538 3296 lex
3582 3251 3686 3307 est,
3716 3244 3812 3300 Dei

2225 3341 2361 3395 opus
2392 3338 2555 3396 atque
2594 3327 2871 3382 inventum
2904 3344 3043 3385 esse.
3075 3329 3285 3386 Cuncta
3331 3331 3501 3401 igitur
3549 3331 3661 3387 Deo
3687 3334 3818 3388 sub-

2220 3415 2362 3484 jecta
2390 3425 2517 3472 sunt
2547 3458 2562 3482 ,
2597 3433 2701 3481 nec
2728 3420 3023 3489 quidquam
3047 3432 3132 3474 est
3157 3420 3277 3488 ejus
3301 3423 3559 3491 potentiae
3594 3438 3812 3494 expers.

2225 3506 2495 3563 Caeterum
2528 3509 2721 3575 fatum,
2758 3511 2850 3565 Dei
2902 3510 3240 3567 voluntatem
3284 3527 3406 3570 esse
3464 3529 3530 3570 ac
3575 3516 3811 3581 censeri.

2227 3599 2448 3655 minime
2505 3602 2895 3671 improbemus.
2934 3603 3040 3658 Sed
3076 3620 3312 3673 quonam
3368 3609 3530 3661 modo
3575 3609 3811 3678 iustitia,

2227 3694 2607 3760 temperantia,
2633 3702 2686 3746 et
2722 3694 2941 3764 reliqua:
2961 3696 3193 3749 virtutes
3218 3694 3328 3750 lato
3352 3699 3628 3752 exsistunt
3651 3698 3675 3752 ‘l
3696 3697 3813 3755 Un-

2220 3783 2421 3864 denam
2446 3799 2576 3839 vero
2604 3788 2885 3840 contraria
2916 3785 3105 3840 iisdem
3131 3787 3283 3855 vitia,
3302 3787 3569 3855 injustitia
3600 3791 3812 3846 scilicet

2225 3886 2388 3947 atque
2419 3877 2838 3947 intemperantia
2868 3878 2893 3931 ἲ
2920 3877 3055 3931 Nam
3103 3877 3313 3933 malitia
3351 3881 3570 3950 quidem
3601 3896 3669 3937 ex
3710 3898 3809 3937 vo-

2224 3969 2430 4024 luntate
2473 3971 2756 4036 nascitur;
2791 3970 2967 4025 virtus
2997 3986 3125 4025 vero
3166 3973 3298 4027 nihil
3345 3973 3492 4028 aliud
3522 3984 3606 4029 est
3644 3989 3807 4045 quam

2226 4070 2371 4116 recta
2398 4062 2542 4117 actio
2562 4052 2637 4117 ad
2673 4078 2854 4118 mores
2885 4074 3141 4134 spectans
3162 4064 3185 4118 ἱ
3204 4062 3338 4131 Quae
3355 4075 3536 4118 autem
3565 4079 3634 4119 ex
3664 4065 3809 4120 bono

2223 4154 2392 4209 animi
2422 4156 2700 4224 proposito
2724 4166 2871 4212 recte
2891 4197 2908 4219 ,
2928 4157 3011 4212 vel
3033 4172 3154 4227 quze
3189 4172 3349 4212 secus
3376 4158 3510 4211 liunt
3529 4198 3544 4223 ,
3566 4156 3614 4211 si
3639 4157 3805 4212 alium

2222 4255 2385 4316 atque
2413 4247 2577 4302 alium
2596 4248 2798 4303 exitum
2821 4251 3144 4317 sortiuntur,
3163 4260 3320 4321 prout
3337 4251 3447 4305 l‘ato
3464 4261 3555 4305 aut
3578 4252 3809 4305 fortunze

2222 4341 2397 4395 visunt
2454 4340 2615 4413 573
2657 4353 2783 4409 est;
2819 4344 2908 4414 jus
2958 4359 3138 4406 omne,
3168 4354 3224 4399 ct
3269 4360 3426 4399 suum
3477 4345 3673 4415 cuique
3706 4345 3805 4399 tri-

2221 4432 2412 4501 buere,
2437 4436 2711 4505 quomodo
2751 4450 2817 4492 ex
2853 4437 2965 4492 fato
2994 4437 3137 4492 erit?
3163 4435 3283 4491 Jam
3303 4452 3432 4492 vero
3448 4436 3594 4508 leges
3610 4446 3665 4493 et
3680 4451 3808 4494 ora-

2222 4637 2651 4693 Videturtamen
2685 4638 2798 4693 haec
2832 4653 2954 4695 esse
2992 4640 3392 4705 argumentatio
3431 4640 3797 4697 Constantini:

553 4699 783 4781 ιέτοχον,
807 4709 869 4781 nt
898 4699 1095 4781 legitur
1117 4699 1425 4781 ‘lllAtTOtlléq
1449 4701 1587 4781 Euk.
1606 4699 2112 4781 'l’auloﬂantenubi
2151 4699 2192 4753 D
2226 4709 2283 4762 Si
2307 4712 2560 4781 rvirtutes,
2591 4710 2787 4777 inquit,
2818 4720 3029 4764 suntex
3057 4699 3194 4774 l‘ato,
3214 4726 3345 4781 ergo
3370 4722 3426 4765 et
3453 4713 3603 4764 vilia.
3635 4714 3802 4780 Atqui

553 4772 726 4836 egitur
752 4770 911 4841 φύσει
1045 4772 1139 4843 καὶ
1171 4772 1351 4827 ἔθνεσι
1397 4772 1674 4843 διάφορον,
1726 4775 1930 4828 rectius
1971 4773 2111 4843 idem

530 4843 702 4912 codex
731 4842 894 4895 habet
917 4841 1013 4894 καὶ
1036 4841 1204 4907 ἔθεσι,
1234 4847 1507 4912 quomodo
1523 4841 1685 4898 etiam
1722 4843 1776 4897 in
1809 4844 1949 4898 libro
1975 4842 2113 4898 Tur-

531 4910 654 4962 nehi
686 4912 945 4977 scriptum
975 4913 1177 4966 inveni.

603 4979 715 5050 (lli)
767 4979 887 5048 Τὴν
944 4983 1173 5036 τούτων
1214 4982 1528 5047 ἐξουσίαν.
1576 4983 1717 5038 Aule
1772 4984 1887 5039 hac
1945 4985 2107 5039 verba

533 5047 809 5122 Museultts
835 5047 1256 5106 distinctionem
1287 5055 1555 5122 apposuit.
1591 5055 1683 5109 Sic
1715 5055 1859 5107 enim
1892 5057 2052 5107 vertit
2094 5076 2105 5110 :

533 5119 979 5192 Quipoteslotem
1007 5124 1196 5175 horum
1225 5119 1336 5190 fato
1358 5119 1627 5188 tribuunt,
1660 5141 1725 5178 ne
1774 5123 1872 5177 hoc
1896 5125 2108 5192 quidem

530 5189 856 5259 intelligunt,
887 5203 994 5247 etc.
1026 5189 1326 5247 Musculum
1356 5205 1577 5249 secutus
1606 5206 1690 5249 est
1720 5189 2109 5263 Cbrbtophor-

535 5273 727 5315 δοιιυεει.

590 5328 647 5453 [Si
664 5328 715 5401 7)
743 5330 899 5397 Vulg.
932 5331 998 5384 Ἡ
1022 5332 1079 5385 τί
1121 5331 1252 5419 μὲν,
1278 5332 1375 5401 εἴη
1425 5335 1715 5419 ἡφύσις.
1750 5333 2106 5422 Scribendnm

625 5412 746 5453 elur
774 5400 806 5453 ἢ
833 5401 885 5453 τί
913 5400 980 5453 ἄν
1008 5397 1147 5453 εἶναι
1184 5420 1348 5453 φυσις
1370 5405 1665 5453 νοιιιζοιτο-
1712 5407 1764 5453 In
1809 5410 1965 5453 ΓοιΙιΙ.
2007 5405 2106 5453 ιιι..

528 5397 746 5474 yidelur
774 5400 807 5471 ἢ
833 5401 890 5474 τί
905 5400 980 5474 ,ἂν
1008 5397 1147 5455 εἶναι
1184 5397 1685 5474 φύσιςνομίζοιτοξ
1711 5407 1764 5459 In
1809 5410 1965 5459 codd.
2007 5405 2107 5458 Fu-

529 5465 658 5547 kc-tii
687 5480 743 5547 et
771 5465 955 5525 Savilii
1005 5465 1269 5547 scribit-ur
1308 5465 1339 5527 τ’
1377 5465 1660 5547 ἢέιῗᾶνὴ
1699 5476 1862 5546 φύσις
1884 5492 2008 5546 νομ.
2049 5478 2103 5547 l_u

531 5540 967 5671 St'll%tll3‘aUl8m
1007 5542 1191 5612 Regiis
1212 5540 1473 5615 scriptum
1505 5540 1682 5601 inveni
1712 5540 1763 5617 ’ἢ
1793 5546 1848 5598 τί
1896 5540 1996 5616 μέν
2029 5542 2108 5600 εἱ-

531 5624 614 5661 ναι
684 5648 697 5670 ,
727 5625 757 5664 e
785 5626 836 5664 c.

525 5624 614 5661 ναι
640 5619 697 5670 η,
727 5619 836 5664 etc.

598 5680 894 5761 (l8l'Vulg.
916 5681 1027 5761 Εζη
1059 5701 1125 5738 τε
1153 5683 1761 5761 αὐρ-πονηρίαηιθςο
1792 5688 1840 5741 εἱ
1863 5688 1973 5761 γὰρ
2003 5689 2101 5759 ἦτε

529 5748 785 5820 πονηρία,
809 5748 939 5827 εἷο.-
959 5748 1126 5808 Porro
1152 5748 1245 5810 ἣξᾶ
1277 5757 1424 5811 locus
1446 5748 1671 5812 ututilus
1696 5748 1807 5817 est,
1840 5748 1898 5811 ut.
1933 5748 2099 5827 appa-

532 5829 654 5883 ιύῑῑ
693 5836 852 5890 quem
893 5823 1101 5893 absque
1151 5828 1302 5883 libris
1354 5828 1608 5898 supplere
1656 5828 1871 5883 dillieile
1915 5823 2095 5884 fuerit.

2223 4780 2350 4831 vitia
2385 4794 2489 4833 non
2520 4790 2745 4848 possunt
2772 4796 2895 4834 esse
2921 4796 2989 4833 ex
3015 4780 3146 4834 l‘ato.
3179 4780 3311 4833 Nam
3368 4783 3576 4835 malitia
3633 4794 3728 4835 aut
3766 4798 3797 4837 a

2220 4859 2409 4921 natura
2440 4859 2671 4921 est,Aaut
2705 4865 2734 4903 a
2761 4851 3057 4904 voluntate.
3101 4851 3217 4905 Non
3264 4851 3430 4921 igitur
3469 4861 3557 4907 est
3585 4867 3616 4905 a
3658 4854 3792 4906 l'ato.

2218 4920 2370 4985 Quod
2399 4921 2442 4972 si
2471 4919 2594 4988 quis
2627 4921 2772 4972 dicat
2799 4922 3052 4974 virtutem
3081 4919 3306 4988 quidem
3331 4934 3382 4976 et
3402 4924 3593 4976 vitium
3621 4938 3743 4978 esse
3764 4939 3795 4976 a

2220 4989 2528 5063 voluntate:
2565 5000 2618 5042 ut
2656 5001 2835 5043 autem
2862 4992 3114 5045 voluntas
3144 5002 3292 5046 recte
3326 5003 3451 5063 agat
3483 4995 3563 5047 vel
3611 5008 3790 5052 secus.

2219 5057 2366 5130 illex
2402 5058 2511 5111 lato
2539 5074 2659 5113 esse
2688 5076 2701 5111 :
2758 5076 2864 5130 qua
2908 5062 3124 5115 demum
3162 5057 3638 5130 ratioue'justitia,
3672 5078 3794 5130 qua

2218 5129 2353 5200 nihil
2381 5131 2524 5182 aliud
2556 5140 2639 5183 est
2666 5129 2828 5199 quam
2861 5142 3120 5186 constans
3151 5143 3204 5186 et
3250 5129 3510 5200 perpetua
3546 5129 3793 5188 voluntas

2204 5198 2481 5273 jus__suui_u
2515 5198 2713 5273 cuique
2736 5204 3030 5273 tribuendi,
3058 5217 3127 5273 ex
3158 5198 3267 5256 rato
3301 5198 3424 5257 esre
3453 5205 3676 5273 potest?
3733 5205 3787 5259 lu

2209 5268 2399 5345 codice
2434 5269 2585 5345 Fuqu
2609 5268 2805 5345 legitur
2829 5272 2863 5342 ἦ
2908 5289 2968 5324 τε
3013 5271 3124 5344 γὰρ
3150 5273 3405 5345 πονηρία.
3449 5268 3521 5328 At
3557 5274 3792 5328 Savilius

2208 5339 2274 5392 ad
2326 5355 2478 5393 oram
2534 5339 2791 5395 libri'sui
2853 5339 3034 5405 notat,
3082 5339 3221 5398 forte
3274 5339 3623 5398 scribendum
3669 5359 3792 5399 esse

2207 5409 2319 5462 εἴτε
2373 5410 2505 5482 γάρ,
2531 5421 2663 5476 etc.,
2695 5414 2987 5483 statimque
3023 5418 3278 5468 emendat
3316 5413 3469 5466 ἔσται
3511 5413 3792 5487 κατορθώ-

2287 5497 2372 5533 τα.

2208 5496 2391 5619 luti?)
2427 5549 2582 5619 Vulg.
2607 5550 2804 5606 πάντα
2848 5552 2917 5606 τὸ
2943 5552 3179 5608 δίκαιον
3198 5554 3437 5623 ἔχοντα.
3463 5553 3662 5609 Ultima
3684 5570 3789 5610 vox

2208 5622 2389 5675 addita
2416 5633 2573 5695 estua
2602 5626 2736 5676 viris
2764 5625 2940 5677 dot-tis
2983 5640 3048 5680 ex
3093 5622 3574 5690 mssfcodicihus,
3619 5640 3783 5695 quam

2211 5702 2393 5763 Lumen
2424 5692 2570 5747 nullo
2598 5695 2758 5746 modo
2810 5696 3041 5763 probare
3072 5709 3310 5753 possunt.
3341 5694 3464 5747 licet
3497 5696 3548 5747 in
3595 5692 3789 5751 codice

2209 5760 2345 5815 Fuk.
2384 5762 2609 5829 legatur.
2661 5760 2853 5817 Scribe
2894 5766 3090 5831 igitur:
3120 5766 3230 5817 πᾶν
3257 5766 3318 5818 τὴ
3362 5763 3570 5817 δίκαιον
3597 5768 3693 5818 καὶ
3724 5766 3787 5818 τὸ

2209 5832 2328 5885 κατ’
2363 5831 2516 5898 ἀξίαν
2555 5833 2981 5905 ἀπονεμόμενον,
3015 5834 3251 5906 ἑκάστῳ,
3289 5834 3403 5898 πῶς
3442 5835 3565 5889 καθ’
3600 5839 3790 5909 εἱμαρ-
