4176 6398
488 379 627 436 {25!

1210 379 1482 436 unseen
1520 379 2007 437 CESARIENSIS
2044 380 2198 437 opp.
2244 381 2426 438 mas
2467 380 2507 437 ι,
2549 413 2620 423 -
2659 366 3055 439 ιιιετοιιιειζ

3640 382 3662 433 Ι
3674 379 3781 435 252

486 512 602 566 pm
639 501 837 552 mentis
859 511 972 551 suae
1001 496 1374 552 imbecillitate
1401 498 1738 564 existimant,
1761 500 1874 555 lucc
1902 501 2062 554 omni:

2187 500 2287 572 τὴν
2337 499 2624 555 ἀσθένειαν
2669 501 2769 573 τῆς
2825 498 3202 570 καταλήψεως,
3260 497 3471 568 ἀλόγως
3516 498 3781 570 οἰομένων

486 604 722 658 quorum
778 589 1054 643 rationem
1097 587 1295 643 afferre
1347 605 1457 644 non
1492 591 1696 657 valent,
1740 593 1946 661 absque
1977 593 2083 647 ulla

485 683 701 736 ratione
729 696 849 736 esse
874 681 1160 749 disposita.
1210 679 1352 736 Sunt
1384 690 1532 737 certe
1571 685 1818 753 quaedam
1848 686 2085 739 admira-

483 775 578 829 bili
629 785 824 829 natura
850 776 1130 844 Glirmdita,
1174 790 1409 844 quorum
1439 788 1589 832 certa
1630 780 1884 836 veritatis
1929 797 2087 836 com-

483 862 779 929 prehensio
816 862 870 915 in
922 864 1159 918 obscuro
1218 863 1382 932 latet;
1411 866 1722 936 cujusmodi
1773 880 1901 924 sunt
1928 886 2085 940 aqua:

484 964 678 1023 suapte
724 963 917 1009 natura
949 956 1165 1011 calidae.
1215 955 1352 1012 Nam
1396 975 1622 1015 causam
1673 963 1895 1031 quidem
1947 960 2081 1017 tanti

483 1047 625 1116 ignis
691 1063 852 1103 nemo
905 1048 1067 1104 facile
1128 1050 1350 1105 dixerit.
1408 1051 1508 1107 Est
1554 1064 1737 1108 autem
1795 1055 2081 1119 mirabile,

484 1138 665 1208 ignem
701 1139 852 1195 illum
904 1155 1046 1210 aqua
1083 1141 1285 1213 frigida
1335 1145 1577 1214 undique
1624 1146 2077 1216 circumscptum,

482 1250 638 1289 suum
671 1244 854 1290 tamen
881 1237 1131 1290 nativum
1159 1235 1398 1291 calorem
1426 1253 1772 1307 nequaquam
1802 1240 2076 1294 amittere.

482 1328 666 1398 Atque
715 1327 832 1383 haec
876 1344 1001 1383 rara
1059 1330 1354 1385 admodum
1384 1341 1440 1384 et
1483 1332 1812 1399 paucissima
1866 1332 1919 1386 in
1966 1340 2079 1387 toto

481 1429 753 1475 terrarum
797 1421 931 1476 orbe
969 1422 1366 1491 reperiuntur;
1406 1436 1515 1491 quo
1564 1423 1799 1490 scilicet,
1831 1432 1890 1476 ut
1929 1423 2079 1493 cqui-

478 1516 602 1567 tlem
634 1527 871 1575 censeo.
920 1513 1119 1569 divina:
1170 1513 1537 1569 Providentia:
1566 1515 1648 1570 vis
1694 1531 1759 1568 ac
1794 1516 1964 1571 virtus
2007 1521 2077 1571 ab

479 1603 795 1659 hominibus
842 1603 1007 1660 facile
1060 1607 1318 1675 cognosci
1364 1608 1586 1676 possit:
1629 1623 1751 1677 qua:
1804 1608 1941 1663 duas
1987 1624 2075 1664 res

478 1699 720 1755 maxime
756 1701 897 1754 inter
929 1716 990 1756 se
1022 1702 1357 1767 contrarias,
1391 1703 1562 1773 frigus
1608 1705 1867 1758 nimirum
1897 1716 1951 1760 et
1979 1722 2076 1761 ca-

479 1792 673 1855 lorem,
708 1805 774 1846 ex
825 1806 931 1845 una
958 1793 1261 1863 eademque
1314 1794 1501 1849 radice
1530 1810 1755 1849 manare
1788 1799 2066 1866 praecepit.

2189 593 2539 664 διατετάχθαι
2568 593 2744 647 ταῦτα
2777 586 2854 646 ὧν
2883 593 2974 645 τὸν
3003 592 3161 660 λόγον
3202 593 3376 645 εἰπεῖν
3404 591 3504 645 οὐκ
3539 591 3777 661 ἔχουσιν.

2192 689 2349 741 Ἔστι
2376 687 2420 741 δ’
2451 688 2587 752 ὅλως
2616 688 2756 753 τινὰ,
2788 680 2863 741 ὧν
2888 688 2921 757 ἡ
2949 685 3158 758 ἀληθὴς
3184 685 3491 756 κατάληψις
3518 684 3620 755 τῆς
3655 684 3782 757 ἀλη·

2188 778 2339 842 θείας
2388 781 2446 832 ἐν
2496 779 2651 850 βάθει
2694 781 2893 843 κεῖται,
2929 778 3251 848 θαυμαστῆς
3294 776 3511 846 φύσεως
3550 792 3779 848 τετυχη-

2188 873 2349 926 κότα·
2376 872 2536 926 ὁποία
2571 873 2665 926 καὶ
2695 873 2728 943 ἡ
2755 870 2865 924 τῶν
2899 870 3119 943 θερμῶν
3148 869 3357 924 ὑδάτων
3389 867 3552 938 φύσις
3574 870 3778 939 τυγχά-

2186 982 2372 1018 νουσα.
2415 966 2527 1037 Τὴν
2568 965 2669 1026 μὲν
2696 958 2806 1037 γὰρ
2833 964 3015 1018 αἰτίαν
3057 961 3153 1015 τοῦ
3186 961 3445 1015 τοσούτου
3481 961 3654 1033 πυρὸς
3685 962 3777 1015 οὐ·

2184 1055 2295 1119 δεὶς
2343 1055 2410 1110 ἂν
2460 1055 2771 1128 προχείρως
2814 1055 2927 1125 ἔχοι
2975 1054 3196 1123 λέγειν’
3239 1052 3553 1124 θαυμαστὸν
3589 1052 3648 1105 δέ
3692 1053 3775 1107 ὅτι

2182 1147 2377 1220 ψυχρῷ
2403 1147 2558 1201 ῦδατι
2592 1144 3130 1217 περιστοιχιζόμενον
3161 1143 3385 1215 κύκλῳ,
3436 1145 3537 1197 οὐκ
3578 1143 3661 1196 ἔτι
3696 1141 3776 1211 ἐξ·

2186 1240 2509 1311 ίσταταιτῆς
2528 1239 2772 1311 ἐμφύτου
2796 1238 3150 1310 θερμότητος.
3173 1238 3453 1293 Ταῦτάτοι
3473 1236 3698 1291 σπάνιόν
3719 1251 3774 1291 τι

2181 1333 2370 1404 χρῆμα
2406 1329 2543 1385 εἶναι
2572 1333 2722 1386 δοκεῖ
2750 1333 2844 1386 καὶ
2874 1332 3241 1404 εὐαρίθμητον
3285 1329 3428 1385 κατὰ
3459 1331 3643 1384 πᾶσαν
3672 1328 3774 1400 τὴν

2179 1424 2526 1496 οἰκουμένην,
2558 1423 2647 1486 ἵν’,
2680 1422 2756 1486 ὡς
2792 1424 3029 1495 ἐμαυτὸν
3074 1423 3266 1486 πείθω,
3309 1424 3343 1494 ὴ
3374 1423 3475 1495 τῆς
3508 1422 3774 1494 Προνοίας

2178 1513 2406 1584 δύναμις
2431 1511 2824 1581 εὐδιάγνωστος
2854 1511 3006 1584 παρά
3031 1514 3145 1575 τοῖς
3175 1510 3486 1584 ἀνθρώποις
3514 1511 3774 1581 γενέσθαι

2177 1606 2423 1679 δύνηται,
2471 1604 2565 1658 δύο
2612 1604 2805 1675 φύσεις
2850 1607 3268 1671 ἐναντιωτάτας,
3314 1604 3624 1677 θερμότητα
3676 1607 3772 1660 καὶ

2175 1695 2515 1768 ψυχρότητα,
2553 1699 2618 1751 ἐκ
2654 1698 2756 1768 τῆς
2789 1697 3086 1765 αύτῆςλκαὶ
3118 1699 3247 1769 μιᾶς
3282 1698 3439 1769 ῥίζης
3465 1697 3769 1768 διηθεῖσθαι

2177 1788 2529 1853 θεσπίζουσα.
2598 1790 2777 1844 Πολλά
2834 1790 2933 1862 μὲν
2996 1787 3090 1845 οὖν
3139 1792 3234 1846 καὶ
3287 1791 3636 1865 ἀναρίθμητα
3688 1796 3770 1856 εἰς

479 1882 619 1938 Sunt
648 1883 867 1951 quidem
913 1883 1080 1936 multa
1112 1898 1177 1937 ac
1234 1900 1405 1954 prope
1446 1885 1874 1943 innumerabilia
1899 1929 1913 1954 ,
1945 1903 2062 1958 qua!

2174 1882 2529 1954 παραμυθίαν
2558 1884 2653 1937 καὶ
2676 1883 2976 1938 ἀπόλαυσιν
3003 1888 3118 1949 τοῖς
3151 1884 3462 1957 ἀνθρώποις
3495 1885 3648 1958 παρά
3669 1886 3766 1941 τοῦ

478 1973 622 2029 Deus
663 1975 731 2028 ad
776 1973 1031 2029 solatium
1069 1984 1124 2028 et
1163 1975 1586 2033 oblcCtationem
1622 1979 1936 2035 hominibus
1971 1981 2067 2035 do-

477 2069 626 2122 navit
661 2084 676 2120 :
709 2068 804 2122 sed
832 2070 1106 2141 praecipue
1149 2070 1284 2126 olea:
1309 2070 1521 2127 fructus
1551 2086 1617 2128 ac
1646 2073 1793 2131 vitis.
1823 2071 2063 2140 Quarum
2100 2112 2101 2115 η

476 2162 596 2217 hare
628 2163 694 2217 ad
739 2163 954 2217 animos
980 2166 1309 2221 recreandos
1339 2173 1507 2236 atque
1527 2165 1916 2223 exhilarandos
1951 2168 2061 2222 vim

473 2250 668 2316 habet,
694 2251 784 2307 illa
815 2266 951 2307 vero
980 2269 1086 2309 non
1132 2255 1308 2309 solum
1355 2254 1423 2309 ad
1464 2255 1823 2326 voluptatem,
1872 2271 2062 2312 verum

470 2343 638 2397 etiam
701 2344 771 2399 ad
819 2358 1111 2415 corporum
1166 2346 1508 2401 curationem
1568 2356 1696 2418 apta
1733 2359 1837 2407 est.
1898 2350 2064 2405 Sum-

472 2449 617 2488 mam
644 2449 864 2504 quoque
908 2436 1329 2492 admirationem
1382 2448 1626 2493 meretur
1669 2440 1963 2495 continuus
1996 2458 2064 2497 ac

470 2525 727 2595 perennis
759 2525 1042 2582 ﬂuminum
1068 2543 1286 2594 cursus,
1312 2529 1408 2584 diu
1446 2540 1726 2601 noctuque
1773 2533 2063 2600 perlaben-

472 2618 647 2682 tium,
677 2628 735 2673 et
777 2629 1053 2688 perpetuas
1091 2631 1417 2693 aeternaque
1454 2625 1580 2680 vitae
1622 2625 1918 2695 quamdam
1974 2643 2063 2683 re-

472 2709 766 2764 ferentium
810 2712 1245 2768 similitudinem.
1282 2714 1471 2771 Noctis
1498 2716 1627 2771 item
1672 2733 1737 2773 ac
1774 2717 1888 2774 diei
1925 2733 2059 2775 con-

475 2801 628 2855 tinua
662 2800 983 2857 vicissitudo
1017 2813 1102 2858 est
1130 2804 1358 2873 perinde
1397 2806 1684 2864 mirabilis.

1044 2894 1278 2951 CAPUT
1321 2896 1457 2957 Vlll.

471 2984 629 3052 Quod
656 3002 776 3066 quo:
816 2987 1415 3066 ad_usu_m__necessaria
1466 3003 1610 3059 sunt,
1664 2993 1806 3066 Deus
1851 2999 2059 3066 copiose

539 3057 836 3135 suppeditat
888 3060 1390 3135 Itominibusaquw
1438 3079 1558 3117 vero
1597 3057 1684 3117 'ad
1733 3057 2058 3135 voluptatem

543 3126 772 3195 faciunt,
801 3132 1008 3205 modice
1029 3126 1423 3198 subministrat,
1447 3142 1732 3205 utrumque
1755 3138 1824 3191 ad
1855 3126 2059 3192 utilita-

539 3210 641 3249 tem
671 3211 909 3252 nostram
931 3199 1264 3269 dispensans.

536 3289 721 3359 Atque
755 3292 872 3347 bzec
906 3294 1093 3348 omnia
1139 3293 1286 3349 dicta
1320 3293 1432 3349 sint
1472 3311 1503 3351 a
1538 3296 1719 3363 nobis,
1760 3311 1820 3353 ut
1848 3310 2061 3356 constet

468 3382 606 3436 nihil
628 3384 834 3453 absque
864 3385 1076 3440 ratione
1106 3395 1163 3442 et
1212 3385 1572 3458 intelligentia
1604 3389 1810 3446 factum
1852 3391 2059 3449 fuisse:

468 3475 643 3545 ipsam
691 3490 826 3530 vero
873 3476 1143 3532 rationem
1186 3493 1250 3534 ac
1289 3480 1688 3550 providentiam
1718 3524 1735 3551 ,
1779 3483 1875 3538 Dei
1920 3500 2060 3555 opus

468 3584 609 3624 esse.
636 3567 738 3637 Qui
770 3570 989 3640 quidem
1020 3572 1139 3626 auri
1175 3573 1341 3627 etiam
1383 3584 1441 3630 et
1488 3577 1704 3647 argenti
1738 3576 1972 3647 aerisque
1995 3592 2061 3634 ac

470 3661 800 3731 reliquorum
861 3663 1206 3720 metallorum
1259 3666 1509 3723 diversas
1565 3667 1781 3739 species
1854 3684 2057 3725 conve-

467 3752 640 3807 uienti
688 3754 849 3810 modo
903 3769 968 3810 ac
1022 3771 1279 3813 mensura
1327 3760 1603 3830 produxit.
1652 3761 1729 3816 Ea
1786 3762 2055 3833 siquidem

466 3858 698 3911 quorum
728 3845 1011 3915 multiplex
1046 3862 1110 3903 ac
1141 3849 1325 3904 varius
1359 3866 1491 3907 usus
1523 3862 1642 3908 erat
1680 3854 1921 3923 futurus,
1959 3871 2053 3911 co-

464 3935 617 4004 piose
665 3936 1001 4006 suppeditari
1043 3938 1212 4005 jussit
1256 3957 1271 3993 :
1308 3956 1430 4012 qua:
1475 3958 1607 4001 vero
1639 3948 1707 4000 ad
1737 3946 2057 4003 oblectatio-

464 4047 587 4087 nem
637 4031 902 4087 duntaxat
940 4040 996 4087 et
1037 4032 1219 4087 luxum
1257 4034 1508 4103 faciunt,
1563 4038 1861 4096 liberaliter
1896 4039 2057 4095 simul

461 4139 529 4178 ac
555 4125 801 4191 modice,
849 4135 903 4181 et
930 4127 1107 4183 medio
1131 4130 1373 4197 quodam
1413 4131 1577 4185 modo
1616 4131 1758 4186 inter
1783 4133 2056 4201 parcimo-

462 4217 608 4272 niam
633 4227 687 4272 et
713 4218 991 4288 profusam
1024 4218 1391 4290 largitionem.
1417 4220 1552 4275 Nam
1589 4223 1635 4278 si
1655 4239 1845 4278 carum
1871 4240 2053 4278 rerum

458 4325 582 4379 qua:
604 4310 674 4365 ad
700 4321 953 4366 ornatum
981 4310 1140 4366 factae
1182 4322 1331 4377 sunt,
1357 4313 1547 4368 eadem
1595 4316 1749 4385 c0pia
1791 4332 2054 4372 concessa

458 4400 697 4470 fuisset,
736 4403 1030 4458 tnetallarii
1074 4419 1187 4473 prae
1225 4404 1392 4458 nimia
1429 4407 1751 4476 cupiditate,
1790 4406 1956 4480 576
1987 4422 2051 4463 ea

458 4496 680 4563 quidem
709 4511 831 4567 quae
857 4497 922 4551 ad
956 4497 1345 4567 agriculturam
1368 4536 1384 4564 ,
1436 4507 1493 4552 et
1538 4499 1608 4553 ad
1660 4500 1943 4554 domorum
1985 4514 2051 4554 ac

2167 1972 2483 2045 Κρείττονος
2509 1973 2829 2047 δεδώρηται,
2862 1975 3162 2049 ἐξαιρέτως
3204 1977 3247 2030 δ’
3272 1978 3302 2030 ό
3340 1978 3551 2049 καρπὸς
3580 1977 3767 2043 ἐλαίας

2171 2084 2232 2120 τε
2278 2068 2373 2123 καὶ
2412 2068 2693 2140 ἀμπέλου·
2729 2070 2791 2123 τὸ
2840 2072 2938 2142 μὲν
2979 2070 3135 2144 [γὰρ]
3183 2073 3537 2143 ἀνακτήσεως
3584 2074 3767 2146 ψυχῆς

2171 2159 2267 2212 καὶ
2321 2159 2677 2232 φαιδρότητος
2733 2163 2952 2234 ἐπέχειν
3004 2162 3161 2233 λόγον
3209 2164 3354 2234 (55)’
3384 2165 3446 2217 τὸ
3491 2165 3538 2218 δ’
3577 2166 3767 2239 ἕτερον

2171 2248 2308 2321 πρὸς
2338 2254 2405 2322 τῇ
2435 2251 2755 2319 ἀπολαύσει,
2789 2256 2881 2309 καὶ
2901 2255 3169 2328 θεραπείᾳ
3195 2256 3307 2310 τῶν
3339 2258 3608 2327 σωμάτων
3629 2276 3769 2312 κατ-

2171 2341 2416 2413 ἀλληλον.
2468 2344 2667 2416 Θαῦμα
2726 2346 2772 2400 δ’
2828 2345 3087 2413 ἐξαίσιον,
3132 2350 3228 2403 καὶ
3267 2351 3300 2421 ἡ
3337 2350 3621 2422 ἐνδελεχὴς
3668 2353 3767 2405 καὶ

2169 2436 2510 2502 ἀδιάλειπτος
2532 2439 2795 2511 ποταμῶν
2805 2440 2968 2513 φορὰ,
2987 2441 3202 2514 νύκτωρ
3220 2460 3281 2496 τε
3304 2443 3398 2496 καὶ
3421 2444 3760 2515 μεθημέραν,

2170 2528 2441 2599 σύμϐολον
2475 2530 2703 2585 ἀεννάου
2737 2533 2833 2585 καὶ
2871 2522 3221 2589 ἀδιαλείπτου
3266 2534 3411 2607 βίου·
3449 2536 3767 2609 ίσοδυναμεί

2167 2618 2223 2673 δὲ
2254 2622 2349 2675 καὶ
2380 2624 2671 2695 νυκτερινὴ
2702 2623 2943 2697 διαδοχή.

2700 2900 3100 2955 ΚΕΦΑΛᾹΙΟΝ
3141 2900 3225 2957 H'.

2172 2991 2299 3046 Ὅτι
2334 2991 2415 3065 ,τὰ
2440 2991 2558 3061 μὲν
2587 2992 3171 3065 χρειώὸηηᾷφθόνως
3211 2994 3337 3062 τοῖς
3364 2995 3697 3065 ἀνθρώποις
3726 2998 3762 3051 ό

2239 3063 2386 3130 Θεὸς
2434 3064 2702 3137 χορηγεῖ·
2726 3065 2817 3137 -τά
2861 3063 2930 3137 δὲ
2993 3064 3146 3134 πρὸς
3211 3066 3446 3137 τέρψιν,
3475 3063 3758 3137 μετρίως,

2237 3135 2669 3203 συμφερόντως
2711 3134 3011 3203 ἑκατέρων
3038 3136 3313 3205 χορηγῶν
3344 3136 3461 3207 τὴν
3481 3134 3761 3192 ’ἀπόλαυ-ν

2236 3219 2361 3259 σιν.

2236 3293 2422 3348 Πάντα
2462 3294 2521 3349 δέ
2555 3293 2708 3349 ταῦθ’
2740 3298 2873 3368 ἡμῖν
2902 3294 3144 3369 εἰρήσθω
3187 3295 3327 3370 προς
3361 3296 3624 3350 πίστωσιν
3662 3295 3756 3350 τοῦ

2165 3384 2332 3456 μηδὲν
2377 3385 2588 3456 ἀλόγως
2622 3384 2745 3459 μηδ’
2773 3389 3018 3459 ἀνοήτως
3060 3387 3336 3456 γενέσθαι,
3376 3389 3468 3441 τὸν
3499 3388 3556 3441 δὲ
3597 3388 3759 3456 λόγον

2161 3480 2255 3533 καὶ
2278 3477 2377 3550 τὴν
2405 3480 2661 3551 πρόνοιαν
2691 3476 2828 3533 εἶναι
2858 3480 2950 3534 τοῦ
2979 3479 3114 3534 Θεοῦ
3144 3480 3277 3551 (54)·
3307 3481 3369 3546 ὃς
3399 3482 3493 3535 καὶ
3526 3481 3625 3552 τὴν
3648 3482 3757 3536 τῶν

2163 3568 2461 3639 μετάλλων,
2479 3568 2682 3642 χρυσοῦ
2701 3589 2759 3624 τε
2773 3572 2864 3624 καὶ
2885 3570 3151 3644 ἀργύρου,
3170 3572 3264 3625 καὶ
3287 3572 3512 3643 χαλκοῦ,
3539 3574 3756 3627 καὶτῶν

2160 3658 2468 3713 ὑπολοίπων
2490 3663 2651 3729 φύσιν
2671 3662 2990 3733 ἐταμιεύετο
3008 3662 3194 3735 μέτρῳ
3218 3662 3296 3734 τῷ
3313 3666 3666 3736 προσήκοντι,
3688 3664 3757 3718 τά

2162 3751 2262 3822 μὲν
2288 3744 2363 3804 ὧν
2387 3753 2419 3823 ἠ
2453 3751 2615 3823 χρεία
2634 3752 2802 3824 πολλή
2823 3769 2882 3805 τε
2907 3754 3001 3807 καὶ
3025 3754 3343 3827 παντοδαπὴ
3371 3755 3604 3827 ἤμελλεν
3631 3757 3756 3811 ἔσε-

2160 3843 2304 3907 σθαι,
2327 3843 2576 3913 ἀφθόνως
2600 3843 2865 3908 κελεύσας
2890 3847 3263 3917 χορηγεῖσθαι,
3288 3848 3359 3901 τὰ
3387 3848 3445 3901 δὲ
3472 3848 3611 3920 πρὸς
3637 3849 3758 3922 τέρ-

2156 3935 2250 4006 ψιν
2274 3935 2481 4008 κόσμου
2510 3938 2606 3992 καὶ
2628 3937 2891 4008 ἀφθονίαν
2920 3939 3033 4008 (35)
3064 3939 3255 4012 μόνην,
3277 3941 3671 4014 μεγαλοψύχως
3691 3960 3753 3998 τε

2157 4029 2253 4082 καὶ
2275 4030 2677 4100 πεφεισμένως,
2708 4028 2913 4101 μεταξὺ
2939 4030 3226 4100 φειδωλίας
3255 4050 3313 4088 τε
3343 4034 3436 4088 καὶ
3462 4034 3752 4109 εύδωρίας.

2155 4124 2220 4176 Et
2252 4122 2363 4194 γὰρ
2407 4124 2502 4177 καὶ
2541 4123 2650 4176 τῶν
2687 4123 2824 4195 πρὸς
2870 4123 3076 4195 κόσμον
3116 4126 3505 4197 πεποιημένων
3547 4128 3581 4198 ἡ
3610 4126 3752 4195 αὐτὴ

2154 4213 2387 4284 ἀφθονία
2418 4218 2799 4287 συνεχωρεῖτο,
2827 4214 2916 4268 διὰ
2955 4216 3271 4282 πλεονεξίαν
3302 4219 3353 4271 οἱ
3389 4217 3751 4288 μεταλλεύον-

2152 4323 2265 4370 τες,
2290 4305 2382 4360 τοῦ
2415 4307 2512 4378 μὲν
2540 4308 2842 4379 εὐχρήστου
2870 4308 3008 4379 πρὸς
3042 4309 3337 4382 γεωργίαν,
3369 4311 3658 4383 οἰκοδομήν
3687 4329 3750 4365 τε

2153 4397 2248 4451 καὶ
2273 4396 2415 4451 ναῶν
2459 4398 2840 4470 παρασκευὴν,
2874 4394 2986 4453 οἷον
3016 4399 3238 4471 σιδήρου
3271 4400 3370 4455 καὶ
3398 4400 3622 4471 χαλκοῦ,
3643 4417 3749 4456 κα-

2151 4490 2619 4561 ταφρονήσαντες,
2672 4489 2775 4560 τῆς
2826 4490 3226 4564 συναθροίσεως
3272 4491 3455 4545 αὐτῶν
3503 4495 3752 4565 κατημέ-

458 4587 678 4659 navium
705 4592 1175 4647 constructionem
1210 4592 1364 4647 utilia
1398 4601 1566 4657 sunt,
1592 4606 1667 4647 ais
1699 4591 1953 4646 videlicet
1980 4606 2046 4646 ac

2167 4595 2296 4646 low,
2323 4582 2418 4635 καὶ
2453 4581 2563 4636 τῶν
2606 4581 2745 4653 πρὸς
2763 4584 2977 4655 τρυφήν
3000 4600 3060 4637 τε
3088 4585 3183 4637 καὶ
3204 4583 3478 4656 ἄχρηστον
3512 4585 3746 4640 πλούτου

459 4678 995 4750 ferrum,congerere
1064 4683 1289 4752 insuper
1321 4682 1592 4737 haberent
1619 4697 1634 4735 :
1662 4694 1725 4735 ea
1758 4696 1887 4735 vero
1929 4695 2052 4749 quae

2154 4673 2469 4745 περιουσίαν
2506 4671 2883 4743 προενοοῦντο.
2944 4674 3036 4728 Διὸ
3073 4673 3456 4747 χαλεπώτερον
3505 4675 3602 4747 τὴν
3652 4677 3745 4730 τοῦ

459 4771 529 4825 ad
576 4771 799 4827 delicias
849 4781 906 4826 et
946 4773 1164 4828 inanem
1222 4788 1288 4829 ac
1347 4771 1677 4843 superﬂuum
1733 4772 2048 4826 divitiarum

2167 4762 2355 4837 (ρυσοῦ
2380 4780 2441 4817 τε
2472 4763 2569 4817 καὶ
2591 4761 2835 4835 ἀργύρου
2870 4763 3110 4834 εῦρεσιν,
3145 4767 3242 4819 καὶ⁸
3276 4766 3524 4837 μείζονος
3565 4768 3749 4837 καμά-

461 4861 651 4917 luxum
688 4862 989 4934 pertinent,
1025 4865 1174 4920 onmi
1222 4865 1408 4921 studio
1453 4873 1931 4920 consectarentur.
1970 4867 2051 4921 Ac

2167 4876 2247 4911 που
2272 4857 2382 4912 τῶν
2406 4856 2581 4912 ἄλλων
2611 4856 2871 4910 ἀπάντων
2900 4857 3181 4929 μετάλλων
3213 4861 3377 4929 φασὶν
3403 4854 3564 4925 εἶναι,
3595 4861 3746 4925 ὅπως

460 4964 748 5024 pr0pterea
800 4955 855 5010 in
899 4958 1017 5011 auri
1053 4958 1375 5027 argentique
1408 4956 1642 5011 metallis
1678 4956 2048 5020 inveniendis,

2167 4951 2230 5024 τῷ
2265 4951 2480 5023 σφοδρῷ
2510 4952 2610 5024 τῆς
2653 4951 2950 5024 ἐπιθυμίας
2982 4951 3043 5005 τὸ
3088 4953 3183 5006 τοῦ
3218 4954 3465 5025 καμάτου
3516 4954 3746 5027 σφοδρὸν

458 5049 620 5117 longe
646 5045 769 5117 plus
794 5045 1129 5103 diliicultatis
1175 5063 1242 5104 ac
1273 5048 1478 5104 laboris
1503 5060 1629 5103 esse
1668 5047 1843 5112 aiunt,
1881 5061 2044 5117 quam

2167 5045 2565 5115 ἱντιτάσσηται.
2602 5045 2753 5098 Πόσα
2783 5044 2827 5097 δ’
2856 5044 2991 5099 ἄλλα
3012 5043 3115 5115 τῆς
3143 5043 3295 5109 θείας
3323 5046 3590 5117 Προνοίας
3606 5045 3747 5117 ἔργα

2148 5230 2317 5286 codex
2344 5227 2481 5284 Fuit.
2509 5236 2632 5298 post
2657 5243 2846 5285 vocem
2876 5226 3175 5282 ἀπολαύσει
3207 5227 3318 5282 duo
3353 5237 3556 5297 puncta
3589 5236 3748 5284 notat

2150 5311 2335 5444 fc???)
2365 5368 2525 5441 Vulg.
2565 5368 2998 5444 thrﬁpdsptar
3020 5366 3174 5444 εἶναι
3193 5370 3361 5444 θεόν.
3380 5367 3649 5444 ἰπὶ-Μογιθὶ
3673 5369 3743 5423 Ιί-

2149 5438 2251 5497 bro
2273 5438 2596 5497 emendatur
2621 5438 2717 5495 τοῦ
2735 5439 2894 5502 Θεοῦ,
2929 5450 2988 5493 ut
3034 5442 3163 5509 legit
3188 5438 3739 5509 Crhristopborsonus.

2151 5512 2221 5567 Et
2244 5513 2329 5569 sic
2356 5514 2559 5567 diserte
2587 5513 2849 5567 scribitur
2885 5514 2935 5562 in
2978 5508 3168 5564 codice
3200 5508 3332 5563 Fuk.

2224 5581 2338 5652 (35)
2395 5582 2554 5651 11pch
2594 5581 2810 5705 tépg-w
2847 5582 3080 5660 κόσμου
3108 5579 3206 5633 καὶ
3252 5581 3572 5662 ἀφθονίαν.
3604 5578 3743 5663 Cor-

2224 5667 2307 5705 ota
2347 5665 2431 5705 est
2486 5668 2588 5705 vox
2623 5654 2696 5705 ἀω
2736 5651 2906 5705 ονίαν.
2932 5666 3085 5705 emus
3125 5651 3245 5705 loco
3293 5651 3477 5704 malttn
3531 5655 3731 5705 subsu-

2148 5651 2307 5723 rupta
2347 5665 2431 5708 est
2486 5668 2588 5725 vos
2623 5651 2906 5725 ἀφθονίαν,
2932 5651 3245 5725 cujus_loco
3293 5651 3477 5704 malim
3531 5651 3731 5725 substi-

2147 5720 2301 5779 tuere
2331 5723 2592 5788 ἀσωτίαν,
2630 5720 2684 5779 id
2737 5733 2819 5779 est
2850 5720 3058 5778 luxum.
3096 5720 3323 5790 Vulgata
3367 5733 3544 5778 tamen
3572 5721 3740 5777 lectio

2146 5795 2282 5852 ferri
2314 5806 2519 5867 potest.

530 5228 644 5300 (33)
679 5229 836 5301 Vulg.
877 5230 946 5285 τὸ
984 5230 1103 5301 μὲν
1133 5229 1541 5298 ἁνακτήσεως.
1576 5270 1589 5284 .
1625 5270 1639 5284 .
1671 5228 1914 5300 ἐπέχειν
1937 5231 2041 5301 λόν

456 5317 587 5371 γον.
639 5301 749 5355 Viri
790 5300 952 5356 ’docti
988 5300 1140 5356 hunc
1178 5303 1354 5356 locum
1396 5302 1468 5356 ita
1515 5303 1909 5371 emendarunt,
1967 5300 2041 5353 Τὸ

459 5370 560 5443 μὲν
754 5373 1109 5454 ἀνακτήσεως
1144 5372 1322 5473 ψυχῆς
1351 5373 1465 5470 ,καὶ
1503 5370 1866 5472 ’φαιδρότητος
1915 5371 2041 5425 ἐπέ-

459 5459 571 5495 γειν
649 5459 801 5495 εγον.
853 5442 1048 5495 \verutn
1094 5458 1217 5495 cum
1265 5442 1527 5495 nauicula
1562 5441 1670 5495 γάο
1708 5457 1811 5495 nec
1844 5458 1898 5495 tn
1943 5457 2041 5495 co-

456 5441 571 5513 χειν
622 5441 801 5512 λέγον.
853 5441 1048 5498 νειίιιιιι
1094 5441 1527 5511 cum—particula
1562 5441 1670 5512 γάρ
1708 5441 1811 5496 nec
1844 5444 1898 5496 in
1943 5457 2041 5496 co-

456 5515 577 5585 uice
605 5512 796 5585 Regio,
850 5529 950 5568 nec
980 5515 1033 5568 iu
1064 5515 1303 5570 editione
1333 5511 1596 5585 Stephani
1648 5516 1886 5585 legatur,
1928 5528 2044 5585 ma-

457 5581 549 5636 lim
606 5581 788 5657 leggtre
841 5585 1060 5657 ἐπέχον,
1103 5586 1246 5657 quod
1280 5584 1587 5657 ⁸ξιεεῳιειιιιίει
1636 5581 1795 5657 plane
1824 5581 2039 5657 _c0t_tlir-

459 5652 1132 5725 urant._’Sequitur"euiut
1180 5652 1241 5725 τό
1275 5652 1319 5706 δ’
1371 5652 1560 5725 ἕτερον
1603 5652 1741 5723 πρὸς
1785 5654 1866 5725 τῇ-
1905 5652 2041 5725 ἀπο-

459 5669 626 5709 niant.
680 5669 940 5725 nequitur
985 5672 1132 5709 entut
1180 5669 1241 5707 το
1275 5669 1317 5706 0'
1372 5669 1461 5705 ετε
1502 5669 1560 5706 ον
1603 5669 1741 5723 προς
1785 5669 1852 5723 τη
1905 5669 2035 5704 arco-

456 5718 654 5804 λαύσεί
709 5729 803 5782 καὶ
861 5724 1129 5804 θεραπεία
1172 5723 1283 5778 τῶν
1338 5669 1607 5804 σωμάτων
1656 5705 2035 5804 ,κατάλληλοψ

455 5796 623 5848 Codd.
667 5805 843 5852 tamen
883 5791 1042 5862 Fuk.,
1090 5791 1216 5853 Sav.
1264 5813 1327 5850 ac
1354 5791 1591 5848 Turuebi
1621 5791 1777 5862 plane
1834 5791 2039 5862 conﬁr-

458 5876 566 5917 mat
597 5860 1036 5923 unurdatiouem
1078 5868 1220 5922 illam
1256 5868 1542 5923 doctorum
1578 5860 1839 5919 virorum.
1892 5860 2039 5917 ldetu
