4176 6414
328 372 352 426 1
363 371 470 427 255

1133 364 1601 423 (ZONSTANTINI
1639 362 1899 420 ORATIO
1940 364 2032 419 AD
2071 367 2501 428 SANCTORUM
2541 368 2843 428 C(ETUM.

3484 376 3625 433 1254

326 490 444 545 ἔστι
483 487 1030 562 καταριθμήσασθαι,
1066 488 1162 542 ἐπὶ
1202 489 1369 542 πᾶσιν
1405 482 1488 551 οἷς
1518 485 1769 556 ἀφθόνως
1801 489 1934 558 ἡμῖν

2040 489 2092 544 in
2132 491 2359 561 reliquis
2392 493 2650 548 omnibus
2671 535 2686 560 ,
2717 502 2777 547 ut
2803 492 3301 550 vehementissimae
3338 495 3621 565 cupiditati

325 584 663 654 ἐδωρήσατο,
698 580 790 635 τὸν
820 580 929 634 τῶν
963 578 1269 653 ἀνθρώπων
1315 579 1430 651 βίον
1468 580 1606 651 πρὸς
1645 579 1932 651 σωφροσύ-

323 696 423 750 νην
455 696 514 732 τε
552 678 773 742 καὶτὰς
799 677 967 741 ἄλλας
996 678 1179 742 πάσας
1223 680 1429 749 ἀρετὰς
1471 679 1930 751 προτρεπομένης

323 770 661 842 διαρρήδην,
697 768 1027 841 ἀπαγούσης
1083 769 1128 822 δ’
1166 770 1274 823 ἀπὸ
1316 771 1416 842 τῆς
1459 771 1694 842 ἀκαίρου
1744 770 1935 825 πλεον-

323 860 494 928 εξίας.
523 854 624 915 Ὧν
657 861 878 915 πάντων
905 861 1201 933 ἐξιχνεύειν
1230 862 1323 915 τὸν
1351 862 1529 931 λόγον,
1557 861 1740 932 μεῖζον
1768 862 1931 934 ἔργον

324 947 474 1000 ἐστὶν
502 948 535 1019 ἢ
580 948 723 1002 κατὰ
757 948 1065 1021 ἄνθρωπον.
1094 949 1221 1015 Πῶς
1252 949 1362 1022 γάρ
1379 950 1453 1005 ἄν
1482 968 1568 1015 τις
1596 951 1738 1005 κατά
1768 953 1928 1023 ἀκρί-

325 1033 477 1089 ϐειαν
513 1036 772 1108 ἀληθείας
798 1039 1040 1108 ἐφίκοιτο
1066 1039 1200 1110 (56),
1232 1042 1265 1111 ὴ
1292 1041 1536 1113 φθαρτοῦ
1560 1059 1620 1095 τε
1646 1042 1740 1096 καὶ
1765 1043 1928 1097 ἀσθε-

324 1123 450 1189 νοῦς
486 1126 626 1191 ζὼου
658 1128 897 1194 διάνοια;
938 1128 1065 1193 Πῶς
1098 1128 1165 1182 ἂν
1197 1128 1298 1201 τὴν
1328 1128 1390 1194 ἐξ
1435 1131 1612 1203 ἀρχῆς
1655 1131 1925 1204 εἰλικρινῆ

326 1216 419 1269 τοῦ
453 1219 588 1273 Θεοῦ
620 1219 876 1293 βούλησιν
912 1222 1343 1293 κατανοήσειεν;

2035 580 2192 636 labor
2244 597 2467 652 quoque
2522 583 3041 638 vehementissimus
3090 584 3409 654 objiciatur.
3479 586 3657 652 Quot'

2034 672 2262 743 insuper
2285 674 2389 728 alia
2415 674 2612 729 divinae
2644 674 3016 729 Providentia:
3041 691 3207 745 opera
3239 676 3369 732 licet
3398 691 3624 732 enunteo

2034 779 2190 823 rare.
2236 781 2358 835 quae
2401 768 2455 822 in
2500 767 2756 822 omnibus
2798 769 2964 823 rebus
3015 784 3155 837 quas
3185 770 3345 825 nobis
3407 772 3626 840 copioso

2032 857 2225 926 largita
2272 869 2377 926 est,
2425 860 2594 915 vitam
2643 860 2927 915 hominum
2981 862 3049 916 ad
3085 863 3410 919 modestiam
3460 875 3624 919 caete-

2032 961 2236 1016 rasque
2276 949 2510 1005 virtutes
2544 950 2838 1005 manifeste
2868 952 3129 1021 impellit,
3169 966 3224 1008 et
3255 956 3323 1010 ab
3359 956 3623 1023 importu-

2037 1040 2121 1094 nis
2150 1040 2543 1111 cupiditatibus
2570 1043 2821 1098 abducit!
2870 1043 3110 1111 Quarum
3146 1047 3389 1102 omnium
3437 1062 3621 1102 rerum

2034 1134 2301 1186 rationem
2316 1133 2663 1204 investigare,
2685 1133 2863 1203 majus
2885 1135 3140 1204 quiddam
3165 1148 3268 1205 est,
3293 1153 3454 1207 quam
3477 1141 3622 1208 quod

2034 1223 2103 1278 ab
2143 1224 2365 1278 homine
2395 1225 2586 1293 perlici
2610 1228 2800 1294 possit.
2826 1226 2945 1293 Quo
2974 1230 3121 1284 enim
3154 1232 3315 1285 modo
3339 1231 3625 1285 veritatem

326 1323 583 1366 accurate
638 1314 860 1383 assequi
897 1312 1078 1370 valeat
1107 1315 1302 1371 caduci
1353 1322 1521 1385 atque
1565 1313 1772 1370 inﬁrmi
1821 1315 2077 1372 animalis
2103 1316 2503 1389 intelligentia?
2540 1332 2649 1388 quo
2690 1329 2848 1389 pacto
2878 1319 2976 1375 Dei
3024 1317 3094 1374 ab
3116 1316 3271 1372 initio
3292 1317 3622 1372 voluntatem

325 1403 790 1474 comprehendere
807 1402 830 1455 ?

856 1495 1262 1549 ΚΕΦΑΛΑΙΟΝ
1302 1495 1382 1548 Θ’.

325 1590 467 1658 Περὶ
501 1588 622 1643 τῶν
652 1590 1024 1659 φιλοσόφων,
1057 1591 1114 1644 οἳ
1138 1590 1236 1645 διὰ
1264 1590 1330 1645 τὸ
1361 1590 1559 1651 πάντα
1580 1593 1919 1657 ,βούλεσθαι

396 1660 643 1726 εἰδέναι,
671 1660 806 1729 περὶ
834 1663 940 1727 τὰς
967 1661 1152 1728 δόξας
1173 1662 1558 1732 ἐσφάλησαν,
1590 1664 1691 1717 καὶ
1711 1665 1918 1718 κινδύ-

400 1748 530 1796 νοις
554 1732 702 1802 ἔνιοι
746 1732 1228 1802 προσωμίλησαν
1251 1749 1265 1763 ·
1310 1732 1411 1787 καὶ
1446 1732 1582 1802 περὶ
1612 1733 1732 1788 τῶν
1762 1735 1925 1789 Πλά-

396 1817 588 1867 τωνος
614 1800 925 1871 δογμάτων
954 1800 1101 1873 (57).

402 1912 495 1966 Διδ
541 1913 649 1986 χρὴ
694 1917 809 1977 τοῖς
845 1911 1092 1979 δυνατοῖς
1138 1916 1434 1988 ἐγχειρεῖν,
1484 1918 1581 1972 καὶ
1625 1921 1740 1984 τοῖς
1788 1919 1929 1974 κατά

330 2005 430 2077 τὴν
458 2005 735 2078 ἡμετέραν
761 2004 944 2074 φύσιν.
982 2006 1056 2060 Τὸ
1080 2006 1188 2080 γάρ
1209 2025 1293 2061 τοι
1317 2008 1547 2064 πιθανὸν
1581 2010 1691 2065 τῶν
1725 2012 1783 2064 ὲν
1814 2013 1930 2075 τοῖς

329 2096 599 2167 διαλόγοις
631 2098 931 2169 γινομένων
967 2096 1100 2171 (58),
1132 2099 1337 2169 ἀπάγει
1383 2101 1446 2155 τὸ
1490 2101 1741 2155 πλεῖστον
1770 2101 1928 2173 ἡμῶν

330 2184 442 2238 ἀπὸ
465 2185 563 2256 τῆς
596 2183 704 2239 τῶν
737 2185 909 2239 ὄντων
939 2185 1231 2256 ἀληθείας·
1266 2188 1295 2242 ὃ
1333 2188 1398 2261 δὴ
1436 2190 1532 2243 καὶ
1565 2191 1782 2256 πολλοῖς
1819 2191 1927 2246 τῶν

329 2273 638 2344 φιλοσόφων
673 2274 1043 2348 συμϐέϐηκεν,
1087 2277 1437 2350 ἀδολεσχοῢσι
1483 2280 1595 2352 (59)
1638 2283 1768 2353 περ).
1800 2284 1928 2346 τοὺς

328 2366 541 2435 λόγους,
590 2368 687 2420 κα).
726 2368 828 2438 τὴν
875 2368 976 2438 τῆς
1025 2369 1245 2439 φύσεως
1291 2371 1402 2426 τῶν
1439 2372 1610 2428 ὄντων
1653 2373 1923 2439 ἐξέτασιν.

340 2460 564 2523 Ὁσάκις
588 2459 700 2531 γὰρ
725 2458 791 2513 ἂν
815 2459 878 2512 τὸ
908 2461 1138 2531 μέγεθος
1159 2459 1271 2516 τῶν
1296 2466 1643 2537 πραγμάτων
1690 2467 1791 2537 τῆς
1843 2466 1928 2533 ἐξ-

331 2551 575 2616 ετάσεως
615 2551 796 2607 αὐτῶν
830 2554 1201 2626 ἐπικρατήσῃ,
1234 2554 1511 2630 διαφόροις
1534 2557 1645 2611 τισὶ
1681 2558 1926 2629 μεθόδοις

326 2643 390 2696 τὸ
414 2643 612 2715 ἀληθὲς
639 2644 1105 2716 ἀποκρύπτονται·
1140 2663 1205 2699 συ
1215 2647 1430 2718 μῦαίνει
1465 2649 1530 2721 δὴ
1559 2651 1745 2714 αὐτοῖς
1770 2651 1926 2705 ἐναν-

327 2734 418 2788 τία
460 2735 723 2802 δοξάζειν,
761 2737 856 2790 καὶ
894 2737 1165 2808 μάχεσθαι
1203 2742 1316 2802 τοῖς
1360 2739 1611 2812 ἀλλήλων
1658 2740 1921 2813 δόγμασι,

327 2827 423 2880 καὶ
456 2827 629 2881 ταῦτα
657 2831 841 2896 σοφοῖς
874 2823 1015 2881 εἶναι
1048 2830 1560 2901 προσποιουμένοις.
1594 2830 1758 2886 Ὅθεν
1792 2831 1923 2886 στάιο

326 2932 445 2983 σεις
474 2936 534 2972 τε
561 2918 770 2990 δήμων,
814 2919 909 2974 καὶ
936 2918 1373 2975 δυναστευόντων
1413 2922 1653 2993 χαλεπαὶ
1684 2923 1918 2995 κρίσεις,

324 3011 588 3083 οἰομένων
617 3012 679 3065 τὸ
704 3011 958 3083 πατρῷον
988 3012 1108 3078 ἔθος
1133 3014 1553 3087 διαφθείρεσθαι
1572 3031 1586 3045 ·
1620 3016 1714 3069 καὶ
1741 3014 1922 3072 αὐτῶν

2640 1493 2871 1550 CAPUT
2912 1494 3007 1550 IX.

2029 1584 2107 1641 De
2168 1586 2489 1652 philosophia
2536 1588 2663 1656 qui,
2718 1604 2836 1639 cum
2887 1588 3065 1642 omnia
3134 1589 3269 1641 scire
3314 1588 3624 1653 voluissent,

2102 1657 2439 1723 Opinionibus
2484 1658 2619 1725 lapsi
2652 1666 2811 1720 sunt,
2843 1669 2891 1711 et
2919 1657 3162 1711 nonnulli
3196 1658 3482 1713 discrimen
3506 1661 3624 1715 vita

2104 1728 2400 1781 subierunt.
2423 1725 2560 1781 Item
2587 1728 2651 1781 de
2679 1728 2922 1782 doctrina
2962 1729 3231 1784 Platonis.

2101 1905 2470 1974 Quamobrem
2504 1920 2567 1961 ea
2605 1908 2825 1979 aggredi
2864 1908 3129 1964 debemus
3158 1923 3281 1979 qua:
3326 1910 3443 1965 ﬁeri
3494 1926 3624 1980 pos-

2029 1999 2159 2062 sint,
2189 2009 2245 2055 et
2273 2014 2396 2069 quae
2421 2009 2633 2055 naturae
2662 2012 2866 2056 nostra
2910 2002 3130 2057 modum
3164 2018 3271 2056 non
3315 2004 3611 2058 excedant.

2028 2093 2241 2150 Etenim
2266 2093 2627 2163 probabilitas
2653 2109 2779 2164 qua:
2812 2094 2865 2149 in
2889 2094 3120 2165 dialogis
3149 2109 3214 2148 ac
3238 2095 3622 2165 disputationi-

2027 2187 2132 2242 bus
2166 2187 2462 2256 reperitur,
2514 2186 2808 2256 plerosque
2835 2197 3086 2242 nostrum
3117 2204 3147 2242 a
3178 2189 3412 2243 veritate
3451 2190 3622 2244 abdu-

2028 2295 2156 2337 cere
2174 2279 2335 2334 solet.
2362 2277 2518 2345 Quod
2550 2279 2771 2349 quidem
2797 2279 2985 2334 multis
3007 2280 3235 2349 contigit
3258 2280 3618 2350 philosophis,

2028 2372 2153 2426 dum
2182 2372 2236 2424 in
2255 2370 2576 2425 disserendo
2616 2377 2672 2424 et
2697 2369 2750 2423 in
2769 2371 3191 2439 pervestiganda
3219 2387 3399 2426 rerum
3424 2382 3618 2425 natura

2028 2461 2307 2529 ingenium
2332 2469 2616 2515 exercent.
2646 2459 2781 2514 Nam
2808 2461 3022 2529 qu0ties
3053 2462 3442 2517 miraculorum
3472 2477 3623 2533 mag-

2027 2552 2221 2606 nitudo
2274 2551 2685 2622 inquisitionem
2733 2551 2975 2622 ipsorqu
3028 2551 3189 2622 longe
3250 2554 3620 2621 transcendit,

2025 2644 2197 2700 variis
2258 2644 2680 2716 argumentandi
2742 2645 2917 2700 modis
2961 2647 3255 2701 veritatem
3310 2644 3618 2700 involvunt.

2033 2735 2186 2792 Unde
2239 2736 2301 2791 ﬁt
2352 2745 2415 2792 ut
2475 2736 2754 2792 contraria
2806 2737 3069 2803 sentiant,
3118 2746 3175 2793 et
3216 2738 3355 2791 alter
3396 2736 3622 2790 alterius

2026 2826 2284 2897 dogmata
2345 2824 2670 2896 impugnet,
2728 2827 2895 2896 idque
2946 2842 3068 2882 cum
3124 2827 3400 2897 sapientes
3448 2825 3620 2881 videri

2026 2917 2216 2972 velint.
2274 2915 2356 2971 Ex
2401 2931 2510 2988 quo
2564 2917 2888 2987 populorum
2942 2918 3255 2988 gravissimi
3306 2928 3506 2982 motus,
3566 2927 3622 2972 et

2025 3010 2330 3080 principum
2385 3012 2582 3068 acerba
2624 3011 2839 3080 iustitia
2876 3010 3144 3066 adversus
3201 3011 3350 3080 ipsos
3395 3011 3623 3066 exstite-

322 3104 551 3157 ἐκείνων
578 3103 798 3175 ὄλεθρος
822 3104 1082 3170 πολλάκις
1110 3105 1588 3179 παρηκολούθησε.
1620 3107 1923 3180 Σωκράτης

2028 3110 2178 3164 runt,
2218 3102 2346 3155 dum
2376 3116 2559 3158 mores
2606 3112 2773 3167 atque
2819 3100 3066 3162 instituta
3102 3100 3374 3171 majorum
3413 3100 3481 3155 ab
3509 3099 3620 3154 illis

322 3194 434 3266 γὰρ
475 3194 581 3248 ὑπὸ
624 3194 980 3266 διαλεκτικῆς
1026 3196 1307 3268 ἐπαρθεὶς,
1355 3198 1451 3251 καὶ
1497 3199 1625 3262 τοὺς
1669 3196 1921 3270 χείρονας

2024 3194 2254 3249 convelli
2289 3202 2505 3264 putant.
2558 3194 2639 3250 Ac
2681 3182 3057 3265 saepenumero
3092 3194 3325 3249 exitium
3375 3192 3617 3258 ipsorum

320 3282 513 3354 λόγους
544 3285 785 3356 βελτίους
814 3287 986 3342 ποιῶν
1015 3289 1151 3361 (40).,
1199 3292 1295 3344 καὶ
1328 3289 1541 3354 παίζων
1590 3289 1918 3363 παρέκαστα

324 3379 455 3450 περὶ
484 3378 611 3442 τοὺς
637 3378 1013 3448 ἁντιλογικοὺς
1046 3379 1260 3449 λόγους,
1298 3380 1403 3433 ὑπὸ
1441 3381 1540 3453 τῆς
1566 3379 1678 3434 τῶν
1704 3379 1917 3452 ὁμοφύ-

326 3467 432 3521 λων
463 3486 523 3522 τε
568 3469 663 3522 καὶ
711 3468 945 3523 πολιτῶν
991 3470 1292 3541 βασκανίας
1346 3469 1634 3543 ἀνῄρηται.
1686 3471 1766 3526 Οὐ
1812 3470 1920 3543 μὴν

325 3559 462 3617 ἀλλά
488 3563 584 3614 καὶ
606 3560 933 3632 Πυθαγόρας
970 3561 1326 3634 σωφροσύνην
1357 3562 1549 3615 ἀσκεῖν
1582 3561 1917 3634 προσποιού-

328 3669 489 3722 μενος
522 3651 815 3724 ἐξαιρέτως
845 3653 940 3706 καὶ
969 3652 1200 3724 σιωπὴν,
1232 3652 1719 3724 καταψευσάμενος
1751 3651 1915 3707 ὲάλιιν

322 3745 393 3798 τὰ
440 3744 551 3817 γάρ
612 3744 719 3798 ὑπὸ
772 3743 881 3798 τῶν
937 3745 1234 3818 προφητῶν
1300 3745 1468 3800 πάλαι
1533 3747 1666 3799 ποτὲ
1722 3746 1920 3819 προλε-

325 3835 523 3906 χθὲντα
565 3835 700 3908 (41),
754 3836 1101 3907 ἐπιδημήσας
1142 3839 1212 3908 τῇ
1266 3837 1550 3909 Αἰγύπτῳ,
1579 3838 1655 3901 ὡς
1704 3837 1814 3892 ἵδιά
1854 3855 1921 3908 γε

327 3927 477 4000 αὐτῷ
494 3928 600 3982 ὑπὸ
636 3927 771 3982 Θεοῦ
796 3929 1268 3996 ἀναπετασθέντα,
1312 3932 1426 3994 τοῖς
1440 3929 1774 3994 Ἰταλιώταις
1797 3947 1923 4002 προ-

400 4088 514 4155 (56)
537 4087 695 4157 Vulg.
754 4087 1041 4155 ἀληθείας
1079 4086 1377 4157 ἀφίκοιτο.
1422 4082 1784 4157 Scrihendum
1837 4094 1922 4139 est

330 4154 595 4229 ἐφίκοιτο,
646 4154 704 4210 ut
737 4158 790 4211 in
818 4154 1026 4229 (Codice
1062 4154 1198 4211 Fuk.
1231 4157 1491 4229 scriptum
1553 4154 1759 4229 iuveni,
1797 4169 1920 4229 cum

336 4223 393 4284 ei
421 4243 548 4284 ante
583 4223 671 4282 ita
717 4227 1067 4283 scribendum
1120 4241 1244 4282 esse
1279 4224 1686 4294 conjecissem._
1723 4223 1830 4278 Sed
1865 4233 1923 4279 et

330 4307 501 4352 totum
543 4300 718 4353 locum
776 4298 852 4351 ita
899 4298 1189 4365 distinguo,
1244 4292 1613 4366 ndig‘ydtpjtv
1634 4292 1737 4366 τῆς
1764 4294 1916 4366 κατά

328 4368 614 4493 ἓκρίὸειαῖ
650 4365 906 4439 ἀληθείας
949 4362 1194 4437 ἐφίκοιτο
1226 4368 1282 4439 ἡ,
1310 4362 1443 4434 οιοζ,
1470 4362 1590 4428 πῶς
1635 4362 1702 4418 ἂν
1737 4365 1838 4435 τὴν
1861 4364 1922 4432 ἐξ

370 4455 523 4493 name.
560 4453 590 4493 e
616 4453 665 4491 c.

368 4439 665 4511 ρχῆςνβις·

403 4502 588 4600 (5³1)(ιὶ
616 4508 730 4600 ipso
751 4507 946 4600 capitis
965 4507 1119 4600 titulo
1146 4506 1499 4600 r‘nepdutrlest
1525 4502 1915 4600 inIVngLQui-d
1950 4543 1997 4600 Β

331 4572 474 4633 enim
488 4572 590 4631 sibi
611 4572 925 4632 volunthaec
943 4579 1135 4633 verba:
1153 4578 1262 4630 Καὶ
1290 4575 1558 4638 κινδύνοις
1587 4572 1725 4626 ἔνιοι
1750 4589 1915 4645 προσ-

330 4647 614 4719 ωμίλησαν
638 4645 745 4719 τῶν
761 4645 1046 4719 Πλάτωνος
1067 4645 1912 4719 δογμάτωνῖῼΙιτὶδιορὴοςερ-ιιιιε

331 4712 549 4787 quidem
579 4717 772 4787 legisse
800 4716 1015 4770 videtur
1037 4712 1148 4771 hoc
1166 4712 1327 4772 iuodo
1355 4734 1369 4770 :
1394 4715 1482 4769 διὰ
1504 4712 1619 4787 τῶν
1632 4712 1740 4787 *τοῦ
1768 4712 1913 4767 Πλά-

328 4784 497 4851 τωνος
512 4785 819 4858 δογμάτων.
840 4787 951 4858 Ego
965 4802 1093 4858 vero
1108 4787 1281 4840 locum
1301 4788 1371 4840 ita
1386 4784 1739 4858 supplendum
1756 4794 1907 4858 puto,

330 4859 425 4912 καὶ
456 4854 720 4930 περϊτῶν
755 4854 1380 4930 Πλάτωνος-δογμάτων.
1424 4861 1600 4930 Atque
1626 4855 1717 4930 _ita
1748 4854 1911 4930 Jplane

328 4922 589 4984 scribitur
609 4929 662 4981 in
689 4928 873 4981 codice
891 4922 1312 4982 Fuk.Cmterum
1336 4936 1445 4979 tum
1465 4922 1526 4980 in'
1538 4925 1725 4980 codice
1748 4922 1907 4987 Fuk.,

238 5058 247 5065 ,
331 5008 444 5052 ιυιη
474 5000 526 5052 in
567 4997 781 5053 schedis
816 4996 996 5065 Regiis
1031 4998 1134 5050 hoc
1183 4998 1475 5064 capitulum
1529 4995 1815 5049 inchoatur
1840 4995 1909 5048 ab

328 5071 396 5123 iis
424 5066 606 5122 verbis
632 5086 646 5122 :
677 5067 838 5138 Πόσα
849 5066 893 5119 δ’
920 5065 1056 5138 ἀλλα
1082 5066 1181 5138 τῆς
1209 5065 1359 5138 θείας
1377 5065 1664 5138 Προνοίας,
1688 5075 1799 5138 etc.

401 5138 515 5209 (58)
570 5138 719 5209 \lulg.
766 5134 996 5209 tota?
1036 5133 1176 5209 τοῖς
1210 5133 1527 5209 διαλόγοιςῄ
1555 5133 1902 5209 γινόμενον.

330 5204 554 5263 Rectius
593 5207 647 5262 iu
671 5204 838 5262 codd.
877 5205 1011 5262 Fuk.
1046 5225 1108 5261 ac
1134 5205 1372 5261 Turnebi
1396 5204 1662 5260 scribitur
1690 5204 1909 5275 γινομέ-

327 5295 454 5333 νων.
474 5279 530 5333 lu
552 5279 768 5333 schedis
780 5288 959 5330 autem
982 5278 1162 5346 llegiis
1179 5293 1241 5331 ea
1257 5290 1358 5331 vox
1378 5277 1581 5346 omissa
1599 5284 1702 5327 est.
1721 5273 1904 5329 Malim

327 5353 492 5404 etiam
524 5348 767 5403 scribere
792 5346 851 5400 τό
878 5346 942 5416 γέ
970 5364 1051 5400 τοι
1075 5345 1302 5400 πιθανὸν
1328 5345 1438 5398 τῶν
1467 5348 1525 5398 ὲν
1548 5346 1684 5407 τοῖς,
1722 5354 1827 5398 etc.

398 5416 511 5491 (59)
552 5417 1004 5491 Ἀδολεσχοῦσι.
1044 5421 1098 5470 Ιιι
1124 5419 1318 5491 θεωρεῖ-ε
1353 5417 1503 5470 libris
1536 5417 1640 5469 hoc
1682 5416 1902 5467 verbum

327 5489 561 5544 aut'uit'ur
600 5504 695 5557 pro
733 5504 797 5542 eo
825 5490 968 5557 quod
997 5497 1081 5542 est
1123 5489 1396 5554 ingenium
1439 5501 1596 5540 suutn
1623 5498 1900 5551 exercere,

326 5571 387 5613 ut
412 5556 611 5613 dudum
647 5556 849 5612 notavit
877 5556 1111 5611 Jacobus
1136 5558 1404 5619 Tusanus.

398 5629 512 5699 (4_0)
551 5629 700 5699 \fulg.
732 5626 998 5694 καὶτοὺς
1033 5629 1311 5699 χείρονας
1347 5624 1570 5699 λόγους
1609 5622 1900 5699 βελτίους

327 5695 534 5753 ποιῶν.
573 5695 777 5752 Sensus
825 5695 1068 5766 postulat
1116 5695 1174 5751 ut
1219 5700 1488 5750 addantur
1538 5696 1654 5749 haec
1684 5695 1896 5766 verba:

325 5771 419 5822 καὶ
446 5769 571 5833 τοὺς
595 5763 838 5841 βελτίους
883 5769 1153 5841 χείρονας.
1173 5767 1309 5841 Fuit
1330 5769 1432 5841 hoc
1464 5767 1742 5841 inventum
1767 5763 1899 5816 Pro-

326 5848 542 5910 tagorae,
562 5834 655 5910 qui
688 5834 1044 5910 pollicebatur
1064 5837 1595 5905 adolescentibus,»
1627 5834 1894 5892 rationem

2022 3284 2150 3341 inde
2210 3296 2299 3341 est
2355 3295 2734 3341 consecutum.
2809 3283 3068 3341 Socrates
3111 3294 3260 3339 certe
3309 3284 3618 3340 disserendi

2021 3392 2255 3448 scientia
2281 3393 2483 3457 elatus,
2501 3408 2625 3448 cum
2659 3392 2906 3447 rationes
2932 3406 3054 3461 quae
3076 3390 3411 3447 inﬁrmiores
3435 3401 3615 3455 erant,

2021 3496 2350 3554 valentiores
2383 3496 2664 3564 elﬁceret,
2698 3506 2756 3553 et
2816 3497 2870 3552 in
2920 3496 3344 3552 contradicendo
3395 3494 3618 3552 assidue

2019 3604 2255 3672 luderet,
2282 3603 2564 3658 tribulium
2596 3617 2661 3658 ac
2701 3601 2904 3656 civium
2936 3614 3159 3656 suorum
3196 3597 3402 3653 invidia
3442 3601 3616 3652 inter-

2021 3708 2200 3765 fectus
2226 3718 2330 3765 est.
2362 3708 2470 3764 Sed
2499 3716 2554 3763 et
2603 3706 2943 3779 Pythagoras
2974 3704 3067 3773 qui
3099 3702 3516 3774 temperantiam
3550 3718 3617 3758 ac

2022 3813 2304 3869 silentium
2350 3812 2660 3867 consectari
2716 3825 2778 3865 se
2823 3824 2936 3880 prce
2982 3808 3200 3865 caneris
3229 3805 3612 3878 proﬁtebatur,

2024 3918 2186 3990 577
2215 3916 2487 3974 mendacii
2512 3916 2802 3973 convictus
2836 3926 2944 3973 est.
2978 3913 3110 3982 Quae
3138 3913 3283 3969 enim
3318 3912 3437 3982 ipse
3476 3911 3607 3968 olim

2024 4076 2169 4132 illam
2197 4090 2319 4143 quae
2353 4072 2629 4130 valentior
2663 4071 3202 4143 esset,inﬁrmiorem
3234 4067 3577 4143 redditurth
3591 4085 3607 4132 ;

2022 4157 2078 4201 et
2103 4138 2292 4201 contra
2320 4162 2440 4199 eam
2478 4160 2598 4212 qua:
2629 4144 2900 4199 inﬁrmior
2915 4151 3080 4205 esset,
3104 4140 3480 4212 valentiorem,
3503 4138 3612 4193 Τόν

2023 4216 2304 4289 κρείττονα
2326 4215 2485 4289 λόγον
2498 4209 2651 4287 ἥττω
2679 4217 2873 4289 ποιεῖν,
2892 4213 2986 4266 καὶ
3012 4212 3108 4289 τὸν
3130 4212 3326 4289 ἦττονα
3350 4209 3605 4289 κρείττω.

2022 4278 2296 4342 Adversus
2329 4278 2601 4354 sophistas
2631 4287 2722 4354 qui
2784 4284 2900 4338 haec
2938 4278 3311 4354 spondebant,
3349 4278 3609 4354 Socrates

2025 4358 2244 4413 assidue
2264 4351 2599 4424 disputabat,
2629 4351 2687 4409 ut
2720 4357 2866 4423 ipsos
2893 4351 3026 4424 nihil
3051 4352 3195 4407 scire
3220 4351 3603 4424 convinceret:

2023 4444 2226 4497 eosque
2260 4420 2374 4482 suis
2405 4427 2548 4495 telis,
2583 4420 2651 4480 id
2682 4420 2767 4481 est
2815 4423 3115 4479 dialectica:
3159 4422 3489 4485 rationibus,
3520 4420 3606 4473 in-

2025 4498 2355 4553 sectabatur.

2096 4567 2207 4640 (41)
2255 4566 2413 4632 Vulg.
2458 4566 2533 4640 τᾲ
2577 4565 2685 4636 γὰρ
2712 4562 2855 4640 ﬁxo
2903 4560 3022 4640 τῶν
3056 4559 3377 4640 προςρῃτῶν
3417 4557 3606 4640 «tua:

2021 4630 2158 4693 τότε
2190 4630 2660 4706 ’προλεχθέντὶιξ
2707 4634 3078 4706 Scribeu_dtun_
3128 4632 3315 4706 πάλαιῄ
3351 4630 3483 4684 ποτέ
3499 4647 3601 4706 ἰιι

2021 4709 2210 4764 codice
2253 4698 2389 4763 Fuk.
2406 4698 2442 4706 ’⁷
2462 4698 2632 4762 Porro
2688 4706 2834 4773 quod
2894 4704 2972 4756 ait
3004 4772 3009 4773 ί
3038 4700 3449 4764 Constantinus,
3497 4698 3605 4770 Py-

2022 4780 2304 4847 thagoram
2338 4792 2461 4831 cum
2494 4780 2547 4831 in
2574 4772 2865 4847 .‘Egyptum
2895 4772 3151 4847 venisset,
3181 4782 3236 4827 et
3259 4788 3379 4843 qua:
3406 4785 3439 4847 a_
3471 4785 3604 4847 pro-

2018 4841 2197 4918 plte'tis
2230 4849 2360 4903 olim
2390 4841 2905 4918 przedicta"l'uerant
2955 4841 3603 4918 accepisset,:_ea_deinde

2022 4911 2276 4986 tanquam
2311 4911 2413 4972 sibi
2439 4933 2467 4970 a
2491 4918 2601 4971 Deo
2631 4915 2866 4969 revelata
2896 4913 3231 4986 perkltaliam
3260 4911 3600 4986 divulga.-_se,

2017 4980 2208 5070 partim
2244 4988 2523 5070 probabile
2556 4986 2690 5069 mihi
2726 4980 2957 5070 videtur.
2988 4983 3350 5070 Pythagoram
3381 4980 3599 5070 quidem

2017 5054 2070 5113 in
2113 5054 2407 5128 Egyptum
2447 5057 2683 5120 venisse,
2722 5065 2779 5109 et
2818 5055 2887 5128 ibi
2939 5054 3171 5128 arcanos
3214 5054 3352 5128 ritus
3400 5067 3465 5105 ac
3496 5066 3601 5105 ete-

2017 5124 2288 5184 retttotiias
2314 5142 2597 5183 sacrorum
2636 5144 2664 5178 a
2700 5124 3077 5181 sacerdotibus
3100 5125 3399 5192 accepisse,
3427 5130 3597 5192 testas

2018 5209 2103 5253 tur
2134 5199 2466 5269 Porphyrius
2506 5195 2702 5269 ineius
2743 5192 2880 5258 Vita,
2909 5203 2965 5249 et
3011 5194 3099 5269 alii
3126 5190 3452 5269 complures.
3487 5190 3597 5251 Sed

2011 5279 2067 5323 et
2093 5285 2157 5325 ex
2179 5265 2334 5323 libris
2365 5267 2562 5339 Moysis
2583 5267 2945 5339 Pythagoram
2973 5265 3140 5318 multa
3167 5265 3594 5339 accepisset“-

2012 5339 2094 5394 dit
2120 5332 2480 5403 Aristobttlus,
2506 5347 2561 5391 et
2592 5332 2713 5390 cum
2742 5332 2808 5390 eo
2836 5335 3086 5390 Clemens
3117 5344 3278 5403 atque
3300 5332 3571 5403 Eusebius

2012 5407 2212 5463 Verum
2253 5409 2566 5477 prophetias
2615 5405 2922 5461 Judtrorum
2976 5405 3124 5477 illum
3163 5402 3216 5457 in
3244 5402 3477 5477 Egypto
3506 5405 3559 5456 tli

2010 5481 2233 5541 dit-isse.
2253 5472 2327 5532 ὀυ
2356 5472 2553 5533 deinde
2601 5477 2745 5531 ltalis
2780 5475 3175 5543 promulgasse,
3236 5472 3415 5526 nullus
3440 5483 3589 5528 veter

2008 5566 2128 5604 rum
2178 5551 2336 5613 dixit,
2391 5549 2539 5619 quod,
2585 5548 2801 5615 quidem
2858 5546 3173 5619 sciant._Ac
3229 5543 3460 5619 fortasse
3503 5544 3592 5598 hic

2008 5621 2163 5674 locus
2194 5636 2300 5675 nou
2328 5613 2775 5673 de'Judazorum.
2819 5616 2913 5671 sed
2962 5617 3029 5669 de
3052 5613 3432 5683 Egyptiorum
3464 5629 3586 5682 pro~

2006 5691 2185 5765 pltetis
2208 5689 2590 5760 intelligendus
2610 5696 2710 5765 est.
2730 5685 2969 5765 Fuerunt
2985 5680 3294 5765 enim-apud.
3305 5680 3586 5765 ngpti‘os

2005 5752 2312 5828 prophetae,
2377 5752 2435 5813 ιῖι
2498 5758 2676 5828 notavi
2723 5759 2788 5809 ad
2873 5756 2963 5809 lib.
3010 5769 3043 5807 v
3079 5752 3342 5828 ΔΗίειοιίὶιιι
3401 5752 3575 5805 Eccle-

2003 5823 2256 5887 ἓὶᾱέιὲοαι.
2286 5823 2418 5898 Qua:
2440 5841 2530 5885 res
2558 5827 2792 5885 fortasse
2815 5823 3226 5882 Constantinum
3267 5823 3318 5877 in
3342 5836 3584 5879 errorem
