4176 6382
569 366 593 423 ί
606 364 714 422 255

1278 358 1556 417 EUSEBll
1595 355 2075 415 CESAMENSIS
2109 353 2265 411 OPP.
2306 350 2489 409 PARS
2526 348 2569 408 1.
2611 382 2678 395 -
2716 351 3111 410 HlSTORlCA.

3702 360 3845 413 1356

566 482 827 554 praedicta
871 496 900 536 a
920 479 1203 552 prophetis
1230 490 1525 551 acceperat
1542 481 1665 534 dum
1685 481 1739 535 in
1764 478 2002 553 .Egypto
2025 494 2148 533 ver-

2260 476 2535 549 ηγόρευενο
2555 473 2718 539 αὑτός
2738 492 2803 528 τε
2816 478 2842 531 6
2859 476 2999 547 ὑπὲρ
3020 475 3229 539 πάντας
3244 473 3375 540 τοὺς
3388 473 3584 540 ἀλλους
3597 476 3849 547 ἠπιώτα-

533 562 543 573 ’
569 583 807 637 saretur,
840 589 902 628 ea
937 583 1194 643 tanquam
1226 572 1330 627 sibi
1360 573 1615 636 privatim
1646 587 1676 627 a
1716 572 1827 627 Deo
1855 573 2144 644 patefacta.

569 667 718 723 Italis
749 666 1020 735 praedixit.
1069 664 1225 719 Plato
1270 665 1505 736 denique
1539 666 1630 736 qui
1667 665 1909 735 reliquos
1954 679 2148 718 Onmes

568 774 781 814 morum
818 758 1043 812 lenitate
1073 759 1375 828 superavit,
1410 768 1469 814 et
1496 758 1592 828 qui
1625 758 1907 812 hominum
1936 767 2150 812 mentes

568 866 602 924 a
621 851 871 905 sensibus
909 852 976 904 ad
1021 865 1110 906 res
1156 851 1539 920 intelligibiles
1581 851 1888 919 eodemque
1927 864 2149 920 semper

568 943 621 996 in
646 952 789 997 statu
825 952 1211 1011 permanentes
1247 943 1461 1012 primus
1491 941 1754 1009 abduxit,
1797 950 1855 996 et
1884 942 1951 995 ad
1976 942 2150 997 subli-

566 1036 675 1089 mia
710 1034 902 1089 oculos
955 1035 1210 1088 auellere
1259 1031 1583 1093 assuefecit,
1640 1033 1874 1102 primurn
1931 1031 2150 1101 quidem

566 1125 737 1180 Deum
767 1138 932 1193 supra
971 1140 1190 1180 omnem
1220 1124 1583 1180 substantiam
1612 1137 1735 1178 esse
1773 1122 1977 1188 docuit,
2003 1134 2154 1176 recte

565 1218 807 1271 omnino.
842 1217 981 1271 lluic
1008 1217 1243 1271 alterum
1279 1216 1548 1286 subjecit,
1581 1223 1638 1270 ct
1663 1214 1796 1269 duas
1820 1214 2153 1269 substantias

565 1323 802 1364 numero
835 1309 1122 1373 distinxit,
1156 1325 1279 1365 cum
1309 1326 1416 1364 una
1453 1311 1524 1365 sit
1549 1310 1834 1379 utriusque
1868 1308 2151 1380 perfectio,

566 1411 621 1454 et
649 1401 873 1456 secundi
929 1402 1021 1455 Dei
1076 1402 1383 1456 substantia
1431 1416 1497 1456 ex
1551 1402 1728 1469 primo
1778 1401 2154 1470 proliciscatnr

566 1489 699 1546 Deo.
733 1490 834 1546 llic
855 1492 1000 1545 enim
1031 1490 1211 1560 cpifex
1235 1502 1316 1547 est
1349 1504 1402 1548 et
1431 1491 2149 1555 moderatoruniversorum,

564 1597 631 1638 ac
660 1584 893 1654 proinde
926 1586 1110 1639 omnia
1145 1586 1504 1639 transcendit.
1542 1584 1632 1639 Ille
1668 1598 1797 1639 vero
1829 1584 1921 1654 qui
1956 1598 2152 1638 secum-

566 1675 668 1730 dus
700 1675 768 1729 ab
791 1690 858 1730 eo
884 1683 990 1739 est,
1036 1676 1309 1732 mandatis
1339 1677 1458 1748 ejus
1498 1676 1805 1733 inserviens
1833 1717 1849 1742 ,
1909 1677 2152 1733 omnium

567 1783 749 1823 rerum
785 1769 1232 1825 constitutionem
1255 1770 1323 1824 ad
1364 1784 1486 1825 eum
1526 1779 1785 1838 tanquam
1821 1769 1888 1824 ad
1928 1785 2152 1826 causam

2249 587 2342 635 τος
2372 569 2619 630 Πλάτων,
2642 570 2736 622 καὶ
2774 570 2874 633 τάς
2893 568 3132 632 διανοίας
3164 567 3272 621 τῶν
3298 566 3605 639 ἀνθρώπων
3628 568 3846 641 πρῶτος

2249 663 2357 718 ἀπὸ
2385 663 2494 716 τῶν
2525 648 2831 732 αἰσθήσεων
2878 660 2975 713 ἐπὶ
3006 659 3077 714 τά
3119 659 3289 733 νοητά
3315 660 3413 713 καὶ
3457 659 3546 713 ἀεὶ
3578 658 3845 724 ὡσαύτως

2250 755 2444 827 ἔχοντα
2474 754 2659 818 ἐθίσας
2682 752 2979 822 ἀνακύψαι,
3001 751 3304 822 ἀναϐλέψαι
3335 751 3384 804 τ’
3410 752 3505 805 ἐπὶ
3532 751 3602 805 τά
3636 750 3842 825 μετάρ-

2253 864 2345 901 σια
2377 844 2596 913 διδάξας
2629 844 2768 916 (42),
2802 843 3024 915 πρῶτον
3069 844 3167 915 μὲν
3219 843 3355 897 Θεὸν
3392 843 3721 915 ὑφηγήσατο
3749 843 3844 897 τὸν

2252 936 2393 1007 ὑπὲρ
2436 935 2537 1006 τὴν
2583 933 2793 996 οὐσίαν,
2829 933 3012 997 καλῶς
3047 934 3243 987 ποιῶν·
3285 932 3521 999 ὑπέταξε
3575 933 3633 986 δὲ
3664 932 3844 1003 τούτῳ

2253 1027 2349 1080 καὶ
2376 1024 2650 1099 δεύτερον,
2676 1025 2772 1079 καὶ
2801 1022 2895 1079 δύο
2927 1024 3117 1089 οὐσίας
3142 1023 3223 1096 τῷ
3247 1023 3467 1098 ἀριθμῷ
3495 1024 3678 1089 διεῖλε,
3713 1024 3844 1095 μιᾶς

2252 1116 2419 1187 οῦσης
2440 1102 2553 1188 τῆς
2574 1116 2900 1190 ἀμφοτέρων
2926 1116 3286 1187 τελειότητος,
3312 1116 3415 1188 τῆς
3437 1134 3497 1169 τε
3523 1116 3713 1181 οὐσίας
3746 1113 3843 1171 τοῦ

2252 1209 2506 1280 δευτέρου
2539 1208 2676 1262 Θεοῦ
2705 1209 2805 1281 τὴν
2840 1207 3076 1280 ὓπαρξιν
3104 1208 3339 1280 ἐχούσης
3370 1211 3435 1263 ὲκ
3462 1208 3557 1263 τοῦ
3595 1208 3840 1283 πρώτουθ

2253 1301 2418 1364 αὐτὸς
2467 1300 2578 1372 γάρ
2624 1302 2774 1354 ὲστιν
2810 1302 2840 1354 6
2883 1299 3218 1373 δημιουργὸς
3261 1301 3357 1354 καὶ
3402 1300 3683 1373 διοικητὴς
3729 1301 3843 1357 τῶν

2253 1392 2414 1457 ὅλων,
2460 1391 2705 1462 δηλονότι
2736 1389 3269 1462 ὑπερανασεόηκώς·
3304 1391 3334 1444 6
3379 1390 3438 1444 δὲ
3468 1392 3586 1462 μετ’
3605 1392 3840 1457 ἐκεῖνον,

2253 1486 2375 1546 ταῖς
2421 1482 2633 1535 ἐκείνου
2676 1480 3039 1553 προσ-τάξεσιν
3088 1481 3465 1551 ὑπουργήσας,
3514 1480 3614 1552 τὴν
3659 1482 3843 1536 αἰτίαν

2254 1574 2354 1643 τῆς
2384 1572 2492 1627 τῶν
2526 1572 2745 1626 πάντων
2780 1573 3092 1636 συστάσεως
3121 1572 3201 1636 είς
3252 1573 3460 1624 ἐκεῖνον
3503 1571 3845 1643 ἀναπέμπει.

2256 1661 2352 1729 Εἷς
2382 1664 2449 1720 ἂν
2480 1661 2575 1719 οὖν
2603 1663 2688 1737 εἴη
2717 1664 2858 1719 κατά
2883 1662 2977 1717 τὸν
3002 1661 3210 1735 ἀκριϐῆ
3238 1662 3417 1732 λόγον,
3442 1663 3471 1716 ό
3493 1662 3592 1735 τὴν
3619 1664 3844 1717 πάντων

2258 1757 2576 1829 ἐπιμέλειαν
2608 1755 2949 1827 ποιούμενος,
2976 1741 3373 1827 προνοούμενός
3401 1770 3461 1807 τε
3493 1753 3674 1807 αὐτῶν
3707 1755 3844 1819 Θεὸς

568 1856 762 1913 refert.
796 1857 986 1927 Itaque
1010 1858 1170 1928 juxta
1221 1858 1698 1914 accuratissimam
1739 1857 2153 1929 philosophandi

2260 1849 2435 1918 λόγος,
2469 1850 2497 1903 ό
2527 1849 2955 1920 κατακοσμήσας
2985 1845 3057 1901 τά
3088 1845 3265 1899 πάντα
3286 1861 3299 1874 ·
3335 1847 3365 1900 6
3402 1844 3459 1897 δὲ
3487 1844 3645 1914 λόγος
3679 1844 3845 1909 αὐτὸς

567 1949 880 2014 rationem,
924 1966 1068 2004 unus
1106 1948 1276 2006 fuerit
1325 1951 1421 2022 qtti
1458 1952 1704 2005 omnium
1754 1965 1938 2004 rerum
1972 1966 2161 2006 curam

565 2039 741 2109 gerit,
775 2048 830 2094 et
847 2040 937 2110 qui
964 2041 1235 2097 universis
1256 2041 1532 2106 consulit,
1557 2040 1701 2096 Deus
1722 2039 1932 2096 scilicet
1956 2054 2159 2097 sermo.

564 2145 595 2183 a
628 2146 734 2198 quo
763 2139 1029 2186 exornata
1055 2141 1183 2186 sunt
1209 2141 1431 2185 cuncta.
1456 2130 1561 2198 Qui
1592 2145 1716 2186 cum
1746 2144 1877 2185 vere
1904 2131 1978 2185 sit
1996 2131 2162 2192 Deus,

561 2221 708 2276 idem
740 2222 907 2276 etiam
939 2232 1026 2278 est
1053 2222 1196 2279 lilius
1242 2223 1361 2279 Dei.
1392 2222 1551 2291 Quod
1598 2222 1742 2279 enim
1774 2222 1923 2279 aliud
1960 2238 2160 2278 nomen

564 2322 764 2383 prmter
811 2312 906 2368 lilii
967 2313 1386 2384 appellationem
1422 2317 1475 2371 el
1519 2314 1794 2385 quispiam
1854 2314 2156 2385 imponens,

568 2421 675 2459 non
705 2405 869 2460 simul
901 2421 1116 2461 summo
1138 2407 1352 2462 scelere
1373 2421 1497 2463 sese
1527 2406 1925 2465 obstrinxerit?
1946 2406 2162 2477 Quippe

568 2497 661 2552 ille
687 2498 780 2567 qui
816 2507 902 2552 est
930 2499 1176 2553 omnium
1229 2508 1406 2569 pater,
1453 2500 1654 2556 merito
1698 2502 1863 2556 etiam
1891 2499 2162 2556 sermonis

568 2586 655 2642 sui
694 2598 851 2659 pater
882 2589 1255 2648 exiStimatur.
1308 2589 1378 2645 Et
1429 2591 1696 2647 hactenus
1742 2591 1967 2661 quidem
2007 2590 2161 2647 Plato

571 2690 721 2733 recte
752 2678 945 2734 sensit.
976 2677 1178 2735 Verum
1218 2682 1272 2736 in
1310 2681 1397 2737 his
1421 2697 1543 2752 qua:
1572 2692 1901 2752 sequuntur,
1930 2682 2160 2740 multum

570 2786 603 2826 ο
627 2786 759 2826 vero
798 2772 1084 2828 aberrasse
1121 2774 1581 2843 deprehenditur,
1623 2774 1753 2830 dum
1775 2783 1830 2829 et
1860 2773 2043 2844 plures
2078 2774 2162 2830 in-

569 2861 721 2915 ducit
765 2861 899 2917 deos
927 2902 944 2928 ,
978 2871 1033 2917 et
1072 2863 1321 2920 diversas
1364 2864 1597 2936 singulis
1640 2864 1848 2920 formas
1889 2864 2159 2920 attribuit.

570 2951 727 3019 Quod
753 2954 970 3023 quidem
1011 2953 1235 3023 majoris
1259 2953 1440 3011 adhuc
1471 2955 1682 3009 erroris
1713 2968 1906 3010 ansam
1931 2952 2164 3024 praebuit

570 3044 841 3114 imperitis
862 3045 1204 3112 hominibus,
1231 3046 1328 3116 qui
1366 3045 1542 3115 ipsam
1577 3045 1802 3116 quidem
1833 3045 2034 3101 summi
2059 3043 2157 3099 Dei

568 3135 966 3208 providentiam
1022 3151 1368 3207 nequaquam
1422 3137 1779 3193 considerant
1826 3155 1842 3192 :
1891 3136 2158 3207 imagines

569 3238 703 3279 vero
732 3225 799 3280 ad
823 3226 1108 3280 hominum
1132 3236 1191 3282 et
1217 3226 1541 3291 animalium
1576 3226 1941 3296 quorumdam
1967 3227 2161 3283 simili-

570 3318 819 3372 tudinem
845 3334 873 3370 a
901 3318 1104 3388 seipsis
1134 3318 1294 3373 [ictas
1318 3329 1675 3375 venerantur.
1716 3318 1896 3389 Atque
1929 3318 2003 3372 ita
2026 3333 2158 3373 con-

570 3410 713 3480 tigit,
740 3420 799 3463 ttt
829 3409 1103 3465 excellens
1130 3409 1436 3480 ingenium,
1472 3419 1637 3480 atque
1668 3408 1918 3464 doctrina
1948 3423 2159 3465 summa

570 3503 819 3556 omnium
883 3501 1044 3556 laude
1096 3502 1461 3573 dignissima,
1511 3503 1823 3574 hujusmodi
1885 3501 2162 3559 erroribus

570 3591 835 3662 permista
872 3603 1037 3664 atque
1078 3593 1321 3649 involuta
1349 3632 1366 3659 ,
1410 3595 1594 3649 minus
1651 3608 1787 3664 pura
1841 3593 2167 3662 sinceraque

573 3692 742 3740 esset.
771 3683 919 3740 Idem
948 3700 1116 3756 porro
1144 3686 1276 3741 mihi
1305 3685 1522 3742 videtur
1573 3686 1815 3756 seipsum
1862 3686 2161 3755 reprehen-

574 3775 734 3843 dens,
756 3791 1068 3835 sermonem
1095 3778 1246 3833 illum
1273 3777 1582 3847 corrigere,
1631 3778 1756 3831 dum
1791 3777 1996 3832 diserte
2023 3776 2166 3831 atlir-

577 3882 713 3938 mat,
744 3874 987 3931 animum
1016 3874 1232 3932 ratione
1249 3875 1561 3945 praeditum,
1603 3873 1696 3929 Dei
1720 3874 1976 3944 spiritum
2016 3886 2161 3929 esse.

575 3964 781 4021 Cuncta
805 3967 955 4022 enim
1000 3968 1055 4023 in
1087 3967 1195 4022 duo
1235 3980 1439 4039 genera
1471 3967 1787 4034 distribuit,
1825 3966 2163 4037 intelligibile

578 4058 794 4113 scilicet
840 4072 907 4113 ac
948 4058 1513 4127 sensibiletquorum
1558 4056 1688 4112 illud
1724 4056 1952 4128 simplex
2001 4066 2165 4125 atque

578 4151 1033 4220 incompositam,
1064 4150 1170 4206 hoc
1217 4165 1283 4207 ea
1329 4164 1621 4221 corporum
1655 4165 1922 4221 compage
1958 4151 2165 4205 conﬂa—

575 4249 691 4296 tum
720 4252 831 4306 est,
864 4251 921 4295 et
950 4240 1084 4297 illud
1112 4240 1337 4312 quidem
1381 4241 1662 4298 intellectu
1688 4241 1990 4312 percipitur
2009 4279 2030 4307 ,
2059 4238 2164 4296 hoc

575 4348 707 4388 vero
751 4334 1015 4404 opinione
1046 4349 1173 4388 eum
1222 4347 1388 4390 sensu
1428 4335 1720 4403 conjuncta
1750 4330 2165 4403 comprehendi-

469 4505 473 4507 Δ
574 4433 685 4479 tur.
741 4424 930 4494 Itaque
975 4424 1108 4480 illud
1158 4424 1330 4481 divini
1372 4425 1541 4497 578
1572 4424 1814 4497 Spiritus
1864 4425 2160 4497 particeps,

2260 1938 2396 2001 Θεὸς
2421 1935 2519 2002 ῶν,
2560 1937 2722 2001 αὐτὸς
2766 1935 3023 2007 τυγχάνει
3055 1935 3148 1989 καὶ
3175 1935 3310 1989 Θεοῦ
3346 1937 3507 1999 παῖς·
3545 1936 3699 1988 ποῖον
3731 1934 3846 2007 γὰρ

2260 2030 2328 2086 ἄν
2350 2049 2433 2096 τις
2458 2030 2629 2101 ὄνομα
2660 2027 2808 2101 αὐτῷ
2844 2027 3143 2103 περιτιθεὶς
3170 2026 3323 2101 παρὰ
3345 2027 3444 2101 τὴν
3470 2025 3845 2098 προσηγορίαν

2260 2119 2355 2178 τοῦ
2407 2123 2618 2189 παιδος,
2656 2122 2757 2175 οὐκ
2800 2121 2868 2177 ἂν
2920 2120 2990 2176 τὰ
3032 2121 3268 2193 μέγιστα
3317 2120 3717 2193 ἐξαμαρτάνοις
3784 2117 3845 2172 '0

2261 2213 2471 2287 γάρτοι
2508 2211 2616 2267 τῶν
2653 2211 2870 2266 πάντων
2914 2210 3116 2284 πατὴρ,
3160 2212 3255 2265 καὶ
3290 2209 3387 2265 τοῦ
3415 2210 3545 2265 ἰδίου
3574 2209 3734 2279 λόγου
3765 2209 3846 2264 δι-

2258 2304 2433 2370 καίως
2462 2303 2529 2359 ἂν
2581 2302 2766 2376 πατὴρ
2798 2300 3089 2375 νομίζοιτο.
3141 2301 3318 2373 Μέχρι
3367 2300 3464 2372 μὲν
3501 2295 3596 2354 οὖν
3651 2299 3846 2354 τούτου

2260 2397 2488 2453 Πλάτων
2536 2396 2770 2469 σώφρων
2818 2391 2919 2470 ἦν·
2971 2395 3031 2449 ὲν
3078 2393 3138 2448 δὲ
3171 2395 3284 2458 τοῖς
3328 2392 3479 2463 ἑξῆς,
3529 2391 3849 2464 εὑρίσκεται

2259 2491 2642 2564 διαμαρτάνων
2664 2490 2767 2561 τῆς
2788 2487 3066 2560 ἀληθείας,
3090 2485 3295 2557 πλῆθός
3316 2503 3378 2539 τε
3418 2483 3555 2539 θεῶν
3584 2483 3847 2553 εἰσάγων,

2261 2585 2355 2640 καί
2388 2583 2642 2648 ἑκάστοις
2671 2582 2935 2646 ἐπιτιθεὶς
2983 2579 3232 2654 μορφὰς,
3268 2581 3405 2652 ὅπερ
3437 2578 3533 2632 καὶ
3559 2576 3848 2650 παραίτιον

2260 2677 2482 2749 ἐγένετο
2511 2677 2612 2749 τῆς
2662 2676 2909 2748 μείζονος
2952 2674 3163 2746 πλάνης
3209 2673 3362 2746 παρὰ
3390 2674 3504 2737 τοῖς
3539 2671 3849 2740 ἀλογίστοις

2258 2769 2370 2826 τῶν
2400 2769 2725 2844 ἀνθρώπων,
2762 2768 2900 2841 πρὸς
2940 2768 3040 2840 μὲν
3064 2768 3165 2840 τὴν
3198 2765 3457 2838 πρόνοιαν
3490 2763 3584 2818 τοῦ
3619 2763 3848 2834 ὑψίστου

2257 2860 2395 2915 Θεοῦ
2443 2860 2518 2933 μὴ
2549 2858 2900 2933 ἀφορώντων,
2934 2859 3035 2924 τὰς
3061 2858 3107 2912 δ’
3159 2857 3376 2922 εἰκόνας
3418 2855 3597 2911 αὐτῶν
3636 2854 3852 2927 ἀνθρω-

2259 2952 2435 3017 πείοις
2465 2968 2525 3006 τε
2548 2951 2643 3006 καί
2669 2950 2872 3023 ἑτέρων
2896 2948 3051 3015 ζώων
3076 2949 3271 3013 τύποις
3299 2945 3851 3020 μεταμορφουμένοις

2260 3045 2549 3103 σεϐόντων.
2585 3042 2910 3116 Συμὸέόηκε
2954 3041 3012 3096 δὲ
3057 3041 3321 3114 μεγίστην
3348 3039 3472 3094 τινά
3522 3038 3759 3110 μεγάλου
3798 3039 3852 3090 τ’

2260 3137 2485 3192 ἐπαίνου
2517 3136 2674 3202 ἀξίαν
2704 3135 2869 3207 φύσιν
2912 3134 3023 3207 (45)
3052 3151 3112 3189 τε
3161 3134 3259 3188 καὶ
3304 3132 3579 3198 παιδείαν,
3618 3129 3851 3185 τοιοῖσδέ

2259 3246 2370 3285 τισι
2402 3228 2750 3301 μεμιγμένην
2785 3227 3149 3299 πταίσμασιν,
3182 3225 3511 3298 ἁκαθάρτως
3553 3241 3614 3277 τε
3648 3223 3742 3277 καὶ
3776 3220 3854 3294 μὴ

2260 3320 2572 3393 εἰλικρινῶς
2602 3320 2771 3391 ἔχειν.
2803 3321 2963 3374 Δοκεῖ
2997 3336 3088 3392 μοι
3131 3318 3176 3372 δ’
3220 3318 3249 3372 6
3288 3318 3450 3381 αὐτὸς
3479 3313 3853 3388 ἐπιλαμϐανό-

2264 3431 2426 3487 μενος
2471 3412 2665 3469 έαυτοῦ
2711 3412 2958 3486 διορθοῦν
3007 3412 3099 3467 τὸν
3152 3411 3330 3481 λόγον,
3376 3410 3438 3465 τὸ
3488 3408 3712 3480 πνεῦμα
3754 3406 3853 3462 τοῦ

2261 3504 2398 3561 Θεοῦ
2433 3505 2622 3577 σαφῶς
2650 3505 2826 3578 δηλῶν
2849 3504 3075 3578 λογικὴν
3095 3504 3273 3577 ψυχὴν
3307 3503 3575 3576 ὑπάρχειν
3593 3520 3606 3533 ·
3634 3499 3854 3555 διιστῶν

2261 3598 2320 3654 δὲ
2349 3598 2419 3653 τὰ
2452 3600 2631 3656 πάντα
2664 3598 2778 3672 (44)
2812 3600 2892 3664 εἰς
2923 3597 3018 3653 δύο
3058 3598 3177 3669 εἴδη
3202 3594 3409 3670 νοητῶν
3435 3613 3495 3651 τε
3534 3594 3630 3650 καὶ
3662 3594 3855 3665 αἰσθη-

2261 3693 2391 3759 τῶν,
2437 3693 2500 3747 τὸ
2546 3691 2904 3764 συγκείμενον
2956 3693 3021 3745 ὲκ
3065 3690 3317 3762 σώματος
3352 3686 3627 3762 ἀρμογῆς,
3664 3687 3759 3741 καὶ
3789 3684 3853 3740 τὺ

2266 3784 2367 3857 μὲν
2396 3784 2474 3857 νῷ
2502 3784 2874 3856 καταληπτὸν,
2903 3782 2966 3838 τὸ
3011 3783 3070 3838 δὲ
3099 3781 3226 3855 δόξῃ
3265 3780 3381 3854 μετ’
3428 3778 3733 3852 αἰσθήσεως
3765 3777 3856 3831 δο-

2262 3874 2459 3943 ξαστόν
2478 3893 2493 3908 ο
2526 3875 2672 3930 ὥστε
2712 3875 2773 3930 τδ
2804 3876 2902 3948 μὲν
2934 3872 3029 3929 τοῦ
3062 3874 3223 3943 ἁγίου
3251 3870 3563 3945 πνεύματος
3596 3867 3850 3943 μετέχον,

2263 3968 2362 4024 ἆτε
2395 3969 2460 4040 δὴ
2510 3969 2816 4040 ἀσύγχυτον
2850 3969 2944 4023 καὶ
2972 3968 3156 4035 ἀῦλον,
3186 3965 3404 4020 αἰώνιόν
3450 3982 3511 4019 τε
3543 3959 3707 4028 εἶναι,
3756 3961 3855 4016 καὶ

2262 4060 2362 4133 τὴν
2398 4060 2566 4114 ἀΐδιον
2608 4060 2756 4133 ζωὴν
2797 4059 3133 4131 λελογχέναιο
3168 4059 3231 4113 τὸ
3257 4059 3313 4112 δὲ
3344 4056 3624 4128 αἰσθητὸν,
3673 4054 3852 4127 πάντη

2261 4153 2613 4226 διαλυόμενον
2634 4154 2757 4210 καθ’
2784 4155 2844 4209 ὃν
2873 4155 2968 4209 καὶ
3000 4153 3229 4226 συνέστη
3259 4150 3436 4222 λόγον,
3462 4151 3691 4223 ἄμοιρον
3715 4145 3853 4202 εἶναι

2262 4242 2364 4315 τῆς
2412 4244 2584 4299 ἀϊδίου
2635 4245 2801 4319 ζωῆς.
2839 4243 3188 4313 Θαυμαστῶς
3229 4243 3288 4298 δὲ
3323 4243 3418 4298 καὶ
3463 4242 3520 4296 ὲν
3562 4245 3683 4305 τοῖς
3723 4239 3855 4310 ἑξῆς

2262 4334 2531 4403 διδάσκει,
2551 4339 2680 4402 τοὺς
2715 4337 2813 4410 μὲν
2844 4334 2904 4393 εὖ
2938 4337 3262 4410 βιώσαντας,
3297 4334 3473 4407 ψυχὰς
3501 4332 3704 4403 δηλαδὴ
3741 4331 3855 4386 τῶν

2262 4427 2428 4482 ὁσίων
2453 4444 2514 4482 τε
2549 4430 2645 4484 καὶ
2670 4429 2893 4499 ἀγαθῶν
2926 4428 3158 4501 ἀνδρῶν,
3192 4427 3331 4501 μετά
3353 4427 3450 4499 τὴν
3475 4426 3586 4481 ἀπὸ
3613 4423 3709 4479 τοῦ
3740 4422 3854 4477 σώ-

574 4527 762 4588 utpote
789 4519 860 4574 ab
881 4519 1031 4573 omni
1064 4517 1418 4574 concretione
1441 4528 1498 4573 et
1527 4517 1760 4573 materia
1788 4527 2157 4588 segregatum,

2268 4536 2437 4590 ματος
2489 4521 2840 4595 ἀναχώρησιν
2886 4524 2946 4578 ὲν
2981 4524 3093 4586 τοῖς
3126 4521 3440 4584 καλλίστοις
3472 4518 3567 4573 τοῦ
3616 4514 3852 4591 οὐρανοῦ

574 4616 844 4662 mternum
876 4616 982 4674 est,
1008 4609 1291 4679 vitamque
1317 4608 1530 4663 obtinet
1575 4607 1984 4677 sempiternam.
2026 4604 2160 4661 Illud

576 4713 711 4752 vero
739 4701 883 4768 quod
915 4701 1181 4756 sensibile
1221 4708 1341 4763 est,
1389 4713 1513 4755 cum
1577 4701 1769 4755 eadem
1808 4701 2031 4755 omnino
2073 4716 2158 4753 ra-

581 4790 727 4845 ti0ne
752 4791 1078 4847 dissolvatur
1100 4808 1206 4863 qua
1232 4791 1409 4847 fuerat
1429 4801 1557 4847 ante
1576 4801 1942 4862 compactum,
1966 4807 2160 4858 expers

578 4892 665 4937 est
688 4887 1030 4955 sempiterna:
1053 4886 1201 4941 vitae.
1223 4882 1364 4941 Sunt
1386 4899 1520 4940 vero
1546 4899 1772 4955 prorsus
1796 4884 2160 4940 admiratiOne

580 5077 810 5135 induxit.
839 5077 940 5146 Qui
975 5094 1095 5134 cum
1124 5077 1346 5150 legisset
1381 5078 1743 5154 Pythagoram
1777 5076 1847 5132 ab
1873 5075 2160 5149 Egyptio-

581 5166 699 5202 mm
746 5153 1046 5203 nronhetis.
1079 5151 1131 5203 id
1167 5163 1250 5203 est
1302 5151 1696 5203 sacerdotibus.
1751 5148 1914 5202 multa
1964 5163 2160 5203 arcana

581 5166 699 5202 ιιιιη
746 5153 1046 5219 prophetis,
1079 5152 1131 5204 id
1167 5163 1250 5205 est
1302 5152 1696 5217 sacerdotibus,
1751 5152 1914 5202 multa
1964 5163 2160 5203 arcana

576 5219 855 5290 didicisse,
909 5221 964 5275 id
1012 5217 1461 5290 deHebrzrorum
1489 5220 1765 5290 prephetis
1798 5218 2084 5290 intellexit.

650 5287 763 5361 (4‘2)
807 5288 958 5361 vnlg.
1009 5289 1108 5345 καί
1147 5290 1416 5359 διδάξας.
1474 5287 1748 5345 Particnla
1774 5358 1787 5361 _
1813 5289 2158 5361 conjunctiva

580 5358 819 5429 aetatm
850 5359 986 5415 Fuk.
1021 5377 1086 5415 ac
1117 5361 1303 5415 Savilii
1338 5358 1492 5423 libro,
1530 5371 1585 5415 et
1632 5360 1683 5414 in
1713 5358 2160 5429 schedisﬂegiis.

581 5428 777 5515 Scribe
808 5433 990 5515 itaque
1011 5430 1310 5502 ἀναϐλέψαι
1331 5433 1379 5485 τ’
1402 5430 1496 5486 ἔτίὶ
1527 5428 1596 5485 τὰ
1627 5430 1897 5502 μετάρσια
1921 5428 2164 5495 διδάξας,

580 5502 1261 5644 ωἱῖδῗᾞιζιιὲίμεγίστου
1275 5569 1324 5627 τ’
1336 5569 1589 5644 ἐπαίνου
1599 5568 1782 5635 ἀξίαν
1802 5569 2011 5644 φύσιν.
2035 5568 2162 5644 Pla-

584 5640 765 5695 tonem
811 5640 985 5711 ipsum
1030 5640 1509 5711 intelligittcujus
1549 5640 2160 5711 maximgnningenium

585 5721 799 5766 veteres
835 5709 1058 5778 omnes,
1104 5709 1266 5765 etiam
1298 5709 1594 5766 Christiani
1626 5709 1876 5764 admirati
1905 5709 2054 5765 snnt.

655 5779 769 5850 tu)
801 5777 1051 5836 Δασεῶν
1099 5780 1169 5834 δὲ
1219 5779 1436 5837 πάντα.
1497 5779 2023 5852 Christophorsonus
2085 5777 2165 5835 ls-

2262 4610 2682 4684 καθιεροῦσθαι·
2735 4613 2894 4670 τοῦτο
2934 4613 2993 4671 δὲ
3029 4613 3091 4668 οὐ
3135 4613 3294 4686 μόνον
3345 4610 3684 4684 θαυμαστὸν.
3717 4608 3856 4664 ἀλλά

2263 4701 2361 4755 καὶ
2398 4701 2664 4772 βιωφελές
2698 4703 2810 4777 (45)
2832 4721 2847 4739 ο
2881 4705 2967 4769 τίς
2995 4704 3107 4779 γάρ
3139 4705 3240 4758 οὐκ
3266 4703 3335 4759 ἂν
3382 4701 3630 4764 πεισθεὶς
3680 4698 3850 4768 αὐτῷ,

2264 4793 2359 4848 καὶ
2384 4795 2484 4867 τὴν
2529 4795 2787 4868 εὐτυχίαν
2828 4798 3034 4871 ταύτην
3077 4797 3476 4871 προσδοκήσας,
3509 4793 3603 4848 τὸν
3632 4793 3853 4865 ἄριστον

2267 4884 2402 4956 βίον,
2436 4887 2787 4963 δικαιοσύνην
2818 4892 2915 4945 καὶ
2957 4889 3315 4962 σωφροσύνην
3363 4886 3620 4959 ἀσκήσει,
3653 4886 3753 4955 τὴν
3793 4881 3854 4937 δὲ

2269 5080 2414 5149 gisse
2440 5082 2652 5138 videtur
2677 5082 2896 5140 διιστῶν
2924 5100 3006 5138 τε.
3038 5081 3209 5137 Porro
3235 5080 3387 5149 locus
3414 5075 3657 5130 Platonis
3691 5085 3851 5149 quem

2267 5145 2662 5208 Constantinus
2693 5157 2960 5217 designat,
3002 5154 3207 5221 legitur
3243 5146 3299 5221 in
3333 5151 3559 5221 Timere,
3602 5159 3704 5212 pag
3760 5145 3850 5221 {8.

2342 5223 2455 5296 (45)
2494 5222 2651 5292 Vulg.
2679 5214 2841 5296 ἀλλᾶ
2864 5214 2977 5296 ’καί
3002 5214 3346 5296 ’,βξωφεᾼῶᾳ
3377 5220 3515 5296 A_nte
3547 5216 3661 5269 hmc
3686 5214 3851 5296 verba

2269 5286 2384 5366 post
2415 5286 3042 5366 νοεειιῖκαθιεροῦσθαι,
3072 5286 3383 5366 in'editinne
3401 5286 3704 5366 Gtrttevensi
3739 5286 3854 5335 bzee

2271 5356 2521 5427 leguntur
2569 5382 2584 5420 :
2638 5356 2809 5418 Τοῦτὸ
2855 5365 2912 5434 δὲ
2944 5364 3004 5418 οὐ
3030 5356 3576 5434 ’μόνον-θαυμαστόν
3610 5367 3777 5434 :nqua:
3820 5367 3852 5403 ει

2268 5422 2798 5504 CliristOphorsono,
2863 5422 3145 5505 Scaligero
3166 5474 3201 5505 ,_
3235 5422 3573 5505 Bongarsio,
3618 5422 3854 5505 (lauti-ro

2267 5495 2510 5575 Suppleta
2544 5517 2692 5570 sunt,
2731 5495 2797 5558 ut
2821 5507 2887 5558 ad
2918 5495 3071 5575 0min
3118 5495 3377 5575 editionis
3432 5499 3593 5575 illins_
3627 5495 3856 5575 adnota-

2269 5560 2386 5629 tur:
2413 5560 2916 5644 Eamglem'quoque
2952 5560 3388 5644 enfendationem
3417 5566 3594 5644 τοι)εῇ
3626 5564 3678 5644 in
3713 5562 3856 5644 libro

2270 5644 2473 5712 Hormi,
2521 5630 2762 5701 Turne-Di
2814 5630 2869 5699 ἐι
2918 5643 3107 5698 Savilii
3150 5643 3288 5698 etin
3332 5630 3520 5697 codice
3552 5631 3714 5700 Fur,
3758 5630 3857 5701 qut

2266 5716 2430 5770 etiam
2474 5715 2737 5788 βιωφελές
2777 5715 2999 5770 habent.
