4176 6398
434 374 572 428 ίὲΐίῗῖ
1211 362 1675 421 CONSTANTINI
1713 359 1980 416 ORATIO

2149 357 2572 418 SANCTORUM
2608 358 2907 417 CCETUM.
3553 357 3695 416 1258

431 481 631 538 κακίαν
652 479 1169 549 ἀποστραφήσεταις
1210 473 1542 536 Ἀκολούθως
1565 472 1622 526 δέ
1648 472 1856 535 τούτοις
1885 471 2008 542 ἐπή-

2123 471 2306 542 digna,
2346 487 2466 541 quae
2488 472 2630 526 idem
2660 481 2844 542 postea
2869 473 3061 527 docet:
3105 487 3198 529 eos
3231 473 3324 543 qui
3356 480 3506 529 recte
3539 476 3696 530 vixe-

430 589 613 642 νεγκε,
641 569 738 632 τὰς
768 569 876 625 τῶν
911 565 1163 637 πονηρῶν
1193 563 1392 634 ψυχὰς,
1439 559 1757 632 Ἀχέροντός
1804 575 1866 612 τε
1915 560 2008 613 καὶ

2116 563 2252 626 rint,
2285 563 2337 617 id
2368 571 2451 618 est
2476 565 2686 619 animos
2708 565 2975 619 bonorum
3004 580 3068 620 ac
3092 574 3406 621 sanctorum
3429 564 3694 631 virorum,

431 660 923 736 Πυριφλεγέθοντος
963 657 1216 730 ῥεύματι,
1256 654 1530 723 ναυαγίων
1550 653 1752 724 τρόπον
1777 651 1890 724 (46)
1917 670 2008 722 φε-

2120 653 2280 707 simul
2306 663 2472 723 atque
2502 669 2569 709 ex
2603 670 2829 724 corpore
2875 656 3264 723 discesserint,
3299 657 3351 712 in
3393 658 3695 727 pulcherri-

435 754 666 828 ρομένας
691 748 1014 804 πλανᾶσθαι.

2122 745 2225 798 mis
2254 745 2379 800 coeli
2411 747 2727 813 regionibus
2759 749 3090 803 consecrari.
3145 748 3276 816 Quae
3323 751 3542 819 quidem
3589 766 3695 805 non

433 847 608 904 solum
662 843 1024 898 admiratione
1079 842 1264 910 digna,
1320 840 1413 894 sed
1470 838 1637 893 etiam
1691 837 1846 893 utilia
1893 847 2019 892 sunt
2081 839 2353 906 inprimis.
2421 840 2557 908 Quis
2592 841 2736 895 enim
2770 843 2887 912 ejus
2941 845 3283 899 sermonibus
3321 845 3484 900 ﬁdem
3537 846 3698 901 adhi-

433 941 567 996 bens
607 947 662 993 et
711 936 1016 1006 huiusmodi
1060 935 1377 990 felicitatem
1428 942 1780 1002 exspectans,
1834 934 2001 988 vitam
2059 949 2164 988 non
2219 936 2428 1004 optime
2495 937 2775 1004 instituat,
2815 947 2870 992 et
2912 937 3177 1006 justitiam
3220 940 3442 1009 quidem
3469 956 3533 996 ac
3560 951 3698 996 tem-

433 1031 735 1103 perantiam
794 1044 901 1084 non
965 1036 1354 1090 consectetur,
1416 1025 1826 1093 improbitatem
1869 1039 2000 1080 vero
2043 1028 2372 1082 aversetur?
2422 1027 2829 1096 Consequenter
2878 1029 3041 1082 etiam
3093 1031 3180 1084 bis
3237 1031 3540 1100 subiunxit,
3590 1033 3698 1086 im-

436 1127 731 1197 proborum
787 1123 1066 1180 hominum
1137 1123 1348 1177 animos
1421 1120 1754 1176 Acherontis
1802 1135 1866 1176 ac
1913 1119 2412 1194 Pyriplilegetontis
2466 1120 2720 1178 ﬂuctibus
2785 1124 3056 1192 iactatos,
3114 1124 3262 1180 velut
3308 1126 3492 1184 fracta:
3542 1132 3695 1187 navis

434 1215 694 1287 reliquias
716 1217 818 1270 hac
841 1225 895 1270 et
930 1215 1056 1269 illac
1095 1213 1251 1270 ferri.

976 1327 1371 1382 ΚΕΦΑΛΑΙΟΝ
1410 1328 1467 1382 I'.

432 1420 573 1489 Περὶ
603 1419 722 1472 τῶν
760 1418 873 1489 μὴΔ
897 1419 1092 1487 μόνον
1137 1417 1210 1470 τὰ
1226 1417 1504 1489 Γραφικὰ
1546 1416 1656 1486 (47)
1717 1416 2005 1489 δόγματα,

501 1487 663 1545 ἀλλὰ
691 1487 892 1542 καὶτὰ
923 1489 1230 1556 φιλόσοφιι
1270 1487 1703 1549 διαπτυόντων,
1740 1487 1837 1538 καὶ
1871 1489 2006 1555 περὶ

501 1559 610 1614 τοῦ
653 1558 782 1612 δεῖν
813 1558 852 1627 ἣ
894 1555 1091 1611 πάντα
1130 1555 1438 1610 πιστεύειν
1468 1557 1592 1623 τοῖς
1639 1556 1931 1624 ποιηταῖς,
1967 1557 2004 1625 ἢ

503 1629 701 1682 πάντα
722 1628 1018 1683 ἀπιστεῖν.

505 1719 627 1772 Elei.
666 1718 852 1788 μέντοι
898 1717 964 1786 γέ
1006 1733 1150 1780 τινες
1199 1715 1294 1770 ἐπὶ¹
1332 1714 1585 1770 τοσοῦτον
1630 1716 1728 1786 τὴν
1769 1715 2008 1768 διάνοιαν

2736 1322 2964 1378 CAPUT
3004 1323 3074 1377 Χ.

2117 1416 2197 1471 De
2253 1418 2319 1470 iis
2357 1416 2446 1486 qui
2489 1431 2592 1470 non
2639 1415 2808 1469 solum
2837 1433 3005 1471 sacrm
3051 1416 3363 1486 Scriptum,
3401 1421 3492 1474 sed
3535 1424 3694 1476 etiam

2188 1487 2623 1559 philosophorum
2661 1487 2918 1559 dogmate
2945 1497 3236 1559 respuunt,
3273 1499 3322 1542 et
3356 1493 3495 1559 quod
3536 1494 3612 1545 vel
3640 1496 3696 1544 in

2191 1558 2430 1610 omnibus
2453 1556 2585 1622 ﬁdes
2619 1558 2785 1625 poetis
2825 1557 3128 1611 adhibenda
3173 1571 3275 1622 est,
3308 1556 3386 1612 vel
3428 1561 3484 1614 in
3524 1563 3692 1618 nullo.

2189 1713 2328 1768 Sunt
2387 1720 2564 1766 tamen
2625 1713 2866 1769 nonnulli
2909 1715 3044 1772 adeo
3096 1726 3278 1773 mente
3333 1719 3480 1790 capti
3533 1731 3698 1793 atque

437 1809 821 1881 βεϐλαμμένοι,
854 1808 983 1862 ὥσθ’
1009 1809 1136 1862 ὅταν
1165 1807 1376 1872 τούτοις
1398 1809 1580 1869 αὐτοῖς
1614 1808 2007 1878 ἐντυγχάνωσι,

2115 1804 2382 1871 corrupti,
2434 1813 2493 1857 ut
2529 1818 2656 1858 cum
2709 1805 2826 1861 haec
2875 1805 3128 1878 legerint,
3175 1824 3277 1864 nec
3325 1821 3539 1876 curent,
3598 1829 3700 1868 nec

439 1903 565 1974 μήτ’
622 1900 1048 1973 ἐπιστρέφεσθαι
1103 1902 1238 1972 μήτε
1285 1898 1606 1964 δεδοικέναι,
1649 1899 2014 1971 καταφρονεῖν

433 1996 491 2048 δὲ
548 1997 642 2049 καὶ
701 1995 952 2065 ἐγγελᾷν,
1015 1993 1092 2057 ὠς
1153 1993 1551 2064 πεπλασμένων
1608 1992 1771 2045 τινῶν
1829 1991 2014 2063 μύθων

435 2087 742 2152 ἀκούοντες
769 2088 862 2140 καὶ
881 2087 941 2140 τὸ
965 2085 1064 2157 μὲν
1095 2086 1338 2139 ποικίλον
1362 2083 1460 2157 τῆς
1483 2084 1812 2153 εὐγλωττίας
1841 2087 2014 2154 ἐγκω-

441 2180 712 2250 μιάζουσι,
745 2179 806 2232 τὸ
845 2176 904 2230 δέ
954 2176 1179 2249 στερρὸν
1213 2177 1306 2230 τοῦ
1337 2177 1606 2247 δόγματος
1639 2177 2012 2246 ἀποστρέφον-

437 2289 558 2325 ται·
607 2271 796 2342 μύθοις
823 2270 880 2324 δὲ
922 2267 1233 2322 πιστεύουσι
1261 2269 1372 2339 (48)
1413 2271 1731 2338 ποιητικοῖς,
1774 2269 1869 2323 καὶ
1911 2271 2014 2322 πᾶ-

439 2380 536 2416 σαν
568 2362 668 2431 μὲν
712 2361 957 2424 Ἐλλάδα,
985 2363 1164 2414 πᾶσαν
1191 2359 1247 2413 δὲ
1283 2360 1586 2432 Βάρσαρον,
1613 2359 1801 2423 ἑώλοις
1827 2378 1886 2413 τε
1917 2360 2014 2414 καὶ

435 2456 653 2524 ψευδέσι
684 2457 893 2527 φήμαις
923 2455 1032 2526 (49)
1074 2454 1381 2508 διαϐοῶσιν.
1413 2457 1476 2507 Οί
1526 2453 1635 2525 γάρ
1671 2470 1752 2506 τοι
1792 2453 2013 2525 ποιηταὶ

436 2546 635 2610 παῖδας
681 2546 817 2599 θεῶν
870 2545 1189 2618 ἀνθρώπους
1237 2545 1377 2616 μετὰ
1415 2542 1515 2614 τὴν
1564 2542 1820 2613 τελευτὴν
1880 2545 2014 2610 φασὶ

436 2639 644 2710 κρίνειν
660 2637 756 2699 τὰς
777 2637 974 2707 ψυχὰς,
994 2636 1204 2708 κρίσεις
1218 2653 1277 2689 τε
1297 2634 1391 2688 καὶ
1410 2635 1766 2705 δικαιωτήρια
1787 2631 2015 2703 ὑμνοῦν-

435 2744 548 2791 τες,
583 2728 677 2780 καὶ
708 2726 816 2779 τῶν
854 2724 1254 2797 κατοιχομένων
1291 2723 1532 2786 ἐπόπτας
1572 2721 1888 2791 ἐφιστάντες
1909 2737 1923 2750 ·
1961 2719 2012 2773 oi.

435 2817 481 2871 δ’
518 2818 672 2872 αὐτοὶ
715 2819 934 2888 ποιηταὶ
983 2817 1162 2887 μάχας
1204 2815 1494 2886 δαιμόνων,
1541 2815 1636 2868 xui.
1684 2811 2012 2884 πολεμικούς

435 2926 587 2972 τινας
607 2908 1220 2979 ἐξαγγέλλουσινόμους,
1249 2907 1589 2979 εἱμαρμένας
1616 2923 1676 2960 τε
1702 2906 1880 2959 αὐτῶν
1907 2905 2013 2958 δια-

2119 1895 2314 1949 timore
2346 1894 2458 1948 ullo
2485 1896 2858 1963 percellantur
2888 1915 2902 1953 :
2928 1899 3022 1955 sed
3055 1901 3283 1969 perinde
3325 1918 3391 1959 ac
3417 1903 3465 1958 si
3491 1903 3700 1962 fabulas

2116 1987 2376 2055 quasdam
2409 1987 2690 2052 audirent,
2724 2000 2986 2058 spernant
3007 2006 3071 2047 ac
3092 1993 3398 2052 derideant.
3450 1997 3532 2054 Ac
3582 2014 3700 2054 ser-

2118 2077 2299 2132 monis
2333 2078 2552 2148 quidem
2586 2089 2838 2135 ornatum
2871 2092 2927 2137 et
2961 2084 3267 2141 ubertatem
3294 2086 3548 2143 laudibus
3573 2105 3700 2159 pro-

2116 2178 2414 2239 se‘quuntur
2437 2187 2452 2225 :
2475 2171 2783 2242 dogmatum
2815 2190 2943 2230 vero
2967 2189 3290 2233 aversantur
3319 2181 3692 2239 severitatem.

2116 2259 2283 2316 Iidem
2325 2271 2502 2317 tamen
2567 2276 2848 2334 poetarum
2903 2267 3104 2324 fabulis
3149 2269 3311 2326 fidem
3360 2271 3584 2339 habent,
3641 2285 3698 2329 ct

2116 2366 2332 2407 omnem
2373 2351 2642 2408 Graeciam
2693 2366 2862 2425 atque
2913 2357 3220 2414 barbariam
3258 2362 3415 2416 vanis
3448 2362 3698 2436 ﬁctisque

2117 2445 2467 2501 sermonibus
2494 2445 2723 2512 replent.
2755 2447 2889 2502 Nam
2924 2459 3097 2518 poetae
3129 2452 3347 2520 quidem
3383 2455 3555 2522 aiunt,
3594 2458 3696 2513 lio-

2116 2533 2293 2590 mines
2316 2537 2580 2606 quosdam
2627 2540 2854 2594 deorum
2884 2539 3045 2606 filios,
3077 2551 3198 2611 post
3219 2553 3450 2601 mortem
3486 2548 3697 2604 animas

2111 2623 2392 2692 judicare,
2455 2643 2660 2698 eosque
2724 2633 2884 2701 quasi
2943 2633 3282 2704 inspectores
3321 2653 3384 2695 ac
3441 2655 3698 2698 censores

2116 2717 2258 2787 apud
2276 2718 2483 2776 inferos
2513 2723 2875 2789 constituunt,
2894 2723 3097 2794 judicia
3127 2742 3316 2784 eorum
3341 2745 3406 2786 ac
3433 2735 3698 2789 severita-

2118 2819 2224 2865 tem
2245 2812 2608 2868 celebrantes.
2638 2815 2804 2870 lidem
2833 2831 2964 2872 vero
2990 2829 3186 2888 poetae,
3218 2821 3445 2877 deorum
3466 2840 3696 2897 pugnas,

2115 2915 2171 2958 et
2230 2907 2480 2975 quaedam
2540 2906 2686 2962 inter
2745 2923 2840 2962 eos
2883 2909 3010 2964 belli
3059 2910 3186 2980 jura
3239 2911 3695 2978 commemorant.

437 2999 734 3070 φημίζουσι
755 3016 768 3030 ο
804 3000 900 3052 καὶ
937 3002 1062 3063 τοὺς
1091 2999 1189 3068 μέν
1227 3015 1380 3060 τινας
1413 2997 1570 3066 φύσει
1604 2993 1858 3067 πικροὺς,
1885 2995 2008 3056 τοὺς

2116 2990 2249 3048 Fata
2289 3010 2507 3065 quoque
2553 2998 2870 3052 eorumdem
2905 3013 3131 3055 canunt.
3165 3001 3235 3056 Et
3284 3003 3422 3060 alios
3477 3010 3694 3076 quidem

433 3092 491 3146 δὲ
522 3093 624 3162 τῆς
665 3093 774 3145 τῶν
805 3091 1109 3164 ἀνθρώπων
1146 3089 1462 3160 ἐπιμελείας
1506 3088 1840 3159 ἀλλοτρίους,
1883 3087 2008 3149 τοὺς

2117 3093 2311 3136 natura
2337 3083 2589 3148 acerbos,
2625 3082 2918 3142 alios'vero
2942 3088 3012 3142 ab
3043 3093 3190 3144 omni
3214 3107 3396 3148 rerum
3431 3099 3698 3154 humana-

434 3184 492 3238 δέ
521 3148 672 3249 τινας
715 3148 996 3256 δυσχερεῖς
1039 3148 1449 3252 ἀποφαίνονται.
1485 3148 1776 3249 Εἰσάγουσι
1823 3179 1880 3232 δὲ
1914 3180 2008 3234 καὶ

2117 3189 2234 3227 rum
2264 3189 2393 3230 cura
2425 3175 2632 3231 alienos
2665 3191 2785 3232 esse
2822 3194 2835 3231 :
2869 3179 3134 3247 quosdam
3157 3183 3323 3238 etiam
3353 3201 3418 3240 ex
3447 3187 3555 3244 illis
3578 3207 3700 3247 mou

433 3277 790 3350 ὀδυρομένους
817 3277 916 3340 τὰς
939 3272 1048 3328 τῶν
1077 3275 1293 3328 οἰκείων
1326 3274 1530 3326 παίδων
1561 3271 1796 3342 σφαγὰς,
1830 3270 1902 3334 ὡς
1933 3271 2008 3342 μὴ

2119 3282 2271 3322 rosos
2308 3267 2598 3323 allirmant.
2631 3269 2773 3336 Quin
2800 3271 2966 3324 etiam
2993 3271 3124 3328 deos
3157 3275 3423 3333 inducunt
3462 3279 3694 3338 [Iliorum

433 3367 658 3420 δυνατὸν
689 3367 872 3429 αὐτοῖς
912 3367 985 3438 μὴ
1017 3368 1106 3420 ὅτι
1132 3368 1184 3434 γ’
1217 3364 1534 3436 ἀλλοτρίοις,
1569 3363 1705 3417 ἀλλά
1733 3364 1867 3435 μηδὲ
1895 3365 2008 3424 τοῖς

2115 3372 2338 3412 suorum
2377 3358 2580 3414 caedem
2613 3359 3012 3423 lamentantes,
3042 3364 3238 3434 quippe
3263 3367 3355 3435 qui
3382 3383 3487 3424 non
3517 3371 3692 3427 solum

437 3458 711 3525 φιλτάτοις
751 3460 1011 3530 ἐπαρκεῖν
1031 3475 1044 3488 ·
1075 3454 1528 3527 ἀνθρωποπαθεῖς
1558 3456 1607 3507 τ’
1637 3454 1836 3518 αὐτοὺς
1860 3454 2008 3506 είσά-

2121 3447 2426 3511 extraneis,
2465 3450 2560 3502 sed
2588 3463 2656 3502 ne
2689 3449 2807 3503 suis
2835 3449 3054 3518 quidem
3081 3456 3357 3522 suppetias
3398 3454 3541 3512 ferre
3565 3475 3695 3526 pos-

429 3567 610 3625 γουσι,
641 3550 908 3621 πολέμους
933 3549 1028 3602 καὶ
1052 3546 1301 3619 τρώσεις,
1329 3547 1505 3617 χαράς
1535 3562 1596 3598 τε
1623 3545 1718 3598 καὶ
1738 3545 2008 3616 ὀδυρμοὺς

2115 3539 2248 3594 sint.
2312 3538 2417 3594 Sed
2476 3551 2532 3594 et
2575 3539 2826 3596 humanis
2872 3543 3382 3610 perturbationibus
3429 3548 3695 3606 obnoxios

428 3637 670 3706 ᾄδοντες
707 3644 802 3696 καὶ
829 3639 973 3693 εἰσιν
996 3639 1321 3706 ἀξιόπιστοι,
1349 3636 1619 3705 λέγοντες.
1654 3636 1719 3689 Ei
1750 3634 1860 3704 γὰρ
1884 3636 2007 3687 ἐπι-

2113 3632 2334 3686 eosdem
2374 3631 2619 3702 lingunt,
2660 3632 2787 3686 dum
2839 3631 3035 3702 praelia
3087 3649 3275 3688 eorum
3323 3646 3380 3691 et
3427 3641 3691 3711 vulnera,

434 3731 595 3802 πνοία
639 3731 758 3798 θεία
817 3731 1169 3803 μετέρχονται
1213 3729 1312 3801 τὴν
1369 3726 1676 3801 ποιητικὴν,
1731 3725 2007 3780 πιστεύειν

2115 3723 2310 3791 gaudia
2342 3723 2470 3777 item
2495 3738 2560 3778 ac
2589 3723 2825 3794 gemitus
2851 3733 3095 3780 narrant.
3123 3724 3290 3798 579
3315 3728 3440 3786 Haec
3471 3731 3544 3786 illi
3568 3749 3692 3790 cum

433 3825 616 3887 αὐτοῖς
650 3821 744 3876 καὶ
786 3822 1069 3876 πείθεσθαι
1120 3823 1411 3893 προσήκει,
1465 3819 1594 3892 περὶ
1639 3813 1714 3872 ὧν
1756 3819 2008 3887 λέγουσιν

2115 3816 2324 3879 dicunt,
2359 3817 2613 3872 videntur
2641 3817 2744 3872 ﬁde
2773 3815 2943 3887 digni.
2977 3816 3122 3872 .Cum
3159 3821 3304 3874 enim
3341 3823 3527 3879 divino
3554 3842 3690 3896 quu-

433 3911 907 3977 ἐνθουσιάζοντες·
940 3911 1159 3981 λέγουσι
1205 3911 1262 3964 δὲ
1301 3910 1603 3981 παθήματα
1649 3908 1788 3962 θεῶν
1825 3925 1886 3962 τε
1913 3909 2008 3961 καὶ

2115 3907 2240 3961 dam
2268 3917 2419 3963 motu
2441 3907 2684 3976 impulsi,
2711 3923 2904 3964 versus
2936 3909 3118 3966 facere
3145 3914 3552 3983 aggrediantur,
3597 3934 3698 3988 par

429 4002 728 4076 δαιμόνωνο
755 4001 824 4055 τὰ
856 4001 965 4074 ἄρα
1005 4001 1302 4072 παθήματα
1331 3997 1557 4061 τούτων,
1594 3997 1853 4061 παντοίας
1876 3996 2008 4068 ἀλη-

2115 4009 2200 4055 est
2224 4008 2285 4053 ut
2310 3999 2416 4055 illis
2441 4000 2602 4054 tidem
2628 4000 2990 4056 adhibeamus
3037 4003 3091 4057 in
3125 4003 3194 4059 iis
3214 4019 3337 4076 quae
3366 4007 3556 4074 divino
3585 4011 3698 4080 spi-

432 4091 584 4155 θείας
625 4092 866 4162 ἐφῆπται
891 4090 1026 4162 (50).
1073 4090 1211 4142 Ἀλλ’
1243 4090 1359 4160 ἐρεῖ
1385 4105 1492 4152 τις,
1527 4083 1728 4153 ἐξεῖναι
1756 4089 2006 4158 ποιηταῖς

2116 4094 2223 4146 ritu
2255 4091 2468 4146 incitati
2497 4093 2873 4163 pronuntiant.
2919 4093 3025 4150 Sed
3067 4104 3124 4150 et
3147 4097 3370 4151 deorum
3395 4113 3461 4154 ac
3493 4099 3696 4155 daemo-

430 4182 756 4253 ψεύδεσθαιο
795 4183 1005 4252 θέλγειν
1036 4181 1146 4253 γάρ
1172 4179 1272 4244 τὰς
1316 4179 1425 4234 τῶν
1463 4179 1771 4233 ἀκουόντων
1804 4177 2004 4249 ψυχὰς,

2115 4201 2244 4240 num
2274 4184 2617 4241 calamitates
2635 4185 2904 4242 referunt.
2938 4188 3100 4243 Certe
3119 4188 3334 4245 illorum
3355 4189 3696 4248 calamitates

431 4275 563 4330 ἴδιον
589 4273 727 4329 εἶναι
749 4275 1056 4345 ποιητικῆς,
1081 4273 1142 4326 τὸ
1162 4272 1206 4326 δ’
1231 4270 1429 4342 ἀληθὲς
1458 4266 1619 4334 εἶναι,
1647 4269 1810 4342 ἡνίκα
1843 4270 1910 4324 ἂν
1939 4269 2008 4322 τὰ

2114 4278 2340 4333 omnino
2371 4293 2496 4332 cum
2542 4279 2778 4334 veritate
2829 4280 3199 4335 consentiunt.
3251 4281 3322 4336 At
3357 4282 3501 4338 enim
3546 4267 3696 4338 dicet

429 4367 698 4438 λεγόμενα
747 4366 820 4438 μὴ
862 4365 1036 4428 ἄλλως
1083 4363 1202 4437 ἔχῃ,
1244 4363 1358 4417 ἀλλ’
1409 4361 1486 4426 ὡς
1529 4361 1768 4431 λέγεται.
1826 4363 2007 4415 Ἔστω

2112 4366 2314 4438 aliquis
2355 4368 2532 4437 poetis
2559 4369 2780 4425 mentiri
2811 4369 2982 4425 licere
3005 4371 3086 4426 :id
3105 4371 3249 4426 enim
3272 4373 3550 4443 proprium
3573 4388 3696 4431 esse

429 4457 587 4511 τοῦτο
612 4457 742 4510 ῐδιον
764 4457 1055 4528 ποιήσεως,
1083 4455 1145 4509 τὸ
1163 4454 1261 4526 τὴν
1290 4454 1547 4526 ἀλήθειαν
1573 4454 1684 4508 ἐσθ’
1707 4455 1796 4507 ὅτε
1823 4453 2007 4526 ἀφαρ-

2113 4459 2373 4526 poeticae,
2415 4470 2474 4514 ut
2505 4460 2840 4516 audientium
2875 4461 3087 4518 animos
3111 4463 3458 4520 demulceat:
3494 4466 3694 4522 verita-

431 4550 626 4615 πάζειν
648 4565 663 4579 ·
708 4549 822 4602 ἀλλ’
855 4549 904 4602 οἱ
936 4548 1005 4602 τὰ
1047 4546 1218 4618 ψευδῆ
1269 4546 1535 4616 λέγοντες,
1573 4547 1636 4600 οὐ
1673 4547 1850 4618 μάτην
1875 4545 2007 4616 ψεύο

2114 4559 2220 4604 tem
2245 4563 2376 4605 vero
2413 4565 2560 4616 esse,
2585 4552 2802 4622 quoties
2828 4566 2892 4607 ea
2923 4566 3044 4622 qua:
3091 4552 3370 4619 dicuntur,
3426 4571 3533 4612 non
3585 4559 3696 4612 alio

428 4637 609 4694 ὕονται
635 4655 648 4668 ·
686 4637 720 4707 ἢ
768 4637 878 4708 γάρ
916 4636 1142 4708 κέρδους
1185 4637 1280 4690 καὶ
1327 4636 1594 4704 ὠφελείας
1642 4636 1801 4708 χάριν
1845 4635 2007 4689 τοῦτο

2112 4653 2170 4694 se
2200 4639 2406 4696 habent
2431 4655 2594 4710 quam
2625 4658 2736 4714 quo
2772 4643 3033 4698 dicuntur
3073 4645 3254 4698 modo.
3291 4645 3374 4700 Sit
3410 4646 3513 4704 hoc
3561 4665 3694 4720 pro-

430 4727 695 4786 ποιοῦσιν,
722 4727 756 4798 ἢ
791 4727 969 4797 κακήν
1001 4744 1120 4781 τινα
1148 4726 1365 4798 πρᾶξιν,
1405 4726 1481 4789 ὡς
1508 4725 1674 4790 ἔοικε,
1705 4725 2006 4788 συνειδότες

2112 4731 2287 4800 prium
2320 4734 2544 4802 poetice
2565 4773 2581 4798 ,
2612 4733 2886 4790 interdum
2923 4734 3209 4790 veritatem
3240 4738 3598 4796 abscondere.
3625 4741 3689 4796 lli

429 4821 662 4884 ἑαυτοῖς,
690 4818 778 4871 διὰ
808 4817 900 4870 τὸν
937 4818 1275 4888 ἐφεστηκότα
1309 4819 1372 4870 ἐκ
1403 4817 1512 4870 τῶν
1554 4818 1734 4888 νόμων
1761 4817 2004 4872 κίνδυνον

2112 4837 2240 4878 vero
2266 4825 2358 4894 qui
2394 4825 2754 4892 mentiuntur,
2790 4840 3068 4896 nunquam
3095 4827 3292 4881 frustra
3337 4840 3390 4886 et
3436 4833 3608 4902 gratis
3636 4837 3688 4889 id

499 5070 612 5144 (46)
663 5067 976 5137 Ναυαγίων
1010 5067 1260 5144 τρόπον.
1337 5060 1505 5120 Navis
1531 5069 1717 5144 fractae
1743 5063 1996 5142 reliquias

428 5140 817 5210 interpretatus
840 5154 982 5210 sunt,
1009 5140 1058 5190 id
1079 5145 1163 5191 est
1185 5140 1680 5210 armanientaﬁazc
1706 5140 2004 5210 enim'nave

427 5204 598 5265 fracta
639 5211 738 5264 liac
763 5209 884 5262 illac
911 5206 1186 5275 iactantur
1225 5205 1469 5275 initiari.
1521 5205 1590 5256 At
1621 5204 2003 5275 Cliristopbor-

427 5295 593 5334 sonus
625 5295 819 5332 merces
869 5272 1048 5338 vertit,
1078 5277 1220 5346 quod
1281 5274 1428 5346 huic_
1456 5272 1576 5326 loco
1631 5288 1754 5346 non
1789 5274 2003 5346 videtur

426 5351 734 5404 convenire.
773 5349 982 5402 Merces
1023 5342 1167 5401 enim
1213 5359 1348 5399 nave
1404 5342 1572 5397 fracta
1604 5352 1664 5396 ut
1707 5344 1999 5411 plurimum

427 5422 863 5480 submerguntur.

499 5491 613 5559 (47)
640 5489 791 5556 Vulg.
826 5489 967 5558 Περὶ
1015 5487 1133 5541 τῶν
1170 5485 1256 5556 μὴ
1298 5483 1415 5559 μὲν
1446 5481 1518 5538 τὰ
1550 5480 1823 5559 γραφικοὶ.
1853 5481 2000 5559 S_c_ri-_-

425 5553 768 5632 !_')_ctidti:ttiesi
801 5563 875 5632 μὴ
907 5553 1084 5631 μόνον,
1141 5553 1196 5609 ut
1247 5553 1332 5632 ξιι-
1361 5555 1557 5632 doctus
1581 5556 1648 5632 ad
1682 5569 1833 5632 oram
1875 5553 1998 5632 libri

426 5629 607 5685 Μοτωί
660 5622 942 5697 legenduim
993 5622 1116 5682 esse
1153 5625 1817 5697 conjecerat.hA_tque_ita
1874 5622 2001 5697 legit

423 5692 970 5823 ἱξιιὶῐειοριιὸηυηυε.
1026 5697 1136 5752 Nec
1183 5692 1341 5751 aliter
1408 5692 1666 5748 scribitur
1713 5693 1768 5747 in
1813 5695 2002 5748 codice

445 5783 499 5821 ὐ
545 5811 557 5823 .

425 5768 557 5825 ιευιι.

2316 5065 2477 5148 ΧυΙῇ
2489 5067 2702 5148 μύθοις
2724 5087 2788 5123 τε
2810 5073 3186 5148 πιστεύουσι.
3213 5073 3354 5148 Lego
3387 5076 3576 5148 μύθοις
3604 5079 3686 5137 δέ.

2178 5085 2291 5137 μδ)
2327 5085 2702 5191 γυιωέιυσοις
2724 5087 2788 5123 τε
2810 5085 3186 5130 πιστεύουσι.
3213 5085 3354 5144 Lego
3387 5085 3576 5148 μύθοις
3604 5085 3686 5137 δέ.

2131 5135 2288 5218 ..(49)
2316 5140 2372 5190 Ψ
2369 5137 2477 5218 ενδ
2509 5153 2574 5191 σι
2587 5138 2830 5218 φήμαις.
2856 5142 2990 5198 Male
3011 5145 3539 5218 Christophorsonus
3557 5165 3688 5203 ver-

2107 5211 2173 5285 ti_t_
2217 5211 2492 5285 prqconiis
2535 5211 2798 5285 celebrant
2836 5227 2988 5285 :cuin
3016 5213 3195 5285 φῆμαι
3234 5211 3343 5270 hoc
3395 5220 3513 5272 luco
3548 5221 3684 5273 nihil

2105 5278 2250 5352 aliud
2281 5279 2351 5331 sit
2381 5279 2801 5352 quainiahulae,
2837 5278 3042 5350 quibus
3069 5278 3238 5352 poeta:
3283 5297 3453 5341 totum
3495 5290 3684 5342 orbem

2106 5347 2468 5434 repleverunt.
2511 5349 2602 5403 Sic
2633 5347 2951 5434 paulohpost
2983 5347 3270 5434 de_'iisdem
3301 5360 3474 5434 poetis
3495 5359 3682 5434 dicit,

2103 5416 2442 5498 εἱμαρμένας
2487 5435 2546 5498 τε
2587 5416 3278 5498 αύτῶνᾼδιαφῃμίζουσιβι
3301 5416 3359 5498 in
3389 5428 3568 5495 capite
3595 5416 3680 5492 ll,

2103 5490 2405 5608 itiitiii,ltilil
2457 5491 2717 5544 adversus
2770 5490 3157 5562 blasphemiam
3209 5511 3306 5548 seu
3350 5490 3682 5565 itiipietatciii

2103 5571 2223 5608 inve
2244 5573 2278 5608 ll
2309 5573 2390 5608 ur.

2102 5566 2338 5611 invebitu
2348 5573 2390 5609 Γ.

2173 5626 2285 5697 (50)
2323 5627 2621 5700 Παιττοίας
2660 5631 2946 5700 ἀληθείας
2987 5631 3267 5700 ἐφῆπται.
3314 5632 3682 5692 Scribendum

2103 5711 2230 5764 puto
2259 5699 2546 5762 παντοίως,
2580 5706 2724 5769 quod
2770 5699 2820 5755 in
2857 5699 3102 5756 versique
3139 5721 3255 5757 mea
3289 5717 3505 5764 seCutns
3538 5723 3682 5764 sum.

713 5871 978 5927 Parnm"
1013 5865 1128 5928 Gn.
1165 5863 1304 5926 XX.
1578 5860 1580 5862 ⁷
1816 5899 1817 5902 η
2085 5954 2088 5957 _
3337 5868 3416 5931 ῑιο
