4176 6372
510 335 652 393 1359

1225 337 1497 395 EUSEBII
1532 336 2016 394 CESARIENSIS
2052 336 2205 394 OPP.
2243 335 2426 393 PARS
2465 335 2506 391 Ι.
2545 365 2619 377 -
2655 335 3027 393 HISTORICA

3631 339 3771 395 £260

508 453 739 511 faciunt.
790 454 901 513 Aut
953 455 1097 512 enim
1149 467 1387 526 quaestus
1438 465 1493 513 et
1547 457 1865 527 cupiditatis
1916 471 2080 512 causa

2187 455 2669 511 ἐπικαλύπτονται.
2692 450 2801 509 Ἦν
2834 454 2944 527 γὰρ
2973 455 3198 510 δυνατὸν
3228 454 3362 528 (51),
3397 450 3573 527 οἶμαι,
3605 457 3774 528 μηδὲν

509 544 848 600 mentiuntur
922 554 1015 600 aut
1063 544 1360 614 cujuspiam
1403 548 1650 602 criminis
1683 547 1788 602 sibi
1835 548 2079 609 conscii,

508 645 657 692 metu
680 636 908 705 periculi
942 638 1087 706 quod
1117 638 1264 709 leges
1304 638 1437 707 ipsis
1464 640 1762 702 intentant,
1789 639 2080 694 veritatem

2188 550 2339 623 παρὰ
2365 550 2465 621 τὴν
2489 548 2746 620 ἀλήθειαν
2775 547 3024 619 περὶτῆς
3054 548 3359 619 κρείττονος
3385 550 3599 620 φύσεως
3630 549 3773 604 ιστο-

2190 639 2439 711 ροῦντας,
2470 641 2545 711 μὴ
2570 639 2862 710 ψεύδεσθαι
2888 639 3023 710 μηδὲ
3051 638 3350 694 δυσσεὸεἰν.

506 727 788 796 obtegunt.
804 728 968 797 Atqui
992 727 1151 783 facile
1169 738 1443 798 poterant,
1509 744 1630 786 meo
1685 729 1904 799 quidem
1952 726 2179 796 judicio,
2221 728 2357 783 nihil
2395 730 2463 783 de
2489 730 2670 782 divina
2707 738 2899 782 natura
2948 738 3146 796 prater
3187 729 3472 784 veritatem
3506 728 3768 785 dicentes.

506 821 576 877 ab
600 821 770 894 impio
797 823 1080 879 mendacio
1106 825 1408 879 abstinere.

1110 932 1338 989 CAPUT
1378 933 1468 989 XI.

508 1023 585 1080 De
617 1022 883 1096 corporali
919 1023 1133 1078 Domini
1168 1024 1418 1093 adventu,
1451 1024 1653 1096 qualis,
1686 1034 1733 1080 et
1763 1040 1859 1079 cur
1901 1024 2083 1095 fuerit.

575 1181 749 1238 Porro
791 1182 1042 1253 quisquis
1083 1182 1289 1250 nptima
1319 1183 1536 1239 vivendi
1571 1186 1786 1240 ratione
1820 1199 1884 1241 ac
1915 1185 2083 1241 disci-

506 1271 653 1342 plina
682 1272 936 1342 indignus
962 1280 1064 1338 est,
1096 1272 1311 1342 sibique
1339 1272 1457 1343 ipse
1484 1273 1737 1329 conscius
1770 1275 1896 1329 vitae
1939 1274 2082 1329 male

504 1372 559 1418 et
587 1363 840 1433 nequiter
866 1372 1188 1429 transacta,
1214 1364 1262 1419 is
1289 1356 1505 1418 tandem
1527 1364 1838 1433 resipiscat,
1869 1373 1925 1419 et
1953 1379 2083 1435 per-

506 1467 737 1527 purgata
763 1456 961 1511 mentis
980 1456 1099 1511 acie
1127 1454 1197 1510 ad
1252 1455 1494 1509 divinum
1540 1455 1798 1526 respiciat
1843 1454 2078 1521 Numen,

504 1549 792 1619 pristinam
837 1548 1053 1605 vivendi
1083 1549 1353 1604 rationem
1398 1548 1732 1615 detestatus;
1786 1556 2080 1604 contentus

504 1651 687 1698 tamen
719 1657 840 1698 esse
868 1642 1047 1710 debet,
1072 1642 1118 1697 si
1152 1641 1237 1698 vel
1264 1650 1520 1713 provecta
1536 1642 1648 1714 jam
1675 1651 1835 1698 aetate
1861 1642 2081 1714 sapien-

2714 927 3110 982 ΚΕΦΑΛΑΙΟΝ
3152 928 3256 981 1Α’.

2191 1021 2333 1090 Περὶ
2375 1018 2486 1088 τῆς
2530 1018 2685 1073 κατὰ
2735 1017 2935 1091 σάρκα
2981 1018 3094 1091 τοῦ
3132 1019 3358 1091 Κυρίου
3409 1020 3769 1091 παρουσίας,

2541 1091 2653 1155 τις,
2683 1089 2781 1143 καὶ
2808 1090 2907 1143 ἐπὶ
2932 1089 3056 1143 τισι
3088 1089 3415 1158 γεγένηται.

2256 1180 2467 1236 Οὐκοῦν
2500 1180 2555 1234 εί
2589 1181 2675 1245 τίς
2720 1182 2864 1234 ἐστιν
2897 1179 3115 1247 ἀνάξιος
3163 1180 3402 1253 χρηστοῦ
3449 1181 3589 1253 βίου,
3646 1182 3774 1241 σύν-

2185 1273 2293 1328 οιδέ
2316 1291 2375 1327 τε
2406 1272 2586 1344 ἑαυτῷ
2634 1272 2748 1345 (52)
2780 1272 3117 1346 πλημμελῶς
3142 1274 3237 1327 καὶ
3263 1274 3516 1340 ἀτάκτως
3539 1276 3632 1329 τὸν
3655 1276 3771 1348 βίον

2194 1365 2499 1436 βεϐιωκότι,
2535 1365 2630 1420 ἐὰν
2672 1365 2975 1437 μετάθηται
3008 1364 3104 1420 καὶ
3136 1365 3272 1437 πρὸς
3297 1365 3361 1419 τὸ
3383 1365 3544 1422 Θεῖον
3580 1367 3770 1441 ἀπίδῃ,

2189 1456 2252 1511 τδ
2265 1458 2365 1527 τῆς
2374 1456 2555 1528 ψυχῆς
2569 1457 2723 1528 ὄμμα
2737 1456 3055 1529 καθαρθεὶς,
3076 1457 3173 1511 καὶ
3188 1456 3464 1529 ἀλλότριος
3482 1458 3770 1529 γενόμενος

2187 1551 2288 1622 τῆς
2321 1550 2490 1604 πάλαι
2520 1550 2787 1623 κακίστης
2803 1549 3041 1620 διαίτηςο
3078 1549 3192 1603 ἀλλ’
3215 1551 3367 1622 ὅμως
3395 1549 3701 1621 ἀγαπητὸν,
3721 1550 3772 1603 εί

2187 1643 2292 1697 κᾶν
2301 1644 2358 1697 ὲν
2368 1645 2434 1714 τῇ
2448 1644 2550 1713 τῆς
2561 1643 2743 1714 ἀκμῆς
2758 1642 2943 1714 ἡλικίᾳ
2956 1642 3054 1713 τὴν
3069 1641 3259 1711 σοφίαν
3273 1642 3617 1713 εὐτυχήσειεν
3634 1642 3767 1714 (55)’

509 1734 639 1789 tiam
682 1744 1029 1805 assequatur.
1071 1733 1143 1787 At
1171 1733 1325 1788 nobis
1358 1733 1505 1788 nulla
1548 1733 1766 1804 quidem
1801 1733 1871 1789 ab
1902 1734 2079 1789 homi-

2187 1735 2318 1805 ἡμῖν
2344 1734 2402 1787 δὲ
2428 1734 2646 1788 παιδεία
2678 1733 2776 1805 μὲν
2806 1735 2839 1805 ὴ
2869 1732 2928 1798 ἐξ
2958 1731 3263 1803 ἀνθρώπων
3293 1734 3520 1805 οὐδεμία
3547 1733 3770 1788 πώποτε

505 1826 670 1882 nibus
709 1825 954 1894 profecta
996 1825 1245 1881 doctrina
1292 1826 1607 1897 adjumento
1660 1840 1900 1897 unquam
1955 1824 2077 1890 fuit;

512 1922 606 1975 sed
644 1932 996 1987 quacumque
1030 1917 1083 1971 iu
1111 1917 1392 1973 hominum
1422 1919 1529 1972 vita
1578 1932 1642 1973 ac
1684 1918 1926 1973 moribus
1962 1916 2083 1971 lau-

502 2010 624 2066 dem
653 2018 949 2075 merentur,
979 2009 1187 2078 judicio
1216 2012 1544 2081 sapientum,
1574 2010 1666 2067 Dei
1699 2011 1837 2066 dona
1862 2018 1986 2066 sunt
2018 2023 2082 2064 ac

503 2116 751 2157 munera.
778 2101 1046 2157 Caeterum
1087 2100 1349 2157 adversus
1384 2110 1648 2156 venenata
1697 2100 1786 2155 illa
1828 2101 1932 2155 tela
1959 2114 2082 2169 quae

504 2209 534 2248 a
574 2194 721 2249 malo
744 2197 987 2250 daemone
1025 2193 1384 2257 fabricantur,
1426 2208 1532 2249 non
1572 2192 1849 2249 inﬁrmum
1907 2194 2081 2249 habeo

500 2295 714 2342 scutum
748 2285 891 2355 quod
918 2300 1185 2358 opponam
1220 2285 1551 2341 :scieutiam
1594 2285 1847 2342 videlicet
1890 2301 2078 2341 earum

501 2391 686 2432 rerum
714 2390 858 2447 ,ουκ
916 2387 1155 2446 acceptae
1208 2384 1335 2431 sunt
1388 2374 1520 2431 Deo.
1575 2376 1691 2442 Qua
1747 2376 1966 2447 quidem
2009 2392 2078 2432 ex

500 2466 733 2522 scientia
755 2482 819 2522 ac
847 2467 1159 2538 disciplina;
1198 2482 1262 2523 ea
1301 2466 1538 2537 seligens
1582 2482 1706 2537 quae
1730 2467 1799 2522 ad
1842 2483 2080 2538 praesen-

499 2568 609 2614 tem
626 2573 934 2615 sermonem
956 2559 1362 2615 accommodata
1385 2569 1532 2622 sunt,
1550 2574 1815 2613 summum
1838 2560 2076 2614 omnium

496 2649 788 2706 Parentem
831 2651 1056 2707 laudare
1105 2651 1407 2723 aggrediar.
1462 2650 1541 2705 Tu
1598 2665 1728 2707 vero
1775 2650 2079 2707 devotionis

503 2752 704 2799 nostrae
737 2743 1014 2815 proposito
1046 2741 1258 2809 favens,
1297 2744 1508 2807 adesto,
1544 2741 1806 2798 Servator
1832 2742 2077 2796 omnium

502 2835 741 2903 Christe,
776 2844 831 2892 et
866 2849 1176 2891 sermonem
1223 2835 1293 2890 de
1343 2835 1581 2905 potentia
1634 2844 1724 2889 tua
1777 2835 2077 2889 institutum

501 2942 712 2985 exorna
740 2967 756 2993 ,
802 2927 1057 2983 laudandi
1089 2928 1247 2984 nobis
1270 2929 1489 2983 modum
1533 2928 1907 2996 rationemque
1939 2942 2079 2998 prte-

502 3018 772 3075 scribens.
801 3017 972 3075 Nemo
998 3034 1166 3087 porro
1200 3018 1484 3075 existimet
1520 3018 1829 3073 auditurum
1857 3032 1915 3072 se
1949 3033 2077 3073 ora-

2185 1827 2477 1898 συνήρατοο
2505 1826 2641 1880 Θεοῦ
2684 1826 2743 1880 δέ
2775 1828 2924 1879 ἐστιν
2958 1826 3175 1879 ἅπαντα
3205 1824 3276 1878 τὰ
3309 1825 3630 1899 δωρήματα,
3668 1827 3771 1881 ὅσα

2182 1919 2240 1971 ὲν
2270 1918 2426 1990 ήθεσι
2451 1919 2544 1973 καὶ
2571 1918 2792 1990 τρόποις
2821 1918 3098 1988 εὐδοκιμεῖ
3123 1917 3275 1989 παρὰ
3312 1921 3426 1982 τοῖς
3457 1918 3581 1972 νοῦν
3609 1918 3769 1990 ἐχου-

2184 2023 2287 2059 σιν.
2329 2008 2478 2079 Ἔχω
2505 2007 2688 2062 δὲκαὶ
2728 2003 2841 2061 οἷον
2881 2008 3261 2081 προϐέϐλημαι
3302 2008 3643 2081 δηλητηρίων
3675 2009 3771 2063 ἄν·

2180 2116 2372 2171 τικρυς
2405 2100 2517 2171 (54)
2546 2099 2719 2153 ὁπόσα
2742 2100 3085 2155 τεκταίνεται
3107 2102 3135 2154 ό
3160 2100 3414 2172 πονηρὸς,
3439 2101 3500 2153 οὐ
3538 2100 3767 2171 μετρίαν

2181 2191 2402 2255 ἀσπίδα,
2429 2192 2529 2263 τὴν
2558 2191 2760 2261 γνῶσιν
2793 2190 2900 2244 τῶν
2931 2192 3277 2265 ἀρεσκόντων
3304 2191 3384 2263 τῷ
3421 2190 3568 2263 Θεῷ’
3605 2192 3664 2258 ἐξ
3696 2188 3767 2266 ἧς

2179 2280 2248 2335 τὰ
2273 2281 2382 2353 (55)
2431 2282 2566 2355 πρὸς
2602 2281 2695 2335 τὸν
2730 2280 3090 2353 προκείμενον
3131 2281 3289 2351 λόγον
3326 2282 3574 2354 χρήσιμα
3607 2282 3764 2335 ἐκλε-

2182 2372 2431 2445 ξάμενος,
2457 2375 2681 2445 ὑμνήσω
2706 2372 2799 2426 τὸν
2832 2373 3053 2445 Πατέρα
3085 2373 3322 2428 πάντων.
3351 2375 3523 2438 Αὐτός
3554 2392 3613 2429 τε
3642 2392 3766 2428 συν-

2180 2467 2466 2539 αιρόμενος
2493 2467 2605 2537 (56)
2644 2468 2711 2538 τῇ
2744 2465 2843 2536 τῆς
2871 2464 3250 2529 καθοσιώσεως⁹
3276 2466 3517 2538 σπουδῇ,
3546 2465 3760 2539 πάριθι,

2178 2558 2403 2631 Χριστὲ,
2454 2558 2638 2629 Σῶτερ
2681 2557 2957 2621 ἁπάντων,
2991 2556 3087 2610 καὶ
3120 2556 3211 2610 τὸν
3254 2560 3384 2630 περὶ
3418 2558 3521 2630 τῆς
3562 2560 3764 2631 ἀρετῆς

2179 2650 2515 2721 κατακόσμει
2547 2649 2725 2718 λόγον,
2751 2650 2842 2704 τὸν
2878 2650 3078 2723 τρόπον
3106 2652 3206 2724 τῆς
3232 2650 3587 2722 σεμνολογίας
3619 2653 3765 2723 ὕφη-

2178 2741 2465 2812 γούμενος.
2517 2742 2630 2795 Καὶ¹
2679 2742 2869 2811 μηδεὶς
2928 2742 3283 2815 προσδοκάτω
3358 2743 3601 2815 κομψείᾳ
3650 2744 3761 2796 τινὶ

2179 2830 2708 2903 κεκαλλωπισμένων
2753 2831 3030 2903 ὀνομάτων
3066 2850 3126 2886 τε
3173 2832 3268 2886 καὶ
3298 2833 3559 2904 ῥημάτων
3594 2832 3761 2887 ἀκού-

2180 2924 2391 2977 σεσθαι·
2422 2922 2538 2977 οἶδα
2566 2924 2675 2995 γὰρ
2702 2923 2947 2997 ἀκριϐῶς
2975 2924 3073 2993 τὴν
3104 2923 3325 2977 ἔκλυτον
3354 2923 3448 2976 καὶ
3472 2923 3607 2995 πρὸς
3642 2924 3764 2996 ἡδο-

2179 3016 2277 3088 νὴν
2320 3016 2772 3088 ἀπειργασμένην
2817 3017 3161 3090 δημηγορίαν
3212 3021 3326 3082 τοῖς
3372 3013 3431 3072 εὖ
3477 3018 3765 3091 φρονοῦσιν

504 3110 705 3166 tionem
755 3110 955 3166 eximia
990 3110 1223 3181 quadam
1251 3111 1544 3166 verborum
1590 3108 1857 3181 elegantia
1892 3108 2078 3164 excul-

2187 3106 2547 3179 ἀπαρέσκειν
2584 3108 2712 3161 ὅταν
2735 3110 2783 3162 οἱ
2813 3108 3084 3177 λέγοντες,
3114 3108 3311 3180 κρότου
3342 3109 3566 3179 μᾶλλον,
3597 3108 3629 3179 ἢ
3659 3109 3764 3163 σώ-

505 3212 634 3259 tam.
668 3200 879 3273 Quippe
907 3210 1241 3274 compertum
1272 3200 1438 3273 580
1480 3202 1672 3265 habeo,
1706 3215 1829 3255 eam
1868 3200 2074 3255 oratio-

502 3518 534 3574 δ
574 3445 699 3573 (5‘2s
715 3442 827 3503 Ἦν
848 3447 955 3518 γὰρ
982 3446 1261 3503 δυνατόν.
1296 3445 1503 3502 Mallem
1530 3446 1703 3515 legere
1725 3440 1863 3502 ιἮν
1890 3446 1946 3500 δὲ
1972 3448 2081 3519 ἄρα

535 3534 638 3572 uva
701 3534 748 3572 ν.

535 3534 748 3572 υνατον.

578 3588 710 3658 (52),
758 3587 915 3658 Vulg.
967 3587 1216 3644 σύνοιδέ
1264 3603 1332 3642 τε
1390 3586 1511 3655 τῷ.
1575 3586 1934 3643 Scribendum
1997 3595 2085 3641 est

505 3656 715 3713 σύνοιδέ
733 3675 792 3711 τε
812 3656 1011 3729 ὲσῖυτῷ,
1039 3661 1179 3727 quod
1206 3659 1374 3729 miror
1411 3658 1544 3729 viris
1572 3658 1750 3729 doctis
1776 3660 1828 3729 in
1852 3666 2084 3729 mentem

503 3745 614 3784 non
654 3729 889 3783 venisse.
944 3727 1115 3783 Porro
1141 3728 1208 3783 ab
1238 3728 1396 3782 initio
1437 3727 1599 3796 hujus
1628 3727 1863 3797 periodi,
1892 3728 1944 3780 id
1973 3739 2079 3791 est,

505 3802 574 3854 ab
604 3800 905 3881 hi‘s_ver_bis
950 3797 1161 3881 ρύκοῦγ
1201 3799 1255 3881 ες
1292 3798 1377 3881 τίς
1417 3795 1564 3881 ἐστιν
1613 3795 2084 3881 ἀναξιος,“ἰιιοίρξι

504 3878 665 3950 caput
694 3868 781 3949 ll,
813 3879 923 3949 tum
974 3871 1026 3923 in
1061 3869 1297 3949 schedis,
1358 3878 1470 3921 tum
1500 3869 1576 3950 .in
1603 3870 1814 3951 .codice
1844 3866 1993 3948 .Fuk.
2020 3868 2084 3948 Et

508 3956 566 4018 tu
594 3939 782 4018 codice
817 3943 1032 4018 quidem
1077 3937 1212 4018 F‘uk.
1250 3953 1303 3991 tn
1324 3953 1448 4018 quo
1478 3938 1617 3993 lttult
1649 3935 1887 4018 singulis
1916 3952 2084 4018 _ea_pt-

510 4008 654 4063 tibus
678 4014 1079 4079 prmponuutur,
1110 4009 1338 4079 haec_est
1359 4007 1517 4079 hujus
1545 4008 1747 4079 capitis,
1767 4007 2078 4079 inscriptio:

505 4079 643 4151 Περὶ
672 4076 773 4151 τῆς
796 4079 939 4151 κατα
963 4079 1139 4149 σάρκα
1166 4076 1262 4131 τοῦ
1290 4077 1493 4151 Κυρίου
1512 4076 1851 4151 παρουσίας,
1870 4076 1954 4139 τίς
1993 4078 2087 4151 καὶ

506 4147 601 4203 uti.
634 4147 744 4221 τίσι
786 4147 1074 4221 γεγένηται
1105 4164 1120 4176 ·
1148 4147 1422 4221 καὶ-περὶ
1468 4147 1611 4221 τῶνξ
1633 4148 1726 4221 μὴί
1757 4147 1994 4221 γνόντων
2024 4147 2087 4221 τὸ

511 4218 832 4291 μυστήριον,
867 4217 1078 4291 etc._ln
1107 4219 1323 4291 schedis
1366 4217 1546 4273 autem
1582 4217 1761 4291 Regiis
1785 4227 1842 4291 e_t
1887 4217 2088 4291 in_edi-

508 4286 657 4344 tione
678 4286 823 4345 Rob.
858 4289 1308 4359 Slephani,quam
1342 4296 1559 4359 secutus
1591 4286 1676 4343 est
1696 4286 2085 4359 Chri_stopho_r-

507 4373 697 4425 sonus,
727 4359 828 4413 hoc
855 4355 1017 4428 caput
1069 4355 1260 4413 induo
1305 4358 1536 4428 divisum
1567 4366 1672 4423 est,
1708 4365 1763 4412 et
1782 4356 1945 4428 ,Περὶ
1973 4355 2084 4409 τῶν

635 4428 872 4501 γνόντων
890 4467 975 4495 ,...
1002 4432 1132 4487 novi
1155 4427 1353 4501 capitis
1377 4427 1568 4501 titulus
1591 4439 1696 4485 est.

2179 3215 2377 3271 φρονος
2410 3198 2700 3266 διαλέξεως
2739 3199 3128 3271 ἐπιμελῶνται.
3158 3201 3295 3254 Φασὶ
3328 3199 3393 3272 δή
3421 3217 3565 3266 τινες
3603 3201 3765 3274 ἀνόη-

2190 3450 2392 3504 tionem
2425 3463 2530 3504 non
2565 3448 2921 3517 vidisse,qn:e
2949 3456 3127 3502 tamen
3164 3447 3320 3503 obvia
3351 3458 3406 3503 et
3452 3449 3505 3502 in
3538 3448 3761 3518 proclivi

2190 3519 2568 3574 estYDidnctis
2588 3519 2730 3573 enim
2762 3519 2982 3572 vocibus
3009 3533 3130 3583 qua:
3156 3518 3208 3571 in
3235 3535 3397 3573 uuam
3422 3521 3761 3580 coaluerant,

2192 3589 2539 3660 scribendum
2563 3598 2643 3643 est
2671 3586 2733 3652 ἐξ
2762 3584 2823 3660 ἧς
2848 3588 2918 3643 τὰ
2947 3589 3105 3660 ’πρὸςΔ
3125 3588 3238 3655 τὸν,
3261 3599 3368 3643 etc.
3426 3588 3764 3643 Subauditur

2193 3670 2371 3717 autem
2396 3657 2669 3727 γνώσεως,
2716 3657 2856 3728 quod
2888 3657 3202 3714 vocabulum
3239 3660 3397 3728 paulo
3448 3670 3572 3713 ante
3624 3675 3765 3727 pra!-

2187 3733 2371 3785 cessit.
2409 3731 2475 3781 At
2504 3730 3031 3798 Christophorsonus
3077 3729 3222 3782 hunc
3255 3730 3435 3783 locum
3493 3730 3562 3782 ita
3594 3729 3765 3783 inter-

2188 3810 2462 3868 pretatur:
2498 3797 2628 3852 Ηωσ
2663 3797 2827 3867 igitur
2874 3803 3170 3868 commode
3193 3800 3261 3851 ad
3293 3814 3415 3852 eum
3470 3814 3762 3852 sermonem

2186 3867 2276 3937 qui
2303 3888 2335 3923 a
2362 3883 2444 3922 me
2493 3869 2768 3921 institutus
2790 3879 2890 3931 est,
2918 3869 3108 3937 delegi.
3151 3867 3231 3921 Ex
3260 3883 3368 3936 quo
3392 3877 3641 3937 apparet,
3668 3878 3762 3921 aut

2191 3940 2340 3993 illum
2369 3948 2611 3992 secutum
2634 3953 2754 3992 esse
2776 3940 3210 3992 emendationem
3234 3953 3353 4007 qu.e
3372 3939 3424 3991 in
3445 3938 3597 3991 libris
3628 3939 3764 3991 Sea-

2192 4008 2366 4079 ligeri,
2397 4007 2753 4079 Bo_tigarsiiet
2779 4007 2999 4063 Gruteri
3037 4008 3263 4076 legitur;
3288 4023 3450 4077 quam
3480 4009 3643 4061 etiam
3674 4023 3750 4060 re

2195 4076 2306 4147 peri
2343 4080 2394 4132 in
2448 4077 2587 4130 libro
2636 4076 2814 4131 Morini
2848 4097 2861 4131 :
2895 4088 2990 4130 aut
3023 4088 3171 4132 certe
3200 4079 3534 4147 Scaligerum
3561 4087 3618 4131 et
3649 4090 3762 4131 (ne

2195 4158 2341 4203 teros
2372 4149 2868 4216 interpretationem
2901 4148 3380 4217 Christophorsoni
3415 4156 3653 4209 secutos,
3683 4148 3758 4200 ita

2192 4220 2547 4287 emendasse;
2612 4218 2753 4285 quod
2809 4218 3026 4287 quidem
3093 4218 3273 4287 verius
3345 4226 3491 4287 puto.
3564 4217 3758 4287 Verum

2190 4288 2497 4341 emendatio
2520 4286 2623 4340 ista
2659 4286 2786 4341 ferri
2810 4286 2914 4342 non
2944 4294 3136 4354 potest.
3165 4286 3402 4340 Primum
3428 4287 3569 4340 enim
3600 4286 3762 4339 nimis

2191 4358 2419 4412 discedit
2455 4372 2485 4427 a
2531 4357 2777 4427 vestigiis
2806 4358 3031 4427 vulgares
3067 4358 3334 4427 lectionis,
3371 4358 3416 4412 si
3450 4372 3549 4426 pro
3569 4355 3762 4427 ὲξιστᾷ

2189 4427 2398 4481 scribas
2421 4426 2492 4480 τὰ
2514 4425 2714 4483 τοίνυν.
2756 4425 2926 4481 Codd.
2976 4436 3152 4482 tamen
3195 4426 3331 4486 Fuit.
3365 4437 3419 4482 et
3452 4425 3597 4482 ’Sav.
3627 4425 3763 4482 scri-

580 4486 692 4570 (53)
722 4498 873 4570 Vulg.
893 4486 1020 4567 ’τὴν
1066 4486 1293 4567 anguin-
1316 4499 1676 4570 εὐτυχῶσιν.
1724 4495 2080 4570 Scribendum

2187 4499 2568 4570 ptunthahent
2599 4497 2668 4570 τα
2693 4497 2891 4570 τοίνυν,
2923 4505 3029 4551 etc.

508 4566 695 4637 procul
731 4566 892 4640 dubio
922 4566 1216 4640 εὐτυχήσῃ,
1237 4570 1317 4623 vel
1347 4566 1717 4640 εὐτυχήσειεν,
1742 4566 2083 4640 quodmiror

512 4654 611 4693 nec
641 4654 669 4691 a
718 4638 1236 4707 Christophoi'sono,
1287 4654 1384 4692 nec
1448 4638 1489 4690 a‘
1524 4638 1808 4708 bealigeroﬁ
1854 4638 2083 4708 aliisque

511 4709 948 4763 animadversum
1002 4709 1189 4775 fuisse,
1217 4710 1309 4777 qui
1359 4707 1721 4764 emendarunt
1760 4707 1862 4777 τῆς
1891 4707 2085 4776 σοφίας

507 4779 899 4850 εὐτυχήσωσιν.
925 4780 1088 4850 Atqui
1122 4778 1314 4850 Gra'ce
1356 4794 1462 4850 non
1494 4780 1693 4833 dicitur
1717 4778 1960 4848 εὐτυχεῖν
1983 4779 2085 4847 τῆς

511 4847 723 4919 σοφίας,
761 4850 853 4919 sed
882 4849 1126 4919 εὐτυχεῖν
1151 4848 1249 4919 τὴν
1300 4848 1512 4917 σοφίαν.
1554 4850 1608 4901 In
1661 4847 1879 4903 codice“
1903 4858 2085 4902 tamen

510 4916 931 4989 Fulgscnjbitnr
953 4916 1052 4989 τῆς
1082 4916 1272 4989 σοφίας
1300 4916 1660 4989 εὐτυχήσωσι.

585 4987 697 5059 (54)
748 4987 927 5059 Vulg.,
972 4986 1343 5059 Δδηλητήριον
1383 4986 1686 5057 ἅῦτικρυς.
1731 4986 2086 5043 Scribendum

510 5056 734 5112 omnino
763 5068 848 5111 est
880 5056 1247 5129 δηλητηρίων
1286 5056 1565 5129 ἄντικρυς,
1627 5060 1681 5112 id
1741 5068 1854 5123 est,
1896 5068 2087 5113 contra

512 5136 779 5200 venenata
812 5128 1166 5200 spicula.Uni
1189 5128 1787 5200 αντικρυςίρτωροείιίο
1807 5138 1915 5189 est,
1945 5129 2089 5197 quod

514 5212 620 5251 non
639 5197 901 5268 viderunt
926 5197 1188 5268 scaliger,
1208 5197 1554 5268 Bongarsius.
1573 5197 1839 5253 Gruterus
1864 5200 2086 5268 aliique.

484 5266 772 5352 .Sicjul‘ra
802 5281 923 5352 cap.
960 5266 1049 5331 15,
1080 5266 1778 5352 θιοίμιὶιιξι·“.ρ(ξιξειοιιιί.ιιιιε,
1821 5267 2003 5352 πίστιν
2027 5283 2090 5352 τε

510 5338 607 5410 καὶ
648 5336 994 5410 δικαιοσύνην
1032 5337 1229 5410 αὐτοὺς
1275 5337 1585 5410 ὲκδιδάξας,
1640 5339 1866 5410 ἀντικρύ
1897 5338 1994 5410 cui;
2026 5339 2092 5410 εκ

510 5406 1018 5479 τῆςρντικειμένης
1042 5406 1255 5479 φύσεως
1289 5409 1502 5479 φθόνου.
1535 5409 1706 5463 Codd.
1752 5406 1929 5462 tamen
1957 5407 2092 5464 Fuk.

515 5477 579 5531 ac
596 5477 861 5550 ATurncb‘i'
879 5477 1078 5550 habent
1103 5477 1178 5550 ᾡς
1209 5479 1349 5550 κατὰ
1368 5477 1710 5550 δηλητηρίων
1732 5478 1983 5550 ἄντικρυ.

588 5548 698 5618 (55)
731 5546 883 5617 Vulg.
919 5544 1133 5614 ἐξιστᾷ
1175 5547 1325 5614 πρὸς
1359 5544 1915 5618 τόνπρὸκείμενονζ
1965 5548 2098 5615 Quis

517 5632 622 5671 non
640 5621 883 5689 tttiretur,
909 5619 1263 5689 Scaligerum,
1281 5618 1661 5686 Bongarstum,
1686 5630 1739 5673 et
1760 5629 2004 5680 caeteros,
2029 5633 2097 5672 ex

556 5703 745 5741 uorum
808 5688 958 5743 libris
1031 5688 1442 5744 einendationes
1506 5690 1576 5743 ad
1640 5704 1795 5744 oram
1845 5689 2099 5744 editionis

597 5758 845 5814 neveusis
902 5760 1254 5825 adnotantur,
1285 5760 1441 5832 hujus
1477 5758 1581 5816 loci
1617 5773 1803 5815 veram
1839 5761 2099 5816 emenda-

2256 4567 2367 4637 (56)
2401 4566 2555 4637 Vulg.
2589 4567 2786 4621 Αὐτοῦ
2821 4583 2885 4619 τε
2910 4566 3364 4635 συναιρόμενος.
3395 4565 3451 4619 1η
3484 4565 3625 4637 libro
3655 4565 3765 4618 Mo-

2187 4651 2277 4690 rari
2306 4639 2388 4691 vir
2412 4636 2604 4692 doctus
2646 4640 2711 4690 ad
2763 4639 3061 4706 marginem
3090 4639 3394 4691 emendavit
3424 4636 3609 4699 αὐτός.
3654 4639 3764 4703 ligo

2186 4713 2357 4760 totum
2385 4709 2559 4761 locum
2613 4721 2722 4760 uno
2757 4707 2921 4760 ductu
2967 4708 3042 4759 ita
3078 4707 3358 4774 legendum
3393 4718 3522 4774 puto
3555 4708 3765 4769 εΔύτὸς

2186 4776 2246 4849 δὲ
2271 4776 2659 4849 συναιρόμενος
2684 4780 2751 4849 τῇ
2780 4777 2879 4849 τῆς
2905 4776 3282 4840 καθοσιώσεως
3311 4778 3761 4848 σπουδῇ,πάρι6ι,

2186 4844 2411 4918 Χριστέ,
2433 4844 2546 4918 ξειὸ.
2573 4844 2750 4913 ρυοιιῖ
2773 4844 3207 4902 emendationem
3237 4844 3524 4903 conﬁrmat
3566 4844 3766 4917 liégius

2189 4917 2381 4987 cedes,
2431 4917 2484 4969 in
2536 4927 2947 4987 qoogpunctuui
3006 4927 3342 4987 przenotatnr
3398 4931 3524 4972 ante
3576 4933 3763 4987 vecent

2190 4984 2379 5039 αὐτοῦ.
2415 4987 2498 5039 Ab
2524 4984 2591 5040 iis
2612 4985 2775 5056 igitur
2801 4987 2980 5041 verbis
3007 4984 3366 5041 inchoandum
3383 5000 3464 5041 est
3486 4999 3647 5056 caput
3673 4986 3763 5047 12,

2193 5058 2319 5110 licet
2354 5059 2405 5109 in
2437 5058 2622 5111 codice
2657 5055 2826 5125 Regio
2850 5068 2904 5111 et
2937 5059 2989 5110 in
3013 5060 3254 5127 editione
3281 5055 3764 5127 Stephani’novum

2192 5136 2353 5193 caput
2378 5126 2665 5181 iuchoetur
2693 5142 2723 5180 a
2749 5141 2879 5181 voce
2901 5126 3110 5197 πάριθι.
3130 5126 3504 5195 Coniecturam
3524 5140 3765 5182 nostrain

2193 5197 2353 5266 plane
2379 5198 2667 5267 conﬁrmat
2703 5197 3114 5267 eodex_l"uk.,in
3143 5215 3252 5266 quo
3290 5200 3487 5267 legitur
3515 5198 3679 5263 αὐτός
3704 5213 3766 5250 τε

2196 5264 2653 5341 συναιρόμενοςτῇ
2673 5266 2774 5341 τῆς
2794 5264 3174 5332 καθοσιώσεωέ
3189 5264 3412 5340 σπουδῇ,
3428 5268 3767 5341 πάριθιζθιιο.

2198 5338 2253 5390 ln
2281 5337 2493 5407 scheuis
2518 5350 2696 5390 autem
2738 5337 2923 5407 Regiis
2964 5342 3224 5406 scriptum
3276 5337 3452 5392 iuveni
3498 5337 3665 5392 αὐτοῦ
3704 5355 3767 5391 τε

2199 5405 2609 5476 συναιρομένου,
2642 5418 2702 5461 ut
2730 5405 2859 5477 legit
2884 5405 3426 5477 ChristOphorsonus.
3480 5408 3535 5463 ln
3575 5410 3768 5464 iisdem

2199 5479 2414 5530 schedts
2445 5493 2638 5531 novum
2673 5488 2835 5546 caput
2881 5479 3169 5533 inchoatur
3215 5480 3285 5533 ab
3319 5479 3385 5531 iis
3436 5480 3619 5534 verbis
3648 5495 3770 5547 quae

2200 5549 2446 5616 proxime
2477 5560 2803 5616 sequuntur,
2855 5549 2987 5617 φασὶ
3009 5547 3073 5619 δή
3101 5564 3267 5612 τινες,
3322 5560 3430 5603 etc.
3469 5550 3575 5605 Sed
3632 5549 3770 5603 nihil

2204 5631 2423 5671 necesse
2448 5627 2531 5671 est
2564 5619 2651 5672 hic
2688 5633 2883 5673 novum
2915 5633 3077 5687 caput
3115 5623 3420 5683 instituere,
3458 5635 3581 5673 cum
3609 5622 3770 5687 paulo

2202 5695 2329 5741 ante
2363 5688 2676 5742 inchoatum
2708 5689 2871 5742 fuerit
2906 5688 3117 5743 υύκοῦν
3138 5688 3194 5741 εῐ
3222 5690 3308 5753 τις
3352 5691 3499 5745 ἐστιν
3525 5690 3766 5754 ἀνάξιος,

2204 5767 2317 5812 tum
2347 5758 2401 5812 in
2436 5760 2674 5826 schedis,
2701 5769 2813 5814 tum
2845 5761 2896 5815 in
2928 5763 3114 5818 codice
3140 5757 3371 5815 Fuketii.
