4176 6400
406 405 530 462 1261

1173 399 1638 458 CONSTANTI‘NI
1678 398 1936 457 ORATIO
1975 397 2071 452 AD
2109 395 2536 457 SANCTORUM
2575 398 2876 457 CCETUM.

3522 397 3667 460 1252

399 539 483 577 τοι
511 518 608 576 καὶ
626 519 906 583 δυσσεϐεῖς
928 517 1229 592 ἄνθρωποι,
1249 518 1604 588 δικαιωθῆναι
1629 518 1722 571 τὸν
1747 515 1982 589 Χριστὸν

2087 532 2207 571 nem
2229 532 2352 588 quae
2381 517 2558 573 mollis
2581 518 2651 573 sit
2682 526 2738 575 et
2765 519 2832 573 ad
2858 516 3192 587 voluptatem
3223 531 3289 573 ac
3326 516 3664 583 lenocinium

400 613 559 687 ἡμῶν
588 612 684 667 καὶ
714 612 805 666 τὸν
839 610 1130 684 παραίτιον
1156 612 1252 666 τοῦ
1287 611 1402 682 βίου
1429 613 1542 673 τοῖς
1574 610 1761 676 ζῶσιν,
1812 608 1976 663 αὐτὸν

399 706 494 761 τοῦ
542 705 641 778 ζῇν
683 704 1033 776 ἐστερῆσθαι.
1072 704 1214 767 Τοὺς
1249 704 1296 758 δ’
1334 703 1552 758 ἀσεϐεῖν
1597 701 1746 766 ἅπαξ
1777 700 1980 770 τολμή-

402 814 601 862 σαντας
633 796 765 868 (57),
796 799 890 851 καὶ
923 798 1060 868 μήτε
1092 796 1344 859 δεδιέναι,
1383 797 1508 868 μήτ’
1542 793 1981 866 ἐγκαλύπτεσθαι

400 890 501 962 τὴν
529 891 736 944 ἑαυτῶν
767 889 1032 961 πονηρίαν
1054 888 1467 952 κατανοοῦντας,
1492 888 1644 943 οὐδὲν
1667 887 1983 959 θαυμαστὸν

402 981 560 1036 τοῦτο
572 981 751 1050 λέγειν
768 983 966 1035 ’ἐκεῖνο
977 980 1036 1034 δὲ
1050 982 1229 1034 πᾶσαν
1246 980 1620 1051 ὑπερϐέϐηκεν
1637 979 1909 1050 εὐήθειαν,
1921 979 1983 1031 τὸ

403 1073 580 1127 δοκεῖν
602 1072 919 1127 πεπεικέναι
937 1072 1185 1137 ἑαυτοὺς,
1212 1072 1302 1126 ὑπ’
1315 1072 1603 1144 ἀνθρώπου
1618 1072 1983 1144 Θεὸνᾛφθαρ-

403 1183 496 1220 τον
528 1165 942 1236 βεὸιᾶσθαι,καὶ
957 1164 1056 1236 οὐχ
1082 1164 1189 1217 ὑπὸ
1219 1164 1388 1236 μόνης
1416 1164 1517 1236 τῆς
1542 1163 1736 1233 φιλανθ
1747 1163 1979 1236 ρωπίας,

409 1255 530 1328 μηδ’
557 1257 775 1322 ἐννοεῖν,
788 1257 871 1310 ὅτι
897 1255 957 1309 τὸ
974 1255 1350 1327 μεγαλόψυχον
1367 1255 1484 1328 [καὶ
1498 1253 1824 1320 ἀνεξίκακον
1843 1253 1981 1326 (58)]

403 1348 516 1404 οὐθ’
539 1348 868 1420 ὐπὸῦὸρεως
887 1349 1256 1420 διατρέπεται,
1275 1348 1388 1402 οὐθ’
1405 1348 1510 1402 ὐπὸ
1528 1347 1981 1419 προπηλακισμοῦ

402 1444 502 1515 τῆς
539 1444 778 1514 φυσικῆς
804 1443 1160 1516 στερρότητος
1188 1442 1485 1511 ἐξίσταται,
1529 1442 1643 1496 ἀλλ’
1679 1442 1767 1496 ἀεὶ
1797 1442 1981 1511 γίγνε-

402 1552 516 1598 ται,
544 1534 652 1588 τῶν
681 1534 1123 1607 ἐπεμϐαινόντων
1146 1536 1255 1607 πὴν
1280 1535 1601 1608 ἀγριότητα,
1628 1533 1892 1605 λογισμοῦ
1920 1550 1981 1586 τε

405 1626 501 1680 καὶ
540 1625 944 1698 μεγαλοψυχίας
987 1629 1294 1699 φρονήματι
1342 1627 1542 1700 θραῦον
1572 1628 1666 1681 καὶ
1688 1624 1983 1697 διωθούμε-

405 1732 511 1770 νον.
539 1716 826 1787 Προῄρητο
857 1716 955 1787 μὲν
985 1718 1018 1787 ὴ
1052 1716 1143 1769 τοῦ
1171 1716 1308 1770 Θεοῦ
1342 1716 1741 1788 φιλανθρωπία,
1768 1715 1982 1769 ἀδικίαν

410 1807 510 1879 μὲν
539 1807 834 1878 ἐξαλεῖψαι,
876 1808 1212 1879 κοσμιότητα
1237 1809 1295 1861 δὲ
1321 1811 1414 1862 καὶ
1455 1808 1612 1880 δίκην
1645 1810 1876 1878 ἐπᾶραι·
1902 1806 1984 1859 διὸ

2087 622 2426 681 comparata,
2478 611 2839 682 prudentibus
2884 611 3019 666 viris
3073 608 3397 681 displicere:
3441 626 3566 665 cum
3617 610 3665 668 is

2087 701 2180 770 qui
2227 702 2380 767 dicit,
2430 702 2677 771 plausum
2720 702 2900 771 potius
2934 717 3096 772 quam
3152 702 3457 757 modestam
3489 702 3663 757 disse-

2088 792 2242 846 rendi
2275 794 2539 848 rationem
2567 804 2933 848 consectatur.
2985 794 3215 860 Quidam
3258 794 3412 864 impii
3469 809 3534 849 ac
3573 795 3666 848 de-

2089 892 2300 940 mentes
2344 886 2594 941 homines
2652 886 2809 942 aiunt
2846 885 3125 942 Christum
3185 896 3433 942 nostrum
3468 888 3664 941 merito

2088 976 2351 1046 supplicio
2376 977 2692 1032 damnatum
2725 976 2892 1033 fuisse
2912 1019 2927 1043 ,
2968 987 3025 1033 et
3051 992 3175 1033 eum
3194 977 3283 1046 qui
3320 978 3447 1032 vitae
3476 988 3666 1033 auctor

2089 1080 2176 1126 est
2204 1070 2534 1132 viventibus,
2566 1070 2679 1124 vita
2706 1084 2828 1124 esse
2846 1071 3143 1140 privatum.
3185 1070 3263 1125 Ac
3305 1083 3400 1125 eos
3439 1069 3660 1139 quidem

2090 1163 2181 1232 qui
2209 1161 2373 1218 semel
2400 1162 2590 1231 pietati
2630 1163 2881 1216 nuntium
2929 1162 3282 1226 remiserunt,
3336 1176 3436 1218 nec
3465 1163 3663 1216 timore

2090 1255 2200 1311 ullo
2227 1263 2320 1309 aut
2349 1255 2554 1323 pudore
2581 1253 2847 1308 scelerum
2874 1268 3096 1307 suorum
3118 1252 3256 1308 allici
3281 1255 3664 1320 decreverunt,

2090 1349 2161 1402 ita
2196 1346 2405 1403 sentire
2428 1346 2650 1401 minime
2679 1345 2985 1399 mirandum
3016 1354 3122 1400 est.
3141 1343 3278 1399 lllud
3297 1360 3424 1400 vero
3448 1360 3662 1400 omnem

2088 1441 2302 1496 excedit
2336 1438 2652 1501 amentiam,
2679 1437 2824 1506 quod
2848 1436 2948 1492 sibi
2968 1435 3101 1507 ipsis
3122 1436 3462 1506 persuasisse
3485 1436 3670 1491 viden-

2090 1541 2178 1586 tur
2199 1572 2216 1597 ,
2243 1530 2409 1585 Deum
2445 1529 2807 1584 immortalem
2838 1529 2947 1584 vim
2990 1529 3058 1583 ab
3102 1528 3417 1583 hominibus
3444 1543 3662 1598 passum

2089 1638 2232 1686 esse,
2275 1638 2380 1677 non
2407 1631 2589 1677 autem
2624 1637 2655 1676 a
2688 1636 2786 1676 sua
2832 1621 3004 1692 ipsius
3056 1620 3395 1691 benignitate
3433 1629 3490 1674 et
3535 1634 3663 1689 erga

2088 1714 2728 1770 hominesbeuevolentia
2763 1728 2891 1776 ;nec
2935 1713 3410 1778 animadvertunt,
3454 1713 3667 1783 magni-

2092 1808 2335 1863 tudinem
2372 1807 2539 1862 animi
2567 1821 2633 1861 ac
2670 1807 2986 1876 patientiam
3024 1820 3125 1861 nec
3165 1804 3497 1861 contumelia
3539 1820 3662 1858 mu-

408 1901 503 1955 καὶ
530 1903 656 1966 τοὺς
700 1902 1046 1972 σοφωτάτους
1076 1900 1186 1955 τῶν
1219 1901 1427 1974 ἀνδρῶν
1459 1902 1569 1972 (59)
1603 1899 1981 1970 συναθροίσας,

2090 1897 2214 1961 tari,
2250 1910 2350 1952 nec
2381 1894 2644 1949 conviciis
2672 1898 2741 1949 de
2766 1904 2912 1949 statu
2945 1910 3044 1949 suo
3078 1895 3381 1962 dimoveri;
3428 1895 3524 1950 sed
3572 1894 3663 1949 fu—

408 1992 702 2062 καλλίστην
726 1994 820 2046 καὶ
859 1991 1305 2063 βιωφελεστάτην,
1338 1989 1686 2044 διδασκαλίαν
1724 1989 1984 2060 συνεστή-

409 2076 561 2145 σατο,
596 2082 835 2154 ζηλῶσαι
871 2082 984 2153 (60)
1022 2083 1150 2148 τοὺς
1177 2080 1414 2149 ἀγαθούς
1444 2097 1505 2133 τε
1537 2080 1630 2132 καὶ
1661 2076 1985 2148 εὐδαίμονας

406 2174 506 2246 τὴν
534 2174 727 2229 ἑαυτοῦ
752 2175 883 2246 περὶ
908 2174 976 2228 τὰ
1005 2174 1207 2245 κόσμια
1238 2173 1523 2246 πρόνοιανο
1548 2164 1610 2226 οῦ
1636 2171 1821 2243 μεῖζον
1849 2172 1987 2239 ἁγα-

408 2266 501 2320 θδν
544 2268 596 2320 τί
628 2268 692 2322 ἄν
725 2284 809 2331 τις
852 2266 1017 2329 εἴποι,
1046 2265 1180 2319 Θεοῦ
1212 2264 1558 2335 δικαιοσύνην
1605 2263 1982 2336 βραϐεύοντος,

409 2360 502 2413 καὶ
535 2359 904 2430 ὲξομοιοῦντος
930 2358 1103 2430 ἐαυτῷ
1148 2360 1274 2422 τοὺς
1305 2357 1488 2425 ἀξίους
1527 2358 1627 2428 τῆς
1650 2356 1816 2411 αὐτοῦ
1862 2374 1986 2410 παι-

408 2451 661 2516 δεύσεως,
696 2454 844 2514 ὅπως
874 2450 1210 2523 διαδοθείσης
1242 2452 1320 2514 εἰς
1349 2450 1559 2513 πάντας
1584 2449 1684 2521 τῆς
1716 2449 1987 2520 ἀγαθότη-

410 2561 523 2608 τος,
549 2543 613 2597 τὸ
635 2544 880 2614 εὐτυχεῖν
900 2545 1013 2606 τοῖς
1036 2541 1342 2616 ἀνθρώποις
1365 2543 1445 2605 είς
1464 2543 1678 2596 ἅπαντα
1701 2542 1791 2595 τὸν
1813 2541 1985 2596 αἰῶνα

410 2636 798 2708 περιγένηται;
836 2635 982 2706 Αῦτη
1021 2636 1168 2688 ὲστίν
1202 2636 1236 2706 ἡ
1273 2634 1444 2707 σεμνὴ
1483 2635 1629 2706 νίκη,
1655 2635 1762 2689 τόδ’
1787 2634 1987 2705 ἀληθὲς

410 2729 632 2799 κράτος,
664 2729 726 2782 τὸ
766 2728 1023 2799 μέγιστον
1056 2727 1216 2800 ἔργον
1255 2726 1519 2798 ἁρμόζον,
1547 2729 1576 2780 ὁ
1600 2726 1709 2780 τῶν
1737 2726 1987 2798 συμπάν-

408 2835 518 2871 των
551 2818 739 2891 δήμων
769 2821 1175 2891 σωφρονισμόςο
1205 2820 1300 2874 καὶ
1325 2818 1528 2872 τούτων
1567 2819 1666 2891 μέν
1698 2818 1779 2873 σοι
1808 2819 1876 2873 τὰ
1906 2837 1988 2874 νι-

410 2912 550 2981 κητή
562 2928 651 2982 ρια
672 2911 881 2983 δίδομεν
900 2911 1289 2984 εὐφημοῦντες,
1319 2906 1364 2966 ὣ
1394 2912 1578 2985 Σῶτερ
1596 2913 1704 2966 τῶν
1730 2912 1892 2967 ὅλων·
1919 2913 1984 2966 σὺ

408 3002 476 3067 δ’,
507 2997 553 3057 ὧ
579 3004 791 3076 πονηρὰ
806 3004 920 3077 (61)
953 3010 1048 3059 καὶ
1079 3005 1411 3059 ὲπονείδιστε
1438 3005 1776 3077 βλασφημία,
1802 3004 1988 3076 ψεύδε-

412 3111 496 3149 σιν
531 3097 894 3170 ἐπαιρομένη,
927 3099 1139 3170 φήμαις
1164 3117 1224 3152 τε
1260 3100 1358 3153 καὶ
1379 3099 1742 3171 διαϐοήσεσιν,
1777 3099 1984 3166 ἐξαπα-

410 3191 509 3261 τᾷς
541 3193 640 3261 μὲν
663 3191 838 3256 νέους,
865 3191 1073 3256 πείθεις
1109 3193 1166 3246 δὲ
1203 3192 1485 3264 μειράκια,
1521 3193 1614 3246 καὶ
1643 3192 1752 3245 τῶν
1776 3191 1984 3263 ἀνδρῶν

410 3283 538 3345 τοὺς
572 3283 905 3354 μειρακιώδη
925 3284 1051 3353 ,τινὰ
1071 3284 1272 3357 τρόπον
1300 3285 1542 3355 ἔχοντας,
1576 3283 1863 3352 ἀπάγουσα
1887 3283 1985 3355 μὲν

411 3372 609 3438 αὐτοὺς
635 3375 744 3428 ἀπὸ
772 3375 873 3446 τῆς
916 3374 1214 3447 θρησκείας
1252 3377 1347 3430 τοῦ
1378 3377 1529 3440 ὄντος
1546 3376 1681 3431 Θεοῦ
1710 3376 1985 3446 (6⁸2),συν-

412 3463 705 3516 ιστάνουσα
746 3464 791 3517 δ’
817 3464 1148 3534 ἀγαλμάτων
1182 3465 1493 3537 πλάσματα,
1518 3461 1599 3530 οἷς
1623 3464 1866 3537 εὔχοιντο
1886 3467 1983 3520 καὶ

412 3554 787 3624 προσκυνοῖεψ
837 3552 979 3607 ὥστε
1030 3553 1490 3628 ἐξαπατηθέντας.
1529 3556 1712 3628 μένειν
1749 3557 1818 3611 τὰ
1859 3556 1982 3613 ἐπί-

410 3658 572 3715 χειρα
605 3643 714 3715 (63)
757 3644 860 3715 τῆς
895 3646 1074 3701 αὐτῶν
1122 3648 1498 3721 ἀναισθησίας.
1546 3648 1837 3704 Αίτιῶνται
1875 3649 1986 3720 γὰρ

487 3814 600 3892 (57)
624 3814 778 3885 Vulg.
792 3818 936 3885 Τοὺς
945 3819 1187 3874 ἀσεϐεῖν
1200 3820 1362 3892 ἅπαξ
1377 3822 1817 3892 τολμήσαντας.
1840 3823 1987 3879 Scri-

411 3886 647 3940 bcndum
692 3903 778 3967 est
809 3893 1186 3967 omnino_*robg
1241 3891 1285 3944 δ’
1309 3886 1572 3967 Δἀσεϐεῖν⁸
1606 3886 1990 3967 ᾂπαξξτολμή.

412 3973 634 4037 σαντας,
671 3959 764 4012 καὶ
799 3959 934 4037 μήτε
978 3960 1237 4037 δεδιέναιΣ
1254 3962 1384 4034 μήτ’
1421 3963 1854 4037 ἐγκαλύπτεσθαι
1886 3959 1986 4037 τὴν

410 4027 618 4107 ἑαυτῶν
646 4027 933 4107 ,πονηρίαν
977 4027 1394 4107 κατανοοῦντὼς,
1441 4027 1595 4107 οὐδὲν
1650 4027 1983 4107 θαυμαστὸν,

411 4097 569 4179 τοῦτο
601 4097 826 4179 λέγειν]
860 4112 919 4153 ut
956 4104 1226 4179 scribitur
1350 4104 1559 4179 optimo
1610 4097 1801 4179 codice
1849 4097 1981 4159 Fuk.

414 4171 502 4290 eri
535 4172 905 4249 .Sll|)SCf|blllll
954 4171 1083 4226 Sav.
1140 4184 1194 4226 et
1257 4171 1737 4243 Christuphorsoni
1801 4191 1988 4231 exem-

414 4253 605 4290 naria.

413 4253 497 4307 pta
508 4254 605 4292 ria.

489 4308 600 4377 (58)
638 4308 790 4378 Vulg.
816 4311 916 4365 καί
949 4312 1309 4378 ἀνεξίκακον
1340 4313 1447 4369 τοῦ
1470 4314 1640 4370 Θεοῦ.
1677 4315 1982 4370 Posteriora

415 4377 524 4458 duo
573 4377 830 4458 vocabula
875 4385 1055 4458 addita
1101 4395 1229 4458 sunt
1273 4386 1528 4458 ex_|ihro
1562 4387 1812 4458 Gruteri,
1864 4402 1986 4455 quae

412 4449 684 4527 etiainnin
721 4450 898 4506 ΜοΜὶ
940 4453 1075 4527 libro
1097 4454 1166 4508 ad
1196 4454 1492 4527 marginem
1520 4458 1755 4527 ascripta
1802 4449 1984 4527 legun-

416 4526 542 4592 tur._
579 4517 850 4592 Sed_cum
899 4537 997 4576 nec
1028 4525 1079 4576 in
1120 4526 1279 4579 codd.
1317 4517 1505 4592 "Regio
1535 4536 1592 4581 et
1638 4517 1770 4581 Fult.
1801 4517 1902 4581 nec
1930 4528 1982 4579 iu

412 4589 668 4664 editione
688 4589 948 4664 Stephani
982 4594 1251 4660 legantur,
1308 4589 1441 4650 nihil
1465 4604 1549 4650 est
1586 4599 1729 4664 quod
1765 4612 1861 4650 nos
1888 4612 1983 4651 (ιο-
2022 4601 2065 4656 D

413 4668 504 4726 gat
543 4674 607 4711 ea
656 4659 745 4712 hic
786 4659 1003 4716 addere.
1041 4666 1119 4718 Ac
1166 4659 1396 4720 fortasse
1438 4659 1787 4721 scribendum
1813 4665 1984 4721 est-rb

412 4727 733 4807 ἀνεξίκακον
772 4730 874 4807 τῆς
922 4734 1369 4807 φιλανθρωπίας,
1411 4746 1642 4790 retracta
1696 4738 1801 4791 huc
1855 4751 1984 4793 voce

413 4812 536 4882 quae
641 4804 920 4882 superiore
942 4805 1078 4882 linea
1103 4803 1317 4882 legitur.
1340 4805 1525 4882 ferro
1568 4809 1683 4882 haec
1718 4806 1983 4882 Constan-

417 4871 512 4922 tini
544 4871 836 4939 disputatio
862 4873 1103 4928 instituta
1141 4871 1272 4929 mihi
1305 4877 1514 4931 videtur
1537 4879 1799 4931 adversus
1855 4877 1983 4931 Poro

414 4940 691 5010 phyrium,
742 4956 836 4996 seu
882 4944 1144 5010 quosdam
1198 4946 1333 4999 alios
1376 4946 1693 5001 Graecorum
1738 4948 1980 5012 philoso-

414 5012 570 5085 phus,
617 5012 709 5078 qui
756 5013 807 5085 id
848 5015 1160 5069 christianis
1187 5017 1536 5082 objiciebant,
1564 5017 1705 5085 quod
1735 5020 1981 5071 dicerent

412 5080 691 5134 Christum
746 5084 814 5137 ab
834 5085 1179 5138 ‘hominibus
1240 5080 1676 5140 crucitixum'ct
1730 5101 1979 5140 neCatum

413 5152 692 5224 esse.7:_ASic
707 5158 851 5224 enim
885 5156 1406 5224 argumentabantur
1440 5161 1700 5210 adversus
1723 5158 1980 5210 christia-

413 5222 613 5301 Iitis.}5i
638 5222 1057 5301 Christus__l)eus
1096 5235 1201 5291 est,
1243 5229 1515 5301 quomodo
1550 5226 1625 5301 illi
1673 5226 1979 5301 visAall'erri

414 5294 673 5355 putuitah
705 5294 1033 5358 hominibus,
1062 5311 1185 5351 cum
1210 5308 1425 5351 constet
1455 5298 1702 5351 homines
1717 5298 1981 5354 adversus

414 5360 582 5434 Deum
613 5362 742 5434 nihil
775 5366 980 5434 posse?

483 5430 598 5503 (59)
629 5430 788 5509 Τούςί
800 5436 1186 5505 σοφωτάτους
1214 5434 1335 5491 τῶν
1369 5435 1623 5506 ἀνδρῶν.
1653 5436 1745 5493 Sic
1766 5447 1983 5509 aposto-

414 5501 506 5581 los
522 5501 678 5581 vorat
694 5501 1107 5581 Constantinus,
1121 5501 1256 5581 quos
1285 5522 1462 5561 tamen
1477 5501 1981 5581 illitteratus-atque

415 5575 694 5642 imperitos
743 5575 909 5630 fuisse
949 5575 1183 5646 constat.
1239 5579 1314 5630 Ita
1350 5593 1565 5646 quoque
1613 5580 1665 5630 in
1716 5594 1836 5646 cap.
1892 5575 1979 5642 l2,

415 5646 632 5697 eosdem
682 5648 959 5717 apostolos
1002 5644 1062 5701 εὐ
1112 5644 1426 5716 πεφυκότας
1479 5644 1742 5717 appellat,
1784 5644 1833 5701 id
1872 5660 1975 5715 est,

413 5716 693 5783 praestanti
739 5718 954 5784 ingenio
999 5721 1275 5785 praeditos.
1326 5717 1548 5772 Scilicet
1581 5719 1978 5773 Constantinus

415 5788 482 5837 de
503 5786 758 5857 apostolis
779 5802 915 5855 quos
947 5798 1227 5857 tantopere
1257 5799 1551 5842 veneratur
1584 5788 1847 5850 Ecclesia.
1878 5789 1978 5842 ho-

414 5856 640 5911 noriﬁce
667 5861 1002 5913 sentiendum
1034 5856 1157 5913 esse
1188 5858 1540 5914 existimavit.
1575 5857 1772 5915 Verum
1796 5860 1974 5915 sancti

2087 2004 2266 2045 rorem
2289 2003 2474 2043 eorum
2503 1988 2594 2057 qui
2618 1987 2789 2055 ipsam
2820 1987 3093 2042 hostiliter
3119 1987 3403 2049 invadunt,
3432 1987 3668 2043 consilio

2087 2092 2143 2139 et
2184 2083 2514 2139 celsitudine
2567 2084 2732 2138 animi
2780 2080 3057 2150 frangere.
3111 2080 3394 2136 Statuerat
3443 2080 3662 2150 quidem

2086 2175 2268 2230 divina
2316 2175 2609 2231 clementia
2640 2174 2960 2245 injustitiam
3004 2189 3035 2229 e
3082 2172 3262 2229 medio
3290 2172 3499 2238 tollere,
3550 2188 3666 2228 mo-

2086 2267 2314 2323 destiam
2345 2282 2474 2323 vero
2502 2278 2557 2323 et
2595 2268 2904 2338 aequitatem
2932 2279 3279 2337 promovere.
3314 2264 3392 2320 Ac
3422 2274 3667 2334 propter.

2085 2374 2171 2425 ea,
2202 2359 2616 2429 sapientissimis
2644 2359 2954 2414 hominibus
2992 2359 3047 2413 in
3087 2373 3253 2412 unum
3278 2358 3662 2427 congregatis.

2086 2449 2505 2520 pulcherrimam
2559 2458 2722 2518 atque
2766 2447 3117 2503 utilissimam
3178 2448 3421 2502 humano
3477 2447 3663 2519 generi

2085 2538 2387 2595 doctrinam
2419 2540 2672 2605 instituit,
2696 2537 2873 2594 utviri
2904 2538 3031 2592 boni
3084 2551 3148 2592 ac
3194 2537 3338 2592 beati
3375 2537 3667 2607 providen-

2088 2633 2217 2687 tiam
2249 2631 2417 2703 ipsius
2459 2633 2512 2686 in
2554 2631 2713 2701 hujus
2761 2632 2947 2687 mundi
2999 2630 3162 2684 rebus
3217 2628 3665 2684 administrandis

2086 2725 2497 2781 aemularentur.
2532 2723 2651 2792 Quo
2693 2723 2912 2793 quidem
2964 2720 3109 2776 bono
3163 2719 3436 2789 quodnam
3488 2717 3666 2802 majus

2088 2817 2198 2872 dici
2245 2825 2461 2886 potest,
2517 2816 2606 2870 ubi
2661 2815 2805 2870 Deus
2854 2813 3087 2883 iustitiae
3134 2810 3285 2881 leges
3336 2809 3665 2879 prmscribit,

2086 2924 2289 2980 eosque
2313 2908 2405 2980 qui
2430 2907 2677 2978 discipuli
2706 2906 2874 2977 ipsius
2904 2920 3026 2961 esse
3063 2903 3403 2967 meruerint,
3455 2892 3697 2957 similes'

2085 3001 2248 3058 efﬁcit
2278 3001 2401 3064 sibi.
2459 3008 2520 3055 ut
2550 2999 2748 3054 tradita
2772 3013 2838 3052 ac
2877 2995 3069 3052 diﬂ'usa
3107 2997 3162 3050 in
3194 3010 3383 3050 omnes
3419 2994 3622 3052 virtute
3647 3035 3665 3062 ,

2087 3094 2416 3163 sempiterna
2465 3091 2697 3148 felicitas
2724 3091 3037 3148 hominibus
3092 3089 3487 3160 comparetur?
3537 3086 3666 3144 Haec

2087 3196 2173 3242 est
2200 3186 2458 3257 prmelara
2486 3184 2713 3239 victoria
2736 3224 2751 3247 ,
2785 3183 2901 3238 haec
2929 3196 3063 3237 vera
3093 3182 3333 3250 potentia
3357 3223 3374 3249 ,
3405 3181 3509 3236 hoc
3530 3195 3668 3251 epus

2090 3279 2383 3334 maximum
2453 3279 2670 3347 Deoque
2725 3274 3340 3337 convenientissimum,
3419 3273 3664 3328 omnium

2089 3369 2302 3424 scilicet
2352 3367 2669 3437 populorum
2716 3363 2992 3422 correctio
3053 3373 3216 3431 atque
3272 3363 3340 3418 ad
3385 3363 3664 3418 meliorem

2090 3460 2302 3529 frugem
2337 3456 2643 3513 conversio.
2677 3454 2758 3511 Ac
2786 3470 2887 3509 nos
2920 3454 3140 3524 quidem
3192 3452 3357 3523 hujus
3405 3452 3666 3522 triumphi

2089 3548 2339 3619 gloriam,
2379 3562 2503 3601 cum
2541 3545 2792 3602 laudibus
2826 3554 2882 3599 et
2911 3542 3429 3605 acclamationibus,
3483 3543 3602 3607 tibi,
3633 3558 3668 3597 ο

2091 3639 2353 3693 Servator
2375 3636 2655 3702 omnium,
2688 3633 3005 3690 deferimus.
3043 3631 3125 3687 Tu
3149 3647 3279 3687 vero
3327 3632 3569 3702 improba
3601 3648 3666 3685 ac

2088 3815 2278 3871 Patres
2295 3815 2470 3886 longe
2497 3815 2657 3871 aliter
2674 3815 2742 3870 de
2767 3808 3030 3884 apostolis
3066 3814 3399 3886 loquuntur,
3416 3827 3481 3868 ac
3519 3827 3661 3886 pra:-

2088 3889 2245 3955 cipue
2273 3884 2511 3941 Joannes
2543 3886 3006 3957 Chrysostomus,
3052 3884 3159 3955 qui
3192 3884 3471 3953 apostolos
3503 3885 3667 3957 plane

2089 3954 2252 4011 rudes
2272 3967 2436 4026 atque
2467 3954 2749 4025 imperitos
2775 3956 2945 4010 fuisse
2966 3956 3201 4020 fatetur,
3237 3965 3292 4011 et
3324 3969 3390 4026 ex
3423 3969 3491 4009 eo
3527 3954 3669 4026 vali-

2089 4023 2373 4081 dissimum
2425 4023 2803 4096 argumentum
2855 4029 3023 4080 sumit
3070 4027 3137 4080 ad
3174 4023 3661 4096 cliristianm_fldei

2088 4093 2589 4157 continuationem,
2615 4099 2784 4166 quod
2828 4097 3076 4152 homines
3122 4096 3386 4150 illitterati
3420 4093 3660 4162 philoso-

2089 4172 2249 4238 phos,
2276 4168 2576 4238 vilissimiAe
2598 4165 2781 4238 Iudaea
2807 4167 3114 4238 piscatores
3171 4168 3446 4238 liomanos
3478 4179 3658 4238 rerum

2090 4232 2340 4293 dominos
2399 4241 2468 4291 ad
2513 4235 2774 4291 Crucillsi
2807 4232 3037 4290 icultum
3076 4236 3467 4309 pertraxerint.
3512 4232 3659 4309 Idem

2092 4311 2288 4376 repetit
2337 4308 2733 4364 Constantinus
2763 4310 2816 4361 in
2847 4309 3023 4376 capite
3064 4304 3274 4362 decimo
3315 4306 3530 4375 quinto,
3559 4304 3662 4358 ini-

2093 4380 2187 4433 tio.

2161 4448 2273 4520 (60)
2324 4448 2502 4520 Vulg.“
2532 4444 2819 4520 ζηλοῦσα.
2866 4447 3109 4503 Positum
3153 4447 3370 4520 videtur
3398 4445 3502 4520 hoc
3541 4459 3664 4520 ver-7

2090 4516 2219 4575 bum
2242 4516 2338 4588 pro
2365 4516 2889 4590 ζηλῶσαιᾲποιοῦσα.
2917 4520 3122 4573 Sensus
3153 4527 3334 4590 autem
3360 4517 3521 4590 hujus
3557 4516 3658 4590 loci

2090 4592 2195 4659 peti
2225 4586 2385 4645 debet
2407 4586 2489 4659 ex,
2509 4588 2674 4657 capit.
2704 4589 2794 4659 ts.
2826 4590 2916 4643 ubi
2946 4588 3339 4659 Constantinus
3375 4586 3448 4640 ita
3464 4587 3661 4659 loqui-

2089 4655 2177 4729 iur
2202 4679 2215 4716 :
2241 4661 2315 4714 Τὸ
2338 4661 2395 4714 δὲ
2428 4658 2525 4729 τῆς
2554 4655 2962 4729 φιλανθρωπίας
2998 4655 3294 4729 ἐξαίρετον.
3316 4658 3383 4729 λὲν
3420 4655 3500 4727 τῷ
3536 4658 3665 4729 τοὺς

2089 4675 2215 4716 tur:
2242 4675 2315 4714 't'o
2338 4675 2395 4714 οε
2428 4676 2525 4729 της
2554 4675 2743 4726 φιλανθ
2784 4675 2962 4723 ωπιας
2998 4675 3114 4723 εςαι
3156 4675 3294 4712 ετον.
3324 4675 3383 4710 εν
3420 4675 3500 4727 τῳ
3536 4675 3661 4720 τους

2085 4727 2489 4802 εὖίπεφυκότας
2529 4730 2642 4802 τῶν
2665 4677 3001 4802 μὰνξρώπων,
3054 4675 3208 4802 θεειυΔ
3243 4727 3344 4802 καὶ-
3388 4727 3661 4802 μακαρίου

2084 4799 2332 4873 ζηλωτὰς
2355 4800 2581 4871 ποιῆσαι
2622 4800 2758 4871 βίου.
2786 4799 2852 4855 Hi
2884 4800 3174 4873 eunucho
3198 4799 3300 4853 loci
3322 4799 3659 4873 lucent__Sibt

2084 4867 2270 4928 mutuo
2299 4867 2634 4927 fenera'utur.
2680 4873 2738 4924 ln
2771 4872 2928 4926 codd.
2964 4867 3372 4932 Fuk.,Turnehi
3410 4884 3475 4923 ac
3503 4869 3663 4923 Savi-

2083 4942 2164 5008 lii,
2192 4943 2448 4999 scribitur
2476 4938 2740 5008 ζηλῶσαι,
2768 4956 2870 4994 non
2904 4939 3163 5008 ζηλοῦσα.

2153 5015 2264 5088 (6|)
2288 5013 2372 5067 Σὺ
2397 5010 2537 5088 δ’,ὧ
2557 5009 2805 5088 πονηροί.
2834 5013 2916 5088 Ab
2952 5011 3038 5088 his
3060 5010 3239 5088 verbis
3269 5023 3468 5088 novum
3499 5018 3662 5088 caput:

2084 5080 2371 5142 inchoatur
2395 5086 2449 5137 in
2477 5085 2718 5140 editione
2758 5083 2897 5136 Rob.
2949 5080 3213 5149 Stephani
3267 5092 3324 5134 et
3370 5081 3424 5133 in
3472 5080 3660 5149 codice

2082 5157 2275 5226 Regio,
2319 5154 2623 5226 inquibus
2664 5154 2781 5207 haec
2823 5152 2987 5226 verba
3026 5147 3241 5226 modico
3292 5147 3586 5226 intervallo
3626 5166 3654 5200 a

2083 5219 2513 5296 prie-edentibus
2536 5234 2888 5296 separantur.
2922 5222 2978 5274 In
3016 5223 3441 5296 optiino__ta_mei_i
3464 5219 3660 5273 codice

2079 5291 2223 5353 Fult.
2253 5307 2309 5349 et
2335 5295 2389 5348 in
2417 5291 2632 5349 schedis
2660 5294 2803 5345 nulla
2830 5292 2919 5347 hic
2949 5300 3172 5346 notatur
3199 5291 3495 5345 distinctio.

2153 5365 2410 5439 (62)“1'013
2435 5365 2610 5429 ὄντος
2636 5364 2807 5439 Θεοῦ.
2840 5361 3023 5439 Malim
3049 5363 3306 5439 scribere
3325 5356 3657 5439 adverbiali-

2086 5428 2171 5494 ter
2196 5428 2292 5492 τοῦ
2314 5437 2502 5500 ὅντως.
2531 5428 2708 5504 Atque
2732 5437 2805 5487 ita
2840 5435 3004 5503 plane
3049 5432 3103 5486 in
3136 5433 3321 5487 codice
3350 5428 3486 5485 Euk.
3516 5430 3661 5482 scri-

2083 5520 2233 5581 ptum
2248 5509 2465 5581 inveni.

2155 5578 2266 5650 (65)
2296 5576 2515 5650 Μέκειν
2537 5575 2611 5629 τὰ
2632 5574 2923 5643 ἐπίχειρα.
2960 5571 3073 5627 Hoc
3102 5571 3223 5650 loco
3244 5568 3439 5650 ,μένειν
3484 5568 3657 5624 sumi-

2085 5642 2174 5704 tur
2202 5642 2261 5703 ut
2285 5647 2426 5717 apud
2447 5647 2671 5717 Latinos
2694 5642 2892 5706 manet,
2916 5653 3124 5717 ut__cum
3152 5642 3371 5702 dicitur,
3400 5650 3450 5691 te
3482 5652 3656 5717 ειαηιι

2080 5709 2368 5787 εαρίιοιίιὶα
2415 5716 2674 5785 palmata,
2705 5717 2755 5768 id
2799 5725 2903 5787 est,
2958 5714 3053 5787 tibi
3090 5719 3278 5787 parata
3319 5719 3424 5787 est.
3479 5709 3656 5787 Graeci

2081 5780 2270 5845 eodem
2301 5780 2459 5842 modo
2480 5793 2701 5839 sumunt
2723 5786 2949 5839 verbum
2984 5781 3187 5853 μένειν.
3209 5781 3311 5853 _Sic
3342 5783 3410 5853 in_
3426 5780 3655 5853 epistula

2083 5860 2390 5916 Constantii
2417 5858 2482 5913 ad
2511 5857 2932 5911 Alexandrinos.
2956 5848 3111 5923 quam
3138 5848 3657 5907 refertAthanasius
