4176 6378
574 385 716 444 ίείθὸ

1279 383 1548 440 EUSEBH
1587 383 2066 439 CA‘ISARIENSIS
2105 382 2253 439 OPP.
2297 382 2480 438 PARS
2519 385 2558 437 l.
2589 412 2654 422 —
2694 382 3086 440 HISTORICA.

3692 387 3831 444 1264

581 505 890 563 ietestanda
937 502 1297 574 blasphemia,
1341 517 1462 572 quae
1525 502 1828 557 mendaciis
1895 511 1950 558 et
2000 502 2118 556 fam:

2247 501 2337 553 τὸν
2371 501 2478 553 τῶν
2529 499 2750 568 ἀγαθῶν
2796 501 3084 572 παραίτιον
3124 500 3360 566 πάντων,
3409 502 3664 572 Χριστὸν,
3696 504 3830 560 Θεόν

581 595 1022 666 pervulgatisque
1049 592 1387 649 sermonibus
1428 592 1608 646 eﬂ‘erri
1638 603 1693 647 et
1723 593 1947 663 gloriari
1975 593 2144 658 soles,

570 697 649 752 tu,
678 688 923 756 inquam,
968 685 1198 754 juvenes
1227 685 1476 756 decipis;
1507 684 1880 741 adolescentes
1908 695 1963 741 et
1999 688 2146 741 viros

571 783 661 850 qui
711 782 898 851 puerili
949 783 1182 850 quodam
1219 781 1435 848 ingenio
1485 780 1694 849 praediti
1739 791 1887 846 sunt,
1942 781 2138 836 blanda

566 875 922 944 persuasione
973 873 1024 927 in
1070 871 1318 928 fraudem
1370 872 1620 938 inducis,
1657 887 1687 926 a
1721 874 1836 927 veri
1890 873 2140 928 Numinis

564 968 713 1025 cultu
745 983 839 1023 eos
861 967 1158 1032 abducens,
1193 975 1248 1022 et
1277 966 1572 1022 simulacra
1612 968 1952 1023 constituens
1972 1009 1988 1034 ,
2017 982 2137 1037 quae

568 1059 819 1125 adorent,
839 1068 896 1114 et
919 1059 1112 1128 quibus
1136 1074 1325 1128 preces
1345 1059 1581 1129 allegent
1603 1077 1616 1114 :
1635 1060 1770 1115 adeo
1803 1069 1858 1114 ut
1903 1061 2136 1131 decepti,

565 1152 931 1222 suaeipsorum
953 1151 1215 1206 vecordiae
1232 1151 1532 1205 mercedem
1554 1151 1840 1220 recipiant.
1863 1151 2138 1206 Christum

563 1245 706 1298 enim
733 1243 972 1298 omnium
1000 1243 1266 1298 bonorum
1310 1251 1582 1296 auctorem
1606 1282 1622 1306 ,
1671 1244 1763 1312 qui
1795 1252 1850 1298 et
1886 1244 2028 1298 Deus
2056 1251 2138 1297 est

561 1344 617 1389 et
670 1335 759 1389 Dei
812 1333 1002 1396 Filius,
1070 1333 1508 1388 calumniantur.
1557 1333 2014 1404 Annoo,qnaaso,
2047 1334 2135 1389 hie

560 1425 722 1496 581
752 1427 892 1480 Deus
919 1439 950 1477 a
986 1423 1401 1479 modestissimis
1437 1439 1501 1480 ae
1556 1425 1969 1494 sapientissimis
1997 1439 2132 1496 gen-

561 1518 706 1572 tibus
727 1532 789 1571 ae
810 1513 1017 1585 populis
1033 1513 1155 1582 jure
1179 1513 1371 1568 merito
1394 1513 1634 1569 colitur?
1656 1515 1748 1583 qui
1777 1531 1898 1569 cum
1915 1531 2131 1570 omnem

558 1609 854 1679 potentiam
909 1615 1098 1661 nactus
1126 1607 1216 1670 sit,
1251 1606 1512 1674 propositi
1550 1605 1632 1661 sui
1670 1621 1893 1677 semper
1945 1617 2128 1674 tenax,

559 1701 626 1756 de
653 1700 815 1754 insita
851 1699 952 1754 sibi
985 1698 1274 1752 clementia
1310 1697 1443 1751 nihil
1484 1698 1777 1755 imminuit.
1818 1699 1981 1755 Abite
2034 1701 2132 1770 igi-

558 1788 825 1861 tur,impii
850 1789 924 1859 (id
949 1787 1092 1841 enim
1125 1785 1278 1840 vobis
1329 1787 1482 1853 licet,
1518 1790 1960 1860 quandoquidem
2009 1806 2126 1845 sce-

557 1882 656 1936 leri
689 1893 868 1937 vestro
924 1881 1066 1935 nulla
1101 1896 1242 1936 nunc
1288 1883 1790 1953 paenairrogatur);
1834 1885 2004 1949 abite,
2046 1885 2130 1938 in-
2166 1865 2206 1919 Β

556 1989 740 2043 quam,
770 1976 839 2029 ad
867 1977 1209 2033 victimarum
1238 1978 1411 2033 caedes
1432 1986 1488 2033 et
1517 1976 1766 2032 convivia
1796 2017 1812 2042 ,
1848 1976 2128 2046 festosque

552 2063 668 2120 dies
698 2075 753 2120 et
781 2067 1210 2136 compotationes
1239 2069 1322 2122 :in
1373 2067 1574 2137 quibus
1631 2068 1917 2140 religionis
1948 2070 2128 2140 Specie

552 2155 915 2226 voluptatibus
945 2169 998 2213 et
1029 2158 1471 2229 intemperantiae
1507 2159 1818 2230 indulgetis.
1853 2161 1921 2217 Et
1965 2177 2124 2218 sacra

550 2247 766 2316 quidem
798 2264 826 2303 a
857 2249 1011 2304 vobis
1032 2249 1300 2306 celebrari
1329 2250 1601 2306 simulatis
1630 2272 1642 2306 :
1678 2267 1740 2307 re
1791 2262 1971 2308 autem
1997 2270 2124 2310 vera

551 2337 798 2394 libidines
814 2351 1025 2396 vestras
1042 2341 1290 2411 expletis.
1313 2341 1500 2412 Neque
1522 2343 1664 2397 enim
1684 2344 1978 2413 quidquam
1998 2344 2124 2399 boni

551 2432 755 2496 nostis,
787 2447 851 2486 ac
885 2448 952 2487 ne
988 2434 1221 2502 primum
1279 2435 1494 2502 quidem
1541 2436 1740 2488 summi
1774 2435 1867 2490 Dei
1905 2438 2125 2490 manda-

550 2532 661 2575 tum
697 2540 712 2577 :
742 2523 832 2592 qui
865 2533 920 2578 et
953 2525 1190 2580 humano
1219 2525 1403 2596 generi
1448 2525 1592 2596 leges
1618 2527 1839 2582 vivendi
1869 2529 2124 2596 przescri-

547 2612 647 2677 bit,
677 2613 920 2686 Filioque
947 2616 999 2670 in
1034 2617 1303 2671 mandatis
1330 2617 1500 2682 dedit,
1532 2625 1592 2672 ut
1627 2617 1791 2671 vitam
1842 2618 2122 2673 hominum

549 2722 834 2778 moresque
877 2708 1140 2762 formaret
1173 2727 1186 2762 :
1219 2722 1327 2778 quo
1368 2708 1622 2764 videlicet
1667 2708 1722 2762 lii
1752 2710 1845 2779 qui
1878 2721 2030 2765 reete
2059 2727 2123 2766 ac

551 2798 791 2851 modeste
816 2798 1076 2860 vixerint,
1103 2799 1331 2854 alteram
1369 2801 1536 2872 vitam
1569 2801 1783 2854 beatam
1814 2815 1877 2856 ac
1904 2799 2118 2856 felicem

549 2887 670 2942 Filii
725 2890 805 2943 sui
847 2889 1054 2959 judicio
1089 2901 1515 2960 consequantur.
1567 2890 1802 2959 Exposui
1841 2892 2119 2947 decretum

547 2979 640 3034 Dei
690 2979 756 3033 de
793 2979 1066 3035 hominum
1097 2981 1206 3035 vita
1226 3021 1242 3045 ,
1272 2981 1435 3050 idque
1465 2996 1570 3034 non
1596 2981 1938 3049 ignoratione
1965 2984 2117 3035 aber—

546 3085 672 3124 rans
701 3080 760 3125 ut
787 3072 966 3137 multi,
1026 3086 1125 3126 nec
1157 3071 1408 3141 opinione
1437 3081 1530 3125 aut
1552 3071 1866 3140 conjectura
1900 3071 2116 3125 ductus.

544 3162 650 3216 Sed
686 3162 915 3219 fortasse
943 3164 1143 3218 dixe-rit
1170 3162 1396 3233 aliquis:
1441 3162 1721 3219 Undenam
1755 3164 1868 3218 haec
1896 3163 1987 3217 lilii
2019 3178 2118 3233 ap-

541 3255 780 3323 pellatio,
813 3266 908 3310 aut
931 3269 1050 3327 qua:
1077 3257 1218 3312 ratio
1247 3255 1505 3329 gignendi
1535 3297 1548 3320 ,
1586 3254 1852 3324 siquidem
1881 3271 2023 3310 unus
2053 3272 2118 3310 ac

539 3349 688 3404 solus
715 3358 799 3404 est
828 3350 990 3413 Deus,
1030 3349 1282 3418 idemque
1311 3350 1378 3403 ab
1401 3349 1550 3403 omni
1612 3347 1994 3403 commistione
2058 3359 2114 3403 et

539 3443 686 3496 coitu
722 3457 944 3512 prorsas
972 3441 1218 3497 alienus?
1249 3441 1540 3496 Sciendum
1575 3455 1707 3497 vero
1739 3452 1823 3494 est
1847 3439 2114 3508 duplicem

539 3549 658 3590 esse
697 3535 948 3604 gignendi
1002 3535 1322 3589 rationem:
1381 3533 1611 3588 alteram
1663 3545 1729 3585 ex
1784 3541 1939 3601 partu
1995 3549 2117 3602 qua:

537 3625 792 3681 omnibus
824 3632 952 3682 nota
984 3633 1068 3680 est
1101 3641 1114 3677 :
1155 3624 1383 3679 alteram
1419 3637 1487 3678 ex
1539 3636 1706 3678 causa
1759 3622 2111 3692 sempiterna.

538 3802 595 3871 i_n
630 3800 965 3871 Apologctico
1008 3802 1076 3854 ad
1121 3802 1492 3864 imperatorem
1519 3800 1888 3856 Constantium
1919 3815 1939 3854 :
1972 3802 2112 3856 Ἀλλ’

534 3868 872 3944 ἦνᾼγενναίος
898 3873 992 3926 καὶ
1023 3871 1296 3943 λαμπρὸς,
1316 3871 1436 3944 οὐδὲ
1464 3873 1644 3942 κρίσιν
1661 3873 1844 3944 ἔμεινε
1870 3875 1990 3925 κατ’
2016 3875 2113 3927 αύ-

535 3941 650 3996 τοῦ.
685 3941 888 3997 Tamen
912 3944 1012 3996 viri
1042 3941 1195 3997 decti‘
1217 3957 1280 3994 ex
1321 3942 1434 3994 suis
1461 3941 1737 3998 cedicibus
1758 3941 1871 4008 jam
1904 3945 2109 4011 pridem

535 4013 894 4083 emendarunt
935 4012 1244 4083 ἀναμένειν,
1278 4025 1438 4083 quam
1485 4013 1918 4083 emendationem
1960 4015 2013 4067 in
2051 4015 2111 4067 li-

533 4083 650 4137 bris
673 4079 835 4136 eti'am
856 4079 1092 4137 'l‘uroebi
1119 4097 1182 4136 ac
1209 4082 1392 4135 Savilii
1425 4085 1621 4152 reperi.
1647 4083 1829 4138 Codex
1858 4081 2110 4138 Fuketia-

536 4168 638 4206 nus
666 4153 832 4206 habet
856 4153 1186 4206 ἀναϐαίνειν.

605 4222 715 4294 (64)
759 4222 901 4292 Ἐγὼ
943 4223 1058 4292 μὲν
1102 4221 1215 4279 οὖν
1245 4224 1312 4280 τὸ
1348 4223 1458 4278 τοῦ
1504 4223 1652 4277 Θεοῦ
1687 4223 1896 4292 δόγμα.
1937 4221 2105 4279 Intel-

531 4293 649 4363 ligit
681 4295 954 4348 demetam
987 4294 1083 4348 Dei
1110 4297 1177 4348 de
1212 4296 1446 4350 hominis
1489 4295 1877 4362 assumptione,
1909 4307 2004 4348 seu
2041 4297 2106 4348 de

531 4364 923 4425 lncarnatione,
978 4379 1078 4434 per
1128 4378 1290 4434 quam
1347 4363 1622 4420 hominum
1676 4365 1815 4434 vita,
1855 4377 2101 4430 reparata

531 4443 632 4488 est.
684 4435 921 4504 Apparet
975 4433 1154 4504 igitur
1189 4436 1364 4504 capita
1422 4443 1571 4488 recte
1617 4449 1644 4486 a
1690 4433 1850 4486 nobis
1897 4437 2101 4502 digesta

529 4518 668 4557 esse.
712 4503 826 4558 Nisi
861 4507 980 4574 quis
1014 4503 1341 4574 fortassead
1377 4507 1490 4560 hrec
1531 4518 1702 4572 usque
1747 4504 1907 4574 verba
1941 4515 2101 4574 caput

529 4575 598 4627 19
621 4573 909 4644 extendere
941 4573 1190 4641 voluerit,
1220 4578 1360 4644 quod
1391 4576 1560 4644 libens
1589 4573 1972 4644 congesserint.

597 4643 969 4714 (675)Vl!lg.(bc
982 4642 1375 4713 ἐκείνῳςαίλος
1406 4642 1674 4714 ὑπάρχεις
1705 4642 1840 4699 Rob.
1865 4642 2093 4712 Stepha-

526 4728 630 4767 nus
652 4713 706 4766 in
743 4717 908 4769 variis
938 4717 1284 4778 lectionibus,
1318 4731 1458 4784 quas
1490 4717 1557 4767 ad
1598 4713 1801 4767 calcem
1833 4714 2091 4767 editionis

523 4799 641 4836 aute
663 4784 960 4850 adnotavit,
985 4797 1168 4838 monet
1194 4783 1535 4840 huncilocnm
1572 4783 1624 4836 in
1659 4784 1976 4851 quibusdam
2001 4798 2097 4836 co-

529 4853 736 4926 dicibus
777 4855 849 4906 ita
885 4854 1082 4922 legi,6;
1114 4855 1307 4925 ἐκείνῳ
1331 4856 1481 4926 φίλος
1511 4853 1765 4926 ὑπάρχει.
1818 4855 1959 4926 Quae
1979 4855 2094 4907 sine

527 4923 692 4974 dubio
731 4938 863 4992 vera
902 4926 1169 4992 scriptura
1216 4923 1317 4980 est.
1344 4923 1447 4979 ’Ait
1486 4928 1628 4978 enim
1680 4923 2092 4986 Constantinus,

528 4991 791 5046 naturalis
853 4991 1064 5061 quidem
1124 4997 1491 5062 generationis
1558 4995 1776 5046 modum
1842 4995 2093 5046 omnibus

524 5073 710 5116 notum
763 5078 921 5116 esse:
957 5067 1318 5131 generationis
1357 5077 1537 5119 autem
1576 5065 1770 5117 divinae
1821 5063 2090 5115 rationem

524 5147 726 5202 paucos
757 5134 1045 5187 admodum
1081 5151 1428 5201 cognoscere,
1477 5150 1613 5202 quos
1656 5133 1796 5186 Deus
1831 5134 2091 5202 peculiari

528 5205 899 5256 benevolentia
969 5217 1289 5270 prosecutus
1346 5205 1527 5259 fuerit.
1577 5203 1737 5257 Certe
1788 5203 1840 5254 in
1909 5205 2094 5256 codice

522 5273 693 5342 Hegio
724 5273 919 5340 legitur
952 5272 1122 5341 φίλος.
1163 5273 1218 5325 In
1267 5277 1481 5328 schedis
1514 5283 1692 5327 autem
1739 5273 1994 5325 scribitur
2037 5273 2095 5334 ὃς

519 5344 741 5397 ἐκείνων
770 5342 941 5412 φίλος.
975 5342 1078 5396 Sed
1130 5345 1286 5398 codd.
1327 5345 1484 5407 Fnk.,
1526 5342 1762 5397 Turnebi
1795 5358 1856 5396 ac
1885 5342 2092 5405 Savilii,

521 5428 705 5466 veram
743 5413 1022 5467 lectionem
1054 5415 1327 5468 exhibent.

591 5485 701 5556 (66)
745 5483 893 5554 Vulg.
948 5483 1064 5556 τὴν
1119 5485 1313 5536 αἰτίαν
1359 5481 1558 5537 αὐτῶν
1608 5479 1715 5549 τῆς
1770 5483 2090 5549 σωτηρίας.

520 5552 659 5608 Malo
684 5552 917 5609 consilio
951 5553 1293 5608 Genevenses
1327 5557 1460 5606 duas
1511 5564 1811 5621 postremas
1845 5569 2002 5606 voces
2039 5558 2093 5605 in

521 5633 723 5676 textum
772 5626 1128 5687 admiserunt,
1159 5640 1225 5677 ex
1264 5623 1574 5690 conjectura
1612 5622 1889 5690 Scaligeri,
1927 5631 1984 5676 nt
2029 5622 2095 5676 ad

521 5697 813 5761 marginem
863 5696 1162 5747 adnotatur.
1192 5695 1294 5747 Sed
1323 5709 1416 5747 eas
1477 5692 1794 5759 rejiciendas
1820 5708 1937 5746 esse
1965 5695 2095 5746 satis

517 5774 756 5828 apparet.
776 5763 902 5815 Nam
918 5775 970 5816 et
993 5779 1208 5817 sensum
1232 5780 1444 5816 omnem
1464 5764 1619 5828 hujus
1638 5762 1737 5815 loci
1757 5763 2093 5830 perturbant,

518 5843 571 5883 et
604 5835 654 5884 in
684 5835 898 5901 scriptis
929 5834 1202 5889 codicibus
1235 5851 1338 5889 non
1371 5833 1642 5901 leguntur.

2144 3221 2186 3278 C

2245 611 2304 646 τε
2335 594 2429 645 καὶ
2461 591 2595 645 Θεοῦ
2632 593 2816 646 παῖδα.
2844 588 2971 664 Ἆρ’
2991 587 3083 647 οὖν
3108 593 3206 663 οὐχ
3229 593 3334 646 ὑπὸ
3361 596 3827 665 σωφρονεστάτων

2245 682 2414 735 ἐθνῶν
2444 701 2503 734 τε
2534 681 2628 735 καὶ
2661 682 2846 753 δήμων
2884 676 3038 748 οὗτος
3065 687 3094 738 6
3124 684 3256 748 Θεὸς
3285 684 3545 749 καταξίαν
3577 686 3827 754 σέϐεται;

2247 774 2511 837 Παντοίας
2556 774 2654 844 μὲν
2689 773 2968 844 δυνάμεως
3004 775 3424 846 ἐπειλημμένος,
3481 775 3644 840 αὐτὸς
3675 777 3719 830 δ’
3769 780 3827 829 ἐν

2241 867 2308 934 τῇ
2339 865 2514 935 οἰκείᾳ
2548 864 2866 936 προαιρέσει
2915 864 3112 934 μένων,
3148 866 3420 919 οὺδοτιοῦν
3453 866 3554 935 τῆς
3582 867 3824 938 ἐμφύτου

2243 955 2649 1025 φιλανθρωπίας
2672 954 3160 1025 ἐμείωσεν.’Δπιτε
3185 955 3270 1026 δὴ,
3293 957 3590 1022 δυσσεϐεῖς,
3615 960 3825 1028 ἐφεῖται

2241 1050 2349 1122 γὰρ
2377 1050 2504 1119 ὑμῖν
2525 1048 2613 1102 aia
2650 1049 2749 1120 τὴν
2773 1047 3118 1118 ἀτιμώρητον
3151 1047 3446 1118 ἁμαρτίαν,
3481 1049 3573 1102 ἐπὶ
3593 1049 3692 1112 τάς
3715 1052 3822 1104 τῶν

2243 1142 2454 1212 ἱερείων
2500 1141 2734 1210 σφαγὰς,
2767 1140 2948 1203 θοίνας
2987 1157 3046 1193 τε
3096 1142 3190 1194 καὶ
3230 1141 3426 1211 ἑορτὰς
3468 1142 3561 1195 καὶ
3609 1143 3779 1213 μέθας
3805 1163 3817 1174 ·

2240 1234 2691 1305 προσποιούμενοι
2721 1235 2818 1304 μὲν
2841 1233 3161 1305 θρησκείαν,
3188 1234 3607 1306 ἐπιτηδεύοντες
3627 1236 3684 1288 δὲ
3708 1237 3822 1307 ἡδο-

2237 1327 2334 1390 νάς
2379 1328 2472 1380 καὶ
2505 1326 2829 1389 ἀκολασίας·
2877 1327 2970 1380 καὶ
2999 1325 3192 1390 θυσίας
3228 1327 3328 1397 μὲν
3372 1327 3642 1382 ἐπιτελεῖν
3689 1346 3823 1402 σκη-

2236 1420 2514 1490 πτόμενοι,
2545 1423 2664 1482 ταῖς
2691 1419 2738 1472 θ’
2773 1419 2952 1472 αὐτῶν
2987 1419 3200 1490 ἡδοναῖς
3225 1419 3584 1484 δουλεύοντες.
3609 1421 3684 1476 Οὐ
3712 1421 3820 1494 γὰρ

2236 1515 2348 1567 ἴστε
2386 1512 2588 1582 ἀγαθὸν
2623 1513 2799 1577 οὐδὲν,
2826 1513 2945 1566 οὐδὲ
2973 1511 3030 1564 τὸ
3059 1512 3274 1584 πρῶτον
3294 1512 3385 1566 τοῦ
3413 1514 3650 1585 μεγάλου
3683 1513 3818 1568 Θεοῦ

2235 1605 2580 1676 πρόσταγμα,
2604 1604 2982 1668 διατάσσοντός
3002 1621 3061 1656 τε
3084 1605 3160 1676 τῷ
3183 1605 3292 1657 τῶν
3317 1605 3620 1678 ἀνθρώπων
3647 1607 3815 1675 γένει,

2233 1698 2327 1751 καὶ
2361 1699 2784 1769 ὲπισκήπτοντος
2811 1697 2888 1768 τῷ
2921 1698 3098 1760 Ila-:61,
3124 1697 3212 1750 τὸν
3237 1699 3440 1752 τούτων
3465 1699 3822 1773 διακυϐερνᾷν

2235 1789 2366 1859 βίον,
2400 1791 2550 1854 ὅπως
2576 1792 2626 1844 οἱ
2652 1790 2841 1855 δεξιῶς
2874 1791 2968 1844 καὶ
2997 1791 3290 1861 σωφρόνως
3326 1790 3642 1862 βιώσαντες,
3678 1792 3822 1847 κατά

2235 1883 2333 1952 τὴν
2360 1882 2452 1934 τοῦ
2482 1882 2677 1946 Παιδὸς
2705 1881 2902 1954 κρίσιν,
2925 1882 3175 1954 δεύτερον
3203 1883 3315 1953 βίον
3341 1885 3611 1956 μακάριόν
3639 1903 3698 1938 τε
3722 1888 3819 1940 καὶ

2236 1970 2526 2042 εὐδαίμονα
2570 1971 2930 2042 λαγχάνωσιν.
2984 1972 3124 2041 Ἐγὼ
3175 1974 3272 2044 μὲν
3309 1970 3402 2028 οὖν
3449 1976 3510 2029 τὸ
3549 1977 3644 2030 τοῦ
3679 1977 3816 2030 Θεοῦ

2234 2062 2408 2132 δόγμα
2437 2062 2545 2133 (64)
2593 2063 2716 2134 περὶ
2764 2064 2864 2133 τῆς
2893 2063 3000 2116 τῶν
3055 2063 3359 2136 ἀνθρώπων
3397 2064 3636 2134 βιώσεως
3684 2068 3818 2133 διεξ-

2233 2152 2416 2223 ῆλθον,
2477 2153 2536 2206 ού
2587 2154 2693 2223 μὴν
2723 2153 2953 2222 ἀγνοῶν,
2983 2146 3236 2225 καθάπερ
3278 2157 3326 2207 οἰ
3359 2155 3563 2218 πολλοὶ,
3598 2158 3718 2210 οὐδὲ
3755 2160 3814 2224 ἐξ

2233 2245 2500 2310 εἰκασίας,
2529 2246 2650 2299 οὐδὲ
2679 2245 3006 2316 στοχασμοῦ.
3043 2246 3196 2315 Τάχα
3226 2247 3271 2298 δ’
3298 2245 3365 2299 άν
3402 2264 3486 2311 τις
3512 2246 3679 2300 εἴποι·
3705 2247 3811 2304 Πό-

2233 2338 2322 2391 θεν
2352 2340 2385 2409 ἡ
2418 2337 2757 2409 προσηγορία
2782 2337 2876 2391 τοῦ
2906 2337 3115 2401 παιδὸς,
3149 2337 3277 2391 ποία
3303 2338 3358 2390 δὲ
3393 2340 3624 2407 γένεσις,
3655 2342 3811 2415 εἴπερ

2235 2423 2314 2492 εἷς
2350 2429 2511 2499 μόνος
2543 2427 2618 2480 ῶν
2649 2428 2781 2492 Θεὸς
2812 2428 3088 2499 τυγχάνει,
3119 2428 3301 2502 πάσης
3339 2431 3394 2483 δὲ
3435 2431 3631 2502 μίξεως
3655 2425 3810 2500 οὗτός

2231 2524 2376 2575 ἐστιν
2404 2521 2705 2593 ἀλλότριος;
2738 2521 2897 2575 Ἀλλά
2927 2523 3026 2594 τὴν
3066 2522 3278 2592 γένεσιν
3308 2523 3502 2595 διπλῆν
3532 2542 3652 2578 τινα
3675 2529 3812 2579 νοεῖ-

2233 2611 2354 2664 σθαι
2380 2613 2503 2684 χρή’
2541 2614 2638 2683 τὴν
2669 2613 2766 2684 μὲν
2793 2613 2852 2677 ἐξ
2889 2614 3264 2684 ἀποκυήσεως.
3300 2616 3396 2687 τὴν
3433 2620 3810 2689 συνεγνωσμέ-

2229 2719 2325 2764 νην
2357 2703 2577 2774 ταύτην,
2622 2703 2811 2776 ἑτέραν
2846 2703 2902 2756 δὲ
2942 2705 3040 2775 τὴν
3084 2703 3142 2769 ἐξ
3175 2704 3349 2757 ἀϊδίου
3387 2706 3585 2771 αἰτίας,
3615 2703 3682 2777 ἦς
3715 2708 3808 2761 τὸν

2229 2793 2384 2861 λόγον
2415 2793 2549 2847 Θεοῦ
2599 2795 2822 2865 πρόνοια
2868 2793 3078 2858 θεᾶται,
3126 2795 3221 2849 καὶ
3267 2795 3474 2866 ἀνδρῶν
3517 2797 3576 2859 ὃς
3613 2799 3806 2870 ἐκείνῳ

2230 2886 2380 2954 φίλος
2411 2885 2644 2956 ὑπάρχει
2679 2885 2814 2955 (65)·
2859 2885 3019 2954 σοφὸς
3065 2887 3174 2958 γάρ
3215 2904 3296 2950 τις
3348 2885 3445 2958 τὴν
3498 2887 3675 2939 αἰτίαν
3702 2888 3806 2958 τῆς

2227 2977 2332 3030 τῶν
2358 2978 2492 3031 ὅλων
2524 2977 2932 3048 διακοσμήσεως
2957 2976 3182 3031 εἴσεται.
3213 2978 3411 3040 Ὀντος
3451 2978 3628 3030 τοίνυν
3654 2980 3804 3032 ἀναι-

2225 3071 2342 3124 τίου
2385 3071 2630 3143 μηδενὸς,
2681 3071 3054 3142 προῠπάρχειν
3097 3070 3205 3124 τῶν
3247 3070 3433 3136 ὄντων,
3478 3071 3576 3142 τὴν
3624 3074 3804 3126 αἰτίαν

2226 3164 2401 3216 αὐτῶν
2437 3162 2544 3234 (66)
2580 3163 2812 3234 ἀνάγκη.
2849 3163 3038 3226 Ὀντος
3067 3163 3175 3234 ἄρα
3221 3162 3427 3233 κόσμου
3465 3165 3560 3216 καὶ
3591 3163 3700 3218 τῶν
3741 3166 3800 3217 ὲν

2220 3256 2386 3327 αὐτῷ,
2420 3255 2585 3326 οὔσης
2621 3273 2684 3309 τε
2724 3256 2900 3309 αὐτῶν
2947 3257 3240 3329 σωτηρίας,
3280 3257 3370 3310 τὸν
3417 3257 3644 3329 Σωτῆρα
3691 3255 3801 3309 τῶν

2218 3347 2382 3402 ὅντων
2426 3349 2800 3421 προῦπάρχειν
2834 3349 3047 3422 ἀνάγκη
3070 3365 3085 3378 ·
3116 3349 3192 3413 ὡς
3235 3345 3376 3402 εἶναι
3409 3349 3498 3402 τὸν
3535 3350 3632 3419 μὲν
3665 3351 3800 3421 Χρι-

2219 3440 2362 3503 στὸν,
2397 3441 2496 3511 τῆς
2544 3441 2816 3513 σωτηρίας
2875 3442 3074 3504 αἰτίαν,
3117 3442 3216 3513 τὴν
3264 3442 3321 3495 δὲ
3364 3442 3638 3514 σωτηρίαν
3688 3443 3799 3496 τῶν

2215 3529 2382 3582 ὄντων
2399 3530 2458 3582 τὸ
2475 3530 2715 3584 αἰτιατόν
2739 3529 2869 3599 (67)·
2906 3529 3152 3600 καθάπερ
3180 3531 3326 3584 αἰτία
3352 3531 3449 3602 μὲν
3463 3531 3591 3584 Υἰοῦ
3620 3533 3648 3584 6
3680 3533 3796 3585 Πα-

2214 3621 2337 3692 τὴρ,
2365 3621 2600 3676 αἰτιατὸν
2623 3621 2665 3673 δ’
2691 3623 2720 3673 6
2746 3621 2872 3684 Υἱός
2897 3621 3030 3691 (68).
3067 3621 3175 3674 Καὶ
3201 3621 3262 3676 τὸ
3291 3623 3391 3694 μὲν
3422 3625 3793 3696 προϋπάρχειν

2284 3801 2393 3873 (67)
2433 3801 2588 3871 Vulg.
2617 3801 2683 3856 τὸ
2734 3803 2944 3860 αἴτιον.
2985 3801 3125 3858 Nihil
3171 3804 3272 3858 hoc
3306 3804 3424 3859 loco
3475 3805 3604 3861 vidit
3633 3807 3790 3862 Chri—

2214 3874 2622 3941 stopliorsonus.
2676 3873 2834 3942 Atqui
2903 3875 3213 3927 facillimum
3277 3886 3396 3929 erat
3450 3877 3790 3934 animadver-

2216 3954 2346 4007 tere,
2377 3943 2462 3996 liic
2490 3943 2921 4013 legendunlesse
2945 3945 3004 3998 τὸ
3033 3943 3292 3998 αἰτιατόν.
3323 3944 3612 4013 Comparat
3642 3952 3786 4002 enim

2212 4013 2300 4067 hic
2343 4009 2726 4066 Constantinus
2743 4009 2934 4067 Filium
2975 4030 3096 4069 cum
3131 4009 3556 4080 conservatione,
3604 4028 3656 4069 et
3685 4019 3789 4072 Pa-

2213 4094 2345 4154 trem
2391 4098 2511 4136 cnm
2551 4084 2875 4154 ServatoLe.
2906 4083 3406 4154 Opemadmodumd
3429 4085 3589 4154 igitur
3623 4083 3788 4140 Pater

2208 4153 2422 4218 quidem
2463 4161 2546 4206 est
2589 4167 2753 4206 causa
2777 4145 3105 4216 FiliifFilins
3150 4167 3276 4206 vero
3329 4145 3560 4208 effectus
3605 4172 3698 4209 seu
3724 4159 3787 4210 τὸ

2204 4222 2463 4286 αἰτιατόν,
2504 4223 2581 4277 sic
2619 4222 2872 4275 Servator
2893 4225 3106 4292 quidem
3146 4238 3308 4276 causa
3341 4234 3423 4277 est
3449 4224 3638 4280 salutis
3664 4240 3784 4281 om-

2207 4293 2356 4346 nium
2387 4308 2568 4346 rerum
2591 4333 2606 4354 ,
2652 4293 2798 4348 salus
2836 4307 2965 4348 vero
3009 4303 3093 4348 est
3132 4292 3352 4348 eﬂectus
3391 4309 3488 4350 seu
3520 4295 3580 4348 τὸ
3607 4298 3784 4350 αἰτια-

2205 4363 2299 4415 τὸν
2324 4361 2647 4431 Servatoris.

2273 4433 2382 4502 (68)
2422 4433 2590 4502 ᾼίτία
2630 4431 2748 4500 μὲν
2788 4431 2926 4486 Υίοῦ
2958 4435 2992 4486 ὁ
3038 4432 3261 4502 Πατὴρ,
3321 4432 3589 4489 αἰτιατόν
3630 4433 3699 4487 δὲ
3747 4438 3782 4490 ό

2215 4501 2371 4568 Υἱός.
2425 4501 2647 4556 Veteres
2683 4503 2939 4572 theologi.
2975 4501 3273 4569 prmsertim
3333 4505 3476 4570 apud
3533 4503 3777 4571 Graecos,

2133 4568 2176 4621 D
2209 4590 2366 4626 unam
2392 4573 2442 4626 in
2472 4573 2737 4626 Trinitaie
2771 4568 3078 4642 personam,
3111 4574 3274 4628 Deum
3301 4568 3509 4628 scilicet
3538 4568 3776 4636 Patrem,

2202 4657 2418 4696 causam
2465 4658 2586 4696 esse
2633 4643 2916 4707 dicebant;
2958 4643 3064 4697 duo
3111 4659 3240 4697 vero
3287 4653 3531 4705 causata,
3585 4643 3777 4698 Filium

2206 4727 2396 4780 nempe
2443 4722 2498 4766 et
2550 4713 2811 4780 Spiritum
2861 4720 3133 4767 sanctum.
3193 4715 3283 4768 Sic
3336 4714 3669 4768 Athanasius
3720 4717 3773 4769 in

2198 4782 2598 4847 Qnmstionibus
2622 4782 2894 4852 secundis,
2925 4796 3045 4852 cap.
3075 4785 3134 4838 ll
3166 4793 3220 4837 et
3254 4783 3344 4845 12,
3373 4785 3401 4836 6
3431 4783 3487 4836 δὲ
3521 4783 3649 4848 Υἱὸς
3675 4785 3777 4838 οὐκ

2196 4852 2342 4904 ἔστιν
2383 4852 2573 4918 αἴτιος,
2621 4851 2732 4904 ἀλλ’
2759 4850 3022 4915 αίτιατός.
3054 4853 3132 4907 Ita
3177 4853 3339 4908 etiam
3384 4853 3621 4908 Joannes
3674 4855 3777 4907 Da-

2200 4924 2580 4993 tnasccnusiin
2619 4923 2794 4975 libror
2846 4923 2920 4974 De
2971 4924 3306 4993 imaginibus,
3351 4940 3455 4978 non
3495 4929 3650 4993 longe
3705 4924 3771 4977 ab

2200 4991 2352 5045 initio
2391 5011 2402 5045 :
2444 5011 2461 5042 ι
2500 4992 2701 5061 Imago,
2735 4993 2931 5060 inquit.
2967 4994 3056 5046 Dei
3081 4991 3377 5048 invisibilis
3405 5003 3488 5048 est
3533 4991 3646 5062 ipse
3682 4993 3772 5047 Fi-

2201 5063 2321 5126 lius,
2367 5063 2457 5130 qui
2505 5062 2783 5133 in__se'ipso
2839 5064 3052 5116 Patrem
3105 5065 3272 5133 gerit,
3322 5077 3377 5116 et
3416 5065 3467 5117 in
3517 5064 3772 5116 omnibus

2201 5134 2338 5184 idem
2387 5148 2508 5186 cum
2560 5131 2649 5185 illo
2702 5142 2814 5196 est,
2868 5141 3064 5204 praeter
3112 5131 3282 5185 unum
3321 5135 3372 5186 id
3405 5133 3547 5204 quod
3593 5135 3660 5188 ab
3709 5150 3775 5187 eo

2201 5212 2453 5270 tanquam
2507 5217 2536 5253 a
2573 5216 2736 5254 causa
2791 5212 2895 5256 est.
2964 5203 3234 5256 Naturalis
3283 5203 3438 5256 enini
3482 5218 3642 5258 causa
3692 5215 3776 5258 est

2199 5269 2472 5342 Paterne:
2504 5287 2606 5338 qua
2649 5271 2813 5324 Filius
2845 5274 3225 5340 proﬁciscitur.
3254 5291 3273 5323 ι
3325 5272 3432 5327 Sed
3469 5285 3522 5328 et
3567 5270 3776 5342 Grego-

2202 5343 2315 5393 rius
2343 5340 2471 5394 Naz.
2501 5343 2554 5393 io
2591 5343 2836 5394 oratione
2859 5342 2949 5406 29,
2979 5357 3098 5410 quae
3143 5353 3225 5396 est
3256 5343 3333 5398 De
3362 5344 3634 5411 dogmate,
3671 5340 3776 5398 Pa-

2200 5419 2334 5463 trem
2369 5427 2584 5465 cansam
2629 5428 2749 5465 esse
2788 5411 2906 5466 Filii
2954 5424 3008 5465 et
3057 5414 3294 5480 Spiritus
3347 5415 3518 5467 sancti
3569 5413 3773 5466 diserte

2197 5482 2408 5536 asserit.
2440 5483 2515 5534 Ex
2549 5481 2758 5535 Latinis
2805 5497 2932 5536 vero
2983 5481 3182 5536 Marius
3211 5482 3525 5536 Victorinus
3551 5484 3601 5536 in
3632 5484 3772 5538 libro

2196 5553 2368 5618 primo
2401 5551 2665 5604 Adversus
2698 5554 2884 5604 Arium
2935 5554 3157 5620 perinde
3209 5553 3416 5607 locutus
3469 5562 3570 5607 est.
3611 5569 3630 5603 ι
3662 5555 3768 5608 Sed

2199 5621 2396 5690 major,
2431 5622 2624 5690 inquit,
2685 5621 2847 5676 Pater
2887 5653 2903 5676 .
2929 5624 3069 5686 quod
3121 5625 3233 5691 ipse
3273 5624 3418 5676 dedit
3461 5622 3601 5676 Filio
3646 5637 3770 5676 om~

2198 5692 2307 5752 nia,
2335 5700 2390 5744 et
2424 5706 2585 5745 causa
2612 5700 2693 5745 est
2725 5691 2824 5758 ipsi
2849 5691 2985 5744 Filio
3015 5703 3071 5744 nt
3099 5695 3192 5752 sit,
3217 5702 3272 5746 et
3307 5693 3408 5745 isto
3438 5693 3596 5746 modo
3633 5694 3762 5746 sit.»

2199 5759 2374 5828 Supra
2431 5772 2611 5816 autem
2681 5763 2821 5816 idem
2891 5760 3201 5815 Victorinus
3277 5764 3511 5827 dixerat,
3568 5762 3766 5816 Filium

2199 5832 2414 5900 quidem
2469 5847 2689 5889 causam
2737 5847 2854 5887 esse
2886 5833 3238 5902 principalem
3268 5834 3508 5887 omnium
3553 5847 3766 5893 rerum.
