4176 6450
420 463 559 519 1265

1209 466 1677 524 CONSTANTINI
1714 470 1972 526 ORATIO
2012 471 2102 525 AD
2142 470 2567 527 SANCTORUM
2601 470 2896 527 C(E'I‘UM.

3540 471 3676 524 1266

417 581 603 638 αὐτὸν.
624 580 833 647 ἱκανῶς
858 584 956 655 ἤδη
988 584 1301 657 δεδήλωται.
1338 587 1462 652 Πῶς
1489 588 1531 642 δ’
1565 591 1648 655 είς
1677 588 1997 661 ἀνθρώπους
2025 641 2028 649 ,

2115 589 2272 661 Cujus
2293 592 2513 660 quidem
2554 591 2925 661 generationis
2967 591 3184 645 modum
3245 604 3309 643 ac
3365 588 3675 650 rationem,

417 676 512 730 καὶ
556 676 660 746 γῆν
706 675 1010 746 κατῆλθεν;
1050 678 1114 730 Ἡ
1158 679 1257 748 μὲν
1320 680 1639 751 προαίρεσις
1681 680 1784 750 τῆς
1831 680 1995 735 καθό-

418 769 512 822 λου
543 768 676 840 (69),
704 768 887 832 καθὼς
919 770 970 821 oi
1002 771 1280 841 προφῆται
1315 771 1737 843 προεθέσπισαν,
1764 773 1998 845 κηδεμο-

419 861 540 924 νίας
574 858 682 914 τῶν
723 860 860 915 ὅλων
899 861 1078 915 ἐστίν’
1129 863 1340 934 ἀνάγκη
1382 863 1490 936 γάρ
1535 864 1625 918 τὸν
1668 865 1998 939 δημιουργὸν

419 952 529 1006 τῶν
562 952 738 1024 ἔργων
778 952 944 1007 αὐτοῦ
985 953 1262 1027 κήδεσθαι.
1312 955 1465 1008 Ἐπεὶ
1510 955 1567 1010 δὲ
1609 956 1857 1029 κοσμικῷ
1896 956 2000 1011 σώ-

426 1060 553 1115 ματι
599 1044 945 1117 πλησιάζειν,
996 1044 1054 1100 ἔν
1090 1062 1151 1098 τε
1196 1049 1266 1118 γῇ
1318 1045 1586 1120 χρονίζειν
1638 1046 1853 1119 ἔμελλε,
1900 1048 2002 1119 τῆς

421 1134 610 1207 χρείας
640 1135 798 1189 τοῦτο
826 1134 1182 1206 ἀπαιτούσης,
1214 1136 1375 1208 νόθην
1406 1137 1528 1191 τινὰ
1554 1137 1769 1207 γένεσιν
1806 1136 1999 1191 ἑαυτοῦ

424 1227 842 1298 ἐμηχανήσατο·
875 1227 1047 1298 χωρὶς
1096 1227 1288 1298 γάρτοι
1338 1229 1532 1300 γάμων
1582 1228 1862 1300 σύλληψις,
1907 1230 2002 1284 καὶ

423 1318 595 1389 ἁγνῆς
641 1317 939 1389 παρθενίας
992 1317 1276 1383 είλείθυια,
1312 1319 1406 1372 καὶ
1445 1318 1583 1372 Θεοῦ
1628 1321 1811 1392 μήτηρ
1842 1319 1999 1391 κόρη,

425 1409 519 1461 καὶ
540 1407 764 1471 αίωνίας
798 1407 1014 1477 φύσεως
1041 1409 1183 1479 ἀρχὴ
1211 1407 1441 1480 χρόνιος,
1468 1410 1563 1462 καὶ
1594 1409 1791 1481 νοητῆς
1813 1410 2003 1474 οὐσίας

423 1500 692 1571 αἴσθησις,
725 1501 820 1554 καὶ
863 1502 1156 1574 ἀσωμάτου
1201 1502 1500 1574 φανότητος
1544 1501 1643 1575 ὐλη
1686 1502 1819 1575 (70)⁶
1872 1503 2002 1557 ἀκό-

424 1592 588 1647 λουθα
631 1591 923 1665 τοιγαροῦν
958 1592 1055 1648 καὶ
1105 1591 1175 1646 τά
1204 1592 1368 1646 λοιπά
1407 1594 1500 1648 τοῦ
1552 1595 1868 1666 φάσματος·
1914 1598 1999 1650 αἰ-

424 1685 668 1757 γλήεσσα
701 1684 1001 1757 περιστερά
1028 1686 1141 1759 (71)
1170 1688 1234 1741 ὲκ
1259 1689 1360 1760 τῆς
1400 1687 1525 1742 Νῶε
1553 1688 1824 1759 λάρνακος
1867 1690 2003 1743 ἀπο-

425 1777 699 1848 πταμένη,
736 1777 831 1831 ὲπ).
859 1778 986 1843 τοὺς
1014 1778 1117 1849 τῆς
1152 1779 1423 1852 παρθένου
1462 1780 1700 1845 κόλπους
1739 1780 2000 1852 κατῆρεν’

424 1869 695 1924 ἀκόλουθα
721 1870 779 1923 δὲ
804 1870 898 1923 καὶ
933 1870 1070 1941 μετά
1096 1871 1187 1924 τὸν
1226 1872 1430 1943 ἀναφῆ,
1466 1873 1650 1943 πάσης
1678 1887 1740 1924 τε
1785 1871 2005 1940 ἁγνείας

426 1961 833 2034 καθαρώτερον,
862 1963 956 2016 καὶ
990 1963 1158 2035 αὐτῆς
1193 1962 1521 2035 ἐγκρατείας
1552 1962 1842 2035 κρείσσονα
1875 1963 2008 2035 ὑμέ-

426 2072 575 2109 ναιον
601 2053 733 2127 (72).
766 2055 830 2109 Ἠ
860 2057 924 2109 ὲκ
956 2055 1288 2128 σπαργάνων
1316 2057 1475 2126 σοφία
1510 2056 1605 2111 τοῦ
1631 2056 1789 2127 Θεοῦ,
1822 2057 2007 2128 ἐντρε-

426 2147 661 2219 πόμενός
686 2165 747 2200 τε
778 2148 941 2202 αὐτὸν
983 2147 1122 2220 μετά
1155 2148 1336 2213 αἰδοῦς
1367 2153 1394 2203 6
1422 2150 1531 2202 τῶν
1564 2148 1805 2221 λουτρῶν
1834 2148 2008 2221 πάρο-

426 2261 521 2314 χος
560 2242 852 2315 Ἰορδάνης.
878 2244 1023 2315 Πρὸς
1055 2242 1228 2314 τούτῳ
1252 2259 1313 2296 τε
1340 2242 1617 2314 βασιλικὸν
1642 2242 1850 2314 χρίσμα
1882 2242 2011 2313 ὁμό-

426 2337 597 2407 ψυχον
627 2337 727 2408 τῆς
753 2335 973 2389 πάντων
1003 2335 1294 2401 συνέσεως,
1328 2334 1548 2390 παιδεία
1575 2335 1634 2388 δὲ
1663 2336 1759 2389 καὶ
1783 2335 2010 2407 δύναμις

428 2424 708 2497 παράδοξα
752 2425 1116 2497 κατορθοῦσα,
1152 2428 1246 2480 καὶ
1289 2426 1360 2480 τὰ
1390 2426 1586 2480 ἀνίατα
1639 2426 1866 2497 ίωμέντγ
1915 2428 2010 2480 καὶ

429 2517 602 2589 εὐχῶν
634 2518 988 2590 ἀνθρωπίνων
1014 2522 1206 2592 ταχεῖα
1230 2520 1327 2573 καὶ
1349 2518 1741 2590 ἀνεμπόδιστος
1776 2518 2008 2589 βεόαίω-

430 2628 534 2676 σις,
564 2612 659 2665 καὶ
696 2611 834 2676 ὅλως
858 2612 886 2665 6
922 2611 1144 2682 σύμπας
1176 2612 1318 2683 ὑπὲρ
1349 2610 1651 2684 ἀνθρώπων
1682 2610 1794 2682 βίος
1818 2629 1837 2645 ι
1867 2611 2013 2666 διδα-

432 2702 626 2757 σκαλία
646 2703 703 2756 δὲ
730 2704 790 2757 οὐ
821 2703 1104 2775 φρόνησιν,
1139 2703 1276 2757 ἀλλὰ
1304 2704 1497 2775 σοφίαν
1530 2702 1876 2770 διδάσκουσα,
1902 2705 2012 2760 τῶν

430 2793 701 2865 φοιτητῶν
742 2794 805 2846 οὐ
851 2793 951 2856 τὰς
986 2793 1270 2856 πολιτικάς
1322 2794 1622 2865 λεγομένας
1666 2794 1868 2866 ἀρετάς
1901 2796 2011 2868 (75)

434 2885 832 2956 μανθανόντων,
862 2884 998 2938 ἀλλά
1029 2885 1130 2949 τὰς
1155 2887 1235 2948 είς
1261 2885 1353 2937 τὸν
1386 2886 1578 2956 νοητὸν
1608 2885 1811 2958 κόσμον
1849 2886 2015 2959 ἀτρα-

431 2977 568 3041 ποὺς
595 2976 955 3041 άναλυούσας,
982 2978 1081 3049 τήν
1113 2994 1172 3029 τε
1202 2976 1296 3030 τοῦ
1325 2978 1413 3031 ἀεὶ
1440 2976 1583 3031 κατά
1605 2977 1672 3032 τὰ
1703 2977 1843 3031 αὐτά
1869 2976 2016 3048 ἔχον-

430 3086 523 3132 τος
543 3068 735 3139 γένους
758 3069 1025 3123 ὲποπτίαν
1051 3068 1374 3135 πονούντων,
1401 3070 1494 3123 καὶ
1512 3071 1610 3142 τὴν
1632 3069 1726 3124 τοῦ
1755 3070 2014 3141 μεγίστου

432 3161 643 3233 Πατρός
670 3161 877 3216 ἔννοιαν
897 3162 1268 3234 ἀσκουμένων.
1294 3162 1374 3216 Τά
1393 3162 1584 3234 γάρτοι
1599 3162 1704 3216 τῶν
1724 3163 2017 3234 εὐεργετη-

2097 684 2277 737 divina
2311 683 2527 739 favente
2561 684 2921 754 pr0videnlia,
2943 685 2989 738 is
3010 685 3153 739 inter
3178 682 3430 737 homines
3478 679 3624 735 videt
3656 717 3675 744 ,

2098 775 2189 842 qui
2220 774 2331 829 Deo
2362 775 2567 829 chartis
2594 774 2778 829 fuerit.
2808 774 3037 844 Sapiens
3077 774 3221 828 enim
3246 772 3423 842 quivis
3449 770 3674 826 ordina-

2106 866 2275 920 tionis
2309 866 2551 922 universi
2594 881 2818 922 causam
2862 866 3131 936 intelligit.
3172 864 3345 921 Porro
3370 878 3494 919 cum
3521 846 3676 917 .n'rhil

2101 958 2175 1012 sit
2198 959 2342 1025 quod
2370 972 2593 1014 causam
2624 974 2730 1014 non
2759 958 2976 1023 habeat,
3005 967 3133 1014 ante
3166 958 3350 1014 omnia
3382 970 3503 1025 quae
3532 951 3680 1009 exis-

2106 1060 2253 1117 tunt,
2277 1066 2441 1107 causa
2471 1064 2663 1106 eorum
2692 1050 2997 1107 substiterit
3025 1065 3246 1107 necesse
3288 1048 3546 1105 esuCum
3579 1045 3682 1117 igi-

2103 1153 2193 1197 tur
2221 1146 2455 1199 mundus
2478 1151 2535 1199 et
2556 1152 2749 1199 cuncta
2767 1159 2889 1216 quze
2908 1144 2963 1198 in
2993 1145 3194 1200 mundo
3226 1153 3352 1200 sunt
3373 1141 3637 1198 exsistant
3661 1156 3678 1204 ;

2103 1250 2340 1305 cumque
2374 1250 2565 1291 eorum
2599 1246 2778 1292 exstet
2827 1235 3191 1299 conservatio.
3224 1249 3444 1291 necesse
3492 1240 3575 1288 est
3621 1239 3683 1284 ut

2104 1340 2230 1383 ante
2263 1329 2443 1385 omnia
2499 1343 2621 1399 qua:
2651 1339 2798 1395 sunt,
2830 1330 3089 1386 Senator
3122 1328 3394 1385 exstiterit
3426 1327 3586 1382 :adeo
3624 1337 3684 1381 ut

2104 1418 2354 1472 Christus
2388 1417 2507 1487 ipse
2535 1419 2778 1474 omnium
2814 1434 2997 1474 rerum
3049 1432 3212 1474 causa
3267 1419 3358 1483 sit,
3383 1426 3437 1470 et
3460 1428 3682 1470 conser-

2108 1510 2257 1567 vatio
2291 1511 2365 1566 sit
2416 1510 2692 1567 eﬂ'ectus:
2747 1512 3203 1581 quemadmodum
3261 1509 3422 1565 Pater
3463 1506 3680 1578 quidem

2107 1602 2230 1657 Filii
2254 1617 2427 1658 causa
2455 1612 2563 1668 est,
2596 1602 2770 1659 Filius
2797 1618 2931 1658 vero
2975 1611 3059 1658 est
3083 1611 3383 1658 causatum.
3416 1598 3479 1653 Et
3508 1600 3681 1668 ipsum

2106 1694 2322 1764 quidem
2338 1693 2614 1749 Christum
2644 1705 2771 1750 ante
2805 1695 2987 1749 omnia
3015 1693 3310 1756 exstitisse,
3334 1691 3445 1761 jam
3472 1689 3686 1746 abunde

2108 1786 2475 1856 probavimus.
2517 1788 2589 1841 At
2615 1787 2887 1858 quomodo
2918 1786 2987 1871 inl
3016 1795 3190 1842 terras
3218 1782 3502 1840 descendit
3538 1790 3592 1837 et
3618 1780 3686 1834 ad

2121 1877 2372 1932 homines
2425 1876 2620 1933 venit?
2675 1870 3229 1946 Consilium'quidem
3291 1874 3491 1943 ipsum,
3549 1870 3690 1927 sicut

2112 1966 2398 2037 prophetae
2424 1966 2811 2037 praedixerant,
2853 1963 3157 2035 profectum
3204 1970 3288 2019 est
3325 1976 3394 2018 ex
3446 1975 3573 2016 cura
3623 1974 3689 2014 ac

2111 2058 2479 2114 sollicitudine
2503 2072 2666 2129 quam
2690 2073 2790 2128 pro
2827 2057 3099 2113 universis
3124 2055 3285 2111 rebus
3304 2054 3545 2125 gerebat.
3566 2051 3692 2123 Opi-

2113 2150 2199 2205 fex
2235 2151 2403 2215 enim,
2434 2164 2657 2220 operum
2694 2163 2915 2204 suorum
2942 2163 3128 2205 curam
3153 2155 3308 2219 gerat
3329 2159 3550 2202 necesse
3578 2150 3686 2199 est.

2111 2242 2243 2298 Cum
2272 2257 2402 2297 vero
2433 2242 2499 2296 ad
2530 2250 2805 2297 terrenum
2844 2254 3043 2310 corpus
3084 2253 3405 2294 accessurus
3438 2243 3604 2301 esset,
3633 2243 3691 2288 et

2113 2336 2256 2390 inter
2286 2335 2556 2399 homines,
2588 2333 2917 2389 necessitate
2955 2333 3034 2387 sic
3063 2331 3342 2402 exigente,
3374 2327 3685 2399 aliquandiu

2113 2437 2457 2493 moraturus,
2514 2440 2708 2480 novam
2761 2426 3051 2495 quamdam
3113 2421 3371 2478 nascendi
3421 2419 3690 2474 rationem

2112 2532 2456 2575 commentus
2478 2526 2564 2572 est
2594 2516 2721 2572 sibi.
2757 2514 2893 2571 Nam
2918 2516 3123 2584 absque
3153 2512 3317 2584 582
3353 2510 3557 2583 nuptiis
3592 2506 3694 2564 fuit

2114 2613 2436 2684 conceptio;
2490 2617 2547 2665 et
2595 2618 2762 2665 castae
2814 2607 3147 2678 virginitatis
3196 2605 3584 2676 puerperium;
3640 2610 3695 2655 et

2117 2704 2292 2774 puella
2322 2701 2420 2759 Dei
2442 2708 2655 2758 mater:
2689 2709 2745 2755 et
2763 2710 2984 2755 aeternae
3007 2708 3215 2753 naturae
3237 2695 3531 2767 temporale
3553 2694 3697 2766 prin-

2115 2797 2315 2867 cipium
2341 2813 2359 2864 ;
2410 2805 2465 2850 et
2496 2794 2855 2867 intelligibilis
2884 2791 3211 2849 substantiae
3241 2798 3434 2845 sensus
3466 2805 3482 2855 ;
3545 2795 3600 2842 et
3619 2783 3699 2838 in-

2115 2888 2365 2961 corporei
2429 2888 2738 2959 splendoris
2778 2885 3051 2941 materia.
3106 2883 3311 2939 Cuncta
3364 2880 3529 2950 igitur
3574 2894 3697 2949 quae

2118 2995 2249 3039 tunc
2268 2982 2382 3037 visa
2406 2989 2561 3046 sunt,
2600 2980 2685 3034 bis
2733 2978 2884 3033 fuere
2918 2985 3313 3032 consentanea.
3352 2970 3694 3041 Splendidis-

2118 3077 2253 3129 sima
2289 3072 2542 3129 columba
2570 3087 2637 3128 ex
2679 3086 2803 3126 arca
2834 3068 2945 3124 Noe
2967 3066 3247 3134 devolans,
3278 3065 3332 3120 in
3363 3064 3542 3119 sinum
3568 3063 3697 3118 Vir-

2118 3168 2256 3235 ginis
2276 3164 2580 3221 descendit.
2606 3163 2986 3219 Consentanea
3015 3160 3144 3213 item
3170 3165 3297 3214 sunt
3318 3154 3548 3225 reliqua,
3574 3168 3696 3224 quae

435 3254 620 3325 μάτων
642 3255 702 3307 οὐ
728 3254 944 3325 μέτρια·
976 3255 1098 3309 ἀντὶ
1127 3255 1227 3326 μὲν
1250 3255 1349 3325 τῆς
1377 3253 1689 3326 πωρώσεως
1715 3255 1848 3326 (74),
1880 3257 2010 3326 δρα-

2118 3259 2385 3317 illibatum
2415 3256 2566 3311 illum
2602 3264 2659 3310 et
2683 3253 2832 3310 omni
2863 3251 3117 3308 castitate
3137 3249 3444 3321 puriorem,
3470 3247 3697 3316 ipsaque

435 3347 679 3411 σιςοάντὶ
698 3345 754 3399 δὲ
775 3345 1079 3417 παρέσεως,
1114 3345 1317 3412 εὐεξία’
1343 3347 1463 3399 ἀντὶ
1484 3347 1541 3400 δὲ
1568 3345 1822 3413 θανάτου,
1850 3349 2010 3403 πάλιν

433 3441 513 3503 είς
538 3439 599 3492 τὸ
626 3439 726 3510 ζῇν
749 3438 1211 3503 ἀποκατάστασις.
1240 3439 1488 3511 Παρίημι
1514 3438 1624 3512 γάρ
1648 3438 1879 3509 ἄφθονον
1903 3440 2013 3494 τῶν

434 3532 748 3600 ἀναγκαίων
788 3531 1145 3603 παρασκευὴν
1202 3534 1259 3585 ὲν
1301 3531 1529 3603 ἐρημίᾳ,
1581 3532 1672 3585 καὶ
1720 3532 1779 3584 ὲν
1816 3532 2017 3601 ὀλίγοις

435 3625 694 3695 ἐδέσμασι
727 3623 1073 3693 παντοδαπὴν
1115 3623 1370 3694 μεγάλοις
1400 3624 1631 3697 πλήθεσι
1660 3623 1855 3679 πολλοῦ
1890 3625 2016 3696 χρό-

434 3735 527 3770 νου
575 3717 913 3789 περιουσίαν.
961 3716 1176 3788 Ταύτην
1220 3733 1302 3769 σοι
1338 3717 1440 3788 τὴν
1484 3716 1833 3789 εὐχαριστίαν
1876 3715 2017 3770 κατά

435 3809 497 3863 τὸ
532 3808 756 3865 δυνατὸν
788 3808 1141 3881 ἀποδίδομεν,
1176 3809 1383 3882 Χριστὲ
1421 3812 1450 3863 6
1494 3810 1629 3873 Θεὸς
1664 3811 1759 3863 καὶ
1802 3808 2015 3880 Σωτὴρ,

438 4011 532 4065 sed
561 4010 777 4066 Patrem
807 4025 1135 4079 praecansam
1165 4026 1307 4071 esse,
1334 4027 1398 4065 eo
1419 4013 1561 4080 quod
1587 4011 1707 4066 Filii
1734 4027 1895 4069 causa
1922 4012 2013 4069 sit.

511 4081 625 4153 (69)
676 4082 751 4156 '_H
790 4080 929 4156 μὲνΔ
967 4083 1316 4156 προαίρεσις
1371 4081 1481 4151 τῆς
1529 4084 1821 4156 καθόλου,
1866 4082 2012 4156 Nihil

442 4152 530 4207 ltic
575 4152 782 4206 mutant
813 4152 1025 4222 codices
1054 4153 1242 4207 nostri.
1273 4153 1386 4222 Ego
1418 4164 1596 4208 tamen
1640 4154 1893 4210 libentius
1940 4154 2016 4209 le-

440 4237 623 4293 gerem
653 4222 754 4293 τῇς
782 4221 1117 4293 καθόδου,μίιΙ
1148 4233 1253 4289 est,
1286 4221 1552 4278 adventus
1587 4223 1873 4280 Dominici.

513 4292 625 4359 (70)
666 4290 823 4363 Vulg.
852 4291 1170 4362 ἀσωμάτου
1205 4294 1541 4363 φανότατος
1593 4293 1730 4361 ὕλη.
1764 4295 2019 4351 Scriben-

442 4363 568 4435 dum
587 4363 810 4435 videtur
835 4363 1153 4435 φανότητος,
1198 4374 1262 4419 ut
1308 4364 1437 4435 legit
1473 4364 2017 4435 Clll‘i_Sl0pltOl'SOttUS.

441 4432 645 4504 Alludit
673 4435 815 4504 enim
842 4432 1233 4489 ConSIantinus
1263 4434 1329 4488 ad
1362 4435 1538 4489 locum
1594 4432 1744 4504 Pauli
1790 4435 2022 4504 apostoli

444 4503 497 4577 in
528 4503 1213 4577 quo_Cbristus_splemio_r
1246 4504 1433 4577 gloria:
1470 4504 1563 4560 Dei
1603 4502 1781 4577 Patris
1825 4502 2016 4577 appel-

2122 3355 2260 3409 adeo
2293 3349 2632 3407 continentia
2672 3346 3110 3418 praestantiorem
3170 3341 3511 3411 hymenaeum
3569 3346 3699 3391 sunt

2118 3452 2430 3503 consecuta.
2467 3439 2730 3495 Mirabilis
2772 3437 2841 3493 ab
2873 3437 3005 3508 ipsis
3052 3431 3380 3489 incunabilis
3429 3429 3696 3501 sapientia

2123 3537 2217 3592 Dei
2246 3558 2259 3592 :
2293 3544 2347 3589 et
2368 3532 2626 3589 Jordanis
2653 3530 2744 3601 qui
2771 3544 2940 3599 aquas
2977 3527 3046 3581 ad
3097 3524 3433 3595 baptismum
3488 3523 3700 3593 praebe-

2120 3630 2232 3695 bat,
2262 3641 2387 3681 cum
2423 3622 2728 3679 reverentia
2757 3620 2910 3675 illum
2942 3616 3267 3687 suscipiens.
3310 3614 3513 3669 Adhme
3544 3627 3699 3684 rega-

2120 3721 2187 3777 lis
2217 3720 2544 3773 unctiocmn
2584 3713 2830 3769 omnium
2873 3724 3059 3768 rerum
3089 3707 3321 3765 scientia
3376 3706 3697 3776 conjuncta.

2123 3812 2376 3868 Doctrina
2405 3811 2534 3866 item
2576 3824 2642 3864 ac
2671 3806 2914 3879 potentia
2938 3819 3044 3876 qua
3074 3818 3162 3861 res
3192 3800 3543 3859 admirabiles
3571 3815 3696 3872 per-

2124 4011 2229 4067 loci
2258 4011 2585 4066 sententiam
2616 4007 2882 4076 eorrupit,
2915 4005 3144 4062 vocibus
3188 4005 3397 4076 aliquot
3443 4004 3695 4076 adjectis.

2123 4084 2214 4136 Sic
2249 4082 2392 4137 enim
2430 4075 2890 4152 Ιεείιηύμὲντρον,
2937 4075 3367 4152 οἰκονομοῦσαρή
3393 4077 3478 4152 -ὲκ
3513 4075 3700 4147 σπαρ-

2119 4151 2300 4223 γάνων
2330 4145 2508 4223 carpta;
2520 4145 2625 4223 τοῦ
2651 4145 2802 4223 ’Θεοῦ
2839 4148 2938 4223 θαυ
2948 4145 3263 4223 ματουργετ.
3294 4145 3475 4223 cede:
3500 4145 3697 4223 _tam_en

2120 4215 2259 4280 Fuk.
2284 4215 2426 4278 hanc
2449 4215 2960 4289 Christophorsoni'
2978 4215 3265 4289 lectionem
3290 4231 3359 4289 ac
3388 4215 3696 4289 distinctio:

2121 4309 2244 4349 nem
2291 4293 2453 4362 plane
2490 4282 2813 4362 conlirinat_,
2865 4287 3165 4362 nisigquod
3216 4287 3380 4343 habet
3421 4285 3516 4340 τοῦ
3558 4282 3697 4338 Θεοῦ

2125 4359 2326 4433 σοφία,
2343 4361 2488 4433 sicut
2510 4370 2566 4417 et
2592 4360 2731 4416 liber
2758 4359 3020 4433 Turnebi.

2193 4425 2307 4506 (73)
2349 4431 2463 4499 Τὰς
2506 4431 2881 4506 πολιτικὰς..
2901 4470 2916 4485 .
2944 4428 3178 4506 ἀρετάς.
3206 4425 3519 4506 Philosophi
3563 4425 3698 4479 duas

2126 4499 2381 4560 virtutum
2430 4504 2641 4573 species
2686 4499 2903 4573 faciunt
2936 4520 2961 4573 ε
2987 4500 3123 4573 alias
3171 4499 3514 4573 πρακτικὰς,
3559 4510 3697 4573 quas

445 4565 607 4648 latu'r.
637 4573 797 4629 Certe
825 4573 879 4628 in
910 4565 1049 4629 Eu'k.
1078 4584 1134 4630 et
1163 4565 1350 4630 Savilii
1395 4575 1520 4631 libr.
1557 4565 2017 4648 φανότητος’έοι·ἰο

2126 4577 2229 4648 hoc
2280 4574 2424 4648 loco_
2454 4565 3027 4648 itoltrtxdcnappellat
3082 4565 3504 4632 Constantinus;
3563 4565 3698 4648 alias

444 4640 613 4697 bitur.

516 4711 631 4788 (71)
668 4712 1020 4788 Alpinaque
1051 4713 1388 4788 περιστερᾷ.
1421 4712 1478 4771 In
1522 4718 1716 4788 codice
1754 4716 1923 4788 Regio
1949 4717 2016 4770 ad

447 4785 748 4857 marginem
786 4785 1092 4857 inscribitur
1138 4784 1402 4857 λαμπρά,
1446 4789 1588 4857 quod
1644 4784 1888 4857 Scholion
1935 4796 2020 4843 est

446 4854 597 4928 vocis
640 4853 959 4928 αἰγλήεσσα.
981 4853 1226 4928 Frustra
1255 4853 1434 4928 igitur
1462 4853 1515 4910 et
1540 4856 1806 4928 Scaliger
1832 4867 2021 4928 et_cae-

451 4924 550 4978 teri
576 4926 952 4999 emendatores
980 4925 1164 4991 legunt
1186 4926 1507 4999 αίθρήεσσα,
1538 4924 1851 4983 ΡοιτοἹικο
1883 4926 2023 4983 Con-

372 5042 376 5049 .
449 4995 959 5070 sta_nti_ni_narratio
993 5007 1208 5066 sumpta
1239 4995 1346 5070 est'
1371 5013 1438 5051 ex
1486 4998 1639 5070 libris
1667 4999 2017 5070 apocryphis,

451 5064 880 5137 quirSpiritum
928 5064 1179 5120 sanctum
1247 5066 1349 5122 sub
1416 5064 1916 5137 columbae’speéie
1964 5069 2019 5122 in

449 5135 640 5210 Mariae
676 5136 853 5210 sinum
876 5136 1220 5210 descendisse
1248 5137 1578 5210 referebant,
1608 5135 2020 5210 proutiangelus

450 5206 502 5260 ei
546 5206 890 5276 praedixerat.
936 5205 1017 5262 Ac
1065 5205 1298 5263 fortasse
1336 5209 1388 5261 in
1424 5205 1721 5276 Evang’elio
1767 5205 2020 5265 Heb'raao-

453 5291 574 5331 rum
637 5277 751 5331 haec
792 5280 861 5331 ita
914 5277 1298 5332 narrabantur.
1348 5280 1455 5332 Sed
1495 5277 2021 5345 Christophorsonus

454 5346 759 5419 columbarii
793 5348 883 5401 hic
934 5346 1225 5419 intellexit.
1269 5363 1430 5419 quam
1478 5347 1590 5419 Noe
1627 5348 1756 5419 olim
1783 5364 1853 5403 ex
1893 5364 2020 5403 arca

454 5417 760 5477 dimiserat.
788 5431 1019 5486 eamque
1065 5415 1301 5486 ﬁguram
1332 5418 1502 5473 fuisse
1547 5417 1780 5486 Spiritus
1823 5419 2018 5482 sancti,

455 5488 546 5558 qui
573 5488 626 5541 in
654 5487 875 5541 Mariam
897 5488 1169 5558 _virginetn
1198 5489 1524 5557 quandoque
1549 5497 1666 5541 erat
1710 5487 2018 5558 illapsurus.

456 5554 569 5668 Εῖβο
604 5572 732 5610 vero
786 5554 1018 5612 mallem'
1043 5558 1131 5611 hic
1164 5554 1342 5626 legere
1377 5554 1681 5629 αἰγλήεσσα
1726 5554 2023 5629 περιστερά

456 5644 486 5668 n
509 5645 542 5668 η
572 5629 605 5668 ἢ
638 5626 802 5668 πάλαι
843 5629 906 5668 ἐν
930 5627 1028 5668 εἴη·
1056 5626 1178 5668 Νῆις
1211 5627 1479 5668 λᾶηυηνητ·
1508 5627 1863 5668 (immanium
1914 5638 1998 5668 pu-

456 5626 544 5699 ρῖα
572 5629 608 5696 ἡ
638 5626 802 5682 πάλαι
843 5629 909 5681 ἐκ
930 5627 1028 5697 τῆς
1056 5626 1181 5681 Νῶε
1211 5627 1479 5698 λάρνακος
1507 5626 1897 5699 ἀποπταμένη,
1914 5626 2020 5683 etc.

457 5695 754 5769 llasensns
779 5699 882 5769 erit
907 5695 1126 5769 apertns
1150 5708 1205 5753 et
1236 5695 1473 5769 elegans.

530 5767 642 5839 (72)
692 5766 1023 5837 Ὑμέναιον.
1054 5767 1184 5827 Post
1236 5766 1373 5824 hanc
1399 5784 1587 5824 vocem
1629 5778 1884 5838 punctum
1924 5784 2021 5838 ap-

463 5838 617 5910 posui
642 5852 707 5910 ex
749 5839 1075 5910 auctoritate
1115 5839 1324 5910 codicis
1359 5839 1536 5910 Regii,
1579 5840 1721 5909 quod
1761 5855 1882 5894 cum
1917 5857 2022 5893 non

462 5908 932 5965 animadvertisset
994 5907 1525 5981 Christopborsonus
1545 5949 1563 5979 ,
1592 5907 1610 5984 ί
1628 5918 1795 5969 totam
1825 5977 1839 5986 _
1865 5911 2023 5980 hujus

2124 4642 2487 4718 θεωρητικάς,
2526 4658 2647 4712 qua:
2694 4637 2899 4718 scilicet
2933 4640 3169 4718 animum
3207 4648 3461 4718 nostrum.
3489 4637 3696 4718 pertin-

2117 4705 2250 4770 enni
2290 4705 2362 4769 'ad
2397 4705 2488 4768 1)ὲί
2541 4705 3074 4779 contemplationem.
3119 4707 3275 4779 Unde
3313 4722 3393 4779 ex
3413 4705 3696 4779 discipulis

2116 4786 2440 4857 Pythagorae
2487 4784 2577 4837 alii
2623 4777 2920 4857 πολιτικοί,
2936 4781 3054 4857 _alii_
3083 4777 3600 4857 oe6aa'rtzofmd‘icti‘,
3638 4792 3697 4831 υι

2118 4845 2277 4912 docet
2297 4845 2467 4909 "vetus
2490 4863 2692 4926 auctor
2705 4853 2774 4907 de
2800 4852 2907 4926 vita
2936 4850 3257 4926 Pythagorae
3286 4848 3339 4926 in
3363 4845 3697 4926 Dibliotlieca

2117 4927 2319 4990 Photii,
2352 4940 2475 4992 cap.
2497 4923 2627 4978 259.
2662 4922 2832 4977 Porro
2866 4923 2920 4977 in
2948 4917 3135 4992 codice
3163 4917 3295 4992 Fuk.
3324 4917 3410 4992 hic
3440 4917 3591 4992 locus
3620 4917 3694 4992 ita

2119 4984 2315 5064 legitur
2334 5014 2348 5049 ε
2379 4984 2868 5064 Δὶδάσκουσαμτοὺς
2888 4989 3253 5064 φοιτητὰς,ρύ
3281 4988 3383 5051 τὰς
3412 4984 3693 5064 πρλιτικᾲς

2117 5055 2414 5134 λε’γομένας
2461 5063 2663 5133 ἀρετάς
2715 5055 2932 5117 διδοῦσα
2986 5055 3368 5134 ἐκμανθάνειν,
3407 5056 3551 5134 ἀλλά
3595 5055 3695 5134 τᾲς

2119 5124 2202 5201 είς
2224 5124 2316 5190 τὸν
2341 5124 2529 5204 νοητὸν
2559 5124 2762 5204 κόσμον
2791 5124 3068 5204 ἀτραποὺς
3099 5128 3352 5204 ἀγούσας
3366 5127 3476 5179 τῶν
3499 5143 3559 5179 τε
3597 5124 3697 5196 τὴν

2118 5198 2211 5262 τοῦ
2236 5207 2325 5262 ἀεὶ
2354 5198 2449 5259 κα),
2474 5204 2615 5259 κατά
2638 5198 2709 5257 τὰ
2736 5198 2874 5256 αὐτᾶ
2909 5201 3001 5254 καὶ
3035 5200 3295 5261 ὡσαύτως
3329 5198 3559 5268 ἔχοντος,
3590 5205 3694 5250 etc.

2119 5276 2197 5333 Ita
2226 5278 2388 5332 etiam
2416 5276 2613 5346 legitur
2642 5274 2696 5329 in
2727 5274 2879 5346 libris
2906 5270 3142 5346 Turnebi
3178 5286 3241 5323 ac
3272 5267 3475 5346 Savilii.
3501 5267 3695 5346 Verum

2122 5348 2391 5403 assentior
2450 5334 2652 5397 Savilio
2678 5383 2696 5414 ,
2770 5341 2861 5414 qui
2910 5356 3032 5395 cum
3109 5340 3248 5394 hanc
3293 5334 3693 5414 lectionem-ad

2119 5401 2269 5472 oram
2301 5414 2532 5469 librisui
2562 5401 2920 5485 ascripsisset,
2950 5426 3072 5485 eam
3108 5416 3297 5485 postea
3327 5404 3561 5485 delevith
3590 5401 3696 5455 hac

2122 5486 2467 5541 adnotatione
2498 5477 2737 5553 subjecta
2765 5501 2779 5536 :
2828 5499 2847 5533 ι
2881 5480 3064 5536 Lectio
3094 5477 3309 5549 vulgata
3342 5477 3562 5529 retineri
3598 5484 3696 5542 po-

2124 5566 2229 5613 test
2257 5556 2443 5625 paucis
2469 5552 2846 5625 immutatis”)
2929 5620 2954 5625 _
3042 5619 3091 5625 __
3334 5616 3365 5625 ﬁ
3438 5614 3449 5625 ι

2198 5612 2311 5696 (τί)
2354 5622 2508 5696 Vulg.
2555 5622 2850 5696 ἀντί-μὲν
2881 5620 2993 5696 τῆς
3019 5619 3278 5696 ῥώσεως.
3333 5612 3695 5696 Scribendum

2123 5686 2215 5753 est
2248 5686 2435 5765 procul
2456 5686 2644 5765 'dubio
2670 5686 3127 5765 τῆςπωρὼσεως.
3162 5688 3280 5765 Μοιι
3310 5686 3590 5765 emendavi
3610 5697 3696 5765 ex

2125 5755 2314 5842 codice
2355 5764 2527 5842 liegio
2576 5764 2698 5818 ἀντὶ
2737 5755 2796 5817 δὲ
2830 5755 3154 5842 ,παρέσεως
3199 5758 3375 5842 Atque
3406 5756 3477 5842 ita
3508 5755 3695 5842 codex

2127 5836 2340 5891 Savilii.
2371 5825 2541 5893 Ba'ulo
2580 5845 2705 5889 ante
2737 5825 2952 5890 mallem
2991 5830 3229 5888 scribere
3258 5825 3327 5881 τά
3364 5825 3427 5896 γέ
3465 5841 3547 5878 τοι
3584 5825 3696 5879 τῶν

2126 5905 2605 5981 εὐεργετημάτων,
2629 5916 2737 5962 etc.
