4176 6398
535 425 679 482 1267

1242 423 1515 479 ΕυδΕΒιι
1553 417 2033 479 CESARIENSIS
2068 416 2238 474 0PP.-
2261 414 2442 471 PARS
2480 417 2520 470 Ι.
2558 444 2630 457 -
2666 407 3057 468 HISTORICA.

3652 403 3786 457 ιεσδ

536 548 877 620 petravit,'et
902 546 1232 602 insanabiles
1260 548 1482 602 morbos
1529 545 1765 600 curavit.
1797 542 1932 597 Mira
1953 537 2111 595 deni-

2229 535 2454 605 ιεγάλου
2480 534 2692 604 Harpe;
2723 530 2952 602 μεγίστη
2981 527 3224 595 πρόνοια,
3260 519 3485 585 σώζοντί
3510 516 3557 571 τ’
3588 519 3654 569 ἐκ
3678 514 3789 569 τῶν

536 658 645 712 quo
675 641 931 698 celeritas
963 640 1018 693 in
1042 638 1321 706 hominum
1356 637 1612 704 precibus
1634 632 2017 689 exaudiendis.
2046 630 2110 684 Et

535 731 861 803 generaliter
891 740 1003 786 tota
1035 731 1154 801 ejus
1184 730 1294 783 vita
1326 727 1608 783 hominum
1656 725 1880 779 utilitati
1933 724 2109 777 inser-

537 824 710 878 viens.
736 822 1059 878 Praedicatio
1087 836 1218 877 vero
1242 837 1366 891 qua:
1389 836 1496 876 non
1520 817 1864 887 prudentiam
1898 815 1991 869 sed
2018 829 2109 868 sa-

536 916 801 986 pientiam
829 915 1170 982 insinuaret,
1212 913 1557 969 auditoribus
1587 926 1695 966 non
1722 910 1913 965 civiles
1935 907 2110 961 virtu-

540 1019 645 1073 tes,
671 1008 767 1062 sed
791 1008 934 1062 viam
964 1021 1085 1076 quae
1111 1008 1178 1062 ad
1200 1004 1600 1074 intelligibilem
1629 1002 1891 1057 mundum
1923 998 2113 1069 perdu-

537 1099 635 1166 cit,
667 1098 1102 1165 addiscentibus,
1130 1098 1358 1169 ejusque
1384 1107 1594 1151 natura:
1620 1109 1742 1165 qua:
1765 1108 1980 1161 semper
2005 1105 2113 1146 uno

536 1192 839 1259 eodemque
864 1191 919 1245 in
952 1200 1093 1245 statu
1127 1199 1427 1259 permanet,
1477 1186 1999 1255 contemplationem
2057 1190 2115 1236 et

536 1280 734 1333 summi
763 1278 941 1333 Patris
967 1279 1243 1334 notionem
1279 1279 1497 1333 assidua
1528 1276 1919 1333 exercitatione
1964 1287 2115 1326 scru-

541 1371 805 1426 tantibus.
850 1369 970 1426 Jam
1022 1370 1292 1426 beneﬁcia
1340 1371 1760 1439 haudquaquam
1795 1364 2111 1421 mediocria.

538 1462 644 1515 Pro
665 1462 934 1527 crecitate,
977 1460 1168 1528 visus;
1205 1477 1302 1530 pro
1329 1460 1523 1515 virium
1554 1475 1619 1515 ac
1646 1472 1935 1514 nervorum
1969 1470 2117 1510 reso-

539 1550 764 1618 lutione,
798 1551 953 1605 ﬁrma
978 1551 1224 1622 corporis
1255 1551 1553 1609 valetudo;
1606 1565 1705 1618 pro
1742 1556 1915 1602 morte
1961 1547 2115 1600 deni-

537 1656 668 1709 que,
697 1643 811 1696 vita
840 1642 1039 1697 iterum
1066 1643 1336 1698 reStituta.
1362 1641 1637 1696 Przetereo
1661 1655 1750 1695 res
1792 1639 1861 1693 ad
1907 1639 2113 1692 victum

540 1733 882 1788 necessarias
914 1734 968 1789 in
986 1734 1282 1789 solitudine
1304 1733 1452 1803 large
1473 1733 1866 1802 suppeditatas.
1900 1742 1957 1786 et
1985 1746 2115 1800 pau-

541 1823 796 1878 cissimos
821 1824 977 1879 cibos
1000 1825 1251 1878 maxima:
1283 1823 1565 1878 hominum
1590 1821 1925 1875 multitudini
1956 1820 2117 1888 longo

543 1915 807 1986 temporis
857 1917 1036 1985 spatio
1090 1913 1447 1970 suﬂicientes.
1483 1912 1633 1967 Hanc
1665 1913 1762 1966 tibi
1818 1912 2114 1982 gratiarum

545 2008 814 2062 actionem
866 2016 1033 2077 prout
1076 2021 1360 2077 possumus
1386 2046 1402 2069 ,
1450 2004 1828 2076 persolvimus,
1856 2003 2072 2058 Christe
2096 2041 2112 2066 ,

546 2099 690 2156 Deus
728 2114 795 2155 ac
825 2099 1117 2162 Servator,
1168 2099 1350 2168 magni
1377 2097 1556 2153 Patris
1579 2114 1787 2154 summa
1816 2096 2115 2152 Providen-

547 2192 655 2255 tia,
685 2191 777 2262 qui
810 2198 864 2246 et
896 2206 927 2245 a
967 2190 1125 2245 malis
1162 2189 1385 2257 liberas,
1412 2199 1467 2244 et
1493 2190 1799 2246 doctrinam
1862 2187 2118 2244 beatissi-

545 2301 689 2341 mam
726 2286 912 2341 tradis.
935 2282 1123 2352 Neque
1151 2282 1299 2336 enim
1330 2284 1445 2337 hac
1471 2299 1499 2336 a
1534 2297 1620 2337 me
1645 2283 1899 2338 dicuntur
1923 2293 1979 2336 ut
2003 2281 2118 2335 lau-

543 2381 641 2434 des
676 2389 797 2432 tuas
830 2376 1127 2439 celebrem,
1155 2377 1251 2432 sed
1291 2385 1350 2430 ut
1386 2374 1594 2444 gratias
1625 2387 1806 2444 agam.
1829 2371 1963 2426 Nam
1997 2374 2121 2442 quis

544 2484 782 2539 unquam
811 2469 954 2523 inter
993 2468 1245 2523 homines
1273 2477 1325 2520 te
1359 2481 1458 2535 pro
1484 2465 1746 2535 dignitate
1772 2463 2120 2519 laudaverit?

546 2562 627 2615 'l‘u
667 2562 867 2631 quippe
896 2575 977 2623 es,
1007 2560 1102 2630 qui
1128 2574 1192 2614 ex
1226 2559 1397 2613 nihilo
1428 2573 1514 2612 res
1541 2571 1758 2612 creasse
1787 2556 1982 2610 diceris
2002 2595 2018 2619 ,
2064 2564 2120 2610 et

548 2652 721 2708 lucem
748 2652 829 2708 eis
874 2652 1228 2716 accendisse;
1282 2661 1341 2704 et
1390 2648 1672 2704 confusam
1728 2647 2118 2703 elementorum

549 2746 745 2800 molem
800 2744 992 2799 Ordine
1056 2760 1120 2798 ac
1182 2743 1391 2798 ratione
1450 2740 1786 2797 distinxisse.
1837 2739 1969 2794 Tua:
2007 2738 2119 2793 cle-

550 2838 767 2894 mentiaa
795 2837 899 2891 hoc
944 2836 1279 2906 prmcipnum
1316 2849 1512 2888 munus
1543 2842 1646 2895 est,
1685 2832 1832 2901 quod
1875 2832 2122 2889 homines

549 2931 690 2985 bona
720 2928 901 2982 indole
933 2928 1209 2995 pra:ditos,
1237 2924 1437 2979 divina:
1462 2938 1526 2977 ac
1547 2925 1718 2977 beata:
1746 2923 1869 2975 vita:
1898 2922 2120 2975 aemula-

551 3031 698 3073 tores
730 3017 1008 3072 reddidisti
1038 3058 1054 3082 ,
1083 3030 1144 3070 ac
1177 3013 1457 3084 providisti
1489 3023 1547 3065 ut
1570 3012 1645 3068 illi
1673 3013 2003 3081 optimarum
2031 3026 2121 3066 re-

550 3125 671 3166 rum
702 3119 1041 3164 mercatores
1075 3106 1275 3171 eﬂ'eeti,
1329 3107 1654 3175 sapientiam
1690 3122 1756 3161 ac
1802 3105 2120 3162 felicitatem

2212 626 2420 690 κακῶν,
2444 627 2539 679 καὶ
2559 624 2655 695 τὴν
2675 619 3098 693 μακαριωτάτην
3110 612 3453 670 διδασκαλίαν
3464 609 3785 663 διδάσκοντι·

2213 721 2274 774 ού
2308 719 2416 790 γὰρ
2454 715 2814 788 ἐγκωμιάζων
2853 711 3047 773 ταῦτα,
3078 707 3192 761 ἀλλ’
3245 700 3584 775 εὐχαριστῶν
3623 698 3787 790 λέγω.

2215 788 2447 881 Τίςήγάρ
2469 810 2533 864 ἀν
2561 825 2621 861 σε
2653 807 2771 861 κατ’
2802 803 2958 869 ἀξίαν
2996 790 3226 872 ύμνῆσοι
3259 798 3318 850 ἐν
3351 791 3685 865 ἀνθρώποις;
3720 788 3790 845 Σὲ

2217 904 2316 975 μὲν
2341 901 2449 972 γὰρ
2478 900 2633 970 λόγος
2666 897 2726 963 ἐξ
2751 897 2850 950 οὐκ
2878 894 3045 947 ὄντων
3073 891 3142 944 τὰ
3169 890 3298 944 ὄντα
3322 886 3603 956 γεννῆσαι,
3641 881 3707 935 τό
3729 897 3791 934 τε

2217 974 2334 1065 eo;
2357 994 2539 1054 αὐτοῖς
2570 988 2773 1058 ἀνάψαι
2801 985 2935 1056 (75),
2969 984 3065 1037 καὶ
3086 980 3190 1051 τὴν
3234 979 3467 1033 ἄτακτον
3499 974 3610 1029 τῶν
3646 988 3791 1025 στοιι

2215 1084 2378 1155 χείων
2410 1082 2671 1151 σύγχυσιν
2705 1075 3122 1146 κατακοσμῆσαι
3160 1071 3312 1138 τάξει
3342 1070 3436 1123 καὶ
3472 1068 3676 1140 μέτρῳ.
3717 1064 3793 1118 Τὸ

2213 1175 2271 1229 δὲ
2299 1174 2706 1245 φιλανθρωπίας
2729 1171 3003 1240 ἐξαίρετον
3034 1168 3094 1219 ἐν
3121 1163 3200 1235 τῷ
3227 1165 3354 1227 τοὺς
3385 1159 3445 1215 εὖ
3479 1158 3793 1229 πεφυκότας

2213 1269 2323 1322 τῶν
2352 1268 2673 1340 ἀνθρώπων,
2698 1265 2843 1319 θείου
2883 1262 2977 1316 καὶ
3004 1259 3279 1331 μακαρίου
3298 1253 3543 1327 ζηλωτὰς
3570 1251 3794 1321 ποιῆσαι

2218 1361 2355 1432 βίου’
2414 1359 2697 1412 κατανοεῖν
2747 1354 2793 1408 θ’
2828 1353 2939 1426 (76)
2998 1352 3147 1414 ὅπως
3193 1349 3302 1401 τῶν
3350 1347 3517 1410 ὅντως
3571 1342 3794 1412 ἀγαθῶν

2216 1451 2454 1523 ἔμποροι
2485 1446 2862 1519 γεγενημένοι,
2892 1442 3101 1496 πλείοσι
3146 1442 3245 1511 τῆς
3278 1436 3483 1492 ἑαυτῶν
3512 1434 3702 1504 σοφίας
3732 1449 3794 1486 τε

2215 1542 2312 1595 καὶ
2355 1539 2646 1611 συντυχίας
2683 1535 3031 1608 μεταδιδοῖεν,
3063 1531 3217 1586 αύτοί
3256 1531 3305 1583 τ’
3348 1528 3547 1599 ἀρετῆς
3582 1525 3795 1597 καρπὸν

2220 1629 2437 1686 αἰώνιον
2487 1628 2815 1698 κομίζοιντο,
2863 1621 3275 1696 ἀπηλλαγμένοι
3333 1619 3433 1690 μὲν
3477 1615 3793 1681 ἀκολασίας,

2220 1725 2540 1796 μετέχοντες
2569 1722 2626 1777 δὲ
2655 1718 3089 1791 φιλανθρωπίας,
3118 1712 3297 1771 οἶκτον
3330 1715 3428 1785 μὲν
3456 1712 3562 1784 πρὸ
3592 1709 3795 1782 ὀφθαλ-

2221 1817 2338 1889 μῶν
2387 1816 2623 1887 ἕχοντες,
2670 1812 2909 1875 πίστεως
2962 1811 3021 1864 δὲ
3073 1808 3402 1882 προσδοκίαν
3458 1804 3794 1870 ἐλπίζοντες,

2216 1912 2350 1967 αίδὼ
2378 1910 2435 1964 δὲ
2474 1909 2572 1962 καὶ
2601 1904 2857 1959 παντοίαν
2889 1900 3090 1975 ἀρετὴν
3116 1898 3482 1970 ἀσπαζόμενοι
3507 1897 3643 1967 (77),
3669 1897 3735 1967 ἢν
3764 1897 3798 1950 ό

2219 2000 2421 2074 προτοῦ
2455 2000 2569 2072 βίος
2598 1997 2953 2070 ἀνθρωπίνων
2985 1995 3132 2066 ἠθῶν
3156 1992 3498 2063 ἐκϐεϐλήκει,
3530 1989 3626 2061 τὴν
3655 1988 3797 2059 ὑπὲρ

2217 2095 2441 2149 πάντων
2473 2092 2783 2162 ποιουμένῳ
2808 2089 3095 2161 πρόνοιαν·
3125 2085 3301 2146 οὐδεὶς
3332 2083 3441 2154 γάρ
3471 2082 3536 2136 ἂν
3564 2080 3673 2134 τῶν
3704 2096 3794 2133 το-

2220 2185 2426 2240 σούτων
2452 2183 2656 2249 κακῶν,
2686 2183 2782 2235 καὶ
2812 2180 2913 2250 τῆς
2945 2175 3393 2249 ἐπικρατησάσης
3434 2173 3556 2227 κατ’
3589 2172 3798 2224 ἐκεῖνον

2217 2276 2309 2332 τὸν
2339 2275 2451 2347 βίον
2478 2274 2692 2336 ἀδικίας
2725 2270 2908 2343 ἰατρὸς
2955 2267 3251 2339 ἀξιόχρεως
3304 2264 3523 2338 εὑρέθη.
3568 2263 3634 2316 Ἦ
3662 2259 3798 2331 γοῦν

2218 2369 2452 2441 Πρόνοια
2502 2365 2663 2437 μέχρι
2706 2360 2818 2416 τῶν
2856 2360 2985 2433 τῇδε
3031 2359 3308 2430 διήκουσα,
3358 2355 3516 2411 πάνθ’
3556 2356 3658 2409 ὅσα
3704 2352 3797 2422 ὑφ’

2222 2462 2433 2534 ὕϐρεως
2462 2460 2558 2515 καὶ
2602 2457 2898 2520 ἀκολασίας
2945 2454 3234 2525 ἀκόσμητα
3278 2446 3369 2522 ἦν,
3416 2447 3795 2518 κατεκόσμησε

2221 2554 2418 2626 ῥᾷστα.
2473 2551 2585 2606 Καὶ
2614 2550 2734 2604 οὐδὲ
2764 2547 2922 2603 τοῦτο
2971 2545 3328 2616 ἀποκρύφως·
3361 2541 3477 2613 ᾔδει
3519 2540 3629 2611 γάρ
3670 2539 3799 2602 τοὺς

2225 2647 2324 2719 μὲν
2351 2644 2461 2698 τῶν
2490 2640 2815 2714 ἀνθρώπων,
2844 2639 3103 2710 φρονήσει
3127 2636 3220 2689 καὶ
3245 2633 3322 2705 νῷ
3351 2633 3448 2704 τὴν
3479 2628 3674 2685 ἐαυτοῦ
3705 2626 3797 2681 δύ-

2222 2756 2388 2809 ναμιν
2425 2733 2761 2806 θεωροῦντας
2780 2730 2915 2803 (78),
2938 2730 3065 2793 τοὺς
3085 2729 3164 2794 δέ,
3191 2729 3285 2784 ἆτε
3313 2729 3425 2789 τοῖς
3447 2724 3663 2793 ἀλόγοις
3686 2720 3801 2775 τῶν

2224 2829 2380 2897 ζώων
2417 2825 2855 2897 ἀπεικασμένους
2892 2823 2995 2894 τὴν
3025 2820 3209 2890 φύσιν.
3242 2818 3440 2890 μᾶλλον
3464 2818 3582 2878 ταῖς
3604 2811 3799 2883 αἰσθή-

2224 2939 2373 2976 σεσιν
2432 2918 2835 2981 ἐπιϐάλλοντας·
2881 2916 2963 2970 διὸ
3004 2913 3275 2987 φανερῶς,
3318 2912 3405 2964 ἵνα
3435 2907 3545 2979 (79)
3605 2905 3796 2977 μηδεὶς

2222 3008 2575 3081 ἀμφιϐάλλοι,
2610 3008 2685 3078 μὴ
2723 3005 3031 3068 σπουδαῖος,
3071 3002 3146 3074 μὴ
3182 2999 3404 3071 φαῦλος,
3429 2998 3528 3067 τὴν
3554 2995 3801 3066 εὐδαιμο-

2223 3103 2342 3157 νίαν
2375 3101 2469 3155 καὶ
2516 3097 2834 3170 θαυμαστὴν
2884 3093 3178 3166 θεραπείαν
3220 3092 3312 3145 ὑπ’
3354 3090 3475 3159 ὄψιν
3521 3083 3649 3159 ἦγε,
3685 3087 3801 3150 τοῖς

548 3218 700 3257 suam
748 3202 992 3271 pluribus
1027 3201 1147 3255 aliis
1184 3199 1562 3270 impertirent,
1597 3199 1804 3269 ipsique
1845 3200 2123 3253 immorta-

2230 3193 2331 3265 μὲν
2366 3192 2736 3262 παυσαμένοις
2762 3187 2858 3242 τοῦ
2901 3186 3040 3258 βίου,
3074 3182 3450 3246 ἀποκαθιστάς
3480 3181 3542 3234 τὸ
3590 3180 3689 3250 ζῇν
3736 3180 3802 3231 ἐκ

552 3293 655 3347 lem
686 3292 922 3347 fructum
949 3291 1168 3345 virtutis
1202 3289 1581 3360 perciperent;
1636 3288 1850 3343 liberati
1899 3288 2120 3359 quidem

553 3385 993 3453 intemperantia,
1022 3383 1184 3454 583
1215 3384 1519 3438 clementiae
1544 3396 1678 3435 vero
1708 3380 2005 3450 participes
2032 3401 2045 3435 :
2070 3388 2127 3433 et

556 3476 986 3531 misericordiam
1017 3476 1239 3546 quidem
1267 3489 1378 3543 pra:
1428 3472 1605 3527 oculis
1639 3472 1903 3526 habentes
1930 3510 1946 3536 ,
1999 3470 2124 3525 ﬁdei

556 3582 687 3623 vero
709 3568 976 3637 promissa
1006 3575 1290 3634 sperantes
1318 3584 1331 3620 :
1367 3563 1752 3620 verecundiam
1803 3561 2037 3631 denique
2069 3571 2126 3617 et

555 3675 720 3715 omne
745 3674 916 3729 genus
963 3658 1181 3713 virtutis
1224 3656 1652 3726 amplectentes,
1700 3655 1820 3709 loco
1852 3653 2130 3721 iniustitia

558 3766 721 3819 quam
753 3750 904 3819 prior
938 3748 1248 3804 mortalium
1275 3747 1387 3805 vita
1426 3746 1672 3801 moribus
1707 3744 1958 3799 humanis
1984 3743 2129 3798 infu-

559 3824 819 3903 derat,ut
849 3837 920 3892 ab
948 3852 1015 3892 eo
1036 3838 1129 3907 qui
1156 3837 1396 3892 omnium
1427 3850 1612 3890 rerum
1640 3850 1826 3889 curam
1860 3850 1925 3889 ac
1948 3835 2132 3905 provi-

560 3933 798 3986 dentiam
853 3931 1015 4001 gerit,
1064 3927 1502 3984 exscinderetur.
1546 3925 1731 3981 Nullus
1765 3928 1908 3982 enim
1943 3927 2085 3981 alius
2112 3969 2127 3993 ,

564 4035 837 4080 tantorum
869 4023 1135 4078 malorum
1160 4032 1217 4076 et
1265 4018 1542 4090 injustitia:
1568 4034 1687 4088 quae
1714 4004 1802 4073 illa
1830 4027 1990 4073 aetate
2048 4017 2134 4071 in—

564 4120 831 4183 valuerat,
867 4115 1108 4171 medicus
1132 4114 1357 4169 idoneus
1392 4112 1622 4167 inveniri
1650 4111 1932 4180 potuisset.
1966 4107 2136 4179 Igitur

564 4207 909 4263 Providentia
936 4206 1001 4259 ad
1031 4216 1206 4260 terras
1232 4219 1401 4273 usque
1427 4202 1774 4273 perveniens,
1798 4208 1992 4254 cuneta
2013 4213 2136 4267 qua:

566 4318 664 4371 per
716 4298 1105 4356 contumeliam
1153 4306 1210 4352 et
1253 4296 1722 4366 intemperantiam
1778 4291 2136 4363 incomposita

634 4478 748 4548 (75)
788 4476 945 4543 Vulg.
971 4477 1043 4531 τὸ
1063 4475 1137 4548 δέ
1162 4474 1287 4545 φῶς
1315 4472 1520 4548 αὐτοῖς
1530 4471 1792 4548 ἀνάψαι.
1808 4468 1960 4548 7171939
2076 4485 2137 4523 τε

566 4545 704 4633 otiis;
738 4549 804 4631 In
844 4548 1076 4633 schedia
1096 4545 1290 4633 7B_e§iils
1316 4556 1389 4633 et
1410 4545 1465 4633 in

570 4610 632 4674 σὲ
650 4610 708 4672 δὲ
732 4618 871 4689 φῶς,
908 4630 1013 4673 etc.
1043 4617 1150 4689 S77ed
1176 4610 1508 4689 Fpkucodex
1537 4612 1702 4689 habet
1730 4610 1790 4664 σέ
1817 4626 1898 4689 τεἶ

643 4680 756 4759 (Ἱϐᾖ
795 4680 1122 4742 Κατανοεῖγ
1187 4687 1259 4742 θ’.
1309 4683 1834 4759 Christopbor§0tin7s
1866 4680 1979 4759 77bit:
2035 4680 2148 4734 ἀπὸ

570 4750 752 4817 κοιίνοῦ
796 4759 1047 4813 subaudit
1090 4760 1317 4811 verbum
1365 4750 1809 4824 norﬁaar..7Qund
1866 4750 1993 4824 licet
2038 4765 2142 4824 non

573 4833 792 4892 damno,
825 4839 1001 4881 tamen
1031 4827 1397 4881 necessarium
1452 4819 1557 4877 non
1588 4822 1819 4892 videtur.
1866 4819 1924 4873 In
1959 4821 2147 4892 codice

575 4898 709 4952 lt‘nk.
737 4889 808 4950 ita
840 4898 1036 4967 legitur
1070 4898 1155 4967 hic
1183 4898 1355 4967 locus:
1376 4892 1578 4967 ἀρετήν
1601 4889 1996 4967 ἀσπαζόμενοι,
2024 4890 2145 4967 τιν-ὀ

574 4967 778 5038 προτοῦ
828 4960 941 5037 βίός
996 4966 1352 5039 ἀνθρωπίνων
1398 4960 1546 5039 ἠθῶν
1596 4960 1946 5039 ἐκδείξλήκει·
1988 4960 2147 5039 ,οὐδὲν

573 5031 703 5110 γάρ,
750 5031 882 5110 etc,
930 5031 1135 5110 absque
1183 5037 1289 5091 illis
1327 5031 1551 5090 vocibus
1591 5032 1693 5089 τὴν
1739 5031 1881 5103 ὑπὲρ
1930 5031 2148 5087 πάντων

576 5107 882 5178 ποιουμένῳ
911 5107 1184 5178 πρόνοιαν.

647 5172 761 5246 (77)
812 5172 1240 5246 Ἀσπὶιζόμενοι.
1287 5173 1414 5229 Post
1445 5176 1550 5231 hoc
1577 5174 1802 5227 verbum
1834 5173 2023 5228 deesse
2064 5172 2146 5225 vi-

576 5251 775 5304 dentur
807 5249 1086 5302 nonnulla.
1116 5246 1300 5315 Neque
1337 5246 1480 5299 enim
1527 5254 2009 5315 sensusconstare
2055 5258 2150 5315 po-

580 5330 707 5382 test,
739 5319 839 5372 nisi
869 5316 1142 5372 addideris
1172 5312 1287 5372 haec
1314 5315 1477 5369 verba
1503 5332 1517 5368 :
1545 5313 1666 5367 ἀντὶ
1691 5312 1791 5382 τῆς
1831 5313 2042 5376 ἀδικίας
2083 5313 2150 5382 ἢν

576 5392 607 5444 ὁ
638 5390 745 5462 πρὸ
775 5388 871 5443 τοῦ
906 5386 1040 5458 βίος,
1071 5398 1176 5440 etc.
1220 5387 1392 5452 Quam
1439 5386 1759 5454 scripturam
1790 5384 1845 5437 in
1885 5385 2151 5453 interpre-

577 5463 781 5517 tatione
808 5476 923 5515 mea
956 5474 1074 5513 sum
1100 5466 1336 5512 secutus.

648 5531 764 5600 (78)
804 5528 963 5599 Vulg.
1020 5526 1136 5595 τὴν
1159 5524 1406 5600 γὲαυτῶν
1459 5523 1827 5600 θεωροῦντας
1872 5522 2148 5600 δύναμιν.

578 5593 695 5655 Non
742 5593 940 5654 dubito
979 5593 1109 5669 quin
1156 5597 1438 5669 legendum
1484 5596 1557 5649 sit
1588 5594 1710 5669 ’τὴν
1755 5594 1953 5669 saturet}
1988 5593 2149 5669 δύνα-

584 5687 695 5739 μιν.
740 5669 894 5736 Quod
955 5665 1022 5723 ei
1055 5665 1405 5739 sequentibus
1456 5665 2147 5739 manifesteconvincitur.

580 5734 813 5792 Causam
839 5741 982 5794 enim
1012 5734 1169 5794 aﬂert
1191 5736 1600 5797 Constantinus.
1629 5749 1729 5787 cur
1755 5734 2027 5793 Christus,
2055 5736 2149 5803 qui

584 5810 801 5868 morbos
842 5823 906 5865 ac
932 5811 1059 5866 vitia
1105 5808 1382 5866 hominum
1416 5815 1705 5862 curaturus
1741 5806 2062 5871 advenerat,
2097 5816 2151 5863 et

2223 3285 2498 3356 δευτέρου,
2549 3283 2675 3346 τοὺς
2740 3281 2799 3334 δέ
2848 3277 3245 3350 ἐστερημένους
3303 3273 3411 3328 τῶν
3474 3270 3803 3342 αἰσθήσεων,

2230 3379 2399 3449 ὑγιῶς
2437 3376 2674 3431 κελεύων
2707 3372 2869 3427 πάλιν
2900 3370 3272 3425 αἰσθάνεσθαι·
3308 3365 3560 3436 στηρίξαι
3607 3363 3665 3416 δὲ
3707 3361 3807 3416 θά-

2226 3454 2452 3535 λασσαν,
2482 3469 2576 3522 καὶ
2606 3465 2868 3538 νηνεμίαν
2902 3461 3155 3527 ἐπιτάξαι
3186 3461 3251 3512 ἐκ
3285 3456 3573 3529 χειμῶνος,
3598 3455 3694 3509 καὶ
3716 3453 3808 3507 τέ-

2226 3562 2318 3625 λος
2363 3560 2694 3629 θαυμαστοῖς
2736 3556 2920 3628 ἒργοις
2966 3552 3418 3623 ἐπιχειρήσαντα,
3456 3549 3552 3601 καὶ
3580 3545 3643 3611 ἐξ
3672 3547 3807 3599 ἀπι-

2229 3654 2385 3717 στίας
2413 3652 2537 3715 τοὺς
2562 3647 2880 3720 ἀνθρώπους
2923 3648 3003 3709 εἰς
3045 3644 3227 3697 πίστιν
3264 3639 3490 3711 ίσχυράν
3538 3636 3809 3710 προκαλε-

2231 3748 2487 3818 σάμενον,
2517 3745 2597 3805 εἰς
2641 3738 2870 3812 οὐρανὸν
2903 3736 3229 3806 ἀναπτῆναι,
3259 3733 3401 3787 τίνος
3429 3730 3616 3795 ἄλλου,
3664 3728 3811 3800 πλὴν

2229 3837 2326 3892 τοῦ
2353 3834 2489 3890 Θεοῦ
2524 3833 2718 3903 τῆς’τε
2745 3828 3086 3900 ἐξοχωτάτης
3117 3824 3400 3895 δυνάμεως
3422 3822 3582 3894 ἔργον
3606 3819 3810 3885 reﬁce;

2232 3929 2319 3987 Ού,
2352 3928 2459 4000 μὴν
2493 3924 2613 3978 ούδέ
2634 3925 2664 3977 ό
2690 3921 2962 3994 προσεχὴς
2992 3917 3084 3972 τοῦ
3119 3916 3441 3987 παθήματος
3467 3912 3678 3986 καιρὸς,
3700 3909 3813 3964 τῶν

2233 4018 2564 4092 θαυμαστῶν
2606 4017 2836 4071 ἐκείνωνρ
2862 4011 3149 4081 θεαμάτων
3190 4007 3471 4079 ἀλλότριος
3498 4002 3566 4075 ἦν
3588 4023 3602 4037 ι
3644 4001 3811 4074 ἡνίκα

2233 4114 2427 4177 νύκτες
2456 4109 2712 4182 ἡμερινὸν
2737 4106 2850 4177 φῶς
2872 4103 3101 4159 ἐπικαλύ
3112 4119 3354 4166 πτουσαι,
3382 4104 3473 4153 τὸν
3495 4098 3645 4168 ἥλιον
3670 4095 3816 4165 ﬂeti-

2237 4202 2407 4268 νιζον’
2456 4199 2774 4268 κατειλήφει
2802 4196 2910 4269 γὰρ
2950 4194 3065 4257 δέος
3102 4192 3229 4256 τοὺς
3269 4185 3542 4259 πανταχοῦ
3585 4187 3813 4256 δήμους,

2237 4296 2337 4367 τὴν
2369 4296 2478 4349 τῶν
2511 4293 2725 4347 πάντων
2770 4285 3110 4360 πραγμάτων
3157 4282 3465 4336 συντέλειαν
3493 4279 3671 4350 ἣκειν,
3717 4275 3816 4329 καὶ

2241 4478 2459 4532 beatam
2496 4488 2562 4526 ac
2595 4470 2808 4526 felicem
2850 4469 2903 4523 in
2935 4467 3074 4522 caelo
3117 4471 3286 4519 vitam
3335 4462 3703 4532 nuntiaturus,
3735 4467 3818 4515 tot

1507 4531 1649 4597 “bro
1670 4531 1921 4594 vsa‘lmi'
1940 4540 2141 4610 Ιθθίίυι·
2171 4547 2218 4604 1)
2245 4531 2509 4600 miracula
2540 4542 2595 4596 in
2634 4542 2796 4595 terris
2842 4547 3086 4610 patrare,
3111 4540 3270 4589 caecis
3297 4533 3506 4610 oculos,
3535 4531 3817 4610 περίθεσ-

2244 4599 2433 4678 lutem,
2484 4612 2712 4667 mortuis
2745 4599 2912 4664 vitam
2961 4599 3252 4678 restituere
3284 4603 3533 4656 voluerit.
3561 4599 3819 4678 ld7igitur

2245 4670 2314 4742 ab
2345 4670 2438 4739 illo
2465 4684 2666 4737 factum
2691 4695 2811 4734 esse
2840 4678 2972 4733 dicit
3004 4678 3063 4730 in
3092 4676 3321 4746 gratiam
3347 4687 3533 4725 eorum
3549 4670 3662 4746 7qui_
3687 4678 3818 4746 sunt

2249 4739 2501 4810 tardioris
2551 4751 2787 4820 ingenii,
2838 4765 2911 4820 ne
2957 4739 3206 4802 dubitare
3259 4751 3480 4820 possent
3530 4741 3598 4820 de
3649 4739 3818 4820 ipsius

2247 4808 2446 4879 virtute
2495 4808 2655 4890 atque
2710 4808 2988 4889 potentia,
3032 4808 3281 4890 cum7tot
3325 4811 3583 4890 miracula
3609 4808 3816 4877 patrari

2247 4878 2667 4951 cernerentin
2701 4878 2827 4945 sunt
2875 4878 3011 4959 quos
3061 4885 3222 4956 paulo
3265 4895 3387 4953 post
3432 4878 3673 4951 φαύλους
3715 4894 3819 4935 no-

2248 4966 2441 5021 ntinat.
3548 5020 3553 5021 7
3580 5020 3587 5021 7
3740 5020 3749 5021 7
3822 4972 3829 4999 ι

2319 5033 2432 5115 (79.)
2455 5029 2628 5115 .Ya's-
2658 5029 2783 5115 διέι.
2816 5022 3511 5115 ειιενέραξςξνῖμφμηδξὲε
3546 5020 3821 5115 E9931?

2248 5091 2372 5160 cum
2399 5091 2632 5157 l'elicitEr
2658 5100 2787 5155 mihi
2815 5091 3004 5153 videor
3045 5091 3366 5155 restituisse,
3392 5109 3516 5146 cum
3548 5091 3816 5161 Scaliger,

2252 5173 2574 5245 Bongarsius
2600 5171 2824 5245 7alii_que_.
2866 5183 3097 5245 quorum
3132 5163 3546 5245 emendationes
3573 5164 3823 5245 adunar-

2249 5231 2427 5313 ginem
2484 5231 2739 5313 editionis
2785 5231 3122 5313 Getievensis
3166 5235 3440 5313 leguntur,
3473 5232 3611 5287 nihil
3651 5231 3705 5312 in
3755 5245 3823 5285 eo
3863 5246 3871 5257 ο

2250 5303 2503 5368 viderint.
2551 5312 2663 5382 Ego
2704 5327 2839 5366 vero
2868 5309 3025 5382 nulla
3057 5303 3442 5382 propemodum
3498 5303 3819 5382 mutatione,

2253 5386 2427 5439 locum
2454 5369 2694 5453 pristivno
2716 5379 2879 5453 nitorj
2922 5380 3003 5453 ita_
3029 5369 3257 5453 restitui,
3417 5370 3701 5453 φανερῶς,
3733 5369 3825 5453 ίνα

2254 5456 2443 5526 μηδεὶς
2455 5441 2817 5526 ’ἀμφιϐάλλοι⁸
2844 5447 3222 5526 Qua__lecti_on7e
3256 5444 3388 5526 nihil
3416 5441 3614 5526 veritis:
3638 5441 3824 5526 code;

2250 5509 2469 5595 quidem
2508 5509 2651 5595 Fit.
2697 5509 3121 5595 cumscaligeri
3151 5524 3206 5568 et
3256 5512 3540 5595 B70n7gar7sii
3592 5509 3826 5595 lectione

2251 5579 2543 5650 consentit.
2584 5594 2783 5649 Verum
2825 5589 2935 5657 jam
2969 5579 3154 5641 m'ultis
3181 5599 3250 5641 ex
3286 5579 3417 5657 locis
3455 5579 3823 5657 deprehendi,

2253 5648 2661 5733 hujus—codicis
2713 5648 2869 5715 lidet'n
2905 5659 3174 5733 interdum
3206 5653 3460 5710 vacillare
3492 5653 3690 5725 :idqne
3739 5648 3827 5703 vel

2253 5728 2390 5793 unus
2424 5736 2510 5791 hic
2541 5735 2689 5789 locus
2717 5732 2848 5787 satis
2876 5728 3101 5785 evincitt
