4176 6400
434 392 572 448 1269
1203 389 1665 449 CONSTANTINI
1704 391 1965 449 ORATIO
1999 393 2091 448 AD
2132 391 2557 452 SANCTORUM
2591 391 2888 449 C(ETUM.
3543 395 3683 451 1270

430 514 564 586 χάος
589 507 765 579 αὖθις,
795 507 907 568 οἷον
938 513 1001 566 τὸ
1030 514 1137 585 πρὸ
1174 514 1278 584 τῆς
1308 513 1401 568 τοῦ
1436 515 1641 586 κόσμου
1691 515 2008 580 διατάξεως,

2114 527 2291 579 erant,
2327 516 2473 571 nullo
2504 515 2719 584 negotio
2768 514 3050 579 restituit;
3097 514 3258 584 idque
3297 528 3403 569 non
3436 513 3577 570 clam
3624 523 3683 569 et

427 606 851 677 ἐπικρατήσεινο
885 606 1131 676 ἐζητεῖτο
1175 606 1232 660 δὲ
1273 607 1364 659 καὶ
1393 607 1454 659 τὸ
1497 608 1671 661 αῐτιον
1710 608 1806 661 τοῦ
1850 608 2003 678 τηλι-

2112 606 2343 663 occulte.
2372 605 2594 661 Sciebat
2617 606 2763 659 enim
2795 607 3063 675 quosdam
3095 622 3218 662 esse
3273 606 3520 662 homines
3540 647 3556 674 ,
3585 605 3680 674 qui

429 694 622 751 κούτου
652 695 843 763 κακοῦ,
876 698 970 751 καὶ
996 699 1098 751 εἴτι
1129 699 1448 770 πλημμελὲς
1494 701 1601 754 ὑπὸ
1641 700 1751 755 τῶν
1796 699 2007 774 ἀνθρὼ-

2112 699 2367 753 virtutem
2400 696 2571 769 ipsius
2604 713 2669 753 ae
2701 699 3025 768 potentiam,
3059 700 3258 753 mentis
3293 699 3409 753 acie
3436 707 3680 754 contem-

431 805 551 841 πων
582 788 663 852 είς
689 788 752 841 τὸ
781 788 935 842 Θεῖον
976 789 1185 858 γένοιτο
1209 807 1223 821 ·
1257 790 1363 854 ἕως
1389 792 1478 845 ὅτε
1515 791 1663 863 ἠπίῳ
1693 791 1802 863 (80)
1840 808 2007 861 μεγα-

2112 789 2432 858 plarentur:
2484 789 2623 844 alios
2675 802 2808 844 vero
2857 800 3042 860 utpote
3089 791 3264 845 brutis
3309 790 3678 849 animantibus

430 883 660 955 λοψυχίᾳ
718 883 819 955 τῆς
862 883 971 937 τῶν
1031 884 1243 938 ἀσεϐῶν
1296 884 1509 958 ὕϐρεως
1561 886 2003 959 ὑπερφρονήσας,

2112 879 2418 950 persimiles
2460 880 2633 950 magis
2662 880 2916 937 sensibus
2946 881 3229 937 inhaerere.
3264 882 3387 937 Ideo
3412 881 3590 952 palam
3622 889 3681 936 et

428 974 771 1047 ἀποκαθίστη
816 974 907 1030 τὸν
937 976 1165 1048 οὐρανὸν
1209 977 1499 1048 σύμπαντα
1548 980 1612 1049 τῇ
1645 978 1755 1032 τῶν
1790 978 2006 1049 ἄστρων

2112 979 2317 1040 aperte,
2352 984 2419 1025 ne
2450 970 2572 1039 quis
2605 970 2719 1024 sive
2753 970 2931 1026 bonus
2981 971 3096 1027 sive
3125 973 3401 1043 improbus
3426 971 3677 1027 dubitare

428 1065 794 1135 κατακοσμῶν
826 1065 1035 1137 χορείᾳ.
1069 1067 1358 1139 Τοιγάρτοι
1391 1067 1542 1139 ποσῷ
1568 1068 1678 1139 (81)
1714 1068 1866 1140 καὶὴ
1907 1064 2003 1119 τοῦ

2112 1070 2315 1134 posset,
2364 1060 2752 1117 beatitudinem
2800 1072 2856 1118 et
2912 1063 3285 1118 admirabilem
3333 1063 3674 1119 curationem

429 1158 633 1228 κόσμου
657 1158 920 1229 πρόσοψις
943 1160 1353 1232 σκυθρωπῶσα,
1382 1163 1462 1225 είς
1480 1161 1578 1233 τὴν
1603 1160 1813 1215 οἰκείαν
1841 1154 2002 1223 αὖθις

2112 1153 2350 1210 omnium
2383 1153 2556 1209 oculis
2578 1152 2809 1222 subjecit
2838 1170 2853 1209 :
2889 1155 3118 1211 mortuis
3146 1155 3361 1227 quidem
3390 1155 3555 1210 vitam
3588 1155 3677 1210 de-

427 1246 831 1303 ἀποκαθίστατο
859 1250 1211 1322 φαιδρότητα.

2112 1258 2219 1300 nuo
2244 1243 2535 1299 restituens
2558 1286 2574 1312 ,
2602 1259 2697 1301 eos
2721 1259 2852 1301 vero
2875 1245 2969 1315 qui
3000 1247 3248 1303 sensibus
3262 1247 3436 1303 orbati
3469 1253 3672 1311 essent,

429 1343 714 1409 pristinum
758 1360 916 1399 usum
974 1361 1229 1401 sensuum
1279 1359 1602 1417 recuperare
1646 1345 1984 1416 prmcipiens.
2025 1340 2175 1397 Mare
2242 1354 2375 1395 vero
2426 1339 2660 1396 solidum
2708 1340 3035 1410 reddidisse,
3098 1342 3237 1398 etin
3276 1343 3467 1399 media
3539 1351 3676 1398 tem-

431 1443 641 1501 pestate
688 1438 1138 1507 tranquillitatem
1171 1440 1307 1495 oriri
1352 1439 1619 1509 jussisse;
1652 1455 1717 1493 ac
1765 1449 2040 1509 postremo
2077 1451 2202 1492 cum
2266 1435 2583 1492 admiranda
2610 1450 2777 1507 opera
2814 1436 3095 1503 edidisset,
3135 1447 3189 1494 et
3215 1439 3463 1494 homines
3500 1439 3566 1493 ab
3601 1437 3677 1493 in-

427 1523 750 1580 credulitate
780 1527 848 1581 ad
879 1529 1313 1583 robustissimum
1358 1528 1515 1583 fidem
1549 1529 1906 1593 traduxisset,
1938 1529 1989 1581 in
2028 1526 2226 1582 cmlum
2281 1524 2617 1594 evolavigse;
2665 1526 2826 1598 cujus
2873 1528 3089 1583 tandem
3118 1528 3220 1583 nisi
3283 1528 3377 1584 Dei
3407 1537 3460 1584 et
3487 1543 3679 1599 supre-

439 1632 541 1672 mte
579 1619 858 1689 cujusdam
923 1624 1179 1692 potentiae
1216 1639 1352 1695 opus
1397 1623 1539 1678 fuit?
1568 1622 1675 1679 Sed
1719 1636 1897 1691 neque
1960 1630 2172 1691 tempus
2224 1619 2356 1674 illud
2394 1618 2536 1690 quod
2596 1620 2839 1690 passioni
2887 1623 3190 1692 proximum
3238 1621 3373 1689 fuit,
3404 1623 3677 1676 admiran-

428 1713 515 1766 dis
578 1713 683 1770 illis
715 1718 1040 1785 spectaculis
1085 1719 1302 1776 caruit:
1337 1727 1464 1774 tunc
1521 1733 1645 1774 cum
1686 1718 1864 1773 noctis
1893 1714 2070 1786 caligo
2109 1713 2362 1770 diurnum
2395 1714 2741 1785 splendorem
2764 1718 3087 1787 obscurans,
3122 1718 3290 1774 solem
3316 1718 3531 1789 penitus
3552 1716 3676 1773 abs-

429 1809 634 1889 condit.
693 1809 902 1881 Quippe
920 1828 1117 1867 omnes
1152 1814 1352 1884 ubique
1380 1813 1607 1885 populos
1642 1823 1822 1869 terror
1864 1817 2202 1883 pervaserat,
2233 1809 2418 1865 mundi
2483 1810 2693 1865 exitum
2759 1812 3047 1869 advenisse
3106 1814 3223 1884 jam
3275 1815 3590 1879 credentes,
3623 1821 3679 1868 et

430 1904 484 1958 in
517 1902 804 1973 pristinum
824 1904 992 1960 chaos
1020 1904 1321 1975 cujusmodi
1352 1915 1480 1960 ante
1504 1906 1690 1960 orbem
1718 1902 1998 1959 conditum
2039 1900 2161 1967 fuit,
2192 1909 2387 1957 cuncta
2419 1902 2666 1957 reditura
2733 1916 2874 1960 esse.
2936 1902 3338 1974 Requirebatur
3362 1920 3527 1962 causa
3560 1915 3679 1962 tan-

433 2009 501 2052 ta:
532 1996 877 2064 calamitatis,
900 2009 955 2055 et
986 2000 1131 2069 quod
1166 2008 1374 2054 tantum
1430 1998 1609 2055 scelus
1667 1999 1929 2054 adversus
1958 1997 2054 2053 Dei
2092 1994 2302 2051 Numen
2331 1996 2399 2051 ab
2428 1995 2741 2051 hominibus
2777 1996 3071 2051 admissum
3091 1996 3286 2053 fuisset
3318 1996 3513 2055 :donec
3535 2000 3680 2056 Deus

428 2090 640 2163 placida
667 2093 834 2148 animi
882 2094 1253 2164 magnitudine
1296 2096 1656 2150 contumelias
1710 2094 1996 2165 impiorum
2037 2091 2371 2162 despiciens,
2399 2100 2592 2147 cuncta
2662 2090 3011 2161 restituisset,
3074 2100 3129 2148 et
3155 2101 3414 2149 consueto
3436 2094 3676 2149 siderum

430 2199 595 2241 cursu
659 2184 853 2241 omium
906 2201 1066 2240 omne
1118 2188 1518 2242 exornavisset.
1603 2187 1790 2256 Itaque
1833 2187 2003 2242 totius
2042 2184 2228 2240 mundi
2289 2182 2477 2248 facies,
2513 2197 2633 2253 qua:
2690 2183 2841 2239 luctu
2880 2199 2944 2239 ac
2993 2198 3232 2241 maerore
3279 2185 3680 2255 quodammodo

436 2282 655 2337 :onfusa
691 2280 890 2350 fuerat,
923 2284 1211 2351 pristinum
1267 2284 1447 2340 denuo
1469 2283 1812 2355 Splendorem
1847 2284 2209 2354 recuperavit.

922 2396 1323 2451 ΚΕΦΑΛΑΙΟΝ
1362 2397 1464 2451 ιΒσ.

426 2488 567 2556 Περὶ
595 2486 715 2541 τῶν
730 2486 818 2556 μὴ
846 2488 1112 2557 γνόντων·
1134 2489 1201 2542 τὸ
1224 2489 1578 2557 μυστήριον,
1602 2489 1696 2543 καί
1726 2488 1814 2542 ὅτι
1836 2488 2007 2541 ἐκόν-

499 2576 599 2618 τες
642 2558 985 2629 ἠγνόησανζο
1031 2559 1131 2611 καὶ
1177 2559 1293 2614 ὅσα
1344 2560 1486 2625 τοὺς
1528 2562 1783 2629 γνόντας
1815 2557 2007 2627 ἀγαθὰ

493 2626 703 2701 μένει,⁷
732 2626 832 2682 καὶ
869 2626 1137 2697 μάλιστα
1174 2630 1316 2696 τοὺς
1343 2626 1740 2701 δι’όμοζιοτίας
1777 2626 2008 2683 τελειω-

499 2700 734 2766 θέντας.

512 2812 653 2866 Ἀλλ’
699 2814 818 2885 ἐρεῖ
860 2830 947 2876 τις
988 2813 1126 2883 (82),
1178 2805 1223 2880 ᾧ
1266 2812 1417 2881 φίλον
1467 2812 1584 2865 ἐστὶ
1641 2810 2003 2884 βλασφημεῖν,

429 2903 561 2957 Θεὸν
593 2904 722 2958 ὄντα
744 2903 1061 2976 δεδυνῆσθαι
1104 2903 1393 2977 κρείσσονα
1426 2902 1519 2956 καὶ
1553 2903 1867 2976 ἠπιωτέραν
1907 2902 2008 2975 τὴν

434 2994 752 3067 προαίρεσιν
804 2994 912 3049 τῶν
956 2994 1259 3067 ἀνθρώπων
1305 2992 1740 3067 ἀπεργάσασθαι.
1785 2994 1883 3057 Τίς
1914 2988 2008 3047 οὖν

435 3085 701 3155 κρείσσων
738 3084 957 3157 μέθοδος
986 3118 1005 3148 ,
1034 3083 1165 3140 ποία
1191 3085 1236 3139 δ’
1269 3086 1610 3156 ἐπιχείρησις
1637 3084 2011 3155 ἀνυτικωτέρα

435 3176 571 3250 πρὸς
624 3175 686 3229 τὸ
733 3176 860 3239 τοὺς
913 3177 1118 3240 κακοὺς
1165 3175 1619 3246 σωφρονισθῆναι,
1663 3176 1762 3247 τῆς
1810 3173 2007 3229 ἑαυτοῦ

432 3270 823 3341 προσρήσεως;
853 3268 967 3323 Οὐκ
1007 3268 1170 3331 αὐτὸς
1210 3266 1400 3339 παρὼν
1446 3269 1538 3320 καὶ
1584 3265 1860 3336 ὁρώμενος
1904 3265 2011 3319 ἐδί-

431 3360 596 3414 δασκε
622 3360 711 3413 τὸν
745 3358 971 3430 κόσμιον
1003 3357 1151 3429 βίον;
1186 3359 1251 3410 Εἰ
1281 3354 1373 3411 οὖν
1408 3359 1442 3428 ὴ
1479 3356 1575 3410 τοῦ
1621 3356 1756 3411 Θεοῦ
1793 3373 2008 3428 παραγ-

432 3451 590 3520 γελία
613 3450 878 3523 παρόντος
907 3450 1060 3503 οὐδὲν
1104 3449 1289 3520 ἣνυσε,
1325 3449 1377 3503 τί
1411 3448 1476 3502 ἂν
1511 3449 1745 3513 ἀπόντος
1795 3450 1892 3502 καὶ
1933 3448 2008 3520 μὴ

435 3542 768 3614 ἀκουομένου
799 3541 1082 3613 ὼφέλησε;
1118 3541 1183 3594 Τί
1228 3537 1321 3596 οὖν
1352 3540 1569 3609 ἐγένετο
1610 3539 1865 3611 ἐμπόδιον
1908 3538 2010 3609 τῆς

439 3632 860 3706 μακαριωτάτης
922 3631 1309 3696 διδασκαλίας;
1388 3631 1455 3684 Ἦ
1531 3631 1639 3683 τῶν
1707 3628 2010 3702 ἀνθρώπων

2601 2392 2769 2467 584
2802 2392 3031 2452 CAPUT
3064 2392 3184 2449 xu.

2110 2486 2189 2541 De
2211 2487 2292 2558 his
2317 2487 2409 2556 qui
2452 2487 2549 2541 hoc
2584 2487 2892 2558 mysterium
2923 2502 3029 2540 non
3054 2494 3500 2558 cognoverunt,“
3531 2492 3675 2558 quod

2178 2556 2479 2610 voluntaria
2502 2572 2683 2627 eorum
2703 2557 2969 2627 ignoratio
2992 2565 3068 2610 est
3089 2571 3108 2610 :
3133 2566 3181 2610 et
3214 2566 3410 2625 quanta
3428 2556 3562 2609 bona
3590 2573 3677 2611 eos

2181 2637 2427 2680 maneant
2457 2627 2550 2696 qui
2589 2626 2720 2678 illud
2749 2636 3121 2694 cognouerunt,
3156 2641 3220 2679 ac
3258 2626 3548 2695 pra‘sertim
3589 2642 3679 2681 eos

2176 2696 2268 2766 qui
2294 2697 2350 2750 in
2373 2697 2702 2765 confession
2728 2697 2921 2749 mortui
2953 2705 3094 2750 sunt.

2180 2807 2287 2863 Sed
2318 2808 2463 2864 dicet
2481 2808 2683 2880 aliquis
2709 2822 2779 2864 ex
2810 2809 2879 2865 iis
2904 2808 3106 2880 quibus
3139 2809 3381 2866 solemne
3409 2818 3495 2866 est
3519 2809 3682 2881 impie

2110 2899 2280 2968 loqui,
2331 2899 2500 2955 Deum
2553 2899 2892 2956 voluntatem
2945 2900 3224 2956 hominum
3282 2902 3565 2957 meliorem
3618 2917 3685 2957 ac

2109 2989 2459 3057 placidiorem
2484 2988 2666 3046 facere
2692 2991 2951 3060 potuisse.
2983 2991 3260 3060 Quaenam,
3300 3009 3453 3065 rogo.
3492 2993 3684 3050 melior

2110 3081 2216 3145 via,
2247 3097 2365 3150 qua:
2398 3081 2537 3136 ratio
2554 3081 2824 3137 efﬁcacior
2847 3083 2913 3137 ad
2936 3084 3210 3153 improbos
3229 3086 3475 3142 homines
3498 3101 3685 3142 emen-

2111 3175 2340 3237 dandos,
2378 3187 2545 3243 quam
2601 3181 2661 3228 ut
2707 3172 2852 3229 Deus
2904 3173 3019 3244 ipse
3047 3188 3141 3230 eos
3174 3188 3356 3230 coram
3387 3176 3685 3247 compella-

2112 3259 2234 3316 ret?
2277 3261 2359 3316 An
2413 3278 2520 3317 non
2556 3262 2646 3316 ille
2685 3277 2927 3333 praesens
2963 3272 3019 3317 et
3071 3266 3311 3320 omnimn
3370 3270 3682 3339 conspectui

2111 3354 2414 3424 subjectus,
2443 3369 2538 3409 eos
2579 3353 2645 3408 ad
2671 3354 2990 3410 modestiam
3043 3354 3402 3414 informavit?
3431 3359 3588 3429 Quod
3633 3363 3684 3420 si

2113 3447 2205 3501 Dei
2239 3446 2524 3516 praesentis
2554 3445 2849 3515 praeceptio
2879 3446 3015 3502 nihil
3039 3447 3261 3519 profuit,
3281 3451 3414 3520 quid
3440 3452 3685 3510 absentis

2111 3546 2167 3590 et
2203 3536 2431 3591 inauditi
2467 3536 2730 3606 prodesse
2776 3536 3090 3605 potuisset?
3121 3537 3274 3607 Quod
3305 3541 3472 3611 igitur
3499 3543 3686 3601 obsta-

2113 3631 2291 3687 culum
2324 3631 2423 3687 fuit
2447 3631 2772 3687 beatissima:
2796 3631 2937 3686 illius
2962 3633 3373 3703 praedicationi?
3394 3636 3685 3695 Hominum

437 3726 708 3796 σκαιότης·
750 3724 880 3778 ὅταν
918 3723 1027 3798 γὰρ
1066 3723 1135 3777 τὰ
1172 3722 1351 3785 καλῶς
1390 3739 1449 3776 τε
1491 3722 1586 3777 καὶ
1626 3720 2011 3793 προσηκόντως

2115 3724 2306 3779 feritas
2356 3733 2521 3794 atque
2568 3724 2800 3780 saevitia.
2836 3723 3061 3791 Quoties
3092 3727 3239 3782 enim
3284 3744 3349 3784 ea
3382 3745 3503 3799 quae
3533 3739 3685 3787 recte

436 3817 943 3891 παραγγελλόμενα,
974 3815 1111 3888 πρὸς
1133 3813 1302 3887 ὀργὴν
1329 3813 1716 3885 λαμϐάνωμεν,
1753 3810 2008 3883 τηνικάδε

434 3912 494 3965 τὸ
524 3912 692 3981 νῆφον
717 3911 816 3982 τῆς
836 3908 1072 3971 διανοίας
1094 3905 1456 3978 ἀμαυροῦται.
1486 3905 1549 3959 Τί
1577 3906 1654 3964 δὲ.
1683 3907 1765 3959 ὅτι
1787 3923 2011 3976 προσφι-

437 4005 525 4069 λὲς
555 4001 624 4076 ἦν
663 4003 771 4075 (85)
808 4002 1037 4066 ἐκείνοις
1086 4001 1310 4072 ἀμελεῖν
1353 3999 1462 4052 τῶν
1508 3999 1877 4071 προστάξεων,
1916 3998 2010 4053 καὶ

435 4097 757 4169 ἀνορέκτους
790 4095 1045 4165 παρέχειν
1069 4092 1168 4157 τὰς
1191 4092 1361 4157 ἀκοὰς
1393 4090 1472 4162 τῷ
1504 4091 1713 4146 τεθέντι
1746 4091 1895 4162 νόμῳ
1920 4114 1935 4163 ;
1962 4091 2010 4144 εί

438 4188 513 4261 μὴ
543 4188 651 4259 γὰρ
678 4185 1038 4257 κατημέλουν,
1079 4182 1238 4254 ἔσχον
1271 4182 1338 4237 ἂν
1367 4182 1493 4247 ἀξια
1531 4181 1602 4234 τὰ
1631 4182 1886 4253 ἐπίχειρα
1912 4180 2011 4250 τῆς

434 4275 772 4348 ἀκροάσεως,
808 4275 869 4327 οὐ
913 4271 1073 4346 μόνον
1109 4273 1188 4335 είς
1220 4270 1282 4324 τὸ
1331 4271 1694 4344 παραχρῆμα,
1734 4269 1873 4324 ἀλλά
1915 4270 2012 4323 καὶ

437 4370 517 4431 είς
545 4366 635 4420 τὸν
679 4364 971 4438 μετέπειτα
1005 4361 1136 4433 βίον,
1171 4363 1230 4427 ὃς
1258 4365 1403 4416 ἐστιν
1437 4362 1513 4426 ὡς
1556 4361 1771 4433 ἀληθῶς
1810 4359 1956 4432 βίος’
1982 4361 2012 4413 δ

436 4458 630 4532 γάρτοι
652 4456 841 4529 μισθὸς
861 4456 954 4510 τοῦ
972 4455 1051 4527 τῷ
1082 4454 1203 4527 Θεῷ
1240 4454 1543 4520 πείθεσθαι,
1567 4456 1596 4509 ὁ
1622 4454 1898 4525 ἄφθαρτος
1918 4454 2014 4508 καὶ

436 4552 607 4615 ἀΐδιος
640 4550 773 4621 βίος,
798 4544 861 4604 οὗ
890 4547 1117 4602 δυνατὸν
1151 4545 1547 4602 ἀντιποιεῖσθαι
1578 4547 1690 4610 τοῖς
1729 4546 1895 4600 εἰδόσι
1922 4545 2014 4600 τὸν

438 4650 591 4717 Θεὸν,
626 4650 719 4703 καὶ
740 4649 853 4711 τοῖς
888 4646 980 4700 τὸν
1024 4644 1234 4700 ἐαυτῶν
1274 4644 1387 4716 βίον
1429 4643 1667 4716 ζηλωτὸν
1706 4641 2016 4716 παρεχομέ-

439 4761 571 4809 νοις,
604 4741 700 4796 καὶ
719 4734 829 4795 οἷον
862 4737 1216 4810 παράδειγμα
1241 4735 1457 4790 αἰώνιον
1485 4738 1598 4799 τοῖς
1622 4735 1761 4808 πρὸς
1783 4735 2015 4807 ἅμιλλαν

441 4837 540 4907 ζῇν
571 4831 975 4907 προῃρημένοις
1007 4829 1140 4900 (84).
1177 4828 1276 4882 Διά
1312 4826 1472 4882 τοῦτο
1499 4822 1591 4882 οὖν
1625 4829 1660 4900 ἡ
1702 4826 2016 4881 διδασκαλία

515 4989 625 5062 (80)
663 4988 819 5062 Vulg.
853 4988 964 5054 ἓως
1000 4986 1098 5041 ὅτε
1141 4986 1349 5055 ἠπίως.
1382 4983 1575 5040 Scribo
1599 4983 1707 5049 ἕως
1751 4985 1840 5039 ὅτε
1867 4986 2017 5058 ἠπίῳ

444 5058 836 5206 μεῖἕιλοψυχίᾳε
868 5068 976 5114 etc.

467 5202 479 5206 _
576 5130 627 5203 l)
670 5132 874 5206 Τοιγαρ
898 5144 976 5182 τοι

2112 3816 2423 3887 utiliterque
2452 3822 2720 3887 pracepta
2749 3826 2894 3882 sunt,
2917 3815 3130 3874 infenso
3157 3819 3340 3876 animo
3360 3822 3685 3893 excipimus,

2116 3917 2243 3962 tunc
2282 3908 2477 3961 mentis
2499 3917 2699 3962 nostra
2724 3910 2876 3964 acies
2896 3908 3224 3978 quibusdam
3254 3912 3408 3979 quasi
3444 3912 3685 3968 tenebris

2112 3998 2459 4053 obscuratur.
2484 3998 2623 4066 Quid
2663 4000 2806 4070 quod
2847 4000 3112 4071 voluptati
3139 4001 3245 4056 illis
3272 4011 3391 4057 erat
3418 4011 3685 4074 praecepta

2113 4089 2411 4160 negligere,
2439 4100 2496 4146 et
2529 4091 2634 4161 legi
2687 4106 2809 4162 quae
2838 4090 3116 4148 ferebatur
3174 4092 3489 4151 fastidiosas
3523 4107 3688 4149 aures

2113 4186 2385 4255 praebere?
2406 4184 2525 4241 Nisi
2552 4185 2700 4243 enim
2747 4186 3138 4256 neglexissent,
3168 4186 3385 4257 dignam
3413 4195 3562 4243 certe
3588 4202 3619 4242 a
3636 4202 3687 4241 ι·

2113 4278 2318 4334 dientia
2367 4292 2466 4333 sua
2501 4279 2806 4335 mercedem
2835 4289 2992 4334 erant
3051 4279 3317 4346 relaturi,
3350 4295 3456 4334 non
3500 4281 3555 4335 in
3588 4281 3691 4335 hac.

2115 4379 2346 4436 tantum,
2376 4385 2566 4426 verum
2596 4370 2762 4426 etiam
2791 4371 2845 4426 in
2874 4370 3057 4426 futura
3092 4371 3201 4426 vita
3231 4388 3248 4439 ;
3278 4386 3398 4441 qua:
3425 4386 3554 4427 vere
3574 4372 3686 4426 vita

2112 4471 2199 4518 est
2251 4460 2638 4517 existimanda.
2685 4460 2890 4519 Eorum
2946 4462 3092 4518 enim
3140 4461 3233 4532 qui
3270 4463 3559 4532 praeceptis
3591 4462 3689 4519 Dei

2114 4549 2662 4624 parueruntgmerces
2675 4558 2779 4617 est,
2803 4550 3128 4607 immortalis
3147 4560 3413 4607 etaeterna
3443 4552 3570 4607 vita.
3606 4553 3689 4609 Ad

2114 4659 2277 4718 quam
2303 4645 2341 4699 ii
2362 4644 2581 4701 demum
2624 4644 2880 4715 aspirare,
2907 4653 3151 4715 possunt,
3183 4645 3273 4714 qui
3304 4643 3472 4700 Deum
3491 4660 3693 4716 cogno-

2115 4738 2294 4795 verint
2318 4779 2345 4805 ,.
2365 4745 2434 4794 et.
2448 4737 2540 4807 qui
2555 4749 2707 4793 suam
2734 4735 2975 4807 ipsorum
3005 4736 3175 4792 vitam
3195 4737 3345 4792 velut
3369 4748 3691 4809 perpetuum

2115 4830 2387 4903 quoddam
2410 4828 2712 4900 exemplar,
2735 4829 2805 4884 ad
2831 4827 3157 4884 imitandum
3191 4830 3575 4900 proposuerint
3599 4832 3689 4901 iis,

2188 4986 2300 5058 (83)
2341 4987 2403 5041 Τί
2428 4985 2515 5051 δὲ,
2544 4985 2632 5058 δτι
2664 4987 2954 5056 προφιλές
2984 4982 3083 5057 ἦν.
3113 4986 3291 5042 Malim
3330 4988 3571 5045 scribere
3610 4989 3693 5046 ἔτι

2041 5069 2088 5126 ι)
2113 5057 2171 5110 δὲ
2200 5055 2316 5120 ὅτι,
2356 5068 2464 5111 etc.
2498 5055 2669 5111 Affert
2704 5059 2848 5112 enim
2891 5055 3281 5126 Constantinus
3323 5061 3458 5116 duas
3501 5075 3693 5117 causas

539 5130 627 5203 81)
662 5122 874 5203 map
898 5144 986 5182 τοι
1021 5125 1213 5203 ποσῷ.
1258 5122 1407 5203 Nihil
1437 5137 1571 5193 opus
1597 5124 2012 5203 eratemenda-

2116 5142 2216 5183 cur
2251 5126 2479 5197 gentiles
2533 5127 2975 5196 praedicationem
3022 5125 3226 5184 Christi
3278 5144 3387 5184 non
3436 5144 3694 5202 suscepe-

444 5194 619 5259 tioue'
653 5194 936 5254 doctorum
998 5198 1260 5258 virorum,
1319 5194 1408 5263 qui
1468 5194 1748 5263 corrigunt
1795 5194 2009 5259 ποσῶς,

442 5288 564 5328 cum
607 5267 758 5339 ποσῷ
803 5269 964 5339 etiam
1015 5266 1121 5321 dici
1155 5264 1327 5339 po_ssi_t
1356 5264 1734 5339 adverbialiter
1776 5266 2017 5339 ρτοοέπὶ

443 5341 633 5397 ποσόν.
663 5332 742 5395 ιη’
772 5338 931 5396 codd.
983 5346 1161 5392 tamen
1207 5332 1357 5393 Fuk.
1414 5347 1478 5388 ac
1539 5333 1708 5389 Turn.
1758 5332 2014 5391 scribitur

444 5429 628 5466 ποσως
631 5449 646 5465 ο

411 5532 420 5547 ι
682 5476 1010 5552 ᾏμχὲρεζ
1038 5492 1166 5552 τις.-
1194 5473 1278 5552 A_b
1310 5472 1397 5528 his
1425 5472 1605 5552 verbis
1651 5472 2033 5527 inchoandum-

413 5542 420 5587 ἶ
445 5542 535 5607 est
561 5542 679 5620 cap.
707 5547 814 5602 l2:
845 5542 1037 5620 Deliis
1078 5546 1176 5620 qui
1207 5546 1304 5597 hoc
1337 5544 1639 5620 mys_terium
1659 5558 1781 5620 .non
1819 5558 2013 5620 coquo.

446 5611 650 5685 uerunt,
672 5628 719 5673 et
749 5616 888 5689 quod
916 5611 1214 5689 uoluntaria
1234 5611 1415 5689 eorum
1417 5612 1704 5689 jgnorqtio
1715 5620 1850 5689 ,_ctc.
1876 5611 2011 5665 Nam

448 5681 715 5750 hactenus
756 5681 869 5755 egit
905 5683 1387 5755 Constantinusde
1417 5681 1625 5735 Domini
1669 5686 1926 5755 adventu,
1952 5689 2024 5755 et

448 5748 607 5829 cujus
666 5757 745 5814 rei
792 5748 955 5829 {ausa
993 5754 1253 5829 Atlhristus
1309 5751 1361 5805 iu
1419 5758 1594 5829 terras
1649 5748 2008 5829 descenderit.

448 5822 602 5885 Nunc
621 5843 747 5886 vero
767 5827 877 5899 agit
896 5824 963 5882 de
993 5825 1061 5882 iis
1087 5824 1177 5897 qui
1205 5823 1307 5879 hoc
1337 5822 1647 5890 mysterium
1676 5823 2007 5889 ignorarunt.

2117 5202 2260 5253 runt.

2191 5265 2305 5337 (84)
2348 5265 2478 5338 Τοῖς
2542 5267 2693 5335 πρὸς
2742 5266 3010 5338 ἅμιλλαν
3065 5266 3185 5338 (ﬁt
3232 5266 3689 5338 προῃρημένας.

2121 5335 2407 5421 Eleganter
2441 5336 2614 5393 Grmci
2665 5335 3028 5421 dicunturpr
3071 5335 3306 5419 ἀμιλλαν
3335 5335 3579 5421 (ﬁmus
3626 5335 3693 5395 iis

2120 5406 2421 5478 quiivitam
2467 5422 2627 5478 suam
2677 5408 2743 5461 ad
2777 5406 2980 5478 optimi
3024 5406 3284 5477 cujusque
3335 5406 3691 5462 imitationem

2124 5476 2436 5531 instituunt.
2480 5477 2612 5546 Nam
2652 5477 2743 5546 qui
2774 5477 2828 5531 in
2860 5477 3059 5531 virtute
3092 5476 3324 5546 magnos
3374 5492 3695 5546 progressus

2126 5548 2304 5601 facere
2336 5545 2627 5609 voluerint,
2662 5545 3032 5616 aliquemsibi
3063 5548 3132 5602 ob
3156 5545 3341 5601 oeulos
3377 5545 3694 5616 proponere

2121 5618 2526 5686 debent,quem
2564 5615 2869 5686 imitentur.
2887 5615 2972 5686 _lta
3009 5617 3261 5686 Julianus
3289 5615 3591 5686 imperator
3625 5619 3692 5670 ad

2120 5683 2538 5757 aemulationem
2566 5686 2827 5755 principis
2855 5683 3694 5757 Marciactususuos'efﬁngebat

2119 5765 2175 5811 et
2202 5768 2405 5823 mores,
2434 5765 2491 5811 ut
2528 5753 2766 5825 loquitur
2793 5757 2969 5814 Amm.
2998 5753 3369 5812 Marcellinus.
