4176 6380
510 355 638 411 ηῖΙ

1219 352 1486 410 EUSEBII
1522 349 2004 408 CESARIENSIS
2042 349 2193 404 OPP.
2229 349 2411 405 PARS
2448 343 2497 404 l.
2526 381 2596 396 —-
2631 350 3024 409 HISTORICA.

3625 349 3765 404 1279

506 470 603 534 qni
648 467 718 524 ad
753 467 947 538 optimi
977 465 1234 534 cujusque
1275 464 1677 519 aemulationem
1713 463 1882 517 vitam
1929 476 2080 517 suam

2189 463 2458 534 παρεδόθη
2482 468 2594 528 τοῖς
2624 467 2826 533 σοφοῖς,
2863 465 2928 516 ἵν’
2954 466 3092 534 ὅπερ
3115 461 3180 517 ἂν
3212 464 3409 516 ἐκεῖνοι
3455 465 3760 534 παραγγὲλ·

509 561 748 615 formare
783 560 1158 615 instituerunt.
1201 556 1411 627 Quippe
1463 555 1669 611 idcirco
1701 555 1945 610 doctrina
1994 567 2086 609 sa—

506 653 786 722 pientibus
835 651 1030 706 tradita
1072 663 1179 716 est,
1227 659 1286 703 ut
1333 651 1480 718 quod
1514 648 1602 704 isti
1647 647 2019 718 praeceperint,
2054 662 2086 702 ιι

507 744 787 799 sodalibus
809 757 945 813 pura
975 749 1154 796 mente
1185 741 1372 796 sedulo
1395 740 1739 796 custodiatur
1759 781 1776 806 ,
1818 747 1982 809 atque
2012 739 2085 795 ita

507 836 723 890 sincera
760 849 825 890 ac
857 833 1013 889 ﬁrma
1052 832 1297 888 mandati
1332 832 1501 888 divini
1557 831 1885 888 observatio‘
1903 845 2088 901 persev

506 935 682 982 veret.
718 924 794 981 Ex
820 923 1130 992 huiusmodi
1165 923 1311 980 enim
1346 923 1747 988 observatione,
1771 932 1826 977 et
1845 939 1912 978 ex
1940 922 2084 978 inte-

508 1027 718 1073 merata
755 1016 862 1072 ﬁde
892 1015 1218 1086 sinceraque
1244 1029 1374 1085 erga
1409 1015 1576 1070 Deum
1609 1014 1810 1083 pietate
1832 1055 1848 1080 ,
1906 1014 2085 1069 nasci-

509 1121 596 1164 tur
623 1109 808 1163 mortis
828 1117 1195 1176 contemptus.
1225 1107 1347 1162 Stat
1371 1120 1501 1176 ergo
1532 1105 1839 1176 hujusmodi
1870 1105 2085 1160 animus

507 1201 708 1255 obnixe
733 1209 925 1256 contra
949 1198 1135 1258 saeculi
1183 1198 1470 1268 procellas,
1503 1197 1708 1253 invicto
1740 1198 1937 1254 divina:
1971 1198 2081 1252 vir-

509 1293 639 1348 tutis
676 1294 870 1348 robore
895 1292 1139 1348 munitus
1176 1290 1244 1346 ad
1293 1291 1640 1363 martyrium.
1685 1290 1929 1361 Cumque
1957 1307 2083 1360 gra-

505 1385 758 1439 vissimos
794 1394 1033 1439 terrores
1066 1397 1333 1451 generose
1365 1383 1733 1452 superaverit,
1765 1397 1967 1444 corona
1995 1381 2082 1436 do-

509 1486 673 1531 natur
705 1477 774 1531 ab
797 1490 864 1530 eo
904 1476 1021 1546 ipso
1052 1477 1140 1532 cui
1174 1478 1538 1533 testimonium
1563 1486 1882 1532 constanter
1908 1475 2084 1545 perhi-

505 1570 644 1625 buit.
682 1567 792 1622 Nec
851 1579 1032 1623 tanien
1079 1577 1365 1638 propterea
1427 1568 1708 1639 gloriatur.
1737 1565 1899 1620 Novit
1935 1567 2080 1620 enim

510 1661 602 1714 Dei
640 1675 834 1714 munus
859 1674 1000 1725 esse,
1037 1660 1179 1728 quod
1213 1669 1268 1714 et
1323 1669 1590 1715 tormenta
1635 1659 1979 1723 sustinuerit,
2028 1669 2084 1712 et

509 1751 689 1805 divina
728 1761 995 1823 prazcepta
1026 1752 1282 1808 alacriter
1321 1751 1650 1822 impleverit.
1698 1751 1868 1807 Porro
1898 1750 2083 1820 hujus-

2195 553 2349 618 λωσι,
2374 554 2532 608 τοῦτο
2566 557 2681 625 μετ’
2716 553 3030 624 ἐπιμελείας
3064 553 3170 606 ὑπὸ
3205 551 3314 606 τῶν
3339 552 3554 606 οίκείων
3597 571 3773 625 παρα-

2195 645 2536 716 φυλάσσηται
2580 645 2797 718 καθαρᾷ
2834 646 2979 717 ψυχῇ
3037 645 3149 716 (85)
3169 685 3184 710 ,
3233 644 3441 716 ἀληθής
3479 662 3539 698 τε
3677 649 3772 700 καὶ

2195 736 2391 807 βεϐαία
2419 740 2453 809 ἡ
2487 737 2703 809 φυλακὴ
2727 740 2826 810 τῆς
2859 737 3158 803 κελεύσεως
3172 738 3265 792 τοῦ
3296 737 3453 791 Θεοῦ⁶
3483 739 3548 791 ἐκ
3579 738 3771 809 γάρτοι

2194 829 2368 900 αὐτῆς
2389 828 2482 882 καὶ
2514 828 2574 882 τὸ
2607 828 2743 900 πρὸς
2779 827 2869 882 τὸν
2907 827 3133 882 θάνατον
3174 829 3328 892 ἀδεὲς
3371 827 3476 882 ὑπὸ
3522 827 3772 898 καθαρᾶς

2194 923 2431 988 πίστεως
2459 923 2553 978 καὶ
2581 921 2906 994 εἰλικρινοῦς
2929 922 3058 992 περὶ
3089 921 3182 974 τδν
3218 919 3351 974 Θεὸν
3388 919 3770 985 καθοσιώσεως

2193 1015 2414 1084 φύεται·
2460 1015 2778 1072 ἀνθίσταται
2819 1013 2877 1067 δέ
2950 1012 3138 1079 ζάλαις
3187 1015 3499 1083 κοσμικαῖς,
3537 1013 3770 1067 ἀναντας

2193 1107 2441 1178 γωνίστῳ
2483 1106 2633 1177 Θείας
2673 1107 2875 1178 ἀρετῆς
2912 1106 3272 1178 πεφραγμένη
3303 1105 3438 1176 πρὸς
3467 1106 3530 1159 τὸ
3565 1106 3771 1179 μαρτύ-

2193 1217 2308 1271 ριον
2327 1199 2438 1270 (86)
2458 1217 2472 1231 ο
2505 1201 2771 1271 νικήσασα
2811 1199 2940 1270 γοῦν
2962 1200 3066 1253 ὑπὸ
3094 1199 3497 1273 μεγαλοψυχίας
3516 1201 3642 1264 τοὺς
3675 1217 3771 1272 με-

2191 1292 2410 1359 γίστους
2431 1292 2649 1363 φόϐους,
2671 1290 2913 1357 ἀξιοῦται
2931 1291 3196 1361 στεφάνου
3218 1291 3546 1364 παράὐτοῦ,
3569 1293 3771 1361 ὃνγεν-

2187 1384 2351 1448 ναίως
2367 1384 2711 1458 ἐμαρτύρησε
2725 1385 2970 1456 (87).Καὶ
2981 1384 3134 1439 οὐδὲν
3143 1402 3201 1442 σε
3207 1384 3772 1455 μνύνεταιοέπίσταται

2187 1474 2316 1546 γὰρ,
2334 1469 2505 1546 οἶμαι,
2519 1476 2613 1529 καὶ
2636 1474 2794 1529 τοῦτο
2816 1475 2999 1529 θεόθεν
3019 1475 3278 1539 δεδόσθαι,
3313 1477 3447 1546 πρὸς
3461 1475 3520 1528 τὸ
3537 1475 3772 1547 ὑποστῆο

2189 1586 2295 1633 ναι,
2338 1570 2434 1622 καὶ
2471 1568 2755 1640 πληρῶσαι
2783 1567 3080 1641 προθύμως
3113 1569 3181 1623 τὰ
3201 1569 3319 1629 θεῖα
3341 1567 3766 1640 προστάγματα·

2187 1654 2488 1726 διαδέχεται
2535 1655 2598 1728 δὴ
2641 1657 2793 1710 τόνδε
2835 1656 2925 1710 τὸν
2977 1655 3092 1726 βίον
3143 1659 3332 1728 μνήμη
3381 1657 3626 1729 διαρκὴς,
3672 1658 3770 1712 καὶ

2190 1746 2403 1812 αἰώνιος
2431 1747 2579 1815 δόξα,
2611 1748 2754 1820 μάλα
2782 1749 3024 1814 εἰκότωςο
3056 1748 3213 1821 εἴπερ
3251 1750 3279 1802 ὅ
3313 1767 3372 1803 τε
3399 1750 3512 1820 βίος
3536 1749 3768 1824 σώφρων

510 1843 653 1896 modi
678 1845 846 1897 vitam
896 1845 1098 1916 excipit
1137 1844 1464 1900 immortalis
1499 1845 1762 1900 memoria
1813 1854 1869 1899 et
1910 1844 2080 1914 gloria

2185 1839 2279 1893 τοῦ
2317 1840 2613 1912 μάρτυρος,
2656 1841 2748 1894 καὶ
2783 1841 2890 1895 τῶν
2937 1842 3410 1913 παραγγελμάτων
3447 1843 3696 1913 μνήμων,
3727 1842 3766 1914 ἦ

507 1936 878 2003 sempiterna;
930 1936 1092 2007 idque
1139 1938 1260 2007 jure
1309 1935 1472 2007 585
1523 1937 1728 2006 optimo
1777 1935 2081 2005 :siquidem

511 2027 769 2104 martyris
802 2037 914 2081 tum
939 2029 1047 2081 vita
1077 2027 1188 2095 ipsa
1221 2027 1378 2098 plena
1407 2027 1685 2083 modestiae
1720 2042 1785 2081 ac
1823 2026 2084 2094 religiosae

507 2119 816 2176 divinorum
839 2121 1217 2174 mandatorum
1238 2119 1604 2174 observantiae
1625 2118 2079 2188 deprehenditur:

511 2220 622 2266 tum
659 2225 809 2264 mors
865 2208 1026 2278 plena
1058 2209 1396 2265 fortitudinis
1427 2223 1492 2264 ac
1545 2222 1824 2278 generosa:
1861 2207 2077 2262 indolis.

504 2304 741 2359 Proinde
773 2303 960 2374 hymni
998 2303 1307 2373 psalmique
1339 2310 1396 2356 et
1431 2301 1621 2355 laudes
1647 2299 1943 2370 lnspectori
1966 2314 2083 2353 om-

507 2395 654 2448 nium
686 2395 797 2449 Deo
830 2395 1072 2462 posthaec
1097 2401 1387 2446 canuntur.
1420 2390 1488 2444 Et
1520 2389 1787 2459 ejusmodi
1814 2388 2080 2458 quoddam

508 2487 805 2554 gratiarum
829 2485 1062 2539 actionis
1094 2482 1424 2538 sacriﬁcium
1446 2481 1498 2534 in
1519 2479 1837 2534 memoriam
1866 2477 2080 2532 illorum

507 2559 806 2646 peragitur,
839 2576 983 2643 quod
1017 2573 1086 2628 ab
1112 2573 1262 2628 omni
1298 2573 1563 2642 sanguine
1598 2581 1654 2625 et
1697 2569 1953 2623 violentia
1988 2583 2080 2622 va-

506 2682 668 2722 cuum
695 2677 798 2721 est.
829 2666 935 2720 Sed
970 2681 1068 2720 nec
1094 2665 1229 2719 odor
1256 2663 1434 2718 thuris
1482 2662 1796 2731 requiritur,
1832 2674 1932 2715 nec
1985 2675 2080 2715 ac-

506 2773 705 2818 census
735 2772 923 2826 rogus,
952 2757 1045 2811 sed
1076 2770 1268 2826 purum
1288 2755 1554 2809 duntaxat
1585 2752 1789 2819 lumen,
1818 2763 2078 2821 quantum

510 2851 646 2908 satis
666 2850 738 2904 sit
765 2851 831 2904 ad
855 2865 949 2904 eos
993 2849 1084 2918 qui
1117 2847 1284 2902 Deum
1310 2864 1313 2866 ·
1342 2854 1654 2916 precantur.
1705 2845 2077 2900 illustrandos.

508 2941 700 2999 Sobria
731 2955 949 3013 quoque
975 2940 1222 2997 convivia
1281 2939 1627 2994 celebrantur
1658 2955 1688 2993 a
1725 2939 1932 3005 multis,
1964 2949 2076 2994 tum

2189 1949 2248 1993 τε
2282 1931 2508 2008 τελευτὴ
2548 1931 2762 2004 πλήρης
2789 1931 2900 1998 (88)
2925 1933 3236 2004 εὑρίσκεται
3267 1931 3667 2002 μεγαλοψυχίας
3705 1949 3767 1984 τε

2190 2027 2284 2081 καὶ
2309 2025 2586 2094 εὐγενείας
2612 2041 2627 2056 ·
2665 2025 2821 2096 ὕμνοι
2865 2023 2929 2096 δὴ
2963 2024 3100 2095 μετὰ
3142 2023 3313 2076 ταῦτα
3359 2023 3451 2078 καὶ
3490 2022 3767 2094 ψαλτήρια

2190 2121 2283 2174 καὶ
2307 2118 2590 2189 εὐφημίαι,
2627 2118 2721 2170 καὶ
2745 2117 2881 2189 πρὸς
2902 2117 2990 2170 τὸν
3019 2117 3235 2170 πάντων
3261 2117 3504 2186 ἐπόπτην
3525 2115 3762 2178 ἔπαινος,

2190 2208 2300 2263 Καὶ
2325 2207 2547 2278 τοιαύτη
2578 2225 2662 2271 τις
2691 2207 3040 2279 εὐχαριστίας
3074 2206 3234 2260 θυσία
3275 2207 3382 2278 (89)
3431 2209 3541 2271 τοῖς
3568 2207 3767 2280 ἀνδράφ

2191 2317 2272 2352 σιν
2297 2301 2654 2362 ἀποτελεῖται,
2683 2299 2821 2371 ἁγνὴ
2863 2301 2960 2371 μὲν
2991 2300 3241 2371 αἵματος,
3292 2300 3430 2371 ἁγνὴ
3474 2300 3533 2353 δὲ
3583 2300 3766 2370 πάσης

2191 2391 2339 2462 βίας·
2398 2392 2533 2447 οὐδὲ,
2569 2392 2676 2465 μὴν
2725 2391 2868 2462 ὀσμὴ
2921 2391 3153 2444 λιϐάνων
3209 2391 3584 2455 ἐπιποθεῖται,
3642 2392 3764 2445 οὐδὲ

2190 2487 2451 2557 πυρκαϊά-
2513 2486 2752 2558 καθαρδν
2803 2486 2858 2540 δὲ
2915 2485 3047 2556 φῶς,
3099 2486 3221 2538 ὅσον
3277 2482 3570 2554 ἐξαρκέσαι
3626 2481 3764 2554 πρὸς

2185 2577 2452 2649 ἔκλαμψιν
2489 2560 2600 2644 τοίς
2622 2579 2930 2649 εὐχομένοις
2949 2596 2961 2608 ·
3009 2575 3424 2648 σωφρονέστατα
3454 2575 3510 2628 δὲ
3554 2573 3761 2627 πολλῶν

2186 2669 2281 2720 καὶ
2318 2667 2388 2722 τὰ
2418 2669 2690 2739 συμπόσια
2725 2669 2855 2740 (90),
2892 2668 3028 2739 πρὸς
3049 2667 3195 2720 ἔλεον
3220 2667 3312 2720 καὶ
3333 2667 3629 2735 ἀνάκτησιν
3651 2665 3761 2718 τῶν

2185 2756 2454 2828 δεομένων
2491 2758 2809 2830 ποιούμενα,
2856 2760 2949 2812 καὶ
2991 2758 3128 2828 πρὸς
3162 2755 3411 2828 βοήθειαν
3449 2756 3558 2808 τῶν
3597 2757 3761 2807 ἐκπε-

2188 2850 2411 2906 σόντων.
2438 2852 2617 2922 Ἀπερ
2649 2851 2712 2904 ἄν
2741 2868 2826 2915 τις
2851 2851 3082 2922 φορτικὰ
3101 2845 3242 2903 εἶναι
3270 2848 3488 2920 νομίζῃ,
3525 2848 3586 2901 οὐ
3616 2846 3761 2907 κατὰ

2183 2942 2282 3013 τὴν
2317 2942 2465 2998 Θείαν
2491 2945 2585 2998 καὶ
2610 2943 3033 3016 μακαριωτάτην
3061 2941 3406 2997 διδασκαλίαν
3438 2943 3640 3013 φρονεῖ.

505 3034 574 3087 ad
608 3032 1006 3098 mendicorum,
1037 3040 1148 3086 tum
1173 3031 1239 3085 ad
1277 3046 1465 3086 eorum
1492 3031 1585 3100 qui
1618 3031 1795 3100 patria
1850 3044 1902 3086 et
1940 3032 2099 3087 bonis
2127 3035 2470 3100 exciderunt,
2507 3036 2742 3107 inopiam
2787 3036 3194 3091 sublevandam.
3247 3034 3378 3102 Quae
3429 3034 3472 3088 si
3500 3033 3624 3103 quis
3659 3031 3762 3084 im~.

507 3123 734 3200 portuna
756 3143 879 3185 esse
913 3128 1214 3194 existimet,
1245 3128 1292 3182 is
1320 3137 1513 3183 contra
1536 3127 1778 3183 divinam
1813 3136 1868 3183 et
1895 3140 2303 3186 sacrosanctam
2335 3131 2674 3201 disciplinam
2709 3145 2904 3202 sapere
2937 3130 3171 3184 videtur.

1091 3261 1319 3317 CAPUT
1366 3263 1503 3318 XIII.

509 3358 665 3425 Quod
697 3358 994 3414 necessaria
1035 3358 1102 3410 sit
1135 3358 1436 3426 differentia
1470 3358 1524 3409 in
1557 3356 1712 3410 rebus
1760 3357 1988 3410 creatis:
2031 3363 2084 3408 et

575 3431 715 3497 quod
749 3429 819 3483 ad
850 3431 1042 3481 bonum
1072 3427 1374 3495 malumque
1399 3428 1679 3495 propensio
1721 3443 1784 3480 ea:
1818 3427 2082 3497 uoluntate

574 3494 847 3622 Ιιρηιὶηὕηι
901 3497 1110 3551 oritur:
1153 3494 1368 3568 ideoque
1399 3494 1778 3551 necessarium
1821 3507 1896 3550 est
1932 3494 2084 3564 judi-

574 3585 715 3622 cium
791 3585 858 3622 ea.
1195 3590 1202 3597 ·

573 3585 715 3623 etum
740 3585 858 3623 νει.
1195 3590 1202 3597 ’

576 3661 809 3737 Quidam
845 3675 976 3714 vero
1007 3657 1172 3714 etiam
1212 3660 1266 3712 in
1323 3658 1428 3713 hoc
1462 3657 1628 3712 Deum
1682 3656 2083 3726 reprehendere

503 3754 731 3824 juvenili
783 3752 1009 3808 audacia
1057 3762 1398 3822 praesumunt
1440 3751 1594 3818 :Qna
1642 3751 1710 3804 dc
1761 3765 1946 3815 causa,
1975 3739 2084 3802 'in-

583 3888 696 3959 (85)
713 3887 870 3957 Vulg.
898 3885 1448 3959 παραφυγῖάσσηται
1466 3887 1692 3959 καθαρά
1929 3883 2080 3959 S__cr_i-

514 3952 748 4024 bendum
773 3952 856 4012 est
881 3952 1098 4027 καθαρᾷ
1127 3957 1294 4027 ψυχῇ,
1331 3952 1388 4008 ut
1425 3952 1623 4027 Iegityr
1650 3957 1702 4009 in
1721 3952 1915 4027 codice
1942 3952 2077 4008 Fuk.

509 4012 565 4085 IT"
595 4012 706 4094 quo
732 4012 1182 4097 etiamscri'bitiir
1206 4012 1420 4097 ’ἀληθής
1455 4012 1517 4077 τε
1545 4022 1600 4096 ᾖ,
1631 4026 1854 4097 οριίῐιιιι2

585 4092 698 4169 (86)
738 4095 1130 4169 Hsgparpém
1164 4092 1315 4169 πρρς
1339 4092 1407 4148 τὸ
1443 4092 1794 4169 μαρωριον.
1817 4092 1892 4169 _In
1927 4093 2080 4169 libris

511 4163 796 4239 Scaligeri.
823 4163 1128 4239 Bongarsii'
1149 4163 1217 4239 et:
1238 4163 1476 4239 Gruteri,
1513 4166 1601 4239 hic
1630 4167 1779 4239 locus
1815 4165 1888 4218 ita
1935 4163 2082 4239 lege-

504 4233 688 4322 batur:
712 4233 1176 4322 άνανταγωνίστιρ
1192 4235 1342 4299 θείας
1382 4233 1598 4322 ἀρετῆς,
1631 4234 2078 4322 μάχῃᾼφερομένη

509 4311 647 4383 πρὸς
675 4302 738 4362 τὸ
769 4302 1089 4378 μαρτύριον.
1133 4302 1303 4372 Quam
1338 4302 1664 4372 scripturam
1696 4302 1954 4358 etiamin
1985 4302 2080 4358 co;

509 4385 628 4434 dice
672 4377 808 4436 Fnk.
858 4377 1057 4443 reperi.
1109 4375 1344 4431 Savilins
1395 4390 1522 4429 vero
1577 4374 1627 4427 in
1681 4373 1821 4426 libro
1855 4389 1955 4427 suo
2005 4375 2078 4427 ita

507 4449 836 4511 eiiiendavit,
883 4442 1337 4516 ἀνανταγωνίστῳ
1368 4462 1427 4498 τε
1454 4443 1896 4516 θείας-αρετῆς
1931 4442 2077 4514 μάχῃ

508 4519 732 4592 φέρεται
767 4517 934 4592 πρός,
984 4513 1406 4592 ειοίάιιιιιιεὶιιι
1451 4514 1580 4592 legit
1627 4513 2077 4592 Cliristpphorso?

512 4582 634 4643 nu's.
677 4587 784 4642 Sed
814 4582 1036 4656 "vulgata
1085 4582 1442 4656 lectio,7qnaei
1482 4585 1536 4656 in
1585 4583 1771 4638 codice
1813 4582 1980 4652 [legio
2029 4592 2084 4638 et

510 4659 563 4714 in
594 4659 807 4712 schedis
844 4653 1097 4716 habetur.
1129 4670 1250 4709 meo
1277 4653 1483 4717 ju‘dicio
1517 4653 1671 4710 longe
1701 4663 1939 4717 prmstat.

582 4729 694 4805 (87)
726 4727 885 4805 Yulg.
916 4727 1136 4805 ῥςχεν.
1169 4729 1575 4805 ἐμαρτιξορησε..
1591 4725 1707 4781 Non
1734 4725 1928 4805 dubito
1950 4725 2083 4805 quin

509 4796 855 4870 scribendum
885 4799 957 4870 sit
985 4796 1044 4851 ὃν
1070 4796 1330 4866 γενναίως
1371 4798 1720 4870 ἐμαρτύρησε
1741 4839 1755 4862 ,
1787 4797 1932 4866 quod
1961 4796 2072 4854 mi-_

511 4883 600 4939 ror
627 4885 657 4922 a
686 4867 1186 4937 Christophorsono
1232 4870 1462 4939 aliisque
1485 4867 1932 4924 animadversum
1961 4881 2072 4921 non

506 4936 695 4999 fuisse.

581 5001 694 5070 (88)
732 4998 900 5070 Vulg.)
921 5000 959 5068 ἠ
977 4999 1226 5067 τελευτὴ
1241 5001 1498 5069 πλήρης.
1519 5000 1713 5056 Procul
1749 5000 1912 5055 dubio
1941 5002 2084 5056 scri-

508 5069 747 5143 bendum
762 5080 849 5124 est
875 5069 910 5141 ἦ
939 5086 999 5143 τε
1019 5070 1243 5143 τελευτὴ
1279 5072 1510 5143 πλήρης,
1541 5081 1597 5123 ιιι
1621 5085 1815 5143 sensus
1826 5072 1900 5143 sit
1924 5071 2081 5143 abso-

510 5140 674 5220 lutus.
726 5138 910 5195 Porro‘
944 5141 1034 5194 hic
1083 5141 1235 5196 locus
1293 5138 1737 5213 de'martyribus
1788 5141 2080 5212 elegantis-

507 5219 680 5266 simus
709 5219 814 5264 est.

581 5281 692 5350 (89)
732 5280 1137 5353 Εὐχάριστίᾳς
1167 5283 1368 5338 θυσία.
1413 5281 1477 5336 Et
1507 5283 1595 5337 hic
1640 5283 1792 5353 locus
1835 5281 2082 5353 Inprimis

509 5353 780 5413 notandus
809 5351 987 5406 estde
1031 5351 1205 5406 Missae
1255 5353 1547 5416 sacrilicio,
1592 5356 1736 5417 quod
1780 5352 1833 5404 in
1878 5351 2076 5404 memo-

508 5424 643 5474 riam
688 5431 854 5491 atque
909 5423 1166 5475 honorem
1220 5433 1516 5491 martyrum
1565 5422 1896 5491 offerebatur
1945 5421 2074 5474 Deo.

507 5492 599 5544 Sic
643 5490 787 5544 enim
841 5492 1155 5558 explicanda
1209 5502 1338 5545 sunt
1367 5490 1492 5546 haec
1530 5493 1722 5555 verba,
1775 5490 1932 5558 θυσία
1967 5494 2078 5553 τοῖς

505 5560 760 5630 ἀνδράσιν
800 5555 1161 5625 ἀποτελεῖται,
1204 5579 1324 5630 quae
1362 5576 1465 5613 non
1520 5562 1780 5614 intellexit
1829 5555 2077 5614 Christo-

506 5633 836 5700 phorsonus.
864 5631 1048 5700 Neque
1079 5635 1222 5686 enim
1253 5631 1549 5686 Christiani
1580 5630 1904 5685 sacriﬁcium
1934 5647 2078 5684 mar-

509 5702 719 5769 tyribus
765 5699 1107 5772 oﬁ‘erehant,
1151 5702 1244 5754 sed
1286 5701 1382 5753 soli
1433 5700 1556 5763 Deo,
1590 5702 1789 5770 gratias
1821 5702 1869 5753 ei
1913 5718 2078 5772 agen-

510 5781 610 5838 tes,
637 5776 785 5841 quod
817 5770 940 5825 illos
971 5772 1216 5842 martyrii
1244 5785 1443 5826 corona
1477 5772 1753 5839 donasset,
1787 5783 1866 5826 ut-
1891 5770 2081 5826 scribit

2704 3263 3102 3316 ΚΕΦΑΛΑῘΟΝ
3137 3260 3236 3316 II".

2191 3352 2308 3406 Ὀτι
2349 3353 2644 3422 ἀναγκαία
2683 3352 2803 3406 τῶν
2841 3352 2953 3420 τῆς
2987 3353 3240 3422 κτίσεως
3281 3351 3480 3420 μερῶν
3527 3351 3568 3419 ἡ
3625 3350 3754 3422 διατ

2256 3424 2429 3493 φορὰ,
2461 3421 2669 3493 καὶ-ὅτι
2696 3424 2734 3490 ἡ
2768 3423 2920 3493 πρὸς
2942 3421 3344 3493 τὸχαλὸνᾼκαὶ
3378 3421 3568 3493 κακὸν
3590 3421 3755 3493 ῥοπὴ

2252 3491 2363 3560 τῆς
2385 3491 2708 3557 ἀνθρώπων
2731 3491 2965 3561 γνώμης
2995 3492 3184 3546 ἐστίν·
3211 3491 3348 3547 ὅθεν
3365 3492 3462 3546 καὶ
3487 3493 3524 3560 ἡ
3558 3491 3758 3560 κρίσις

2253 3564 2546 3632 ἀναγκαία
2578 3564 2674 3616 καὶ
2706 3563 2973 3631 εὔλογος.

2258 3655 2396 3725 Ἤδη
2425 3655 2481 3708 δέ
2515 3672 2660 3718 τινες
2700 3653 2795 3708 καὶ
2821 3655 2879 3707 ἐν
2911 3653 2988 3724 τῷ
3022 3653 3330 3725 μέμφεσθαι
3357 3654 3468 3724 (9i)
3502 3654 3590 3708 τὸν
3624 3654 3759 3709 Θεὸν

2183 3747 2571 3803 νεανιεύονταιο
2602 3746 2666 3798 Τί
2699 3746 2762 3817 δή
2789 3762 2919 3798 ποτε
2946 3744 3245 3816 βουληθεὶς,
3277 3745 3339 3797 οὐ
3371 3745 3511 3820 μίαν.
3531 3746 3625 3800 καὶ
3658 3744 3756 3819 τὴν

2181 3879 2514 3948 Augustinus
2559 3878 2613 3932 in
2660 3877 2797 3931 libro
2829 3893 2922 3948 vui
2960 3876 3034 3931 De
3067 3877 3275 3948 civitate
3308 3876 3428 3948 Dei,
3467 3877 3646 3948 capite
3672 3878 3757 3948 ιιΙ-

2185 3946 2334 4002 timo.
2368 3949 2433 4002 Et
2453 3950 2570 4002 haec
2585 3956 2668 4000 est
2692 3961 2854 4015 quam
2877 3947 3264 4002 Constantinus
3290 3948 3391 4002 hoc
3421 3947 3538 4001 loco
3564 3946 3758 4001 θυσίαν

2181 4019 2281 4090 τῆς
2317 4017 2661 4090 εὐχαριστίας
2697 4017 3178 4090 appellat:_Verunt
3201 4016 3332 4090 quia
3366 4016 3431 4069 ad
3465 4018 3758 4090 memorias

2182 4085 2250 4143 etv
2281 4085 2524 4154 sepulcra
2581 4097 2881 4154 martyrum
2916 4085 3214 4141 Christiani
3265 4087 3602 4140 incruentum
3651 4088 3756 4142 hoc

2182 4159 2507 4213 sacriﬁcium
2534 4157 2644 4209 Deo
2668 4155 2990 4221 oﬂerebant,
3021 4164 3079 4226 ut
3095 4157 3166 4210 ob
3191 4155 3509 4226 martyrium
3533 4158 3756 4223 praemia

2183 4237 2238 4280 et
2271 4243 2503 4281 coronas
2542 4237 2707 4294 atque
2730 4226 2988 4280 victorias
3033 4225 3082 4278 ei
3116 4225 3600 4294 gratias'agerent,
3635 4226 3758 4280 ideo

2182 4297 2573 4352 Constantinus
2621 4297 2882 4351 honorem
2931 4296 3075 4351 hunc
3118 4297 3474 4366 martyribus
3507 4295 3753 4352 habitum

2183 4382 2302 4421 esse
2329 4368 2474 4419 dicit.

2252 4436 2361 4506 (90)
2402 4437 2511 4490 Kal
2557 4434 2630 4489 τὰ
2681 4439 3014 4505 συμπόσια.
3075 4435 3150 4489 De
3194 4436 3281 4489 his
3316 4435 3752 4506 Christianorum

2185 4505 2464 4570 conviviis,
2493 4522 2613 4576 quae
2653 4507 2719 4560 ad
2778 4508 3026 4574 sepulcra
3068 4517 3369 4575 martyrum
3421 4505 3755 4576 ﬁebant,ilo-

2113 4562 2158 4617 D
2186 4562 2370 4644 quitur
2403 4562 2542 4630 idem
2581 4562 2913 4642 Augustinus
2943 4576 2997 4628 in
3040 4577 3159 4630 loco
3202 4562 3366 4628 citato
3411 4578 3494 4630 his
3524 4562 3701 4628 verbis
3736 4593 3751 4628 :

2194 4665 2212 4696 ι
2250 4647 2568 4714 Quicunque
2617 4647 2778 4699 etiam
2823 4645 3009 4714 epulas
3046 4661 3173 4700 suas
3204 4660 3269 4700 eo
3310 4646 3582 4707 deferunt,
3612 4645 3758 4711 quod

2187 4719 2404 4785 quidem
2435 4733 2462 4770 a
2493 4716 2816 4772 Christianis
2861 4716 3176 4770 melioribus
3210 4730 3317 4769 non
3354 4717 3432 4782 ﬁt,
3459 4724 3513 4768 et
3543 4715 3597 4767 in
3638 4715 3755 4782 ple-

2192 4789 2371 4855 risque
2402 4798 2669 4841 terrarmn
2706 4785 2850 4840 nulla
2893 4786 3017 4841 talis
3052 4796 3137 4839 est
3183 4785 3542 4847 consuetudo,
3572 4794 3754 4837 tamen

2189 4857 2496 4924 quicunque
2525 4857 2574 4910 id
2607 4856 2830 4920 faciunt,
2857 4871 2989 4923 quas
3016 4871 3138 4909 cum
3164 4856 3530 4925 apposuerint.
3562 4863 3744 4916 orant,

2187 4935 2240 4980 et
2275 4927 2526 4978 auferunt
2559 4939 2615 4980 ut
2643 4936 2951 4986 vescantur,
2980 4925 3058 4979 vel
3095 4941 3158 4986 ex
3191 4929 3268 4981 eis
3311 4926 3474 4979 etiam
3514 4925 3755 4992 indigen-

2189 4996 2332 5049 tibus
2380 4997 2700 5063 largiantur,
2748 4996 3077 5050 sanctiIicari
3146 4997 3216 5048 ibi
3263 5011 3359 5051 eas
3412 4995 3603 5048 volunt
3661 5007 3758 5059 per

2184 5067 2374 5119 merita
2405 5075 2722 5134 martyrum,
2746 5087 2764 5117 ι
2803 5079 2909 5119 etc.
2945 5066 3116 5120 Porro
3153 5065 3270 5132 haec
3303 5065 3549 5118 convivia
3598 5064 3759 5116 initio

2183 5136 2400 5205 quidem
2449 5136 2626 5188 sobria
2679 5135 2829 5189 luere
2880 5150 2944 5189 ac
2987 5137 3247 5189 modesta.
3283 5137 3470 5190 Postea
3519 5148 3672 5205 vero,
3700 5134 3756 5198 in

2183 5203 2336 5273 pejus
2365 5205 2679 5273 proliciente
2713 5205 3017 5267 licenlia,ad
3043 5206 3360 5259 ebrietatem
3389 5221 3451 5258 ac
3479 5203 3754 5269 lasciviam

2184 5276 2467 5336 discivere.
2511 5276 2689 5342 Atque
2738 5275 2940 5329 idcirco
2967 5273 3236 5344 plerisque
3265 5277 3316 5328 in
3367 5274 3504 5328 locis
3542 5273 3758 5344 penitus

2184 5345 2453 5414 exstincta
2502 5339 2646 5410 sunt,
2682 5355 2817 5399 teste
2861 5339 3165 5414 Augustino
3207 5346 3258 5398 in
3303 5339 3754 5414 epistola—(iisin

2185 5416 2371 5470 codice
2417 5413 2550 5469 Fuk.
2595 5409 2853 5483 seriptum
2893 5409 2977 5469 esi
3009 5409 3430 5485 σωφρονέστατα
3474 5413 3533 5467 δὲ
3575 5409 3756 5485 πολλῷ

2186 5485 2280 5553 καὶ
2323 5485 2616 5556 συμπόσια,
2644 5481 2772 5550 etc.,
2807 5501 2910 5538 non
2935 5481 3164 5552 πολλῶν.
3196 5496 3253 5539 ut
3283 5485 3484 5538 habent
3528 5482 3758 5551 vulgatae

2185 5557 2466 5612 editiones.

2258 5627 2368 5694 (91)
2408 5626 2517 5679 Kal
2548 5626 2618 5679 ὲν
2662 5625 2741 5691 τῷ
2787 5624 3140 5696 μέμφεσθαι.
3180 5624 3361 5678 Malim
3412 5622 3653 5696 scribere
3695 5619 3757 5678 ἐν

2184 5691 2377 5768 τούτῳ,
2407 5713 2464 5748 ιιι
2499 5697 2552 5749 in
2585 5698 2720 5750 libro
2751 5691 2928 5768 Mor-Eni
2956 5698 3020 5768 ad
3069 5697 3362 5768 marginem
3385 5691 3755 5768 emendata:th

2189 5762 2389 5825 inveni.
2422 5771 2595 5837 Atque
2623 5769 2694 5824 ita
2728 5767 2984 5825 scribitur
3011 5766 3062 5820 in
3094 5762 3278 5832 codice
3305 5762 3440 5833 Fuit.
