4176 6394
410 373 549 430 1975

1190 374 1648 430 CONSTANTINI
1687 374 1945 430 ORATIO
1985 374 2075 427 AD
2115 374 2536 431 SANCTUBUM
2579 376 2876 433 COETUM.

3531 379 3663 434 1274

409 489 578 560 αὐτὴν
595 489 701 542 τῶν
721 489 889 542 ὄντων
918 491 1076 559 φύσιν
1103 491 1450 560 ἐτεκτήνατο,
1479 492 1614 546 ἀλλὰ
1632 494 1864 565 διάφορα
1886 494 1980 546 καὶ

2092 495 2299 562 quiunt,
2338 510 2444 548 non
2495 511 2655 549 unam
2703 495 3060 564 eamdemque
3112 497 3352 550 omnium
3413 509 3664 552 naturaet

410 582 477 635 τά
497 583 725 635 πλεῖστα
751 583 970 636 ἐναντία
1000 583 1098 656 τὴν
1126 585 1287 655 φύσιν
1325 585 1610 638 ἐκέλευσεν
1643 586 1944 656 ἀπογεννᾷν
1971 603 1984 650 ;

409 676 531 730 ὅθεν
547 676 688 747 καὶὴ
717 675 950 746 διαφορά
965 675 1073 730 τῶν
1094 678 1377 748 ἡμετέρων
1395 676 1541 746 ἠθῶν
1555 693 1614 729 τε
1632 677 1726 729 καὶ
1743 676 1992 748 προαιρέ-

412 783 569 820 σεων·
587 763 655 838 ἦν
680 766 789 839 γάρ
805 768 936 830 ἴσως
951 767 1173 838 ἄμεινον
1189 769 1437 839 καὶπρὸς
1465 769 1525 821 τὸ
1543 768 1854 840 πειθαρχεῖν
1877 771 1989 832 τοῖς

411 857 741 929 κελεύσμασι
755 858 850 911 τοῦ
873 858 1030 923 Θεοῦ,
1054 861 1150 913 καὶ
1175 860 1311 931 πρὸς
1336 861 1435 931 τὴν
1458 860 1659 931 ἀκριϐῆ
1688 859 1990 931 κατάληψιν

410 947 600 1013 αὑτοῦ,
617 950 712 1003 καὶ
728 950 866 1022 πρὸς
881 952 942 1003 τὸ
960 950 1310 1021 βεϐαιοῦσθαι
1328 953 1470 1007 κατά
1501 953 1602 1026 τὴν
1628 953 1856 1007 ὲκάστου
1898 950 1991 1003 πί-

410 1056 530 1095 στιν
556 1041 690 1110 (92),
708 1041 1046 1113 ὁμοτρόπους
1073 1040 1210 1098 εἶναι
1234 1044 1442 1108 πάντας
1461 1043 1802 1115 ἀνθρώπους.
1831 1044 1904 1096 Τὸ
1932 1044 1991 1097 δὲ

410 1132 536 1196 τοὺς
555 1133 872 1204 ἀνθρώπους
892 1136 1098 1198 πάντας
1114 1132 1658 1209 ὁμοιοτρόπυςεῖναι
1678 1135 1879 1201 ἀξιοῦν,
1900 1154 1991 1189 κο-

415 1223 540 1294 μιδῇ
563 1225 798 1292 γελοῖον·
835 1227 956 1297 μηδ’
987 1227 1207 1293 ἐννοεῖν,
1230 1230 1312 1282 ὅτι
1331 1231 1429 1300 οὐχ
1451 1231 1485 1300 ἡ
1520 1230 1752 1302 περὶτοῦ
1784 1231 1988 1300 κόσμου

410 1315 652 1379 διάταξις
668 1317 801 1386 (95),
823 1317 962 1388 αὕτη
985 1320 1079 1372 καὶ
1101 1319 1529 1392 τῶν·κοσμικῶν,
1556 1322 1675 1375 οὐδὲ
1702 1322 1770 1375 τὰ
1786 1322 1989 1391 φυσικά

410 1411 523 1472 τοῖς
546 1409 753 1479 ἠθικοῖς
771 1411 1050 1481 όμοούσια,
1068 1413 1187 1466 ούδέ
1206 1413 1274 1466 τά
1297 1415 1392 1467 τοῦ
1419 1413 1666 1484 σώματος
1694 1413 1989 1484 παθήματα

411 1504 522 1566 τοῖς
540 1503 640 1573 τῆς
661 1503 837 1574 ψυχῆς
859 1504 1055 1558 πάθεσι
1075 1505 1142 1559 τὰ
1161 1507 1317 1561 αὐτά·
1342 1507 1432 1560 τὸν
1452 1509 1550 1578 μὲν
1569 1509 1678 1578 γάρ
1701 1507 1989 1577 σύμπαντα

411 1593 614 1665 κόσμον
629 1595 741 1666 (94)
754 1595 1010 1668 φθαρτῶν
1031 1599 1126 1652 καὶ
1147 1600 1402 1668 ἐπιγείων
1422 1598 1575 1664 ζώων
1603 1601 1985 1671 μακαριότητι,

409 1686 520 1756 ὅσῳ
549 1687 847 1758 σεμνοτέρα
873 1707 934 1742 τε
959 1690 1054 1743 καὶ
1080 1689 1324 1762 θειοτέρα
1361 1691 1715 1761 τυγχάνουσα·
1753 1693 1847 1745 καὶ
1891 1693 1989 1763 τῆς

411 1775 558 1841 θείας
600 1777 934 1850 ἀγαθότητος
977 1781 1076 1834 οὐκ
1137 1782 1363 1854 ἄμοιρον
1408 1784 1469 1836 τὺ
1521 1783 1629 1837 τῶν
1686 1783 1989 1856 ἀνθρώπων

2097 592 2258 652 atque
2291 585 2521 640 indolem
2553 585 2873 649 fabricavit,
2909 586 3002 639 sed
3037 586 3206 640 multa
3233 585 3471 651 diversa,
3499 587 3666 642 adeo-

2097 688 2203 742 que
2231 677 2508 730 contraria
2547 676 2728 731 indole
2757 679 2983 747 praedita
3020 678 3168 732 nasci
3203 677 3416 732 voluit?
3448 678 3524 732 Ex
3558 695 3666 746 quo

2099 764 2490 822 dissimilitudo
2523 785 2732 825 morum
2767 785 2833 826 ac
2877 771 3214 825 voluntatum
3251 772 3392 825 inter
3419 771 3666 825 homines

2096 865 2217 910 orta
2250 866 2355 912 est.
2389 857 2576 916 Satius
2615 860 2834 928 quidem
2866 859 3115 916 fortassis
3150 861 3341 916 fuisset
3375 868 3437 914 ut
3463 899 3479 926 ,
3521 861 3663 929 quod

2097 959 2308 1020 spectat
2339 953 2408 1005 ad
2445 951 2887 1007 observationem
2923 954 3306 1014 mandatorum
3339 953 3456 1018 Dei,
3487 964 3542 1008 et
3573 968 3666 1009 ac-

2097 1051 2344 1097 curatam
2380 1042 2500 1110 ejus
2531 1043 3069 1113 contemplationem,
3104 1055 3162 1102 et
3189 1046 3258 1102 ad
3296 1045 3667 1101 confirmatio-

2097 1150 2220 1189 nem
2272 1133 2396 1187 ﬁdei
2449 1134 2816 1204 singulorum,
2866 1151 3060 1192 omnes
3095 1139 3343 1195 homines
3374 1139 3534 1193 unius
3576 1146 3663 1191 at-

2097 1239 2204 1294 que
2263 1224 2506 1293 ejusdem
2573 1225 2740 1280 moris
2789 1224 3042 1280 fuissent.
3106 1226 3308 1283 Verum
3366 1229 3663 1283 absurdum

2097 1317 2255 1386 plane
2295 1331 2360 1370 ac
2388 1315 2677 1370 ridiculum
2713 1324 2820 1382 est,
2876 1316 2930 1370 id
2967 1325 3177 1386 optare,
3224 1327 3282 1371 ut
3325 1333 3516 1374 omnes
3567 1320 3664 1373 ho-

2096 1409 2272 1463 mines
2321 1408 2514 1463 iisdem
2572 1408 2686 1462 sint
2734 1409 2975 1463 moribus
3016 1409 3265 1478 praediti,
3313 1425 3488 1480 neque
3539 1411 3662 1464 ani—

2097 1503 2456 1565 madvertere,
2509 1497 2674 1551 aliam
2722 1499 2909 1553 mundi
2943 1499 3131 1562 totius,
3161 1498 3321 1552 aliam
3360 1514 3546 1554 earum
3580 1517 3662 1554 re-

2098 1609 2214 1646 rum
2250 1607 2370 1662 quae
2416 1593 2470 1646 in
2503 1592 2708 1646 mundo
2740 1603 2890 1657 sunt,
2929 1593 3330 1650 ordinationem
3365 1609 3525 1650 esse:
3566 1611 3664 1650 nec

2099 1700 2185 1740 res
2221 1684 2498 1740 naturales
2531 1685 2774 1755 ejusdem
2819 1687 3138 1743 substantiae
3165 1702 3286 1742 esse
3319 1703 3383 1742 ac
3409 1688 3662 1753 morales,

2098 1793 2197 1850 nec
2234 1776 2484 1847 corporis
2518 1776 2745 1832 affectus
2784 1780 3004 1834 eosdem
3051 1797 3174 1837 esse
3220 1795 3343 1836 cum
3383 1780 3667 1836 affectibus

411 1867 568 1937 γένος
616 1903 633 1931 ,
676 1869 796 1924 ἀλλ’
842 1872 939 1941 οὐχ
1001 1872 1188 1937 ἁπλῶς
1237 1874 1476 1939 πάντων,
1531 1875 1639 1928 οὐδ’
1686 1893 1762 1938 ως
1809 1875 1986 1945 ἔτυχε,

2095 1869 2284 1924 animi.
2315 1869 2526 1924 Etenim
2566 1868 2879 1924 universum
2921 1872 3069 1927 hunc
3098 1872 3358 1926 mundum
3391 1871 3552 1942 longo
3585 1873 3664 1925 in-

413 1961 589 2030 μόνων
627 1961 685 2015 δὲ
721 1963 832 2018 τῶν
877 1965 978 2036 τὴν
1023 1965 1173 2019 θείαν
1221 1965 1381 2036 φύσιν
1411 1965 1853 2036 ἐξιχνευσάντων,
1895 1967 1990 2021 καὶ

409 2048 471 2104 τὸ
517 2051 927 2122 προηγούμενον
970 2055 1306 2126 ἐπιτήδευμα
1372 2054 1465 2110 τοῦ
1517 2055 1632 2126 βίου
1697 2055 1994 2127 προελομέ·

409 2160 536 2208 νων,
584 2143 684 2214 τὴν
732 2144 840 2198 τῶν
890 2144 1048 2201 θείων
1082 2147 1395 2216 ἐπίγνωσιν.

2100 1962 2326 2017 tervallo
2363 1971 2584 2032 supcrat
2632 1963 2812 2016 anima
2868 1964 3191 2030 rationalis,
3251 1975 3404 2019 tanto
3454 1966 3668 2020 beatior

2101 2053 2331 2108 terrenis
2351 2062 2409 2107 et
2425 2055 2761 2122 corruptioni
2786 2055 3034 2110 obnoxiis
3051 2056 3442 2118 animantibus,
3463 2067 3667 2124 quanto

2103 2142 2381 2212 augustior
2434 2153 2518 2197 est
2550 2153 2714 2212 atque
2741 2143 3016 2198 divinior:
3071 2157 3278 2198 necnon
3332 2144 3528 2197 divinae
3568 2142 3667 2196 bo-

413 2239 602 2294 uitatis
631 2242 903 2312 particeps
930 2243 1209 2299 hominum
1234 2259 1405 2313 genus
1431 2261 1560 2312 ,nec
1601 2254 1782 2300 tamen
1843 2257 2029 2298 omnes
2071 2241 2318 2295 homines
2382 2239 2688 2308 promiscue
2724 2254 2786 2292 ac
2815 2239 2934 2293 sine
2978 2237 3086 2294 ullo
3135 2239 3448 2294 discrimine
3490 2238 3663 2308 parti-

409 2331 561 2398 cipes
600 2339 729 2384 sunt
772 2331 968 2387 divmae
1005 2333 1298 2388 bonitatis:
1335 2338 1434 2388 seu
1481 2336 1518 2389 ii
1564 2335 1664 2389 sol-i
1695 2334 1787 2402 qui
1841 2331 2078 2387 divinam
2145 2339 2396 2385 naturam
2461 2329 2686 2382 scrutati
2750 2337 2897 2393 sunt,
2951 2336 3006 2382 et
3053 2327 3145 2397 qui
3190 2329 3294 2383 hoc
3335 2327 3664 2398 praecipuum

412 2421 535 2475 vitae
563 2420 871 2477 institutum
913 2439 980 2478 ac
1022 2425 1258 2478 studium
1300 2425 1404 2480 sibi
1445 2435 1861 2496 proposuerunt,
1901 2439 2082 2477 rerum
2130 2421 2436 2475 divinarum
2473 2419 2859 2489 cognitionem.

944 2537 1340 2591 ΚΕΦΑΛΑΙΟΝ
1362 2539 1460 2594 ῙΔ’.

413 2624 537 2697 Ὅτι
576 2626 896 2697 ἀπείρωςῄ
929 2628 1142 2695 κτιστὴ
1188 2631 1373 2697 φύσις
1407 2630 1525 2684 ἀπὸ
1553 2630 1664 2695 τῆς
1703 2631 1991 2683 ἀκτίστου

479 2695 696 2768 οὐσίας
738 2696 1060 2768 (ἐφέστηκε,
1103 2695 1370 2766 πλὴσίον
1401 2699 1471 2752 δὲ
1505 2700 1693 2768 αὐτῆς
1731 2699 1810 2766 τῷ
1854 2699 1993 2753 κατ’

480 2765 704 2834 ἀρετὴν
721 2767 840 2831 ,βίῳ
872 2770 906 2821 ὁ
929 2765 1238 2835 ἅνθρωπος
1270 2769 1512 2838 γίνεται.

479 2855 564 2908 Τά
590 2874 654 2924 γε
684 2857 789 2928 μὴν
821 2860 886 2912 ἐκ
912 2861 1104 2927 γενεᾶς
1137 2863 1249 2922 τοῖς
1290 2859 1482 2924 ἀϊδίοις
1515 2861 1844 2931 συγκρίνειν,
1894 2879 1994 2932 μα-

411 2946 530 3009 νίας
553 2948 701 3002 ἐστὶν
726 2947 803 3012 ὡς
829 2948 1047 3020 άληθῶς
1075 2949 1178 3019 τῆς
1213 2950 1576 3022 τελεωτάτης·
1608 2951 1716 3005 τῶν
1759 2953 1856 3023 μὲν
1882 2952 1992 3024 γὰρ

410 3033 522 3088 οὔτ’
552 3037 694 3109 ἀρχή
727 3056 830 3103 τις,
866 3038 988 3092 οὔτε
1021 3040 1192 3105 τέλος,
1221 3039 1289 3094 τὰ
1317 3041 1362 3094 δ’
1391 3041 1487 3095 ἆτε
1514 3043 1688 3110 φύντα
1722 3044 1816 3096 καὶ
1840 3044 1992 3112 γενό-

2583 2532 2748 2603 533
2779 2532 3006 2590 CAPUT
3041 2535 3156 2590 xw

2100 2626 2254 2693 Quod
2287 2637 2528 2679 creatura
2571 2626 2826 2679 immenso
2872 2629 3040 2694 spatio
3089 2629 3249 2680 distat
3288 2643 3320 2678 a
3367 2627 3660 2680 substantia

2170 2698 2405 2750 increata
2429 2712 2449 2750 :
2483 2707 2530 2748 et
2560 2697 2699 2765 quod
2738 2697 2892 2750 homo
2925 2714 3018 2765 per
3043 2697 3288 2751 virtutem
3321 2697 3558 2765 proxime
3591 2694 3660 2749 ad

2171 2767 2338 2820 Deum
2367 2766 2590 2820 accedit.
3523 2787 3525 2790 ί

2169 2857 2343 2912 Porro
2373 2872 2434 2912 ea
2461 2872 2582 2923 quae
2615 2865 2732 2910 orta
2769 2866 2895 2911 sunt
2929 2872 3049 2911 cum
3080 2857 3301 2910 aeternis
3326 2870 3667 2924 comparare,

2099 2963 2324 3002 summa:
2365 2947 2618 3014 profecto
2652 2947 2938 3001 dementiae
2989 2955 3091 2998 est.
3129 2945 3253 2999 llaec
3302 2946 3445 3000 enim
3493 2961 3669 3016 neque

2097 3038 2422 3108 principium
2477 3037 2715 3100 habent,
2766 3049 2945 3106 neque
2995 3036 3178 3090 finem.
3232 3035 3322 3088 Illa
3372 3051 3499 3090 vero
3543 3054 3665 3090 eum

417 3147 551 3200 μενα
565 3130 699 3200 (95),
716 3133 811 3185 καὶ
831 3131 928 3203 τὴν
948 3132 1120 3203 ἀρχὴν
1145 3133 1238 3187 τοῦ
1259 3151 1319 3186 τε
1345 3130 1482 3188 εἶναι
1507 3136 1602 3188 καὶ
1619 3135 1717 3206 ζῇν
1734 3137 1792 3189 ἐν
1813 3136 1989 3208 χρόνῳ

2095 3142 2212 3184 orta
2261 3130 2370 3184 sint
2400 3138 2454 3184 et
2496 3129 2674 3199 genita
2700 3168 2713 3190 ,
2744 3141 2976 3198 cumque
3013 3127 3306 3182 exsistendi
3340 3144 3405 3182 ac
3449 3130 3665 3184 vivendi

415 3221 522 3277 τινὶ
573 3222 823 3285 λαϐόντα,
869 3224 1177 3289 ἀκολούθως
1217 3227 1308 3279 καὶ
1335 3227 1592 3297 τελευτὴν
1637 3227 1695 3292 ἐξ
1749 3228 1994 3299 ἀνάγκης

415 3313 528 3385 ἔχει
553 3332 566 3345 ·
619 3316 687 3370 τὰ
737 3316 797 3369 δὲ
847 3318 1135 3388 γενόμενα,
1190 3317 1269 3387 τῷ
1313 3319 1632 3372 κελεύσαντι
1671 3318 1994 3391 γεννηθῆναι

414 3403 572 3468 αύτά,
605 3403 722 3468 πῶς
753 3404 818 3459 ἂν
853 3405 1182 3473 ἐξισάζοιτο;
1219 3409 1282 3461 Ei
1324 3409 1434 3479 γάρ
1469 3409 1630 3480 ὅμοια
1671 3410 1782 3480 (96)
1821 3411 1996 3466 ταῦτα

412 3496 626 3568 ἐκείνῳ,
643 3497 764 3551 οὐδέ
786 3498 1080 3569 πρόσταξις
1093 3499 1189 3553 τοῦ
1209 3501 1501 3570 γεννᾶσθαι
1518 3503 1907 3574 προσηκόντως
1927 3505 1994 3560 ἂν

414 3588 605 3660 ἐκείνῳ
625 3588 938 3661 ἀρμόζοιτο.
984 3590 1122 3644 Ἀλλ’
1146 3592 1338 3662 ἐκείνῳ
1379 3593 1476 3664 μὲν
1501 3594 1609 3647 οὐδ’
1642 3593 1707 3648 ἂν
1727 3596 1797 3650 τά
1835 3596 1996 3668 οὐρά-

413 3697 502 3732 νια
572 3679 911 3751 συγκριθείη,
973 3682 1163 3752 ὥσπερ
1226 3683 1336 3737 οὐδ’
1401 3686 1430 3736 ὁ
1483 3683 1740 3754 αἰσθητὸς
1792 3685 1995 3756 κόσμος

414 3772 492 3842 τῷ
536 3771 734 3844 νοητῷ,
800 3772 908 3826 οὐδ’
979 3774 1034 3826 αἱ
1081 3774 1290 3839 είκόνες
1364 3778 1478 3839 τοῖς
1538 3776 1991 3848 παραδείγμασιν.

425 3865 581 3919 Ἦ.δέ
613 3867 873 3936 σύγχυσις
902 3863 1012 3919 τῶν
1057 3866 1274 3921 πάντων
1309 3865 1444 3940 (97),
1475 3868 1592 3932 πῶς
1641 3869 1700 3921 ού
1746 3869 1991 3938 γελοῖονς

415 3957 909 4030 ἀποκρυπτομένης
935 3957 1035 4027 τῆς
1072 3957 1174 4011 τοῦ
1215 3958 1358 4012 θείου
1399 3960 1712 4032 τιμιότητος
1748 3964 1812 4032 τῇ
1860 3962 1996 4034 πρὸς

414 4047 539 4111 τοὺς
568 4046 903 4120 ἀνθρώπους,
922 4049 1017 4102 καὶ
1034 4049 1104 4102 τά
1123 4067 1185 4118 γε
1210 4049 1372 4122 θηρία
1392 4051 1671 4123 συγκρίσει
1705 4052 1835 4120 (98)·
1869 4053 1995 4123 ἔφε-

417 4155 503 4203 σις
523 4136 582 4191 δὲ
609 4137 945 4204 δυναστείας,
965 4137 1290 4210 ἀντίρροπος
1310 4137 1444 4192 Θεοῦ
1469 4138 1778 4210 δυναστείᾳ,
1799 4138 1916 4202 πῶς
1931 4139 1992 4192 οὐ

489 4351 602 4424 (92)
639 4353 802 4409 Κατὰ
849 4352 967 4422 τὴν
1023 4354 1286 4409 ἑκάστου
1336 4357 1568 4412 πίστιν.
1634 4354 1991 4411 Scrihendum

415 4424 628 4495 videtur
658 4424 756 4495 τὴν
791 4424 911 4478 καθ’
941 4426 1172 4478 ἑκάστου
1203 4426 1402 4480 πίστιν.

488 4492 599 4566 (95)
641 4492 768 4566 Οὐχ
810 4497 848 4566 ἡ
897 4496 1030 4563 περὶ
1061 4495 1166 4566 τοῦ
1213 4499 1446 4566 κόσμου
1491 4494 1774 4566 διάταξις.
1812 4497 1989 4550 Malim

415 4565 654 4645 scribere
697 4564 799 4646 οὐχ
819 4565 963 4637 ἥπερ
989 4567 1022 4636 ἡ
1059 4565 1154 4618 τοῦ
1184 4564 1388 4638 κόσμου
1419 4565 1679 4632 διάταξις,
1711 4566 1850 4639 αὕτη
1897 4568 1991 4622 καὶ

415 4650 526 4687 των
559 4650 862 4702 κοσμικων.

485 4702 600 4772 (94)
643 4703 755 4776 Τὸν
787 4704 905 4774 μὲν
935 4705 1045 4774 γὰρ
1079 4706 1399 4774 σύμπαντα
1439 4709 1692 4776 κόσμον.
1723 4709 1847 4762 Post
1893 4709 1990 4763 has

415 4788 578 4828 voces
611 4775 778 4828 multa
807 4778 1020 4837 desunt,
1053 4787 1112 4828 ut
1147 4787 1296 4841 patet
1340 4793 1406 4831 ex
1447 4775 1600 4832 titulo
1638 4779 1848 4846 capitis.
1877 4777 1988 4833 Nos

415 4861 486 4917 ex
525 4853 782 4917 corrupto
809 4860 882 4917 ac
921 4846 1108 4900 mutilo
1155 4848 1271 4899 loco
1299 4847 1726 4917 qualemcunque
1768 4865 1986 4903 sensum

415 4914 615 4968 elicere
658 4914 970 4986 maluimus,
1014 4932 1175 4980 quam
1208 4914 1329 4968 cum
1374 4914 1872 4986 Christophorsono
1905 4929 1988 4973 to-

419 4993 530 5037 tum
571 4998 903 5055 expungere.
929 4983 1160 5039 Savilius
1191 5001 1406 5055 quoque
1433 4988 1486 5039 in
1522 4983 1660 5042 libro
1691 5005 1790 5042 suo
1821 5000 1985 5042 totam

416 5053 888 5128 haneperiodmn
931 5071 1101 5128 usque
1137 5053 1333 5128 ad’illa—
1375 5058 1540 5128 verba
1589 5059 1692 5128 τῆς
1733 5057 1789 5111 δὲ
1837 5057 1988 5122 θείας

413 5123 770 5194 ἀγαθότητος,
801 5124 1018 5179 delevit.
1063 5123 1224 5181 Certe
1267 5127 1320 5180 in
1359 5127 1546 5182 codice
1579 5123 1710 5183 Fu'k.
1744 5138 1851 5183 tota
1899 5130 1986 5181 illa

418 5196 671 5262 periodus
698 5209 807 5262 non
841 5194 1086 5248 habetur.

485 5265 598 5339 (95)
642 5261 721 5317 Τὰ
765 5263 834 5339 δὲ
882 5266 1190 5339 γενόμενα.
1231 5264 1755 5339 Christophorsonus
1794 5269 1989 5339 legisse

414 5335 628 5405 videtur
652 5333 988 5405 γεννώμενα.
1021 5333 1164 5404 quod
1195 5337 1365 5405 magis
1401 5333 1595 5403 placet.

485 5404 597 5474 (96)
637 5403 896 5472 Vulgusi
930 5403 1462 5473 rcip’uarlaﬁﬂunc
1500 5406 1674 5461 locum
1705 5407 1775 5460 ita
1817 5409 1990 5462 corri-

415 5475 654 5562 getitltttli
686 5486 814 5541 puto
822 5493 853 5555 ~:
888 5477 951 5528 Ei
1003 5475 1124 5562 γάρῆ
1157 5476 1320 5545 ὅμοια
1369 5475 1542 5562 ταῦτα
1603 5477 1816 5562 ἐκείνῳ,
1866 5479 1988 5562 ούδὲ

417 5542 711 5614 πρόσταξις
757 5545 850 5599 τοῦ
899 5542 1221 5613 γεννᾶσθαι,
1265 5546 1650 5617 προσηκόντως
1685 5542 1989 5618 ἀν’ἐκείνῳ

417 5613 730 5686 ἀρμόζριτο,
783 5616 834 5668 id
875 5627 996 5668 est:
1035 5615 1096 5671 Si
1143 5633 1225 5670 res
1255 5632 1373 5685 qua:
1416 5630 1729 5684 generantur
1760 5621 1988 5686 aequales

415 5683 538 5736 sum
583 5683 713 5748 Deo,
748 5697 1059 5753 prtrcepmm
1087 5702 1190 5754 quo
1230 5683 1320 5740 eos
1355 5683 1499 5754 gigni
1533 5686 1717 5755 jussit,
1754 5683 1854 5751 ipsi
1884 5688 1988 5739 uti-

412 5775 510 5827 que
542 5775 642 5812 non
673 5760 964 5812 conveniret
997 5775 1014 5810 :
1047 5759 1272 5826 aequalis
1304 5760 1448 5823 enim
1492 5774 1558 5827 m7
1591 5758 1852 5823 aequalem
1895 5757 1986 5826 jus

412 5826 810 5900 imperiumque
856 5829 1056 5885 habere
1105 5844 1211 5884 non
1263 5837 1458 5900 potest.
1521 5826 1774 5894 Facessat
1822 5828 1988 5902 igitur

2097 3228 2247 3274 certo
2280 3228 2522 3290 tempore
2552 3220 2884 3290 principium
2918 3219 3251 3287 acceperint,
3287 3217 3489 3274 exitum
3526 3236 3666 3290 quo-

2095 3327 2200 3379 que
2232 3312 2468 3366 habeant
2500 3326 2722 3366 necesse
2752 3319 2856 3366 est.
2897 3312 2969 3365 Ea
3006 3323 3138 3363 vero
3163 3325 3282 3380 quae
3307 3314 3484 3381 genita
3513 3324 3662 3380 sunt,

2096 3403 2365 3470 quomodo
2398 3405 2700 3473 comparari
2751 3421 2987 3474 unquam
3039 3407 3249 3476 possint
3277 3421 3400 3461 cum
3441 3420 3527 3472 eo,
3570 3409 3666 3476 qui

2098 3495 2214 3564 ipsa
2245 3495 2390 3565 gigni
2423 3497 2720 3566 praecepit?
2753 3495 2886 3551 Nam
2917 3498 2960 3550 si
3006 3497 3120 3553 haec
3144 3498 3221 3552 illi
3257 3497 3487 3567 aequalia
3517 3508 3664 3562 sunt,

2098 3597 2422 3655 praeceptum
2455 3601 2562 3657 quo
2587 3603 2651 3642 ea
2684 3588 2828 3658 gigni
2858 3586 3047 3656 jussit,
3075 3604 3179 3644 non
3209 3597 3390 3660 posset
3419 3589 3518 3658 ipsi
3553 3605 3667 3642 me-

2099 3678 2202 3733 rito
2235 3679 2547 3732 convenire.
2582 3679 2689 3735 Sed
2733 3696 2800 3736 ne
2841 3679 3085 3736 cmlestia
3122 3681 3342 3749 quidem
3386 3680 3508 3749 jure
3538 3695 3663 3736 cum

2099 3770 2190 3825 illo
2245 3769 2648 3848 conferantur,
2718 3773 3170 3841 quemadmodum
3233 3786 3336 3827 nec
3389 3771 3667 3827 sensibilis

2097 3861 2331 3914 mundus
2357 3875 2480 3914 cum
2509 3861 2865 3929 intelligibili,
2903 3879 3005 3918 nec
3035 3863 3302 3934 imagines
3332 3879 3456 3919 cum
3489 3879 3667 3918 exem-

2098 3952 2252 4022 plari.
2306 3952 2378 4007 At
2427 3951 2674 4008 confusio
2715 3961 2771 4007 et
2814 3955 3094 4022 permistio
3157 3955 3399 4011 omnium
3447 3970 3664 4024 rerum,

2097 4058 2279 4098 nonne
2327 4057 2552 4114 prorsus
2608 4044 2834 4100 ridicula
2870 4061 2958 4100 res
3011 4045 3134 4101 est?
3168 4062 3290 4101 cum
3340 4045 3534 4101 divinae
3567 4061 3664 4099 na-

2099 4147 2234 4191 turae
2279 4136 2521 4207 dignitas
2567 4135 2888 4207 obtegatur,
2956 4137 3002 4192 si
3063 4137 3310 4193 homines
3361 4151 3426 4192 ac
3477 4135 3664 4191 bestias

2094 4360 2404 4432 emendatio
2433 4359 2714 4416 doctorqu
2767 4365 3025 4432 virorum,
3059 4378 3220 4432 quam
3264 4363 3426 4416 etiam
3475 4364 3525 4416 in
3571 4379 3664 4417 co-

2094 4435 2214 4504 dice
2241 4431 2376 4504 Fuk.
2405 4431 2540 4504 etin
2587 4433 2726 4504 libro
2767 4431 2947 4488 Mormi
2997 4431 3207 4504 reperi:
3246 4433 3308 4504 Ei
3354 4432 3661 4504 vappae/Ea

2095 4502 2267 4574 ταῦτα
2310 4501 2510 4574 ἐκείνω-
2551 4501 2956 4572 παρεξισάζειν,
2989 4505 3022 4573 ἡ
3071 4502 3361 4574 πρόσταξις
3400 4501 3508 4555 τοῦ
3540 4520 3664 4571 Tea-

2094 4571 2306 4634 νᾶσθαι,
2331 4579 2440 4625 etc.
2466 4553 2664 4625 Verum
2693 4553 2737 4626 sai
2769 4553 2849 4626 ita:
2872 4553 3081 4643 legeris,
3113 4553 3396 4626 imllusgeyst
3425 4553 3618 4626 sensus
3643 4593 3656 4628 :

2094 4659 2193 4695 nec
2245 4643 2526 4708 sequentia
2585 4656 2709 4696 cum
2769 4643 3212 4698 antecedentibus
3284 4644 3655 4698 cohaerebunt.

2090 4710 2613 4779 Christophorsonus
2647 4712 2880 4782 quidem
2932 4715 2985 4768 in
3033 4712 3147 4766 suis
3193 4712 3348 4767 libris
3394 4714 3466 4766 ita
3508 4728 3662 4782 repe-

2092 4793 2264 4846 rerat,
2303 4791 2361 4852 ut
2402 4795 2471 4852 ex
2520 4780 2768 4852 versione
2816 4783 2932 4852 ejus
2985 4791 3230 4851 apparet.
3288 4782 3394 4836 Sed
3444 4780 3659 4851 vulgata

2092 4853 2250 4907 lectio
2305 4849 2457 4918 Regii
2500 4851 2702 4905 codicis
2738 4862 2793 4907 et
2829 4849 3072 4908 veterum
3099 4853 3420 4908 schcdarum
3464 4849 3657 4909 auctoo

2090 4922 2253 4975 ritate
2287 4921 2527 4977 fulcitur.
3226 4981 3232 4986 ,

2149 4989 2260 5062 (97)
2301 4990 2364 5062 ᾘ
2386 4989 2454 5042 δὲ
2485 4989 2788 5062 σύγχυσις
2832 4987 2950 5042 τῶν
2976 4989 3236 5062 πάντων.
3269 4989 3547 5044 Musculus
3583 4992 3660 5062 le-

2078 5059 2480 5131 gis‘se'videtur
2525 5059 2840 5131 σύγκρισις,
2881 5061 3024 5127 quod
3056 5061 3212 5113 valde
3263 5061 3465 5127 probo;
3500 5061 3660 5116 vertit

2077 5128 2224 5184 enim
2255 5145 2269 5180 :
2302 5128 2576 5195 Quomodo
2608 5139 2784 5183 autem
2821 5131 3053 5182 omnium
3082 5131 3408 5198 comparatio
3442 5146 3544 5182 non
3577 5131 3658 5182 ri-

2077 5200 2257 5252 dicula
2286 5207 2504 5264 est,etc.
2525 5199 2682 5254 Certe
2705 5210 2800 5254 aut
2827 5201 2900 5253 ita
2921 5199 3205 5270 legendum
3231 5209 3336 5264 est,
3364 5210 3458 5253 aut
3481 5202 3552 5252 ita
3575 5201 3660 5252 in-
3689 5238 3693 5244 .

2081 5271 2446 5341 telligendum.
2499 5270 2892 5325 Constantinus
2934 5273 3546 5341 ettitnrexaequationem
3585 5270 3654 5322 il-

2078 5339 2463 5394 lam'omnium
2493 5355 2675 5393 rerum
2705 5350 2860 5394 vocat
2890 5339 3289 5394 confusionem.

2149 5410 2259 5481 (98)
2288 5409 2443 5480 Vulg.
2472 5413 2524 5464 εί
2545 5409 2617 5462 τά
2639 5427 2704 5479 γε
2724 5411 2897 5478 θηρία
2923 5413 3260 5478 συγ-κρίσει.
3293 5410 3656 5466 Scribendum

2115 5483 2265 5536 rocul
2307 5481 2475 5535 dubio
2523 5481 2883 5551 συγκρίνοιτο.
2932 5481 3022 5534 Sic
3064 5482 3204 5534 enim
3246 5491 3658 5550 argumentatur

2104 5553 2489 5606 lonstautinus.
2527 5552 2608 5606 Ne
2635 5552 2877 5607 coelestia
2912 5552 3164 5620 quidem,
3192 5551 3386 5619 inquit,
3415 5551 3655 5605 conferri

2077 5633 2304 5692 possunt
2332 5637 2455 5692 cuin
2487 5620 2597 5676 Deo
2633 5638 2644 5674 :
2683 5632 2890 5692 quanto
2920 5622 3098 5692 minus
3123 5621 3395 5692 terrestria
3421 5630 3472 5692 et
3495 5621 3654 5675 bruta

2076 5689 2356 5746 animalia.
2390 5690 2489 5746 Hic
2519 5701 2604 5747 est
2643 5689 2837 5749 sensus
2871 5693 3032 5760 hujus
3065 5690 3189 5743 loci.
3233 5689 3431 5758 Scripti
3471 5701 3652 5744 tamen

2075 5763 2292 5817 codices
2339 5761 2846 5830 Christophorsoni,
2898 5761 3120 5826 Savilii,
3161 5760 3379 5830 Gruteri
3425 5770 3478 5814 et
3513 5760 3650 5830 Fuit.

2079 5832 2222 5896 hunc
2256 5833 2436 5894 locum
2468 5833 2539 5891 ita
2567 5829 2826 5891 exhibent
2859 5848 2872 5886 :
2908 5829 3404 5904 ἀποκρυπτομένης
3426 5832 3524 5904 τῆς
3557 5829 3651 5886 τοῦ
