4176 6394
526 363 691 433 '1279

1232 372 1505 431 EL'SEBII
1548 375 2031 432 CESARIENSIS
2067 375 2221 433 OPP.
2260 374 2440 430 PARS
2478 375 2515 429 1.
2558 405 2627 415 -
2666 370 3049 428 HISTORICA.

3650 365 3789 421 1280

549 508 670 547 rum
717 491 811 561 qui
841 490 953 561 ipsi
1001 500 1227 559 parent,
1281 491 1390 545 ullo
1443 491 1707 546 afiiciatur
1749 494 2105 548 incommodo.

2222 493 2317 545 καὶ
2343 490 2591 564 βοηθείας
2627 490 3001 562 ἀμφιϐάλλειν,
3031 490 3061 542 ό
3082 487 3350 541 τοσούτων
3387 484 3484 555 μὲν
3529 484 3586 536 ὲν
3624 483 3790 555 πείρᾳ

548 585 833 651 Quomodo
889 598 1021 636 vero
1084 583 1198 651 ipse
1249 584 1353 638 sibi
1415 598 1743 641 succurrere
1794 586 2116 641 conaretur?

551 678 805 732 Proelium
840 677 985 730 enim
1029 675 1271 730 futurum
1320 686 1463 731 esset
1511 676 1651 731 inter
1695 678 1863 743 duos,
1914 688 2117 747 anceps

551 784 679 824 vero
717 778 878 837 atque
912 770 1118 821 incerta
1155 768 1408 823 victoria.
1453 770 1623 838 Atqui
1674 785 1835 824 nemo
1878 785 2114 840 unquam

547 871 680 912 sana
724 867 905 912 meme
942 857 1220 927 praeditus,
1268 870 1357 912 res
1410 857 1652 914 incertas
1699 860 1866 914 certis
1901 869 2119 931 antepo-

545 948 646 1005 nit.
689 946 935 1016 Quonam
967 958 1147 1004 autem
1187 949 1349 1005 modo
1380 948 1449 1004 de
1487 951 1780 1020 praesentia
1820 960 1877 1008 et
1913 952 2116 1008 auxilio

545 1039 644 1095 Dei
683 1041 1029 1097 dubitaturus
1083 1041 1157 1096 sit
1193 1041 1269 1106 is,
1301 1042 1395 1113 qui
1434 1050 1515 1097 tot
1571 1044 1812 1111 pericula
1863 1054 2118 1116 expertus

542 1138 650 1198 est,
681 1138 738 1185 et
771 1130 864 1199 qui
905 1144 975 1184 ex
1002 1132 1257 1186 omnibus
1288 1146 1507 1201 semper
1544 1132 1955 1191 discriminibus
1998 1136 2117 1191 solo

544 1221 638 1276 Dei
698 1232 834 1276 nutu
895 1221 1153 1276 facillime
1211 1223 1421 1287 evasit,
1469 1223 1561 1292 qui
1631 1238 1729 1292 per
1775 1227 2117 1296 mare,quod

542 1309 855 1366 Servatoris
889 1312 1143 1366 mandato
1172 1322 1514 1367 constratum
1553 1321 1694 1378 erat,
1739 1322 1797 1369 et
1837 1325 2116 1370 transeun-

544 1400 686 1456 tibus
734 1402 945 1472 populis
988 1402 1213 1457 solidam
1244 1404 1523 1472 praahebat
1562 1406 1732 1470 viam,
1770 1406 2117 1463 ambulavit?

544 1490 672 1548 Haec
699 1493 845 1549 enim
877 1494 1180 1550 certissima
1210 1510 1275 1550 ac
1308 1496 1644 1561 firmissima,
1676 1507 1735 1552 ut
1764 1499 1976 1569 opinor,
2021 1500 2114 1554 ba-

542 1584 622 1638 sis
657 1593 744 1640 est
781 1584 942 1651 fidei,
979 1586 1083 1642 hoc
1115 1586 1529 1642 fundamentum
1569 1588 1811 1655 tiducize,
1857 1604 1979 1643 cum
2019 1592 2114 1646 ad-

542 1675 822 1732 mirabiles
892 1677 1059 1733 basce
1103 1692 1194 1733 res
1230 1688 1285 1733 et
1317 1680 1660 1735 incredibiles
1692 1680 1786 1736 Dei
1825 1683 2114 1751 providen-

543 1767 615 1821 tis
641 1766 799 1836 jussu
847 1767 1033 1839 perfici
1067 1768 1333 1824 videmus.
1380 1769 1518 1825 Hinc
1567 1773 1733 1827 etiam
1766 1773 1861 1839 fit,
1897 1784 1955 1829 ut
1987 1790 2110 1831 cum

541 1858 664 1926 quis
701 1858 753 1913 in
781 1837 1080 1928 periculum
1109 1859 1438 1916 calamitatis
1464 1862 1734 1927 inciderit,
1770 1837 2111 1936 nequaquam
2142 1837 2186 1896 Β

542 1949 691 2002 illum
723 1948 984 2017 pteniteat
1015 1950 1139 2004 fidei
1187 1964 1338 2014 suae,
1367 1959 1533 2020 utque
1578 1967 1729 2022 spem
1778 1953 1832 2007 in
1868 1954 1976 2008 Deo
2019 1954 2112 2009 fir-

539 2054 682 2093 mam
724 2049 889 2109 atque
918 2042 1297 2098 inconcussam
1336 2044 1588 2099 retineat.
1628 2043 1730 2111 Qui
1761 2045 1977 2114 quidem
2011 2047 2111 2100 ha-

538 2131 684 2185 bitus
733 2131 821 2186 ubi
879 2133 1047 2187 semel
1087 2133 1271 2189 animo
1306 2134 1553 2200 inhaesit,
1589 2133 1730 2190 Deus
1772 2135 1827 2189 in
1862 2135 2110 2191 interiori

532 2219 869 2290 cogitatione
920 2222 1110 2276 sedem
1158 2222 1345 2278 habet.
1400 2221 1500 2277 Hic
1547 2233 1731 2279 autem
1772 2240 1897 2280 cum
1965 2225 2107 2280 invi-

532 2318 659 2365 ctus
701 2310 796 2378 sit,
833 2311 1048 2367 animus
1096 2326 1314 2382 quoque
1356 2313 1448 2369 ille
1487 2314 1579 2384 qui
1620 2315 1882 2370 invictum
1931 2317 1987 2371 in
2033 2316 2111 2370 in—

534 2401 724 2457 teriori
764 2403 1094 2482 cogitatione
1124 2404 1395 2473 possidet,
1432 2407 1502 2460 ab
1545 2406 1925 2485 ingruentibus
1955 2406 2104 2475 peri-

530 2491 670 2548 culis
698 2508 978 2562 nunquam
1012 2495 1157 2550 vinci
1197 2498 1417 2563 poterit.
1452 2496 1720 2552 Prteterca
1754 2498 1898 2552 istud
1928 2498 2106 2568 ipsum

528 2600 595 2638 ex
649 2584 743 2638 Dei
788 2585 1015 2639 victoria
1078 2585 1411 2642 didicimus:
1463 2589 1557 2658 qui
1612 2603 1803 2643 omnes
1852 2589 2107 2647 homines

531 2673 879 2751 providentia
912 2690 1010 2730 sua
1051 2676 1391 2747 complexus,
1436 2694 1560 2733 cum
1603 2680 1671 2734 ab
1705 2679 1885 2749 impiis
1910 2688 1965 2736 et
1999 2680 2105 2735 ini—

526 2763 653 2835 quis
691 2766 1084 2823 contumeliose
1129 2776 1389 2839 acceptus
1433 2769 1650 2834 fuisset,
1689 2770 1835 2825 nullo
1863 2786 1930 2826 ex
1972 2785 2100 2840 pas-

2219 585 2509 656 γενόμενος
2540 583 2819 645 κινδύνων,
2847 583 2934 635 ἀεὶ
2956 582 3003 634 δ’
3028 578 3267 651 εὐχερῶς
3299 576 3515 649 ρυσθεὶς
3542 574 3650 629 ἀπὸ
3681 574 3790 627 τῶν

2216 675 2407 729 δεινῶν
2470 675 2614 746 μόνῳ
2673 673 2809 728 Θεοῦ
2852 672 3082 744 νεύματι
3126 670 3257 741 (id),
3304 672 3333 722 ό
3382 667 3470 722 διά
3517 665 3793 736 θαλάσσης

2218 766 2578 839 ὁδοιπορήσας
2626 765 3044 837 παραγγέλματι
3086 761 3181 815 τοῦ
3219 760 3471 830 Σωτῆρος
3519 774 3791 811 καταστο-

2222 858 2529 932 ρεσθείσης,
2555 857 2650 911 καὶ
2684 855 2911 928 στερεὰν
2931 850 3352 925 παρασχομένης
3381 848 3498 903 ὁδὸν
3537 851 3650 912 τοῖς
3674 847 3792 902 δια-

2217 950 2457 1014 ποντίοις
2502 948 2727 1019 δήμοις;
2759 945 2907 1018 Αὕτη
2959 945 3089 1018 γὰρ,
3135 942 3307 1016 οἶμαι,
3351 940 3632 1015 προφανὴς
3665 942 3794 996 ὐπο-

2216 1041 2395 1114 ϐάθρα
2448 1040 2703 1104 πίστεως,
2757 1038 2851 1092 καὶ
2901 1036 3150 1109 θεμέλιος
3194 1028 3352 1098 οὗτος
3395 1033 3791 1105 πεποιθήσεως,

2215 1132 2380 1205 ἡνίκα
2403 1132 2469 1187 ἂν
2500 1132 2570 1185 τά
2605 1129 2894 1202 θαυμαστά
2927 1128 3104 1184 ταῦτα
3140 1129 3236 1183 καὶ
3268 1127 3490 1193 ἄπιστα,
3532 1124 3793 1195 γινόμενα

2215 1228 2310 1281 καὶ
2337 1224 2727 1296 ἐπιτελούμενα
2759 1223 3058 1295 ἱστορῶμεν
3098 1224 3165 1293 τῇ
3195 1219 3290 1275 τοῦ
3322 1217 3677 1292 προνοοῦντος
3707 1234 3794 1271 κε-

2214 1317 2427 1372 λεύσειο
2459 1316 2708 1371 ὲντεῦθεν
2757 1315 2816 1369 δὲ
2860 1316 2955 1369 καὶ
3003 1314 3063 1369 τὸ
3114 1315 3188 1385 μὴ
3230 1312 3554 1385 μεταμέλειν
3603 1310 3699 1365 ἐπὶ
3722 1312 3789 1381 τῇ

2215 1408 2396 1461 πίστει
2431 1406 2541 1477 (15)
2579 1406 2959 1478 παραγίνεται,
2996 1404 3162 1475 ἡνίκα
3210 1404 3276 1459 άν
3321 1422 3405 1468 τις
3461 1401 3794 1476 προσπίπτοι

2216 1500 2378 1572 πείρᾳ
2405 1499 2592 1553 κακῶν
2627 1498 2763 1569 (16),
2787 1498 2968 1552 καὶτὸ
2987 1498 3254 1570 ἄτρεπτον
3279 1496 3393 1567 ἔχοι
3414 1496 3514 1567 τὴν
3547 1493 3685 1566 πρὸς
3700 1493 3796 1548 τὸν

2213 1591 2346 1646 Θεὸν
2369 1591 2590 1645 ὲλπίδω
2626 1590 2832 1661 ταύτης
2859 1591 2966 1661 γὰρ
2995 1589 3095 1659 τῆς
3124 1588 3290 1654 ἕξεως
3330 1586 3694 1658 ἐγγενομένης
3723 1586 3793 1658 τῇ

2212 1683 2382 1754 ψυχῇ,
2417 1683 2623 1756 ἵδρυται
2656 1681 2798 1737 κατὰ
2837 1682 2935 1755 τὴν
2961 1669 3216 1748 ,διάνοιαν
3244 1682 3273 1734 ὁ
3303 1680 3468 1744 Θεόςο
3523 1680 3794 1750 ἀήττητος

2212 1775 2258 1828 δ’
2283 1768 2437 1840 οὗτος
2456 1792 2470 1806 ⁸
2501 1775 2624 1828 οὐδὲ
2660 1776 2694 1846 ή
2721 1773 2868 1845 ψυχὴ
2903 1774 3011 1846 ἄρα
3046 1773 3107 1826 τὸ
3169 1773 3436 1843 ἀήττητον
3460 1768 3573 1841 (17)
3600 1768 3796 1841 ἔχουσα

2214 1867 2354 1921 κατά
2381 1867 2479 1939 τὴν
2509 1867 2709 1937 ἑαυτῆς
2731 1866 2993 1930 διάνοιαν,
3010 1865 3115 1919 ὑπὸ
3144 1864 3254 1918 τῶν
3290 1860 3670 1935 περιεστώτων
3689 1860 3794 1915 δει-

2214 1960 2320 2013 νῶν
2344 1958 2767 2031 κρατηθήσεται.
2792 1957 2953 2029 Παρὰ
2979 1957 3036 2010 δὲ
3058 1955 3169 2027 (18)
3196 1954 3354 2008 τοῦτο
3397 1952 3793 2026 μεμαθήκαμεν

2214 2050 2278 2102 ὲκ
2319 2049 2421 2119 τῆς
2455 2046 2549 2101 τοῦ
2593 2047 2728 2101 Θεοῦ
2775 2047 2955 2117 νίκης,
2993 2046 3053 2110 δς
3092 2045 3191 2117 τὴν
3240 2045 3382 2117 ὑπὲρ
3421 2044 3529 2097 τῶν
3575 2043 3794 2097 πάντων

2215 2139 2473 2210 πρόνοιαν
2505 2137 2846 2209 ποιούμενος,
2873 2137 2979 2190 ὑπὸ
3007 2137 3106 2206 τῆς
3151 2134 3261 2190 τῶν
3296 2134 3631 2189 ἀσεϐούντων
3677 2133 3792 2186 ἀδι-

2213 2232 2340 2294 κίας
2385 2222 2831 2303 ὲμπαροινηθεὶς,
2893 2227 3163 2300 μηδεμίαν
3223 2229 3287 2280 ὲκ
3327 2225 3422 2279 τοῦ
3472 2225 3794 2296 παθήματος

2213 2318 2649 2391 καρπωσάμενος
2670 2318 2895 2389 βλάϐην,
2932 2317 3164 2388 μέγιστα
3191 2319 3481 2389 νικητήρια
3502 2316 3597 2370 καὶ
3623 2314 3793 2368 ἀΐδιόν

2210 2428 2334 2464 τινα
2376 2411 2636 2480 στέφανον
2669 2410 2811 2465 κατά
2851 2410 2950 2481 τῆς
2999 2409 3264 2480 πονηρίας
3310 2408 3606 2479 ἀνεδήσατο
3628 2424 3643 2437 ’
3699 2407 3791 2459 ἐπὶ

2208 2500 2360 2564 τέλος
2407 2500 2506 2572 μὲν
2559 2501 2781 2570 ἀγαγὼν
2822 2501 2920 2572 τὴν
2948 2501 3265 2572 προαίρεσιν
3311 2499 3412 2569 τῆς
3453 2495 3619 2552 αὐτοῦ
3657 2512 3791 2569 προ-

2211 2591 2361 2655 νοίας
2399 2591 2493 2645 κα)⁵
2559 2591 2800 2663 στοργῆς
2845 2592 2944 2664 τῆς
2989 2593 3120 2664 περὶ
3170 2592 3295 2655 τοὺς
3350 2591 3612 2655 δικαίους,
3665 2605 3790 2642 συν-

2207 2681 2406 2752 τρίψας
2454 2681 2512 2735 δὲ
2553 2680 2650 2754 τὴν
2703 2682 2812 2737 τῶν
2858 2684 3060 2740 ἀδίκων
3114 2701 3175 2738 τε
3224 2682 3321 2737 καὶ
3375 2681 3586 2737 ἀσεϐῶν
3645 2679 3791 2753 ὠμό-

2206 2788 2366 2844 τητα.

529 2858 684 2911 sione
746 2865 1003 2928 percepto
1074 2859 1309 2926 damno,
1361 2860 1692 2930 triumphum
1754 2861 2052 2915 maximum
2106 2870 2162 2915 et
2205 2860 2564 2916 immortalem
2622 2876 2877 2917 coronam
2928 2862 3141 2917 devicta
3187 2862 3527 2932 improbitate
3567 2872 3652 2917 cst
3700 2878 3788 2917 as-

527 2960 749 3008 secutus
798 2968 816 3008 3

874 2954 1075 3024 quippe
1120 2955 1211 3025 qui
1269 2965 1327 3011 et
1377 2958 1712 3026 propositum
1763 2956 2115 3027 providentiae
2164 2971 2275 3010 sua:
2337 2970 2402 3011 ac
2476 2956 2864 3011 benevolentiae
2897 2972 3027 3028 erga
3066 2958 3244 3026 justos
3294 2958 3360 3012 ad
3403 2957 3607 3013 exitum
3667 2974 3791 3030 per-

525 3049 784 3115 duxerit,
833 3060 890 3106 et
954 3051 1244 3121 impiorum
1316 3052 1754 3124 injustorumque
1811 3053 2089 3109 hominum
2118 3052 2509 3108 crudelitatem
2548 3052 2976 3108 conculcaverit.

1008 3171 1175 3243 539
1206 3172 1438 3228 CAPUT
1477 3171 1616 3228 xw.

526 3261 680 3329 Quod
704 3263 900 3335 Christi
931 3265 1188 3335 adventus
1235 3266 1519 3332 praedictus
1555 3267 1623 3321 sit
1658 3283 1691 3319 a
1717 3264 2021 3335 prophetis:
2049 3275 2098 3319 et

593 3333 733 3400 quod
749 3335 819 3387 ad
845 3334 1251 3388 simulacrorum
1277 3345 1326 3389 et
1356 3336 1568 3389 urbium
1599 3333 1891 3391 simulacra
1915 3334 2098 3389 colen—

595 3402 730 3456 tium
760 3406 1078 3458 eversionem
1107 3407 1385 3460 ordinatus
1415 3406 1597 3475 fuerit.

595 3515 865 3571 Caeterum
899 3525 955 3573 et
982 3518 1164 3586 passio
1196 3518 1340 3573 illius
1372 3519 1693 3591 jamdudum
1739 3520 2101 3593 praenuntiata

524 3606 705 3663 fuerat
742 3624 772 3661 a
806 3609 1104 3679 prophetis,
1153 3619 1210 3664 et
1256 3611 1561 3680 corporalis
1594 3613 1838 3684 ejusdem
1886 3613 2098 3668 nativi-

523 3708 629 3754 tas.
667 3699 995 3755 Praedictum
1052 3714 1268 3770 quoque
1316 3702 1496 3757 fuerat
1539 3711 1752 3772 tempus
1794 3702 1972 3772 ipsum
2015 3703 2102 3756 in-

521 3792 874 3858 carnationis,
928 3795 1074 3864 quod
1108 3794 1396 3866 injustitiae
1423 3804 1481 3851 et
1512 3796 1953 3867 intemperantiae
2004 3809 2101 3850 ex-

520 3892 647 3938 orta
703 3887 974 3955 germina,
1026 3901 1149 3956 quae
1191 3887 1360 3956 justis
1394 3887 1607 3943 actibus
1634 3896 1692 3941 et
1723 3888 1966 3943 moribus
1996 3903 2099 3943 no-

518 3983 666 4040 cent,
707 3990 739 4032 e
791 3977 972 4033 medio
1034 3979 1374 4040 tollerentur.
1414 3988 1584 4047 utque
1627 3980 1916 4035 universus
1947 3980 2100 4034 orbis

520 4068 824 4137 prudentiae
851 4085 915 4125 ac
946 4070 1228 4126 modestia:
1259 4072 1534 4142 particeps
1565 4071 1759 4140 fieret,
1808 4073 1927 4142 lege
1950 4070 2099 4127 scili-

518 4171 606 4216 cet
636 4176 759 4233 quae
800 4178 829 4217 a
880 4160 1177 4219 Servatore
1227 4165 1568 4236 promulgata
1600 4174 1704 4233 est,
1761 4165 1816 4220 in
1850 4164 2096 4221 omnium

521 4252 636 4308 fere
681 4254 992 4310 mortalium
1049 4257 1321 4312 mentibus
1373 4257 1703 4327 praevalente
1746 4297 1762 4323 ,
1811 4271 1877 4311 ac
1926 4256 2097 4312 divini

516 4341 737 4408 quidem
755 4341 1008 4398 Numinis
1036 4343 1182 4399 cultu
1217 4346 1577 4411 confirmato,
1611 4346 1917 4402 daatnonum
1966 4359 2096 4400 vero

516 4433 903 4503 superstitione
940 4433 1139 4490 deleta.
1165 4434 1297 4502 Qua:
1335 4435 1557 4505 quidem
1608 4436 1949 4506 superstitio,
1984 4451 2093 4491 non

519 4520 678 4579 modo
706 4522 991 4579 brutorum
1027 4524 1370 4586 animalium.
1408 4541 1594 4579 verum
1629 4527 1794 4581 etiam
1820 4527 2095 4599 humano-1

519 4630 637 4670 rum
665 4629 955 4687 corporum
979 4615 1380 4672 immolationes
1401 4617 1708 4683 invexerat,
1738 4628 1794 4673 et
1825 4617 2090 4673 scelerata

515 4721 736 4762 ararum
764 4708 976 4778 piacula
1003 4725 1020 4764 :
1056 4709 1259 4781 quippe
1308 4723 1431 4765 cum
1476 4710 1631 4782 juxta
1663 4710 1812 4781 leges
1841 4711 2091 4782 Assyrio-

2715 3168 3111 3223 ΚΕΦΑΛΑῙΟΝ
3152 3172 3269 3238 ις’.

2216 3265 2335 3335 Τὴν
2376 3262 2634 3332 Χριστοῦ
2675 3262 3019 3335 παρουσίαν
3075 3262 3459 3335 προειρῆσθαι
3504 3262 3789 3335 μὲν-*τοῖς

2280 3332 2637 3413 προφῄτιιις,
2691 3333 2811 3411 ἐπὶ.
2843 3333 3226 3402 καταστροφῇ
3272 3333 3340 3385 δὲ
3368 3333 3488 3387 τῶν
3524 3332 3790 3389 είδώλων

2277 3406 2375 3460 καὶ
2396 3422 2515 3471 των
2537 3402 2857 3457 ειδωλικων
2879 3403 3153 3473 γενέσθαι
3176 3405 3430 3457 πόλεων.

2286 3516 2446 3570 Ἀλλά
2476 3516 2537 3568 τὸ
2573 3515 2669 3586 μὲν
2692 3514 2922 3585 πάθημα
2954 3514 3161 3568 ἐκείνου
3200 3515 3304 3569 ὑπὸ
3350 3514 3460 3568 τῶν
3490 3516 3787 3588 προφητῶν

2202 3610 2305 3681 ήδη
2340 3610 2778 3680 προκεκήρυκτο,
2824 3608 3244 3679 προκεκήρυκτο
3283 3608 3338 3661 δὲ
3384 3608 3477 3661 καὶ
3524 3609 3558 3680 ἡ
3594 3626 3786 3680 σωμα-

2202 3701 2329 3773 τικὴ
2360 3700 2614 3772 γέννησις
2641 3699 2829 3764 αὑτοῦ,
2876 3699 3170 3772 προείρητο
3195 3698 3254 3753 δὲ
3286 3699 3381 3752 καὶ
3409 3701 3438 3753 ὁ
3469 3700 3657 3770 καιρὸς
3684 3699 3786 3769 τῆς

2200 3790 2664 3865 ἐνσωματώσεως,
2691 3793 2784 3846 καὶ
2812 3790 2888 3855 ὡς
2909 3792 3007 3861 τῆς
3026 3790 3236 3854 ἀδικίας
3256 3790 3364 3861 (19)
3393 3807 3452 3843 τε
3472 3793 3566 3845 καὶ
3588 3790 3787 3845 ἀκολα-

2207 3886 2328 3949 σίας
2357 3885 2627 3955 ὲκφύοντα
2657 3884 2995 3955 γεννήματα,
3029 3881 3099 3935 τὰ
3136 3882 3509 3953 λυμαινόμενα
3549 3885 3665 3946 τοῖς
3699 3881 3782 3936 δι-

2204 3976 2381 4039 καίοις
2425 3975 2607 4047 ἔργοις
2650 3973 2745 4027 καὶ
2789 3972 3034 4045 τρόποις,
3084 3971 3420 4043 ἀναιρεθείη,
3454 3974 3606 4027 πᾶσα
3650 3973 3710 4027 δὲ
3745 3973 3782 4046 ῆ

2199 4070 2491 4141 οἰκουμένη
2530 4064 2840 4138 φρονήσεώς
2877 4081 2939 4118 τε
2983 4065 3078 4118 καὶ
3115 4063 3466 4135 σωφροσύνης
3500 4067 3782 4136 μετάσχοι,

2201 4159 2668 4233 ἐπικρατήσαντος
2728 4156 2912 4228 σχεδὸν
2974 4158 3095 4220 ταῖς
3162 4156 3376 4210 πάντων
3440 4157 3638 4227 ψυχαῖς
3684 4157 3782 4212 τοῦ

2199 4247 2578 4311 θεσπισθέντος
2602 4247 2706 4300 ὑπὸ
2730 4245 2822 4299 τοῦ
2851 4246 3103 4319 Σωτῆρος
3133 4246 3319 4319 νόμου,
3352 4248 3446 4301 καὶ
3477 4246 3782 4312 θεοσεϐείας

2203 4341 2304 4412 μὲν
2355 4339 2679 4412 ῥαισθείσης,
2747 4337 3167 4408 δεισιδαιμονίας
3228 4338 3286 4392 δὲ
3338 4338 3780 4411 ἑξαλειφθείσηςο

2199 4431 2268 4485 δι’
2293 4431 2359 4503 ἠν
2391 4431 2452 4485 οὐ
2487 4431 2662 4502 μόνων
2694 4429 2902 4498 ἀλόγων
2941 4427 3095 4495 ζώων
3141 4432 3369 4501 σφαγαὶ.
3404 4430 3542 4484 ἀλλὰ
3570 4432 3663 4484 καὶ
3688 4432 3781 4485 ἀν-

2200 4522 2485 4595 θρωπίνων
2524 4521 2862 4594 ἱερευμάτων
2913 4520 3115 4587 θυσίαι,
3161 4523 3256 4576 καὶ
3290 4523 3460 4594 ἐναγῆ
3496 4524 3779 4595 μιάσματα

2203 4613 2400 4686 βωμῶν
2445 4614 2736 4686 ἐπενοήθη,
2790 4612 2934 4668 κατά
2975 4631 3036 4667 τε
3119 4615 3438 4686 Ἀσσυρίους
3477 4617 3571 4670 καὶ
3610 4619 3777 4684 Δίγυ-

2199 4709 2390 4771 πτίους
2416 4707 2632 4778 νόμους,
2650 4705 3058 4778 χαλκηλάτοιςῆ
3086 4706 3180 4759 καὶ
3212 4705 3466 4771 πλαστοῖς
3495 4707 3776 4779 ὶνδάλμασι

587 4852 701 4924 (id)
746 4852 935 4927 Vulg._
957 4858 1165 4927 μόνουγ
1219 4857 1367 4911 Θεοῦ
1412 4859 1678 4927 νεύματι.
1742 4858 2098 4913 Scribendum

2209 4856 2416 4927 codice
2445 4854 2610 4919 Fuk.,
2634 4862 2708 4927 et
2746 4854 2797 4907 in
2847 4852 3344 4927 sc‘hedisscrihitur
3383 4851 3545 4927 ἡνίκα
3595 4853 3661 4907 ἀν
3692 4871 3777 4917 τις

515 4921 688 4995 μόνῳ,
719 4933 777 4977 ut
821 4921 877 4999 in
924 4921 1064 4979 li'hro
1117 4926 1325 4999 Ilionei
1359 4921 1713 4999 emetnlatum
1740 4928 1980 4984 ‘inveui.
2029 4928 2099 4984 Et

2209 4924 2530 4999 προσπίπτῃ
2563 4926 2726 4999 πεςίρα
2774 4921 3098 4999 κακῶνηκαὶ
3121 4922 3181 4976 τὸ
3203 4921 3470 4999 ἄτρεπτον
3500 4921 3622 4999 ἔχῃ,
3663 4935 3772 4999 etc.

515 4998 678 5068 paulo
706 5003 828 5068 post
855 4996 971 5068 lego
1002 4996 1426 5068 παρασχομένης
1458 4998 1597 5062 ὁδόν,
1634 5009 1689 5052 ut
1720 5010 1804 5052 est
1827 4999 1877 5052 in
1903 4999 2092 5054 codem

516 5063 674 5139 libro.
708 5064 1044 5139 Subauditur
1070 5063 1545 5139 ἑιιὶιίιίθαλᾶσσης.
1576 5069 1633 5121 fu
1666 5069 1853 5139 codice
1880 5068 2091 5139 Fuketii

512 5144 568 5187 et
623 5133 679 5187 in
730 5134 1008 5191 veteribus
1058 5136 1274 5191 stzhedis
1326 5133 1529 5208 legitur
1590 5139 1736 5209 μόνῳ
1786 5138 1921 5192 Θεοῦ
1966 5140 2091 5193 νεύ-

559 5219 671 5256 ατι.

517 5221 696 5350 μᾝὲ)
737 5272 1049 5350 Ἐγτεῦθεςν
1066 5273 1133 5327 δὲ
1154 5275 1251 5350 καί
1284 5275 1351 5329 τὸ
1372 5276 1460 5346 μὴ
1495 5277 1853 5350 μεταμέλειν
1883 5279 1978 5333 ἐπὶ
2012 5280 2089 5350 τῇ

514 5343 740 5464 πέστει.
795 5343 851 5399 In
910 5345 1097 5400 codice
1155 5345 1292 5401 Fuk.
1350 5343 1737 5422 s'crih'itur'tth
1797 5343 2098 5421 μεταμέλέζ

515 5430 547 5464 σ
583 5431 661 5464 αι.

515 5430 661 5468 συαι.

588 5483 701 5558 (16)
748 5484 948 5558 Hirtam
987 5483 1066 5538 ἄν
1118 5502 1210 5551 τις
1244 5488 1611 5555 προσπίπτοι
1657 5490 1833 5558 πείρᾳ
1876 5490 2097 5545 κακῶν.

516 5549 700 5627 Malim
742 5549 1255 5627 scribereueipa'iu
1283 5549 1645 5627 nominativo;
1673 5561 1724 5615 id
1750 5549 1896 5615 enim
1931 5561 2101 5615 multo

516 5625 824 5701 elegantius
875 5626 1008 5701 mihi
1060 5625 1300 5701 videtur.
1336 5626 1456 5681 Mox
1486 5629 1769 5701 legendum
1795 5639 1881 5686 est
1910 5633 2098 5701 procul

515 5691 682 5768 dubio
707 5694 806 5746 καὶ
846 5693 912 5747 τὸ
945 5694 1217 5768 ἄτρεπτον
1246 5695 1410 5767 ἔχειν,
1442 5691 1566 5752 etc."
1582 5691 1926 5756 Subauditur.
1949 5702 2097 5755 enim

519 5763 748 5818 verbum
779 5763 1174 5835 παραγίνεται,
1198 5763 1339 5836 quod
1368 5768 1530 5838 paulo
1559 5779 1684 5825 ante
1699 5772 1995 5840 praecessit.
2035 5770 2091 5826 in

2281 4995 2393 5067 (17)
2445 4980 2530 5049 Τὸ’
2564 4980 2880 5067 άῄέτῃτον.
2929 4980 3215 5067 Α’όμοτιιιιι
3271 4980 3774 5067 codicisﬂ'i'irteani

2202 5061 2525 5121 emendatur
2569 5064 2662 5134 τὸν
2704 5064 2970 5134 ἀήττητον
3022 5061 3240 5133 ἔχουσα.
3278 5062 3449 5134 Quam
3487 5062 3772 5134 lectionem

2201 5147 2424 5192 secutus
2454 5143 2540 5188 est
2565 5132 3115 5201 ChristbphOrsonus.
3171 5135 3352 5201 Atque
3388 5132 3465 5187 ita
3511 5133 3776 5189 scribitur

2202 5209 2255 5262 in
2288 5205 2477 5261 codice
2516 5202 2751 5257 Fuketii.
3746 5230 3751 5235 -

2268 5276 2379 5347 (18)
2406 5272 2575 5347 Παρὰ
2725 5273 2865 5347 Lego
2901 5273 3036 5343 πρὸς
3060 5271 3137 5337 δὲ,
3168 5269 3325 5324 τοῦτο
3353 5270 3773 5347 μεμαθήκαμεν,

2209 5342 2296 5403 ubi
2325 5342 2463 5417 πρὸς
2487 5342 2872 5417 adverbialiter
2898 5342 3250 5417 sumiturpro
3279 5342 3526 5417 προσέτι.

2276 5411 2388 5488 (19)
2415 5414 2524 5471 Kal
2542 5414 2622 5488 ᾡς
2639 5411 2748 5481 τῆς
2775 5413 3030 5488 ἀδικίας.
3050 5413 3104 5488 |_n
3129 5411 3267 5488 libro
3290 5411 3469 5488 Μοιωὶ
3491 5412 3557 5465 ad
3573 5412 3774 5481 margi-

2207 5480 2329 5541 nein
2362 5480 2801 5554 emendaturum.
2832 5483 2909 5547 ὡς
2935 5484 3006 5537 τά
3029 5483 3127 5554 τῆς
3162 5480 3396 5546 ἀδικίας,
3441 5491 3572 5554 etc.,
3607 5480 3770 5554 quam

2205 5557 2527 5626 scripturam
2576 5553 2630 5607 in
2657 5551 3122 5626 interpretatione
3148 5566 3246 5606 sua
3278 5552 3551 5626 expressit
3602 5551 3762 5626 Chri-

2206 5621 2623 5696 stophorsonus.
2657 5622 2784 5696 Mihi
2813 5621 3163 5696 'hteclocutio
3189 5635 3379 5696 p_aru_m
3394 5622 3590 5696 (graeca
3615 5621 3767 5696 vide-

2205 5686 2316 5751 tur'.
2362 5698 2545 5765 Itaque
2591 5694 2796 5765 m_al_im_
2824 5693 3064 5765 scribere
3104 5692 3162 5765 εν
3197 5686 3357 5765 ᾧᾼτά
3384 5692 3483 5762 τῆς
3530 5690 3769 5753 ἀδικίας.

2204 5768 2382 5823 Codex
2415 5761 2592 5821 tamen
2617 5762 2752 5820 Fuk.
2784 5762 2947 5819 habet
2976 5761 3069 5816 καὶ
3097 5762 3171 5826 ὡς
3205 5761 3271 5816 τὰ
3298 5764 3416 5834 τῆς,
3446 5761 3561 5818 etc.
