4176 6390
531 362 674 419 1285

1236 358 1513 416 EUSEBll
1549 358 2031 417 CESARIENSIS
2066 359 2219 418 OPP.
2258 360 2447 418 PARS
2482 360 2531 420 l.
2563 393 2636 404 —
2670 361 3065 422 HISTORICA.

3656 370 3797 428 138$

531 477 622 546 qui
648 491 685 532 a
712 472 1017 531 Gentilibus
1038 471 1333 544 plurimum
1362 472 1714 527 celebrantur
1757 489 1853 528 seu
1890 473 2088 540 sapiens

2208 492 2299 529 vou
2329 474 2520 545 σοφίας
2543 476 2812 545 γενέσθαι.
2842 476 3168 549 Πυθαγόρας
3191 477 3301 550 γὰρ
3321 478 3421 550 τὴν
3454 479 3668 535 ἐκείνου
3706 500 3798 537 σο-

532 581 616 627 tes
689 586 785 626 seu
850 556 1176 641 philosophi,
1235 567 1515 636 sapientiae
1566 568 1712 622 illius
1762 569 2108 624 mmulatores

528 661 860 717 exstiterint.
892 659 1240 731 Pythagoras
1264 671 1413 716 certe
1436 661 1765 731 sapientiam
1795 662 1913 728 ejus
1936 677 2107 716 aemu-

529 756 690 820 latus,
720 754 1000 810 modestia:
1027 768 1198 809 causa
1235 763 1518 822 tantopere
1556 754 1875 810 celebratus
1907 763 2016 818 est,
2045 763 2106 809 ut

526 849 679 905 Plato
709 850 794 904 vir
834 848 1295 912 modestissimus,
1346 848 1735 904 abstinentiam
1788 847 1933 903 illius
1956 847 2108 903 velut

525 941 831 1006 exemplum
870 942 975 996 sibi
1015 941 1084 995 ad
1131 940 1461 995 imitandum
1514 950 1867 1011 proponeret.
1916 936 2104 996 Daniel

524 1048 765 1103 quoque,
792 1033 872 1101 iis
902 1032 996 1102 qui
1045 1031 1229 1087 futura
1255 1033 1531 1103 praedixit,
1560 1041 1617 1086 et
1644 1033 1735 1102 qui
1770 1047 1995 1087 summa:
2014 1047 2106 1087 eu-

518 1124 732 1193 jusdam
762 1122 1158 1194 magnitudinis
1212 1122 1683 1191 animispeeimen
1737 1122 1936 1188 edidit,
1984 1136 2105 1175 mo-

522 1230 753 1285 rumque
788 1224 843 1271 et
875 1215 1043 1271 totius
1069 1215 1197 1270 vita:
1220 1214 1517 1270 sanctitate
1548 1213 1833 1280 excelluit,
1880 1215 2096 1284 qualem

520 1316 576 1362 et
606 1321 768 1375 quam
816 1320 1068 1376 asperam
1117 1306 1337 1377 tyranni
1371 1305 1516 1360 illius
1544 1305 1636 1374 qui
1669 1315 1783 1360 tum
1839 1307 1893 1361 in
1941 1304 2100 1378 Syria

523 1397 927 1464 dominabatur,
984 1397 1248 1453 savitiam
1312 1398 1596 1469 superavit
1640 1398 1666 1451 ?
1711 1397 1922 1453 Nomen
1972 1400 2099 1454 huic

523 1498 644 1543 erat
675 1486 1176 1544 Nabuchodonosor
1207 1507 1223 1556 ;
1271 1488 1426 1556 cujus
1470 1488 1644 1557 stirpe
1669 1490 1820 1544 omni
1852 1489 2097 1544 funditus

518 1581 717 1647 deleta,
770 1582 964 1652 ingens
1025 1580 1115 1634 illa
1180 1590 1238 1636 et
1289 1583 1648 1639 formidabilis
1724 1584 1967 1652 potentia
2028 1585 2094 1638 ad

517 1673 712 1729 Persas
746 1672 1007 1728 translata
1033 1681 1134 1728 est.
1190 1675 1363 1729 Erant
1406 1677 1462 1730 in
1525 1690 1621 1733 ore
1649 1677 1920 1742 omnium,
1954 1677 2096 1733 sicut

519 1767 572 1821 in
608 1767 755 1821 hunc
785 1781 954 1833 usque
1001 1766 1141 1820 diem
1175 1767 1359 1822 multis
1411 1769 1692 1824 hominum
1748 1771 2093 1825 sermonibus

518 1857 883 1921 celebrantur,
938 1872 1071 1926 opes
1119 1860 1264 1928 regis
1313 1859 1504 1925 illius;
1561 1869 1617 1913 et
1664 1860 1813 1916 circa
1846 1861 2092 1916 illicitam

518 1949 830 2019 religionem
859 1949 1166 2019 importuna
1217 1951 1502 2011 sedulitas.
1549 1961 1605 2005 et
1657 1953 1723 2005 ad
1776 1950 2094 2006 fabricanda

515 2041 745 2097 deorum
777 2040 1072 2096 simulacra
1128 2043 1319 2113 ingens
1363 2045 1520 2113 copia
1576 2045 1845 2113 cujusque
1876 2043 2094 2113 generis

516 2135 902 2190 metallorum:
941 2135 1269 2207 templorum
1322 2137 1454 2191 item
1507 2135 1749 2191 culmina
1778 2134 1977 2191 emtum
2007 2135 2093 2204 ip-

515 2240 660 2290 sum,
697 2237 757 2280 ut
780 2231 854 2281 ita
879 2227 1077 2293 dicam,
1110 2227 1483 2299 eontingentia
1526 2244 1541 2293 ;
1597 2227 1968 2283 formidabiles
1995 2227 2092 2282 de-

514 2320 678 2387 nique
720 2319 1000 2390 religionis
1032 2321 1209 2390 leges,
1243 2329 1297 2372 et
1332 2319 1398 2373 ad
1432 2319 1700 2374 smvitiam
1733 2331 2088 2387 comparatis.

513 2409 715 2465 Verum
743 2411 859 2466 hazc
888 2411 1072 2466 omnia
1105 2410 1176 2466 ob
1201 2410 1471 2466 sinceram
1530 2410 1583 2464 in
1631 2410 1799 2464 Deum
1826 2410 2090 2480 pietatem

513 2500 1119 2566 Daniel'contemnens,
1157 2505 1533 2569 importunum
1563 2501 1693 2556 illud
1728 2503 1944 2573 tyranni
1978 2511 2093 2555 stu-

514 2590 685 2655 dium,
714 2590 1023 2661 gravissimi
1056 2592 1342 2661 citjusdam
1379 2590 1506 2644 mali
1539 2605 1759 2645 causam
1795 2592 1911 2647 fore
1944 2606 2090 2662 prat-

513 2683 669 2737 dixit.
703 2682 814 2737 Nec
851 2691 1026 2737 tamen
1061 2691 1294 2754 tyranno
1330 2683 1625 2751 persuasit.
1659 2682 1837 2752 Opum
1888 2684 2092 2753 quippe

512 2771 807 2836 aﬂluentia,
838 2774 1082 2829 maximo
1113 2774 1505 2844 impedimento
1540 2784 1624 2830 est
1672 2776 1739 2830 ad
1776 2787 1927 2831 recte
1961 2790 2089 2831 sen-

513 2866 781 2921 tiendum.
817 2865 1060 2920 Tandem
1093 2881 1224 2922 vero
1259 2867 1463 2923 mentis
1502 2882 1617 2923 suae
1662 2866 1939 2924 feritatem
1985 2884 2082 2925 rex

511 2956 842 3023 declaravit,
868 2956 1079 3024 justum
1107 2966 1272 3027 atque
1305 2958 1577 3014 insontem
1608 2958 1742 3014 feris
1779 2959 1973 3015 bestiis
2007 2959 2089 3015 la—

508 3047 768 3103 niandum
816 3047 977 3116 objici
1019 3047 1230 3118 iubens.
1273 3047 1529 3103 Fratrum
1581 3050 1711 3105 item
1769 3051 1984 3106 illorum
2035 3052 2087 3106 in

508 3139 775 3225 martyrio
801 3139 1085 3195 subeundo
1117 3141 1425 3205 consensio,
1459 3156 1720 3212 generosa
1766 3141 1871 3195 fait
1919 3143 2089 3212 inpri-
2115 3172 2160 3234 ο

508 3231 631 3286 mis.
684 3218 831 3297 Quos
860 3230 1063 3302 posteri
1094 3230 1353 3301 deinceps
1386 3231 1610 3299 imitati,
1662 3233 1938 3305 ingentem
1971 3234 2087 3304 glo-

508 3323 646 3376 riam
674 3322 744 3377 ob
772 3323 931 3377 fidem
958 3339 1087 3396 erga
1115 3323 1468 3381 Servatorem
1495 3323 1824 3379 retulerunt.
1873 3326 1975 3392 Qui
2018 3327 2087 3381 ab

508 3415 636 3485 igne
668 3425 725 3470 et
754 3414 977 3472 fornace
1028 3417 1349 3486 (ueterisque
1392 3419 1730 3474 cruciatibus
1765 3419 1833 3473 ad
1883 3433 2084 3473 consuc

507 3512 704 3564 menda
738 3510 985 3580 ipsorum
1017 3526 1248 3582 corpora
1288 3512 1624 3582 comparatis
1656 3511 1969 3567 nullatenus
1997 3511 2085 3565 lae-

508 3604 578 3666 si,
609 3603 846 3657 inclusas
877 3604 1119 3674 undique
1149 3604 1203 3658 in
1230 3603 1450 3659 fornace
1475 3604 1749 3667 ﬂammas,
1804 3614 2081 3659 castorum

507 3709 798 3762 corporum
823 3697 1039 3767 objectu
1079 3707 1444 3766 contactuque
1479 3698 1864 3769 propulerunt.
1910 3695 2082 3751 Porro

506 3788 854 3859 Assyriorum
890 3790 1117 3858 imperio
1171 3793 1269 3847 Dei
1325 3790 1534 3846 ultione
1581 3800 1637 3845 et
1670 3790 1960 3843 fulminum
2005 3789 2084 3857 ja-

506 3879 684 3933 ctibns
721 3879 931 3944 exciso,
965 3880 1151 3935 Daniel
1206 3881 1388 3935 divina
1444 3881 1785 3951 providentia
1826 3879 1893 3934 ad
1928 3879 2086 3935 Cam-

506 3969 694 4039 bysem
735 3969 1046 4026 -Persarum
1104 3988 1286 4043 regem
1345 3988 1405 4029 se
1475 3972 1730 4028 contulit.
1797 3970 1899 4025 llic
1951 3986 2082 4025 vero

505 4062 673 4114 etiam
715 4062 864 4115 illum
894 4064 1112 4118 vexavit
1139 4064 1342 4118 invidia
1369 4107 1385 4125 ,
1417 4074 1472 4118 et
1510 4065 1764 4119 exitiales
1796 4079 2078 4133 magorum

506 4153 748 4219 insidia},
780 4165 835 4209 et
869 4155 1159 4209 multorum
1190 4156 1669 4225 maximorumque
1699 4156 2078 4210 discriminum

506 4248 765 4301 continua
841 4246 1136 4302 successio.
1189 4246 1398 4313 Quibus
1450 4248 1726 4311 omnibus,
1787 4247 2081 4313 adjuvaute

506 4339 708 4393 Christi
758 4338 1127 4407 providentia,
1183 4338 1450 4392 facillime
1504 4338 1763 4392 liberatus
1813 4338 1971 4409 591
2024 4339 2078 4393 in

505 4429 652 4485 omni
681 4443 879 4500 genere
904 4429 1123 4484 virtutis
1174 4440 1450 4500 spectatus
1501 4429 1715 4484 enituit.
1762 4428 1897 4483 Nam
1949 4445 2074 4484 cum

507 4605 699 4662 Scribo
720 4606 896 4679 igitur
926 4607 961 4679 ἥ
985 4624 1066 4661 τοι
1090 4606 1285 4677 σοφοὺς
1309 4608 1342 4679 ἦ
1379 4607 1470 4661 καὶ
1508 4605 1798 4679 φιλοσόφου
1812 4622 1863 4671 ς,
1892 4604 1942 4660 id
1970 4614 2074 4671 est,

505 4692 597 4731 seu
618 4677 895 4742 sapientes,
921 4677 1012 4729 seu
1042 4677 1375 4744 philosophos
1408 4678 1562 4732 malis
1583 4677 1777 4729 dicere.

577 4746 697 4818 (25)Δ
727 4745 969 4818 Δανιὴλ
1007 4745 1094 4801 δέ.
1142 4748 1434 4816 Postquam
1484 4748 1557 4818 de,
1600 4743 1876 4818 IEgyptiis
1918 4753 1974 4799 et
2010 4745 2077 4802 de

506 4816 773 4884 Memphis
801 4818 1016 4871 excidio
1061 4818 1217 4883 dixit,
1264 4819 1461 4872 transit
1494 4817 1561 4869 ad
1611 4816 1866 4884 Assyrios
1907 4826 1963 4869 et
2009 4819 2075 4870 ad

506 4886 800 4956 Babylonis
818 4889 1213 4956 vastationem.
1246 4887 1312 4941 Et
1336 4887 1628 4942 occasione
1653 4887 1875 4954 quidem
1902 4884 2075 4956 IEgy-

504 4955 766 5027 ptiorum,
786 4955 983 5027 Moysis
1013 4957 1371 5011 laudationem
1400 4958 1648 5011 inseruit.
1671 4956 1824 5009 Nunc
1856 4971 1985 5010 vero
2008 4955 2076 5011 de

504 5027 744 5098 Assyriis
800 5040 987 5094 agens,
1054 5027 1291 5098 Danielis
1331 5028 1527 5098 laudes
1561 5027 1922 5098 exsequitur,
1979 5027 2074 5096 qui

506 5095 645 5166 apud
679 5098 931 5165 Assyrios
962 5111 1056 5166 seu
1083 5095 1405 5166 Babylonios
1429 5096 1678 5166 captivus
1703 5096 1859 5150 vixit.

576 5166 690 5238 (26)
739 5164 794 5219 Ὁ
819 5165 1045 5233 Δανιὴλ
1072 5164 1551 5238 καταφρονήσας.
1594 5164 1728 5238 Post
1768 5166 1885 5238 haec
1908 5165 2069 5238 verba

502 5234 845 5308 antiquarius
871 5239 961 5305 qui
998 5237 1486 5308 codicemrttegium
1538 5237 1849 5308 descripsit,
1892 5234 2071 5290 offen-

504 5323 599 5361 sus
623 5305 940 5362 tuendorum
973 5305 1320 5360 multitudine
1348 5305 1544 5374 quibus
1575 5307 1852 5373 exemplar
1889 5316 2070 5360 scate-

503 5377 616 5442 bat,
651 5379 739 5431 bic
772 5375 930 5429 tinem
964 5374 1234 5430 scribendi
1286 5376 1433 5431 fecit.
1485 5378 1662 5443 Atque
1708 5375 1814 5430 hoc
1841 5384 2072 5430 testatus

504 5460 588 5501 est
617 5448 699 5500 his
730 5446 910 5499 verbis
953 5446 1021 5498 ad
1064 5446 1227 5514 imam
1268 5448 1515 5512 paginam
1567 5446 1907 5514 appositis...
1932 5459 2071 5514 ησας

505 5516 642 5597 πρὸς
661 5516 728 5597 ab
748 5515 984 5596 πέλαγος
1019 5513 1126 5597 τῶν
1153 5514 1480 5597 σφαλμάτων
1503 5514 1596 5597 τοῦ
1623 5513 1850 5597 βιϐλίουι
1878 5513 2070 5595 ἐπέχον

503 5583 601 5654 τῆν
644 5590 801 5670 χεῖρα
858 5586 1251 5670 τοῦλγράςρεινλ
1296 5583 1378 5637 ὅτι
1430 5585 1594 5670 μηδὲν
1624 5583 1789 5670 ὐγιὲς
1832 5583 2070 5670 ἐνῆντῴ

504 5653 862 5727 πρωτοτύπῳ,
889 5653 1072 5727 καθὼς
1084 5658 1148 5707 ὲκ
1182 5654 1290 5707 τῶν
1311 5653 1628 5725 γραφέντων
1651 5653 1766 5709 ἐστι
1792 5653 2070 5727 τεκμῄραὲ

574 5740 628 5777 αι
666 5728 790 5787 τούς
807 5726 1299 5790 ἀναγινώσκοντας.

575 5793 687 5864 (27)
711 5793 867 5863 Vulg.
898 5794 1313 5863 ἀναιρεθείσης
1345 5794 1652 5864 κεραυνῶν
1665 5793 1850 5864 βολῇ.
1872 5794 2065 5852 Nescio

2206 565 2335 633 φίαν
2365 567 2763 637 μιμησάμενος,
2807 568 2888 632 εἰς
2912 566 3166 621 τοσοῦτον
3194 568 3289 621 ἐπὶ
3318 570 3641 644 σωφροσύνῃ
3678 572 3796 627 δια-

2206 656 2484 728 ϐεϐόηται,
2528 657 2670 712 ὥστε
2717 659 2812 712 καὶ
2838 658 2915 730 τῷ
2949 661 3376 733 σωφρονεστάτῳ
3402 662 3648 718 Πλάτωνι
3685 682 3795 720 πα-

2207 746 2476 819 ράδειγμα
2508 749 2607 820 τὴν
2630 748 2822 802 ἑαυτοῦ
2849 751 3177 821 ἐγκράτειαν
3199 753 3558 825 καταστῆσαι.
3589 756 3792 829 Δανιὴλ

2203 837 2249 889 δ’
2285 837 2397 907 (25)
2423 841 2452 892 ὁ
2484 839 2746 905 θεσπίσας
2783 840 2852 895 τά
2878 840 3159 911 μέλλοντα,
3190 842 3285 896 καὶ
3318 844 3418 913 τῆς
3447 845 3791 919 ὲξοχωτάτης

2207 928 2607 1000 μεγαλοψυχίας
2627 932 2884 1003 ἐργάτης,
2910 931 3057 1000 ὴθῶν
3088 949 3146 986 τε
3172 934 3265 986 καὶ
3294 933 3494 998 παντὸς
3515 935 3631 1005 βίου
3663 937 3793 992 κάλ-

2203 1020 2283 1073 λει
2321 1021 2646 1094 διαπρέψας,
2682 1024 2854 1095 πόσην
2887 1024 3009 1077 τινὰ
3050 1026 3145 1079 καὶ
3174 1025 3296 1090 πῶς
3322 1031 3582 1099 τραχεῖαν
3613 1047 3788 1101 κατη-

2201 1112 2470 1179 γωνίσατο
2495 1114 2814 1186 δυσχέρειαν
2844 1116 2938 1169 τοῦ
2966 1116 3109 1170 κατὰ
3130 1118 3327 1190 Συρίαν
3354 1119 3475 1173 τότε
3488 1122 3786 1193 τυράννους

2205 1207 2416 1276 Ὀνομα
2449 1208 2494 1262 δ’
2524 1209 2718 1279 ἐκείνῳ
2750 1209 3220 1282 Ναϐουχοδονόσορ
3249 1206 3340 1282 ἦν,
3373 1204 3436 1265 οὗ
3467 1214 3650 1285 πάσης
3684 1215 3787 1284 τῆς

2199 1300 2393 1366 γενεᾶς
2446 1301 2879 1373 ὲξαλειφθείσης,
2933 1304 2966 1372 ἡ
3027 1303 3198 1375 σεμνὴ
3257 1306 3354 1358 καὶ
3400 1305 3787 1379 ὑπερμεγέθης

2198 1390 2381 1462 ἐκείνη
2407 1392 2634 1463 δύναμις
2669 1394 2805 1465 πρὸς
2835 1395 2961 1458 τοὺς
2996 1394 3211 1467 Πέρσας
3240 1395 3445 1468 διῆλθε.
3492 1400 3786 1471 Διαϐὁητος

2197 1484 2307 1556 γάρ
2339 1481 2408 1555 ἦν
2445 1486 2538 1540 καὶ
2571 1487 2698 1557 άχρι
2730 1484 2824 1539 νῦν
2864 1488 3012 1540 ἐστὶν
3049 1489 3078 1541 ὁ
3124 1487 3354 1552 πλοῦτος
3379 1488 3473 1542 τοῦ
3494 1492 3782 1562 τυράννου,

2196 1578 2291 1632 καὶ
2317 1578 2350 1648 ἠ
2377 1578 2605 1648 ἄκαιρος
2633 1579 2763 1648 περὶ
2795 1577 2893 1649 τὴν
2930 1579 3027 1649 μὲν
3054 1578 3281 1633 δέουσαν
3337 1579 3635 1653 θρησκείαν
3662 1587 3783 1639 ἐπι-

2199 1668 2406 1740 μέλεια,
2441 1668 2717 1738 μετάλλων
2763 1686 2824 1723 τε
2871 1671 3230 1725 παντοδαπῶν
3256 1674 3606 1747 οὐρανομήκη
3645 1676 3788 1747 ὑψῶ-

2199 1777 2364 1830 ματα,
2389 1760 2605 1831 φρικτοί
2633 1777 2692 1813 τε
2718 1761 2810 1815 καὶ
2833 1746 2972 1832 πρὸς
3005 1762 3263 1834 ὠμότητα
3280 1765 3330 1817 οἱ
3360 1768 3458 1836 τῆς
3486 1746 3785 1840 θρησκείας

2199 1852 2541 1915 συντεθέντες
2569 1852 2723 1922 νόμοι
2742 1869 2757 1884 ο
2793 1847 2869 1907 ὧν
2900 1855 3116 1908 πάντων
3150 1856 3179 1907 ὁ
3213 1855 3411 1928 Δανιὴλ
3436 1863 3785 1932 καταφρονη-

2198 1961 2297 2008 σας
2328 1944 2440 2013 (26)
2469 1944 2556 1998 διὰ
2587 1944 2687 2016 τὴν
2710 1944 2977 2017 ἄχραντον
3004 1948 3143 2019 πρὸς
3167 1948 3260 2001 τὸν
3281 1949 3447 2013 ὄντως
3464 1950 3596 2004 Θεὸν
3626 1953 3783 2006 εὐσέ-

2195 2036 2370 2094 ϐειαν.
2413 2038 2512 2108 τὴν
2544 2038 2771 2109 ἄκαιρον
2815 2038 2907 2092 τοῦ
2940 2040 3203 2111 τυράννου
3239 2041 3492 2113 σπουδὴν,
3544 2045 3781 2114 μεγάλου

2194 2129 2337 2193 τινὸς
2388 2129 2560 2183 κακοῦ
2595 2131 2859 2202 ἐσομένην
2907 2132 3083 2186 αἰτίαν
3130 2134 3490 2204 ἐμαντεύετο·
3535 2137 3649 2191 ἀλλ’
3682 2140 3784 2191 οὐκ

2193 2219 2376 2273 ἔπειθε
2404 2220 2495 2274 τὸν
2526 2221 2823 2294 τύραννον·
2859 2226 2887 2278 ὁ
2932 2224 3041 2296 γὰρ
3074 2224 3307 2293 ἄφθονος
3342 2226 3572 2291 πλοῦτος
3607 2230 3783 2300 ἐμπό-

2193 2308 2303 2363 διον
2353 2310 2492 2382 πρὸς
2533 2312 2594 2364 τὸ
2618 2312 2799 2377 καλῶς
2826 2310 3042 2385 φρονεῖν
3071 2314 3323 2387 ὑπάρχει.
3361 2317 3526 2382 Τέλος
3559 2318 3689 2387 γοῦν
3720 2318 3783 2372 τὺ

2192 2401 2382 2473 ἄγριον
2417 2405 2516 2474 τῆς
2543 2404 2737 2458 ἑαυτοῦ
2763 2405 2998 2470 διανοίας
3022 2406 3051 2457 ὁ
3073 2405 3341 2479 δυνάστης
3371 2408 3619 2479 ἐξέφηνε,
3649 2409 3785 2483 θηρ-

2196 2494 2280 2547 σὶν
2305 2494 2517 2566 ἀγρίοις
2543 2495 2968 2568 διαλυμανθῆναι
2993 2496 3084 2551 τὸν
3110 2497 3313 2553 δίκαιον
3334 2499 3613 2565 κελεύσας.
3649 2503 3780 2555 Γεν-

2192 2583 2316 2637 ναία
2338 2599 2401 2651 γε
2435 2585 2542 2657 μὴν
2571 2587 2666 2640 καὶ
2689 2589 2722 2657 ἡ
2743 2586 2850 2640 τῶν
2873 2586 3117 2656 ἀδελφῶν
3146 2589 3203 2642 ἐν
3221 2587 3299 2660 τῷ
3331 2593 3626 2663 μαρτυρεῖν
3651 2592 3781 2662 ὀμο-

2191 2673 2367 2740 δοξία·
2402 2677 2497 2740 οὓς
2537 2678 2587 2730 οἱ
2634 2678 2770 2748 μετά
2809 2678 2981 2732 ταῦτα
3023 2680 3385 2750 ζηλώσαντες,
3424 2681 3777 2754 ὑπερμεγέθη

2191 2766 2350 2833 δόξαν
2386 2771 2484 2840 τῆς
2530 2771 2668 2841 πρὸς
2712 2770 2803 2824 τὸν
2833 2771 3061 2843 Σωτῆρα
3089 2772 3324 2836 πίστεως
3361 2775 3598 2846 ⁴ξξραντο·
3644 2778 3781 2846 πυρὶ

2191 2863 2284 2915 καὶ
2310 2862 2526 2933 καμίνῳ
2544 2863 2638 2916 καὶ
2664 2866 2775 2927 τοῖς
2795 2867 2876 2927 εἰς
2898 2863 2959 2916 τὸ
2989 2867 3183 2933 φαγεῖν
3211 2866 3408 2928 αὐτοὺς
3427 2867 3781 2938 τεταγμένοις

2189 2954 2383 3017 δεινοῖς
2413 2954 2643 3024 ἁδῂωτοι
2677 2954 2954 3022 φανέντες,
2979 2957 3116 3027 ἁγνῇ
3149 2973 3207 3009 τε
3246 2957 3512 3027 σωμάτων
3547 2959 3782 3030 προσϐο-

2193 3044 2258 3116 λῇ
2291 3045 2354 3098 τὸ
2387 3046 2852 3117 ἐμπεριεχόμενον
2880 3049 2944 3117 τῇ
2986 3047 3203 3119 καμίνῳ
3238 3047 3349 3121 πῦρ
3377 3048 3778 3121 ἀπωθούμενα.

2190 3136 2390 3209 Δανιὴλ
2419 3137 2474 3190 δὲ
2509 3138 2651 3191 κατά
2691 3137 2791 3209 τὴν
2818 3138 3118 3193 κατάλυσιν
3147 3142 3246 3212 τῆς
3293 3141 3591 3212 Ἀσσυρίων
3623 3143 3778 3214 βασι-

2190 3227 2357 3291 λείας,
2386 3228 2765 3299 ἀναιρεθείσης
2786 3230 3064 3302 κεραυνῶν
3090 3229 3271 3301 βολαῖς
3285 3231 3419 3296 (27),
3442 3234 3535 3286 ἐπὶ
3555 3233 3782 3305 Καμϐύ-

2190 3335 2289 3390 σην
2313 3319 2405 3372 τὸν
2428 3319 2652 3392 Περσῶν
2679 3319 2901 3390 βασιλέα
2929 3321 3190 3393 μετῆλθεν
3221 3324 3285 3376 ὲκ
3318 3321 3468 3389 θείας
3488 3327 3775 3396 προνοίαςο

2188 3413 2379 3482 φθόνος
2412 3414 2468 3467 δὲ
2496 3415 2797 3481 κάνταῦθα,
2834 3416 2929 3470 καὶ
2958 3416 3095 3488 πρός
3122 3434 3186 3486 γε
3214 3416 3295 3487 τῷ
3317 3416 3518 3489 φθόνῳ,
3542 3418 3780 3491 ὀλέθριοι

2186 3506 2394 3574 Μάγων
2428 3506 2729 3568 ἐπιϐουλαὶ,
2771 3507 3015 3578 διαδοχαί
3055 3526 3115 3561 τε
3144 3509 3402 3564 κινδύνων
3438 3512 3688 3582 μεγάλων
3717 3531 3777 3567 τε

2187 3599 2282 3653 καὶ
2311 3598 2519 3653 πολλῶν
2541 3616 2555 3629 ·
2599 3598 2660 3664 ἐξ
2701 3593 2776 3654 ὧν
2808 3601 3049 3665 πάντων,
3084 3602 3481 3673 συναιρομένης
3505 3607 3608 3675 τῆς
3644 3607 3779 3679 Χρι-

2187 3690 2311 3745 στοῦ
2338 3691 2596 3761 προνοίας
2618 3690 2812 3755 σωθεὶς
2834 3693 3078 3764 εὐχερῶς
3097 3694 3360 3758 παντοίας
3386 3696 3590 3767 ἀρετῆς
3608 3700 3775 3771 πείρα

2182 3782 2491 3855 διέπρεψεν.
2521 3784 2583 3837 Οἱ
2616 3782 2807 3856 γάρτοι
2831 3783 3035 3853 Μάγοι,
3068 3786 3190 3857 τρὶς
3232 3787 3331 3858 τῆς
3361 3786 3576 3858 ἡμέρας
3613 3791 3771 3860 εὖχος-

2188 3875 2349 3946 μένου
2378 3873 2472 3927 τοῦ
2498 3874 2710 3946 ἀνδρὸς.
2745 3874 2986 3943 μεγάλας
3031 3891 3090 3927 τε
3134 3877 3227 3930 καὶ
3264 3875 3534 3943 ἐξαισίους
3570 3878 3772 3948 ἀρετάς

2185 3966 2297 4036 (28)
2350 3964 2860 4036 ἅξιομνημονεύτων
2909 3966 3085 4039 ἔργων
3131 3968 3545 4039 κατορθοῦντος,
3599 3971 3771 4040 αὐτὴν

2180 4059 2280 4129 τὴν
2310 4059 2418 4112 τῶν
2453 4059 2628 4129 εὐχῶν
2675 4058 2946 4126 ὲπίτευξιν
2999 4059 3179 4131 φθόνῳ
3213 4060 3520 4115 διέϐαλλον·
3556 4062 3771 4116 ἐπικίν-

2181 4149 2334 4202 δυνον
2370 4149 2427 4201 δὲ
2464 4149 2670 4220 σφόδρα
2698 4149 2911 4220 (29-50)
2935 4151 3033 4222 τὴν
3061 4152 3327 4222 τοσαύτην
3351 4151 3516 4205 αὐτοῦ
3540 4152 3769 4225 δύναμιν

2180 4240 2553 4306 διαϐάλλοντες
2619 4242 2757 4314 πρὸς
2811 4243 2900 4296 τὸν
2951 4242 3247 4315 δυνάστην,
3302 4244 3524 4299 ἔπεισαν
3581 4246 3766 4312 αὐτὸν,

2180 4333 2272 4386 τὸν
2303 4334 2569 4387 τοσούτων
2595 4333 2812 4402 ἀγαθῶν
2834 4333 3067 4407 δημοσίᾳ
3088 4336 3375 4407 παραίτιον
3392 4339 3504 4399 τοῖς
3531 4337 3768 4408 Πέρσαις

2182 4424 2491 4496 γενόμενον,
2519 4425 2746 4479 λεόντων
2773 4427 2980 4498 ἀγρίων
3022 4426 3172 4499 θοίνῃ
3211 4428 3625 4501 κατακριθῆναι.
3653 4430 3768 4483 Κα-

2179 4609 2323 4684 unde
2354 4609 2672 4684 bagehausit
2720 4608 3137 4684 (lonstantiuns,
3178 4611 3269 4676 qui
3326 4625 3550 4681 regnum
3601 4612 3767 4684 Assy-

2179 4680 2383 4732 riorum
2414 4678 2697 4732 fulminum
2743 4678 2892 4746 jactu
2951 4680 3288 4733 destructum
3347 4678 3473 4734 esse
3523 4678 3759 4746 scribit;

2178 4749 2322 4820 quod
2359 4748 2735 4820 quidemalibi
2778 4751 2957 4820 legere
3006 4764 3114 4803 non
3164 4749 3407 4804 memini.
3444 4748 3551 4804 Sed
3588 4767 3763 4820 neque

2180 4818 2232 4870 id
2283 4820 2418 4887 satis
2466 4817 2733 4887 intelligo.
2788 4817 3045 4873 lloinines
3094 4821 3321 4872 enimet
3353 4835 3508 4874 arces
3539 4832 3594 4874 et
3627 4817 3763 4874 civi-

2179 4896 2318 4941 tates
2349 4886 2761 4959 fuli'ninisjactu
2792 4890 3004 4942 destrui
3040 4900 3286 4957 possunt,
3321 4898 3378 4941 ut
3407 4891 3474 4943 de
3500 4888 3759 4959 Phlegyis

2175 4968 2345 5028 poeta:
2380 4956 2605 5028 fabulati
2640 4968 2806 5021 sunt;
2846 4956 3069 5028 regnum
3120 4974 3248 5014 vero
3272 4960 3544 5027 quomodo
3577 4956 3758 5014 lubui-

2175 5027 2338 5080 nibus
2370 5027 2571 5081 aboleri
2605 5029 2794 5093 possit,
2823 5027 3072 5096 equidem
3110 5045 3216 5081 non
3256 5028 3432 5083 video.
3478 5030 3533 5083 In
3567 5046 3761 5084 manu-

2173 5097 2396 5164 scriptis
2439 5097 2723 5151 codicibus
2774 5097 2910 5151 Fuk.
2969 5109 3023 5151 et
3075 5098 3340 5161 Turnebi,
3371 5104 3507 5152 etin
3541 5101 3759 5157 schedis

2176 5166 2359 5252 Regiis
2383 5168 2652 5252 scli’bitur'
2670 5167 2950 5252 κεραυνῶν
2978 5167 3184 5252 βολαῖς.

2247 5237 2362 5304 (28)
2427 5236 2764 5303 Ἐξαισίουζν
2815 5236 3050 5305 ἀρετάς.
3107 5237 3502 5292 Constantinus
3561 5238 3758 5293 Latine

2166 5305 2391 5361 virtutes
2434 5307 2648 5361 dixerat
2673 5325 2688 5367 ;
2717 5323 2880 5375 quam
2904 5323 3094 5361 vocem
3124 5310 3174 5360 in
3199 5310 3371 5361 sacris
3402 5308 3584 5363 Libris
3609 5312 3753 5364 sumi

2172 5379 2353 5429 solere
2392 5390 2490 5443 pro
2543 5378 2817 5433 miraculis
2860 5392 3017 5431 nemo
3063 5380 3258 5431 nescit.
3294 5376 3436 5432 Male
3478 5379 3751 5445 interpres

2173 5444 2335 5509 hujus
2362 5447 2623 5518 orationis
2655 5447 2855 5516 ἀρετὰς
2884 5449 3068 5511 vertit,
3101 5463 3221 5501 cum
3258 5446 3522 5518 δυνάμεις
3569 5444 3751 5518 potius

2166 5525 2386 5580 vertere
2416 5516 2708 5568 debuisset.
3400 5516 3409 5518 “
3571 5516 3584 5518 “
3720 5542 3723 5547 ν

2243 5583 2463 5655 (29-50)
2498 5584 2652 5654 Vulg.
2711 5584 3102 5640 ἐπικίνδυνον
3140 5584 3397 5655 σφόδρα.
3454 5587 3510 5640 In
3561 5587 3749 5641 codice

2168 5651 2304 5725 Fuk.
2334 5655 2420 5707 hic
2451 5651 2625 5725 locus
2648 5655 2747 5725 pitag
2777 5656 3149 5725 distinguitur,
3185 5651 3483 5711 ’διέϐαλλον
3536 5656 3750 5711 ἐπικίν-

2167 5722 2340 5796 δυνον·
2370 5723 2575 5796 σφόδρα
2612 5723 2799 5796 δὲτὴν
2826 5722 3115 5795 τοσαύτην,
3146 5738 3251 5782 etc.
3290 5728 3414 5781 Mox
3440 5727 3621 5781 scribo
3649 5726 3750 5781 καὶ

2169 5791 2393 5847 ἔπεισαν
2409 5791 2594 5862 αὐτὸν,
2611 5806 2666 5849 ut
2687 5795 2738 5849 in
2755 5791 2891 5851 libro
2909 5791 3086 5851 Morari
3102 5798 3166 5850 ad
3186 5799 3482 5867 marginem
3498 5797 3751 5852 emenda-
