4176 6400
358 393 499 452 1285

1127 379 1597 439 CONSTANTINI
1630 376 1900 434 ORATIO
1933 375 2030 430 Ἀθ
2068 368 2495 429 SANCTORUM
2533 366 2830 426 C(ETUM.

3473 362 3611 411 1286

351 515 572 586 θεῖρκτο
606 510 663 564 δὲ
695 505 1068 580 κατακριθεὶς,
1101 506 1202 559 οὐκ
1232 505 1314 568 εἰς
1354 502 1605 574 ὄλεθρον,
1661 499 1774 553 ἀλλ’
1807 496 1941 553 αἰώ-

2046 506 2128 552 ter
2161 493 2404 565 quotidie
2453 505 2646 561 preces
2680 489 2745 541 ad
2794 486 2963 542 Deum
2994 482 3269 547 funderet,
3306 494 3617 551 magnaque

351 622 465 660 νιον
490 600 729 669 εὐδοξίαν
763 602 792 654 ὁ
818 598 1038 670 Δανιὴλ,
1093 597 1189 652 καὶ
1233 598 1292 650 ὲν
1340 595 1525 666 μέσοις
1579 595 1692 655 τοῖς
1748 590 1941 662 θηρσὶν

354 694 756 764 ἐξεταζόμενος,
787 691 965 763 ἠπίων
986 689 1082 744 καὶ
1107 686 1479 761 ἡμερωτέρων
1509 684 1618 738 τῶν
1650 683 1873 755 θηρίων,
1903 677 1940 753 ἦ

351 784 461 840 τῶν
487 782 914 856 καθειρξάντων,
942 781 1232 853 ἐπειρᾶτοο
1272 778 1481 840 πάντας
1513 776 1622 847 γὰρ
1654 774 1788 845 εὐχὴ
1828 771 1938 843 (5|)

354 876 709 947 κοσμιότητος
768 874 866 928 καὶ
917 870 1272 944 σωφροσύνης
1326 871 1493 941 ἀρετῇ
1556 865 1938 938 συναιρομένη,

354 968 644 1031 τιθασσούς
689 965 1076 1037 ἀπειργάζετο,
1118 965 1246 1026 τοὺς
1295 960 1591 1023 λυσσώδεις
1652 961 1718 1028 τῇ
1755 956 1936 1026 φύσει.

356 1057 714 1112 Γνωσθέντων
747 1058 804 1111 δὲ
839 1056 1045 1110 τούτων
1080 1054 1201 1125 (τῷ)
1232 1052 1509 1124 Καμϐύσῃ
1534 1052 1616 1119 (οὐ
1646 1050 1754 1120 γὰρ
1785 1047 1941 1101 δυνα-

356 1147 449 1201 τὸν
487 1142 555 1219 ἦν
590 1146 877 1217 τοσαύτης,
907 1144 1054 1199 οὕτω
1081 1161 1142 1197 τε
1168 1143 1319 1207 θείας
1351 1142 1629 1212 δυνάμεως
1663 1138 1941 1210 κατορθώ-

362 1256 507 1309 ματα
537 1236 995 1307 ὲπισκιάζεσθαι),
1022 1235 1514 1309 ὐπερεκπέπληκτο
1548 1232 1646 1303 μὲν
1675 1232 1837 1294 αὐτὸς
1862 1229 1943 1301 τῷ

359 1328 595 1400 Θαύματι
638 1328 744 1381 τῶν
781 1327 1216 1397 ἀγγελλομένων,
1263 1324 1628 1395 μετεγίνωσκε
1657 1322 1714 1375 δὲ
1743 1322 1835 1374 ἐπὶ
1865 1320 1944 1390 τῷ

359 1421 648 1489 πεισθῆναι
675 1423 797 1484 ταῖς
814 1419 1085 1482 διαϐολαῖς
1111 1418 1221 1472 τῶν
1257 1419 1463 1485 Μάγων
1493 1416 1732 1486 εὐχερῶς
1749 1432 1762 1445 ·
1795 1415 1944 1485 ὅμως

358 1511 489 1580 γοῦν
538 1511 800 1582 ἐτόλμησε
841 1511 941 1580 τῆς
981 1510 1110 1572 Θέας
1143 1508 1357 1579 ὲκείνης
1386 1506 1631 1577 ἐπόπτης
1667 1504 1939 1573 γενέσθαιο

358 1604 454 1657 καὶ
501 1600 624 1655 ἰδὼν
673 1602 764 1653 τὸν
806 1600 902 1671 μὲν
944 1598 1114 1669 ἄνδρα
1144 1598 1256 1668 (52)
1299 1595 1565 1666 ἑκατέρας
1614 1596 1713 1665 τῆς
1757 1592 1944 1664 χειρὸς

359 1694 611 1765 ὑψώματι
634 1693 725 1746 τὸν
748 1692 982 1764 Χριστὸν
1016 1690 1307 1762 ὑμνοῦντα,
1336 1688 1461 1751 τοὺς
1478 1688 1535 1740 δὲ
1559 1686 1779 1749 λέοντας
1808 1686 1944 1738 ὐπο-

360 1785 744 1856 6ε6λημένους,
782 1783 876 1836 κα)⁸
904 1782 1067 1836 οἱονεὶ
1097 1780 1167 1834 τά
1202 1781 1320 1852 ἴχνη
1356 1778 1449 1833 τοῦ
1481 1777 1671 1849 ἀνδρὸς
1704 1793 1945 1849 προσκυ-

2042 597 2098 642 et
2125 586 2336 640 insolita
2373 580 2807 637 memorabilium
2838 590 3062 647 operum
3108 571 3372 627 miracula
3401 571 3612 634 ederet,

2042 680 2179 749 Magi
2215 678 2419 732 invidia
2453 672 2699 735 adducti,
2737 671 2879 723 hanc
2922 680 3143 737 precum
3192 663 3493 719 efﬁcaciam
3522 677 3618 717 ca-

2042 771 2294 826 lumniari
2349 775 2675 835 creperum,
2727 770 2932 816 tantam
2983 756 3095 811 vim
3142 756 3382 811 hominis
3429 754 3619 809 admo-

2043 864 2170 918 dum
2214 859 2577 931 periculosam
2626 868 2768 918 esse,
2810 853 2954 922 regis
2992 849 3219 905 auribus
3265 849 3620 902 insusurran-

2044 964 2167 1008 tes:
2194 953 2353 1020 eique
2382 949 2598 1005 tandem
2634 951 3053 1016 persuaserunt,
3085 948 3143 995 ut
3171 940 3258 995 vir
3287 940 3378 995 ille
3409 938 3506 1010 qui
3537 946 3618 992 tot

2042 1058 2107 1097 ac
2133 1051 2411 1097 tantorum
2444 1041 2711 1095 bonorum
2754 1034 2906 1105 Rcip.
2942 1035 3229 1088 Persarum
3258 1041 3449 1087 auctor
3482 1029 3618 1084 fuis-

2043 1145 2147 1199 set,
2181 1132 2509 1187 immanibus
2548 1128 2799 1184 leonibus
2860 1125 3217 1181 devorandus
3259 1125 3615 1193 objiceretur.

2045 1226 2343 1281 Damnatus
2390 1224 2562 1293 igitur
2611 1219 2802 1275 Daniel
2841 1258 2857 1282 ,
2907 1218 3349 1288 noutperiturus,
3403 1214 3500 1268 sed
3547 1212 3617 1268 ad

2043 1319 2431 1388 sempiternam
2482 1315 2716 1385 gloriam
2778 1312 2832 1366 in
2883 1308 3097 1364 foveam
3153 1308 3438 1378 conjectus
3506 1313 3613 1360 est.

2042 1411 2286 1479 Cumque
2315 1409 2369 1463 in
2400 1408 2577 1463 medio
2611 1406 2854 1459 ferarum
2887 1408 3221 1467 versaretur,
3256 1399 3496 1454 leniores
3520 1411 3618 1452 eas

2044 1519 2109 1559 ac
2153 1502 2549 1556 mansuetiores
2601 1498 2735 1567 ipsis
2765 1511 2795 1549 a
2826 1495 3024 1563 quibus
3071 1493 3252 1546 fuerat
3289 1492 3340 1544 in
3398 1489 3616 1545 foveam

2042 1602 2358 1653 contrusus,
2392 1599 2655 1660 expertus
2683 1596 2787 1643 est.
2822 1587 3027 1641 Omnes
3056 1584 3200 1638 enim
3242 1581 3362 1635 illas
3386 1580 3616 1641 bestias,

2044 1688 2173 1742 licet
2202 1693 2394 1753 suapte
2427 1691 2621 1736 natura
2677 1681 2921 1742 rabidas,
2961 1675 3208 1745 precatio
3249 1672 3528 1727 modestia:
3559 1685 3622 1724 ac

2046 1777 2416 1849 temperantia:
2447 1773 2708 1828 auxilium
2728 1772 2929 1834 ferens,
2954 1766 3329 1823 mansuefecit.
3346 1765 3479 1832 Quae
3497 1777 3620 1818 cum

358 1876 604 1941 νοῦντας,
647 1875 742 1928 καὶ
784 1874 1124 1946 παραχρῆμα
1180 1874 1308 1935 τούς
1342 1870 1743 1933 ἀναπείσαντας
1780 1868 1943 1921 αὐτὸν

2048 1866 2351 1936 accepisset
2378 1862 2675 1932 Cambyses
2707 1859 2913 1930 (neque
2958 1859 3102 1912 enim
3153 1855 3270 1909 fleri
3297 1861 3530 1923 poterat,
3563 1862 3626 1905 ut

359 1966 582 2035 Μάγους
631 1968 717 2037 (τῇ
766 1965 904 2035 αὐτῇ
951 1963 1123 2035 ζημίᾳ
1151 1962 1460 2034 κατέκρινε,
1504 1958 1756 2029 καθεῖρξὲ
1782 1975 1843 2012 τε
1873 1960 1942 2029 τῇ

2051 1969 2160 2015 tam
2185 1960 2448 2029 stupenda
2478 1957 2678 2012 divinae
2708 1954 2966 2025 potentiae
2998 1953 3260 2006 miracula
3279 1950 3624 2005 occultaren-

357 2057 467 2113 τῶν
522 2057 748 2111 λεόντων
812 2057 994 2128 αὐλῇ),
1054 2058 1103 2109 οἱ
1169 2055 1227 2108 δὲ
1280 2053 1441 2126 θῆρες
1501 2053 1551 2106 οἱ
1614 2053 1705 2105 τὸν
1765 2049 1945 2122 μικρῷ

2053 2052 2372 2120 tur),rerum
2400 2064 2521 2119 qua:
2556 2049 2818 2103 nuntiata:
2849 2046 3065 2102 fuerant
3110 2043 3469 2098 admiratione
3495 2056 3622 2109 per-

361 2148 595 2222 πρόσοεν
623 2147 1074 2210 κολακεύσαντες,
1111 2145 1414 2216 ἐπεφοίτων
1446 2146 1558 2208 τοῖς
1586 2144 1817 2212 Μάγοις,
1850 2144 1945 2197 καὶ

2053 2143 2238 2197 culsus
2262 2152 2379 2198 est:
2416 2142 2696 2211 subiitque
2721 2156 2847 2195 eum
2876 2139 3226 2209 ptenitentia,
3257 2136 3400 2204 quod
3431 2149 3622 2203 mago-

368 2238 570 2301 πάντας
631 2238 827 2301 αὐτοὺς
892 2236 1035 2290 κατὰ
1092 2236 1191 2305 τὴν
1247 2232 1456 2287 ἑαυτῶν
1523 2233 1682 2302 φύσιν
1742 2231 1943 2303 ὲλυμῄ-

2050 2248 2172 2286 rum
2227 2232 2517 2286 calumniis
2551 2233 2688 2286 adeo
2723 2230 2912 2286 faciles
2947 2244 3112 2285 aures
3145 2228 3493 2297 praebuisset.
3525 2223 3622 2277 Ni-

365 2345 539 2385 δαντο.
2051 2322 2348 2377 hilominus
2405 2331 2584 2377 tamen
2644 2323 2764 2392 ipse
2806 2322 2925 2393 ejus
2962 2322 3041 2376 rei
3078 2328 3354 2390 spectator
3383 2331 3504 2371 esse
3530 2330 3626 2368 vo-

365 2424 482 2479 luit.
515 2422 762 2492 Cumque
795 2420 1073 2477 Danielem
1103 2420 1321 2491 quidem
1352 2420 1575 2476 vidisset
1620 2418 1850 2475 sublatis
1905 2419 1961 2472 in
2027 2418 2202 2472 altum
2260 2419 2512 2473 manibus
2562 2417 2840 2473 Christum
2892 2418 3197 2472 laudantem
3220 2455 3236 2480 ,
3272 2414 3455 2470 leones
3489 2428 3625 2468 vero

367 2514 680 2579 submissos,
746 2522 804 2567 et
866 2511 1108 2566 hominis
1154 2512 1379 2581 vestigia
1428 2511 1830 2580 quodammodo
1884 2509 2230 2579 adorantes,}
2262 2508 2548 2564 confestim
2597 2524 2786 2579 magos
2839 2508 2931 2579 qui
2983 2508 3085 2577 ipsi
3149 2507 3278 2562 illud
3340 2520 3629 2575 persuase-

368 2616 506 2670 rant,
557 2606 804 2662 leonibus
842 2606 1009 2676 objici
1046 2605 1234 2674 jussit.
1272 2610 1344 2660 At
1389 2606 1578 2660 bestiae
1618 2619 1739 2674 quae
1788 2604 1949 2674 paulo
1999 2614 2126 2659 ante
2174 2604 2446 2659 Danielem
2502 2604 2884 2674 palpaverant,
2934 2603 3121 2657 statim
3178 2602 3232 2656 in
3274 2615 3461 2671 magos
3526 2601 3627 2654 im-

368 2708 548 2770 petum
579 2698 853 2766 fecerunt,
889 2714 1194 2769 omnesque
1226 2714 1323 2753 eos
1352 2714 1450 2768 pro
1481 2708 1692 2753 natura:
1722 2713 1837 2753 sua:
1890 2697 2104 2753 feritate
2134 2699 2565 2767 discerpserunt.

879 2790 1279 2843 ΚΕΦΑΛΑΙΟΝ
1320 2791 1428 2843 ΙΗ’.

369 2883 503 2952 Περὶ
542 2880 655 2952 τῆς
681 2882 984 2952 Σιὸίύλλης
1012 2880 1124 2947 τῆς
1154 2882 1523 2952 Ἐρυθραίας,
1563 2880 1635 2933 ἐν
1670 2880 1947 2952 ἀκροστιτ-

434 2950 557 3022 χιδι
584 2950 704 3022 τῶν
726 2950 837 3018 τῆς
856 2952 1145 3019 μαντείας
1166 2951 1347 3022 ἐπῶν,
1368 2952 1476 3022 τὸν
1499 2952 1720 3017 Κύριον
1749 2950 1944 3022 καὶητὸ

430 3020 620 3087 ἐτάθος
670 3020 1014 3089 δηλούσηςή
1059 3022 1193 3073 ἐστι
1235 3020 1304 3073 δὲ
1345 3022 1383 3088 ἡ
1415 3021 1792 3089 ἀκροστιχίς’
1844 3020 1949 3089 Ἰη-

436 3093 563 3155 σοῦς
591 3090 845 3163 Χριστὸς,
879 3088 1016 3143 Θεοῦ
1047 3090 1197 3154 Υἱὸς,
1237 3091 1451 3161 Σωτὴρ,
1489 3088 1749 3160 Σταυρός.

434 3183 774 3253 Παρίσταται
815 3181 875 3235 δέ
918 3199 1008 3252 μοι
1047 3182 1142 3235 καὶ
1182 3181 1291 3234 τῶν
1323 3182 1635 3235 ἀλλοδαπῶν
1654 3200 1705 3234 τι
1736 3196 1947 3252 μαρτυ-

372 3273 501 3345 ριῶν
531 3272 642 3344 (55)
668 3273 767 3342 τῆς
786 3270 879 3324 τοῦ
904 3271 1141 3341 Χριστοῦ
1159 3271 1410 3343 θεότητος
1430 3272 1942 3343 ἀπομνημονεύσειν

373 3381 433 3417 ut
464 3362 657 3434 γάρτοι
680 3361 885 3416 τούτων
913 3361 1152 3432 δηλονότι
1179 3364 1274 3415 καὶ
1301 3365 1333 3432 ὴ
1362 3360 1469 3415 τῶν
1491 3362 1948 3433 βλασφημούντων

373 3454 530 3507 αὐτὸν
571 3453 797 3516 διάνοια,
847 3452 942 3505 καὶ
974 3449 1112 3504 οἶδεν
1139 3453 1301 3506 αὐτὸν
1328 3452 1462 3505 Θεὸν
1497 3453 1627 3506 ὄντα
1655 3453 1789 3506 Θεοῦ
1822 3456 1949 3507 παῖ-

374 3548 452 3608 δα,
496 3544 656 3615 εἴπερ
703 3542 836 3613 γοῦν
875 3545 988 3606 τοῖς
1027 3542 1236 3596 ἑαυτῶν
1267 3543 1444 3612 λόγοις
1482 3545 1829 3599 πιστεύωσιν.
1882 3544 1947 3600 Ἡ

378 3637 546 3689 τοίνυν
583 3634 877 3707 Ἐρυθραία
930 3633 1180 3696 Σίϐυλλα,
1230 3636 1514 3705 φάσκουσα
1570 3638 1768 3708 ἑαυτὴν
1812 3637 1948 3711 ἕκτῃ

379 3729 531 3798 γενεᾷ
564 3727 702 3798 μετὰ
725 3727 816 3779 τὸν
847 3725 1228 3797 κατακλυσμὸν
1253 3727 1525 3795 γενέσθαι,
1561 3728 1731 3799 ἱέρεια
1761 3724 1829 3800 ἦν
1853 3728 1946 3782 τοῦ

383 3820 713 3883 ’Λπόλλωνος
743 3819 874 3890 (54),
903 3818 1139 3889 διάδημα
1171 3818 1367 3890 ἐπίσης
1408 3819 1485 3891 τῷ
1529 3819 1947 3893 Θρησκευομένῳ

373 4005 459 4051 tur
491 3995 858 4067 (').Ca2terum
883 3996 998 4051 haec
1022 3995 1616 4067 narratiogadversatur
1652 3997 1948 4066 Scriptum

374 4065 561 4121 sacrae.
584 4066 764 4134 Neque
785 4068 927 4118 enim
946 4066 1084 4134 magi
1107 4065 1374 4120 Danielem
1394 4083 1679 4121 accusasse
1699 4065 1948 4122 dicuntur

2615 2784 2845 2841 CAPUT
2886 2784 3075 2840 XVIII.

2053 2876 2131 2931 De
2161 2876 2367 2947 Sibylla
2401 2877 2705 2948 Erythram,
2725 2894 2844 2948 quia
2868 2879 2924 2932 in
2956 2878 3307 2932 acroaticliias
3335 2877 3629 2930 carminum

2124 2952 2619 3017 qttt'bttsrvalt‘cmala
2651 2960 2748 3011 est,
2779 2949 3061 3003 Dominum
3082 2957 3134 3001 et
3160 2952 3456 3015 passionem
3488 2950 3630 2999 desi-

2122 3016 2272 3087 gnat.
2302 3016 2396 3069 Est
2421 3029 2593 3070 autent
2625 3018 2953 3071 Acroatichis
2984 3021 3099 3072 haec
3122 3034 3142 3071 :
3175 3019 3333 3071 Jesus
3360 3018 3627 3079 Christus,

2130 3091 2219 3141 Dei
2254 3087 2449 3153 Filius,
2481 3089 2767 3152 Servatur,
2804 3089 2970 3142 Crux.

2124 3179 2281 3236 Libet
2310 3180 2476 3235 etiam
2506 3180 2653 3233 aliud
2704 3179 3077 3233 testimonium
3124 3177 3191 3232 de
3237 3176 3441 3232 Christi
3487 3177 3628 3231 divi-

2054 3274 2228 3327 nitate
2262 3273 2331 3326 ab
2370 3273 2651 3326 extraneis
2677 3271 3020 3339 desumptum
3048 3284 3503 3325 commemorare.
3536 3267 3630 3323 S.e

2053 3362 2200 3415 enim
2246 3362 2283 3416 ii
2309 3365 2403 3431 qui
2441 3362 2656 3431 probris
2694 3362 2846 3415 illum
2894 3377 2961 3415 ac
3008 3360 3313 3415 maledictis
3351 3360 3629 3415 incessere

2054 3454 2252 3519 solent,
2278 3454 2431 3508 illum
2461 3456 2625 3509 Deum
2658 3453 2863 3523 Deique
2891 3452 3086 3508 Filium
3104 3467 3226 3508 esse
3252 3462 3627 3523 cognoscent;

2053 3543 2342 3613 siquidem
2369 3560 2597 3599 suorum
2649 3543 2998 3600 sermonibus
3045 3543 3206 3598 fidem
3259 3543 3630 3607 velint,adhi-

2054 3640 2203 3691 bere.
2252 3635 2458 3707 Sibylla
2509 3636 2675 3702 igitur
2709 3634 3016 3705 Erythraea,
3050 3649 3171 3705 qua:
3202 3646 3357 3690 sexta
3391 3645 3514 3704 post
3541 3636 3626 3690 di-

2054 3727 2258 3783 luvium
2284 3738 2445 3783 actate
2476 3743 2535 3782 se
2561 3726 2766 3783 vixisse
2796 3728 2950 3789 dicit,
2983 3729 3239 3781 sacerdos
3284 3726 3390 3781 fuit
3417 3727 3628 3797 Apolli-

2053 3821 2177 3874 nis:
2232 3835 2354 3890 quae
2390 3834 2648 3875 coronam
2709 3818 2888 3885 capite
2942 3825 3164 3889 gestans
3209 3833 3318 3874 non
3366 3834 3528 3874 secus
3564 3835 3629 3874 ac

2052 3996 2371 4059 bonnidum,
2399 3994 2644 4065 Abydeni
2673 3994 2839 4049 verba
2866 3995 2946 4048 sic
2967 3993 3253 4065 explicati:
3301 3993 3458 4063 culpa
3486 3992 3627 4065 Medi

2053 4082 2174 4121 eam
2215 4064 2578 4119 calamitatem
2635 4075 2951 4134 eventuram
2988 4064 3478 4134 esseABabyloniis.
3526 4064 3630 4116 Ve-

381 4139 434 4190 in
462 4127 1161 4208 sacrisvoluniinibus;sed
1192 4146 1421 4208 satrapae
1455 4154 1468 4208 ξ
1497 4153 1615 4208 nec
1652 4138 1945 4208 Cambyses

2052 4152 2169 4189 rum
2208 4137 2497 4208 Abydenus
2525 4149 2632 4188 non
2664 4136 2803 4208 dixit
2830 4154 2844 4190 :
2885 4127 2947 4188 οὐ
2978 4133 3043 4206 δὴ
3073 4127 3278 4197 αἴτιοςξ
3312 4138 3407 4208 sed
3427 4134 3628 4208 συναί-

375 4215 603 4275 yocatur
645 4207 689 4259 is
734 4206 826 4273 qui
872 4206 1141 4260 Danielem
1191 4207 1373 4259 bestiis
1421 4206 1581 4275 objici
1628 4206 1941 4273 jussit,‘sed

375 4273 571 4328 Darius
604 4275 809 4345 Medus,
858 4275 924 4329 de
971 4289 1078 4342 quo
1106 4275 1268 4329 varia:
1321 4287 1445 4329 sunt
1489 4273 1941 4345 chroiiologorum

378 4346 685 4399 sententias.
715 4343 849 4397 Nam
879 4344 1132 4414 plerique
1174 4345 1476 4414 Cyaxarein
1516 4347 1659 4400 hunc
1689 4343 1808 4401 esse
1853 4363 1945 4399 vu-

378 4414 519 4477 lunt,
571 4416 825 4484 Astyagis
873 4416 1064 4484 lilium.
1110 4413 1352 4484 Scaliger
1391 4430 1520 4484 vero
1567 4415 1941 4470 Nabonuiduiu

378 4498 498 4537 esse
527 4483 806 4536 contendit
835 4499 851 4550 ;
882 4483 1036 4551 cujus
1059 4483 1299 4552 opinioni
1331 4483 1660 4553 suﬂ‘ragatur
1688 4485 1944 4539 Petavius

379 4562 590 4623 noster.
619 4553 857 4623 Quorum
888 4568 1209 4607 consensum
1248 4557 1429 4623 magni
1460 4555 1620 4609 facio.
1653 4554 1787 4608 Nam
1821 4570 1943 4609 cum

381 4623 435 4675 in
462 4621 732 4693 plerisque
755 4622 1045 4677 dissentire
1073 4624 1302 4688 soleant,
1346 4621 1654 4693 ubicunque
1685 4641 1779 4679 eos
1809 4639 1946 4678 con-

381 4692 566 4764 venire
592 4692 908 4753 viderimus,
944 4693 1237 4746 niaximum
1289 4696 1536 4764 veritatis
1567 4692 1942 4764 argumentum

374 4770 477 4834 est.
511 4760 710 4834 Eorum
743 4769 930 4834 tamen
955 4765 1235 4834 sententia:
1267 4763 1530 4834 refragari
1557 4760 1771 4818 videtur
1798 4766 1944 4834 Aby-

377 4831 546 4901 dentts
568 4832 618 4883 in
643 4831 879 4883 Historia
906 4831 1273 4901 Assyriorum.
1306 4832 1404 4888 Hic
1431 4835 1575 4887 enim
1606 4836 1815 4897 scribit,
1840 4831 1947 4886 Na-

376 4900 889 4954 lutcbodonusorum
910 4900 1067 4967 paulo
1094 4910 1218 4954 ante
1251 4914 1477 4957 mortem
1504 4905 1688 4957 divino
1722 4905 1944 4957 numine

378 4967 614 5022 amatum
647 4971 963 5033 praedixisse
993 4969 1536 5040 Babyloniis,nrbem
1571 4976 1809 5040 ipsorum
1837 4990 1942 5027 non

380 5041 550 5093 multo
589 5050 708 5107 pust
749 5054 869 5093 esse
914 5042 1231 5107 perituram.
1285 5040 1481 5096 Mulutn
1527 5046 1671 5097 enim
1722 5042 1941 5097 Persam

378 5120 664 5182 venturum
693 5123 839 5182 esse,
868 5110 961 5176 qui
996 5110 1126 5182 ipsis
1142 5110 1331 5179 jugum
1361 5113 1644 5167 servitutis
1679 5113 1941 5182 imponat.

380 5177 507 5246 Ejus
536 5194 664 5249 vero
692 5179 992 5247 adjutorem
1038 5181 1091 5232 in
1147 5177 1550 5249 expugnatione
1589 5177 1770 5237 urbis'
1796 5185 1943 5235 futu-

381 5264 499 5301 rum
533 5248 768 5310 Medum,
799 5249 1149 5318 Assyriorum
1173 5248 1424 5318 gloriam.
1473 5252 1566 5305 Sic
1590 5253 1733 5305 enim
1771 5251 1941 5305 inter-

379 5327 564 5441 p‘retor
610 5320 769 5372 verba
801 5314 1175 5389 illa'Abydeqj
1208 5336 1220 5372 :
1249 5314 1309 5373 οὗ
1364 5319 1428 5390 δὴ
1480 5321 1748 5386 συναίτιος
1788 5321 1942 5376 ἔσται
1979 5317 1995 5336 ⁸

379 5410 393 5440 ι
435 5385 586 5441 ἡδης.
621 5387 810 5441 Graeca
835 5398 982 5441 certe
1010 5390 1170 5441 verba
1207 5389 1341 5441 nihil
1373 5392 1516 5441 aliud
1548 5403 1943 5441 sonant.auam

378 5410 393 5440 Ι

435 5385 601 5460 ήδης.
621 5387 982 5460 Graecaperte
1010 5385 1170 5460 verba
1207 5389 1341 5443 nihil
1373 5385 1516 5460 aliud
1548 5385 1943 5460 sonant,quam

379 5459 432 5511 id
460 5457 606 5529 quod
640 5457 955 5529 dixi.AQuod
982 5460 1027 5512 si
1056 5457 1240 5513 Medus
1288 5459 1469 5516 sur-ius
1502 5471 1666 5529 atque
1713 5457 1946 5515 auiilia-

380 5537 467 5580 tor
500 5526 751 5596 fuitCyri
781 5527 833 5580 in
863 5529 1216 5596 expugnanda
1262 5540 1317 5583 et
1360 5529 1414 5582 in
1455 5526 1769 5585 servitutem
1803 5532 1945 5585 redi-

378 5597 551 5667 genda
605 5595 899 5667 Babylone,
934 5595 1129 5651 inledus
1166 5600 1353 5667 utique
1387 5615 1493 5653 non
1543 5609 1625 5655 est
1665 5600 1943 5655 Nabonni-

380 5667 502 5721 dus.
528 5666 601 5721 At
633 5665 891 5737 Scaliger,
920 5668 1010 5733 qui
1041 5665 1277 5722 Darium
1303 5667 1514 5724 Medum
1540 5668 1656 5724 vult
1692 5684 1811 5724 esse
1837 5670 1946 5724 Na-

2042 4222 2157 4269 τιος
2180 4241 2196 4268 ,
2233 4220 2341 4275 quo
2369 4205 2537 4258 verbo
2574 4206 2808 4259 societas
2836 4216 2895 4259 et
2927 4205 3238 4275 communio
3276 4205 3507 4275 alicujus
3537 4205 3616 4256 fa-

2043 4278 2113 4331 eti
2148 4273 2269 4329 cum
2298 4274 2469 4329 altero
2506 4275 2866 4342 signitlcatur.
2923 4275 3016 4327 Sic
3064 4273 3235 4327 Filius
3292 4274 3388 4327 Dei
3442 4275 3627 4327 συναί-

2041 4362 2154 4408 τιος
2183 4346 2402 4404 dicitur.
2452 4347 2583 4411 quia
2635 4359 2740 4398 una
2787 4359 2909 4398 cum
2959 4344 3122 4398 Patre
3160 4346 3403 4397 omnium
3445 4360 3625 4398 rerum

2044 4425 2234 4469 auctor
2278 4425 2384 4469 est.
2425 4414 2655 4484 Constat
2693 4415 2860 4481 igitur
2898 4429 2966 4468 ex
3000 4415 3244 4484 Abydeni
3281 4414 3486 4478 verbis,
3518 4414 3626 4468 Me-

2044 4484 2175 4539 dum
2219 4499 2323 4537 non
2352 4499 2474 4538 esse
2502 4482 2903 4537 Nabonnidum.

2116 4554 2228 4623 (51)
2264 4554 2419 4622 Vulg.
2438 4552 2668 4618 πάντας
2682 4552 2793 4621 γὰρ
2806 4551 2979 4620 εὐχῇ.
2999 4551 3177 4605 Malim
3194 4550 3433 4623 scribere
3452 4553 3505 4604 in
3528 4566 3594 4623 no
3607 4578 3626 4592 ο

2043 4621 2322 4684 minativu,
2340 4621 2549 4687 πάντας
2573 4624 2682 4693 γὰρ
2697 4623 2830 4694 εὐχὴ
2858 4623 3213 4694 κρσμιότητος
3230 4621 3325 4674 καὶ
3345 4622 3629 4694 σωφροσύ-

2043 4709 2141 4760 νης
2166 4695 2332 4765 αρετῇ
2384 4691 2790 4765 συναιρομένη,
2818 4691 3118 4756 ’τιΘάσσους
3145 4691 3531 4765 ἀπειργάζετο,
3574 4694 3626 4745 td

2043 4775 2146 4827 est,
2177 4762 2348 4816 Tanta
2373 4766 2447 4816 ris
2474 4762 2556 4816 est
2577 4762 2910 4829 precationis,
2929 4772 2985 4814 ut
3007 4762 3420 4815 immanissimas
3438 4765 3629 4815 bestias

2044 4834 2468 4901 mansuefecerit.
2494 4834 2754 4904 Certe_in
2797 4834 2984 4884 codice
3014 4831 3164 4904 AFuk.
3219 4834 3439 4902 legitur,
3490 4832 3626 4904 εὐχὴ

2045 4917 2208 4972 κοσμ.
2245 4900 2509 4972 καὶσωφ.
2534 4900 2703 4972 ἀρετὴ
2730 4901 3117 4972 συναιρομένη,
3151 4911 3259 4958 etc.

2117 4969 2228 5040 (52)
2256 4971 2366 5025 Καὶ
2396 4969 2538 5026 ὶδὼν
2558 4969 2668 5024 τὸν
2692 4969 2911 5038 ἄνδρα.
2955 4969 3012 5026 in
3054 4969 3241 5026 codice
3297 4969 3435 5027 Fuk.
3490 4980 3545 5026 et
3572 4972 3627 5026 in

2045 5045 2263 5095 scbedis
2285 5044 2541 5096 scribitur
2558 5042 2655 5094 καὶ
2680 5041 2830 5093 ιδεῖν.

2118 5112 2231 5180 (5‘5)
2263 5110 2417 5181 Vulg.
2451 5113 2571 5165 τῶν
2606 5110 2973 5166 ἀλλοδαπῶν
3024 5128 3081 5165 τι
3132 5111 3482 5181 μαρτύριον.
3518 5111 3627 5167 Co-

2045 5181 2149 5235 dex
2183 5180 2400 5254 Fuk._et
2446 5186 2662 5237 scbedze
2708 5186 2970 5249 scriptum
3022 5180 3228 5237 habent
3284 5182 3627 5254 μαρτυριῶν,

2047 5254 2271 5306 rectius.
2314 5251 2499 5321 Neque
2543 5255 2687 5306 enim
2739 5267 2905 5305 unum
2941 5255 3209 5307 duntaxat
3258 5251 3627 5307 testiinonium

2048 5322 2213 5374 allert
2239 5322 2656 5385 Constantinus.
2683 5322 2779 5375 sed
2805 5323 2930 5375 duo.

2122 5391 2232 5461 (54;
2272 5390 2423 5461 Vulg.
2463 5391 2683 5460 ἱέρειαν
2730 5391 2839 5444 τοῦ
2887 5392 3280 5457 Ἀπόλλωνος.
3311 5390 3630 5460 Amplector

2055 5462 2495 5531 emendationem
2530 5468 2812 5515 ducturum
2837 5461 3105 5531 yirurum,
3139 5476 3300 5531 quam
3359 5462 3527 5531 etiam
3569 5461 3625 5531 in

2056 5530 2234 5583 Morari
2261 5533 2400 5585 libro
2420 5537 2616 5598 reperi,
2642 5532 2811 5603 ἱέρεια
2832 5526 2901 5602 ἦν
2926 5531 3022 5584 τοῦ
3057 5526 3180 5585 Ἀπ’.
3207 5530 3286 5585 lta
3317 5538 3467 5585 certe
3486 5527 3625 5584 Fuk.

2055 5604 2226 5654 codex
2254 5612 2309 5655 et
2333 5605 2569 5657 scbedae.

440 5800 505 5867 (⁸)
520 5802 732 5876 Scripsit
763 5803 962 5876 quidem
999 5803 1226 5876 Valesius
1269 5812 1327 5858 ut
1369 5808 1462 5870 ipsi
1500 5808 1864 5870 exscripsimus,
1890 5808 2250 5872 interpretatur
2269 5813 2435 5860 autem
2456 5809 2594 5871 quasi
2624 5812 2906 5876 scripsisset
3037 5818 3250 5869 caram.
3283 5817 3438 5861 tunc.
3466 5815 3628 5875 ηιξ...

378 5865 468 5924 cf“:
489 5865 553 5915 τὸν
577 5871 773 5924 δηιοτῆτι,
792 5874 852 5913 καὶ
875 5874 1034 5915 “uno.
1059 5865 1197 5921 E011"
