4176 6376
503 367 525 422 1
536 367 642 425 295

1216 366 1485 424 EUSEBII
1519 368 2002 427 CESARIENSIS
2039 366 2191 423 OPP.
2230 364 2414 420 PARS
2453 362 2492 419 Ι.
2531 393 2602 404 -
2640 361 3029 418 HISTORICA.

3604 361 3739 416 1296

498 494 771 538 venenum
805 478 1072 551 serpentis
1105 478 1376 535 sublatum
1402 488 1485 534 est
1516 499 1530 532 :
1564 478 1680 548 ejus
1709 481 1920 535 scilicet
1948 494 2051 533 seri

2168 478 2482 542 ἀπόλλυται,
2528 478 2621 531 καὶ
2673 478 2701 528 ὁ
2761 476 2836 539 ἰὸς
2892 473 2984 526 τοῦ
3033 473 3209 542 ὄφεως
3242 473 3475 538 ἐκείνου,
3523 471 3582 535 ὃς
3612 477 3740 539 τοὺς

500 574 683 644 pentis
718 572 808 640 qui
839 573 1046 640 primos
1075 571 1325 625 homines
1354 572 1407 625 in
1444 572 1690 624 fraudem
1731 570 1940 640 primus
1981 569 2065 623 in-

499 662 840 734 duxit,595
862 676 1155 731 eorumque
1170 661 1378 716 animos
1398 661 1467 715 ab
1494 662 1677 715 innata
1710 662 2064 732 temperantia

499 758 569 812 ad
608 756 945 823 voluptatum
973 751 1215 808 traduxit
1243 752 1530 808 illecebras
1555 770 1568 805 :
1596 762 1657 806 ut
1687 752 1890 807 malum
1919 749 2064 820 quod

499 849 738 917 ipsorum
760 845 1027 915 capitibus
1047 846 1416 906 incumbebat,
1435 845 1654 899 minime
1679 844 2061 914 intelligerent.

498 939 709 994 Etenim
748 946 877 992 ante
910 936 1221 992 Servatoris
1253 937 1424 990 nostri
1455 936 1509 988 in
1542 945 1721 990 terras
1748 936 2062 998 adventum,

499 1042 723 1097 serpens
752 1026 842 1082 ille
870 1038 1081 1082 mentes
1112 1027 1389 1082 hominum
1419 1024 1759 1095 ignoratione
1784 1024 2063 1078 immorta-

494 1122 562 1176 lis
588 1120 858 1191 justorum
890 1119 1017 1174 vitae
1045 1126 1365 1181 occaecatus,
1392 1132 1459 1172 ac
1488 1116 1634 1170 nulla
1668 1115 1933 1170 bonorum
1968 1129 2063 1183 spe

496 1210 661 1266 fultas
712 1210 1072 1264 subverterat.
1128 1207 1260 1263 Post
1309 1207 1617 1279 passionem
1658 1220 1789 1261 vero
1846 1205 2060 1260 Domini

493 1300 689 1365 nostri,
716 1315 841 1355 cum
865 1313 1068 1370 corpus
1096 1300 1226 1354 illud
1256 1298 1397 1369 quod
1427 1305 1733 1366 acceperat,
1769 1311 1797 1349 a
1826 1297 2062 1351 sanctis-

490 1392 643 1448 sima:
686 1393 883 1447 animae
922 1391 1182 1446 societate
1210 1392 1486 1460 aliquanto
1518 1401 1757 1457 tempore
1784 1389 2058 1444 divulsum

489 1482 704 1547 fuisset,
722 1480 996 1553 patefacta
1017 1492 1101 1535 est
1122 1481 1436 1537 hominibus
1456 1479 1871 1535 resurrectionis
1894 1480 2054 1536 lides:

487 1586 542 1629 et
569 1574 615 1629 si
654 1589 775 1645 qua:
810 1573 960 1629 labes
997 1572 1352 1627 humanorum
1401 1570 1662 1627 scelerum
1697 1579 2055 1632 remanserat,

488 1673 843 1720 sacrosancto
898 1662 1118 1718 lavacro
1168 1663 1382 1731 penitus
1455 1661 1699 1715 abstersa
1751 1670 1854 1715 est.
1907 1658 2059 1714 Tunc

487 1757 701 1811 demum
738 1754 985 1810 subditos
1013 1768 1143 1808 suos
1168 1750 1310 1806 bono
1342 1752 1524 1806 animo
1551 1750 1798 1807 Christus
1830 1764 1952 1805 esse
1971 1749 2059 1819 jn-

2167 568 2620 642 πρωτοπλάστους
2651 566 2865 638 πρῶτος
2888 565 3150 636 ἐξηπάτα,
3195 565 3459 635 παράγων
3505 563 3602 628 ea;
3631 564 3743 619 δια-

2165 660 2313 723 νοίας
2343 658 2521 712 αὐτῶν
2555 658 2661 712 ἀπὸ
2689 658 2787 728 τῆς
2819 654 3061 726 ἐμφύτου
3111 655 3463 727 σωφροσύνης
3507 656 3599 708 ἐπὶ
3640 657 3740 729 τὴν

2163 749 2272 803 τῶν
2298 750 2498 821 ἡδονῶν
2518 750 2834 813 ἀπόλαυσιν,
2852 750 2999 811 ὅπως
3018 747 3092 819 μὴ
3117 750 3294 817 γνοῖεν
3323 746 3437 818 (62)
3464 747 3555 801 τὸν
3571 750 3740 822 ἐπηρ-

2163 859 2226 911 τη
2237 842 2394 912 μένον
2416 843 2597 905 αὐτοῖς
2620 841 2856 912 ὄλεθρον.
2876 837 2990 912 Πρὸ
3019 840 3210 910 γάρτοι
3235 838 3336 909 τῆς
3371 838 3739 904 κατελεύσεως

2161 929 2257 983 τοῦ
2291 930 2559 1002 Σωτῆρος,
2595 930 2695 999 τῆς
2716 930 3012 993 ἀθανασίας
3031 930 3138 982 τῶν
3164 927 3385 983 δικαίων
3408 928 3621 1001 ἀγνοίᾳ,
3641 929 3739 988 τάς

2161 1021 2334 1093 ψυχάς
2378 1021 2484 1076 τῶν
2531 1019 2832 1093 ἀνθρώπων
2888 1020 2981 1075 ἐπὶ
3032 1020 3269 1092 μηδεμιᾷ
3314 1024 3522 1092 χρηστῇ
3566 1020 3737 1074 ἐλπίδι

2163 1113 2529 1186 ὲρειδομένας,
2556 1113 2785 1186 ἔθραυε·
2822 1112 3086 1177 παθόντος
3142 1112 3199 1165 δὲ
3232 1112 3419 1178 αὑτοῦ,
3465 1115 3560 1189 καὶ
3599 1113 3737 1186 πρὸς

2162 1206 2351 1277 καιρὸν
2405 1205 2498 1258 τοῦ
2547 1204 2924 1277 περιτεθέντος
2981 1204 3234 1276 σώματος
3273 1206 3633 1276 χωρισθέντος
3672 1208 3737 1260 ἐκ

2158 1300 2258 1368 τῆς
2280 1298 2562 1361 κοινωνίας
2585 1298 2678 1351 τοῦ
2697 1297 2851 1366 ἁγίου
2875 1298 3015 1352 Πνεύ
3024 1316 3191 1368 ματος
3216 1297 3347 1365 (65),
3376 1298 3735 1369 ἀπεκαλύφθη

2157 1395 2271 1455 τοῖς
2299 1389 2610 1460 ἀνθρώποις
2639 1390 2700 1443 τὸ
2727 1388 2945 1442 δυνατὸν
2967 1389 3065 1459 τῆς
3093 1388 3441 1451 ἀναστάσεως
3474 1388 3608 1459 (64),
3641 1392 3735 1445 καὶ

2158 1481 2213 1534 ετ
2262 1498 2346 1544 τις
2402 1479 2513 1542 ἰλὺς
2568 1478 2923 1550 ἀνθρωπίνων
2969 1478 3322 1549 ἀδικημάτων
3363 1478 3733 1542 κατελείπετο,

2157 1571 2293 1643 αὕτη
2309 1573 2455 1625 πᾶσα
2467 1571 2711 1641 λουτροῖς
2741 1569 2915 1637 ἁγίοις
2945 1571 3235 1640 ὲσμήχετο.
3256 1569 3391 1622 Τὸτε
3407 1569 3470 1641 δὴ
3494 1588 3735 1643 παρακε⁴

2156 1663 2367 1716 λεύεται
2382 1665 2490 1726 τοῖς
2507 1662 2767 1732 ὑπηκόοις
2784 1660 3026 1734 θαρρεῖν,
3044 1662 3138 1715 κα)⁵
3153 1663 3216 1715 ἐκ
3232 1661 3332 1732 τῆς
3346 1662 3510 1716 αὑτοῦ
3531 1663 3737 1734 σεμνῆς

2155 1757 2311 1828 διασή
2320 1774 2421 1826 μου
2435 1772 2495 1808 τε
2510 1756 2877 1819 ἀναστάσεως,
2895 1744 3139 1824 τάὄμοια
3160 1754 3397 1819 ἐλπίζειν
3422 1755 3727 1809 ἐκέλευσεν.

486 1848 601 1913 bet,
631 1860 686 1904 et
724 1863 789 1903 ex
818 1846 1125 1901 veneranda
1156 1855 1213 1901 et
1247 1844 1444 1900 illustri
1488 1858 1584 1899 sua
1630 1842 2051 1909 resurrectione,

2156 1849 2364 1907 οὐκοῦν
2379 1847 2601 1910 δικαίως
2618 1846 2867 1901 ἐτελεύτα
2880 1847 2984 1900 τῶν
3005 1846 3221 1900 ἰοϐόλων
3237 1849 3272 1916 ἡ
3284 1846 3464 1916 φύσις,
3482 1846 3736 1903 ἐτελεύτα

488 1942 691 1996 similia
725 1955 967 2011 sperare.
1013 1937 1146 1994 Jure
1198 1952 1330 2007 ergo
1371 1937 1574 1991 dictum
1625 1945 1741 2000 est,
1787 1933 2054 1989 occidisse

484 2034 728 2087 omnium
785 2041 1174 2086 venenatorum
1213 2044 1404 2100 genus.
1444 2027 1660 2083 Occidit
1703 2025 1867 2080 etiam
1907 2039 2054 2079 mors

484 2125 601 2193 ipsa
641 2134 696 2180 et
735 2122 1071 2179 resurrectio
1101 2120 1420 2178 conﬁrmata
1448 2128 1554 2176 est.
1594 2117 1810 2175 Occidit
1838 2130 2055 2186 quoque

481 2214 828 2283 Assyriorum
862 2228 1056 2283 genus,
1095 2213 1187 2284 qui
1227 2213 1350 2266 lidei
1381 2213 1435 2265 in
1469 2210 1636 2265 Deum
1665 2208 1941 2278 principes
1968 2216 2054 2260 at-

481 2321 587 2377 que
610 2315 861 2361 auctores
894 2306 1244 2360 exstiterant.
1268 2303 1556 2357 Amomum
1578 2314 1708 2355 vero
1741 2298 1939 2367 ubique
1961 2314 2056 2351 na-

480 2398 743 2453 sciturum
785 2411 909 2452 cum
967 2393 1122 2461 dicit,
1169 2390 1574 2448 multitudinem
1619 2387 2053 2443 Christianorum

481 2490 563 2546 sic
596 2488 850 2559 appellat.
886 2488 1018 2556 Quae
1048 2501 1158 2543 non
1191 2499 1348 2541 secus
1373 2498 1438 2539 ac
1469 2478 1893 2538 innumerabiles
1917 2477 2053 2533 rami

482 2562 885 2635 amantissimis
916 2578 1141 2639 tioribus
1182 2574 1384 2642 ornati,
1415 2582 1473 2629 et
1515 2571 1730 2627 modico
1776 2583 1900 2625 rore
1928 2568 2055 2622 irri-

480 2669 614 2741 gati,
649 2684 718 2725 ex
743 2683 850 2724 una
879 2668 1064 2723 radice
1104 2665 1352 2735 pullulat.
1398 2664 1569 2720 Docte
1598 2662 1766 2731 igitur
1792 2659 1909 2715 haec
1936 2673 1966 2712 ε
2002 2667 2057 2713 te

479 2761 630 2817 dicta
660 2770 811 2827 sunt,
836 2774 870 2818 o
911 2758 1063 2819 Maro
1101 2766 1385 2831 poetarum
1415 2753 1837 2827 sapientissime.
1867 2751 1972 2808 Sed
2000 2758 2057 2806 et

482 2852 688 2924 reliqua
712 2868 834 2908 cum
865 2852 952 2907 his
981 2851 1327 2906 consentiunt
1356 2865 1372 2903 :

479 2945 552 3018 At
575 2944 734 3018 simul
759 2946 975 2998 heroum
1022 2942 1227 3018 laudes,
1253 2952 1301 2995 et
1331 2940 1476 3018 [acta
1503 2940 1735 3007 parentis
1792 3008 1804 3018 .

478 3014 605 3079 lam
635 3016 825 3085 legere,
846 3023 895 3069 et
923 3029 1042 3084 quia
1066 3015 1158 3077 sit,
1185 3013 1381 3083 poteris
1410 3026 1723 3080 cognoscere
1754 3013 1944 3062 uirtus.

477 3105 584 3162 Per
616 3105 803 3163 laudes
843 3104 1071 3163 heroum
1120 3103 1375 3174 intelligit
1400 3116 1567 3173 opera
1597 3101 1867 3172 justorum
1903 3099 2051 3154 viro-

2157 1940 2214 1993 δὲ
2229 1939 2321 1993 καὶ
2335 1938 2575 2001 θάνατος,
2593 1940 2687 1991 ὲπε
2695 1937 2998 2009 σφραγίσθη
3017 1938 3108 1990 καὶ
3119 1939 3151 2009 ἡ
3164 1938 3476 2002 ἀνάστασις,
3489 1936 3734 1991 ἀπώλετο

2157 2032 2213 2085 δὲ
2230 2032 2324 2085 καὶ
2337 2031 2399 2084 τὸ
2420 2030 2527 2083 τῶν
2542 2029 2838 2100 Ἀσσυρίων
2853 2031 3007 2099 γένος
3022 2028 3153 2100 (65),
3174 2029 3202 2083 ὃ
3220 2031 3501 2100 παραίτιον
3518 2030 3736 2098 ἐγένετο

2158 2124 2256 2195 τῆς
2285 2122 2521 2185 πίστεως
2543 2122 2634 2175 τοῦ
2659 2120 2792 2173 Θεοῦ
2812 2138 2824 2151 ·
2872 2120 3101 2189 φύεσθαι
3132 2139 3193 2174 τε
3213 2122 3486 2192 πανταχοῦ
3511 2122 3735 2190 φάσκων

2158 2213 2220 2267 τὸ
2277 2218 2526 2285 ἄμωμον,
2601 2211 2803 2283 πλῆθος
2870 2212 2978 2266 τῶν
3032 2213 3443 2284 θρησκευόντων
3498 2231 3735 2287 προαγο-

2163 2307 2310 2380 ρεύει
2340 2306 2485 2379 (66)·
2527 2301 2636 2360 οἷον
2676 2305 2784 2378 γὰρ
2825 2307 2888 2359 ὲκ
2923 2307 3052 2377 μιᾶς
3083 2305 3238 2376 ῥίζης
3284 2306 3487 2376 πλῆθος
3525 2306 3744 2361 κλάδων

2160 2396 2380 2451 εὐώδεσι
2425 2395 2613 2451 θάλλον
2641 2396 2876 2459 ἄνθεσιν,
2927 2396 3221 2468 ἀρδόμενον
3264 2397 3575 2471 συμμετρίᾳ
3622 2398 3735 2466 δρό-

2163 2503 2279 2549 σου,
2347 2487 2648 2557 βλαστάνει.
2713 2486 3166 2559 Πεπαιδευμένως
3214 2488 3290 2552 δὲ,
3359 2484 3404 2543 ὧ
3458 2489 3733 2558 σοφώτατε

2160 2577 2362 2650 ποιητά
2398 2579 2622 2651 Μάρων,
2666 2579 2761 2633 καὶ
2803 2579 2870 2633 τά
2903 2580 3028 2652 ἑξῆς
3055 2580 3270 2636 ἅπαντα
3305 2582 3399 2636 καὶ
3430 2581 3737 2646 ἀκολούθως

2160 2667 2275 2739 ἔχει
2297 2685 2310 2699 ³

2157 2934 2386 2991 Αὐτίκα
2418 2931 2469 2986 δ’
2498 2929 2703 3005 ἡρώων
2729 2933 2961 3001 ἀρετὰς.
2997 2935 3217 3005 πατρός
3250 2951 3314 3005 τε
3336 2934 3626 3005 μεγίστου

2163 3007 2322 3074 Ἕργ⁸
2348 3003 2778 3073 ὑπερηνορίῃσι
2809 3003 3149 3073 κεκασμένα
3185 3004 3401 3069 πάντα,
3423 3003 3693 3073 μαθήσῃ.

2159 3099 2297 3161 Τοὺς
2329 3096 2426 3167 μὲν
2457 3094 2565 3148 τῶν
2597 3093 2790 3167 ἡρώων
2832 3095 3118 3160 ἐπαίνους,
3148 3095 3214 3149 τὰ
3242 3096 3350 3149 τῶν
3382 3096 3605 3150 δικαίων
3634 3098 3734 3150 ἀν-

479 3212 601 3253 rum
632 3209 650 3251 :
689 3211 786 3267 per
816 3197 1061 3267 parentis
1081 3196 1334 3263 virtutes,
1361 3194 1811 3250 constitutionem
1837 3193 2049 3257 mundi,

2156 3190 2293 3265 δρῶν
2319 3188 2456 3261 ἔργα
2484 3187 2786 3259 σημαίνων,
2808 3187 2908 3253 τὰς
2936 3189 2995 3243 δὲ
3024 3189 3225 3260 ἀρετὰς
3246 3188 3340 3242 τοῦ
3372 3189 3608 3261 Πατρὸς,
3632 3189 3736 3262 τὴν

477 3309 607 3376 Ipsa
632 3310 770 3362 enim
799 3306 899 3363 Dei
932 3305 1194 3363 cunabula
1221 3305 1454 3376 Spiritus
1501 3306 1672 3363 sancti
1694 3307 1885 3377 virtute
1951 3308 2056 3377 ﬂa-

481 3387 714 3448 grunle8_
743 3379 899 3444 ﬂores
956 3395 1102 3435 nova:
1147 3377 1315 3433 soboli
1375 3378 1697 3448 extulerunt.

480 3446 646 3520 igitur
702 3446 837 3520 legit
891 3449 1076 3515 αὐτοῖς
1134 3448 1468 3520 σπαργάνοις
1527 3446 1783 3520 νεολαίαν
1834 3447 2050 3516 γένναν.

479 3517 1009 3590 tiltristOphorsonus
1055 3533 1185 3573 vero
1228 3517 1459 3590 δυνάμει
1511 3528 1739 3590 tantum
1772 3519 1921 3590 legit_
1954 3533 2054 3588 pro

477 3587 738 3659 δύναμις,
769 3589 930 3660 ειυοά
971 3590 1144 3660 magis
1179 3587 1378 3660 probo;
1423 3589 1542 3660 Per,
1562 3587 1810 3660 νεολαίαν
1839 3587 2054 3656 γένναν

482 3658 754 3729 novellum
776 3659 1030 3729 populum
1062 3658 1496 3729 Christianorum
1529 3658 1780 3729 intelligit
1811 3675 1825 3712 :
1855 3662 1923 3713 de
1945 3674 2054 3729 quo

479 3727 763 3852 VirJgiiium
790 3727 933 3796 loqui
954 3730 1205 3797 superius
1235 3728 1369 3781 dixit
1397 3742 1464 3782 eo
1483 3742 1643 3784 versu
1681 3745 1695 3782 :

590 3815 676 3850 am
704 3812 835 3850 noua
855 3800 1123 3852 nr‘oaenies
1156 3798 1282 3851 caelo
1320 3798 1619 3851 demittitur
1640 3798 1693 3852 al

590 3815 676 3850 am
694 3812 835 3868 nova
855 3800 1123 3868 progenies
1156 3798 1282 3868 caelo
1301 3798 1619 3868 demittitur
1640 3798 1767 3853 allo.

552 3868 664 3937 (62)
694 3864 861 3937 Vulg.
874 3864 1033 3933 ὅπως
1056 3866 1273 3937 γνοῖεν.
1294 3866 1393 3922 Hic
1408 3868 1723 3936 particulam
1749 3866 2049 3938 negativam

477 3938 681 4009 addidi,
698 3938 846 4009 ὅπως
869 3937 944 4009 μὴ
968 3942 1143 4004 γνοῖεν
1171 3953 1330 4009 quam
1346 3938 1789 4009 emendationem
1820 3937 2049 4009 scquen-

485 4008 556 4061 tia
591 4007 880 4062 manifeste
922 4011 1264 4060 conlirmant.
1302 4007 1358 4060 Si
1385 4007 1507 4074 quis
1545 4016 1721 4061 tamen
1776 4007 2047 4075 vulgatam

478 4077 800 4148 scripturam
845 4077 979 4130 tueri
1010 4076 1432 4148 velit,_cquidem
1467 4091 1572 4131 non
1603 4076 1759 4133 valde
1784 4090 2051 4148 repugna-

482 4146 729 4211 bo,'cum
761 4155 1055 4215 utrumque
1087 4146 1301 4201 delendi
1331 4147 1525 4215 possit.

550 4215 664 4286 (65)
696 4217 794 4269 Ἐκ
828 4213 940 4284 τῆς
964 4213 1296 4280 ’κοινωνίας
1325 4213 1431 4268 ⁴ἑοῦ
1461 4216 1632 4284 ἁγίου
1684 4215 2049 4284 Πνεύματος.

478 4285 868 4341 Constantinus
901 4286 1141 4355 spiritum
1183 4287 1396 4340 dixerat
1422 4301 1518 4353 pro
1554 4286 1752 4351 anima,
1779 4286 2051 4353 interpres

481 4372 613 4411 vero
654 4356 721 4411 de
755 4365 948 4411 sancto
1005 4357 1212 4426 Spiritu
1275 4355 1548 4426 accepisse
1606 4357 1845 4420 videtur,
1893 4356 2049 4426 quasi

1781 3374 2078 3433 Musctilus'

2166 3305 2319 3360 Hunc
2348 3302 2523 3374 locum
2554 3301 2900 3374 interpolavit
2928 3301 3451 3372 Christopborsonus
3476 3346 3492 3372 ,
3521 3319 3731 3374 expun-

2162 3373 2509 3445 etisiduobus
2537 3371 2829 3445 vocabulis
2873 3374 3185 3445 prioribus.
3222 3376 3461 3430 Savilius
3515 3371 3733 3445 quoque
3778 3388 3786 3395 '

2161 3445 2217 3499 in
2246 3443 2384 3514 libro
2410 3443 2634 3514 suoihas
2664 3456 2825 3496 voces
2838 3442 3111 3514 ﬁmblsto
3134 3443 3190 3497 δέ
3228 3446 3484 3514 expunxit
3508 3442 3730 3512 perinde

2160 3529 2225 3569 ac
2256 3513 2795 3579 Christopltorsonus.
2828 3511 2936 3567 Sed
2971 3527 3198 3581 uterque
3234 3511 3393 3582 longe
3426 3511 3595 3570 falsus
3623 3527 3727 3571 est.

2159 3582 2294 3638 Nam
2318 3582 2731 3655 Constantinus,
2765 3591 2953 3655 utpote
2978 3585 3111 3637 artis
3148 3586 3516 3653 grammatica;
3559 3586 3729 3655 impe-

2159 3655 2322 3722 ritus,
2353 3650 2563 3722 Virgilii
2593 3667 2808 3705 versum
2832 3650 2908 3707 ita
2945 3650 3320 3722 construxerat
3349 3668 3365 3706 :

2268 3721 2480 3778 Occidet
2521 3722 2830 3789 Assyrium,
2866 3721 3019 3790 vulgo
3061 3735 3305 3776 nascetur
3337 3740 3621 3777 amomum.

2157 3791 2324 3862 quue
2356 3792 2702 3862 convincitur
2731 3799 2840 3862 tum
2869 3805 2935 3844 ex
2969 3796 3068 3846 boc
3089 3792 3231 3855 loco,
3261 3802 3458 3862 tumes
3481 3796 3729 3850 versione

2158 3861 2469 3931 interpretis
2516 3861 2846 3931 Graecipqui
2899 3877 3113 3915 versum
3170 3864 3317 3915 illum
3379 3861 3583 3931 Virgilii
3652 3867 3727 3919 ita

2155 3933 2337 4003 vertit,
2379 3929 2660 4003 Ἀσσύριον
2702 3929 3019 4003 τίόῑχεται·
3051 3931 3230 3985 θάλλει
3269 3931 3327 3985 δὲ
3365 3929 3728 4003 κατάκτέμπέ

2154 3999 2406 4071 ἄμωμον.
2436 3999 2701 4072 Sic'enim
2740 3999 2939 4069 legitur
2966 4002 3016 4053 in
3044 4004 3248 4072 Optimo
3292 4004 3479 4056 codice
3518 3999 3652 4058 Fuk.
3672 4013 3727 4059 et

2155 4069 2307 4125 recte
2356 4069 2575 4139 quidem
2628 4069 2783 4138 juxta
2841 4069 3493 4127 mentem‘Constantini.
3549 4073 3727 4129 Porro

2159 4142 2302 4207 quod
2330 4149 2542 4207 spectat
2566 4141 2638 4210 ad
2662 4150 2831 4194 totum
2874 4140 2975 4195 hoc
3031 4140 3237 4210 \‘irgilii
3281 4156 3524 4207 carmen,
3561 4141 3725 4198 Chri-

2157 4210 2320 4264 stiani
2347 4210 2476 4280 illud
2503 4223 2568 4264 ex
2610 4208 2890 4280 Sibyllinis
2917 4208 3164 4265 versibus
3215 4212 3536 4266 translatum
3580 4229 3725 4280 esse,

2157 4288 2210 4334 et
2236 4281 2300 4334 de
2326 4279 2526 4349 Christi
2559 4288 2679 4332 ortu
2707 4278 2928 4349 intelligi
2961 4280 3180 4345 debere,
3225 4291 3540 4337 constanter
3576 4278 3721 4337 alliré

2142 4358 2395 4403 marunt.
2428 4347 2614 4420 Neque
2645 4350 2790 4403 enim
2821 4347 2902 4403 de'
2923 4348 3032 4403 alio
3073 4366 3239 4420 qnam
3277 4355 3343 4406 de
3364 4350 3584 4408 Christo
3612 4354 3723 4408 dici

480 4424 1102 4514 Christusdivinitatem
1130 4425 1522 4514 liabueri't‘loeo
1549 4426 1762 4514 animae:
1791 4440 1911 4493 qua:
1946 4424 2049 4478 l'uit
2084 4459 2126 4514 ο
2155 4434 2310 4514 posse
2340 4436 2354 4473 :

476 4494 701 4566 haeresis
720 4496 1067 4566 Apollinaris.
1086 4495 1142 4549 ln
1159 4495 1343 4566 codice
1356 4492 1473 4566 Fuk
1510 4506 1630 4563 post
1647 4492 1866 4566 verbum
1886 4511 2051 4565 χωρι-

482 4564 723 4631 σθέντος,
757 4563 969 4636 virgula
1019 4564 1332 4636 apponitur.
1358 4563 1571 4636 Quare
1609 4563 2044 4636 videndum’est,

480 4642 661 4706 utrum
689 4633 987 4706 verba—illa,
1015 4633 1205 4706 esca;
1224 4633 1317 4687 τοῦ
1346 4633 1502 4704 ἁγίου
1524 4633 1841 4704 Πνεύματος
1861 4650 2054 4688 κοινω-

472 4705 617 4777 νίας,
661 4705 1045 4777 conjungenda
1091 4705 1200 4777 sint
1244 4720 1365 4757 cum
1426 4706 1493 4758 iis
1536 4720 1656 4774 quae
1706 4715 2049 4777 sequuntur:

470 4772 836 4845 ἀπεκαλύφθη
855 4772 998 4846 ίτοῐς
1025 4773 1352 4846 ἀνθρώποις,
1392 4785 1526 4846 etc.,
1555 4772 1615 4828 ut
1637 4788 1840 4846 sensus
1852 4776 1925 4846 sit
1958 4789 2052 4844 per

474 4843 1031 4899 communicationem
1085 4843 1321 4913 spiritus
1360 4845 1553 4911 sancti,
1600 4843 2050 4914 quem'Christus

447 4951 454 4961 .
473 4924 593 4989 post
629 4914 938 4993 passionem
966 4914 1280 4993 hominibus
1313 4914 1542 4981 infudit,
1572 4913 1899 4985 patefactam
1926 4928 2050 4970 esse

471 4997 582 5035 VIIII
620 4992 1057 5037 l'CSlll'l'CCllUlllS.

543 5051 656 5124 (64)
702 5052 772 5106 Τὸ
818 5049 1079 5124 δυνατὸν
1104 5048 1218 5124 τῆς
1258 5051 1665 5119 ἀναστάσεως.
1713 5051 1831 5109 Νοη
1878 5052 2048 5124 probo

470 5120 777 5176 versionem
842 5120 1345 5190 Cbristopborsoni,
1382 5125 1475 5192 qui
1531 5124 1674 5177 hunc
1739 5120 1913 5177 locum
1972 5125 2042 5177 ita

474 5192 868 5261 interpretatus
898 5199 1002 5261 est,
1031 5193 1425 5261 resurrectionis
1458 5193 1531 5246 vis
1565 5193 1861 5246 hominibus
1897 5203 2048 5261 pate-

470 5257 747 5332 Ῑσοιαίοδι.
778 5257 1369 5332 Necaliterdoannes
1411 5262 1714 5316 Portesius.
1750 5262 1863 5332 Ego
1898 5257 2046 5318 'vero

470 5346 577 5384 non
601 5331 791 5402 dubito
831 5329 963 5397 tluin
995 5328 1058 5381 τὸ
1103 5327 1327 5402 δυνατὸν
1367 5334 1419 5386 id
1464 5332 1764 5402 signiﬁcet,
1799 5327 1950 5402 quod
1992 5335 2042 5386 in

468 5401 721 5456 versione
780 5410 903 5454 mea
937 5400 1211 5469 expressi.
1261 5400 1352 5469 Ait
1399 5400 1560 5469 igitur
1610 5400 2042 5468 Constantinus,

470 5478 595 5536 post
629 5478 865 5526 mortent
914 5466 1115 5523 Christi
1157 5466 1486 5538 patefactum
1527 5484 1647 5526 esse
1686 5466 2042 5539 hominibus,

470 5540 588 5610 tieri
648 5555 806 5609 posse
844 5544 911 5591 ut
969 5552 1201 5608 corpora
1249 5550 1613 5610 resurgerent.
1671 5542 1847 5596 Antea
1896 5543 2041 5597 enim

467 5608 699 5681 obscura
723 5619 845 5665 erat
884 5610 1302 5681 resurrectionis
1348 5608 1481 5664 lid‘es
1505 5649 1521 5670 ,
1553 5611 1712 5665 etiam
1761 5610 1905 5681 apud
1950 5610 2045 5667 Ju-

466 5679 851 5801 ἓωεε.ιΑι‹ιυο
905 5679 1115 5735 idcirco
1168 5688 1398 5734 mortem
1461 5689 1743 5750 tantopere
1791 5679 2042 5736 retormi-

501 5764 534 5801 ὃ
574 5766 638 5797 alt
671 5787 685 5801 .

501 5759 685 5803 ahattt.

531 5817 649 5877 (65)
680 5818 974 5873 Ἀπώλετο
999 5817 1067 5873 δὲ
1098 5817 1200 5874 καὶ
1225 5818 1291 5873 τὸ
1317 5818 1438 5874 τῶν
1471 5819 1807 5888 Ἀσσυρίων
1840 5819 2033 5891 γένος.

2227 4487 2342 4560 Hoc
2369 4488 2521 4553 duce,
2544 4487 2711 4557 siqua
2739 4498 2949 4560 manent
2971 4489 3179 4543 sceleris
3207 4491 3427 4560 vestigia
3458 4494 3650 4560 nostri,

2225 4558 2388 4611 Irrita
2419 4566 2666 4624 perpetua
2703 4558 2897 4610 solvent
2923 4557 3206 4627 formidine
3233 4557 3422 4614 terras.

2154 4628 2228 4699 ita
2255 4639 2456 4695 prmter
2490 4627 2906 4699 Constantinum
2936 4630 3267 4699 Augustinus
3310 4630 3364 4683 in
3399 4630 3623 4699 epistola
3652 4634 3720 4687 ad

2156 4697 2528 4770 Volu‘siatmm,
2554 4708 2608 4751 et
2636 4698 2689 4750 in
2713 4698 2943 4770 epistola
2975 4697 3099 4753 155.
3138 4699 3193 4753 1η
3234 4697 3465 4767 epistola
3501 4702 3718 4770 quidem

2152 4770 2220 4821 ad
2261 4766 2604 4839 Volusianum
2626 4806 2664 4839 ,Α
2693 4767 2975 4839 Assyrium
3006 4766 3286 4822 amomum
3326 4766 3721 4839 interpretatur

2151 4839 2347 4906 dogma
2376 4836 2698 4907 Pherecydis
2728 4837 2960 4906 Assyrii,
2986 4839 3075 4907 qni
3102 4839 3306 4907 primus
3327 4836 3568 4893 animum
3600 4855 3721 4895 esse

2152 4907 2516 4978 itmnortalem
2568 4906 2961 4978 pronuntiavit.
3013 4906 3214 4962 Verum
3241 4909 3382 4978 ⁸Ιιξιξο
3425 4911 3714 4978 Augustini

2150 4976 2541 5047 interpretatio
2564 4976 2698 5047 fferri
2724 4990 2826 5047 non
2863 4986 3059 5045 potest,
3088 4993 3209 5032 cum
3240 4976 3579 5047 Pherecydes
3613 4994 3717 5034 non

2149 5046 2406 5120 Assyrius
2434 5046 2602 5120 fuerit
2624 5084 2639 5109 ,
2673 5046 2765 5120 sed
2796 5046 3009 5120 Syrius,
3043 5049 3094 5100 id
3125 5056 3229 5120 est,
3259 5062 3328 5120 ex
3354 5046 3522 5103 insula
3555 5048 3715 5120 Syro.

2147 5113 2415 5187 Quocirca
2447 5113 2785 5187 prmlerenda
2814 5113 2899 5171 est
2930 5115 3273 5171 Constantini
3315 5113 3713 5187 interpretatio,

2147 5186 2239 5257 qui
2263 5185 2492 5257 nomine
2518 5186 2972 5257 quidem‘amomi
2998 5187 3075 5239 ait
3097 5187 3368 5257 designari
3406 5185 3592 5242 ﬁdeles
3621 5204 3717 5243 seu

2145 5253 2508 5328 Christianos,
2530 5253 2597 5309 eo
2624 5253 2767 5328 quod
2797 5255 2905 5309 sint
2931 5253 3240 5327 ἄμωμοι,ἰιὶ
3265 5267 3351 5310 est
3371 5259 3488 5311 sine
3532 5273 3720 5328 repre-

2148 5324 2442 5396 hensione.
2471 5327 2755 5396 Assyrium
2792 5339 2925 5379 vero
2956 5324 3077 5380 ideo
3123 5328 3495 5396 eognominari
3518 5366 3534 5390 ,
3571 5324 3717 5393 quod

2146 5392 2216 5445 ab
2245 5394 2480 5465 Assyriis
2514 5392 2697 5449 orium
2727 5396 2799 5448 sit
2843 5395 3165 5465 principium
3196 5392 3371 5450 'lidei.
3429 5392 3714 5453 Abraham

2144 5465 2289 5536 enim
2317 5466 2594 5536 Assyrius,
2620 5465 3086 5536 primuscrndidit
3125 5466 3274 5531 Deo;
3323 5468 3467 5523 unde
3511 5477 3567 5522 et
3598 5481 3719 5521 ete-

2145 5534 2383 5603 dentinm
2426 5534 2582 5603 pater
2603 5534 3013 5603 cognominatus
3046 5544 3149 5590 est.

2215 5602 2341 5675 (66)_
2364 5602 2526 5675 Vulg.
2571 5605 3019 5673 προσαγορεύει.
3080 5609 3394 5674 Amplector
3430 5603 3713 5674 coniectu-

2149 5673 2264 5726 ram
2301 5673 2519 5730 Henriei
2552 5676 2764 5740 Savilii,
2785 5678 2878 5744 qui
2903 5678 2972 5746 ad
3004 5690 3154 5729 oram
3190 5673 3398 5746 codicis
3430 5677 3515 5732 sui
3541 5673 3716 5731 adno-

2146 5747 2279 5798 tavit
2304 5763 2319 5800 :
2344 5746 2384 5801 F
2387 5760 2502 5805 orte
2525 5748 2865 5807 scribendum
2887 5744 2971 5803 eSt
2987 5744 3361 5818 προαγορεύει.
