4176 6446
509 478 654 537 1503

1088 595 1313 653 CAPUT
1341 596 1503 653 XXII.

509 687 826 759 Gratiarum
861 687 1001 743 actio
1046 687 1404 759 imperatoris,
1442 704 1548 759 qua
1601 689 1848 742 victorias
1874 696 1923 741 et
1959 686 2083 759 reli-

615 775 685 811 ua
713 758 848 812 bona
904 774 1005 812 sua
1029 757 1237 812 Christo
1284 756 1498 825 accepta
1523 756 1627 826 fert
1657 776 1675 815 :
1704 768 1752 812 et
1785 758 2081 822 confutatio

641 827 864 881 aximini
912 827 1155 895 tyranni,
1205 830 1295 894 qui
1342 827 1718 891 persecutionis
1769 827 2083 881 crudelitate

581 895 902 951 Christiana:
928 895 1195 966 religionis
1222 897 1444 967 gloriam
1470 907 1714 951 auxerat.

576 1048 843 1119 Equidem
898 1063 1075 1105 meatu
1111 1049 1428 1108 felicitatem
1479 1065 1708 1121 meaque
1745 1052 1927 1106 omnia
1961 1053 2079 1121 pie-

508 1136 604 1195 tati
629 1150 848 1210 accepta
879 1139 1074 1195 refero.
1117 1141 1308 1195 Testes
1339 1150 1465 1195 sunt
1501 1156 1681 1197 rerum
1729 1153 1961 1200 eventus
1987 1146 2077 1214 qui

505 1248 574 1288 ex
601 1242 726 1288 voto
751 1232 882 1286 mihi
916 1232 1313 1301 responderunt
1346 1250 1359 1286 :
1388 1242 1554 1288 testes
1591 1242 1717 1289 sunt
1756 1250 1951 1304 pugnae
1994 1246 2078 1290 at-

505 1340 612 1394 que
645 1324 913 1390 victoriae,
948 1334 1004 1379 et
1036 1334 1234 1395 tropum
1269 1326 1336 1380 de
1363 1325 1611 1381 hostibus
1661 1336 1838 1394 parta.
1868 1326 1983 1382 Scit
2021 1337 2076 1383 et

506 1419 753 1477 laudibus
802 1436 865 1475 ea
915 1420 1154 1476 celebrat
1185 1421 1315 1475 urbs
1362 1421 1554 1475 Roma.
1609 1420 1750 1476 Idem
1783 1422 1950 1477 sentit
1979 1437 2077 1492 po-

505 1509 664 1579 pulus
717 1512 870 1566 urbis
913 1512 1043 1566 mihi
1072 1510 1407 1567 charissima:
1442 1529 1455 1565 :
1487 1511 1614 1566 licet
1674 1512 1813 1568 falsa
1853 1527 1951 1583 spe
1978 1514 2077 1568 de-

504 1612 717 1673 ceptus,
767 1603 1051 1671 indignum
1109 1616 1211 1658 sua
1266 1602 1555 1674 majestate
1610 1603 1915 1674 principem
1955 1604 2072 1661 ele-

504 1694 647 1764 gerit
691 1714 708 1750 :
756 1694 849 1765 qui
908 1710 1033 1748 mox
1097 1697 1509 1752 convenientem
1596 1695 1896 1751 sceleribus
1961 1697 2075 1753 suis

505 1788 716 1842 exitum
777 1787 997 1842 sortitus
1048 1796 1149 1841 est.
1185 1787 1384 1842 Verum
1451 1802 1515 1843 ea
1562 1803 1710 1844 nunc
1741 1803 2074 1844 commemo-

506 1891 650 1941 rare,
711 1874 866 1930 nefas
898 1888 1019 1930 esse
1045 1872 1284 1929 arbitror
1322 1891 1338 1929 :
1367 1874 1495 1929 mihi
1526 1874 1825 1943 praesertim
1847 1874 1940 1942 qui
1996 1882 2070 1938 te,

503 1966 700 2036 pietas,
743 1964 985 2035 alloquor
1012 1980 1025 2017 :
1051 1972 1105 2017 et
1127 1964 1221 2033 qui
1252 1978 1442 2018 curam
1474 1978 1691 2020 omnem
1749 1980 1814 2019 ac
1843 1964 2075 2034 diligen.

506 2057 635 2112 tiam
694 2058 948 2122 adhibeo,
998 2065 1061 2112 ut
1121 2066 1174 2112 te
1225 2058 1391 2114 castis
1418 2058 1761 2114 sermonibus
1806 2056 2074 2126 bonisque

501 2146 685 2204 verbis
720 2149 1062 2218 compellem.
1097 2150 1285 2206 Dicam
1321 2158 1503 2204 tamen
1532 2146 1762 2216 aliquid,
1806 2147 1949 2218 quod
1971 2160 2074 2203 nec

503 2252 659 2310 turpe
697 2254 799 2295 nec
828 2240 1143 2298 indecorum
1198 2241 1493 2298 videbitur.
1543 2239 1750 2295 Bellum
1811 2238 2074 2308 inexpia—

499 2325 655 2381 bile:
714 2326 933 2395 plenum
984 2331 1239 2386 amentiae
1301 2343 1356 2385 et
1412 2328 1672 2384 inauditas
1714 2328 2070 2394 crudelitatis,

499 2416 761 2473 adversus
813 2426 890 2482 te,
955 2420 1146 2488 pietas,
1205 2431 1262 2476 et
1293 2420 1560 2475 adversus
1601 2435 1794 2476 omnes
1826 2419 2072 2475 sanctis—

498 2510 667 2565 simas
725 2509 997 2566 Ecclesias
1055 2520 1175 2567 tuas
1236 2527 1263 2566 a
1314 2512 1562 2582 tyrannis
1605 2513 1920 2584 gerebatur.
1963 2512 2072 2568 Nec

499 2604 727 2656 deerant
774 2601 830 2655 in
883 2603 1019 2657 urbe
1050 2600 1245 2666 Roma,
1266 2602 1359 2672 qui
1389 2603 1554 2657 tantis
1594 2603 1750 2657 malis
1772 2611 1828 2657 et
1860 2601 2068 2670 publica

497 2691 811 2751 calamitate
828 2691 1166 2746 laetarentur.
1202 2692 1332 2748 Erat
1365 2702 1419 2748 et
1447 2708 1673 2763 campus
1722 2695 1788 2748 ad
1824 2693 2069 2763 praelium

498 2781 852 2838 constitutus.
913 2780 1050 2837 Tum
1112 2797 1240 2837 vero
1296 2781 1441 2837 tuin
1493 2782 1728 2837 medium
1760 2797 2067 2853 progressa,

500 2872 838 2942 temetipsum
866 2872 1008 2928 ultro
1042 2872 1344 2938 tradidisti,
1379 2872 1484 2927 tide
1527 2872 1582 2927 in
1617 2872 1784 2928 Deum
1826 2872 1956 2928 fulta
1984 2882 2069 2927 at-

497 2978 605 3033 que
630 2964 838 3019 innixa.
866 2965 936 3019 At
957 2967 1253 3023 crudelitas
1283 2966 1562 3022 hominum
1588 2965 1900 3035 impiorum,
1943 2984 2068 3022 cum

499 3058 675 3111 instar
732 3055 963 3113 ﬂammae
995 3059 1154 3113 obvia
1184 3074 1413 3129 qumque
1454 3058 1676 3127 depasta
1705 3070 1872 3127 esset,
1898 3060 2070 3115 admi-

499 3145 720 3202 rabilem
744 3149 1035 3218 quamdam
1060 3160 1115 3206 et
1131 3151 1538 3208 celeberrimam
1570 3151 1666 3206 tibi
1692 3151 1918 3220 gloriam
1938 3167 2069 3208 cou-

1229 479 1493 538 EUSEBll
1531 474 2007 536 CAESARlENSlS
2040 475 2199 533 OPP.
2231 475 2411 539 PARS
2445 475 2488 531 l.
2528 506 2596 517 —
2632 472 3030 535 HISTORICA.

2113 605 2160 656 A

3621 464 3757 521 i304

2694 587 3081 644 ΚΕΦΑΛΔῙΟΝ
3118 588 3247 641 KB';

2182 681 2551 754 Εὑχαριστία
2570 678 2801 754 Χριστῷ
2817 678 2924 744 τὰς
2944 677 3118 754 νίκας
3138 675 3233 754 καὶ
3261 673 3334 729 τὰ
3363 672 3546 754 λοιπὰ
3567 672 3758 754 ἀγορὰ

2251 741 2560 820 facilem;
2590 741 2920 820 Medum;
2939 748 3048 820 _xai
3087 741 3466 820 ἔλεγχοςςςοῦ
3498 741 3758 820 κατ’-αὺ-

2255 810 2376 876 ὶῶν
2401 810 3083 889 τιιρᾶγὶὠῦΜᾳξφίνρυ,
3107 810 3445 889 τῷξλὶεγέθει
3484 811 3602 889 τοῦ.
3622 810 3755 864 διω-

2249 892 2400 962 γμοῦ
2435 879 2676 960 ιῖείζονα
2711 879 2901 953 δόξαί·
2928 887 3002 956 τῇ
3031 879 3306 953 εὐσεϐὲίᾴ
3331 879 3763 952 περιποιήσανεε

2247 979 2370 1028 τος.

2262 1052 2404 1121 Ἐγὼ
2429 1054 2527 1124 μὲν
2544 1053 2644 1124 τῆς
2670 1052 2924 1121 εὐτυχίας
2942 1049 3041 1120 τῆς
3070 1047 3306 1119 ἐμαυτοῦ
3340 1046 3433 1099 καί¹
3464 1043 3573 1097 τῶν
3606 1042 3755 1114 ἐμῶν

2179 1145 2418 1209 πάντων,
2453 1144 2721 1215 αἰτιῶμαι
2752 1143 2852 1213 τὴν
2879 1140 3177 1203 εὐσέϐειαν,
3218 1139 3487 1210 μαρτυρεῖ
3516 1135 3575 1188 δὲ
3600 1135 3694 1188 καὶ
3718 1135 3751 1204 ἡ

2178 1237 2401 1302 ἔκϐασις
2432 1237 2541 1291 τῶν
2569 1239 2687 1291 κατ’
2722 1234 2888 1306 εὐχὰς
2913 1234 3168 1289 ἁπάντων
3200 1231 3335 1301 (85),
3374 1227 3750 1301 ἀνδραγαθίαι,

2176 1329 2323 1384 νίκαι
2349 1329 2490 1384 κατὰ
2527 1328 2635 1382 τῶν
2665 1327 2958 1398 πολεμίων,
3000 1326 3241 1396 τρόπαια
3264 1339 3277 1352 ο
3311 1319 3515 1374 σύνοιδε
3559 1319 3615 1371 δὲ
3658 1318 3755 1371 καὶ

2179 1421 2295 1490 μετ’
2323 1418 2601 1489 εὐφημίας
2632 1418 2843 1470 ἐπαινεῖ
2870 1416 2964 1469 καὶ
2989 1417 3022 1486 ἡ
3060 1411 3416 1484 μεγαλόπολις
3444 1407 3555 1476 (86)
3574 1448 3589 1472 ,
3633 1405 3753 1478 βού-

2175 1510 2325 1564 λεται
2366 1510 2423 1564 δὲ
2449 1511 2541 1564 καὶ
2594 1512 2623 1563 ὁ
2651 1509 2823 1579 δῆμος
2854 1508 2953 1578 τῆς
2985 1505 3244 1577 φιλτάτης
3271 1504 3479 1564 πόλεως
3501 1544 3517 1569 ,
3561 1502 3610 1554 εἰ
3656 1498 3752 1553 καὶ

2175 1603 2313 1672 πρὸς
2344 1604 2464 1667 ταῖς
2502 1601 2799 1673 σφαλεραῖς
2842 1598 3053 1653 ἐλπίσιν
3092 1595 3487 1666 ἐξαπατηθεὶς,
3535 1592 3752 1658 ἀνάξιον

2174 1693 2375 1764 ἑαυτῆς
2411 1692 2691 1764 προείλετο
2735 1691 3076 1763 ’προστάτην⁸
3107 1688 3165 1751 ὃς
3204 1685 3544 1759 παραχρῆμα
3586 1683 3759 1747 ἑάλως

2174 1784 2555 1856 προσηκόντως
2577 1800 2637 1835 τε
2671 1782 2765 1836 καὶ
2792 1781 2961 1848 ἀξίως
2984 1782 3094 1843 τοῖς
3115 1777 3290 1849 ἐαυτῷ
3307 1775 3751 1848 τετολμημένοις,

2174 1869 2249 1930 ὧν
2280 1874 2342 1928 οὐ
2371 1875 2526 1946 θέμις
2558 1870 3074 1945 ἀπομνημονεῦσαι,
3110 1871 3343 1941 μάλιστα
3374 1868 3498 1939 ἐμοὶ
3529 1867 3606 1939 τῷ
3633 1868 3757 1921 δια-.

2175 1965 2451 2036 λεγομένῳ
2478 1964 2614 2036 πρὸς
2639 1964 2719 2030 σὲ,
2745 1963 2838 2017 καὶ¹
2864 1965 3044 2017 πᾶσαν
3074 1960 3388 2033 ἐπιμέλειαν
3416 1961 3755 2031 ποιουμένῳ,

2174 2057 2295 2121 πῶς
2318 2056 2384 2110 ἂν
2412 2057 2606 2126 ἁγναῖς
2659 2055 2752 2109 καὶ
2785 2053 2898 2126 (87)
2932 2054 3200 2125 εὐφήμοις
3225 2048 3487 2117 διαλέξεσι
3525 2051 3747 2122 προσεί-

2173 2149 2332 2220 ποιμί
2359 2165 2439 2201 σε.
2481 2146 2623 2217 Ἐρῶ
2659 2145 2715 2199 δέ
2745 2163 2798 2198 τι
2842 2146 2972 2208 ἴσως
3004 2145 3104 2197 οὐκ
3141 2144 3384 2213 ἄσχημον
3421 2141 3541 2195 οὐδὲ
3580 2142 3761 2213 άπρετ

2174 2241 2305 2307 πές·
2343 2238 2699 2310 ὐπερὸάλλων
2761 2237 2942 2309 μέντοι
2998 2235 3164 2308 μανίᾳ
3227 2236 3321 2289 καὶ
3378 2234 3640 2305 ὠμότητι,
3702 2227 3748 2286 ὧ

2173 2331 2483 2394 θεοσέϐεια,
2510 2331 2601 2384 καὶ
2629 2330 2829 2393 πάσαις
2858 2331 2979 2392 ταῖς
3003 2325 3332 2397 ἁγιωτάταις
3352 2325 3462 2394 (88)
3492 2342 3586 2378 σου
3628 2325 3759 2377 Ἐκη,

2172 2422 2422 2495 κλησίαις
2467 2423 2572 2477 ὐπὸ
2607 2422 2883 2494 τυράννων
2915 2419 3152 2491 πόλεμος
3192 2414 3261 2490 ἦν
3304 2416 3564 2481 ἄσπονδος
3589 2433 3602 2447 ο
3654 2417 3755 2473 καὶ

2169 2514 2271 2568 οὐκ
2299 2512 2589 2583 ἐπέλειψάν
2633 2529 2774 2575 τινες
2812 2510 2920 2565 τῶν
2962 2511 3019 2564 ἐν
3047 2512 3113 2581 τῇ
3153 2509 3338 2580 Ῥώμῃ
3364 2549 3379 2572 ,
3409 2507 3749 2578 τηλικούτοις

2170 2605 2546 2677 ὲπιχαίροντες
2569 2605 2846 2676 δημοσίοις
2877 2605 3067 2666 κακοῖς
3090 2618 3103 2632 ·
3137 2599 3546 2672 παρεσκεύαστο
3569 2598 3624 2652 δὲ
3656 2600 3747 2651 καὶ

2170 2697 2352 2751 πεδίον
2379 2695 2488 2767 (89)
2522 2699 2586 2768 τῇ
2635 2697 2803 2769 μάχῃ.
2834 2697 2906 2749 Σύ
2952 2695 3009 2748 δὲ
3053 2691 3424 2766 προελθοῦσα,
3470 2691 3749 2755 ἐπέδωκας

2170 2788 2367 2861 ἑαυτὴν
2388 2788 2773 2860 ἐπερειδομένη
2809 2787 2919 2856 (99)
2949 2788 3014 2857 τῇ
3045 2785 3180 2856 πρὸς
3207 2782 3339 2838 Θεὸν
3370 2782 3549 2836 πίστει
3574 2798 3589 2813 ο
3620 2780 3747 2852 θνη-

2167 2882 2278 2936 τῶν
2316 2880 2373 2935 δὲ
2405 2879 2679 2934 δυσσεϐῶν
2706 2878 2926 2951 ὠμότης
2956 2877 3089 2948 (91),
3129 2876 3284 2947 δίκην
3327 2874 3498 2946 πυρὸς
3543 2874 3748 2929 ἀκατά-

2142 2976 2412 3039 ’παυστος
2443 2972 2887 3044 ὲπινεμησαμένη
2910 3011 2924 3035 ,
2951 2968 3269 3041 θαυμαστὴν
3294 2967 3388 3022 καὶ
3420 2967 3508 3021 διὰ
3545 2966 3757 3031 παντὸς

2171 3068 2416 3139 ἀοίδιμον
2442 3065 2684 3132 εὐδοξίαν
2705 3063 2953 3136 προσῆψέ
2981 3080 3064 3119 σοι
3087 3079 3100 3092 ο
3137 3061 3300 3125 σέϐας
3326 3061 3433 3132 γὰρ
3456 3059 3545 3113 διὰ
3570 3057 3751 3119 ταῦτα

2168 3155 2283 3229 εἶχε
2326 3160 2452 3222 τούς
2493 3157 2796 3228 θεωμένους
2832 3155 3047 3218 αὐτούς.
3078 3154 3217 3217 Τοὺς
3263 3154 3360 3224 μὲν
3399 3148 3491 3206 ούν
3521 3150 3749 3223 δημίους

495 3235 719 3291 ciliavit.
750 3236 890 3293 Hinc
933 3239 1078 3295 enim
1145 3251 1332 3311 stupor
1377 3256 1442 3297 ac
1472 3242 1752 3297 veneratio
1797 3242 1897 3308 tui,
1947 3259 2067 3314 spe-

2170 3253 2264 3308 καὶ
2293 3249 2683 3324 στρεϐλοῦντας
2710 3249 2778 3303 τὰ
2804 3249 2913 3301 τῶν
2957 3246 3193 3301 εὐσεϐῶν
3228 3245 3452 3318 σώματα
3488 3244 3630 3317 (92),
3677 3239 3755 3316 ἧνι

496 3340 736 3385 ctatores
774 3330 917 3399 ipsos
946 3331 1162 3387 invasit.
1219 3333 1296 3389 Ac
1328 3343 1559 3390 tortores
1592 3335 1810 3405 quidem
1842 3350 1908 3390 ac
1938 3352 2064 3391 car-

496 3421 708 3490 nifices,
741 3422 794 3478 in
830 3424 1140 3480 cruciandis
1177 3427 1389 3495 piorum
1441 3426 1768 3497 corporibus
1796 3425 2062 3493 defessos,

494 3524 552 3569 et
599 3515 670 3571 ad
723 3516 961 3587 inopiam
994 3516 1204 3572 consilii
1262 3518 1516 3574 redactos
1570 3533 1796 3573 cernere
1823 3517 2062 3574 licebat:

454 3584 469 3605 ³
494 3606 711 3664 vincula
746 3584 932 3669 autem
988 3609 1248 3678 resoluta,
1287 3610 1501 3667 laxatos
1553 3609 1835 3681 equuleos,
1885 3621 1941 3667 et
1975 3626 2065 3668 re-

496 3783 550 3839 id
579 3792 662 3837 est
681 3798 836 3852 opus,
869 3784 983 3839 sive
1006 3784 1303 3852 opiﬁcium.

565 3852 678 3924 (85)
716 3853 839 3908 Τῶν
868 3855 997 3907 κατ’
1034 3853 1219 3921 εὐχὰς
1261 3853 1566 3924 amb-reor.
1611 3853 1895 3924 Conjicere
1944 3856 2069 3922 quis

495 3922 602 3978 non
628 3924 899 3978 immerito
932 3936 1122 3990 posset
1145 3923 1490 3979 scribendum
1536 3936 1657 3978 esse
1694 3922 1912 3978 πάντων
1943 3927 2065 3979 κατ’

493 3993 658 4064 εὐχὰς
683 3991 1066 4047 ἀπαντώντων.
1115 3992 1222 4064 Sed
1249 4008 1382 4064 cum
1427 3992 1631 4063 absque
1673 3992 1776 4048 hac
1811 3996 2068 4050 emenda-

496 4062 641 4119 tione
669 4078 864 4119 sensus
886 4071 1117 4126 constet,
1147 4062 1280 4117 nihil
1311 4062 1625 4118 mutandum
1650 4077 1870 4117 censeo.

564 4132 682 4203 (86)
740 4133 1179 4202 Μεγαλόπολις.
1240 4132 1331 4188 Sic
1401 4133 1626 4203 Romam
1664 4130 1837 4187 Grieci
1867 4146 2067 4189 vocare

493 4202 915 4273 consueverant,
945 4215 1005 4255 ut
1029 4203 1328 4273 innumeris
1349 4202 1616 4273 exemplis
1633 4203 1850 4271 probari
1870 4213 2063 4273 potest.

493 4273 571 4327 Ita
605 4271 871 4326 Tatianus
899 4274 950 4326 in
979 4272 1230 4327 oratione
1266 4269 1530 4327 adversus
1564 4269 1783 4326 Grmcos
1805 4312 1820 4336 ,
1870 4269 1965 4326 ubi
2002 4275 2068 4328 de

491 4356 652 4398 sacro
671 4340 821 4398 Joris
853 4341 1090 4397 Latiaris
1120 4342 1378 4412 loquitur,
1398 4352 1452 4397 et
1485 4342 1823 4412 Porphyrius
1850 4342 1903 4395 in
1932 4342 2068 4397 libro

492 4412 570 4467 De
591 4411 927 4467 abstinentia.
955 4412 1062 4466 Sed
1096 4420 1153 4466 et
1190 4411 1460 4467 Eusebius
1490 4412 1543 4466 in
1580 4411 1831 4466 oratione
1864 4412 2069 4466 tricen-

490 4483 601 4537 nali
645 4483 711 4537 de
735 4483 982 4537 laudibus
1022 4480 1364 4537 Constantini
1409 4481 1487 4537 ita
1530 4480 1760 4537 Romam
1809 4480 2063 4552 appellat,

491 4560 550 4606 ut
574 4553 685 4606 illic
711 4552 1034 4608 videbimus.

2171 3344 2296 3399 ἰδεῖν
2312 3344 2615 3414 κάμνοντας
2630 3341 2725 3395 καὶ
2739 3339 3133 3403 δυσπετοῢντας
3157 3338 3291 3410 πρὸς
3316 3336 3386 3391 τὰ
3406 3337 3573 3403 δεινὰ,
3606 3354 3747 3407 παρ-

2169 3436 2416 3507 ειμένους
2451 3434 2509 3488 δὲ
2544 3433 2670 3496 τοὺς
2707 3431 2966 3503 δεσμοὺς,
3001 3430 3218 3494 καὶτὰς
3252 3446 3316 3498 γε
3351 3428 3615 3500 βασάνους
3646 3427 3752 3480 αὐ-.

2166 3527 2264 3591 τὰς
2292 3525 2568 3590 ἐκλύτους,
2602 3524 2696 3579 καὶ
2722 3523 2819 3588 τὰς
2856 3522 3304 3596 προσφερομένας
3325 3520 3548 3585 καύσεις
3572 3522 3746 3592 ἀμαυ-

2169 3614 2455 3689 ρουμένας,
2486 3613 2582 3669 καὶ
2611 3613 2731 3668 οὐδὲ
2758 3612 2893 3683 πρὸς
2915 3611 3094 3681 ὀλίγον
3115 3612 3451 3679 ὀκλαζόντων
3477 3613 3577 3685 τὴν
3603 3613 3745 3684 παῤ-

2237 3790 2349 3862 (90)
2393 3790 2546 3862 Vulg.
2591 3789 2924 3862 ἐπέδωκας,
2967 3788 3191 3862 ἑαυτὴν
3217 3857 3229 3862 Α
3259 3786 3747 3862 ἐπερειδομένην.

2168 3857 2531 3918 Scribendum
2562 3870 2648 3916 est
2680 3857 3318 3982 σαυτῂνέπερειδομένη,
3359 3857 3512 3940 ειοης.
3552 3859 3605 3913 id
3654 3867 3741 3911 est

2168 3934 2387 3982 teiusam
2450 3930 2594 3982 ultro
2660 3931 2917 3982 obtulisti.
2968 3931 3010 3982 A
3041 3932 3174 3982 ludtt
3231 3928 3622 3982 Constantinus
3669 3928 3740 3982 ad

2168 3934 2387 3997 teipsant
2450 3930 2594 3984 ultro
2660 3928 2917 3985 obtulisti.
2968 3928 3177 3984 Alludit
3231 3928 3622 3983 COnstantinus
3650 3928 3740 3997 “ad

2169 3994 2899 4071 fortitudinemmartyrum,
2929 4000 3021 4068 qui
3052 4015 3111 4054 se
3134 3999 3275 4071 ultro
3307 3997 3579 4066 judicibus
3605 3994 3741 4051 olle-

2169 4072 2382 4135 rebant,
2417 4077 2472 4123 et
2502 4069 2569 4124 ad
2601 4069 2830 4122 mortem
2867 4084 2971 4122 non
3016 4069 3218 4132 coacti,
3254 4072 3348 4123 sed
3376 4079 3579 4137 sponte
3611 4079 3739 4137 συντ

2168 4141 2383 4195 rebant.
2407 4139 2568 4194 Certe
2594 4137 2884 4192 ἐπιδιδόναι
2916 4153 3021 4192 non
3050 4138 3251 4193 dicitur
3282 4137 3382 4192 nisi
3419 4135 3499 4191 ide
3538 4152 3604 4190 co
3647 4135 3745 4204 qui.

2168 4220 2359 4279 sponte
2382 4209 2583 4277 aliquid
2614 4206 2777 4279 facit;
2812 4218 2872 4261 ut
2897 4208 3067 4279 verbi
3089 4210 3263 4278 gratia
3291 4209 3358 4263 de
3389 4207 3614 4279 Christo
3642 4206 3746 4279 qui

2170 4274 2230 4334 se
2253 4294 2351 4334 sua
2384 4274 2583 4349 sponte
2604 4277 2827 4349 tradidit
2852 4292 2951 4348 pro
2992 4274 3167 4349 salute
3219 4277 3462 4349 generis.~
3489 4274 3736 4349 humani.

2172 4349 2313 4404 Male
2341 4345 2506 4420 igitur
2530 4345 3062 4420 Christopho'rsonus
3083 4345 3525 4420 Iruncvlocumjta
3556 4345 3745 4413 vertit,

2171 4415 2390 4487 teipsuni
2416 4418 2735 4487 adversariis
2755 4415 3067 4487 opposuisti.
3092 4415 3471 4487 COnjecturaut
3501 4427 3742 4487 nostram

2172 4481 2463 4543 conﬁrmat
2507 4488 2674 4540 codex
2698 4481 2861 4556 FiukL,
2898 4488 2950 4541 in
2991 4502 3101 4556 quo
3155 4481 3412 4542 scribitur
3461 4481 3742 4546 ἐπέδωκας

2172 4558 2403 4630 σεαυτὴν
2433 4555 2839 4630 έπερειδομένη.

563 4622 673 4697 (8i)
742 4619 874 4687 Πῶς
913 4621 990 4677 ἂν
1020 4620 1249 4692 ἁγναῖς.
1304 4620 1485 4674 Malim
1510 4619 1750 4675 scribere
1799 4621 1951 4685 ὅπως
2000 4621 2066 4676 ἂν

2242 4617 2371 4697 (91)’
2419 4617 3047 4697 Θνήτῶνζίδυὰσεϐῶκ
3082 4624 3330 4697 ὠμότης,
3400 4622 3738 4697 llnjus__loci

488 4693 704 4755 ἁγναῖς,
731 4700 836 4744 etc.

528 4708 839 4832 ngsi'ggi
890 4759 1115 4832 πάσαις
1159 4760 1290 4826 ταῖς
1345 4759 1718 4832 ᾀγιωιζάταις.
1763 4760 1903 4816 Ante
1951 4762 2064 4832 haec

488 4830 663 4884 verba
682 4831 972 4901 asteriscus
1003 4831 1053 4884 in
1080 4832 1322 4901 editione
1344 4830 1480 4901 Rob.
1512 4830 1767 4899 Stephani
1790 4831 2065 4901 appositus

489 4907 596 4962 est,
639 4915 746 4969 quo
786 4900 1060 4969 indicatur
1104 4900 1363 4955 nonnulla
1403 4900 1491 4955 hic
1532 4903 1721 4955 deesse
1752 4900 2064 4969 inscriptis

489 4967 912 5040 exemplaribus.
944 4967 1143 5023 Verum
1197 4970 1490 5040 asteriscos
1521 4971 1612 5040 qui
1664 4984 1693 5023 a
1738 4969 1878 5025 Rob.
1937 4967 2064 5027 Ste-

487 5039 685 5109 phano
715 5038 1003 5109 diligenter
1037 5041 1204 5093 notati
1253 5039 1494 5109 fuerant,
1539 5038 1808 5109 praecipue
1857 5041 1910 5094 in
1957 5040 2064 5096 line

488 5105 652 5177 hujus
672 5105 834 5171 libri,
857 5108 1023 5162 editio
1056 5108 1391 5163 Genevensis
1431 5105 1620 5164 omnes
1672 5105 1908 5164 sustulit.
1946 5110 2064 5166 Ca:-

491 5192 663 5249 terum
697 5179 801 5249 hoc
830 5177 944 5230 loco
972 5193 1142 5244 pauca
1167 5181 1383 5243 desunt,
1413 5194 1535 5249 qua:
1557 5180 1636 5233 sic
1696 5182 1937 5248 suppleo,
1980 5181 2064 5235 σοί

482 5246 659 5321 τεκαὶ
692 5246 902 5321 πάσαις
922 5250 1041 5311 ταῖς
1071 5249 1396 5321 άγιωτάταις
1430 5246 1522 5303 σου
1555 5246 1923 5321 Ἐκκλησίαις,
1952 5261 2059 5305 etc.

483 5318 795 5384 Alloquitur
815 5319 961 5388 enim
980 5319 1316 5388 religionem
1357 5318 1744 5374 Christianam.

554 5388 669 5459 (89)
717 5386 831 5442 Kal
890 5385 1131 5442 πεδίον-ἶ
1177 5390 1436 5459 Campum
1522 5390 1777 5459 intelligit
1842 5390 1894 5444 in
1955 5405 2061 5459 quo

486 5472 756 5530 martyres
813 5467 1057 5513 extremo
1120 5458 1384 5530 supplicio
1451 5458 1842 5516 efﬁciebantur.
1895 5458 2061 5516 Moris

481 5528 644 5582 enim'
670 5537 926 5585 erattqu
952 5531 1093 5600 apud
1120 5528 1375 5600 Graecos,
1419 5540 1530 5583 tum
1580 5531 1719 5598 apud
1759 5530 2058 5595 Romanos,

485 5612 543 5670 ut
573 5610 726 5654 cura
751 5607 936 5670 portas
973 5599 1237 5668 Supplicia
1268 5600 1555 5670 de‘uoxiis
1585 5608 1951 5670 statuerentur,
2001 5612 2061 5655 ut

482 5669 725 5735 pluribus
752 5667 938 5722 'notavi
989 5667 1289 5723 ad’Amm.
1350 5667 1738 5723 Marcellinum.
1791 5669 1946 5724 Unde
1992 5672 2057 5724 ad

481 5751 734 5810 catttpum
764 5738 887 5793 duci
919 5740 1244 5795 dicebantur
1277 5741 1424 5795 noxii
1478 5741 1589 5810 qui,
1624 5742 1694 5793 ad
1738 5741 2057 5810 supplicium

482 5807 844 5878 ducebantur.
933 5810 1024 5862 Sic
1081 5810 1420 5878 Augustinus
1475 5809 1528 5864 iu
1580 5809 1721 5866 libro
1784 5807 2059 5866 {contra

480 5877 753 5941 «putatam
786 5877 1149 5946 Parmenioni,
1175 5877 1298 5949 cap.
1327 5880 1380 5933 8.
1858 5880 1867 5887 ’

2172 4693 2609 4751 emendationem
2642 4695 2881 4750 feliciter
2920 4696 3051 4749 mihi
3082 4693 3269 4749 videor
3301 4693 3737 4763 deprehendisse.

2171 4767 2306 4821 Cutn
2337 4768 2483 4820 enim
2512 4775 2640 4821 ante
2676 4765 2790 4819 hate
2821 4764 2981 4819 verba
3008 4765 3213 4833 legatur
3242 4778 3343 4819 vox
3373 4764 3572 4829 πίστει,
3607 4766 3742 4816 dna-

2170 4835 2273 4891 bus
2301 4835 2505 4890 ultimis
2538 4834 2697 4903 huius
2729 4835 2975 4889 vocabuli
3030 4834 3227 4889 litteris
3270 4835 3519 4903 repetitis
3562 4833 3737 4903 locum

2171 4906 2245 4959 ita
2276 4907 2510 4975 restitui,
2548 4900 2648 4959 εἷθ’
2675 4906 2709 4975 ή
2743 4903 2851 4958 τῶν
2879 4903 3150 4957 euasi-:6th
3188 4900 3423 4975 ὠμότης,
3454 4914 3564 4975 etc.
3586 4901 3742 4975 l\_‘ih_il

2171 4979 2398 5029 certius.
2437 4971 2874 5043 Facessat'igitur
2908 4975 3221 5043 conjectura
3241 4971 3467 5043 'Gru’teri
3490 4983 3543 5043 et
3575 4971 3737 5025 Chri-

2170 5045 2540 5112 stophorsoni,
2586 5045 2677 5113 qui
2732 5041 2914 5113 legunt
2945 5041 3156 5114 θνητῶν
3204 5042 3263 5096 δὲ
3311 5041 3607 5114 δυσσεῆὦν,
3630 5050 3736 5114 etc.

2170 5110 2310 5180 Quis
2339 5116 2484 5184 enim
2534 5110 2677 5184 ferre
2719 5110 3082 5184 po'testhane
3136 5112 3503 5184 locutionem?
3553 5110 3740 5184 Coget;

2172 5179 2349 5238 tamen
2386 5181 2523 5238 Fuk.
2555 5179 2838 5237 lectionem
2870 5183 3013 5236 illam
3037 5180 3252 5236 Gruteri
3285 5181 3590 5235 cmtiirntat.
3628 5179 3736 5233 Sed

2165 5250 2460 5327 jamatttea
2494 5255 2802 5327 observavi,
2831 5253 3031 5308 multas
3056 5250 3526 5327 παραδιορθώσεις
3552 5252 3605 5305 in
3643 5251 3743 5305 illo

2169 5323 2357 5377 codice
2389 5323 2636 5389 reperiri.

2241 5392 2354 5461 (92)
2385 5388 2461 5445 Τὰ
2483 5390 2601 5444 τῶν
2624 5390 2891 5445 εὐσεϐῶν
2920 5389 3181 5460 σώματα.
3197 5388 3742 5461 Christophorsouus,

2173 5454 2419 5531 Scaliger
2462 5472 2516 5517 et
2561 5462 2651 5516 alii
2690 5472 2811 5527 post
2842 5462 2941 5515 has
2990 5454 3515 5531 vocgsaddunt'ﬁy
3557 5457 3747 5531 εἰδεῖν,

2170 5527 2621 5602 quemadmodum
2653 5533 2815 5585 etiam
2846 5531 3053 5602 inlibr.
3076 5529 3213 5585 Fuk.
3239 5544 3301 5584 ac
3329 5527 3511 5583 Morari
3539 5527 3738 5602 reperi.

2172 5597 2279 5656 Sed
2310 5602 2441 5654 nihil
2470 5617 2606 5670 opus
2629 5610 2715 5655 est
2743 5602 2830 5654 hic
2855 5601 3076 5666 addere,
3118 5614 3240 5670 cum
3271 5597 3609 5670 praecesserit
3632 5611 3742 5670 vox

2170 5664 2588 5742 θεωμένους,ὀό
2613 5684 2772 5742 quam
2805 5670 2920 5724 haec
2935 5664 3125 5742 omnia
3157 5664 3348 5742 referri
3379 5668 3595 5742 debent.
3632 5664 3740 5742 Fat

2171 5734 2295 5810 teor'
2319 5734 2495 5793 tamen
2541 5734 2724 5810 magis
2765 5741 3105 5810 perspicuam
3159 5738 3277 5795 fore
3327 5737 3655 5803 orationem,
3687 5734 3748 5795 εἰ

2170 5809 2270 5866 has
2305 5824 2468 5866 voces
2490 5809 2784 5865 addideris.
2896 5809 2909 5810 ί
3600 5812 3617 5835 ‘
