4176 6386
455 386 597 444 1505

1231 380 1697 440 CONSTAN'I'INI
1729 380 1991 439 ORATIO
2030 382 2124 438 AD
2163 382 2593 442 SANCTORUM
2626 382 2924 441 C(ETUM.

3560 385 3703 443 1508

450 503 665 577 ρησίαν.
700 500 765 555 Τί
807 495 901 555 οὖν
941 498 1115 554 ταῦτα
1159 494 1373 570 τολμῶν
1420 494 1657 570 ὤνησας,
1685 493 1730 551 ὦ
1760 498 2018 552 δυσσεϐέ-

2122 501 2353 556 stinctas
2382 516 2504 573 quae
2531 501 2966 557 admovebantur
3014 498 3261 558 ﬂammas
3294 519 3312 554 ι
3355 514 3543 560 contra
3573 520 3705 561 vero

449 608 611 648 στατε
629 589 761 662 (93);
781 590 845 644 Τί
866 591 923 644 δὲ
943 590 1002 644 τὸ
1022 590 1193 644 αἴτιον
1210 588 1310 659 τῆς
1331 587 1640 651 ἐκστάσεως
1659 587 1767 641 τῶν
1789 587 2021 659 φρενῶνς

458 684 635 755 Ἐρεῖς
661 683 743 736 ὅτι
769 681 857 734 διὰ
882 680 981 753 τὴν
1004 680 1139 752 πρὸς
1163 680 1292 743 τοὺς
1314 678 1473 742 θεοὺς
1499 679 1666 751 τιμήν
1686 693 1700 707 ⁶
1729 679 1882 742 τίνας
1902 679 2023 732 τού-

445 792 610 841 τους·;
640 775 714 829 Ἢ
742 774 903 829 ποίαν
945 775 1067 828 τινὰ
1107 774 1205 846 τῆς
1237 772 1389 837 θείας
1435 772 1650 844 φύσεως
1690 773 1847 839 ἀξίαν
1884 775 2022 845 λαμ-

447 866 632 929 ϐάνεις
657 865 898 929 ἔννοιανς
948 865 1228 936 Ὀργίλους
1271 866 1379 937 ὴγῇ
1408 864 1551 919 κατὰ
1595 865 1656 918 σὲ
1693 867 1822 929 τοὺς
1867 865 2024 930 θεοὺς

445 953 586 1011 εἶναι
609 974 624 1021 ;
650 958 713 1010 Εί
741 957 784 1011 δ’
812 954 903 1011 οὖν
926 952 1066 1028 ἦσαν
1091 954 1343 1020 τοιοῦτοι,
1366 958 1532 1028 ὲχρῆν
1558 956 1858 1028 θαυμάζειν
1889 958 2023 1029 μᾶλ-

444 1047 536 1103 λον
566 1047 745 1104 αὐτῶν
773 1047 870 1119 τὴν
903 1047 1219 1120 προαίρεσιν
1240 1087 1255 1111 ,
1283 1048 1316 1119 ἢ
1354 1047 1673 1118 πειθαρχεῖν
1721 1051 1832 1112 τοῖς
1872 1052 2023 1103 ἀναι-

444 1138 558 1194 δέσι
587 1139 1000 1211 προστάγμασι,
1031 1139 1252 1193 δικαίων
1277 1139 1482 1211 ἀνδρῶν
1518 1141 1732 1210 σφαγὰς
1760 1140 1871 1208 (94)
1903 1142 2021 1195 ἁδί-

446 1247 557 1293 κως
580 1231 916 1302 ἐπαράντων.
959 1232 1134 1301 Ἐρεῖς
1169 1229 1298 1293 ἴσως
1324 1230 1414 1283 διὰ
1444 1229 1515 1283 τὰ
1545 1231 1650 1283 ὑπὸ
1681 1229 1793 1285 τῶν
1815 1233 2022 1300 προγό-

445 1338 552 1376 νων
576 1321 895 1394 νομισθέντα
938 1323 1033 1375 καὶ
1078 1321 1174 1393 τὴν
1209 1321 1318 1375 τῶν
1368 1319 1667 1393 ἀνθρώπων
1712 1321 1977 1392 ὑπόληψιν
2002 1341 2015 1354 ·

448 1412 732 1484 συγχωρῶ.
764 1414 872 1465 Καὶ
905 1414 1012 1484 γάρ
1040 1415 1155 1466 ἐστι
1202 1411 1556 1484 παραπλήσια
1580 1414 1693 1475 τοῖς
1721 1412 2021 1483 δρωμένοις

444 1502 516 1555 τὰ
539 1501 865 1573 νομιζόμενα
886 1543 900 1565 ,
937 1505 1064 1573 μιᾶς
1090 1520 1149 1556 τε
1182 1503 1276 1556 καὶ
1318 1503 1417 1574 τῆς
1457 1503 1628 1572 αὐτῆς
1672 1503 2015 1574 ἀφροσύνης·

445 1593 628 1665 ᾠήθης
654 1593 782 1657 ἴσως
808 1590 947 1647 εἷναί
972 1612 1094 1648 τινα
1122 1593 1349 1665 δύναμιν
1393 1592 1668 1664 ἐξαίρετον
1697 1595 1755 1647 ὲν
1777 1597 1890 1655 τοῖς
1916 1592 2021 1647 ὑπὸ

427 1685 708 1740 ’τεκτόνων
754 1686 846 1738 καὶ
888 1684 1233 1755 δημιουργῶν
1280 1685 1701 1755 ὲσκευασμένοις
1740 1684 2021 1756 ἀνθρωπο-

447 1775 674 1846 μόρφοις
696 1791 711 1806 ·
748 1774 1022 1847 τοιγάρτοι
1057 1778 1338 1845 περιεῖπες
1383 1773 1555 1827 ταῦτα
1576 1814 1590 1837 ,
1622 1775 1803 1827 πᾶσαν
1833 1771 2019 1826 ποιού-

2125 591 2383 647 invictam
2408 593 2772 648 constantiam
2798 607 2861 646 ac
2886 592 3193 648 libertatem
3248 594 3485 663 piorum,
3518 598 3606 666 qui
3640 612 3706 652 ne

2126 682 2389 737 tantulum
2418 684 2637 752 quidem
2663 684 2729 737 de
2748 686 2915 752 gradu
2950 698 3056 739 suo
3082 684 3521 742 dimovebantur.
3553 687 3706 744 Talia

2125 772 2288 843 igitur
2320 788 2609 843 aggressus
2639 774 2770 844 quid
2795 773 3102 843 profecisti,
3130 777 3374 831 omnium
3419 778 3703 833 hominum

2124 864 2641 933 impiissimeiQum
2699 865 2925 932 malum,
2988 881 3155 922 causa
3198 867 3299 922 fuit
3347 868 3549 924 furoris
3581 868 3706 926 tui?

2124 956 2290 1027 599
2317 956 2476 1013 Dices
2511 955 2770 1021 fortasse,
2801 957 2855 1011 in
2886 959 3149 1013 honorem
3176 958 3401 1014 deorum
3430 961 3542 1014 haec
3577 975 3605 1014 a
3639 968 3695 1017 te

2121 1057 2296 1117 gesta.
2353 1047 2423 1100 At
2461 1061 2694 1115 quorum
2740 1048 3000 1103 deorum?
3056 1050 3164 1103 Aut
3215 1064 3376 1119 quam
3424 1051 3696 1107 notionem

2120 1137 2361 1193 divinam
2391 1137 2609 1207 dignam
2665 1147 2861 1191 natura
2898 1138 3080 1193 animo
3112 1140 3451 1208 concepisti?
3530 1156 3698 1196 eosne

2120 1230 2342 1298 perinde
2369 1237 2532 1299 atque
2562 1240 2617 1283 te
2646 1229 2931 1284 iracundos
2963 1246 3084 1286 esse
3118 1233 3519 1291 existimabasl
3546 1233 3696 1300 Quod

2120 1320 2165 1373 si
2201 1319 2336 1374 tales
2361 1328 2537 1379 erant.
2572 1334 2761 1374 eorum
2794 1321 2972 1390 potius
3010 1324 3294 1378 consilium
3318 1325 3502 1378 mirari
3526 1339 3702 1391 opor-

2122 1406 2286 1485 tebat,
2318 1423 2482 1477 quam
2515 1408 2920 1477 impudentibus
2970 1413 3242 1467 mandatis
3270 1414 3466 1480 quibus
3517 1413 3697 1484 justos

2121 1497 2267 1553 viros
2289 1499 2489 1567 injuste
2513 1500 2775 1554 trucidari
2835 1499 3120 1569 iubebant,
3151 1504 3545 1573 obtemperare.
3592 1503 3699 1559 Sed

2121 1587 2260 1644 forte
2304 1589 2476 1653 dices,
2542 1598 2595 1644 te
2648 1590 2718 1644 ob
2767 1589 3014 1645 instituta
3066 1590 3357 1659 majorum,
3396 1601 3452 1646 et
3483 1602 3703 1661 propter

2119 1677 2399 1731 hominum
2448 1678 2765 1745 opinionem
2814 1680 2914 1735 ista
2970 1681 3227 1750 gessisse.
3263 1681 3511 1751 Ignosco.
3563 1683 3703 1737 Sunt

2120 1769 2265 1823 enim
2317 1769 2568 1825 instituta
2633 1769 2747 1835 illa,
2791 1771 2878 1826 his
2918 1787 3039 1840 qum
3081 1789 3111 1828 a
3162 1784 3215 1828 te
3252 1784 3518 1843 geruntur
3538 1774 3705 1829 simil-

449 1884 607 1938 μενος
652 1865 996 1936 ἐπιμέλειαν,
1024 1865 1171 1928 ὅπως
1203 1866 1274 1936 μή
1311 1881 1441 1917 ποτε
1485 1863 1812 1934 ρυπωθεῖεν,
1868 1864 2021 1934 μεγί-

2122 1858 2270 1925 lima,
2304 1867 2360 1914 et
2388 1874 2456 1914 ex
2492 1860 2653 1916 unius
2678 1859 3035 1930 ejusdemque
3073 1864 3361 1934 imperitia:
3402 1866 3552 1919 fonte
3590 1882 3706 1919 ma-

446 1974 585 2010 στων
617 1958 711 2010 καὶ
736 1956 1025 2028 ὲξαιρέτων
1061 1955 1198 2011 θεῶν
1228 1955 1573 2028 ἀνθρωπίνης
1599 1955 1863 2027 δεομένων
1891 1957 2012 2008 ἑπι-

447 2042 667 2114 μελείας
694 2042 933 2116 [εἴδωλα]
968 2043 1102 2114 (95).

2119 1951 2322 2005 nantia.
2354 1950 2688 2008 Existimasti
2711 1951 2896 2009 forsan
2928 1955 3185 2010 eximiam
3215 1957 3704 2025 quamdaminesae

2121 2042 2228 2095 vim
2259 2049 2419 2111 atque
2444 2043 2719 2109 virtutem,
2751 2044 2803 2099 iu
2830 2046 3140 2100 simulacris
3179 2062 3209 2100 a
3252 2046 3422 2102 fabris
3472 2057 3524 2101 et
3563 2050 3698 2102 artiv

447 2139 643 2194 licibus
703 2139 945 2193 humana
1008 2138 1180 2208 elligie
1217 2139 1486 2198 formatis.
1542 2139 1749 2193 Idcirco
1790 2138 1952 2205 igitur
2001 2150 2064 2190 ea
2105 2135 2351 2201 colebas,
2413 2150 2681 2191 summam
2732 2138 2994 2194 adhibens
3047 2156 3234 2196 curam
3298 2156 3364 2197 ac
3426 2141 3697 2197 sollicitu-

444 2229 648 2295 dinem,
675 2245 742 2285 ne
771 2231 1021 2286 sordibus
1050 2231 1484 2299 lnquinarenlur.
1516 2232 1693 2302 Magni
1719 2230 1930 2286 scilicet
1960 2244 2025 2284 ac
2050 2222 2303 2298 prmcipui
2325 2227 2397 2282 dii
2422 2228 2702 2284 hominum
2737 2246 2866 2285 cura
2899 2231 3160 2299 indigent.

952 2329 1344 2381 ΚΕΦΑΛΑΙΟΝ
1378 2329 1504 2383 ΚΓ.

447 2415 585 2485 Περὶ
607 2415 722 2484 τῆς
754 2416 872 2471 τῶν
897 2418 1268 2486 Χριστιανῶν
1291 2420 1593 2485 πολιτείας
1610 2436 1623 2450 ·
1654 2417 1749 2472 καὶ
1776 2419 1864 2470 ὅτι
1893 2416 2022 2485 χαί-

507 2504 599 2554 per
628 2486 750 2553 τοῖς
772 2488 841 2540 ἐν
871 2487 1055 2557 ἀρετῇ
1081 2488 1290 2551 βιοῦσι
1316 2489 1383 2542 τὸ
1409 2490 1589 2552 θεῖον,
1622 2490 1718 2543 καὶ
1752 2488 1869 2557 χρὴ
1892 2486 2018 2556 κρί-

513 2571 614 2610 σιν
641 2555 988 2624 προσδοκᾶν
1018 2555 1114 2611 καί
1144 2559 1574 2615 ἀνταπόδοσιν.

526 2647 872 2713 Ἀντεξέταζε
896 2650 994 2720 τὴν
1020 2649 1296 2721 ἡμετέραν
1322 2651 1616 2723 θρησκείαν
1643 2650 1776 2721 πρὸς
1806 2648 1874 2702 τὰ
1895 2647 2022 2719 ὑμέ-

444 2754 597 2809 τερα.
631 2740 744 2792 Οὐκ
777 2740 1007 2794 ἐνταῦθα
1034 2744 1151 2812 μὲν,
1190 2742 1409 2814 ὁμόνοια
1443 2742 1638 2814 γνησία
1666 2742 1761 2795 κει).
1789 2741 2021 2813 διαρκὴς

445 2830 838 2902 φιλανθρωπία,
866 2831 1085 2904 ἔλεγχος
1106 2834 1163 2887 δὲ
1190 2835 1527 2905 πταίσματος
1544 2874 1559 2897 ,
1590 2833 1891 2898 νουθεσίαν,
1918 2833 2018 2886 οὐκ

444 2923 663 2996 ὄλεθρον
689 2924 890 2995 φέρων,
910 2924 1206 2997 θεραπείαν
1233 2926 1290 2979 δὲ
1319 2924 1542 2995 (96)οὐκ
1556 2927 1853 2999 ὠμότητος,
1876 2925 2009 2980 ἀλλὰ

447 3015 739 3087 σωτηρίας,
766 3016 862 3068 καὶ
891 3016 1073 3069 πίστιν
1089 3017 1352 3088 είλικρικιῆ
1377 3016 1508 3089 (97),
1531 3017 1747 3090 πρῶτον
1770 3032 1869 3087 μεν
1884 3014 2018 3088 πρὸς

2675 2325 2905 2381 CAPUT
2945 2325 3142 2381 XXIII.

2121 2414 2200 2469 De
2246 2414 2669 2491 Christianorum
2706 2418 2962 2471 institutis
2997 2433 3017 2471 :
3047 2428 3095 2470 et
3143 2418 3284 2491 quod
3334 2417 3470 2491 Deus
3520 2421 3699 2491 diligit

2190 2501 2277 2538 eos
2309 2485 2398 2557 qui
2427 2486 2678 2557 uirtutem
2707 2497 2975 2539 sectantur
3001 2503 3020 2541 :
3057 2496 3103 2540 et
3141 2487 3280 2553 quod
3335 2487 3598 2557 judicium
3620 2485 3697 2546 'ac

2194 2556 2590 2608 retributionem
2618 2572 2827 2623 sperare
2849 2567 3070 2622 oportet.

2195 2643 2396 2699 Confer
2416 2645 2460 2699 si
2527 2644 2706 2715 placet
2750 2647 3069 2716 religionem
3106 2657 3347 2703 nostram
3415 2665 3539 2705 cum
3587 2653 3696 2707 tuis

2122 2735 2336 2792 ritibus.
2384 2735 2573 2792 Nonne
2624 2737 2766 2804 apud
2828 2754 2929 2793 nos
2982 2741 3221 2809 quidem,
3265 2756 3522 2810 germana
3560 2757 3695 2799 eon-

2118 2828 2304 2883 cordla
2344 2838 2400 2882 et
2448 2839 2710 2898 perpetua
2775 2828 3135 2886 humanitas?
3186 2846 3370 2887 nonne
3424 2834 3564 2902 apud
3598 2848 3698 2887 nos

2119 2920 2475 2988 reprehensio
2503 2919 2677 2989 culpa:
2701 2929 2786 2975 est
2820 2921 3113 2988 ejusmodi,
3152 2936 3273 2991 qua:
3301 2924 3697 2980 correctionem

2124 3009 2335 3074 aII'erat,
2375 3026 2479 3065 non
2506 3010 2803 3079 perniciem
2842 3028 2856 3065 :
2886 3022 2941 3065 et
2975 3014 3187 3069 curatio
3216 3029 3338 3083 quae
3368 3018 3432 3069 ad
3457 3017 3694 3070 salutem

443 3104 537 3159 τὸν
559 3104 712 3168 Θεὸν,
732 3105 920 3159 ἔπειτα
942 3105 998 3159 δὲ
1027 3106 1120 3160 καὶ
1148 3107 1284 3179 πρὸς
1312 3108 1410 3177 τὴν
1431 3106 1664 3178 φυσικὴν
1686 3107 1792 3160 τῶν
1813 3103 2017 3177 ἀνθρώς

2119 3100 2387 3169 proﬁciat,
2442 3116 2547 3154 non
2612 3101 2681 3167 ad
2733 3102 3150 3158 crudelitatem?
3186 3103 3377 3160 Nonne
3417 3107 3556 3176 apud
3592 3122 3699 3161 nos

445 3217 560 3252 πων
583 3199 885 3261 κοινωνίαν,
914 3198 1060 3263 ἔλεος
1090 3199 1147 3252 δὲ
1173 3199 1280 3252 τῶν
1305 3197 1397 3262 οὓς
1429 3198 1764 3269 ἐπολέμησεν
1792 3199 1825 3268 ή
1853 3197 2015 3268 τύχη,

444 3288 647 3350 ἁπλοῦς
672 3288 727 3341 δὲ
762 3288 876 3358 βίος
897 3328 911 3351 ,
947 3290 1038 3343 καὶ
1080 3290 1141 3342 οὐ
1176 3288 1392 3361 ποικίλῃ
1434 3288 1542 3341 τινί
1583 3285 1886 3358 πανουργίᾳ
1923 3285 2021 3357 τὴν

444 3380 707 3451 πονηρίαν
749 3380 1283 3451 ὲπικαλυπτόμενος,
1316 3378 1410 3433 τοῦ
1461 3397 1520 3433 τε
1564 3379 1733 3442 ὅντως
1762 3377 1898 3431 Θεοῦ
1927 3378 2021 3431 καὶ

441 3473 541 3542 τῆς
570 3472 863 3543 μοναρχίας
886 3470 1117 3541 γνῶσις;
1145 3471 1275 3525 Ἦδε
1302 3471 1448 3525 ἐστὶν
1472 3469 1688 3540 ἀληθῶς
1718 3468 2017 3532 θεοσέϐεια,

441 3562 539 3631 ἥδε
565 3563 858 3636 εἰλικρινὴς
893 3564 1189 3637 θρησκεία,
1221 3564 1255 3633 ἡ
1284 3562 1564 3627 παντελῶς
1595 3563 1858 3633 ἄχραντος
1882 3578 1895 3591 ·
1930 3553 2021 3614 οὗ·

442 3669 537 3717 τος
567 3653 791 3726 ἔμφρων
833 3654 945 3725 βίος
967 3670 980 3685 ·
1004 3655 1062 3708 ὃν
1094 3655 1142 3709 oi
1175 3654 1468 3727 μετιόντες,
1502 3652 1579 3717 ὡς
1608 3652 1695 3706 διὰ
1746 3651 2020 3723 λεωφόρου

445 3746 652 3815 σεμνῆς
681 3762 826 3810 τινος
854 3747 947 3800 ἐπὶ
964 3747 1054 3800 τὸν
1080 3746 1300 3800 ἀένναον
1324 3744 1644 3816 πορεύονται
1668 3743 1780 3814 βίον
1802 3760 1817 3774 ο
1847 3743 2022 3807 οὐδεὶς

443 3834 554 3905 ¹γὰρ
584 3835 720 3899 ὅλως
748 3835 990 3907 τελευτᾷ,
1016 3837 1044 3890 ὁ
1066 3836 1155 3890 τὸν
1179 3834 1417 3889 τοιοῦτον
1451 3834 1852 3907 ἐνστησάμενος
1885 3834 2019 3904 βίον,

445 3922 763 3994 καθαρεύων
797 3941 857 3977 τε
883 3926 982 3997 τὴν
1013 3924 1190 3995 ψυχὴν
1221 3923 1328 3977 ἀπὸ
1366 3921 1461 3978 τοῦ
1503 3922 1781 3994 σώματος*
1824 3922 2023 3993 πληροῖ

444 4010 502 4075 δὲ
534 4014 730 4085 μᾶλλον
771 4015 871 4086 τὴν
900 4015 1327 4085 προσταχθεῖσαν
1372 4013 1521 4085 αὐτῷ
1560 4013 1744 4067 θεόθεν
1779 4012 2023 4085 λειτουρ-

444 4103 570 4173 γίαν
588 4143 604 4169 ,
632 4103 666 4177 ἢ
704 4102 1061 4174 ἀποθνήσκει·
1099 4106 1127 4157 ὁ
1154 4104 1346 4176 γάρτοι
1374 4104 1464 4157 τὸν
1494 4103 1625 4156 Θεὸν
1663 4102 2020 4176 ὁμολογήσας,

441 4196 504 4248 οὐ
531 4195 738 4265 γίνεται
784 4195 1061 4267 πάρεργον
1111 4194 1318 4267 ὕϐρεως
1349 4195 1461 4267 (98)
1498 4195 1618 4250 οὐδὲ
1659 4193 1860 4265 θυμοῦ,
1904 4194 2022 4253 ἀλλ’

515 4391 626 4464 (95)
651 4389 719 4446 Ὦ
766 4392 1235 4449 δυσσεϐέστατε.
1267 4393 1569 4460 Alloquitur
1598 4408 1763 4464 unum
1794 4409 1859 4447 ex
1896 4408 2017 4461 per-

2118 3193 2329 3248 sincera
2382 3192 2535 3257 fides,
2564 3194 2798 3263 primum
2833 3194 3050 3264 quidem
3082 3210 3210 3264 erga
3251 3195 3419 3250 Deum
3453 3215 3465 3249 :
3495 3198 3695 3254 deinde

2119 3299 2249 3339 vero
2279 3298 2408 3354 erga
2436 3284 2739 3338 naturalem
2783 3285 3063 3339 hominum
3113 3286 3473 3359 societatem?
3507 3286 3702 3344 Nonne

2118 3373 2257 3442 apud
2283 3388 2379 3427 nos
2408 3374 2784 3428 misericordia
2814 3390 2944 3444 erga
2971 3389 3066 3430 eos
3094 3390 3231 3445 quos
3276 3374 3509 3431 fortuna:
3551 3377 3698 3433 cala-

2121 3464 2280 3518 mitas
2330 3464 2709 3534 oppresserit?
2764 3464 2957 3521 Nonne
2995 3466 3107 3519 vita
3153 3466 3585 3537 simplex,-nullo
3619 3468 3698 3522 si-

2119 3556 2433 3612 mulationis
2457 3556 2584 3611 fuco
2614 3556 2883 3612 occultam
2932 3566 3121 3627 tegens
3182 3557 3698 3627 improbitatem;er

2120 3650 2238 3704 veri
2262 3660 2426 3719 atque
2479 3650 2639 3704 unius
2669 3648 2763 3703 Dei
2810 3659 3009 3704 cuncta
3049 3650 3383 3705 moderantis
3420 3652 3704 3722 cognitio?

2119 3738 2244 3794 Ilaec
2273 3753 2355 3794 εει
2378 3755 2505 3795 vera
2535 3740 2746 3810 pietas;
2785 3740 2899 3794 haec
2924 3740 3132 3811 integra
3161 3749 3326 3809 atque
3379 3742 3697 3811 incorrupta

2122 3833 2330 3903 religio.
2400 3832 2524 3887 Ilaec
2587 3832 2998 3902 sapicntissima
3047 3832 3258 3888 vivendi
3319 3834 3699 3904 ratio;quam

2120 3923 2212 3991 qui
2242 3922 2476 3992 amplexi
2501 3932 2649 3987 sunt,
2679 3933 2939 3991 tanquam
2967 3933 3197 3992 augusta
3258 3922 3490 3991 quadam
3516 3921 3598 3975 via
3626 3921 3701 3975 ad

2122 4022 2382 4069 mternam
2418 4015 2581 4067 vitam
2610 4014 2860 4068 tendunt.
2890 4012 3061 4068 Nemo
3098 4013 3242 4068 enim
3270 4015 3360 4084 qui
3388 4011 3698 4082 huiusmodi

2121 4107 2332 4161 vivendi
2361 4108 2624 4162 rationem
2657 4107 2861 4170 inierit,
2886 4117 2941 4163 et
2982 4108 3073 4177 qui
3113 4109 3349 4161 animum
3394 4107 3589 4162 habeat
3628 4106 3703 4161 ab

2122 4200 2268 4255 omni
2330 4199 2575 4267 corporis
2623 4200 2747 4253 labe
2811 4211 3121 4269 purgatum,
3172 4200 3402 4253 moritur
3429 4198 3692 4262 omnino;

2122 4395 2212 4468 sit.
2251 4394 2439 4468 Potest
2460 4395 2623 4468 etiam
2650 4394 2752 4465 legi
2773 4394 3043 4468 θεραπεία
3067 4404 3226 4468 τε,γει
3260 4393 3421 4461 paqu
3448 4403 3570 4462 post
3599 4391 3703 4455 καὶ

447 4465 809 4537 secutoribus,
843 4464 1197 4537 Maximinum
1247 4465 1476 4537 scilicet,
1522 4472 1582 4537 ut
1620 4474 1704 4537 est
1739 4463 1802 4537 _in
1855 4465 2007 4516 titqu
2040 4477 2042 4528 ς

2119 4466 2296 4537 πίστις
2324 4465 2644 4537 εἰλικρινής,
2674 4463 2737 4519 ac
2764 4463 3003 4537 fortasse
3029 4467 3250 4537 rectius.

450 4533 865 4619 Ιιιιῇιιερέξρίιξε..
882 4535 978 4588 Hic
1003 4535 1145 4588 enim
1178 4534 1449 4589 crudelius
1472 4542 1527 4587 et
1569 4532 1819 4587 infestius
1844 4548 2008 4602 quam

450 4603 636 4656 t'mleri
669 4603 1006 4658 Christianos
1036 4616 1353 4658 persecutus
1383 4613 1486 4656 est.

516 4671 628 4743 (94)
645 4672 911 4743 Amatur
944 4669 1177 4740 ἀνδρῶν
1204 4672 1461 4743 σφαγάς.
1487 4671 1841 4727 Scrihendum
1866 4669 2015 4727 vide-

445 4741 536 4865 tur
560 4742 700 4865 222?);
718 4741 963 4808 δικαίων,
987 4752 1116 4809 etc.,
1165 4741 1267 4799 nisi
1324 4741 1574 4800 tuendum
1622 4754 1705 4798 est
1750 4743 1801 4797 in
1849 4744 2015 4798 verbo

478 4828 551 4865 πα
627 4828 787 4865 ντων.

478 4828 551 4865 πα
560 4828 764 4865 οαντων
772 4849 787 4863 .

519 4881 633 4950 (95)
672 4882 1049 4951 Ἐπιμελείας
1077 4881 1314 4939 εἴδωλα.
1346 4883 1576 4937 Delenda
1612 4892 1696 4937 est
1739 4893 2013 4953 postrema

446 4967 573 5015 vox,
601 4967 762 5021 quam
808 4950 1358 5019 Clu-istophorsonus.
1393 4954 1632 5022 Scaliger
1667 4950 2012 5008 et'Gruterus

446 5037 728 5090 perperam
755 5022 1089 5088 adjecerunt.
1122 5024 1371 5077 Eamdem
1399 5040 1583 5077 vocem
1625 5025 1679 5079 in
1712 5024 1836 5077 libr.
1878 5036 2014 5090 quo-

446 5107 556 5160 que
584 5091 792 5146 Fuketii
836 5103 889 5146 et
943 5091 1123 5146 Μοτωί
1177 5092 1440 5158 adjectum
1490 5094 1691 5148 iuveni.
1733 5092 1838 5147 Sed
1881 5091 2012 5145 nihil

445 5176 663 5217 necesse
683 5170 993 5227 est;tantnm
1017 5171 1135 5228 post
1157 5179 1339 5232 vocetur
1366 5160 1684 5232 ρυπωθεῖεν,
1703 5161 2013 5232 apponcnda

447 5241 568 5287 erat
594 5233 821 5301 virgula.
851 5232 1027 5299 Atque
1060 5230 1404 5301 itaJuannes
1434 5234 1708 5288 Portesius
1749 5233 1889 5286 hunc
1933 5230 2015 5284 Io-

446 5316 573 5371 cum
604 5300 855 5368 accepit;
892 5303 982 5370 qui
1034 5300 1277 5369 profecto
1322 5301 1531 5355 felicius
1571 5318 1732 5371 quam
1764 5300 2010 5357 Christo-

446 5370 756 5439 phorsonus
797 5372 912 5426 haec
958 5373 1347 5439 interpretatus
1374 5382 1459 5424 est
1491 5372 1542 5424 in
1574 5370 1715 5426 hunc
1745 5371 1958 5425 modum
1995 5388 2009 5424 :

449 5439 636 5508 Omnis
660 5439 759 5495 illa
784 5458 913 5494 cura
938 5450 1052 5504 tua,
1082 5457 1233 5494 omne
1262 5443 1498 5493 studium
1544 5459 1605 5494 ne
1633 5443 1877 5495 sordibus
1910 5457 2012 5508 op-

457 5507 739 5580 plerentur.
773 5509 863 5564 Ita
894 5511 1071 5579 magni
1107 5511 1447 5580 primariique
1471 5513 1545 5563 dii
1578 5514 1809 5564 humana
1841 5527 1894 5565 se
1920 5507 2015 5580 cpe

444 5579 810 5651 sustiuebant;
858 5579 1018 5651 istam
1057 5579 1387 5650 diligentiam
1443 5582 1793 5651 requirebant.
1837 5579 2017 5650 Atque

446 5648 520 5703 ita
547 5648 712 5701 etiam
744 5648 1039 5703 Musculus.

517 5716 632 5786 (96)
667 5719 997 5786 Θεραπείαν
1035 5719 1137 5791 6‘s.
1158 5717 1302 5789 Lego
1349 5718 1645 5791 θεραπείαν
1693 5736 1773 5773 τε.
1806 5718 2017 5774 Subau-

443 5786 591 5844 ditur
620 5798 798 5845 autem
830 5791 1049 5847 verbum
1074 5786 1259 5862 φέρων
1285 5786 1428 5861 quod
1452 5792 1608 5862 paulo
1631 5803 1755 5847 ante
1789 5804 2017 5863 princes-

2186 4536 2299 4606 (97)
2329 4536 2439 4589 Καὶ
2468 4535 2698 4589 πίστιν
2721 4535 3037 4606 εἰλικρινῆ.
3074 4535 3309 4606 Apparet
3349 4548 3417 4606 ex
3459 4546 3697 4606 sequena

2119 4601 2292 4668 tibus,
2320 4606 2665 4660 scribendum
2695 4620 2816 4659 esse
2841 4601 3102 4669 διάθεσιν,
3123 4601 3219 4655 vel
3259 4602 3520 4673 ἀγάπην.Δ
3551 4601 3693 4673 Cha-

2118 4677 2253 4730 ritas
2281 4677 2423 4729 enim
2454 4676 2683 4741 primum
2711 4675 2926 4743 quidem
2958 4690 3085 4743 erga
3141 4670 3313 4727 Deum
3340 4670 3445 4736 est,
3491 4670 3698 4726 deinde

2115 4762 2243 4811 erga
2277 4746 2604 4813 proximum.
2628 4743 2787 4798 Fides
2813 4760 2940 4797 vero
2966 4760 3072 4798 non
3097 4753 3179 4797 est
3208 4744 3310 4797 nisi
3341 4744 3393 4797 in
3414 4757 3591 4813 unum
3624 4756 3693 4797 ac

2117 4808 2509 4870 Soluni'Deum.
2539 4814 2726 4883 Itaque
2757 4814 2939 4868 πίστιν
2980 4814 3068 4868 hic
3111 4813 3255 4883 nullo
3305 4812 3462 4866 modo
3488 4826 3689 4883 convea

2117 4901 2234 4938 iure
2262 4893 2457 4951 potest.
2495 4881 2653 4937 Adde
2677 4887 2817 4951 quin]
2843 4900 2964 4938 cum
2992 4884 3094 4938 hoc
3127 4882 3244 4936 loco
3267 4894 3460 4952 agatur
3495 4882 3560 4934 de
3583 4881 3693 4952 obs

2111 4949 2443 5022 jurgatione,
2474 4949 2716 5007 Charitas
2741 4954 2943 5021 Optime
2967 4955 3238 5023 congruit.
3267 4949 3397 5005 Nam
3424 4949 3684 5023 benev_ola

2114 5019 2418 5091 olijurgatio
2462 5039 2525 5076 ac
2574 5019 2945 5089 reprehensio,
2983 5019 3308 5076 Chai-itarem
3365 5022 3527 5091 parit.
3570 5019 3693 5091 Sed

2114 5088 2341 5165 prfnstat
2358 5088 2769 5165 hiclegere‘u‘t
2787 5088 2967 5165 πίστις
2992 5093 3311 5165 εἰλικρινής,
3329 5088 3522 5165 utjam
3550 5088 3685 5165 dixi.

2115 5157 2290 5231 Atque
2332 5164 2402 5216 ita
2453 5157 2578 5232 legit
2631 5161 2930 5231 Masculus,
2970 5166 3113 5217 sicut
3138 5157 3523 5218 'ex'versione
3568 5157 3693 5227 ejus

2115 5242 2356 5286 armaret.

2428 5302 2658 5382 γίνεται
2699 5299 3288 5382 πάρεργον..ὕϐριιξιιρςἶ
3330 5299 3459 5382 Qua:
3497 5296 3569 5352 sit
3599 5296 3687 5382 vis

2117 5372 2613 5440 hujus’lucutionis,
2648 5373 2703 5424 in
2748 5372 3115 5440 superioribus
3168 5373 3321 5425 libris
3367 5372 3684 5424 observavi-

2115 5459 2257 5496 mus.
2285 5441 2415 5495 Nam
2444 5442 2765 5509 interpretes
2789 5457 3007 5497 sensum
3052 5442 3271 5495 minime
3298 5446 3685 5506 assequuntur,

2116 5512 2259 5579 quod
2288 5525 2467 5565 tamen
2499 5512 2655 5564 facile
2680 5521 2795 5565 erat
2827 5512 2931 5566 hoc
2974 5511 3114 5565 loco.
3152 5509 3689 5579 Christophorsonus

2115 5584 2332 5652 quidem
2358 5583 2429 5634 ita
2460 5583 2642 5643 vertit,
2670 5581 2760 5651 qui
2791 5584 2955 5652 Deum
2982 5582 3203 5649 ingenue
3243 5578 3543 5652 conﬁtetur,
3578 5589 3695 5652 η-ριι

2116 5640 2637 5725 ἰοιριιιηιείὶω-.-ηοιι
2665 5640 2986 5725 ἱῖειιιειιηιιίιιξΔ
3019 5640 3198 5725 sponte
3239 5640 3552 5700 succumbit.
3602 5640 3689 5725 ξι

2114 5721 2311 5791 quibus
2343 5721 2544 5785 verbis,
2591 5736 2749 5775 nemo
2773 5729 2859 5775 est.
2899 5719 2988 5791 qui
3024 5713 3133 5774 non
3163 5719 3307 5773 hunc
3328 5730 3547 5791 sensum
3578 5713 3683 5767 eli-

2119 5785 2266 5863 ciat;
2318 5806 2439 5849 eum
2475 5796 2571 5862 qui
2621 5792 2787 5848 Deum
2820 5785 3121 5856 cou'ti'ctur,
3158 5802 3269 5845 nou
3307 5800 3429 5845 esse
3456 5785 3690 5843 iracuu‘
