  <div class='ocr_page' id='page_1' title='image "/cluster/home/n/w/nwhite01/storage/ocr_20150623/20/hvd.32044073501181/018.png"; bbox 0 0 4034 6450; ppageno 0'>
   <div class='ocr_carea' id='block_1_1' title="bbox 304 456 3554 519">
    <p class='ocr_par' dir='ltr' id='par_1_1' title="bbox 324 468 3514 510">
     <span class='ocr_line' id='line_1_1' title="bbox 1098 468 3492 481; baseline -0.006 7"><span class='ocrx_word' id='word_1_1' title='bbox 1098 468 1099 471; x_wconf 21' lang='grc' dir='ltr'>Ἰ</span> <span class='ocrx_word' id='word_1_2' title='bbox 1297 472 1330 479; x_wconf 81' lang='grc'><strong>⁹“’</strong></span> <span class='ocrx_word' id='word_1_3' title='bbox 1923 471 2658 481; x_wconf 63' lang='lat' dir='ltr'><strong>m---</strong></span> <span class='ocrx_word' id='word_1_4' title='bbox 2695 472 2830 480; x_wconf 67' lang='lat'><strong>-____..</strong></span> <span class='ocrx_word' id='word_1_5' title='bbox 2857 473 2911 480; x_wconf 61' lang='grc' dir='ltr'><strong>ο.-</strong></span> <span class='ocrx_word' id='word_1_6' title='bbox 2930 474 2942 477; x_wconf 79' lang='lat'>_</span> <span class='ocrx_word' id='word_1_7' title='bbox 2961 472 3012 478; x_wconf 38' lang='grc' dir='ltr'><strong>,γε</strong></span> <span class='ocrx_word' id='word_1_8' title='bbox 3033 471 3108 477; x_wconf 54' lang='grc' dir='ltr'><strong>--.τ</strong></span> <span class='ocrx_word' id='word_1_9' title='bbox 3135 471 3218 477; x_wconf 75' lang='lat'><strong>--,___</strong></span> <span class='ocrx_word' id='word_1_10' title='bbox 3257 472 3274 474; x_wconf 96' lang='lat'>_</span> <span class='ocrx_word' id='word_1_11' title='bbox 3297 470 3304 474; x_wconf 86' lang='lat'><strong>.</strong></span> <span class='ocrx_word' id='word_1_12' title='bbox 3321 469 3368 474; x_wconf 84' lang='lat'><strong>._.</strong></span> <span class='ocrx_word' id='word_1_13' title='bbox 3399 469 3428 474; x_wconf 68' lang='grc'><strong>.-</strong></span> <span class='ocrx_word' id='word_1_14' title='bbox 3450 468 3492 474; x_wconf 59' lang='grc' dir='ltr'><strong>α-.</strong></span> 
     </span>
     <span class='ocr_line' id='line_1_2' title="bbox 324 496 3514 510; baseline -0.006 10"><span class='ocrx_word' id='word_1_15' title='bbox 324 504 418 509; x_wconf 32' lang='lat' dir='ltr'><strong>7w“</strong></span> <span class='ocrx_word' id='word_1_16' title='bbox 1521 500 1802 510; x_wconf 54' lang='lat'><strong>——-—&quot;&#39;&quot;’.‘--</strong></span> <span class='ocrx_word' id='word_1_17' title='bbox 1817 500 2208 507; x_wconf 36' lang='lat' dir='ltr'><strong>&quot;-&#39;--‘—”—-&#39;ri&#39;</strong></span> <span class='ocrx_word' id='word_1_18' title='bbox 2225 500 2626 508; x_wconf 54' lang='lat' dir='ltr'><strong>-v—c——.———--~——</strong></span> <span class='ocrx_word' id='word_1_19' title='bbox 2643 502 2742 508; x_wconf 47' lang='grc' dir='ltr'><strong>ψη</strong></span> <span class='ocrx_word' id='word_1_20' title='bbox 2801 503 2814 505; x_wconf 85' lang='grc'><strong>-</strong></span> <span class='ocrx_word' id='word_1_21' title='bbox 2831 502 2842 505; x_wconf 87' lang='grc'><strong>-</strong></span> <span class='ocrx_word' id='word_1_22' title='bbox 2897 502 2914 505; x_wconf 79' lang='lat'><strong><em>_</em></strong></span> <span class='ocrx_word' id='word_1_23' title='bbox 2957 502 2962 504; x_wconf 87' lang='lat'><strong>.</strong></span> <span class='ocrx_word' id='word_1_24' title='bbox 2980 501 3028 504; x_wconf 36' lang='lat'><strong>.74</strong></span> <span class='ocrx_word' id='word_1_25' title='bbox 3133 500 3172 503; x_wconf 86' lang='lat'><strong>__</strong></span> <span class='ocrx_word' id='word_1_26' title='bbox 3197 500 3204 502; x_wconf 27' lang='grc' dir='ltr'>ἡ</span> <span class='ocrx_word' id='word_1_27' title='bbox 3235 498 3282 504; x_wconf 56' lang='grc' dir='ltr'><strong>ν..</strong></span> <span class='ocrx_word' id='word_1_28' title='bbox 3305 499 3348 502; x_wconf 37' lang='lat'><strong>7*,</strong></span> <span class='ocrx_word' id='word_1_29' title='bbox 3363 497 3394 502; x_wconf 73' lang='lat'><strong>--</strong></span> <span class='ocrx_word' id='word_1_30' title='bbox 3411 496 3514 502; x_wconf 45' lang='grc' dir='ltr'><strong>-νημλμ</strong></span> 
     </span>
    </p>
   </div>
   <div class='ocr_carea' id='block_1_2' title="bbox 1286 692 2708 903">
    <p class='ocr_par' dir='ltr' id='par_1_2' title="bbox 1286 692 2708 903">
     <span class='ocr_line' id='line_1_3' title="bbox 1286 692 2708 903; baseline 0.006 -9"><span class='ocrx_word' id='word_1_31' title='bbox 1286 692 2580 903; x_wconf 82' lang='grc' dir='ltr'><strong>ΕΥΣΕΒΙΟΥ</strong></span> <span class='ocrx_word' id='word_1_32' title='bbox 2698 732 2708 742; x_wconf 80' lang='grc'><em>’</em></span> 
     </span>
    </p>
   </div>
   <div class='ocr_carea' id='block_1_3' title="bbox 1478 1005 2383 1095">
    <p class='ocr_par' dir='ltr' id='par_1_3' title="bbox 1478 1005 2383 1095">
     <span class='ocr_line' id='line_1_4' title="bbox 1478 1005 2383 1095; baseline 0.001 -2"><span class='ocrx_word' id='word_1_33' title='bbox 1478 1006 1707 1094; x_wconf 90' lang='grc' dir='ltr'><strong>ΤΟΥ</strong></span> <span class='ocrx_word' id='word_1_34' title='bbox 1779 1005 2383 1095; x_wconf 87' lang='grc' dir='ltr'><strong>ΠΑΜΦΙΛΟΥ</strong></span> 
     </span>
    </p>
   </div>
   <div class='ocr_carea' id='block_1_4' title="bbox 752 1190 3117 1367">
    <p class='ocr_par' dir='ltr' id='par_1_4' title="bbox 752 1190 3117 1367">
     <span class='ocr_line' id='line_1_5' title="bbox 752 1190 3117 1367; baseline 0.001 -35"><span class='ocrx_word' id='word_1_35' title='bbox 752 1196 2255 1333; x_wconf 81' lang='grc' dir='ltr'><strong>ΕΚΚΑΗΣΙΑΣΤΙΚΗΣ</strong></span> <span class='ocrx_word' id='word_1_36' title='bbox 2335 1190 3117 1335; x_wconf 77' lang='grc' dir='ltr'><strong>ΙΣΤΟΡΙΑΣ</strong></span> 
     </span>
    </p>
   </div>
   <div class='ocr_carea' id='block_1_5' title="bbox 1422 1438 2440 1565">
    <p class='ocr_par' dir='ltr' id='par_1_5' title="bbox 1422 1438 2440 1565">
     <span class='ocr_line' id='line_1_6' title="bbox 1422 1438 2440 1565; baseline 0.003 -7"><span class='ocrx_word' id='word_1_37' title='bbox 1422 1438 1940 1561; x_wconf 89' lang='grc' dir='ltr'><strong>ΒΙΒΛΙΑ</strong></span> <span class='ocrx_word' id='word_1_38' title='bbox 1994 1448 2440 1565; x_wconf 87' lang='grc' dir='ltr'><strong>ΔΕΚΑ.</strong></span> 
     </span>
    </p>
   </div>
   <div class='ocr_carea' id='block_1_6' title="bbox 1042 1772 2823 2008">
    <p class='ocr_par' dir='ltr' id='par_1_6' title="bbox 1042 1772 2823 2008">
     <span class='ocr_line' id='line_1_7' title="bbox 1042 1772 2823 2008; baseline -0.002 -4"><span class='ocrx_word' id='word_1_39' title='bbox 1042 1844 1799 2008; x_wconf 86' lang='lat' dir='ltr'><strong>EUSEBII</strong></span> <span class='ocrx_word' id='word_1_40' title='bbox 1907 1772 2823 2005; x_wconf 86' lang='lat' dir='ltr'><strong>PAMPHILI</strong></span> 
     </span>
    </p>
   </div>
   <div class='ocr_carea' id='block_1_7' title="bbox 836 2134 3030 2274">
    <p class='ocr_par' dir='ltr' id='par_1_7' title="bbox 836 2134 3030 2274">
     <span class='ocr_line' id='line_1_8' title="bbox 836 2134 3030 2274; baseline -0.001 -4"><span class='ocrx_word' id='word_1_41' title='bbox 836 2134 2109 2274; x_wconf 58' lang='lat' dir='ltr'><strong>ECCLESIASTICXE</strong></span> <span class='ocrx_word' id='word_1_42' title='bbox 2221 2134 3030 2273; x_wconf 79' lang='lat' dir='ltr'><strong>HISTORUE</strong></span> 
     </span>
    </p>
   </div>
   <div class='ocr_carea' id='block_1_8' title="bbox 1542 2399 2325 2491">
    <p class='ocr_par' dir='ltr' id='par_1_8' title="bbox 1542 2399 2325 2491">
     <span class='ocr_line' id='line_1_9' title="bbox 1542 2399 2325 2491; baseline 0 -3"><span class='ocrx_word' id='word_1_43' title='bbox 1542 2401 1869 2489; x_wconf 79' lang='lat' dir='ltr'>LIBRI</span> <span class='ocrx_word' id='word_1_44' title='bbox 1931 2399 2325 2491; x_wconf 88' lang='lat' dir='ltr'><strong>DECEM</strong></span> 
     </span>
    </p>
   </div>
   <div class='ocr_carea' id='block_1_9' title="bbox 320 2590 3517 2672">
    <p class='ocr_par' dir='ltr' id='par_1_9' title="bbox 320 2590 3517 2672">
     <span class='ocr_line' id='line_1_10' title="bbox 320 2590 3517 2672; baseline -0.002 -10"><span class='ocrx_word' id='word_1_45' title='bbox 320 2599 656 2664; x_wconf 80' lang='lat' dir='ltr'><strong>Henricus</strong></span> <span class='ocrx_word' id='word_1_46' title='bbox 699 2600 1005 2662; x_wconf 65' lang='lat' dir='ltr'><strong>Vsusws</strong></span> <span class='ocrx_word' id='word_1_47' title='bbox 1035 2598 1323 2660; x_wconf 63' lang='lat' dir='ltr'><strong>Gracum</strong></span> <span class='ocrx_word' id='word_1_48' title='bbox 1357 2602 1601 2657; x_wconf 79' lang='lat' dir='ltr'><strong>textum</strong></span> <span class='ocrx_word' id='word_1_49' title='bbox 1636 2592 1884 2655; x_wconf 77' lang='lat' dir='ltr'><strong>collatis</strong></span> <span class='ocrx_word' id='word_1_50' title='bbox 1915 2598 2193 2672; x_wconf 82' lang='lat' dir='ltr'><strong>quatuor</strong></span> <span class='ocrx_word' id='word_1_51' title='bbox 2243 2608 2399 2654; x_wconf 86' lang='lat' dir='ltr'><strong>mss.</strong></span> <span class='ocrx_word' id='word_1_52' title='bbox 2445 2590 2780 2656; x_wconf 71' lang='lat' dir='ltr'><strong>codncxbus</strong></span> <span class='ocrx_word' id='word_1_53' title='bbox 2841 2593 3245 2667; x_wconf 73' lang='lat' dir='ltr'><strong>emendant.</strong></span> <span class='ocrx_word' id='word_1_54' title='bbox 3297 2592 3517 2658; x_wconf 78' lang='lat' dir='ltr'><strong>Latine</strong></span> 
     </span>
    </p>
   </div>
   <div class='ocr_carea' id='block_1_10' title="bbox 1318 2698 2537 2765">
    <p class='ocr_par' dir='ltr' id='par_1_10' title="bbox 1318 2698 2537 2765">
     <span class='ocr_line' id='line_1_11' title="bbox 1318 2698 2537 2765; baseline 0 0"><span class='ocrx_word' id='word_1_55' title='bbox 1318 2701 1505 2765; x_wconf 77' lang='lat' dir='ltr'><strong>vertit</strong></span> <span class='ocrx_word' id='word_1_56' title='bbox 1538 2708 1597 2763; x_wconf 87' lang='lat' dir='ltr'><strong>et</strong></span> <span class='ocrx_word' id='word_1_57' title='bbox 1627 2698 2143 2762; x_wconf 77' lang='lat' dir='ltr'><strong>adnotationibus</strong></span> <span class='ocrx_word' id='word_1_58' title='bbox 2168 2698 2537 2765; x_wconf 79' lang='lat' dir='ltr'><strong>illustravit.</strong></span> 
     </span>
    </p>
   </div>
   <div class='ocr_carea' id='block_1_11' title="bbox 1700 2863 2169 2925">
    <p class='ocr_par' dir='ltr' id='par_1_11' title="bbox 1700 2863 2169 2925">
     <span class='ocr_line' id='line_1_12' title="bbox 1700 2863 2169 2925; baseline 0 -11"><span class='ocrx_word' id='word_1_59' title='bbox 1700 2863 1788 2914; x_wconf 79' lang='lat' dir='ltr'><strong>Ed.</strong></span> <span class='ocrx_word' id='word_1_60' title='bbox 1820 2864 1975 2914; x_wconf 79' lang='lat' dir='ltr'><strong>Pam.</strong></span> <span class='ocrx_word' id='word_1_61' title='bbox 2007 2863 2169 2925; x_wconf 71' lang='lat'><strong>1659.)</strong></span> 
     </span>
    </p>
   </div>
   <div class='ocr_carea' id='block_1_12' title="bbox 1891 3012 1966 3030">
    <p class='ocr_par' dir='ltr' id='par_1_12' title="bbox 1891 3012 1966 3030">
     <span class='ocr_line' id='line_1_13' title="bbox 1891 3012 1966 3030; baseline -0.013 0"><span class='ocrx_word' id='word_1_62' title='bbox 1891 3012 1966 3030; x_wconf 49' lang='grc' dir='ltr'><strong><em>α</em></strong></span> 
     </span>
    </p>
   </div>
   <div class='ocr_carea' id='block_1_13' title="bbox 1092 3190 2764 3297">
    <p class='ocr_par' dir='ltr' id='par_1_13' title="bbox 1092 3190 2764 3297">
     <span class='ocr_line' id='line_1_14' title="bbox 1092 3190 2764 3297; baseline 0.008 -13"><span class='ocrx_word' id='word_1_63' title='bbox 1092 3194 1686 3288; x_wconf 77' lang='lat' dir='ltr'><strong>EPISTULA</strong></span> <span class='ocrx_word' id='word_1_64' title='bbox 1762 3190 2764 3297; x_wconf 81' lang='lat' dir='ltr'><strong>NUNCUPATORIA.</strong></span> 
     </span>
    </p>
   </div>
   <div class='ocr_carea' id='block_1_14' title="bbox 461 3403 3388 3475">
    <p class='ocr_par' dir='ltr' id='par_1_14' title="bbox 461 3403 3388 3475">
     <span class='ocr_line' id='line_1_15' title="bbox 461 3403 3388 3475; baseline 0.007 -21"><span class='ocrx_word' id='word_1_65' title='bbox 461 3403 955 3459; x_wconf 62' lang='lat' dir='ltr'><strong>mvsrnlssmts</strong></span> <span class='ocrx_word' id='word_1_66' title='bbox 1009 3408 1089 3450; x_wconf 74' lang='lat' dir='ltr'><strong>nr</strong></span> <span class='ocrx_word' id='word_1_67' title='bbox 1126 3408 1697 3453; x_wconf 68' lang='lat' dir='ltr'><strong>REVEBENDISSIMIS</strong></span> <span class='ocrx_word' id='word_1_68' title='bbox 1741 3412 2291 3471; x_wconf 71' lang='lat' dir='ltr'><strong>ARCHIEPISCOPIS,</strong></span> <span class='ocrx_word' id='word_1_69' title='bbox 2339 3417 2647 3463; x_wconf 78' lang='lat' dir='ltr'><strong>EPISCOPIS</strong></span> <span class='ocrx_word' id='word_1_70' title='bbox 2690 3412 2772 3464; x_wconf 60' lang='grc' dir='ltr'><strong>ιτ</strong></span> <span class='ocrx_word' id='word_1_71' title='bbox 2816 3405 3130 3471; x_wconf 62' lang='grc' dir='ltr'><strong>σιηίνιειιεο</strong></span> <span class='ocrx_word' id='word_1_72' title='bbox 3184 3414 3388 3475; x_wconf 69' lang='lat' dir='ltr'><strong>ctitno</strong></span> 
     </span>
    </p>
   </div>
   <div class='ocr_carea' id='block_1_15' title="bbox 1566 3516 2285 3563">
    <p class='ocr_par' dir='ltr' id='par_1_15' title="bbox 1566 3516 2285 3563">
     <span class='ocr_line' id='line_1_16' title="bbox 1566 3516 2285 3563; baseline 0.008 -6"><span class='ocrx_word' id='word_1_73' title='bbox 1566 3516 1873 3560; x_wconf 72' lang='lat' dir='ltr'><strong>ECCLESL‘E</strong></span> <span class='ocrx_word' id='word_1_74' title='bbox 1899 3518 1936 3559; x_wconf 87' lang='lat' dir='ltr'><strong>G</strong></span> <span class='ocrx_word' id='word_1_75' title='bbox 1946 3518 2158 3561; x_wconf 74' lang='lat' dir='ltr'><strong>ALLICA</strong></span> <span class='ocrx_word' id='word_1_76' title='bbox 2168 3519 2285 3563; x_wconf 66' lang='lat' dir='ltr'><strong>NE.</strong></span> 
     </span>
    </p>
   </div>
   <div class='ocr_carea' id='block_1_16' title="bbox 372 3696 3551 3804">
    <p class='ocr_par' dir='ltr' id='par_1_16' title="bbox 372 3696 3551 3804">
     <span class='ocr_line' id='line_1_17' title="bbox 372 3696 3551 3804; baseline 0.007 -38"><span class='ocrx_word' id='word_1_77' title='bbox 372 3706 534 3767; x_wconf 87' lang='lat' dir='ltr'><strong>Post</strong></span> <span class='ocrx_word' id='word_1_78' title='bbox 565 3715 655 3767; x_wconf 92' lang='lat' dir='ltr'><strong>tot</strong></span> <span class='ocrx_word' id='word_1_79' title='bbox 688 3706 1048 3767; x_wconf 70' lang='lat' dir='ltr'><strong>Grecorum</strong></span> <span class='ocrx_word' id='word_1_80' title='bbox 1078 3704 1341 3765; x_wconf 78' lang='lat' dir='ltr'><strong>Patrum</strong></span> <span class='ocrx_word' id='word_1_81' title='bbox 1379 3703 1679 3765; x_wconf 89' lang='lat' dir='ltr'><strong>editiones</strong></span> <span class='ocrx_word' id='word_1_82' title='bbox 1721 3726 1853 3787; x_wconf 81' lang='lat' dir='ltr'><strong>quce</strong></span> <span class='ocrx_word' id='word_1_83' title='bbox 1877 3710 2099 3770; x_wconf 81' lang='lat' dir='ltr'><strong>vestris</strong></span> <span class='ocrx_word' id='word_1_84' title='bbox 2135 3696 2445 3789; x_wconf 86' lang='lat' dir='ltr'><strong>auspiciis</strong></span> <span class='ocrx_word' id='word_1_85' title='bbox 2489 3712 2554 3773; x_wconf 85' lang='lat' dir='ltr'><strong>in</strong></span> <span class='ocrx_word' id='word_1_86' title='bbox 2589 3699 2784 3776; x_wconf 82' lang='lat' dir='ltr'><strong>lucem</strong></span> <span class='ocrx_word' id='word_1_87' title='bbox 2818 3704 3113 3781; x_wconf 73' lang='lat' dir='ltr'><strong>hactenus</strong></span> <span class='ocrx_word' id='word_1_88' title='bbox 3139 3715 3551 3804; x_wconf 89' lang='lat' dir='ltr'><strong>prodierunt,</strong></span> 
     </span>
    </p>
   </div>
   <div class='ocr_carea' id='block_1_17' title="bbox 292 3804 3560 3891">
    <p class='ocr_par' dir='ltr' id='par_1_17' title="bbox 292 3804 3560 3891">
     <span class='ocr_line' id='line_1_18' title="bbox 292 3804 3560 3891; baseline 0.008 -26"><span class='ocrx_word' id='word_1_89' title='bbox 292 3806 360 3865; x_wconf 88' lang='lat' dir='ltr'><strong>id</strong></span> <span class='ocrx_word' id='word_1_90' title='bbox 390 3824 589 3866; x_wconf 82' lang='lat' dir='ltr'><strong>unum</strong></span> <span class='ocrx_word' id='word_1_91' title='bbox 621 3805 822 3866; x_wconf 85' lang='lat' dir='ltr'><strong>adhuc</strong></span> <span class='ocrx_word' id='word_1_92' title='bbox 850 3804 1161 3878; x_wconf 86' lang='lat' dir='ltr'><strong>restabat,</strong></span> <span class='ocrx_word' id='word_1_93' title='bbox 1214 3804 1636 3867; x_wconf 79' lang='lat' dir='ltr'><strong>illustrissimi</strong></span> <span class='ocrx_word' id='word_1_94' title='bbox 1669 3809 1995 3869; x_wconf 84' lang='lat' dir='ltr'><strong>Antistites</strong></span> <span class='ocrx_word' id='word_1_95' title='bbox 2020 3853 2037 3882; x_wconf 88' lang='lat'><strong>,</strong></span> <span class='ocrx_word' id='word_1_96' title='bbox 2072 3818 2141 3869; x_wconf 88' lang='lat' dir='ltr'><strong>ut</strong></span> <span class='ocrx_word' id='word_1_97' title='bbox 2176 3811 2435 3873; x_wconf 79' lang='lat' dir='ltr'><strong>Eusebii</strong></span> <span class='ocrx_word' id='word_1_98' title='bbox 2485 3814 2888 3881; x_wconf 72' lang='lat' dir='ltr'><strong>Casariensis</strong></span> <span class='ocrx_word' id='word_1_99' title='bbox 2934 3822 3382 3890; x_wconf 83' lang='lat' dir='ltr'><strong>Ecclesiastica</strong></span> <span class='ocrx_word' id='word_1_100' title='bbox 3435 3831 3560 3891; x_wconf 85' lang='lat' dir='ltr'><strong>Hi—</strong></span> 
     </span>
    </p>
   </div>
   <div class='ocr_carea' id='block_1_18' title="bbox 292 3909 3555 4006">
    <p class='ocr_par' dir='ltr' id='par_1_18' title="bbox 292 3909 3555 4006">
     <span class='ocr_line' id='line_1_19' title="bbox 292 3909 3555 4006; baseline 0.007 -38"><span class='ocrx_word' id='word_1_101' title='bbox 292 3911 498 3970; x_wconf 81' lang='lat' dir='ltr'><strong>storia</strong></span> <span class='ocrx_word' id='word_1_102' title='bbox 548 3909 744 3968; x_wconf 90' lang='lat' dir='ltr'><strong>multo</strong></span> <span class='ocrx_word' id='word_1_103' title='bbox 800 3927 983 3989; x_wconf 90' lang='lat' dir='ltr'><strong>quam</strong></span> <span class='ocrx_word' id='word_1_104' title='bbox 1032 3909 1290 3972; x_wconf 84' lang='lat' dir='ltr'><strong>antehac</strong></span> <span class='ocrx_word' id='word_1_105' title='bbox 1335 3909 1715 3972; x_wconf 83' lang='lat' dir='ltr'><strong>emendatior</strong></span> <span class='ocrx_word' id='word_1_106' title='bbox 1765 3931 1837 3971; x_wconf 88' lang='lat' dir='ltr'><strong>ac</strong></span> <span class='ocrx_word' id='word_1_107' title='bbox 1883 3915 2141 3990; x_wconf 88' lang='lat' dir='ltr'><strong>purior,</strong></span> <span class='ocrx_word' id='word_1_108' title='bbox 2172 3915 2283 3975; x_wconf 86' lang='lat' dir='ltr'><strong>sub</strong></span> <span class='ocrx_word' id='word_1_109' title='bbox 2314 3918 2804 3982; x_wconf 79' lang='lat' dir='ltr'><strong>vestrinominis</strong></span> <span class='ocrx_word' id='word_1_110' title='bbox 2864 3924 3056 3985; x_wconf 86' lang='lat' dir='ltr'><strong>titulo</strong></span> <span class='ocrx_word' id='word_1_111' title='bbox 3090 3936 3160 3987; x_wconf 90' lang='lat' dir='ltr'><strong>ac</strong></span> <span class='ocrx_word' id='word_1_112' title='bbox 3190 3933 3555 4006; x_wconf 86' lang='lat' dir='ltr'><strong>patrocinio</strong></span> 
     </span>
    </p>
   </div>
   <div class='ocr_carea' id='block_1_19' title="bbox 295 4011 3560 4105">
    <p class='ocr_par' dir='ltr' id='par_1_19' title="bbox 295 4011 3560 4105">
     <span class='ocr_line' id='line_1_20' title="bbox 295 4011 3560 4105; baseline 0.006 -29"><span class='ocrx_word' id='word_1_113' title='bbox 295 4014 630 4077; x_wconf 84' lang='lat' dir='ltr'><strong>catholicis</strong></span> <span class='ocrx_word' id='word_1_114' title='bbox 659 4013 1013 4075; x_wconf 85' lang='lat' dir='ltr'><strong>hominibus</strong></span> <span class='ocrx_word' id='word_1_115' title='bbox 1044 4011 1412 4075; x_wconf 84' lang='lat' dir='ltr'><strong>donaretur.</strong></span> <span class='ocrx_word' id='word_1_116' title='bbox 1447 4014 1525 4075; x_wconf 82' lang='lat' dir='ltr'><strong>1d</strong></span> <span class='ocrx_word' id='word_1_117' title='bbox 1555 4018 1714 4076; x_wconf 88' lang='lat' dir='ltr'><strong>enim</strong></span> <span class='ocrx_word' id='word_1_118' title='bbox 1749 4016 2075 4090; x_wconf 66' lang='lat' dir='ltr'><strong>Ecclesiae,</strong></span> <span class='ocrx_word' id='word_1_119' title='bbox 2112 4020 2292 4098; x_wconf 81' lang='lat' dir='ltr'><strong>cujus</strong></span> <span class='ocrx_word' id='word_1_120' title='bbox 2321 4022 2663 4082; x_wconf 86' lang='lat' dir='ltr'><strong>commodis</strong></span> <span class='ocrx_word' id='word_1_121' title='bbox 2693 4024 2943 4086; x_wconf 82' lang='lat' dir='ltr'><strong>assidue</strong></span> <span class='ocrx_word' id='word_1_122' title='bbox 2973 4031 3335 4105; x_wconf 78' lang='lat' dir='ltr'><strong>consulitis,</strong></span> <span class='ocrx_word' id='word_1_123' title='bbox 3372 4036 3560 4097; x_wconf 64' lang='lat' dir='ltr'><strong>utilia</strong></span> 
     </span>
    </p>
   </div>
   <div class='ocr_carea' id='block_1_20' title="bbox 293 4116 3559 4211">
    <p class='ocr_par' dir='ltr' id='par_1_20' title="bbox 293 4116 3559 4211">
     <span class='ocr_line' id='line_1_21' title="bbox 293 4116 3559 4211; baseline 0.005 -34"><span class='ocrx_word' id='word_1_124' title='bbox 293 4128 429 4188; x_wconf 87' lang='lat' dir='ltr'><strong>tas;</strong></span> <span class='ocrx_word' id='word_1_125' title='bbox 463 4116 529 4178; x_wconf 87' lang='lat' dir='ltr'><strong>id</strong></span> <span class='ocrx_word' id='word_1_126' title='bbox 560 4117 948 4177; x_wconf 84' lang='lat' dir='ltr'><strong>eruditorum</strong></span> <span class='ocrx_word' id='word_1_127' title='bbox 970 4117 1242 4177; x_wconf 89' lang='lat' dir='ltr'><strong>omnium</strong></span> <span class='ocrx_word' id='word_1_128' title='bbox 1268 4128 1448 4188; x_wconf 80' lang='lat' dir='ltr'><strong>vota;</strong></span> <span class='ocrx_word' id='word_1_129' title='bbox 1479 4117 1547 4180; x_wconf 89' lang='lat' dir='ltr'><strong>id</strong></span> <span class='ocrx_word' id='word_1_130' title='bbox 1573 4127 1888 4197; x_wconf 88' lang='lat' dir='ltr'><strong>postremo</strong></span> <span class='ocrx_word' id='word_1_131' title='bbox 1913 4118 2223 4179; x_wconf 79' lang='lat' dir='ltr'><strong>Eusebius</strong></span> <span class='ocrx_word' id='word_1_132' title='bbox 2255 4120 2387 4197; x_wconf 86' lang='lat' dir='ltr'><strong>ipse</strong></span> <span class='ocrx_word' id='word_1_133' title='bbox 2406 4138 2519 4182; x_wconf 84' lang='lat' dir='ltr'><strong>suo</strong></span> <span class='ocrx_word' id='word_1_134' title='bbox 2547 4121 3005 4206; x_wconf 74' lang='lat' dir='ltr'><strong>quodamjure,</strong></span> <span class='ocrx_word' id='word_1_135' title='bbox 3041 4148 3075 4186; x_wconf 90' lang='lat' dir='ltr'><strong>a</strong></span> <span class='ocrx_word' id='word_1_136' title='bbox 3100 4131 3277 4191; x_wconf 78' lang='lat' dir='ltr'><strong>vobis</strong></span> <span class='ocrx_word' id='word_1_137' title='bbox 3302 4152 3559 4211; x_wconf 82' lang='lat' dir='ltr'><strong>poscere</strong></span> 
     </span>
    </p>
   </div>
   <div class='ocr_carea' id='block_1_21' title="bbox 295 4217 3635 4313">
    <p class='ocr_par' dir='ltr' id='par_1_21' title="bbox 295 4217 3635 4313">
     <span class='ocr_line' id='line_1_22' title="bbox 295 4217 3635 4313; baseline 0.005 -33"><span class='ocrx_word' id='word_1_138' title='bbox 295 4220 698 4282; x_wconf 74' lang='lat' dir='ltr'><strong>videbantur.</strong></span> <span class='ocrx_word' id='word_1_139' title='bbox 738 4218 922 4294; x_wconf 86' lang='lat' dir='ltr'><strong>Nam,</strong></span> <span class='ocrx_word' id='word_1_140' title='bbox 958 4227 1025 4278; x_wconf 88' lang='lat' dir='ltr'><strong>ut</strong></span> <span class='ocrx_word' id='word_1_141' title='bbox 1061 4217 1133 4278; x_wconf 89' lang='lat' dir='ltr'><strong>de</strong></span> <span class='ocrx_word' id='word_1_142' title='bbox 1158 4218 1440 4279; x_wconf 82' lang='lat' dir='ltr'><strong>Ecclesia</strong></span> <span class='ocrx_word' id='word_1_143' title='bbox 1466 4221 1675 4299; x_wconf 87' lang='lat' dir='ltr'><strong>primo</strong></span> <span class='ocrx_word' id='word_1_144' title='bbox 1716 4220 1852 4279; x_wconf 91' lang='lat' dir='ltr'><strong>loco</strong></span> <span class='ocrx_word' id='word_1_145' title='bbox 1886 4218 2107 4293; x_wconf 88' lang='lat' dir='ltr'><strong>dicam,</strong></span> <span class='ocrx_word' id='word_1_146' title='bbox 2148 4218 2303 4299; x_wconf 91' lang='lat' dir='ltr'><strong>quid</strong></span> <span class='ocrx_word' id='word_1_147' title='bbox 2334 4218 2415 4280; x_wconf 91' lang='lat' dir='ltr'><strong>ad</strong></span> <span class='ocrx_word' id='word_1_148' title='bbox 2452 4220 2695 4283; x_wconf 89' lang='lat' dir='ltr'><strong>laudem</strong></span> <span class='ocrx_word' id='word_1_149' title='bbox 2730 4226 2859 4305; x_wconf 70' lang='lat' dir='ltr'><strong>ejus</strong></span> <span class='ocrx_word' id='word_1_150' title='bbox 2904 4226 3266 4308; x_wconf 74' lang='lat' dir='ltr'><strong>illustrius,</strong></span> <span class='ocrx_word' id='word_1_151' title='bbox 3299 4234 3450 4313; x_wconf 87' lang='lat' dir='ltr'><strong>quid</strong></span> <span class='ocrx_word' id='word_1_152' title='bbox 3477 4238 3561 4298; x_wconf 89' lang='lat' dir='ltr'><strong>ad</strong></span> <span class='ocrx_word' id='word_1_153' title='bbox 3632 4240 3635 4245; x_wconf 87' lang='grc'><em>’</em></span> 
     </span>
    </p>
   </div>
   <div class='ocr_carea' id='block_1_22' title="bbox 295 4322 3558 4413">
    <p class='ocr_par' dir='ltr' id='par_1_22' title="bbox 295 4322 3558 4413">
     <span class='ocr_line' id='line_1_23' title="bbox 295 4322 3558 4413; baseline 0.005 -28"><span class='ocrx_word' id='word_1_154' title='bbox 295 4325 707 4407; x_wconf 80' lang='lat' dir='ltr'><strong>defensionem</strong></span> <span class='ocrx_word' id='word_1_155' title='bbox 736 4325 996 4402; x_wconf 83' lang='lat' dir='ltr'><strong>fortius,</strong></span> <span class='ocrx_word' id='word_1_156' title='bbox 1028 4324 1182 4403; x_wconf 87' lang='lat' dir='ltr'><strong>quid</strong></span> <span class='ocrx_word' id='word_1_157' title='bbox 1206 4322 1287 4382; x_wconf 93' lang='lat' dir='ltr'><strong>ad</strong></span> <span class='ocrx_word' id='word_1_158' title='bbox 1315 4326 1835 4403; x_wconf 83' lang='lat' dir='ltr'><strong>propagationem</strong></span> <span class='ocrx_word' id='word_1_159' title='bbox 1869 4324 2117 4397; x_wconf 83' lang='lat' dir='ltr'><strong>utilius,</strong></span> <span class='ocrx_word' id='word_1_160' title='bbox 2143 4324 2295 4404; x_wconf 87' lang='lat' dir='ltr'><strong>quid</strong></span> <span class='ocrx_word' id='word_1_161' title='bbox 2317 4324 2399 4385; x_wconf 88' lang='lat' dir='ltr'><strong>ad</strong></span> <span class='ocrx_word' id='word_1_162' title='bbox 2429 4345 2672 4388; x_wconf 88' lang='lat' dir='ltr'><strong>morum</strong></span> <span class='ocrx_word' id='word_1_163' title='bbox 2702 4348 2774 4390; x_wconf 89' lang='lat' dir='ltr'><strong>ac</strong></span> <span class='ocrx_word' id='word_1_164' title='bbox 2799 4330 3154 4411; x_wconf 65' lang='lat' dir='ltr'><strong>discipline</strong></span> <span class='ocrx_word' id='word_1_165' title='bbox 3184 4338 3558 4413; x_wconf 76' lang='lat' dir='ltr'><strong>gravitatem</strong></span> 
     </span>
    </p>
   </div>
   <div class='ocr_carea' id='block_1_23' title="bbox 293 4429 3560 4510">
    <p class='ocr_par' dir='ltr' id='par_1_23' title="bbox 293 4429 3560 4510">
     <span class='ocr_line' id='line_1_24' title="bbox 293 4429 3560 4510; baseline 0.005 -21"><span class='ocrx_word' id='word_1_166' title='bbox 293 4429 744 4491; x_wconf 75' lang='lat' dir='ltr'><strong>restituendam</strong></span> <span class='ocrx_word' id='word_1_167' title='bbox 802 4430 1012 4507; x_wconf 89' lang='lat' dir='ltr'><strong>aptius</strong></span> <span class='ocrx_word' id='word_1_168' title='bbox 1056 4429 1343 4508; x_wconf 79' lang='lat' dir='ltr'><strong>proferri</strong></span> <span class='ocrx_word' id='word_1_169' title='bbox 1387 4438 1593 4508; x_wconf 83' lang='lat' dir='ltr'><strong>potest</strong></span> <span class='ocrx_word' id='word_1_170' title='bbox 1641 4448 1822 4510; x_wconf 89' lang='lat' dir='ltr'><strong>quam</strong></span> <span class='ocrx_word' id='word_1_171' title='bbox 1872 4429 2147 4490; x_wconf 86' lang='lat' dir='ltr'><strong>historia</strong></span> <span class='ocrx_word' id='word_1_172' title='bbox 2191 4444 2401 4489; x_wconf 88' lang='lat' dir='ltr'><strong>rerum</strong></span> <span class='ocrx_word' id='word_1_173' title='bbox 2445 4431 3056 4497; x_wconf 78' lang='lat' dir='ltr'><strong>ecclesiasticarum?</strong></span> <span class='ocrx_word' id='word_1_174' title='bbox 3103 4438 3244 4497; x_wconf 87' lang='lat' dir='ltr'><strong>Jam</strong></span> <span class='ocrx_word' id='word_1_175' title='bbox 3277 4452 3423 4502; x_wconf 79' lang='lat' dir='ltr'><strong>vero</strong></span> <span class='ocrx_word' id='word_1_176' title='bbox 3477 4445 3560 4505; x_wconf 92' lang='lat' dir='ltr'><strong>ad</strong></span> 
     </span>
    </p>
   </div>
   <div class='ocr_carea' id='block_1_24' title="bbox 293 4531 3557 4622">
    <p class='ocr_par' dir='ltr' id='par_1_24' title="bbox 293 4531 3557 4622">
     <span class='ocr_line' id='line_1_25' title="bbox 293 4531 3557 4622; baseline 0.004 -26"><span class='ocrx_word' id='word_1_177' title='bbox 293 4533 749 4596; x_wconf 69' lang='lat' dir='ltr'><strong>convincenda:</strong></span> <span class='ocrx_word' id='word_1_178' title='bbox 799 4533 1119 4594; x_wconf 70' lang='lat' dir='ltr'><strong>haereticos</strong></span> <span class='ocrx_word' id='word_1_179' title='bbox 1162 4531 1370 4606; x_wconf 87' lang='lat' dir='ltr'><strong>nihil,</strong></span> <span class='ocrx_word' id='word_1_180' title='bbox 1416 4552 1543 4592; x_wconf 86' lang='lat' dir='ltr'><strong>meo</strong></span> <span class='ocrx_word' id='word_1_181' title='bbox 1592 4533 1837 4612; x_wconf 86' lang='lat' dir='ltr'><strong>quidem</strong></span> <span class='ocrx_word' id='word_1_182' title='bbox 1860 4532 2110 4613; x_wconf 81' lang='lat' dir='ltr'><strong>judicio</strong></span> <span class='ocrx_word' id='word_1_183' title='bbox 2136 4577 2154 4606; x_wconf 95' lang='lat'><strong>,</strong></span> <span class='ocrx_word' id='word_1_184' title='bbox 2191 4534 2510 4614; x_wconf 80' lang='lat' dir='ltr'><strong>efﬁcacius</strong></span> <span class='ocrx_word' id='word_1_185' title='bbox 2540 4545 2625 4596; x_wconf 82' lang='lat' dir='ltr'><strong>est</strong></span> <span class='ocrx_word' id='word_1_186' title='bbox 2658 4544 2842 4617; x_wconf 87' lang='lat' dir='ltr'><strong>atque</strong></span> <span class='ocrx_word' id='word_1_187' title='bbox 2876 4541 3196 4617; x_wconf 83' lang='lat' dir='ltr'><strong>potentius</strong></span> <span class='ocrx_word' id='word_1_188' title='bbox 3226 4556 3408 4622; x_wconf 84' lang='lat' dir='ltr'><strong>quam</strong></span> <span class='ocrx_word' id='word_1_189' title='bbox 3439 4546 3557 4610; x_wconf 90' lang='lat' dir='ltr'><strong>hoc</strong></span> 
     </span>
    </p>
   </div>
   <div class='ocr_carea' id='block_1_25' title="bbox 293 4637 3558 4726">
    <p class='ocr_par' dir='ltr' id='par_1_25' title="bbox 293 4637 3558 4726">
     <span class='ocr_line' id='line_1_26' title="bbox 293 4637 3558 4726; baseline 0.003 -25"><span class='ocrx_word' id='word_1_190' title='bbox 293 4658 487 4718; x_wconf 81' lang='lat' dir='ltr'><strong>genus</strong></span> <span class='ocrx_word' id='word_1_191' title='bbox 518 4639 911 4718; x_wconf 85' lang='lat' dir='ltr'><strong>scriptionis.</strong></span> <span class='ocrx_word' id='word_1_192' title='bbox 962 4637 1209 4718; x_wconf 79' lang='lat' dir='ltr'><strong>Quippe</strong></span> <span class='ocrx_word' id='word_1_193' title='bbox 1252 4639 1570 4699; x_wconf 86' lang='lat' dir='ltr'><strong>hominum</strong></span> <span class='ocrx_word' id='word_1_194' title='bbox 1614 4639 1808 4699; x_wconf 86' lang='lat' dir='ltr'><strong>animi</strong></span> <span class='ocrx_word' id='word_1_195' title='bbox 1852 4639 2400 4716; x_wconf 83' lang='lat' dir='ltr'><strong>disputationibus</strong></span> <span class='ocrx_word' id='word_1_196' title='bbox 2462 4658 2528 4700; x_wconf 88' lang='lat' dir='ltr'><strong>ac</strong></span> <span class='ocrx_word' id='word_1_197' title='bbox 2576 4642 3024 4704; x_wconf 87' lang='lat' dir='ltr'><strong>ratiocinando</strong></span> <span class='ocrx_word' id='word_1_198' title='bbox 3081 4665 3239 4726; x_wconf 62' lang='lat' dir='ltr'><strong>a&#39;gre</strong></span> <span class='ocrx_word' id='word_1_199' title='bbox 3282 4662 3343 4709; x_wconf 85' lang='lat' dir='ltr'><strong>se</strong></span> <span class='ocrx_word' id='word_1_200' title='bbox 3388 4652 3558 4711; x_wconf 61' lang='lat' dir='ltr'><strong>vinci</strong></span> 
     </span>
    </p>
   </div>
   <div class='ocr_carea' id='block_1_26' title="bbox 293 4740 3559 4823">
    <p class='ocr_par' dir='ltr' id='par_1_26' title="bbox 293 4740 3559 4823">
     <span class='ocr_line' id='line_1_27' title="bbox 293 4740 3559 4823; baseline 0.004 -19"><span class='ocrx_word' id='word_1_201' title='bbox 293 4745 656 4823; x_wconf 84' lang='lat' dir='ltr'><strong>patiuntur.</strong></span> <span class='ocrx_word' id='word_1_202' title='bbox 688 4743 769 4803; x_wconf 82' lang='lat' dir='ltr'><strong>Et</strong></span> <span class='ocrx_word' id='word_1_203' title='bbox 806 4742 1049 4823; x_wconf 88' lang='lat' dir='ltr'><strong>quoties</strong></span> <span class='ocrx_word' id='word_1_204' title='bbox 1080 4743 1456 4803; x_wconf 88' lang='lat' dir='ltr'><strong>constrictos</strong></span> <span class='ocrx_word' id='word_1_205' title='bbox 1497 4761 1559 4802; x_wconf 87' lang='lat' dir='ltr'><strong>se</strong></span> <span class='ocrx_word' id='word_1_206' title='bbox 1606 4740 1815 4802; x_wconf 75' lang='lat' dir='ltr'><strong>vident</strong></span> <span class='ocrx_word' id='word_1_207' title='bbox 1838 4788 1855 4815; x_wconf 90' lang='lat'><strong>,</strong></span> <span class='ocrx_word' id='word_1_208' title='bbox 1887 4760 1995 4801; x_wconf 89' lang='lat' dir='ltr'><strong>nec</strong></span> <span class='ocrx_word' id='word_1_209' title='bbox 2053 4742 2273 4803; x_wconf 81' lang='lat' dir='ltr'><strong>habent</strong></span> <span class='ocrx_word' id='word_1_210' title='bbox 2304 4742 2474 4822; x_wconf 89' lang='lat' dir='ltr'><strong>quod</strong></span> <span class='ocrx_word' id='word_1_211' title='bbox 2504 4743 2942 4823; x_wconf 86' lang='lat' dir='ltr'><strong>respondeant,</strong></span> <span class='ocrx_word' id='word_1_212' title='bbox 2978 4765 3103 4808; x_wconf 90' lang='lat' dir='ltr'><strong>non</strong></span> <span class='ocrx_word' id='word_1_213' title='bbox 3142 4759 3266 4809; x_wconf 89' lang='lat' dir='ltr'><strong>tam</strong></span> <span class='ocrx_word' id='word_1_214' title='bbox 3295 4753 3559 4816; x_wconf 80' lang='lat' dir='ltr'><strong>veritati</strong></span> 
     </span>
    </p>
   </div>
   <div class='ocr_carea' id='block_1_27' title="bbox 299 4845 3553 4927">
    <p class='ocr_par' dir='ltr' id='par_1_27' title="bbox 299 4845 3553 4927">
     <span class='ocr_line' id='line_1_28' title="bbox 299 4845 3553 4927; baseline 0.004 -21"><span class='ocrx_word' id='word_1_215' title='bbox 299 4846 366 4907; x_wconf 87' lang='lat' dir='ltr'><strong>id</strong></span> <span class='ocrx_word' id='word_1_216' title='bbox 413 4847 734 4907; x_wconf 85' lang='lat' dir='ltr'><strong>ascribunt</strong></span> <span class='ocrx_word' id='word_1_217' title='bbox 788 4866 969 4927; x_wconf 82' lang='lat' dir='ltr'><strong>quam</strong></span> <span class='ocrx_word' id='word_1_218' title='bbox 1021 4845 1526 4907; x_wconf 62' lang='lat' dir='ltr'><strong>adversariorum</strong></span> <span class='ocrx_word' id='word_1_219' title='bbox 1582 4846 1649 4905; x_wconf 89' lang='lat' dir='ltr'><strong>in</strong></span> <span class='ocrx_word' id='word_1_220' title='bbox 1706 4845 2086 4919; x_wconf 80' lang='lat' dir='ltr'><strong>disputando</strong></span> <span class='ocrx_word' id='word_1_221' title='bbox 2139 4846 2490 4909; x_wconf 89' lang='lat' dir='ltr'><strong>subtilitati</strong></span> <span class='ocrx_word' id='word_1_222' title='bbox 2531 4868 2600 4909; x_wconf 91' lang='lat' dir='ltr'><strong>ac</strong></span> <span class='ocrx_word' id='word_1_223' title='bbox 2652 4850 2959 4912; x_wconf 66' lang='lat' dir='ltr'><strong>versatile.</strong></span> <span class='ocrx_word' id='word_1_224' title='bbox 3015 4852 3192 4913; x_wconf 86' lang='lat' dir='ltr'><strong>Certe’</strong></span> <span class='ocrx_word' id='word_1_225' title='bbox 3246 4854 3553 4920; x_wconf 87' lang='lat' dir='ltr'><strong>diuturno</strong></span> 
     </span>
    </p>
   </div>
   <div class='ocr_carea' id='block_1_28' title="bbox 295 4951 3558 5032">
    <p class='ocr_par' dir='ltr' id='par_1_28' title="bbox 295 4951 3558 5032">
     <span class='ocr_line' id='line_1_29' title="bbox 295 4951 3558 5032; baseline 0.002 -17"><span class='ocrx_word' id='word_1_226' title='bbox 295 4952 717 5032; x_wconf 75' lang='lat' dir='ltr'><strong>experimento</strong></span> <span class='ocrx_word' id='word_1_227' title='bbox 776 4951 1244 5031; x_wconf 86' lang='lat' dir='ltr'><strong>comprobatum</strong></span> <span class='ocrx_word' id='word_1_228' title='bbox 1299 4960 1409 5018; x_wconf 87' lang='lat' dir='ltr'><strong>est.</strong></span> <span class='ocrx_word' id='word_1_229' title='bbox 1461 4969 1567 5010; x_wconf 84' lang='lat' dir='ltr'><strong>seu</strong></span> <span class='ocrx_word' id='word_1_230' title='bbox 1619 4951 1879 5028; x_wconf 81' lang='lat' dir='ltr'><strong>scriptis</strong></span> <span class='ocrx_word' id='word_1_231' title='bbox 1927 4969 2032 5010; x_wconf 89' lang='lat' dir='ltr'><strong>seu</strong></span> <span class='ocrx_word' id='word_1_232' title='bbox 2084 4952 2224 5011; x_wconf 69' lang='lat' dir='ltr'><strong>vita</strong></span> <span class='ocrx_word' id='word_1_233' title='bbox 2269 4963 2415 5012; x_wconf 76' lang='lat' dir='ltr'><strong>voce</strong></span> <span class='ocrx_word' id='word_1_234' title='bbox 2457 4951 2642 5013; x_wconf 89' lang='lat' dir='ltr'><strong>editis</strong></span> <span class='ocrx_word' id='word_1_235' title='bbox 2690 4952 3238 5031; x_wconf 86' lang='lat' dir='ltr'><strong>disputationibus</strong></span> <span class='ocrx_word' id='word_1_236' title='bbox 3301 4961 3558 5024; x_wconf 85' lang='lat' dir='ltr'><strong>accendi</strong></span> 
     </span>
    </p>
   </div>
   <div class='ocr_carea' id='block_1_29' title="bbox 295 5049 3557 5135">
    <p class='ocr_par' dir='ltr' id='par_1_29' title="bbox 295 5049 3557 5135">
     <span class='ocr_line' id='line_1_30' title="bbox 295 5049 3557 5135; baseline 0.002 -18"><span class='ocrx_word' id='word_1_237' title='bbox 295 5059 513 5135; x_wconf 83' lang='lat' dir='ltr'><strong>potius</strong></span> <span class='ocrx_word' id='word_1_238' title='bbox 542 5057 971 5118; x_wconf 75' lang='lat' dir='ltr'><strong>ltwreticorum</strong></span> <span class='ocrx_word' id='word_1_239' title='bbox 1017 5060 1262 5118; x_wconf 89' lang='lat' dir='ltr'><strong>animos</strong></span> <span class='ocrx_word' id='word_1_240' title='bbox 1313 5074 1496 5135; x_wconf 89' lang='lat' dir='ltr'><strong>quam</strong></span> <span class='ocrx_word' id='word_1_241' title='bbox 1534 5058 1772 5116; x_wconf 83' lang='lat' dir='ltr'><strong>sanari.</strong></span> <span class='ocrx_word' id='word_1_242' title='bbox 1808 5056 2099 5116; x_wconf 80' lang='lat' dir='ltr'><strong>Historia</strong></span> <span class='ocrx_word' id='word_1_243' title='bbox 2143 5072 2286 5117; x_wconf 75' lang='lat' dir='ltr'><strong>vero</strong></span> <span class='ocrx_word' id='word_1_244' title='bbox 2329 5072 2539 5118; x_wconf 89' lang='lat' dir='ltr'><strong>rerum</strong></span> <span class='ocrx_word' id='word_1_245' title='bbox 2570 5049 3123 5123; x_wconf 75' lang='lat' dir='ltr'><strong>coclesiasticarum</strong></span> <span class='ocrx_word' id='word_1_246' title='bbox 3148 5108 3166 5135; x_wconf 93' lang='lat'><strong>,</strong></span> <span class='ocrx_word' id='word_1_247' title='bbox 3210 5076 3348 5123; x_wconf 87' lang='lat' dir='ltr'><strong>cum</strong></span> <span class='ocrx_word' id='word_1_248' title='bbox 3378 5083 3442 5124; x_wconf 91' lang='lat' dir='ltr'><strong>se</strong></span> <span class='ocrx_word' id='word_1_249' title='bbox 3489 5067 3557 5125; x_wconf 79' lang='lat' dir='ltr'><strong>in</strong></span> 
     </span>
    </p>
   </div>
   <div class='ocr_carea' id='block_1_30' title="bbox 297 5159 3553 5245">
    <p class='ocr_par' dir='ltr' id='par_1_30' title="bbox 297 5159 3553 5245">
     <span class='ocr_line' id='line_1_31' title="bbox 297 5159 3553 5245; baseline 0.002 -23"><span class='ocrx_word' id='word_1_250' title='bbox 297 5163 538 5222; x_wconf 88' lang='lat' dir='ltr'><strong>animos</strong></span> <span class='ocrx_word' id='word_1_251' title='bbox 574 5160 901 5239; x_wconf 83' lang='lat' dir='ltr'><strong>legentium</strong></span> <span class='ocrx_word' id='word_1_252' title='bbox 930 5162 1250 5241; x_wconf 87' lang='lat' dir='ltr'><strong>placidius</strong></span> <span class='ocrx_word' id='word_1_253' title='bbox 1281 5161 1555 5221; x_wconf 86' lang='lat' dir='ltr'><strong>insinuet</strong></span> <span class='ocrx_word' id='word_1_254' title='bbox 1579 5204 1597 5233; x_wconf 94' lang='lat'><strong>,</strong></span> <span class='ocrx_word' id='word_1_255' title='bbox 1640 5160 1824 5238; x_wconf 80' lang='lat' dir='ltr'><strong>longe</strong></span> <span class='ocrx_word' id='word_1_256' title='bbox 1851 5161 2202 5241; x_wconf 85' lang='lat' dir='ltr'><strong>faciliorem</strong></span> <span class='ocrx_word' id='word_1_257' title='bbox 2248 5159 2319 5222; x_wconf 89' lang='lat' dir='ltr'><strong>de</strong></span> <span class='ocrx_word' id='word_1_258' title='bbox 2352 5162 2433 5221; x_wconf 88' lang='lat' dir='ltr'><strong>iis</strong></span> <span class='ocrx_word' id='word_1_259' title='bbox 2464 5161 2803 5223; x_wconf 81' lang='lat' dir='ltr'><strong>victoriam</strong></span> <span class='ocrx_word' id='word_1_260' title='bbox 2832 5160 3047 5245; x_wconf 86' lang='lat' dir='ltr'><strong>refert.</strong></span> <span class='ocrx_word' id='word_1_261' title='bbox 3083 5162 3239 5240; x_wconf 85' lang='lat' dir='ltr'><strong>Quis</strong></span> <span class='ocrx_word' id='word_1_262' title='bbox 3268 5175 3353 5227; x_wconf 86' lang='lat' dir='ltr'><strong>est</strong></span> <span class='ocrx_word' id='word_1_263' title='bbox 3398 5168 3553 5229; x_wconf 83' lang='lat' dir='ltr'><strong>enim</strong></span> 
     </span>
    </p>
   </div>
   <div class='ocr_carea' id='block_1_31' title="bbox 300 5263 3556 5349">
    <p class='ocr_par' dir='ltr' id='par_1_31' title="bbox 300 5263 3556 5349">
     <span class='ocr_line' id='line_1_32' title="bbox 300 5263 3556 5349; baseline 0.002 -26"><span class='ocrx_word' id='word_1_264' title='bbox 300 5283 375 5326; x_wconf 76' lang='lat' dir='ltr'><strong>ea:</strong></span> <span class='ocrx_word' id='word_1_265' title='bbox 423 5264 681 5325; x_wconf 68' lang='lat' dir='ltr'><strong>diversae</strong></span> <span class='ocrx_word' id='word_1_266' title='bbox 725 5266 1023 5344; x_wconf 88' lang='lat' dir='ltr'><strong>factionis</strong></span> <span class='ocrx_word' id='word_1_267' title='bbox 1075 5265 1469 5336; x_wconf 87' lang='lat' dir='ltr'><strong>hominibus,</strong></span> <span class='ocrx_word' id='word_1_268' title='bbox 1521 5265 1801 5344; x_wconf 89' lang='lat' dir='ltr'><strong>quicum</strong></span> <span class='ocrx_word' id='word_1_269' title='bbox 1839 5263 2318 5326; x_wconf 86' lang='lat' dir='ltr'><strong>ecclesiasticam</strong></span> <span class='ocrx_word' id='word_1_270' title='bbox 2365 5264 2700 5325; x_wconf 87' lang='lat' dir='ltr'><strong>historiam</strong></span> <span class='ocrx_word' id='word_1_271' title='bbox 2748 5273 2981 5328; x_wconf 83' lang='lat' dir='ltr'><strong>attente</strong></span> <span class='ocrx_word' id='word_1_272' title='bbox 3016 5269 3393 5349; x_wconf 83' lang='lat' dir='ltr'><strong>perlegerit,</strong></span> <span class='ocrx_word' id='word_1_273' title='bbox 3430 5288 3556 5331; x_wconf 84' lang='lat' dir='ltr'><strong>non</strong></span> 
     </span>
    </p>
   </div>
   <div class='ocr_carea' id='block_1_32' title="bbox 298 5366 3559 5451">
    <p class='ocr_par' dir='ltr' id='par_1_32' title="bbox 298 5366 3559 5451">
     <span class='ocr_line' id='line_1_33' title="bbox 298 5366 3559 5451; baseline 0.001 -21"><span class='ocrx_word' id='word_1_274' title='bbox 298 5370 507 5430; x_wconf 88' lang='lat' dir='ltr'><strong>statim</strong></span> <span class='ocrx_word' id='word_1_275' title='bbox 545 5369 791 5450; x_wconf 84' lang='lat' dir='ltr'><strong>pudore</strong></span> <span class='ocrx_word' id='word_1_276' title='bbox 826 5370 1135 5451; x_wconf 80' lang='lat' dir='ltr'><strong>suffusus,</strong></span> <span class='ocrx_word' id='word_1_277' title='bbox 1196 5388 1468 5431; x_wconf 88' lang='lat' dir='ltr'><strong>errorem</strong></span> <span class='ocrx_word' id='word_1_278' title='bbox 1497 5388 1675 5429; x_wconf 89' lang='lat' dir='ltr'><strong>suum</strong></span> <span class='ocrx_word' id='word_1_279' title='bbox 1710 5369 1848 5432; x_wconf 87' lang='lat' dir='ltr'><strong>illic</strong></span> <span class='ocrx_word' id='word_1_280' title='bbox 1890 5367 2250 5429; x_wconf 89' lang='lat' dir='ltr'><strong>damnatum</strong></span> <span class='ocrx_word' id='word_1_281' title='bbox 2288 5376 2637 5447; x_wconf 86' lang='lat' dir='ltr'><strong>agnoscat,</strong></span> <span class='ocrx_word' id='word_1_282' title='bbox 2695 5383 2876 5449; x_wconf 82' lang='lat' dir='ltr'><strong>seque</strong></span> <span class='ocrx_word' id='word_1_283' title='bbox 2922 5372 3090 5432; x_wconf 77' lang='lat' dir='ltr'><strong>velut</strong></span> <span class='ocrx_word' id='word_1_284' title='bbox 3139 5366 3473 5435; x_wconf 85' lang='lat' dir='ltr'><strong>membrum</strong></span> <span class='ocrx_word' id='word_1_285' title='bbox 3519 5392 3559 5433; x_wconf 83' lang='grc' dir='ltr'>α</span> 
     </span>
    </p>
   </div>
   <div class='ocr_carea' id='block_1_33' title="bbox 297 5469 3556 5551">
    <p class='ocr_par' dir='ltr' id='par_1_33' title="bbox 297 5469 3556 5551">
     <span class='ocr_line' id='line_1_34' title="bbox 297 5469 3556 5551; baseline 0.002 -24"><span class='ocrx_word' id='word_1_286' title='bbox 297 5469 537 5550; x_wconf 84' lang='lat' dir='ltr'><strong>reliquo</strong></span> <span class='ocrx_word' id='word_1_287' title='bbox 587 5488 855 5550; x_wconf 86' lang='lat' dir='ltr'><strong>corpore</strong></span> <span class='ocrx_word' id='word_1_288' title='bbox 896 5472 1225 5548; x_wconf 66' lang='lat' dir='ltr'><strong>precisum</strong></span> <span class='ocrx_word' id='word_1_289' title='bbox 1282 5471 1526 5551; x_wconf 80' lang='lat' dir='ltr'><strong>deﬂeat.</strong></span> <span class='ocrx_word' id='word_1_290' title='bbox 1571 5471 1815 5532; x_wconf 77' lang='lat' dir='ltr'><strong>Etenim</strong></span> <span class='ocrx_word' id='word_1_291' title='bbox 1864 5491 2002 5535; x_wconf 91' lang='lat' dir='ltr'><strong>cum</strong></span> <span class='ocrx_word' id='word_1_292' title='bbox 2043 5471 2461 5533; x_wconf 87' lang='lat' dir='ltr'><strong>ecclesiastica</strong></span> <span class='ocrx_word' id='word_1_293' title='bbox 2510 5470 2788 5533; x_wconf 84' lang='lat' dir='ltr'><strong>historia</strong></span> <span class='ocrx_word' id='word_1_294' title='bbox 2831 5471 2994 5534; x_wconf 84' lang='lat' dir='ltr'><strong>nihil</strong></span> <span class='ocrx_word' id='word_1_295' title='bbox 3023 5473 3202 5534; x_wconf 87' lang='lat' dir='ltr'><strong>aliud</strong></span> <span class='ocrx_word' id='word_1_296' title='bbox 3242 5475 3556 5535; x_wconf 86' lang='lat' dir='ltr'><strong>contineat</strong></span> 
     </span>
    </p>
   </div>
   <div class='ocr_carea' id='block_1_34' title="bbox 299 5570 3563 5650">
    <p class='ocr_par' dir='ltr' id='par_1_34' title="bbox 299 5570 3563 5650">
     <span class='ocr_line' id='line_1_35' title="bbox 299 5570 3563 5650; baseline 0.001 -21"><span class='ocrx_word' id='word_1_297' title='bbox 299 5588 479 5648; x_wconf 82' lang='lat' dir='ltr'><strong>quam</strong></span> <span class='ocrx_word' id='word_1_298' title='bbox 533 5570 1033 5649; x_wconf 85' lang='lat' dir='ltr'><strong>apostolicarum</strong></span> <span class='ocrx_word' id='word_1_299' title='bbox 1076 5570 1312 5631; x_wconf 82' lang='lat' dir='ltr'><strong>sedium</strong></span> <span class='ocrx_word' id='word_1_300' title='bbox 1349 5580 1711 5650; x_wconf 86' lang='lat' dir='ltr'><strong>perpetuam</strong></span> <span class='ocrx_word' id='word_1_301' title='bbox 1759 5574 2234 5647; x_wconf 87' lang='lat' dir='ltr'><strong>successionem,</strong></span> <span class='ocrx_word' id='word_1_302' title='bbox 2270 5572 2712 5650; x_wconf 86' lang='lat' dir='ltr'><strong>episcoporum</strong></span> <span class='ocrx_word' id='word_1_303' title='bbox 2756 5572 2877 5636; x_wconf 85' lang='lat' dir='ltr'><strong>sibi</strong></span> <span class='ocrx_word' id='word_1_304' title='bbox 2924 5572 3185 5634; x_wconf 82' lang='lat' dir='ltr'><strong>invicem</strong></span> <span class='ocrx_word' id='word_1_305' title='bbox 3235 5572 3563 5634; x_wconf 78' lang='lat' dir='ltr'><strong>succeden-</strong></span> 
     </span>
    </p>
   </div>
   <div class='ocr_carea' id='block_1_35' title="bbox 301 5674 3562 5756">
    <p class='ocr_par' dir='ltr' id='par_1_35' title="bbox 301 5674 3562 5756">
     <span class='ocr_line' id='line_1_36' title="bbox 301 5674 3562 5756; baseline 0.002 -23"><span class='ocrx_word' id='word_1_306' title='bbox 301 5675 455 5734; x_wconf 85' lang='lat' dir='ltr'><strong>tium</strong></span> <span class='ocrx_word' id='word_1_307' title='bbox 484 5677 695 5738; x_wconf 85' lang='lat' dir='ltr'><strong>seriem</strong></span> <span class='ocrx_word' id='word_1_308' title='bbox 720 5723 734 5743; x_wconf 87' lang='lat'><em>.</em></span> <span class='ocrx_word' id='word_1_309' title='bbox 767 5674 1051 5735; x_wconf 89' lang='lat' dir='ltr'><strong>illustria</strong></span> <span class='ocrx_word' id='word_1_310' title='bbox 1082 5674 1342 5756; x_wconf 82' lang='lat' dir='ltr'><strong>denique</strong></span> <span class='ocrx_word' id='word_1_311' title='bbox 1373 5676 1700 5736; x_wconf 89' lang='lat' dir='ltr'><strong>doctorum</strong></span> <span class='ocrx_word' id='word_1_312' title='bbox 1744 5685 1798 5737; x_wconf 89' lang='lat' dir='ltr'><strong>et</strong></span> <span class='ocrx_word' id='word_1_313' title='bbox 1835 5679 2182 5755; x_wconf 82' lang='lat' dir='ltr'><strong>martyrum</strong></span> <span class='ocrx_word' id='word_1_314' title='bbox 2221 5694 2341 5754; x_wconf 91' lang='lat' dir='ltr'><strong>pro</strong></span> <span class='ocrx_word' id='word_1_315' title='bbox 2388 5677 2626 5755; x_wconf 88' lang='lat' dir='ltr'><strong>pietate</strong></span> <span class='ocrx_word' id='word_1_316' title='bbox 2659 5679 3043 5738; x_wconf 86' lang='lat' dir='ltr'><strong>certamina:</strong></span> <span class='ocrx_word' id='word_1_317' title='bbox 3094 5694 3172 5737; x_wconf 76' lang='lat' dir='ltr'><strong>ea:</strong></span> <span class='ocrx_word' id='word_1_318' title='bbox 3224 5676 3453 5755; x_wconf 81' lang='lat' dir='ltr'><strong>quibus</strong></span> <span class='ocrx_word' id='word_1_319' title='bbox 3496 5677 3562 5741; x_wconf 83' lang='lat' dir='ltr'><strong>hi</strong></span> 
     </span>
    </p>
   </div>
   <div class='ocr_carea' id='block_1_36' title="bbox 300 5777 3562 5863">
    <p class='ocr_par' dir='ltr' id='par_1_36' title="bbox 300 5777 3562 5863">
     <span class='ocr_line' id='line_1_37' title="bbox 300 5777 3562 5863; baseline 0.003 -27"><span class='ocrx_word' id='word_1_320' title='bbox 300 5780 543 5857; x_wconf 84' lang='lat' dir='ltr'><strong>quidem</strong></span> <span class='ocrx_word' id='word_1_321' title='bbox 577 5781 857 5859; x_wconf 89' lang='lat' dir='ltr'><strong>furorem</strong></span> <span class='ocrx_word' id='word_1_322' title='bbox 888 5778 1220 5856; x_wconf 85' lang='lat' dir='ltr'><strong>gentilium</strong></span> <span class='ocrx_word' id='word_1_323' title='bbox 1249 5779 1596 5842; x_wconf 60' lang='lat' dir='ltr'><strong>tolerantiaP</strong></span> <span class='ocrx_word' id='word_1_324' title='bbox 1626 5795 1751 5843; x_wconf 63' lang='lat' dir='ltr'><strong>suav</strong></span> <span class='ocrx_word' id='word_1_325' title='bbox 1774 5777 2162 5861; x_wconf 85' lang='lat' dir='ltr'><strong>fortitudine</strong></span> <span class='ocrx_word' id='word_1_326' title='bbox 2202 5788 2585 5859; x_wconf 78' lang='lat' dir='ltr'><strong>superarunt</strong></span> <span class='ocrx_word' id='word_1_327' title='bbox 2616 5803 2636 5852; x_wconf 71' lang='grc' dir='ltr'><em>ι</em></span> <span class='ocrx_word' id='word_1_328' title='bbox 2678 5778 2781 5841; x_wconf 85' lang='lat' dir='ltr'><strong>i‘lli</strong></span> <span class='ocrx_word' id='word_1_329' title='bbox 2811 5799 2953 5842; x_wconf 85' lang='lat' dir='ltr'><strong>vero</strong></span> <span class='ocrx_word' id='word_1_330' title='bbox 2984 5781 3417 5845; x_wconf 61' lang='lat' dir='ltr'><strong>hereticorum</strong></span> <span class='ocrx_word' id='word_1_331' title='bbox 3450 5782 3562 5863; x_wconf 76' lang='lat' dir='ltr'><strong>qui</strong></span> 
     </span>
    </p>
   </div>
   <div class='ocr_carea' id='block_1_37' title="bbox 625 5879 3155 5950">
    <p class='ocr_par' dir='ltr' id='par_1_37' title="bbox 625 5879 3155 5950">
     <span class='ocr_line' id='line_1_38' title="bbox 625 5879 3155 5950; baseline -0.002 -3"><span class='ocrx_word' id='word_1_332' title='bbox 625 5886 899 5947; x_wconf 67' lang='lat' dir='ltr'><strong>PA&#39;I&#39;BOL.</strong></span> <span class='ocrx_word' id='word_1_333' title='bbox 936 5885 1052 5944; x_wconf 73' lang='lat' dir='ltr'><strong>Gn.</strong></span> <span class='ocrx_word' id='word_1_334' title='bbox 1114 5884 1261 5944; x_wconf 76' lang='lat' dir='ltr'><strong>XX.</strong></span> <span class='ocrx_word' id='word_1_335' title='bbox 3125 5879 3155 5950; x_wconf 82' lang='grc'><strong>1</strong></span> 
     </span>
    </p>
   </div>
  </div>
