4054 6456
415 358 478 414 ει
1208 366 1221 379 ⁵
1402 348 1677 410 νΑιΕειι
1716 346 2016 405 EPISTOL.

2092 342 2657 404 NUNCUI’ATORIA.
3598 347 3667 403 12

410 481 709 543 adversus
741 474 1082 538 Ecclesium
1139 473 1618 535 insurrexerunt
1663 487 1955 551 perversa
1988 468 2282 547 dogmata
2318 467 2580 547 scriptis
2600 466 2734 529 suis
2763 466 3287 548 eonfutaverunt:
3317 483 3670 551 quicunque

411 604 490 648 ex
518 582 828 646 Itxreticis
861 578 943 639 ad
971 578 1160 663 hujus
1190 575 1474 637 historice
1523 573 1845 635 lectionem
1888 571 2106 634 oculos
2154 583 2340 651 atque
2379 574 2656 633 animum
2706 569 3081 643 intenderit,
3125 576 3406 654 fateatur
3433 589 3670 633 necesse

411 697 499 750 est
529 708 590 749 se
617 685 694 747 ab
726 683 841 745 illa
875 680 1311 762 apostolorum
1356 678 1780 752 successione,
1812 675 1887 736 ab
1926 676 2042 737 illo
2077 675 2410 737 doctorum
2447 683 2500 736 et
2534 683 2883 755 martyrum
2912 694 3116 756 grege,
3152 678 3228 741 ab
3263 677 3378 739 illa
3408 675 3671 758 denique

411 795 851 873 episcoporum
900 785 1330 846 communione
1366 800 1637 862 prorsus
1669 780 1940 842 alienum
1973 799 2117 842 esse.
2151 781 2400 859 Quippe
2430 783 2502 841 ab
2539 778 2757 842 iisdem
2795 782 2929 844 illis
2967 783 3406 862 apostolorum
3434 801 3672 844 succes-

404 896 685 965 soribus,
725 892 836 973 qui
874 887 1109 951 easdem
1137 887 1339 947 adhuc
1370 885 1539 945 sedes
1590 894 1646 945 et
1678 882 2002 944 cathedras
2042 883 2320 944 obtinent
2354 883 2418 943 in
2466 883 2692 963 quibus
2726 883 2874 946 olim
2918 886 3198 960 apostoli
3231 887 3556 960 sederunt,
3595 885 3669 948 ab

409 1002 547 1065 illis
578 1002 735 1078 ipsis
766 998 876 1078 qui
919 993 1315 1056 Novatianos
1346 1000 1399 1051 et
1433 990 1796 1051 Donatistas
1823 997 1878 1049 et
1921 988 2276 1049 Artemonis
2304 995 2646 1049 sectatores
2677 987 3192 1065 condemnarunt,
3224 1010 3402 1052 suum
3432 1008 3673 1071 quoque

408 1118 683 1165 errorem
712 1095 861 1176 puri
886 1092 1191 1154 sententia
1221 1088 1692 1149 condemnatum
1725 1084 2113 1165 intelligunt.
2148 1085 2392 1147 Pudeat
2426 1081 2627 1165 igitur
2667 1088 2814 1149 illos
2845 1098 3089 1167 oportet
3118 1092 3357 1153 erroris
3388 1109 3460 1151 ac
3488 1092 3673 1152 novi-

406 1208 564 1306 tatis
595 1221 721 1264 sux
745 1246 762 1277 ,
818 1200 1304 1279 quotiescunque
1335 1198 1399 1258 in
1429 1194 1701 1257 historia
1733 1192 2149 1255 ecclesiastica
2187 1201 2479 1272 tanquam
2517 1195 2582 1254 in
2607 1193 2859 1273 speculo
2908 1196 3231 1258 veritatem
3270 1198 3674 1275 conspiciunt

408 1293 466 1370 et
500 1306 940 1386 antiquitatem
962 1346 979 1374 ,
1019 1300 1378 1377 dogmatum
1407 1313 1667 1356 suorum
1716 1294 1924 1356 errori
1964 1293 2359 1371 novitatique
2387 1303 2860 1373 repugnantem.
2894 1298 3094 1375 Atque
3120 1296 3246 1358 haec
3273 1298 3474 1359 obiter
3503 1296 3674 1359 diem

411 1411 541 1471 sint
579 1406 650 1468 de
686 1404 1113 1468 ecclesiasticx
1151 1395 1439 1459 historice
1467 1395 1785 1474 pracipua
1834 1391 2150 1464 utilitate,
2186 1395 2367 1474 cujus
2411 1395 2809 1473 potissimum
2859 1414 3045 1457 causa
3069 1442 3086 1472 ,
3119 1416 3294 1459 novae
3318 1398 3506 1480 hujus
3542 1398 3672 1461 edi~

414 1513 611 1576 tionis
647 1509 800 1571 mihi
837 1528 875 1568 a
904 1505 1081 1566 vobis
1115 1521 1268 1564 cura
1300 1498 1593 1560 mandata
1626 1504 1737 1559 est.
1768 1496 1892 1559 Nec
1922 1513 2066 1561 vero
2095 1496 2299 1556 solum
2334 1496 2629 1558 Ecclesia:
2659 1498 3021 1571 commodis,
3062 1496 3169 1558 sed
3198 1507 3252 1560 et
3283 1499 3677 1561 eruditorum

416 1613 688 1677 omnium
728 1607 894 1668 votis
932 1605 1047 1666 hac
1103 1601 1376 1662 editione
1421 1596 1867 1669 consuluistis,
1903 1612 2166 1674 quorum
2198 1595 2490 1676 plerique
2535 1588 2773 1674 partim
2820 1597 3026 1659 (ἔνωοί
3071 1605 3403 1658 contextus
3438 1598 3676 1660 mendis

414 1735 485 1776 ac
513 1713 714 1782 vitiis,
758 1707 994 1789 partim
1028 1703 1404 1765 Latinorum
1437 1701 1847 1778 interpretum
1875 1696 2200 1758 erroribus
2223 1741 2241 1772 ,
2276 1697 2350 1758 ab
2383 1698 2643 1760 Eusebii
2672 1698 2884 1759 nostri
2915 1697 3179 1761 lectione
3232 1699 3529 1761 hactenus
3576 1700 3678 1761 de-

413 1817 833 1884 ,ηννεοαηωη
867 1813 955 1873 Ac
1005 1828 1077 1869 ne
1109 1807 1252 1888 quis
1280 1807 1447 1886 [orte
1491 1801 1841 1877 minuenda:
1888 1798 2164 1860 aliorum
2200 1800 2460 1879 glorix,
2512 1802 2748 1882 meique
2787 1804 2994 1881 operis
3023 1801 3417 1882 praedicandi
3450 1823 3675 1875 causa,

419 1919 593 1984 istud
621 1938 659 1978 α
704 1934 795 1977 me
827 1913 1064 1973 dictum
1109 1914 1293 1988 putet
1320 1948 1339 1979 ,
1375 1903 1727 1965 doctissimi
1755 1903 2023 1965 hominis
2056 1902 2483 1962 testimonium
2520 1900 2621 1962 hic
2658 1920 2969 1981 apponam
2991 1946 3006 1976 ,
3038 1904 3149 1984 qui
3179 1912 3322 1964 ante
3350 1902 3464 1964 hos
3495 1913 3680 1964 octo-

417 2026 596 2106 ginta
623 2038 818 2083 annos
848 2015 1009 2080 idem
1041 2011 1113 2073 de
1145 2010 1360 2074 Graeca
1410 2007 1671 2069 Eusebii
1716 2005 1989 2069 editione
2041 2004 2233 2084 deque
2266 2004 2514 2066 Latinis
2562 2002 3012 2085 interpretibus
3040 2007 3357 2087 judicium
3403 2007 3579 2069 tum,
3615 2008 3680 2069 ιε

415 2135 507 2188 est
531 2127 805 2186 Joannes
834 2116 1204 2189 Curterius,
1241 2113 1351 2194 qui
1392 2113 1458 2173 in
1506 2110 1774 2188 epistola
1813 2128 1995 2190 quam
2021 2108 2376 2170 Parisiensi
2406 2107 2673 2170 editioni
2700 2110 2979 2190 prxﬁxit
3005 2153 3022 2185 ,
3055 2110 3358 2170 Joannem
3399 2111 3678 2190 Rupe/u-

413 2229 692 2290 caldium
722 2221 1078 2304 alloquitur
1106 2220 1207 2282 his
1234 2217 1440 2279 verbis
1475 2237 1496 2276 :
1526 2238 1556 2272 α
1587 2216 1664 2277 Si
1703 2215 1769 2274 in
1803 2214 1984 2276 istam
2016 2213 2376 2277 ercorum
2418 2211 2703 2274 historiae
2733 2213 3159 2275 ecclesiastica
3184 2222 3514 2274 auctorum
3550 2215 3682 2275 edi:

416 2334 649 2393 tionem
679 2330 1072 2392 intueamur,
1123 2316 1277 2400 quid
1324 2336 1392 2376 ea
1443 2331 1719 2394 unquam
1765 2310 1999 2373 editum
2029 2310 2481 2391 depravatius?
2519 2308 2594 2371 Id
2636 2328 2744 2388 ego
2779 2329 2936 2388 sxpe
2982 2321 3125 2372 ante
3168 2331 3366 2373 annos
3402 2331 3535 2385 sex,
3571 2313 3681 2394 qui

418 2434 637 2496 Gra'ca
666 2430 797 2507 ejus
831 2424 1092 2486 lectione
1124 2420 1463 2481 delectarer
1490 2459 1507 2487 ,
1549 2434 1686 2475 cum
1718 2433 1901 2475 essem
1932 2422 2230 2493 expertus
2252 2457 2269 2487 ,
2303 2420 2358 2473 et
2409 2413 2713 2486 Rufinum
2753 2416 2933 2494 cujus
2969 2421 3239 2493 tempore
3283 2412 3559 2474 nondum
3592 2415 3683 2473 ita

418 2539 727 2610 corrupta
753 2530 951 2611 fuisse
1005 2522 1390 2603 exemplaria
1438 2520 1733 2581 credatur
1766 2518 1997 2601 facile,
2052 2517 2414 2579 Musculum
2451 2516 2712 2598 denique
2756 2518 2960 2597 ipsum
3004 2518 3073 2577 in
3117 2516 3450 2579 consilium
3500 2514 3683 2575 adhi-

417 2636 703 2709 buissem,
738 2641 981 2694 tantum
1011 2635 1178 2690 abest
1214 2638 1282 2688 ut
1317 2643 1531 2687 eorum
1566 2621 1964 2686 versionibus
2000 2623 2116 2684 sim
2148 2622 2406 2704 adjutus
2430 2665 2448 2694 ,
2483 2630 2552 2681 ut
2593 2620 2775 2681 illum
2807 2618 2999 2698 (quod
3030 2620 3251 2681 merito
3280 2616 3678 2699 reprehendit

418 2738 863 2819 Hieronymus)
900 2736 965 2797 in
995 2732 1266 2796 Eusebio
1298 2726 1610 2792 reddendo
1645 2747 1872 2808 parum
1904 2729 2142 2805 integre
2170 2745 2233 2785 se
2256 2723 2666 2805 prxstitisse;
2698 2731 2753 2784 et
2784 2721 2948 2783 hunc
2979 2739 3105 2782 nan
3131 2730 3375 2782 tantum
3401 2718 3681 2790 mendosi

420 2845 795 2927 exemplaris
828 2839 1030 2905 Graeci
1061 2837 1153 2898 vel
1183 2838 1339 2899 leves
1369 2852 1613 2895 errores
1646 2851 1772 2893 non
1805 2828 2339 2898 animadvertisse,
2373 2828 2480 2889 sed
2510 2845 2658 2888 suos
2691 2826 2757 2886 in
2806 2825 3149 2887 versionem
3180 2825 3490 2904 inﬁnitos,
3526 2840 3682 2903 par-

420 2953 530 3013 tim
564 2923 840 3028 ignavia,
872 2944 1108 3023 partim
1140 2938 1211 3000 de
1255 2935 1604 3009 industria,
1649 2940 1717 2993 ut
1751 2932 1883 2993 suis
1914 2928 2207 3009 partibus
2250 2930 2484 3009 faveret
2512 2970 2529 2998 ,
2575 2926 2881 2986 invexisse
2925 2923 3449 3005 deprehenderim.
3512 2946 3542 2982 ι
3599 2925 3681 2984 Et

416 3024 612 3132 paulo
665 3056 809 3127 post
849 3047 922 3104 de
976 3037 1539 3119 Christophorsoni
1588 3032 2108 3113 interpretatione
2157 3031 2250 3091 ita
2295 3026 2729 3109 pronuntiat:
2776 3049 2806 3083 α
2841 3025 3000 3106 Ejus
3037 3025 3191 3088 libri
3224 3024 3679 3086 emendationes

422 3125 696 3213 utilitati
724 3144 993 3226 publica:
1023 3140 1248 3203 tandiu
1286 3157 1414 3199 non
1442 3135 1845 3208 invidissem,
1892 3132 2023 3192 nisi
2064 3132 2441 3208 promissam
2488 3125 3055 3207 Christophorsoni
3103 3126 3683 3205 interpretationem

422 3254 608 3314 etiam
638 3245 1114 3329 exspectandam
1146 3243 1536 3304 censuissem.
1594 3235 1931 3316 Sperabam
1982 3234 2143 3295 enim
2174 3231 2324 3313 quia
2367 3232 2513 3292 bene
2547 3229 2799 3293 doctum
2844 3230 3150 3292 hominem
3195 3239 3251 3290 et
3304 3227 3680 3291 catholicum

425 3372 587 3425 esse,
622 3351 840 3411 deinde
881 3349 1062 3410 bonis
1115 3343 1576 3424 exemplaribus
1623 3340 1909 3420 adjutum
1952 3336 2151 3417 fuisse
2195 3335 2523 3396 audiebam
2551 3380 2567 3408 ,
2608 3355 2735 3397 non
2763 3332 3132 3416 prxclaram
3180 3335 3362 3394 modo
3398 3340 3453 3393 et
3484 3341 3684 3392 tutam

425 3457 765 3517 versionem
814 3450 1089 3530 aliquam
1127 3447 1516 3517 emissurum,
1545 3441 1650 3504 sed
1682 3443 1744 3503 in
1774 3438 2089 3520 publicati
2137 3436 2374 3499 codicis
2407 3437 2613 3499 Graeci
2664 3435 3143 3498 emendationem
3189 3414 3383 3514 (quod
3422 3433 3576 3494 solet
3607 3427 3683 3490 ab

424 3554 871 3636 interpretibus
909 3548 1191 3610 omnibus
1220 3564 1349 3607 non
1398 3543 1627 3624 omitti)
1668 3543 1990 3603 variarum
2035 3540 2374 3601 lectionum
2423 3549 2476 3599 et
2532 3537 2993 3600 correctionum
3035 3534 3474 3597 adnotationes
3508 3536 3679 3615 adje-

426 3674 697 3729 cturum.
763 3662 979 3721 Verum
1032 3656 1216 3735 longe
1262 3653 1452 3713 aliter
1492 3649 1724 3711 accidit
1757 3657 1942 3728 atque
1976 3646 2429 3726 exspectabam.
2483 3642 2806 3724 Siquidem
2842 3649 2911 3701 ut
2959 3641 3031 3701 de
3081 3641 3211 3719 ejus
3254 3640 3525 3702 editione
3567 3637 3684 3698 hoc

427 3768 631 3829 solum
654 3781 819 3824 nunc
851 3761 1057 3822 dicam
1080 3802 1096 3829 ,
1133 3755 1303 3838 quod
1329 3756 1501 3834 piam
1538 3752 1786 3834 quidem
1835 3761 1888 3813 et
1932 3752 2308 3813 catholicam
2335 3794 2355 3824 ,
2389 3747 2493 3809 sed
2525 3747 2878 3809 inchoatam
2916 3746 3135 3824 potius
3175 3761 3358 3824 quam
3405 3750 3685 3803 exactam

429 3879 538 3930 aut
570 3869 907 3947 perfectam
940 3860 1158 3922 multis
1194 3855 1551 3920 rationibus
1585 3854 1758 3915 credi
1807 3871 1929 3932 par
1964 3861 2090 3912 est:
2139 3852 2230 3912 sic
2269 3850 2599 3911 meliorum
2628 3847 2915 3909 codicum
2946 3845 3174 3926 quibus
3212 3844 3345 3924 ipse
3373 3862 3525 3904 usus
3558 3853 3644 3904 est
3666 3888 3685 3918 ,

432 3974 728 4050 exiguum
760 3976 866 4029 aut
898 3968 1026 4047 fere
1074 3961 1319 4024 nullum
1349 3962 1631 4040 fructum
1662 3956 1744 4018 ad
1771 3959 2001 4018 multos
2042 3955 2247 4017 redire
2268 3952 2475 4027 video,
2509 3972 2647 4015 eum
2687 3959 2987 4032 quantum
3025 3969 3123 4011 eos
3155 3956 3403 4012 secutus
3433 3946 3529 4008 vel
3574 3949 3690 4008 im-

429 4080 690 4139 mutarit
733 4074 825 4135 vel
854 4070 1199 4140 addiderit,
1231 4067 1367 4127 suis
1403 4065 1582 4136 locis,
1615 4073 1684 4123 ut
1721 4061 1969 4135 decuit,
2002 4062 2130 4121 sive
2161 4058 2241 4120 ad
2290 4058 2658 4122 ercorum
2693 4054 3191 4123 restitutionem,
3224 4054 3353 4114 sive
3399 4052 3482 4111 ad
3507 4053 3688 4131 fidem

430 4178 706 4241 versioni
735 4193 861 4236 sua:
890 4184 941 4233 et
974 4168 1415 4230 auctoritatem
1460 4158 1943 4240 comparandam
1964 4202 1981 4232 ,
2012 4175 2141 4219 non
2168 4158 2518 4219 admoneat.
2555 4176 2584 4213 ι
2623 4153 2847 4214 Petrus
2876 4168 3120 4231 quoque
3141 4148 3518 4210 Halloixius
3538 4194 3552 4219 ,
3587 4148 3691 4208 vir

428 4278 494 4341 in
522 4277 748 4358 primis
779 4270 1062 4334 eruditus
1117 4284 1188 4325 ac
1239 4261 1542 4341 diligens,
1579 4259 1645 4319 in
1678 4268 1840 4319 tomo
1890 4257 1998 4327 ll,
2035 4274 2155 4336 quo
2196 4251 2544 4315 illustrium
2584 4247 2929 4312 Orientalis
2971 4245 3266 4307 Ecclesiae
3306 4247 3690 4324 scriptorum

429 4345 604 4446 Vit-as
638 4373 997 4454 complexus
1031 4377 1141 4439 est,
1187 4366 1251 4424 in
1280 4359 1715 4424 natationibus
1765 4359 1846 4417 ad
1903 4359 2095 4418 Vitam
2135 4356 2203 4417 S.
2252 4353 2638 4433 Hegesippi,
2685 4368 2826 4429 cap.
2871 4350 2937 4420 3,
2989 4349 3062 4408 de
3102 4346 3369 4407 Joannis
3401 4345 3688 4410 Christo.

425 4480 733 4569 phorsoni
776 4477 1059 4538 versione
1108 4469 1263 4531 idem
1316 4465 1485 4548 quod
1514 4464 1847 4527 Curterius
1898 4462 2086 4522 sentit
2141 4479 2158 4521 :
2206 4481 2236 4517 α
2293 4457 2422 4519 Uno
2475 4455 2705 4527 verbo,
2753 4453 2957 4533 inquit
2990 4498 3007 4524 ,
3043 4471 3248 4513 omnes
3279 4455 3407 4533 fere
3448 4472 3692 4513 errores

428 4551 1014 4658 'C’laristophorsoni,
1048 4569 1156 4650 qui
1193 4572 1336 4627 sunt
1365 4582 1491 4624 non
1520 4562 1715 4641 pauci
1744 4606 1760 4634 ,
1795 4559 2105 4620 adhaerent
2153 4561 2332 4620 etiam
2376 4555 2653 4616 Baronio
2678 4596 2694 4626 ,
2746 4571 2881 4613 cum
2918 4551 3048 4630 ejus
3078 4570 3314 4630 semper
3345 4560 3567 4612 utatur
3624 4571 3718 4611 in‘

429 4687 682 4754 citando
714 4680 982 4743 Eusebio
1018 4673 1316 4737 versione.
1350 4671 1453 4730 Ita
1514 4668 1605 4747 ﬁt,
1648 4675 1721 4727 ut
1749 4665 1911 4725 aliis
1928 4665 2092 4725 alios
2121 4660 2514 4743 sequentibus
2541 4703 2557 4731 ,
2587 4675 2696 4717 nec
2734 4657 2936 4735 fontes
2986 4650 3236 4713 Grecos
3270 4652 3694 4713 examinanti-

429 4768 565 4862 bus,
598 4785 796 4868 primi
823 4781 1096 4862 alicujus
1132 4774 1495 4855 interpretis
1524 4789 1768 4833 errores
1797 4769 1877 4830 ad
1914 4766 2411 4849 quamplurimas
2445 4762 2790 4842 scriptores
2813 4803 2831 4834 ,
2869 4758 2982 4837 qui
3010 4755 3149 4816 sola
3175 4756 3473 4817 nituntur
3503 4755 3692 4835 prio-

429 4912 569 4957 rum
598 4855 999 4957 auctoritate,
1033 4885 1096 4944 in
1129 4884 1487 4942 immensum
1519 4872 1988 4956 diffundantur.
2022 4872 2126 4931 Ex
2159 4887 2282 4948 quo
2316 4867 2536 4937 etiam,
2567 4871 2803 4945 quanta
2831 4861 2915 4921 sit
2947 4858 3185 4936 lingute
3232 4855 3461 4918 Graece
3489 4874 3695 4916 neces-

426 5002 610 5064 sitas.
648 4996 715 5055 in
734 4999 1035 5073 promptu
1066 4996 1151 5047 est
1183 5002 1571 5064 cognoscere.
1614 5005 1642 5037 ιν
1679 4980 1850 5041 Idem
1879 4979 1946 5040 in
1988 4975 2196 5037 eodem
2229 4973 2437 5052 capite
2458 5015 2474 5042 ,
2503 4987 2651 5049 pag.
2685 4968 2801 5027 ’731
2824 5008 2843 5039 ,
2882 4963 2973 5024 ait
3005 4982 3068 5022 se
3105 4961 3366 5024 libenter
3394 4960 3697 5022 adnotare

433 5112 676 5160 errores
710 5062 816 5174 qui
849 5095 1193 5150 occurrunt
1224 5062 1289 5146 in
1320 5083 1601 5143 versione
1630 5074 2220 5154 Christophorsoni,
2249 5089 2326 5132 ne
2358 5071 2489 5151 ejus
2517 5068 2797 5127 versione
2826 5063 3085 5124 lectores
3111 5064 3179 5124 in
3209 5080 3480 5123 errorem
3511 5062 3696 5122 indu-

358 5253 367 5262 .
431 5209 680 5263 cantur.
716 5159 801 5256 λε
831 5191 1063 5253 malum
1095 5187 1341 5269 quidem
1368 5186 1574 5267 ipsum
1601 5227 1617 5257 ,
1651 5188 1722 5243 ut
1765 5178 1992 5242 videtis
2018 5221 2034 5250 ,
2076 5174 2264 5237 multi
2294 5171 2867 5233 animadverterant
2893 5210 2910 5241 ,
2943 5162 3351 5241 damnumque
3380 5159 3549 5222 illud
3574 5178 3701 5239 pu.

432 5296 660 5367 blicum
690 5297 1003 5369 dolebant,
1036 5264 1205 5375 quod
1231 5300 1358 5352 tam
1387 5264 1575 5350 utiles
1610 5283 2014 5366 antiquitatis
2048 5278 2482 5342 ecclesiasticae
2511 5274 2705 5345 libri,
2738 5280 2795 5332 et
2834 5267 3236 5331 scribentium
3277 5277 3331 5326 et
3380 5264 3697 5341 interpre-

434 5418 566 5472 tum
598 5403 783 5482 culpa
814 5419 885 5461 ac
913 5366 1295 5478 negligentia
1326 5390 1478 5453 adeo
1510 5387 1843 5468 depravati
1879 5387 2257 5464 legerentur.
2291 5379 2567 5457 Quidam
2595 5378 2779 5439 etiam
2805 5391 2923 5453 pro
2953 5370 3136 5433 virili
3163 5377 3345 5449 parte
3366 5366 3700 5428 remedium

434 5467 722 5570 adhibere
746 5550 762 5574 ,
800 5467 1016 5565 certis'
1033 5467 1540 5567 duntaxatlocis
1571 5467 1990 5554 tentaverunt.
2021 5486 2143 5551 Sed
2173 5506 2347 5548 neruo
2398 5482 2602 5545 adhuc
2651 5479 2898 5543 exstitit
2944 5477 3054 5559 qui
3085 5490 3308 5535 novam
3357 5467 3702 5531 Eusebiani

437 5612 644 5692 operis
676 5570 1010 5671 editionem
1038 5602 1640 5677 emendationemque
1671 5594 2012 5673 susciperet
2040 5613 2060 5663 ,-
2093 5610 2201 5652 seu
2230 5586 2400 5670 quod
2433 5587 2672 5648 laboris
2710 5576 3142 5663 magnitudine
3184 5573 3472 5654 plerique
3501 5570 3702 5630 deter-

435 5672 773 5777 rebantur;
820 5724 928 5767 seu
974 5699 1143 5783 quod
1177 5672 1565 5777 scriptorum
1598 5691 2049 5771 exemplarium
2073 5689 2262 5768 copia
2304 5698 2359 5747 et
2415 5686 2547 5747 otio
2583 5702 2656 5744 ac
2701 5680 2966 5761 reliquis
3019 5677 3322 5741 subsidiis
3356 5694 3491 5756 qua:
3519 5672 3605 5734 ad
3634 5673 3703 5734 id

439 5833 598 5895 opus
635 5809 976 5874 necessaria
1008 5812 1186 5880 sunt,
1226 5802 1733 5863 destituerentur.
1770 5798 1971 5858 Donec
2002 5813 2134 5867 vos,
2168 5810 2285 5872 pro
2318 5799 2520 5853 vestro
2555 5791 2622 5852 in
2669 5787 3115 5862 rempublicam
3152 5783 3529 5847 litterariam
3571 5788 3704 5841 stu-

2643 5932 2671 5966 ι
