4054 6456
239 423 301 475 15
1207 412 1478 470 VALESH
1518 410 1854 470 EPISTULA
1895 413 2464 472 NUNCUPATORIA.
3409 416 3472 472 ιι

235 537 356 606 dio,
393 533 460 596 id
487 553 638 612 opus
697 537 978 613 aggressi
1011 535 1179 606 estis,
1209 550 1548 614 novamque
1579 534 1941 595 Eusebiante
1981 535 2264 596 historice
2297 533 2623 595 editionem
2677 535 3014 596 curandam
3059 544 3240 615 atque
3289 537 3477 596 ador-

230 630 489 694 nandam
537 634 685 694 mihi
736 634 1134 694 commisistis
1165 654 1185 694 :
1224 642 1294 692 ut
1345 634 1573 694 amotis
1621 636 2026 704 superiorum
2067 632 2414 694 editionum
2461 635 2644 695 vitiis
2679 642 2865 714 atque
2912 633 3479 713 mendis,planior

231 733 505 810 deinceps
535 735 634 793 via
685 731 768 790 ad
818 717 1224 792 certissimam
1267 749 1479 790 rerum
1537 731 2095 792 ecclesiasticarum
2142 733 2438 792 notitiam
2491 733 2832 794 lectoribus
2878 744 3279 796 sterneretur.
3311 736 3474 812 .Quo

228 841 462 900 nomine
505 839 776 900 studiosi
825 844 986 897 certe
1037 855 1242 896 omnes
1277 836 1454 895 vobis
1498 837 1846 912 plurimum
1879 837 2120 907 debent,
2157 855 2421 913 quorum
2461 837 2795 898 commodis
2824 840 3220 920 utilitatique
3255 852 3476 901 nostra

229 961 407 1020 opera
436 940 787 1000 consultum
819 958 945 998 esse
980 937 1300 998 voluistis.
1338 938 1638 999 Cmterum
1666 947 1896 1016 prceter
1926 939 2038 1000 has
2076 960 2295 1000 causas
2331 959 2486 1019 quas
2505 941 2639 1018 jam
2669 951 3160 1010 commemoravi.
3203 961 3338 1022 quae
3366 962 3475 1002 vos

227 1038 301 1097 ad
320 1056 544 1097 notam
578 1037 1049 1099 Ecclesiastietr
1083 1037 1384 1096 Historia“:
1417 1036 1745 1100 editionem
1778 1037 2161 1114 impulerunt
2185 1085 2199 1106 .
2231 1038 2481 1098 suberat
2509 1039 2688 1098 etiam
2721 1040 2848 1099 alia
2877 1086 2893 1112 ,
2939 1059 3328 1120 nequaquam
3352 1084 3370 1114 ,
3407 1049 3477 1100 ut

227 1136 525 1208 arbitror,
557 1139 986 1214 praetereunda
1019 1162 1039 1201 :
1071 1141 1239 1220 quod
1266 1142 1506 1202 scilicet
1539 1143 1807 1204 Eusebio
1844 1144 1915 1204 de
1946 1144 2123 1205 vobis
2155 1145 2344 1224 deque
2396 1144 2724 1205 Gallicana
2759 1143 3041 1206 Ecclesia
3087 1149 3315 1224 optime
3362 1167 3479 1206 me-

227 1242 343 1300 rito
385 1243 653 1318 gratiam
686 1246 918 1322 referre
951 1243 1313 1308 studuistis.
1365 1245 1558 1308 Nemo
1596 1258 1756 1308 certe
1811 1258 1894 1308 est
1947 1269 2024 1309 ea:
2067 1249 2350 1328 antiquis
2388 1247 2676 1308 Ecclesia:
2740 1249 3156 1327 scriptoribus
3206 1251 3318 1330 qui
3378 1259 3468 1311 tot

228 1340 509 1404 Ecclesia:
541 1343 877 1406 Gallicana:
922 1345 1173 1410 laudes.
1213 1357 1304 1406 tot
1339 1349 1615 1427 insignia
1662 1359 1848 1428 atque
1895 1360 2252 1409 ornamenta
2307 1349 2570 1426 scriptis
2607 1349 2737 1408 suis
2787 1351 3161 1411 intexuerit.
3209 1348 3368 1411 Nam
3418 1351 3474 1409 si

228 1449 654 1528 antiquitatem
682 1461 938 1528 spectes,
973 1451 1144 1530 quod
1183 1455 1580 1533 pra’cipuum
1612 1463 2042 1530 argumentum
2091 1462 2175 1515 est
2211 1453 2610 1523 nobilitatis,
2641 1452 2744 1513 hic
2779 1461 2865 1510 est
2899 1454 3008 1532 qui
3054 1451 3431 1512 Crescentem
3457 1497 3474 1518 .

228 1544 403 1607 Pauli
448 1551 729 1626 apostoli
777 1552 1197 1632 discipulum,
1238 1557 1301 1615 in
1353 1557 1598 1618 Gallias
1648 1560 1882 1617 venisse
1914 1565 2212 1630 testatur,
2263 1557 2470 1636 ibique
2530 1556 2934 1634 Evangelium
2963 1556 3362 1634 praedicasse.
3407 1555 3477 1617 Si

227 1654 574 1714 antistitum
603 1657 992 1718 sanctitatem
1025 1661 1507 1738 contemplemur
1545 1681 1616 1720 ac
1650 1661 2028 1732 doctrinam,
2069 1661 2401 1722 Pothinum
2438 1661 2620 1721 nobis
2653 1668 2838 1740 atque
2885 1663 3185 1722 Irena'um
3223 1660 3480 1738 Lugdu-

227 1777 421 1818 nenses
452 1761 780 1839 episcopos
822 1766 1088 1842 profert.
1126 1763 1406 1840 Quorum
1443 1765 1550 1824 ille
1593 1785 1731 1826 cmn
1785 1765 2126 1826 Ecclesium
2164 1784 2335 1825 suam
2385 1766 2636 1842 optimis
2669 1761 2964 1841 exemplis
2992 1773 3062 1822 ac
3095 1760 3478 1820 documentis

227 1856 570 1920 diutissime
599 1865 888 1930 rexisset.
931 1867 1174 1926 tandem
1206 1873 1628 1946 nonagenario
1664 1875 1864 1952 major
1907 1875 2096 1934 citam
2131 1873 2378 1934 illustri
2414 1871 2721 1951 martyrio
2761 1873 3139 1932 terminavit.
3174 1857 3296 1930 llic
3327 1879 3474 1929 vero

226 1959 359 2036 ﬁdei
396 1961 778 2026 Christiana:
811 1976 1084 2027 assertor
1117 1970 1542 2048 fortissimus,
1577 1971 1875 2033 adversus
1912 1994 2116 2033 omnes
2162 1973 2415 2034 luereses
2459 1959 2976 2034 luculentissimis
3024 1971 3208 2031 libris
3269 1971 3479 2029 decer-

225 2060 393 2120 taeit.
428 2063 573 2120 Iam
629 2063 684 2123 si
721 2074 1069 2143 martyrum
1099 2068 1543 2149 fortitudinem
1585 2077 1637 2132 et
1685 2076 1927 2134 sincera
1975 2073 2320 2134 earumdem
2372 2073 2688 2152 passionis
2715 2072 2869 2131 Acta
2911 2071 3242 2135 desideres.
3295 2070 3476 2129 nulla

225 2169 371 2221 certe
412 2163 696 2225 Ecclesia
757 2168 870 2227 hac
917 2170 984 2228 in
1022 2188 1087 2230 re
1135 2171 1360 2233 Gallice
1404 2185 1632 2235 nostra:
1681 2175 2072 2254 anteferendo
2121 2184 2230 2236 est.
2283 2173 2637 2254 Epistolam
2693 2173 2852 2232 enim
2913 2173 3344 2233 Viennensium
3401 2177 3476 2230 ac

225 2260 721 2338 Lugdunensium
753 2269 964 2328 statim
1009 2275 1433 2350 proferemus,
1476 2274 1644 2354 quod
1675 2276 2165 2354 pulcherrimum
2206 2286 2291 2336 est
2329 2285 2514 2352 atque
2555 2275 3040 2335 vetustissimum
3098 2273 3300 2336 totius
3346 2277 3470 2336 Eeb

223 2359 405 2421 elesice
436 2361 502 2423 in
540 2364 654 2425 hoc
691 2385 910 2446 genere
942 2387 1421 2439 monumentum.
1478 2380 1562 2438 De
1592 2381 1770 2460 cujus
1821 2380 2113 2441 laudibus
2149 2399 2286 2440 cum
2329 2379 2526 2438 multa
2563 2378 2696 2457 jam
2753 2375 2921 2438 dicta
2971 2380 3097 2437 sint
3147 2399 3184 2436 a
3221 2373 3472 2462 multis,

223 2476 380 2520 nemo
417 2473 622 2524 tamen
651 2487 772 2547 pro
807 2471 986 2534 illius
1022 2475 1333 2556 dignitate
1358 2480 1652 2540 hactenus
1684 2490 1769 2542 est
1808 2481 2081 2544 locutus.
2112 2480 2282 2542 Adeo
2316 2479 2444 2559 ejus
2473 2475 2753 2556 epistola:
2808 2480 3095 2537 meritum
3125 2495 3195 2538 ac
3224 2478 3474 2558 pondus

224 2585 441 2630 omnem
498 2573 752 2640 dicendi
782 2587 904 2641 vim
938 2596 1213 2662 superat.
1249 2589 1447 2661 Atque
1510 2589 1575 2649 id
1605 2589 1969 2668 fatebuntur
2003 2590 2353 2668 quicunque
2387 2605 2513 2646 eam
2547 2584 2772 2662 scepius
2816 2575 3102 2656 legerint.
3157 2579 3292 2654 Quo
3328 2577 3474 2658 plus

225 2671 370 2729 enim
419 2672 680 2751 legitur,
726 2699 790 2740 eo
823 2702 1058 2762 semper
1088 2687 1334 2747 videtur
1367 2708 1490 2749 esse
1517 2691 1947 2768 prastantiar.
1983 2689 2120 2750 Hoc
2153 2707 2295 2747 vero
2347 2695 2471 2746 tam
2503 2684 2742 2761 insigne
2775 2671 3064 2741 Eeclesice
3099 2684 3314 2741 vestrm
3349 2700 3476 2740 moa

221 2782 568 2833 numentum
601 2779 714 2838 uni
746 2773 1013 2844 Eusebio
1052 2795 1369 2866 acceptum
1409 2791 1574 2866 ferre
1605 2789 1905 2852 debemus.
1943 2790 2068 2865 Qui
2112 2788 2238 2849 nisi
2297 2786 2734 2848 Historiarum
2782 2801 3040 2842 suarum
3089 2781 3272 2843 libris
3311 2783 3476 2842 illud

223 2875 606 2953 ίηίθοτιιίδενιν
643 2894 815 2946 tanto
845 2891 1250 2970 antiquitatis
1296 2896 1723 2960 ecclesiastica
1759 2901 2048 2958 thesauro
2081 2916 2245 2958 nunc
2276 2882 2544 2980 fortasse
2577 2909 2944 2955 careremus.
2991 2886 3179 2981 Quod
3225 2886 3282 2948 si
3329 2886 3473 2967 ﬁdei

222 2981 544 3046 sinceritas
575 3009 644 3049 ac
673 2991 1048 3070 simplicitas
1074 3008 1420 3077 quaeratur,
1459 2999 1678 3062 Gallos
1707 3009 1959 3062 nostros
1991 3000 2297 3063 Eusebius
2331 3003 2396 3062 in
2443 3001 2540 3062 his
2577 2997 2757 3059 libris
2788 2980 2931 3053 hinc
2962 2991 3278 3070 prtccipue
3308 3011 3474 3050 com~

223 3086 449 3146 mendat
477 3108 506 3148 :
539 3089 682 3152 dum
711 3096 802 3154 ait
837 3099 1323 3174 persecutionem
1357 3101 1734 3162 Diocletiani
1767 3103 1830 3160 in
1862 3100 2220 3162 Occidentis
2263 3100 2556 3180 partibus
2587 3117 2658 3158 ac
2710 3092 3059 3174 prasertim
3114 3093 3179 3152 in
3213 3085 3425 3151 Gallia
3455 3158 3472 3182 .

221 3185 335 3244 cito
367 3207 493 3248 esse
526 3210 970 3273 compressam,
1015 3201 1133 3260 Deo
1184 3202 1320 3263 illis
1370 3213 1633 3284 propter
1683 3199 1827 3284 ﬁdei
1862 3206 2283 3268 sinceritatem
2329 3205 2658 3281 benignius
2695 3196 3076 3276 indulgente.
3117 3195 3260 3254 Iam
3297 3213 3468 3266 τοῖον

223 3301 344 3385 qua'
369 3287 666 3353 Eeclesice
695 3293 1030 3361 Gallicana:
1063 3321 1189 3362 non
1218 3313 1534 3381 postrema
1566 3305 1704 3366 laus
1735 3314 1860 3378 est,
1895 3313 2260 3385 perpetuam
2294 3305 2620 3384 illiusjam
2655 3299 2794 3361 inde
2830 3319 2866 3358 α
2903 3299 3131 3374 primis
3167 3299 3467 3378 tempori-

222 3383 324 3443 bus
349 3395 492 3446 Cum
525 3389 660 3450 sede
688 3392 966 3454 Romana
997 3401 1476 3473 consensionem,
1513 3403 1579 3464 in
1615 3404 1712 3465 his
1741 3383 2001 3462 Eusebii
2035 3401 2215 3462 libris
2259 3419 2381 3460 non
2416 3397 2595 3458 semel
2629 3398 2768 3462 licet
2807 3403 3275 3483 deprehendere.
3329 3404 3474 3467 Pri-

221 3511 371 3550 mum
404 3494 655 3572 quidem
711 3499 776 3560 in
823 3504 1088 3580 epistola
1121 3518 1467 3584 martyrum
1502 3507 2032 3587 Lugdunensium,
2097 3525 2280 3587 quam
2338 3505 2462 3577 illi,
2495 3503 2697 3566 adhuc
2740 3510 2805 3566 in
2854 3520 3094 3566 carcere
3133 3505 3356 3584 positi.
3390 3505 3474 3568 ad

223 3594 613 3660 Eleutherum
644 3605 1056 3684 scripserunt,
1089 3619 1237 3673 tunc
1274 3613 1556 3675 Romana:
1585 3612 1761 3674 urbis
1795 3616 2192 3691 episcopum;
2224 3629 2367 3670 nam
2406 3628 2545 3670 cum
2575 3595 2801 3670 Asiani
2839 3609 3071 3670 litteris
3103 3612 3186 3668 ad
3222 3609 3473 3688 Lugdu-

148 3731 158 3752 .
223 3699 412 3757 nensis
443 3698 740 3762 Ecclesia
763 3704 994 3783 fratres
1025 3707 1191 3767 datis
1221 3727 1321 3767 eos
1352 3709 1837 3780 consuluissent,
1865 3707 2017 3788 quid
2044 3704 2430 3766 sentiendum
2458 3711 2608 3763 esset
2648 3704 2719 3764 de
2749 3723 2909 3765 nova
2939 3706 3304 3784 prophetia,
3337 3712 3472 3786 qua"

226 3809 361 3861 tunc
390 3805 566 3882 apud
597 3805 934 3885 Phrygiam
972 3828 1176 3870 recens
1210 3822 1435 3871 exorta
1465 3811 1872 3889 gravissimos
1909 3811 2216 3870 tumultus
2252 3827 2364 3886 per
2395 3813 2586 3868 totam
2617 3797 2831 3868 Asiam
2880 3809 3229 3883 excitarat,
3267 3797 3472 3871 Galli-

226 3903 357 3962 cani
385 3917 692 3983 martyres
722 3926 847 3968 rem
875 3908 960 3968 ad
1006 3907 1408 3968 Eleutherum
1459 3909 1856 3978 detulerunt,
1893 3918 1963 3967 ut
2013 3909 2144 3987 ejus
2180 3909 2550 3975 interventu.
2586 3909 2766 3986 cujus
2821 3909 2885 3970 in
2923 3909 3202 3971 Ecclesia
3235 3918 3470 3970 scamna

226 4016 342 4065 erat
377 4013 766 4087 auctoritas,
812 4032 946 4090 pax
975 4013 1228 4073 Asianis
1260 4015 1716 4075 restitueretur.
1755 4013 2036 4074 Alterum
2077 4012 2264 4090 hujus
2313 4010 2664 4074 concordia:
2713 4009 3060 4088 exemplum
3101 4009 3468 4087 suppeditat

225 4109 486 4186 synodus
524 4111 880 4187 Gallicana,
920 4116 986 4176 in
1030 4135 1152 4197 qua
1182 4121 1457 4179 Irenams
1508 4137 1632 4176 una
1677 4136 1813 4176 cum
1847 4115 2142 4196 pluribus
2175 4114 2529 4174 Galliarum
2561 4113 2909 4192 episcopis.
2965 4114 3238 4175 Victoris
3289 4120 3470 4191 papa!

226 4217 532 4278 sententia:
567 4216 638 4278 de
672 4217 1081 4282 celebratione
1101 4224 1247 4302 [esti
1283 4221 1625 4291 Paschalis,
1660 4220 1733 4283 ab
1763 4210 2034 4282 Eusebio
2075 4208 2317 4280 dicitur
2347 4219 2814 4296 subscripsisse.
2851 4211 3017 4274 Idem
3061 4221 3304 4293 quoque
3337 4213 3468 4272 Ire-

224 4335 378 4379 naus
412 4321 714 4382 adversus
771 4323 1093 4386 Florinum
1139 4328 1250 4406 qui
1301 4325 1642 4387 Ecclesium
1697 4327 2029 4385 Romanam
2079 4325 2444 4402 pernicioso
2483 4321 2810 4382 schismate
2858 4316 3178 4384 turbabat,
3211 4315 3468 4394 fortiter

225 4419 589 4487 insurrexit.
623 4426 1043 4488 Pratermitto
1079 4427 1410 4494 Reticium,
1451 4413 1800 4486 Maternum
1831 4445 1901 4485 ac
1939 4413 2286 4493 Marinum,
2320 4413 2546 4484 Gallice
2583 4423 2932 4500 episcopos,
2977 4419 3088 4496 qui
3138 4426 3275 4477 eum
3314 4417 3468 4476 Mil-

224 4522 379 4584 liade
403 4543 576 4603 papa
615 4530 679 4588 in
710 4527 948 4606 synodo
988 4525 1269 4586 Romana
1303 4515 1636 4585 residentes
1658 4570 1673 4598 ,
1704 4545 1888 4585 unam
1939 4544 2075 4585 cum
2130 4522 2243 4583 illo
2292 4521 2590 4583 adversus
2642 4523 2955 4582 Donatum
2987 4519 3184 4578 tulere
3218 4527 3423 4578 senten‘
3450 4550 3467 4561 -

224 4622 383 4684 tiam.
419 4624 575 4685 Cum
610 4627 811 4705 igitur
856 4638 946 4688 tot
981 4638 1286 4708 tantaque
1339 4622 1681 4691 Gallicanae
1718 4627 2006 4690 Ecclesiae
2053 4626 2268 4689 laudes
2313 4622 2386 4689 ab
2438 4615 2705 4688 Eusebio
2758 4631 3243 4686 commemoratis
3296 4623 3464 4688 sint.

223 4729 437 4786 nemini
467 4729 694 4789 mirum
727 4730 931 4792 videri
963 4725 1157 4804 debet,
1190 4734 1246 4793 si
1277 4752 1394 4814 pro
1428 4736 1622 4793 tantis
1652 4743 2110 4793 anteeessorum
2146 4742 2497 4793 vestrorum
2521 4731 2861 4811 praeconiis
2903 4731 3058 4794 hanc
3097 4732 3152 4792 ei
3196 4731 3465 4808 gratiant

223 4831 438 4906 referre
459 4831 822 4907 studuistis,
849 4845 914 4896 ut
961 4836 1406 4899 Ecclesiaslica
1441 4828 1574 4920 ejus
1607 4831 1888 4898 Historia
1925 4856 2106 4917 quam
2134 4836 2274 4916 ﬁeri
2300 4849 2503 4916 posset
2541 4827 3035 4898 emendatissimo
3066 4844 3248 4915 atque
3278 4849 3466 4894 orna-6

225 4928 476 5003 tissima,
515 4934 736 4992 vestris
767 4929 1072 5014 auspiciis
1105 4940 1390 5000 ederetur
1421 4940 1484 4998 in.
1517 4937 1736 5000 lucem.
1772 4937 1970 5013 Quam
2020 4937 2082 4995 in
2117 4955 2241 4996 rem
2279 4943 2416 4997 eum
2455 4946 2544 4994 me
2576 4955 2763 4994 unum
2794 4956 2872 4996 ea:
2906 4933 3188 4997 amnibus
3221 4933 3462 5011 delege-

226 5030 382 5102 Γίείεν
417 5033 692 5113 equidem
721 5038 1067 5117 plurimum
1113 5035 1289 5106 vobis
1342 5063 1407 5103 eo
1454 5041 1704 5103 nomine
1749 5062 1838 5100 me
1884 5035 2096 5101 debere
2127 5040 2473 5119 proﬁteor.
2530 5041 2638 5118 qui
2689 5036 2761 5098 de
2807 5057 2895 5097 me
2949 5046 3072 5096 tam
3125 5036 3466 5114 hanorifiee

231 5134 551 5196 'enseritis.
589 5137 883 5218 Intelligo
916 5140 1116 5204 tamen
1148 5152 1447 5222 quantum
1486 5141 1640 5202 mihi
1668 5160 1704 5198 a
1733 5140 1908 5201 vobis
1965 5159 2124 5200 onus
2159 5140 2241 5200 sit
2277 5139 2640 5216 impositum
2682 5159 2703 5198 :
2754 5145 2822 5197 ut
2855 5144 2998 5216 post
3048 5143 3174 5196 tres
3209 5137 3464 5196 Latinos

228 5233 576 5315 interpretes
607 5254 872 5322 quartus
918 5239 1049 5326 ipse
1076 5246 1449 5327 procedam,
1505 5255 1560 5306 et
1605 5245 1866 5307 eamdem
1914 5257 2052 5306 cum
2110 5239 2244 5306 illis
2281 5244 2777 5305 existimationis
2807 5241 3000 5302 aleam
3022 5240 3292 5302 subeam.
3342 5232 3467 5302 Sed

226 5339 503 5409 quoniam
530 5341 677 5404 huic
721 5345 1027 5408 desiderio
1077 5357 1278 5408 vestro
1327 5367 1397 5408 ac
1447 5348 1739 5408 mandato
1776 5348 2090 5426 refragari
2139 5349 2312 5426 nefas
2361 5345 2514 5404 mihi
2557 5347 2730 5425 fuit,
2781 5345 2947 5404 hunc
3005 5342 3280 5402 laborem
3329 5339 3462 5400 tum

224 5451 434 5514 vestra,
489 5456 618 5508 tum
659 5445 917 5513 Eusebii
963 5473 1151 5514 causa
1187 5447 1587 5512 libentissime
1636 5451 1924 5530 suscepi,
1958 5469 2310 5528 omnemque
2355 5449 2420 5508 in
2462 5443 2836 5508 emendando
2883 5455 2939 5507 et
2992 5442 3459 5522 interpretando

224 5539 548 5607 molestiam
582 5549 885 5610 diuturna
938 5552 1245 5630 patientia
1294 5549 1590 5612 concoxi.
1651 5545 1787 5610 Alii
1829 5549 2076 5630 quidem
2117 5558 2172 5607 et
2227 5535 2476 5626 ingenio
2530 5555 2582 5605 et
2634 5547 2928 5607 doctrina
2975 5545 3460 5613 instructiores;

223 5639 400 5716 plura
437 5658 486 5710 ct
520 5649 778 5712 meliora
804 5653 1215 5732 praestabunt.
1254 5645 1385 5731 Ego
1422 5650 1488 5714 id
1516 5653 1814 5732 perﬁderc
1844 5653 2106 5712 conatus
2135 5664 2294 5724 sum,
2327 5669 2400 5710 ne
2430 5651 2572 5731 quis
2611 5650 2676 5710 in
2703 5649 2820 5710 hoc
2853 5667 3037 5729 apere
3065 5646 3462 5724 diligentiam

222 5760 395 5809 mam
417 5752 562 5831 jure
591 5757 808 5817 merito
843 5755 1242 5818 desideraret.
1287 5757 1473 5833 Quod
1503 5755 1748 5837 quidem
1780 5761 1991 5815 utrum
2028 5755 2394 5814 consecutus
2437 5753 2551 5813 sim
2578 5797 2595 5822 ,
2652 5772 2762 5812 cos
2793 5796 2808 5819 ,
2863 5749 3286 5812 illustrissimi
3340 5747 3465 5810 Am

225 5844 458 5926 tistites,
489 5874 609 5933 pro
642 5867 844 5917 vestra
885 5858 1174 5938 (equitate
1216 5856 1618 5934 judicabitis.
1658 5855 1962 5918 Cceterum
1993 5855 2048 5914 si
2085 5855 2246 5914 hunc
2275 5865 2310 5914 a'
2347 5874 2433 5916 mc
2466 5864 2817 5932 susceptum
2871 5862 3052 5932 atque
3087 5852 3462 5913 exhaustum
