4054 6456
476 389 545 446 15
1176 382 1179 385 ’
1744 390 2015 446 γΑιεειι
2056 390 2458 447 ΡίΗΕΡᾹΤΞο.
3672 398 3740 453 {5

474 503 744 565 laborem
788 498 969 567 vobis
1020 506 1333 585 placuisse
1380 504 1787 577 intellexero,
1836 508 2231 587 promptiore
2279 508 2567 587 deinceps
2620 518 2675 571 et
2733 510 3049 571 alacriore
3100 530 3305 573 animo
3350 513 3741 593 reliquorum

474 608 901 671 ecclesiastica
928 611 1213 673 historic
1242 610 1631 689 scriptorum
1658 610 1995 672 editionem
2024 613 2384 691 aggrediar,
2418 612 2717 693 rabieque
2742 615 3099 694 [eventibus
3134 615 3290 675 idem
3320 617 3383 676 in
3414 617 3545 675 illis
3573 617 3741 696 quod

473 712 539 772 in
567 711 835 776 Eusebio
871 724 1172 793 praetore
1201 716 1501 779 conabor.
2886 696 2896 707 ’

1468 818 1473 823 ’
2056 820 2442 877 lllustrissima:
2482 838 2543 876 ac
2582 822 3073 877 Reverendissima:
3106 824 3167 879 ι).
3211 824 3272 878 ν.
3310 820 3740 889 addictissimus,

2512 937 2783 994 "cumcos
2816 938 3102 994 Vauzsws.

3362 1115 3707 1135 σι’*

578 1248 709 1337 'AD
750 1278 1049 1335 EOSDEM
1092 1277 1723 1335 ILLUSTRISSIMOS
1764 1276 2236 1342 ANTISTITES,
2284 1277 2380 1332 DE
2422 1277 2624 1333 NOVA
2669 1276 3130 1335 EUSEBIAN/E
3176 1277 3560 1335 HISTORIA?

1689 1391 2065 1448 ΕΠΙΤΙΟΝΕ
2102 1391 2529 1451 PR/EFATIO.

2070 1558 2140 1570 ρ..

556 1699 818 1761 Peracto
862 1695 1173 1758 solemnis
1223 1695 1729 1771 nuncupationis
1782 1694 2031 1769 oﬂicio,
2079 1691 2212 1772 jam
2264 1702 2517 1771 tempus
2572 1702 2711 1765 est,
2768 1694 3195 1757 illustrissimi
3246 1697 3625 1770 Antistites,
3668 1700 3739 1759 ut

476 1800 692 1878 operis
753 1798 877 1859 mei
937 1797 1315 1875 singillatim
1384 1797 1569 1859 vobis
1628 1800 1942 1860 rationem
2010 1799 2297 1860 reddam.
2353 1799 2511 1859 Cum
2579 1802 2751 1861 enim
2807 1808 3015 1861 vestra
3081 1800 3487 1876 potissimum
3542 1814 3737 1859 causa

478 1908 823 1979 vestroque
873 1898 1059 1976 iussu
1125 1898 1227 1960 hic
1284 1915 1315 1959 δ
1372 1914 1473 1959 me
1529 1910 1873 1979 susceptus
1918 1899 1999 1960 sil
2059 1899 2277 1971 labor,
2334 1915 2450 1961 vos
2511 1918 2639 1971 prae
2692 1900 2937 1961 caeteris
2985 1899 3289 1961 omnibus
3340 1900 3555 1977 operis
3611 1896 3737 1959 mei

475 1976 743 2063 lectores
782 2018 853 2061 ac
881 1999 1136 2078 judices
1170 2006 1229 2059 et
1277 2007 1428 2073 Opto
1469 1999 1660 2058 simul
1715 1976 1775 2061 et
1824 1976 2037 2077 s’pero.
2075 2001 2217 2061 Tria
2261 2010 2407 2061 sunt
2438 2002 2634 2078 igitur
2669 2019 2811 2080 quae
2862 2002 2921 2060 iu
2964 2000 3079 2063 hac
3113 1976 3404 2062 editione
3440 2007 3741 2077 praestare

476 2101 724 2163 studui.
778 2100 1056 2161 Primum
1110 2107 1205 2159 est
1253 2098 1452 2159 Giaaei
1510 2106 1725 2160 textus
1780 2101 2182 2173 emendatio;
2226 2103 2582 2163 secundum
2621 2103 2865 2163 .Latina
2920 2102 3208 2179 ejusdem
3264 2101 3739 2179 interpretatio,

482 2204 738 2264 tertium
794 2208 889 2263 est
944 2199 1261 2278 expositio
1297 2201 1748 2262 obscuriorum
1793 2200 2103 2264 locorum.
2143 2203 2216 2262 Et
2271 2204 2559 2266 Latinam
2613 2204 2878 2282 quidem
2930 2204 3523 2281 interpretationem
3565 2203 3738 2282 quod

479 2304 725 2375 attinet,
771 2310 910 2380 post
952 2310 1078 2362 tres
1117 2299 1495 2361 Ευειιιιίθιιω
1532 2301 1839 2362 Historia;
1878 2302 2290 2381 interpretes,
2327 2302 2467 2383 ipse
2499 2313 2788 2384 quartam
2824 2304 3173 2367 elaboravi.
3208 2306 3736 2366 Emendationeiu

481 2422 631 2467 vero
680 2414 877 2482 atque
926 2400 1403 2478 expositionem
1465 2400 1822 2462 Eusebiani
1873 2400 2135 2479 operis,
2183 2418 2371 2462 nemo
2431 2412 2578 2463 ante
2640 2420 2758 2463 nos
2820 2409 3202 2463 tentaverat.
3256 2405 3492 2463 Verum
3550 2409 3612 2463 ut
3658 2402 3741 2465 de

480 2507 757 2587 singulis
828 2522 947 2566 suo
1002 2505 1141 2566 loco
1191 2511 1381 2582 atque
1433 2505 1658 2565 ordine
1706 2505 2077 2566 distinctius
2126 2504 2365 2580 dicam,
2400 2506 2613 2568 ordiar
2644 2508 2918 2586 primum
2956 2506 3033 2569 ab
3072 2506 3545 2568 emendatione.
3582 2508 3741 2579 Qui-

473 2626 734 2690 cunque
768 2624 996 2668 novam
1034 2614 1322 2665 veterum
1360 2606 1745 2683 scriptorum
1789 2605 2139 2667 editionem
2175 2605 2675 2683 aggrediuntur,
2728 2608 2770 2667 ii
2818 2624 3082 2669 necesse
3116 2607 3353 2670 habent
3393 2609 3470 2668 ab
3506 2625 3735 2668 emen-

474 2715 739 2774 datione
788 2708 1047 2770 initium
1102 2707 1339 2767 laboris
1388 2709 1487 2769 sui
1535 2708 1794 2770 ducere.
1836 2709 1936 2769 Sic
1983 2709 2306 2784 Origenes
2352 2727 2495 2770 cum
2557 2726 2783 2770 novam
2830 2710 3247 2789 Septuaginta
3304 2710 3738 2788 lnterpretum

476 2814 830 2876 editionem
868 2806 1298 2883 suscepisset,
1350 2809 1684 2887 multaque
1720 2808 1782 2867 in
1828 2809 1906 2869 iis
1942 2807 2134 2869 dubia
2170 2827 2241 2869 ac
2274 2796 2681 2870 dissonantia
2735 2810 2817 2870 ob
2855 2810 3229 2871 varietatem
3277 2810 3738 2889 exemplarium

478 2918 862 2998 reperisset,
902 2915 965 2974 in
1008 2929 1229 2973 eorum
1291 2910 1746 2970 emendatione
1793 2909 2075 2984 primum
2118 2908 2465 2983 laboravit;
2525 2918 2589 2971 et
2637 2910 2886 2972 collatis
2935 2911 3344 2989 Septuaginta
3392 2914 3736 2974 Seniorum

478 3017 961 3100 exemplaribus
1011 3013 1237 3091 partim
1278 3028 1422 3071 cum
1479 3010 1800 3072 Hebraico
1846 3017 2019 3071 textu
2051 3057 2067 3081 ,
2112 3013 2340 3090 partim
2389 3030 2531 3073 cum
2575 3013 2777 3074 tribus
2814 3012 2958 3074 aliis
3009 3013 3447 3085 editionibus,
3487 3016 3741 3093 Aquila;

479 3126 763 3193 scilicet,
816 3112 1287 3179 Theodotionis
1340 3123 1400 3172 et
1458 3110 1866 3189 Symmachi,
1923 3128 2178 3173 errores
2234 3112 2347 3191 qui
2407 3114 2472 3174 in
2537 3115 2943 3191 Septuaginta
2994 3115 3331 3175 Seniorum
3386 3117 3737 3180 editionem

475 3225 901 3301 irrepserant,
953 3231 1183 3277 omnes
1236 3211 1523 3272 sustulit.
1580 3210 1756 3272 Idem
1822 3212 1994 3273 enim
2046 3212 2182 3290 ipse
2233 3214 2445 3276 innuit
2511 3215 2575 3275 in
2627 3224 2888 3277 tractatu
2948 3234 3054 3276 vni
3124 3218 3189 3278 in
3233 3218 3590 3280 Mauha'um
3637 3221 3739 3284 his

485 3324 760 3389 verbis:
820 3343 846 3374 α
891 3320 958 3378 In
1013 3313 1494 3389 exemplaribus
1556 3312 1820 3392 quidem
1874 3313 2130 3375 Veteris
2185 3314 2580 3376 Testamenti
2639 3334 3045 3396 ᾳιιωυυηειυθ
3106 3318 3370 3380 fuerunt
3431 3320 3738 3384 inconso-

477 3428 730 3497 nantia,
780 3425 910 3485 Deo
945 3422 1311 3500 przeslante,
1348 3423 1641 3492 coeptare
1668 3414 1993 3490 potuimus
2017 3459 2033 3483 .
2073 3423 2324 3477 utentes
2348 3400 2598 3494 judic-io
2632 3426 2999 3479 rmterarum
3036 3419 3417 3480 editionum.
3445 3422 3532 3483 Ea
3563 3426 3737 3484 enim

477 3550 623 3614 qum
678 3528 1062 3591 videbantur
1114 3520 1280 3598 apud
1344 3519 1762 3596 Septuaginta
1816 3518 2011 3578 dubia
2076 3537 2219 3579 esse
2279 3527 2538 3598 prOpter
2594 3523 3088 3584 consonantiam
3143 3524 3681 3600 exemplariorum
3716 3570 3736 3599 ,

476 3634 785 3696 facientes
836 3625 1155 3706 judicium
1191 3638 1268 3683 ex
1302 3619 1704 3680 editionibus
1738 3618 2012 3697 reliquis
2041 3661 2059 3691 ,
2109 3620 2567 3681 convenientia
2620 3621 3043 3683 servavimus.
3082 3643 3111 3677 ιν
3168 3621 3471 3698 Origenis
3522 3642 3744 3687 exein-

481 3740 656 3815 plum
711 3738 974 3793 secutus
1030 3732 1246 3805 postea
1302 3724 1372 3786 B.
1424 3723 1902 3801 Hieronymus,
1959 3740 2189 3782 novam
2246 3724 2600 3787 editionem
2657 3725 3067 3803 Septuaginta
3112 3726 3545 3806 lnterpretum
3592 3747 3623 3789 a
3669 3746 3740 3789 se

481 3835 917 3909 emendatam“
957 3839 1022 3892 et
1056 3827 1385 3890 asteriscis
1417 3827 1754 3906 obelisque
1785 3827 2156 3888 distinctam
2200 3845 2334 3889 suae
2382 3829 2618 3906 linguae
2659 3829 3034 3891 hominibus
3074 3831 3292 3904 dedit,
3342 3830 3509 3891 sicut
3545 3834 3739 3893 variis

480 3944 544 4004 in
584 3943 739 4004 locis
774 3939 913 4017 ipse
946 3941 1239 3998 testatur.
1275 3932 1486 4006 Atque
1536 3935 1602 3987 ut
1643 3926 1723 3988 de
1774 3926 2061 4005 profanis
2104 3927 2531 4003 scriptoribus
2573 3927 2761 3989 etiam
2805 3929 3073 4005 loquar,
3123 3926 3338 3989 Crates
3372 3934 3432 3989 et
3463 3928 3742 3989 Aristar-

481 4046 681 4116 chus,
733 4036 1177 4119 grammatici,
1229 4031 1341 4111 qui
1395 4027 1913 4090 accuratissimus
1960 4026 2290 4086 Homerici
2348 4027 2653 4087 carminis
2706 4026 3031 4087 editiones
3077 4027 3521 4097 elaborarunt,
3578 4028 3735 4087 nihil

478 4149 650 4213 aliud
702 4147 838 4208 fere
885 4159 1078 4221 quam
1125 4135 1645 4200 emendationem
1696 4132 2315 4208 distinctionemque
2369 4129 2541 4189 illius
2595 4130 2810 4207 Operis
2858 4127 3316 4209 praestiterunt.
3363 4129 3505 4189 Pari
3544 4128 3743 4204 igitur

483 4251 673 4314 modo
705 4263 849 4309 cum
897 4240 1276 4303 Eusebianaz
1319 4237 1623 4299 Historiae
1658 4252 1891 4297 novam
1931 4234 2286 4296 editionem
2319 4234 2598 4296 condere
2636 4235 3068 4295 instituissem
3095 4279 3112 4307 ,
3149 4233 3212 4292 in
3253 4234 3394 4311 ejus
3430 4239 3740 4296 emenda-

487 4353 665 4415 tione
717 4363 974 4409 omuem
1038 4340 1420 4402 industriam
1488 4355 1560 4399 ac
1620 4335 2019 4413 diligentiam
2077 4334 2376 4397 adhibui.
2430 4335 2762 4398 Editiones
2814 4337 3194 4399 Eusebianm
3248 4339 3545 4401 Historiae
3596 4340 3742 4401 duae

483 4465 731 4520 tantum
778 4451 1091 4512 hactenus
1126 4444 1341 4505 Grtnce
1377 4440 1756 4520 prodierunt
1790 4462 1804 4500 :
1841 4440 2035 4501 altera
2078 4438 2498 4511 Parisiensis,
2539 4455 2728 4517 quam
2767 4439 3083 4500 Robertus
3124 4440 3484 4517 Stephanus
3533 4457 3737 4503 excu-

480 4564 614 4638 dit;
649 4560 744 4621 vir
773 4558 852 4620 de
888 4554 1118 4617 litteris
1152 4566 1229 4609 eo
1260 4548 1530 4609 nomine
1564 4546 1809 4625 optime
1842 4547 2112 4608 meritus
2136 4589 2153 4618 ,
2190 4546 2363 4624 quod
2407 4563 2638 4622 corpus
2675 4545 2962 4607 historiae
2992 4543 3443 4608 ecclesiasticae
3475 4542 3736 4620 elegan—

485 4664 755 4730 tissimis
790 4661 957 4741 typis
995 4657 1239 4737 primus
1276 4650 1624 4732 publicavit
1654 4673 1670 4724 ;
1696 4652 1893 4714 altera
1925 4658 2021 4712 est
2059 4651 2465 4713 Genevensis
2500 4651 2725 4713 editio.
2755 4652 2996 4713 Verum
3034 4650 3166 4711 haec
3196 4649 3260 4709 in
3300 4648 3519 4710 Graeco
3554 4656 3734 4711 textu

479 4770 833 4833 editionem
875 4764 1043 4825 illam
1093 4758 1351 4821 Roherti
1389 4756 1693 4835 Stephani
1731 4756 1978 4834 ubique
2020 4757 2381 4833 expressit,
2421 4755 2544 4817 nisi
2587 4757 2762 4835 quod
2802 4756 3007 4819 varias
3056 4756 3374 4817 lectiones
3413 4762 3473 4816 et
3509 4773 3734 4815 einen-

481 4868 773 4931 dationes
800 4865 875 4926 ad
918 4844 1081 4923 latus
1124 4859 1313 4921 habet
1348 4860 1670 4939 appositas
1702 4878 1781 4923 ex
1814 4859 2146 4922 codicibus
2176 4861 2510 4922 doctorum
2544 4861 2870 4934 virorum;
2926 4867 2986 4923 et
3019 4858 3281 4921 lacunas
3319 4858 3567 4935 aliquot
3596 4874 3742 4935 quae

480 4970 548 5033 in
607 4968 787 5031 libris
838 4965 924 5025 De
961 4962 1091 5022 vita
1140 4960 1545 5021 Constantini
1591 4969 1984 5033 occurrunt,
2019 4977 2092 5021 ex
2144 4959 2373 5021 iisdem
2422 4960 2754 5021 codicibus
2804 4961 3151 5040 supplevit.
3190 4961 3463 5023 Proinde
3511 4959 3573 5019 in
3613 4979 3739 5020 una

481 5079 794 5139 duntaxat
834 5070 1094 5132 Roberti
1148 5061 1451 5141 Stephani
1496 5061 1790 5123 editione
1845 5060 2001 5121 mihi
2056 5059 2479 5123 laborandum
2529 5059 2673 5123 fuit.
2706 5061 2911 5135 Quam
2962 5063 3223 5143 quidem
3273 5080 3416 5124 cum
3458 5070 3740 5140 quatuor

481 5177 939 5255 manuscriptis
997 5171 1255 5251 οιιῑὶωω
1322 5174 1487 5227 notae
1547 5165 1881 5227 codicibus
1939 5174 2182 5243 quanta
2245 5164 2424 5244 potui
2485 5165 2821 5244 diligentia
2886 5169 3231 5242 collatam,
3300 5168 3519 5230 multis
3581 5166 3742 5230 locis

486 5285 764 5350 restitui.

564 5392 809 5454 Horum
843 5392 1123 5465 quatuor
1155 5380 1449 5442 codicum
1489 5379 1655 5440 duos
1697 5377 1885 5440 nobis
1927 5376 2447 5439 subministravit
2498 5374 2879 5439 bibliotheca
2910 5372 3133 5451 Regia.
3185 5373 3366 5434 Prior
3408 5369 3738 5435 Francisci

486 5488 674 5567 primi
711 5485 963 5566 praefert
1008 5481 1328 5558 insignia;
1377 5484 1527 5538 ante
1562 5475 2079 5555 quadringentos
2126 5477 2271 5554 plus
2303 5476 2521 5538 minus
2554 5493 2758 5538 annos
2802 5477 3079 5556 scriptus
3112 5479 3178 5540 in
3217 5479 3430 5541 charta
3466 5480 3745 5561 bomby-

481 5593 625 5652 cina
679 5595 741 5653 et
787 5584 1154 5665 singulares
1206 5584 1527 5647 interdum
1584 5582 1846 5645 exhibet
1902 5584 2275 5659 lectiones,
2316 5584 2727 5663 multumque
2764 5602 2797 5646 a
2832 5585 3101 5664 reliquis
3139 5583 3473 5647 codicibus
3499 5584 3741 5645 discre-

479 5705 733 5777 pantes.
784 5694 901 5755 Hic
948 5697 1043 5753 est
1080 5709 1273 5768 quem
1332 5691 1395 5752 in
1433 5690 1961 5752 adnotationibus
1994 5690 2264 5767 Regium
2308 5689 2591 5752 codicem
2628 5690 2981 5752 nominavi.
3022 5686 3198 5746 Alter
3247 5692 3344 5745 est
3395 5702 3474 5746 ex
3510 5683 3746 5745 biblio-

484 5797 664 5859 theca
704 5794 1029 5863 Medic-aea,
1055 5809 1196 5870 qua:
1233 5808 1401 5854 nunc
1435 5791 1501 5851 in
1528 5790 1788 5867 Regiam
1832 5789 2158 5866 translata,
2193 5806 2319 5853 uno
2350 5788 2708 5869 eodemque
2744 5788 2956 5864 Regia;
2990 5788 3392 5852 bibliotheca:
3428 5788 3745 5852 vocabulo
