4034 6450
275 391 325 444 n
1528 371 1794 431 mean
1836 344 2234 426 ramento.
3449 354 3514 408 is

267 511 569 569 censetur.
621 498 746 559 Hic
791 498 866 559 ad
909 497 1396 560 distinctionem
1444 494 1684 574 prioris
1718 492 1893 553 illius
1924 488 2209 560 codicis,
2248 485 2593 546 Medic-aius
2638 482 2835 542 codex
2878 482 2941 541 in
2984 477 3517 541 adnotationibus

264 608 479 673 nostris
510 605 898 683 appellatur.
936 602 1059 676 Qui
1100 603 1245 664 licet
1284 600 1476 680 paulo
1512 598 1837 662 recentior
1867 596 1973 667 sit,
2015 614 2092 655 ex
2129 595 2374 669 optimo
2413 596 2622 649 tamen
2661 584 3008 659 exemplari
3042 592 3099 644 et
3134 584 3213 645 ab
3254 583 3515 644 erudita.

263 730 436 777 manu
476 681 853 789 descriptus
905 712 1023 769 est.
1076 701 1349 763 Duobus
1399 698 1501 760 his
1546 694 2035 773 exemplaribus
2074 709 2235 751 usus
2277 697 2409 751 erat
2444 688 2763 749 llobertus
2812 682 3175 758 Stephanus
3212 681 3273 741 in
3314 684 3515 743 Euse-

257 811 447 875 bianre
489 787 803 869 Historiae
850 803 1159 867 editione.
1225 800 1296 858 Et
1352 797 1413 858 in
1469 796 1611 875 ipso
1661 793 1925 871 quidem
1980 798 2155 852 textu
2212 787 2632 856 excudendo,
2682 788 2952 867 Regium
3001 791 3327 867 exemplar
3377 788 3509 849 fere

252 911 481 990 ubique
516 915 788 970 secutus
822 911 916 966 est
940 949 955 974 ,
990 918 1267 979 raroque
1295 897 1638 959 admodum
1678 895 1754 955 ab
1791 896 1931 971 ejus
1965 890 2238 952 discedit
2283 888 2570 967 vestigiis
2598 934 2613 961 ,
2654 889 2821 951 sicut
2854 893 2915 952 in
2955 893 3113 953 meis
3145 892 3509 953 adnotatio-

254 1017 433 1078 nibus
466 1010 844 1075 observavi.
897 1008 968 1068 ln
1008 1007 1289 1087 capitum
1328 1009 1541 1063 autem
1589 998 2017 1060 distinctione
2044 1041 2059 1066 ,
2114 992 2495 1053 Medicaenm
2548 990 2839 1055 codicem
2881 994 3232 1071 expressit,
3274 994 3337 1055 in
3378 1014 3509 1074 quo

254 1121 399 1183 ιῑιυιὶ
452 1118 744 1196 singulis
799 1111 1161 1191 capitibus,
1218 1112 1276 1166 et
1318 1100 1582 1180 quidem
1637 1096 1928 1159 miniatis
1978 1094 2215 1155 litteris
2273 1092 2711 1170 praefiguntur.
2764 1094 3023 1154 Tertius
3083 1094 3183 1155 his
3237 1097 3509 1157 accessit

252 1224 430 1285 codex
473 1190 989 1281 eminentissimi
1024 1205 1373 1271 cardinalis
1404 1201 1557 1261 Julii
1590 1198 1919 1259 Mazarini.
1950 1198 2042 1256 De
2074 1194 2256 1271 cujus
2290 1190 2682 1268 exemplaris
2716 1192 3000 1253 bonitate
3038 1210 3109 1255 ac
3147 1197 3506 1272 praestantia

252 1334 587 1402 antequam
620 1321 834 1382 dicam
860 1363 877 1392 ,
920 1334 1020 1377 res
1060 1310 1377 1392 postulat,
1414 1308 1611 1385 idque
1656 1305 1871 1382 ipsum
1907 1321 1936 1363 a
1975 1318 2075 1363 me
2110 1298 2395 1378 ﬂagitare
2434 1297 2784 1371 videmini,
2820 1302 3158 1363 Antistites
3202 1300 3513 1362 illustris-

250 1431 423 1503 simi,
464 1437 536 1492 ut
582 1430 670 1491 de
720 1419 1045 1489 cardinale
1095 1413 1614 1479 eminentissimo
1664 1429 1695 1472 a
1749 1427 1880 1489 quo
1925 1408 2209 1470 codicem
2259 1404 2442 1465 illum
2491 1404 2966 1465 commodatum
3010 1406 3261 1482 accepi,
3310 1424 3517 1486 pauca.

250 1534 552 1593 dicantur.
597 1530 759 1591 Nam
796 1541 939 1588 cum
990 1522 1094 1583 hic
1126 1514 1685 1581 eminentissimus
1725 1512 2021 1589 princeps
2074 1517 2132 1569 et
2183 1508 2257 1569 ad
2293 1524 2541 1568 summa
2603 1524 2875 1586 quaeque
2924 1517 3147 1580 natus,
3199 1508 3509 1588 singulari

248 1631 512 1713 quadam
559 1622 1023 1690 benevolentia
1058 1621 1304 1680 litteras
1343 1614 1833 1693 complectatur,
1886 1629 2000 1671 nos
2035 1612 2146 1690 qui
2182 1610 2259 1670 ab
2297 1609 2559 1669 ineunte
2589 1615 2773 1668 astate
2804 1609 2878 1669 ad
2908 1609 3259 1672 litterarum
3294 1609 3509 1672 studia

249 1709 524 1794 animum
561 1726 1048 1808 applicuimus,
1102 1717 1333 1796 ingrati
1378 1716 1665 1793 profecto
1701 1715 1908 1776 simus
1937 1756 1952 1785 ,
2002 1711 2125 1773 nisi
2178 1719 2311 1771 tum
2367 1716 2626 1777 nostro.
2664 1716 2796 1769 tum
2836 1710 3166 1772 communi
3215 1709 3510 1770 omnium

248 1837 647 1899 eruditorum
685 1832 973 1899 nomine,
1007 1823 1273 1903 gratiam
1307 1822 1362 1884 ei
1396 1830 1701 1902 quantam
1753 1835 2121 1897 possumus,
2158 1823 2219 1878 et
2260 1833 2415 1877 voce
2448 1826 2510 1877 et
2542 1814 2801 1892 scriptis
2835 1813 3066 1873 referre
3106 1811 3511 1873 Studeamus.

250 1938 432 1998 Porro
471 1953 610 2015 quo
644 1934 866 1997 favore
899 1939 1269 2011 quantaque
1305 1927 1753 1991 benevolentia
1791 1932 2218 2005 prosequatur
2251 1923 2533 1993 litteras,
2588 1927 2857 1981 testatur
2896 1918 3143 1996 prolixa
3185 1917 3325 1996 ejus
3363 1933 3519 1991 erga.

253 2038 540 2098 homines
576 2037 875 2097 eruditos
918 2033 1270 2095 liberalitas
1306 2047 1377 2091 ac
1415 2027 1905 2103 muniﬁcentia;
1947 2044 2140 2105 quam
2180 2024 2483 2103 quidem,
2539 2032 2607 2083 ut
2654 2022 2732 2082 de
2769 2020 2911 2084 aliis
2950 2019 3107 2079 nihil
3144 2018 3383 2088 dicam,
3431 2016 3507 2077 ad

250 2154 339 2197 me
386 2153 662 2215 quoque
702 2136 865 2211 nihil
904 2134 1275 2217 hujusmodi
1322 2142 1687 2214 sperantem
1741 2149 1811 2193 ac
1863 2149 1941 2193 ne
1982 2131 2369 2209 cogitantem
2412 2128 2717 2208 quidem.
2769 2143 2976 2207 nuper
3022 2120 3221 2183 voluit
3280 2136 3509 2198 perve-

249 2238 404 2298 nire.
462 2236 650 2297 ldem
707 2237 984 2299 declarat
1034 2235 1545 2317 locupletissima
1597 2233 1737 2311 ejus
1780 2231 2201 2291 bibliotheca.
2248 2228 2454 2302 Quam
2506 2245 2650 2288 cum
2709 2223 3069 2287 innumeris
3121 2220 3512 2300 optimorum

248 2342 630 2420 scriptomm
682 2342 1212 2421 exemplaribus,
1270 2340 1493 2419 partim
1545 2337 1845 2408 excusis,
1910 2335 2136 2412 partim
2192 2349 2385 2393 manu
2442 2331 2720 2392 exaratis
2775 2326 3191 2395 instruxerit,
3250 2338 3375 2383 non
3442 2327 3512 2381 ut

251 2453 485 2509 veteres
534 2447 637 2508 illi
691 2450 991 2508 Romana:
1026 2446 1200 2507 urbis
1242 2453 1577 2508 senatores
1613 2458 1779 2521 quos
1822 2456 1897 2500 eo
1931 2439 2193 2499 nomine
2234 2435 2609 2517 perstringit
2642 2434 3026 2494 Ammianus
3058 2425 3509 2496 Marcellinus,

249 2564 376 2606 eam
413 2549 624 2610 instar
660 2549 993 2626 cujusdam
1030 2547 1314 2626 sepulcri
1350 2549 1660 2624 perpetuo
1693 2536 1973 2603 elausam
2013 2538 2247 2601 habet:
2292 2537 2401 2598 sed
2439 2536 2612 2597 velut
2647 2534 2963 2614 publicam
2999 2530 3261 2591 domum
3296 2525 3511 2587 omni-

250 2644 362 2706 lius
395 2648 609 2725 aperit
650 2649 961 2723 eruditis;
1005 2650 1305 2726 ultroque
1338 2644 1411 2705 ad
1448 2660 1584 2703 eam
1629 2642 1855 2701 invitat
1890 2638 2223 2717 singulos;
2264 2645 2325 2699 et
2358 2636 2944 2712 manuscriptorum
2980 2630 3280 2693 codicum
3323 2640 3517 2685 usum

250 2748 597 2818 studiosis,
653 2752 1172 2828 quotiescunque
1228 2762 1392 2824 Opus
1442 2743 1833 2812 habuerint,
1890 2740 2235 2801 liberaliter
2281 2739 2589 2816 impertit.
2643 2738 2808 2811 Quid
2852 2734 3057 2795 dicam
3114 2730 3194 2792 de
3251 2725 3519 2804 reliquis

250 2845 412 2906 illius
452 2848 810 2909 virtutibus
849 2856 910 2907 et
942 2846 1200 2908 eximiis
1238 2842 1437 2905 animi
1480 2841 1790 2902 dotibus?
1824 2839 1982 2918 quid
2018 2840 2098 2901 de
2130 2839 2408 2900 mirabili
2456 2837 2894 2900 moderatione
2928 2828 3339 2897 ac‘lenitate,
3386 2842 3510 2902 qua

248 2949 590 3012 intestinos
643 2958 855 3013 motus
904 2970 973 3013 ac
1022 2952 1339 3012 tumultus
1381 2949 1519 3011 sine
1568 2947 1765 3009 ullius
1809 2946 1965 3007 civis
2017 2964 2248 3008 cruore
2295 2948 2688 3026 compescuit
2720 2942 2884 3007 ‘tSed
2942 2942 3072 3001 haec
3118 2937 3279 3000 alias
3326 2953 3360 2997 a
3412 2950 3512 2994 me

249 3051 683 3123 commodius,
716 3058 824 3113 aut
855 3052 932 3113 ab
962 3052 1108 3111 aliis
1138 3052 1441 3137 dicentur
1473 3047 1785 3107 Ornatius.
1836 3047 2019 3108 Nunc
2065 3047 2239 3109 enim
2286 3065 2394 3110 eas
2444 3054 2689 3109 tantum
2730 3048 2905 3107 illius
2948 3044 3171 3106 laudes
3210 3040 3508 3120 persequi

248 3150 602 3224 constitui,
653 3169 797 3230 qua:
843 3153 1135 3230 privatim
1192 3154 1512 3234 pertinent
1546 3150 1620 3213 ad
1664 3152 1880 3213 studia
1919 3151 2301 3216 litterarum.
2345 3155 2731 3233 Temperare
2768 3160 2977 3213 tamen
3020 3148 3174 3211 mihi
3214 3152 3350 3226 ipse
3383 3164 3517 3207 non-

251 3261 550 3321 possum,
605 3249 763 3325 quin
806 3250 908 3312 hic
940 3253 1017 3312 de
1054 3272 1204 3333 pace
1238 3253 1484 3329 aliquid
1532 3253 1734 3312 dicam
1769 3297 1784 3324 ,
1833 3270 2025 3330 quam
2075 3253 2637 3314 eminentissimus
2689 3254 3031 3316 cartlinalis
3076 3254 3252 3315 omni
3297 3249 3511 3313 studio

247 3357 429 3425 atque
483 3352 805 3415 industria
865 3373 1037 3418 nunc
1081 3354 1357 3415 maxime
1403 3361 1585 3429 urget
1634 3370 1705 3412 ac
1757 3359 2132 3428 promovet,
2186 3361 2249 3414 et
2297 3369 2488 3429 quam
2544 3352 2717 3414 brevi
2758 3372 2869 3433 per
2922 3371 3248 3433 praecones
3301 3354 3511 3433 regios

250 3446 499 3525 publice
535 3454 1084 3530 pronuntiandam
1144 3472 1287 3515 esse
1331 3469 1691 3529 Speremus.
1739 3450 1993 3530 Quippe
2028 3470 2098 3512 ca
2159 3470 2258 3514 res
2304 3451 2617 3535 praecipue
2668 3455 2741 3515 ad
2785 3456 3197 3519 commodum
3240 3457 3513 3532 pertinet

253 3554 607 3615 litterarum
636 3597 654 3626 ,
692 3572 851 3632 quas
895 3553 1067 3632 pacis
1097 3554 1390 3614 alumnas
1425 3569 1608 3621 esse,
1644 3557 1703 3611 et
1740 3549 1862 3611 sub
1901 3551 2043 3627 ejus
2083 3552 2307 3611 umbra
2339 3571 2407 3613 ac
2449 3552 2744 3629 prtesidio
2777 3556 3280 3634 conquiescere,
3324 3576 3513 3620 nemo

250 3662 339 3714 est
383 3654 498 3732 qui
542 3654 811 3715 nesciat.
862 3655 1021 3714 Cum
1070 3651 1269 3730 igitur
1308 3650 1654 3713 cardinalis
1705 3650 2273 3712 eminentissimus
2320 3654 2768 3729 gubernaculis
2819 3658 3192 3735 reipublicae
3237 3658 3509 3728 primum

249 3760 547 3820 admotus
576 3802 593 3831 ,
624 3760 863 3820 bellum
900 3776 1090 3835 grave
1123 3774 1268 3819 cum
1315 3755 1622 3831 HiSpanis
1662 3770 1789 3815 non
1837 3754 2175 3815 conﬂasset
2212 3754 2385 3830 ipse,
2431 3755 2540 3816 sed
2577 3757 2921 3817 conﬂatum
2958 3758 3087 3836 jam
3132 3759 3512 3837 reperisset,

254 3859 466 3928 variis,
506 3867 581 3920 ut
622 3860 685 3920 in
722 3867 889 3920 tanta
922 3875 1011 3926 re,
1042 3856 1335 3917 consiliis
1371 3855 1478 3915 diu
1516 3863 1573 3913 et
1609 3862 1904 3914 accurate
1944 3853 2301 3930 perpensis,
2339 3854 2399 3913 id
2436 3854 2684 3915 tandem
2720 3857 3079 3929 constituit,
3113 3860 3513 3921 cdomandos

251 3962 563 4025 diuturno
612 3963 789 4025 bello
840 3980 980 4023 esse
1030 3961 1391 4038 Hispanos,
1448 3976 1646 4035 reque
1696 3958 1835 4035 ipsa
1889 3958 2329 4019 admonendos
2376 3968 2689 4035 quantum
2737 3959 2899 4021 Galli
2956 3964 3189 4032 armis,
3240 3962 3514 4039 Opibus,

249 4060 669 4133 fortitudine,
710 4068 1063 4128 constantia
1118 4074 1176 4126 et
1214 4066 1483 4143 reliquis
1530 4064 1605 4124 al
1656 4062 1897 4124 bellum
1952 4064 2339 4124 necessariis
2385 4064 2700 4124 subsidiis
2750 4065 3119 4142 pollerent;
3177 4073 3244 4125 ut
3294 4063 3512 4126 hostes

252 4165 694 4227 imbecillitate
729 4183 841 4228 sua
879 4177 938 4229 et
973 4169 1302 4230 Gallorum
1343 4168 1623 4245 potentia
1655 4168 1951 4243 cognita,
1996 4167 2331 4244 segniores
2386 4168 2809 4247 imposterum
2866 4174 3081 4230 essent
3130 4167 3205 4228 ad
3256 4175 3514 4227 nostros

254 4279 355 4327 aut
398 4272 602 4331 armis
644 4277 750 4329 aut
789 4270 1024 4348 injuria
1073 4270 1517 4332 lacessendos.
1572 4267 1792 4347 Neque
1831 4268 2002 4330 enim
2046 4269 2284 4329 ﬁrmam
2325 4286 2397 4330 ac
2430 4286 2723 4330 securam
2775 4288 2989 4349 pacem
3032 4287 3179 4331 cum
3219 4268 3514 4330 hostibus

254 4375 431 4435 aliter
470 4393 664 4453 posse
700 4375 1040 4448 constitui,
1074 4392 1263 4455 quam
1294 4392 1439 4435 cum
1476 4374 1563 4433 illi
1597 4372 1797 4433 Gallis
1832 4391 1901 4434 se
1938 4373 2002 4434 in
2052 4375 2339 4450 gerendo
2379 4375 2548 4437 bello
2591 4375 2869 4452 impares
2907 4388 3051 4433 esse
3097 4370 3338 4432 crebris
3375 4370 3510 4431 cla-

255 4478 438 4543 dibus
502 4481 643 4543 suis
694 4481 1235 4557 detrimentisque
1284 4479 1671 4542 sensissent.
1724 4480 1948 4552 Itaque
2001 4496 2145 4542 cum
2201 4480 2472 4560 Hispani
2526 4480 2589 4542 id
2644 4498 2788 4543 sero
2828 4480 3081 4543 tandem
3138 4477 3401 4557 perinde
3446 4495 3516 4537 ac

254 4583 538 4669 Phryges
596 4586 1109 4658 intellexissent,
1173 4593 1303 4643 tum
1365 4583 1625 4644 demum
1692 4584 2031 4644 cardinalis
2091 4583 2653 4648 eminentissimus
2712 4592 3149 4665 opportunum
3211 4580 3515 4643 ineundae

259 4685 421 4757 pacis
458 4694 713 4760 tempus
744 4687 970 4749 adesse
1000 4686 1518 4747 animadvertens
1546 4729 1563 4757 ,
1616 4701 1756 4746 eam
1809 4700 1957 4744 cum
2014 4684 2313 4746 hostibus
2347 4686 2554 4747 facere
2590 4703 2715 4747 non
2758 4685 3104 4757 recusavit,
3160 4691 3220 4745 et
3258 4683 3337 4743 de
3364 4680 3514 4760 jure

257 4797 506 4862 nostro,
538 4788 618 4852 de
648 4807 895 4853 summa
938 4793 1132 4855 totius
1169 4792 1346 4866 belli,
1378 4792 1457 4852 de
1488 4810 1601 4870 spe
1633 4790 1915 4870 denique
1955 4799 2149 4870 atque
2186 4792 2448 4854 victoria
2479 4809 2671 4871 quam
2727 4809 2889 4871 pene
2922 4791 3057 4869 jam
3100 4787 3163 4852 in
3222 4788 3517 4850 manibus

257 4886 645 4955 habebamus
676 4938 694 4965 ,
735 4895 979 4973 aliquid
1021 4898 1413 4968 concedere,
1468 4913 1599 4976 quo
1654 4900 2043 4977 pepulerum
2092 4895 2454 4959 commodis
2512 4903 2573 4957 et
2610 4896 2928 4959 bonorum
2975 4895 3271 4957 omnium
3312 4893 3513 4963 Votis,

255 4998 448 5060 totius
486 5000 770 5080 denique
799 5001 1146 5063 Christiani
1190 5004 1368 5064 orbis
1402 5004 1728 5068 desiderio
1762 5002 2246 5079 gratiﬁcaretur.
2296 5002 2367 5063 In
2421 5018 2553 5081 quo
2599 4999 2991 5079 singularem
3042 4998 3181 5077 ejus
3229 4995 3517 5076 pruden-

256 5102 398 5164 tiam
433 5114 494 5166 et
530 5107 875 5167 salutarem
910 5107 1279 5186 reipublicze
1316 5110 1703 5187 sapientiam
1739 5107 2040 5187 equidem
2075 5107 2230 5168 satis
2263 5107 2481 5167 mirari
2514 5122 2641 5167 non
2681 5121 2972 5184 possum.

328 5256 552 5337 Neque
583 5258 757 5319 enim
788 5258 871 5320 ob
914 5260 1100 5320 aliam
1135 5279 1391 5323 causam
1430 5261 1647 5323 tandiu
1691 5261 1884 5324 dilata
1930 5280 2049 5339 pax
2082 5271 2204 5335 est,
2237 5278 2431 5340 quam
2470 5267 2536 5323 ut
2567 5260 2945 5324 diuturnior
2976 5257 3286 5332 deinceps
3340 5262 3514 5315 esset

258 5372 324 5418 ac
353 5361 620 5423 ﬁrmior.
646 5364 860 5441 Atque
892 5362 1026 5425 hau:
1047 5364 1257 5427 obiter
1287 5368 1453 5427 dicta
1484 5368 1612 5427 sint
1637 5367 1720 5429 de
1751 5367 2059 5429 laudibus
2090 5366 2439 5428 cardinalis
2457 5364 2984 5427 eminentissimi.
3014 5362 3139 5435 Qui
3176 5376 3319 5420 cum
3351 5357 3519 5417 inter

261 5478 425 5524 arma
459 5462 705 5524 litteras
745 5482 817 5523 ac
860 5464 1176 5549 litteratos
1224 5484 1455 5528 omnes
1501 5467 1973 5545 benignissime
2024 5467 2241 5528 fovere
2294 5484 2626 5546 nunquam
2682 5465 3030 5533 destiterit,
3067 5460 3272 5523 multo
3312 5459 3515 5533 magis

264 5566 641 5641 sperandum
679 5578 774 5627 est
809 5566 1012 5638 illmn,
1051 5570 1223 5645 pacis
1255 5587 1391 5631 suae
1426 5578 1713 5648 tempore
1738 5615 1753 5639 ,
1798 5573 2055 5632 easdem
2093 5579 2264 5632 artes
2316 5571 2642 5650 praecipuo
2676 5567 2950 5646 quodam
2986 5563 3207 5626 studio
3249 5578 3321 5621 ac
3355 5578 3512 5638 pro-

264 5664 535 5726 videntia
568 5666 1056 5743 complexurum
1097 5688 1112 5728 :
1147 5669 1667 5747 eﬂ'ecturumque
1717 5676 1783 5729 ut
1826 5668 1983 5730 Galli
2019 5660 2252 5739 nostri,
2304 5669 2414 5747 qui
2469 5684 2795 5731 armorum
2845 5665 3050 5742 gloria
3101 5677 3230 5739 prm
3260 5660 3507 5722 caeteris

264 5771 557 5847 gentibus
587 5788 841 5850 semper
873 5771 1313 5847 eminuerunt,
1350 5789 1523 5834 nunc
1563 5773 1920 5835 litterarum
1958 5771 2143 5834 laude
2179 5782 2239 5833 et
2274 5773 2663 5850 eptimarum
2698 5769 2928 5831 artium
2965 5767 3198 5830 studiis
3222 5768 3512 5827 antecel-
