4054 6456
473 334 535 401 t9
1741 331 2002 387 t'ALEsu
2043 328 2431 386 rimante.
3644 318 3722 372 eo

469 455 626 516 lant.
661 454 779 515 Sed
819 472 987 516 nunc
1014 462 1265 534 tempus
1291 462 1410 526 est,
1441 461 1505 515 ut
1536 471 1610 515 eo
1635 455 1808 517 unde
1835 455 2109 532 digressi
2136 472 2361 517 sumus
2387 457 2802 513 revertamur.
2826 446 3086 518 Tertius
3113 445 3307 523 igitur
3339 443 3449 506 ille
3483 440 3715 509 codex.

466 577 660 640 quem
695 563 1039 624 cardinalis
1076 559 1572 624 eminentissimi
1619 558 2004 621 bibliotheca
2055 558 2239 621 nobis
2287 557 2750 638 suppeditavit,
2783 553 3072 616 omnium
3127 567 3293 629 quos
3343 548 3468 608 vidi
3509 550 3718 609 Euse-

465 664 812 726 bianorum
848 665 1144 727 codicum
1177 665 1367 738 longe
1401 663 1686 739 optimus
1733 669 1827 721 est
1873 677 1943 722 ac
1981 660 2482 722 vetustissimus.
2529 656 2863 733 Quotquot
2894 654 3067 714 enim
3119 651 3603 714 emendationes
3649 649 3716 709 in

460 761 612 834 aliis
642 765 1118 842 exemplaribus
1147 766 1530 844 reperimus,
1569 783 1677 826 eas
1723 765 1928 826 codex
1963 764 2071 826 ille
2117 781 2343 825 omnes
2387 761 2691 832 exhibet;
2727 746 2944 820 multae
2979 774 3128 819 vero
3168 755 3306 825 alite
3337 755 3405 822 in
3449 754 3559 814 illo
3600 751 3718 813 ha-

464 868 705 927 bentur
758 869 1266 940 emendationes,
1322 887 1482 948 quas
1516 869 1579 930 in
1628 869 1773 930 aliis
1821 867 2302 947 exemplaribus
2358 882 2486 928 non
2538 866 2771 943 reperi,
2820 860 3364 941 quemadmodum
3416 876 3492 920 ex
3550 857 3719 917 meis

465 969 992 1042 adnotationibus
1043 976 1318 1037 studiosi
1379 977 1647 1038 lectores
1702 984 2010 1054 poterunt
2061 991 2474 1052 cognoscere.
2527 972 2819 1048 Scriptus
2868 978 2965 1031 est
3014 969 3080 1030 in
3123 964 3517 1027 membranis
3565 970 3716 1024 ante

463 1075 912 1151 septingentos
948 1076 1089 1154 plus
1133 1077 1345 1142 minus
1388 1096 1616 1153 annos,
1663 1079 2144 1156 elegantissime
2177 1077 2372 1138 simul
2427 1084 2489 1139 et
2541 1072 3095 1138 emendatissime.
3147 1067 3398 1130 Scholia
3443 1081 3716 1143 quoque

463 1176 541 1236 ad
575 1175 741 1238 latus
778 1180 1097 1242 interdum
1133 1180 1320 1244 habet
1351 1185 1664 1261 apposita,
1701 1199 1878 1243 nunc
1908 1182 2169 1259 antiqua
2207 1197 2423 1250 manu,
2460 1198 2630 1241 nunc
2671 1177 3052 1247 recentiore,
3083 1189 3226 1254 quae
3259 1187 3375 1232 nos
3412 1169 3476 1230 in
3510 1168 3715 1228 adno-

465 1279 814 1342 tationibus
849 1283 1085 1344 nostris
1120 1297 1241 1344 suo
1273 1299 1546 1360 quaeque
1595 1282 1733 1344 loco
1765 1281 2263 1357 descripsimus.
2295 1281 2492 1341 Multa
2525 1297 2789 1358 quoque
2817 1276 2938 1338 alia
2975 1275 3040 1335 in
3071 1273 3315 1351 Optimo
3346 1269 3460 1332 illo
3492 1269 3712 1330 codice

462 1379 857 1440 observanda
901 1389 1077 1452 sunt,
1124 1380 1356 1458 partim
1395 1379 1460 1439 in
1502 1379 1899 1449 accentibus,
1941 1378 2167 1456 partim
2223 1378 2286 1438 in
2342 1375 2759 1439 distinctione
2803 1390 2920 1434 seu
2956 1371 3508 1450 interpunctione.
3547 1369 3709 1431 Nam

461 1481 631 1557 quod
685 1484 944 1560 quidem
999 1484 1074 1544 ad
1127 1491 1433 1546 accentus
1476 1483 1728 1554 attinet,
1767 1499 1936 1559 saepe
1979 1481 2044 1544 in
2099 1481 2212 1543 illo
2259 1479 2479 1542 codice
2527 1485 2846 1540 acuuntur
2881 1475 3211 1546 vocabula,
3261 1491 3406 1553 quin
3442 1473 3509 1532 in
3560 1471 3708 1532 aliis

461 1585 940 1661 exemplaribus
970 1595 1298 1648 accentum
1333 1587 1569 1648 habent
1600 1586 2110 1648 circumﬂexum.
2152 1582 2438 1662 Exempli
2473 1585 2674 1660 gratia
2721 1589 2842 1649 «to;
2875 1587 2937 1644 et
2978 1589 3168 1658 καίσαρ
3217 1579 3282 1637 in
3332 1576 3446 1636 illo
3490 1575 3711 1636 codice

462 1704 718 1765 semper
750 1700 1090 1753 acuuntur.
1127 1691 1362 1752 Contra
1399 1709 1547 1754 vero
1581 1702 1757 1768 σφῖσι,
1793 1689 1964 1767 quod
2000 1691 2064 1752 in
2099 1690 2244 1752 aliis
2275 1688 2614 1751 codicibus
2644 1695 2832 1748 acuto
2876 1692 3134 1746 notatur
3157 1688 3450 1753 accentu,
3490 1680 3552 1740 in
3594 1678 3708 1738 illo

462 1787 678 1852 cedice
704 1790 1247 1856 circumﬂectitur.
1279 1792 1489 1868 Atque
1521 1789 1580 1849 id
1603 1789 1864 1868 quidem
1889 1789 2120 1850 rectius
2152 1797 2332 1867 puto.
2373 1785 2558 1860 Quod
2585 1793 2797 1847 autem
2822 1791 3066 1862 spectat
3085 1784 3164 1852 ad
3193 1781 3707 1861 distinctionem,

461 1904 652 1962 quam
691 1906 810 1951 nos
845 1893 1038 1968 vulgo
1071 1893 1659 1970 interpunctionem
1686 1907 2018 1964 vocamus,
2053 1890 2156 1952 hic
2187 1892 2387 1952 codex
2431 1890 2592 1950 adeo
2632 1897 2926 1951 accurate
2957 1889 3302 1949 distinctus
3328 1893 3447 1960 est,
3477 1891 3542 1947 ut
3574 1891 3706 1954 tota

458 1989 893 2069 distinguendi
933 1998 1240 2057 rationem
1273 2015 1342 2059 ac
1366 1995 1725 2068 scientiam,
1759 2012 1902 2073 qua:
1944 1994 2440 2074 haudquaquam
2464 1993 2624 2056 levis
2645 1991 2946 2055 momenti
2967 1998 3081 2062 est,
3107 2009 3182 2052 ex
3204 1991 3322 2053 hoc
3342 2009 3468 2052 uno
3489 1989 3706 2052 codice

459 2090 667 2165 possis
694 2108 1108 2169 cognoscere.
1141 2096 1326 2162 Certe
1357 2109 1698 2176 antequam
1727 2115 1875 2159 eum
1900 2103 2125 2159 nactus
2147 2113 2383 2167 essem,
2405 2097 2629 2158 media;
2661 2093 3095 2156 distinctionis
3129 2093 3470 2154 utilitatem
3494 2111 3565 2153 ac
3591 2108 3709 2153 ne-

457 2197 820 2284 cessitatem
851 2199 1135 2262 nondum
1172 2221 1659 2281 perspexeram;
1718 2219 1910 2281 quam
1947 2218 2114 2262 unus
2150 2200 2258 2262 ille
2288 2200 2491 2262 codex
2523 2197 2750 2263 scdulo
2782 2199 3112 2276 inspectus
3140 2205 3334 2276 atque
3365 2212 3705 2266 excussus,

457 2299 609 2362 mihi
649 2301 903 2362 tandem
943 2302 1267 2380 patefecit.
1306 2306 1538 2367 Verum
1573 2307 1650 2366 de
1674 2303 2095 2366 distinctione
2129 2303 2432 2378 pluribus
2465 2301 2627 2364 infra
2651 2302 2887 2365 dicturi
2915 2317 3168 2362 sumus.
3196 2300 3360 2360 Illud
3399 2308 3705 2377 praeterea

453 2399 522 2470 in
562 2401 998 2470 vetustissimo
1029 2403 1138 2463 ilio
1171 2405 1387 2468 codice
1416 2405 1775 2475 observavi,
1797 2403 2313 2484 quotiescunque
2337 2402 2520 2479 plena
2551 2400 2880 2462 distinctio
2909 2419 3023 2462 seu
3057 2405 3233 2462 τελείά
3282 2411 3478 2481 στιγμή
3511 2417 3710 2479 appo-

451 2502 569 2562 sita
610 2510 704 2562 est
743 2503 806 2564 in
841 2504 1058 2582 aliqua
1094 2505 1284 2577 linea,
1322 2505 1588 2582 primam
1621 2503 1955 2582 sequentis
1991 2502 2179 2569 linem
2215 2502 2484 2564 litteram
2527 2514 2703 2563 extra
2744 2504 3138 2582 reliquarum
3188 2505 3487 2564 ordinem
3545 2521 3710 2565 con-

449 2606 637 2681 Spici,
674 2616 736 2668 et
786 2608 1171 2677 exteriorem
1229 2609 1579 2686 marginem
1621 2607 1994 2668 subradere.
2047 2605 2250 2682 ldque
2287 2604 2596 2666 indicium
2650 2613 2766 2675 est,
2799 2623 3031 2668 novum
3069 2617 3263 2688 caput
3316 2617 3424 2670 aut
3471 2625 3702 2670 novam

451 2710 790 2786 periodum
826 2710 1110 2773 inchoari
1149 2721 1288 2789 post
1324 2711 1574 2772 finalem
1612 2711 1785 2772 illam
1829 2707 2354 2769 distinctionem.
2390 2708 2563 2771 Idem
2602 2707 2664 2767 in
2697 2709 2840 2768 aiiis
2873 2728 3132 2790 quoque
3171 2712 3428 2789 scriptis
3463 2711 3708 2784 codici-

452 2812 576 2872 bus
610 2811 969 2874 observavi.
1020 2813 1203 2873 Certo
1257 2815 1318 2874 in
1362 2812 1689 2875 veteribus
1725 2812 1838 2872 sch
1867 2810 2013 2872 edis
2053 2809 2460 2872 bibliotheca:
2510 2810 2716 2886 Regia;
2753 2829 2896 2891 quae
2939 2813 3134 2872 libros
3167 2812 3427 2873 Eusebii
3464 2813 3546 2869 De
3575 2813 3709 2872 vita

452 2918 860 2980 Constantini
889 2921 1246 2990 comment,
1283 2917 1364 2976 ita
1416 2932 1670 2992 semper
1707 2913 1840 2974 ﬁeri
1884 2911 2332 2985 animadverti,
2355 2911 2608 2988 quoties
2640 2929 2874 2972 novum
2897 2919 3083 2989 caput
3115 2912 3470 2974 inchoatur.
3501 2911 3703 2984 Quar-

449 3029 582 3086 tum
621 3034 922 3100 pl'tBlt‘l'ea
973 3021 1258 3084 codicem
1313 3016 1664 3078 habuimus
1727 3033 1802 3076 ex
1863 3013 2261 3080 bibliotheca
2310 3011 2726 3072 illustrissimi
2785 3012 2902 3072 viii
2951 3013 3190 3075 Nicolai
3242 3011 3702 3093 Fucketii,qui

448 3121 770 3196 generalis
830 3121 896 3182 in
950 3128 1178 3180 senatu
1233 3115 1576 3179 Parisiensi
1631 3111 2077 3191 procuratoris
2117 3109 2398 3171 ollicium
2446 3127 2697 3186 gerens,
2753 3109 3184 3188 praefecturam
3245 3113 3433 3174 simul
3473 3111 3703 3189 regalis

446 3222 654 3289 agrarii
692 3238 939 3290 summa
972 3238 1116 3282 cum
1159 3219 1341 3279 laude
1375 3213 1812 3277 administrat.
1851 3215 2062 3290 Atque
2098 3211 2198 3271 his
2230 3219 2506 3288 quatuor
2542 3211 2991 3288 manusmiptis
3018 3211 3352 3273 codicibus
3384 3213 3460 3274 ad
3487 3229 3705 3274 emen-

445 3321 771 3392 dationem
809 3321 1118 3394 librorum
1148 3315 1606 3386 Ecclesiasticw
1643 3313 1964 3373 Historia:
1991 3311 2094 3372 usi
2127 3327 2374 3372 sumus.
2409 3311 2634 3372 Libros
2668 3329 2819 3372 vero
2850 3314 2936 3374 De
2965 3314 3095 3372 vita
3136 3314 3286 3390 imp.
3335 3313 3704 3373 Constanti-

443 3422 515 3484 ni
557 3437 700 3482 cum
755 3420 956 3492 tribus
1000 3417 1284 3497 antiquis
1340 3413 1674 3485 codicibus
1729 3413 2150 3472 contulimus.
2179 3412 2428 3471 Primus
2479 3419 2571 3472 est
2633 3413 2873 3490 Regius
2918 3415 3049 3487 ille,
3106 3415 3184 3475 de
3219 3433 3352 3494 quo
3400 3417 3700 3493 superius

445 3519 605 3593 dixi,
641 3521 703 3580 in
745 3537 875 3600 quo
907 3529 1054 3587 ante
1089 3522 1288 3590 libros
1326 3518 1778 3588 Ecclesiastij
1801 3517 2107 3578 Historice
2138 3525 2416 3596 quatuor
2457 3516 2601 3575 libri
2632 3517 2714 3576 Dc
2746 3517 2876 3575 vita
2915 3517 3062 3594 imp.
3093 3516 3516 3586 Constantini,
3548 3518 3698 3579 licet

444 3637 575 3698 non
615 3623 862 3694 eadem,
902 3630 1147 3691 vetusta
1207 3619 1632 3692 nihilominus
1689 3636 1881 3681 manu
1943 3616 2285 3695 perscripti
2335 3617 2658 3694 leguntur.
2711 3617 3076 3678 Secundum
3137 3617 3345 3678 locum
3407 3619 3700 3678 obtinent

445 3721 696 3784 schedia
755 3731 1001 3786 veteres
1055 3723 1464 3784 bibliotheca
1519 3722 1752 3797 ltegim.
1801 3723 1904 3783 Sic
1963 3729 2175 3780 autem
2231 3735 2385 3781 voco
2435 3721 2712 3792 chartas,
2763 3738 2872 3796 per
2923 3719 3382 3800 quaterniones
3425 3719 3690 3798 quidem

444 3823 719 3899 digestas
770 3823 878 3884 sed
931 3822 1305 3892 dissolutas,
1351 3840 1468 3881 nec
1508 3822 1570 3881 in
1617 3821 1858 3882 codicis
1905 3821 2162 3880 modum
2193 3832 2574 3897 c0mpactas.
2625 3821 2699 3880 1n
2751 3819 2855 3880 his
2902 3819 3185 3891 schedis,
3229 3831 3456 3898 printer
3495 3820 3698 3881 libros

445 3923 710 3998 Eusebii
744 3923 830 3982 De
879 3924 1006 3986 vita
1045 3921 1464 3994 Constantini,
1513 3934 1576 3986 et
1620 3923 1981 3990 Orationem
2030 3922 2320 4000 ejusdem
2371 3922 2776 4001 imperatoris
2812 3925 2895 3981 ad
2946 3931 3216 3996 sanctos,
3258 3925 3501 4000 primus
3531 3941 3699 4001 qua-

444 4022 654 4096 ternio
682 4022 1141 4086 Ecclesiasticw
1171 4023 1479 4096 Historia:
1514 4023 1830 4097 habetur;
1866 4022 2052 4100 cujus
2087 4028 2145 4080 et
2182 4020 2242 4079 in
2274 4019 2809 4081 adnotationibus
2842 4019 3000 4081 meis
3037 4025 3430 4083 mentionem
3459 4025 3696 4101 saepius

443 4127 586 4204 ieci.
622 4127 860 4189 Ctetera
900 4127 1118 4189 nescio
1150 4140 1282 4204 quo
1327 4143 1479 4185 casu
1529 4126 1881 4201 perierunt.
1938 4122 2226 4183 Tertium
2279 4121 2464 4183 nobis
2498 4124 2780 4184 codicem
2819 4125 3256 4201 suppeditavit
3305 4126 3696 4190 bibliotheca

442 4227 817 4305 lj‘uketiana.
868 4228 941 4287 In
990 4244 1120 4306 quo
1168 4234 1314 4286 ante
1379 4233 1655 4303 quatuor
1702 4223 1902 4283 libros
1951 4223 2034 4291 De
2102 4223 2234 4282 vita
2283 4223 2433 4306 imp.
2470 4222 2892 4297 Constantini,
2943 4229 3238 4303 prmtixus
3291 4236 3389 4290 est
3430 4230 3696 4292 Eusebii

439 4330 886 4408 Panegyricus,
920 4329 1128 4390 dictus
1158 4330 1366 4393 eidem
1403 4329 1828 4404 Constantino
1867 4345 2038 4404 anno
2103 4331 2243 4408 ejus
2282 4330 2536 4408 imperii
2579 4331 2931 4394 tricesimo.
2968 4335 3089 4396 Hic
3121 4337 3352 4408 codex,
3397 4338 3694 4416 quamvis

440 4437 673 4501 inlimm
720 4436 1082 4505 vetusratis,
1111 4450 1205 4498 est
1241 4443 1450 4500 tamen
1490 4436 1750 4514 optimm
1783 4444 1974 4508 notae,
2016 4436 2366 4513 multisque
2403 4437 2466 4496 in
2501 4437 2662 4498 locis
2702 4441 3104 4503 emendatior
3142 4452 3202 4504 et
3229 4443 3504 4522 amplior
3531 4445 3696 4505 duo-

441 4539 562 4612 bus
603 4539 732 4600 illis
771 4539 1099 4618 prioribus
1130 4540 1374 4619 quibus
1409 4541 1472 4603 in
1512 4541 1799 4602 editione
1836 4557 1953 4602 sua
1989 4559 2144 4603 usus
2178 4550 2273 4603 est
2311 4543 2632 4604 Robertus
2664 4544 3050 4623 Stephanus.

521 4647 755 4718 Praeter
785 4646 904 4722 hos
947 4663 1136 4706 manu
1171 4657 1464 4710 exaratos
1498 4645 1776 4714 codices,
1811 4645 2183 4723 adjumento
2218 4645 2403 4716 nobis
2434 4644 2697 4718 fuerunt
2734 4648 2919 4711 variae
2943 4648 3256 4711 lectiones
3289 4656 3349 4712 et
3381 4654 3689 4712 emenda-

443 4750 656 4825 tiones
687 4766 851 4830 quas
904 4751 1023 4810 viri
1059 4749 1229 4814 docti
1279 4749 1356 4808 ad
1403 4749 1756 4826 marginem
1812 4749 2118 4810 editionis
2168 4750 2430 4820 Boberti
2470 4750 2779 4827 Stephani
2832 4770 3021 4814 manu
3055 4771 3172 4816 sua
3203 4755 3690 4821 adnotaverant.

441 4851 815 4929 Cujusmodi
857 4853 1115 4916 codices
1150 4852 1333 4913 multi
1369 4853 1721 4912 etiamnum
1774 4852 2211 4930 reperiuntur.
2247 4853 2368 4914 Sed
2406 4870 2522 4919 nos
2558 4853 2760 4926 tribus
2793 4855 3114 4934 praecipue
3149 4857 3245 4916 usi
3280 4874 3535 4927 sumus,
3573 4860 3694 4937 qui

441 4956 634 5031 etiam
684 4956 746 5032 in
790 4955 1317 5030 adnotationibus
1354 4959 1591 5017 nostris
1639 4955 1875 5032 saepius
1927 4969 2538 5034 commemorantur,
2573 4950 2839 5030 Primus
2890 4958 3010 5021 fuit
3056 4963 3321 5024 Adriani
3373 4965 3690 5037 Turnebi,

438 5075 632 5138 quam
677 5059 787 5119 ille
820 5077 962 5120 cum
995 5061 1215 5124 codice
1251 5061 1453 5139 Regio
1485 5079 1556 5127 ac
1588 5061 1894 5122 Medicrco
1920 5061 2414 5138 diligentissime
2440 5065 2828 5135 contulerat.
2856 5067 3033 5140 Libri
3070 5085 3220 5129 vero
3258 5069 3342 5126 De
3374 5070 3503 5130 vita
3540 5069 3687 5148 imp.

441 5156 846 5220 Constantini
898 5177 1042 5221 cum
1087 5160 1446 5238 Anglicano
1495 5161 1774 5242 quodam
1820 5161 2172 5234 exemplari
2222 5163 2441 5223 collati
2493 5172 2700 5233 erant,
2754 5165 2892 5225 sive
2937 5165 3144 5242 ipsius
3193 5165 3499 5237 Adriani,
3551 5167 3691 5230 sive

436 5257 689 5319 Odonis
740 5261 1024 5322 Turnebi
1080 5279 1302 5322 manu.
1355 5263 1536 5323 Alter
1583 5263 1792 5324 codex
1842 5261 1965 5324 fuit
2008 5262 2306 5323 Vulcobii
2351 5283 2368 5321 :
2426 5280 2619 5342 quem
2671 5263 2980 5341 quoniam
3051 5267 3330 5328 Renatus
3392 5269 3689 5343 Moriens,

439 5357 730 5420 medicus
759 5359 1168 5434 Parisiensis,
1203 5364 1363 5424 mihi
1409 5364 1953 5436 commodaveral,
1990 5363 2277 5426 codicem
2311 5364 2526 5424 Monet
2560 5365 2622 5423 in
2664 5365 3195 5428 adnotationibus
3230 5384 3455 5429 vocare
3484 5368 3690 5429 soleo.

440 5460 559 5522 llic
596 5462 766 5523 liber
805 5472 1028 5541 printer
1057 5484 1164 5526 eas
1201 5469 1692 5530 emendationes
1729 5485 1872 5546 qua)
1924 5470 1986 5528 in
2040 5468 2203 5529 libro
2235 5466 2520 5528 'l‘urnebi
2574 5467 2914 5538 habentur,
2965 5485 3312 5544 perpaucas
3344 5468 3500 5528 alias
3532 5483 3693 5528 con-

439 5560 624 5621 tinet.
685 5563 946 5624 Tertius
990 5565 1188 5626 codex
1253 5566 1373 5630 fuit
1433 5565 1692 5632 Henrici
1753 5567 2000 5636 Savilii,
2067 5567 2188 5629 viri
2254 5566 2652 5638 doctissimi,
2691 5569 2770 5628 ad
2829 5585 2927 5630 me
2966 5569 3203 5629 missus
3252 5585 3331 5629 ex
3389 5568 3614 5644 Anglia
3655 5585 3689 5629 a

437 5664 674 5728 Jacobo
728 5669 985 5731 Usserio
1020 5671 1452 5732 Armachano.
1487 5672 1816 5733 Nam’cum
1850 5673 1912 5733 in
1959 5673 2195 5735 Usserii
2234 5669 2402 5733 notis
2436 5675 2510 5732 ad
2543 5671 2925 5750 Martyrium
2956 5673 3028 5732 Β.
3065 5670 3432 5750 Polycorpi,
3466 5687 3692 5733 manu-

442 5761 750 5842 5criptum
793 5769 1169 5834 Eusebianae
1214 5770 1512 5831 Historiae
1558 5771 1841 5831 codicem
1879 5787 1956 5832 ex
1992 5768 2375 5830 bibliotheca
2413 5767 2733 5834 Saviliana
2769 5768 3014 5829 laudari
3063 5765 3690 5841 animadvertissem,
