4054 6456
326 401 389 459 21
1596 409 1866 466 VALESII
1906 410 2296 466 PREFATIO.
2680 410 2713 443 '
3502 416 3583 471 Η

321 541 596 604 eumque
632 525 918 588 codicem
953 529 1212 607 Optima)
1247 537 1410 592 notia
1444 548 1585 593 esse
1618 551 1697 594 ex
1746 532 1991 613 aliquot
2039 535 2198 594 locis
2235 533 2313 593 ab
2363 532 2628 595 Usserio
2667 532 2935 609 prolat-is
2969 533 3568 612 deprehendissem,

332 625 639 705 postulavi
677 627 755 688 ab
788 643 863 688 eo
897 645 1008 706 per
1036 628 1308 704 litteras,
1344 638 1411 692 ut
1450 632 1654 692 varias
1679 632 1817 709 ejus
1849 631 2093 693 codicis
2122 631 2431 693 lectiones
2458 629 2805 709 (integrum
2842 629 3012 690 enim
3045 630 3122 691 ab
3162 647 3237 691 eo
3270 632 3569 693 collatum

320 744 459 790 esse
494 728 959 810 existimabam)
1000 729 1078 791 ad
1112 749 1214 793 me
1245 734 1734 796 transmitteret.
1768 735 1884 795 Ille
1922 751 2072 795 vero
2106 734 2391 794 codicem
2428 732 2693 809 quidem
2737 731 2948 809 ipsum
3006 732 3068 791 in
3109 732 3326 794 charta
3360 733 3569 809 scrip-

319 836 447 889 tum
485 830 898 907 bombycina,
932 831 1717 897 bibliothecmOxoniensi
1751 854 1781 897 a
1816 835 2055 896 Savilio
2082 837 2386 895 donatum
2420 830 2658 903 fuisse,
2686 829 2840 891 mihi
2868 830 3215 909 rescripsit.
3250 831 3567 895 Cmterum

314 929 667 993 editionem
701 932 963 994 Roberti
997 934 1301 1012 Stephani
1339 938 1553 996 statim
1588 938 1660 997 ad
1701 954 1797 997 me
1834 936 2044 1008 misit,
2084 936 2144 995 in
2196 935 2379 1012 cujus
2432 934 2724 1009 margine
2773 932 3047 992 Savilius
3083 932 3568 994 etnendationes

314 1051 391 1095 ex
426 1050 547 1094 suo
581 1033 690 1094 illo
724 1032 1163 1111 manuscripto
1198 1032 1418 1095 codice
1450 1035 1863 1111 depromptas
1900 1034 2337 1092 adnotaverat.
2371 1031 2700 1103 Quantum
2761 1037 2969 1091 tamen
3025 1030 3343 1107 conjicere
3386 1033 3566 1108 potui

313 1153 441 1199 non
484 1153 709 1197 omnes
752 1136 975 1215 scripti
1012 1136 1251 1197 codicis
1301 1136 1611 1198 lectiones
1670 1137 1744 1198 ad
1806 1137 1971 1196 latus
2017 1135 2327 1196 editionis
2361 1135 2541 1195 illius
2594 1133 2899 1213 apposuit
2939 1130 3243 1199 Savilius,
3299 1131 3410 1190 sed
3461 1148 3568 1192 eas

312 1242 553 1298 tantum
621 1256 777 1317 quas
833 1238 1038 1299 bonas
1088 1247 1423 1315 certasque
1478 1255 1620 1298 esse
1672 1236 2106 1298 existimabat.
2151 1234 2453 1309 Quasdam
2515 1236 2684 1297 enim
2740 1232 3049 1295 lectiones
3098 1229 3177 1290 ab
3222 1230 3480 1290 Usserio
3530 1250 3565 1289 e

310 1336 548 1415 scripto
586 1337 697 1398 illo
729 1338 949 1399 codice
981 1335 1418 1413 proferuntur,
1455 1354 1615 1416 quas
1651 1354 1681 1396 a
1722 1335 1960 1396 Savilio
2000 1334 2464 1412 praetermissas
2497 1350 2639 1394 esse
2674 1340 2892 1411 postea
2928 1330 3351 1409 deprehendi.
3406 1331 3568 1389 Prte-

309 1445 475 1499 terca
506 1436 675 1498 idem
710 1439 984 1501 Savilius
1013 1441 1086 1501 ad
1114 1458 1289 1503 oram
1331 1440 1511 1501 illius
1539 1440 1838 1501 editionis
1878 1439 2117 1499 multas
2148 1439 2442 1516 ascripsit
2477 1439 2968 1499 emendationes
3003 1456 3082 1499 ex
3115 1440 3338 1497 codice
3373 1438 3567 1496 Joan-

307 1536 406 1598 nis
437 1533 1039 1614 Christophorsoni,
1073 1558 1266 1620 quem
1304 1540 1553 1602 scilicet
1583 1538 2217 1617 Cliristophorsonus
2251 1556 2398 1602 cum
2435 1537 2685 1617 aliquot
2740 1539 3194 1617 manuscriptis
3230 1534 3566 1615 exempla-

306 1634 481 1695 ribus
518 1637 898 1698 contulerat.

378 1790 529 1853 Haec
567 1799 717 1853 sunt
766 1793 1081 1855 librorum
1121 1794 1439 1870 subsidia,
1476 1797 1716 1876 quibus
1771 1796 2069 1861 instructi
2116 1796 2501 1859 Eusebianre
2536 1793 2839 1856 Historiae
2888 1792 3084 1853 libros
3125 1787 3565 1850 emendandos

303 1893 734 1970 suscepimus.
761 1894 879 1955 Sed
911 1912 988 1955 ne
1018 1894 1165 1971 quis
1197 1892 1358 1955 forte
1386 1894 1746 1975 quidquam
1775 1915 1807 1954 a
1834 1895 2023 1956 nobis
2060 1905 2296 1958 temere
2332 1901 2391 1957 et
2428 1913 2540 1973 pro
2570 1893 2832 1955 arbitrio
2866 1896 3182 1953 mutatum
3219 1906 3359 1949 esse
3393 1890 3567 1951 exis-

304 1993 504 2065 timet,
539 2002 689 2056 ante
721 1996 937 2057 omnia
976 1994 1241 2055 lectores
1274 1996 1554 2057 monitos
1603 2014 1745 2057 esse
1781 1999 2108 2069 volumus,
2144 1997 2304 2058 nihil
2344 2014 2458 2057 nos
2490 1998 2631 2057 sine
2671 1996 3063 2073 Optimorum
3095 1992 3562 2070 exemplarium

302 2110 619 2157 consensu
657 2106 848 2178 atque
879 2099 1259 2162 auctoritate
1294 2100 1548 2165 fecisse.
1582 2103 1899 2182 Adeoque
1938 2105 2128 2165 nobis
2174 2104 2403 2182 religio
2441 2104 2585 2171 fuit,
2624 2104 2686 2163 in
2724 2103 2821 2163 his
2860 2100 3046 2163 libris
3084 2100 3329 2179 aliquid
3373 2099 3568 2160 inter-

301 2200 539 2275 polare,
575 2214 750 2265 utne
783 2211 913 2263 tum
952 2202 1215 2282 quidem
1242 2222 1387 2266 cum
1424 2206 1636 2268 locum
1675 2209 2094 2286 depravatum
2141 2226 2283 2270 esse
2320 2208 2856 2269 manifestissime
2906 2205 3281 2285 apparebat,
3339 2203 3566 2277 conje-

300 2308 493 2362 cturae
519 2310 757 2365 nostra)
792 2304 1128 2383 indulgere
1161 2311 1578 2374 voluerimus.
1610 2315 2001 2391 Argumenta
2034 2314 2115 2375 sit
2150 2313 2327 2375 locus
2364 2314 2426 2373 in
2463 2314 2587 2375 line
2622 2314 2729 2374 lib.
2760 2333 2801 2373 x
2833 2311 3305 2386 Histor.Eccl.,
3337 2308 3563 2387 p.399,

298 2405 407 2481 qui
463 2407 561 2468 sic
612 2405 798 2470 habet
852 2408 962 2471 :‘O
1000 2411 1045 2471 δ’
1080 2419 1237 2494 ἀρετῇ
1282 2421 1427 2497 πάσῃ
1484 2425 1786 2485 Θεοσεϐεἱας
1835 2427 1899 2480 in:

1956 2434 2105 2487 ιαπῶς
2168 2425 2422 2500 μέγιστος
2471 2431 2679 2488 vianti;
2731 2428 3147 2480 Κωνσταντὲ.ος.
3183 2414 3557 2472 Poteramus

298 2502 399 2565 hic
438 2522 653 2568 veram
697 2506 1035 2573 lectionem
1073 2514 1192 2574 levi
1230 2519 1491 2592 negotio
1535 2520 1899 2593 restituere,

1961 2528 2008 2582 ξι
2048 2540 2159 2596 pro
2189 2526 2460 2600 ἐκπρεπῶς
2496 2522 2835 2582 emendare
2884 2525 3176 2595 ἐκπρίπων.
3231 2512 3335 2571 Sic
3388 2510 3562 2571 enim

300 2624 445 2667 eum
497 2609 767 2671 Eusebii
833 2612 1039 2673 locum
1093 2616 1244 2677 citat
1294 2618 1591 2680 Gelasius
1628 2621 1987 2695 Cyzicenus
2047 2622 2110 2681 in
2148 2622 2265 2683 lib.
2307 2641 2387 2692 ll,
2447 2639 2563 2682 nec
2615 2620 2799 2681 aliter
2848 2616 3156 2680 scribitur
3208 2614 3271 2674 in
3336 2612 3447 2673 lib.
3516 2628 3563 2672 υ

297 2709 562 2770 Eusebii
627 2712 711 2772 De
758 2714 889 2773 vita
937 2716 1359 2794 Constantini,
1424 2742 1559 2802 cap.
1625 2726 1721 2799 19,
1790 2727 1896 2787 ubi
1976 2727 2080 2787 hic
2150 2725 2333 2787 locus
2391 2726 2621 2788 iisdem
2689 2724 2874 2801 plane
2946 2718 3158 2781 verbis
3222 2719 3561 2791 repetitur.

296 2810 597 2889 Denique
645 2813 864 2875 nullus
904 2814 967 2877 in
1020 2817 1137 2882 hac
1188 2822 1477 2883 editione
1538 2833 1753 2886 nostra
1800 2826 2176 2886 emendatus
2224 2834 2322 2886 est
2369 2825 2569 2897 locus,
2624 2824 2699 2885 de
2756 2840 2889 2895 quo
2929 2823 2991 2882 in
3033 2818 3563 2883 adnotationibus

299 2913 603 2976 lectorem
650 2930 779 2976 non
837 2919 1314 2995 admonuerim,
1379 2933 1439 2986 et
1497 2926 1974 2987 emendationis
2032 2944 2187 2987 meae
2257 2925 2570 2988 rationem
2644 2938 2774 2984 non
2840 2921 3255 2983 reddiderim.
3319 2919 3565 2979 Emen-

296 3013 585 3075 dationis
640 3034 785 3094 pars
838 3028 933 3081 est
990 3038 1118 3083 non
1168 3030 1527 3099 postrema,
1584 3025 1919 3085 distinctio
1976 3026 2112 3088 sive
2165 3025 2638 3104 interpunctio,
2687 3025 2765 3085 de
2826 3041 2948 3100 qua
3003 3021 3296 3082 nonnihil
3360 3038 3392 3080 τι
3459 3033 3561 3079 me

293 3112 644 3177 dicendum
681 3125 800 3193 est,
840 3137 919 3181 ne
952 3121 1115 3183 forte
1152 3126 1421 3187 lectores
1455 3142 1623 3186 novo
1660 3126 2208 3204 interpunctionis
2241 3143 2476 3204 genere
2510 3125 2686 3203 quod
2725 3123 2785 3185 in
2816 3124 2976 3185 hanc
3010 3121 3359 3184 editionem
3392 3138 3423 3180 a
3460 3136 3559 3179 me

296 3218 585 3293 primum
622 3219 945 3283 invectum
986 3230 1104 3293 est,
1132 3226 1625 3287 conturbenlur.
1665 3226 2047 3304 Quanquam
2082 3229 2133 3287 si
2177 3225 2437 3304 proprie
2474 3225 2649 3303 loqui
2700 3225 2999 3296 velimus,
3051 3239 3179 3282 non
3218 3220 3277 3280 id
3319 3238 3555 3281 novum

293 3316 742 3379 distinctionis
802 3336 1033 3397 genus,
1088 3322 1199 3382 sed
1255 3322 1770 3385 vetustissimum
1831 3332 1950 3395 est,
1988 3331 2048 3385 et
2086 3325 2162 3385 ab
2214 3323 2498 3402 antiquis
2556 3322 2862 3383 omnibus
2902 3328 3025 3382 tam
3078 3318 3313 3381 Grmcis
3366 3335 3557 3397 quam

296 3414 543 3476 Latinis
582 3428 961 3496 usurpatum
1006 3443 1021 3483 :
1059 3425 1231 3491 quod
1270 3424 1700 3485 recentiorum
1740 3425 2127 3503 negligentia
2161 3423 2416 3503 penitus
2450 3422 2795 3494 abolitum,
2835 3423 2950 3482 hac
2975 3420 3258 3499 editione
3290 3428 3562 3481 conatus

291 3528 430 3573 Sum
465 3514 697 3575 saltem
740 3532 818 3576 ex
852 3525 1027 3596 parte
1065 3539 1385 3583 revocare.
1419 3523 1615 3584 Prisci
1662 3524 1925 3602 quidem
1974 3525 2093 3595 illi,
2129 3541 2352 3585 recens
2402 3534 2535 3586 tum
2572 3523 2856 3584 inventis
2906 3521 3264 3583 litterarum
3314 3519 3561 3597 ﬁguris,

298 3629 422 3674 uno
482 3622 708 3675 tenore
757 3615 895 3677 sine
944 3617 1072 3677 ulla
1124 3637 1389 3696 prorsus
1438 3620 1858 3683 distinctione
1904 3623 2293 3685 scribebant.
2341 3624 2499 3696 Quae
2550 3640 2652 3684 res
2712 3639 2855 3682 cum
2915 3622 3257 3684 maximam
3314 3629 3442 3681 tum
3493 3620 3559 3682 in

295 3710 577 3790 legendo
608 3725 739 3775 tum
779 3714 844 3775 in
882 3719 1360 3795 pronuntiando
1394 3722 1661 3783 haberet
1693 3723 2167 3796 diﬂicultatem,
2198 3732 2449 3788 veteres
2482 3721 2883 3803 grammatici
2923 3729 3051 3782 tres
3088 3722 3409 3799 posituras
3441 3737 3559 3781 seu

296 3814 753 3875 diStinctiones
787 3818 1258 3895 excogitarunt,
1299 3821 1539 3899 quibus
1584 3822 1763 3900 quasi
1801 3823 2187 3886 stationibus
2236 3826 2625 3903 quibusdam
2682 3840 2751 3883 ac
2783 3819 3159 3881 diversoriis
3207 3818 3559 3879 continuus

295 3912 613 3974 orationis
666 3930 894 3975 cursus
945 3915 1482 3992 distingueretur.
1555 3918 1826 3979 Primam
1889 3925 2195 3980 vocarunt
2250 3924 2625 3998 ὖποστιγμήν,
2678 3920 2736 3979 id
2784 3929 2878 3981 est
2934 3918 3562 3980 subdistinctionem:

296 4011 561 4073 alteram
593 4022 786 4093 pimzv,
823 4014 887 4075 id
921 4023 1041 4089 est,
1078 4015 1336 4075 mediam
1364 4016 1870 4086 distinctionem;
1906 4018 2158 4079 tertiam
2188 4026 2389 4079 τελείαν
2412 4030 2663 4098 στιγμήν,
2692 4018 2755 4079 id
2788 4026 2880 4079 est
2912 4018 3153 4097 ﬁnalem
3182 4034 3293 4077 seu
3320 4016 3563 4094 plenam

294 4108 783 4177 distinctionem.
818 4116 1057 4177 Tribus
1093 4125 1305 4178 autem
1345 4119 1598 4199 punctis
1628 4120 1886 4179 diverso
1925 4119 2055 4180 situ
2091 4118 2423 4197 dispositis
2459 4119 2750 4197 singulas
2791 4121 3203 4179 notaverunt.
3241 4114 3564 4174 Punctum

300 4218 469 4278 enim
504 4220 583 4279 ad
622 4219 814 4280 imam
848 4220 1124 4283 litteram
1154 4221 1517 4298 appositum
1553 4221 2173 4284 subdistinctionem
2205 4222 2545 4300 designat;
2582 4223 2784 4284 media
2817 4236 2969 4283 vero
2999 4218 3336 4279 distinctio
3368 4232 3564 4294 quam

300 4318 505 4382 Latini
571 4337 809 4383 moram
862 4323 1296 4401 appellarunt,
1354 4324 1756 4398 signiﬁcatur
1806 4330 2041 4400 puncto
2081 4323 2157 4385 ad
2214 4326 2493 4385 mediam
2546 4324 2817 4385 litteram
2866 4322 3083 4384 afﬁxo.
3138 4320 3302 4380 Illud
3351 4323 3566 4379 autem

298 4431 640 4501 punctum,
681 4423 852 4502 quod
887 4421 961 4483 ad
1001 4429 1189 4500 caput
1224 4420 1451 4483 litterm
1487 4424 1857 4501 apponitur,
1898 4422 2155 4486 ﬁnalem
2210 4424 2474 4484 denotat
2518 4421 3030 4484 distinctionem.
3079 4420 3315 4479 Harum
3350 4426 3568 4477 autem

298 4525 791 4588 distinctionum
825 4543 969 4604 quae
998 4523 1079 4585 sit
1120 4523 1216 4583 vis
1266 4542 1338 4585 ac
1378 4523 1559 4597 ratio,
1609 4524 1840 4587 docent
1870 4525 2312 4604 grammatici,
2374 4527 2657 4585 Donatus
2691 4529 2749 4583 et
2785 4519 3028 4581 Marius
3065 4516 3465 4587 Victorinus,
3505 4520 3568 4575 et

298 4628 648 4689 Diomedes
680 4626 743 4687 in
777 4627 889 4689 lib.
924 4644 996 4696 η.
1025 4628 1135 4705 qui
1169 4643 1337 4688 unus
1376 4628 1581 4688 instar
1613 4628 1904 4691 omnium
1947 4630 2136 4691 nobis
2175 4630 2293 4691 erit
2332 4629 2450 4689 hoc
2487 4628 2652 4687 loco.
2692 4648 2719 4681 α
2759 4622 3079 4694 Lectioni,
3110 4620 3351 4699 inquit,
3395 4620 3570 4699 posi-

300 4735 473 4787 turas
505 4728 809 4787 accedere
863 4725 958 4785 vel
1012 4725 1464 4787 distinctiones
1520 4737 1796 4804 oportet,
1849 4748 2010 4807 quas
2054 4730 2251 4791 Graeci
2302 4735 2473 4795 θέσιις
2528 4732 2793 4799 vocant;
2826 4742 2970 4803 quae
3003 4725 3171 4784 inter
3222 4722 3567 4799 legendum

299 4829 445 4889 dant
478 4826 731 4906 copiam
767 4827 1069 4902 Spiritum
1107 4826 1463 4899 reficiendi,
1511 4846 1590 4890 ne
1623 4831 2115 4893 continuatione
2166 4832 2442 4891 deticiat.
2480 4830 2590 4888 Hae
2630 4837 2754 4889 tres
2799 4838 2973 4899 sunt,
3016 4824 3372 4895 distinctio,
3407 4823 3569 4883 sub-

298 4929 660 5001 distinctio,
703 4929 912 4989 media
956 4928 1283 4989 distinctio
1332 4929 1470 4990 sive
1525 4947 1725 5000 mora,
1782 4931 1907 5001 vel,
1948 4938 2016 4991 ut
2054 4930 2438 5009 quibusdam
2491 4928 2779 4998 videtur,
2822 4924 3163 4987 submedia
3220 4945 3235 4983 :
3288 4942 3563 5002 quarum

301 5028 648 5090 diversitas
684 5028 889 5089 tribus
926 5030 1177 5107 punctis
1209 5030 1467 5092 diverso
1502 5031 1639 5090 loco
1687 5030 1915 5109 positis
1969 5030 2317 5091 indicatur.
2374 5051 2401 5083 »
2452 5029 2525 5088 Et
2558 5028 2747 5105 paulo
2789 5035 2929 5102 post
2967 5050 2981 5087 :
3019 5050 3047 5082 α
3089 5024 3428 5086 Distinctio
3469 5031 3568 5085 est

294 5132 539 5193 silentii
578 5139 751 5202 nota,
786 5148 931 5192 cum
969 5148 1161 5193 sensu
1198 5133 1536 5194 terminato
1574 5132 1846 5192 liberum
1884 5140 1978 5193 est
2021 5149 2271 5192 cessare
2309 5130 2651 5208 prolixius.
2699 5131 2802 5189 Est
2843 5127 3038 5207 hujus
3072 5134 3217 5188 nota
3257 5135 3565 5205 punctum

297 5244 489 5309 Supra
526 5251 781 5295 versum
818 5232 890 5293 ad
930 5239 1117 5309 caput
1162 5232 1389 5294 littera:
1425 5234 1731 5312 positum.
1774 5232 2240 5293 Suhdistinctio
2273 5240 2365 5293 est
2422 5232 2665 5291 silentii
2720 5238 2867 5290 nota
2905 5229 3204 5304 legitimi,
3244 5246 3368 5307 qua
3427 5245 3571 5304 pro-

299 5330 727 5392 nuntiationis
767 5332 1083 5392 terminus
1127 5350 1322 5394 sensu
1360 5342 1658 5395 manente
1691 5333 1773 5394 ita
1810 5333 2258 5409 suspenditur,
2300 5344 2368 5394 ut
2407 5334 2623 5393 statim
2660 5329 2942 5411 id,quod
2978 5330 3303 5406 sequitur,
3338 5346 3566 5388 succe-

302 5431 452 5491 dere
487 5432 741 5494 debeat.
783 5432 989 5512 Hujus
1025 5441 1239 5495 autem
1276 5440 1423 5494 nota
1459 5440 1555 5495 est
1590 5444 1901 5511 punctum
1949 5434 2070 5493 sub
2120 5449 2309 5495 Versu
2354 5433 2663 5509 positum.
2697 5434 2871 5493 Mora
2912 5437 3012 5490 est
3058 5429 3219 5489 levis
3256 5430 3318 5489 in
3352 5428 3564 5489 conti-

305 5533 611 5594 nuatione
636 5550 947 5593 sensuum
979 5533 1362 5611 interposita
1392 5532 1726 5602 discretio,
1756 5530 2058 5607 legitian
2081 5531 2526 5592 distinctionis
2553 5531 3258 5610 subdistinctionisque
3281 5529 3566 5590 medium

303 5632 601 5692 obtinens
640 5633 873 5705 locum,
916 5633 1001 5695 ita
1036 5642 1100 5695 ut
1138 5651 1253 5694 nec
1288 5632 1566 5713 perfecta
1602 5633 1662 5693 in
1714 5639 1944 5702 totum,
2000 5648 2115 5692 nec
2148 5632 2385 5693 omissa
2441 5633 2759 5705 videatur,
2798 5632 2908 5694 sed
2942 5630 3418 5708 significatione
3452 5632 3575 5692 im-

306 5733 617 5804 morandi,
658 5733 927 5794 alterius
980 5735 1311 5795 desideret
1370 5733 1760 5813 principium
1812 5750 2072 5795 sensus.
2126 5734 2196 5794 Et
2251 5734 2370 5794 hoc
2406 5733 2822 5794 solummodo
2871 5740 3090 5795 servat
3138 5729 3450 5806 otiicium,
3502 5743 3575 5796 ut

307 5829 580 5907 legentis
618 5834 915 5913 spiritum
955 5834 1338 5899 brevissima
1379 5835 1810 5913 respiratione
1844 5834 2083 5898 reticiat
2120 5850 2189 5895 ac
2227 5834 2490 5898 nutriat.
2526 5834 2627 5897 Sic
2674 5833 2844 5898 enim
2885 5830 3366 5912 pronuntiando
3422 5834 3576 5896 reti-
