4054 6456
456 385 532 444 9.3
1276 412 1299 449 δ
1739 386 2009 451 γΑιεερη
2048 385 2057 439 l

2118 383 2441 443 tAEFATlO.
3647 377 3719 432 24

460 525 604 571 ενι-ε
636 508 787 590 quis
819 506 1035 581 debet,
1070 512 1141 569 ut
1170 505 1317 586 quia
1354 505 1626 585 spiritus
1671 506 1810 587 ipse
1850 508 2126 587 quadam
2184 504 2546 567 defectione
2595 506 2906 574 mutatur,
2940 500 3179 564 deinde
3220 504 3607 564 resumatur.
3644 498 3719 561 Ut

1277 706 1347 762 Ut
1376 706 1501 761 belli
1528 708 1739 776 signum
1774 706 2032 762 Laurenti
2067 706 2282 759 Turnus
2307 707 2374 758 ab
2404 720 2529 759 arce

1278 777 1505 842 Extulit,
1541 787 1594 833 et
1624 793 1788 832 rauco
1821 786 2167 844 strepuerunt
2202 791 2403 828 cornua
2430 783 2624 836 cantu;

1271 847 1449 915 thue
1478 863 1631 903 acres
1656 850 1930 902 concussit
1955 861 2148 917 equos,
2189 858 2352 915 utque
2376 844 2587 915 impulit
2616 858 2800 911 arma;

1269 916 1554 988 Extemplo
1584 920 1780 973 turbati
1812 917 2003 972 animi.

453 1014 673 1077 Multas
710 1014 883 1078 enim
921 1011 1228 1077 clausulae
1252 1020 1404 1075 sunt
1455 1014 1682 1075 medim
1718 1014 1909 1091 hujus
1946 1012 2263 1074 lectionis.
2296 1013 2579 1073 Primum
2613 1028 2692 1072 ne
2723 1008 3219 1079 confundantur,
3252 1026 3396 1088 quae
3426 1012 3621 1072 arma
3652 1013 3713 1069 et

452 1126 686 1199 τρίκωλα
718 1126 1053 1196 ponuntur
1084 1124 1143 1178 et
1182 1115 1356 1178 talia.
1391 1114 1640 1177 Deinde
1680 1124 1742 1177 ut
1776 1125 1956 1179 actus
1991 1118 2330 1179 verborum
2380 1114 2659 1175 emineat
2691 1120 2751 1173 et
2794 1111 3024 1180 luceat,
3055 1110 3165 1189 qui
3203 1130 3278 1172 ex
3312 1111 3530 1189 aliquo
3568 1126 3717 1171 mo-

451 1222 981 1293 veaturaﬂ'ectu,
1034 1222 1128 1283 vel
1165 1219 1618 1296 indignatione
1668 1220 1765 1281 vel
1822 1222 2240 1285 miseratione
2277 1219 2532 1290 collata,
2572 1240 2601 1274 ιο
2637 1224 2758 1279 etc.
2792 1217 3183 1294 Hujusmodi
3228 1216 3426 1293 igitur
3480 1216 3716 1278 distin-

452 1326 738 1391 ctionum
769 1344 886 1388 seu
922 1325 1526 1403 interpunctionum
1565 1333 1747 1387 notas
1774 1327 2021 1405 antiqui
2062 1344 2318 1399 omnes,
2352 1334 2475 1387 tam
2510 1322 2710 1391 Grmci
2750 1341 2945 1402 quam
2985 1323 3219 1393 Latini,
3255 1324 3317 1384 in
3358 1322 3539 1384 libris
3572 1324 3711 1384 suis

448 1426 885 1488 adhibuerunt
922 1446 938 1487 :
975 1442 1136 1503 quas
1171 1424 1362 1486 etiam
1420 1424 1650 1488 lsidori
1685 1426 2096 1507 Hispalensis
2143 1435 2324 1489 mtate
2373 1426 2584 1489 adhuc
2620 1428 2687 1487 in
2726 1445 2845 1489 usu
2893 1426 3096 1486 fuisse
3129 1431 3399 1485 constat.
3434 1425 3499 1485 Id
3534 1425 3709 1485 enim

448 1524 758 1587 discimus
790 1543 867 1587 ex
901 1526 1043 1603 ejus
1074 1522 1601 1602 Originumlibro
1646 1543 1689 1598 t,
1736 1543 1877 1605 cap.
1925 1528 2023 1590 19.
2062 1528 2134 1589 ln
2189 1526 2642 1605 manuscriptis
2679 1543 2940 1606 quoque
2997 1525 3471 1602 exemplaribus
3521 1523 3713 1599 paulo

449 1625 919 1687 vetustioribus
952 1625 1172 1686 eadem
1209 1624 1662 1703 distinguendi
1703 1626 1865 1688 ratio
1895 1634 2211 1705 perpetuo
2244 1637 2565 1690 servatur.
2605 1629 2843 1689 Verum
2886 1626 3301 1693 recentiores,
3347 1642 3460 1686 seu
3507 1623 3714 1701 impe-

448 1726 593 1788 ritia
627 1744 744 1788 seu
780 1726 1027 1789 desidia
1070 1728 1349 1805 quadam
1393 1744 1463 1789 ac
1493 1728 1912 1806 negligentia,
1945 1731 2161 1792 omnia
2193 1737 2698 1793 eommutarunt.
2733 1731 2821 1791 Ac
2857 1744 2969 1807 pro
3000 1726 3542 1789 subdistinctione
3566 1726 3714 1801 qui-

444 1828 591 1889 dem
634 1828 920 1908 virgulas
956 1834 1349 1908 posuerunt;
1391 1846 1503 1908 pro
1537 1830 1765 1890 medim
1796 1830 2236 1894 distinctionis
2272 1840 2417 1894 nota
2453 1832 2583 1893 duo
2618 1838 2848 1908 puncta
2881 1849 2895 1887 :
2923 1829 3126 1891 ﬁnalis
3161 1844 3312 1889 vero
3343 1826 3708 1887 distinctio-

450 1928 555 1991 nis
608 1938 822 1991 notam
864 1946 895 1990 a
962 1927 1169 2007 capite
1222 1926 1297 1988 ad
1349 1927 1543 2005 pedes
1595 1927 1823 1990 litteras
1872 1928 2264 2008 dejecerunt.
2318 1929 2524 2003 Quatn
2587 1947 2838 2007 pravam
2883 1926 3332 2005 distinguendi
3394 1927 3706 1990 rationem

442 2035 647 2097 secuti
682 2042 829 2098 sunt
866 2052 1091 2098 omnes
1125 2034 1258 2096 fere
1286 2032 1660 2113 typographi
1694 2041 1923 2112 praeter
1954 2034 2188 2096 Aldum
2250 2036 2640 2098 Manutium.
2680 2036 2799 2097 Hic
2832 2034 3002 2096 enim
3039 2035 3102 2094 in
3142 2032 3424 2095 editione
3456 2034 3711 2096 Graeco-

442 2154 585 2197 rum
642 2136 983 2211 librorum,
1016 2154 1179 2216 quos
1220 2155 1386 2217 pene
1426 2139 1934 2202 innumerabiles
1968 2140 2254 2214 excudit,
2291 2158 2428 2203 eam
2474 2158 2729 2217 semper
2760 2137 3353 2216 interpunctionem
3402 2139 3704 2211 retinuit,

439 2256 633 2317 quam
683 2241 747 2301 in
805 2242 1267 2319 mattuscriptis
1315 2240 1797 2318 exemplaribus
1836 2243 2199 2305 invenerat.
2236 2245 2308 2303 Et
2346 2243 2628 2321 virgulas
2661 2242 2923 2322 quidem
2958 2242 3131 2321 quod
3184 2242 3448 2314 attinet,
3500 2243 3699 2303 nolim

438 2356 547 2403 eas
580 2337 908 2413 damnare.
957 2341 1183 2402 Parum
1230 2340 1403 2400 enim
1462 2337 1751 2409 interest,
1788 2356 1980 2418 quam
2040 2349 2252 2401 notam
2293 2341 2717 2402 adhibeamus
2755 2338 2828 2400 ad
2867 2337 3481 2400 subdistinctionem
3532 2339 3709 2403 ἀρεῖς

436 2440 789 2520 gnandam.
823 2440 1016 2503 modo
1048 2458 1119 2502 ea
1157 2446 1307 2500 nota
1342 2438 1417 2501 ad
1462 2440 1657 2515 pedes
1699 2449 2056 2517 apponatur
2089 2441 2336 2503 littera).
2390 2440 2575 2501 Certe
2608 2440 2671 2501 in
2722 2440 2971 2518 Optimo
3024 2439 3134 2501 illo
3165 2458 3232 2501 ac
3266 2439 3707 2503 vetustissimo

435 2540 661 2604 codice
693 2539 1106 2604 bibliothecas
1137 2540 1502 2608 Mazarinm,
1533 2540 1719 2616 cujus
1752 2547 1941 2621 antea
1976 2540 2375 2602 mentionem
2408 2540 2554 2612 feci,
2591 2541 2912 2602 interdum
2952 2556 3068 2617 pro
3103 2538 3336 2609 media,
3380 2539 3701 2601 interdum

434 2655 550 2717 pro
586 2638 756 2700 finali
798 2638 1221 2701 distinctione
1250 2637 1563 2715 virgulam
1598 2637 1953 2715 appositam
2011 2638 2243 2714 reperi,
2279 2639 2341 2699 id
2377 2645 2497 2703 est.
2533 2657 2709 2701 nunc
2753 2641 2827 2700 ad
2881 2641 3158 2701 mediam
3194 2642 3493 2712 litteram,
3530 2659 3703 2702 nunc

432 2738 511 2801 ad
544 2756 887 2801 summam.
923 2739 1051 2801 Nec
1087 2739 1297 2804 solum
1335 2742 1606 2820 virgula,
1652 2759 1870 2802 verum
1906 2741 2099 2803 etiam
2158 2743 2406 2805 sicilico
2440 2758 2557 2804 seu
2591 2748 2731 2821 ἁπλῇ
2766 2760 2986 2804 aversa
3023 2761 3491 2822 nonnunquam
3532 2743 3706 2803 desi-

432 2839 751 2916 gnabatur
803 2839 1011 2900 media
1051 2841 1408 2915 distinctio,
1473 2850 1541 2905 ut
1598 2844 1785 2903 docet
1816 2842 2190 2905 Victorinus
2256 2843 2320 2904 in
2373 2844 2581 2906 libr0t
2624 2844 2800 2905 Artis
2839 2846 3274 2925 grammaticae.
3332 2844 3514 2917 Quod
3551 2860 3703 2905 vero

429 2963 553 3027 pro
590 2946 759 3009 finali
797 2947 1226 3017 distinctione
1268 2948 1461 3011 hodie
1495 2954 1801 3026 punctum
1842 2948 1915 3007 ad
1956 2948 2150 3026 pedes
2186 2948 2411 3009 litterae
2447 2949 2775 3026 ponimus,
2828 2949 2917 3019 id,
2949 2965 3091 3009 meo
3123 2949 3387 3027 quidem
3424 2949 3701 3026 judicio,

429 3048 583 3110 ferri
633 3047 1006 3109 nullatenus
1060 3056 1293 3126 potest.
1346 3048 1570 3125 Neque
1615 3048 1789 3108 enim
1842 3046 2053 3106 solum
2109 3046 2411 3108 vetustati
2456 3046 2515 3106 id
2569 3055 2906 3125 repugnat,
2946 3065 3163 3107 verum
3203 3049 3390 3108 etiam
3444 3048 3700 3108 rationi.

428 3152 684 3233 Quippe
718 3150 879 3215 ratio
932 3158 1237 3231 ροδιυιαῐ,
1275 3157 1343 3210 ut
1375 3155 1523 3210 nota
1558 3148 1784 3211 eodem
1835 3148 1963 3215 situ
2016 3147 2217 3228 posita
2268 3151 2559 3210 eamdem
2608 3147 2905 3226 designet
2953 3146 3462 3209 distinctionem.
3522 3150 3697 3207 Pun-

432 3258 601 3315 ctum
642 3250 843 3330 igitur
876 3251 937 3311 in
977 3250 1102 3311 ima
1139 3257 1314 3326 parte
1353 3248 1664 3327 positum,
1708 3247 1876 3307 idem
1913 3247 2277 3324 signiticare
2300 3246 2517 3317 debet,
2551 3249 2719 3326 quod
2755 3247 2999 3327 virgula
3032 3268 3177 3330 quze
3200 3251 3272 3311 ad
3312 3252 3499 3312 imam
3532 3252 3701 3311 litte-

428 3370 562 3416 ηιξ)
606 3363 818 3414 notata
849 3364 973 3415 est.
1010 3353 1236 3430 Neque
1270 3348 1442 3411 enim
1479 3355 1625 3413 nota
1658 3348 1818 3426 ipsa,
1858 3350 1967 3409 sed
2007 3358 2174 3411 notas
2210 3350 2375 3410 situs
2409 3350 2614 3411 variat
2645 3351 3169 3416 distinctionem.
3208 3357 3293 3415 Ex
3335 3373 3464 3433 quo
3498 3353 3702 3415 elﬁci-

428 3465 557 3530 tur,
590 3458 846 3521 ﬂnalem
882 3455 1370 3519 distinctionem
1413 3470 1541 3514 non
1597 3459 1767 3514 recte
1798 3471 1829 3512 a
1865 3452 2054 3513 nobis
2105 3454 2432 3531 designari
2486 3464 2723 3531 puncto
2760 3456 2837 3518 ad
2889 3458 3083 3534 pedes
3122 3460 3347 3520 litterm
3378 3458 3698 3536 apposito.

426 3560 641 3635 Quare
676 3576 805 3620 non
840 3559 981 3620 sine
1010 3573 1200 3620 causa
1234 3562 1519 3615 veterem
1558 3551 2066 3631 interpungendi
2096 3552 2406 3614 rationem
2440 3554 2505 3615 in
2556 3553 2672 3615 hac
2706 3556 2996 3619 editione
3040 3557 3383 3619 restituere
3410 3574 3551 3618 sum
3596 3573 3701 3618 cn-

427 3671 638 3727 natus.
674 3664 766 3727 Ac
795 3662 1116 3742 virgulam
1158 3656 1423 3737 quidem
1457 3654 1659 3732 ipsam
1697 3656 1963 3726 retinui,
1991 3655 2236 3735 quippe
2262 3674 2404 3737 quae
2442 3658 2505 3719 in
2537 3659 2910 3721 denotanda
2938 3661 3490 3726 subdistinctione
3524 3663 3694 3726 idern

426 3759 634 3823 valeat
665 3777 737 3820 ac
772 3768 1116 3838 punctum;
1153 3756 1429 3819 mediam
1483 3771 1634 3818 vero
1684 3755 2173 3817 distinctionem
2213 3773 2289 3817 ex
2334 3756 2915 3836 manuscriplorum
2968 3761 3264 3823 codicum
3314 3762 3697 3822 auctoritate

426 3856 565 3919 suis
596 3856 755 3917 locis
786 3856 970 3937 quasi
1015 3852 1420 3934 postliminio
1456 3851 1739 3915 restitui.
1778 3853 1991 3932 Hujus
2028 3870 2221 3931 porro
2268 3854 2608 3917 utilitatem
2643 3874 2714 3917 ac
2769 3861 3221 3923 necessitatem
3276 3862 3584 3935 studiosi,
3628 3870 3696 3923 nt

425 3973 644 4033 spero,
680 3957 981 4019 celeriter
1011 3964 1390 4035 agnoscent.
1422 3956 1651 4035 Neque
1684 3955 1857 4017 enim
1888 3955 2103 4015 solum
2139 3971 2217 4017 eo
2251 3956 2415 4019 valet
2449 3956 2657 4017 media
2693 3956 2798 4018 illa
2831 3959 3193 4035 distinctio,
3231 3971 3297 4023 ut
3331 3973 3698 4029 resumatur

426 4056 697 4135 Spiritus
730 4059 807 4121 ad
839 4058 1236 4139 principium
1270 4058 1540 4120 alterius
1569 4074 1805 4119 sensus
1840 4058 2382 4128 continuandum,
2410 4065 2471 4118 et
2507 4064 2572 4117 ut
2605 4069 2785 4120 actus
2817 4061 3019 4139 magis
3045 4060 3327 4124 emineat
3360 4081 3429 4124 ac
3462 4062 3692 4136 luceat,

422 4158 978 4239 quemadmodum
1022 4160 1252 4222 scribit
1299 4161 1671 4231 Diomedes,
1715 4175 1933 4220 verum
1995 4158 2186 4219 etiam
2252 4158 2325 4219 ad
2378 4159 2732 4220 notandum
2764 4160 3119 4225 discrimen
3171 4179 3591 4242 personarum
3623 4182 3696 4226 ac

422 4262 844 4340 dignitatum.
879 4262 982 4331 Sic
1009 4263 1250 4326 alicubi
1291 4264 1354 4324 in
1393 4264 1492 4323 his
1527 4262 1739 4331 libris,
1783 4261 1896 4321 ubi
1945 4259 2023 4335 le;

2091 4271 2182 4322 tur
2217 4265 2520 4329 ἐπισκόπων
2564 4271 2942 4349 πρεσϐυτέρων
2984 4294 3041 4329 τι
3071 4277 3163 4330 καὶ
3193 4269 3460 4340 διακόνων,
3491 4270 3692 4331 codex

423 4362 925 4427 eminentissimi
961 4363 1305 4427 cardinalis
1354 4371 1498 4441 post
1531 4381 1754 4425 vocem
1789 4365 2090 4425 inanimi»
2125 4368 2397 4426 mediam
2442 4365 2704 4429 adhibet
2750 4368 3261 4431 distinctionem.
3313 4370 3431 4429 Sed
3469 4378 3528 4429 et
3563 4371 3697 4446 ple-

424 4468 645 4544 risque
677 4466 741 4527 in
785 4466 943 4528 locis
978 4473 1285 4547 punctum
1332 4468 1406 4528 ad
1444 4472 1633 4545 caput
1684 4466 1911 4527 littera)
1968 4465 2183 4543 posui,
2225 4466 2303 4527 ad
2343 4467 2598 4529 ﬁnalem
2644 4470 3131 4531 distinctionem
3166 4470 3631 4546 designandum
3675 4491 3690 4529 :

426 4565 670 4645 ubique
708 4566 769 4628 id
810 4566 1098 4630 facturus
1128 4613 1146 4643 ,
1192 4569 1322 4635 nisi
1354 4568 1451 4630 vis
1500 4568 1745 4629 inolitm
1779 4568 2283 4629 consuetudinis
2343 4586 2444 4629 me
2477 4569 2556 4629 ab
2594 4570 2869 4651 increpto
2926 4578 3317 4633 revocasset.
3376 4569 3692 4633 Caeterum

420 4667 598 4747 quod
634 4685 756 4747 ego
788 4668 854 4729 in
891 4669 1007 4732 hac
1043 4669 1331 4733 editione
1360 4677 1605 4732 tantum
1643 4686 1720 4730 ex
1756 4677 1930 4742 parte
1965 4668 2258 4749 praestiti,
2308 4668 2371 4730 id
2417 4668 2494 4730 ab
2527 4669 2673 4730 aliis
2705 4670 2942 4749 majore
2972 4668 3263 4730 doctrina
3304 4676 3364 4731 et
3410 4671 3695 4731 auctori-

420 4773 549 4830 tate
588 4768 901 4846 prteditis,
934 4770 1049 4855 qui
1084 4778 1373 4834 veterum
1410 4770 1616 4833 libros
1647 4771 1914 4851 posthac
1946 4769 2183 4830 edituri
2221 4775 2399 4841 sunt,
2430 4770 2712 4842 tandem,
2746 4779 2811 4831 ut
2847 4786 3064 4847 Spero,
3099 4771 3687 4832 consummabitur.

420 4871 633 4948 Atque
662 4868 797 4931 htec
829 4871 908 4933 de
941 4868 1403 4933 emendatione
1436 4878 1497 4933 et
1528 4869 1949 4932 distinctione
1986 4875 2201 4930 nostra
2236 4869 2607 4930 summatim
2646 4869 2813 4931 dicta
2860 4869 3201 4934 sufﬁciant.
3240 4873 3421 4934 Nunc
3454 4874 3530 4933 ad
3568 4874 3687 4933 La-

420 4968 619 5030 tinam
658 4968 1257 5047 interpretationem
1295 4972 1659 5034 veniamus.

497 5090 637 5161 Non
695 5091 926 5153 dubito
994 5093 1232 5163 multos
1293 5093 1429 5161 fore
1482 5096 1593 5173 qui
1647 5095 1966 5163 mirentur
2006 5111 2201 5173 quam
2252 5095 2334 5156 ob
2382 5111 2511 5154 rem
2552 5101 2694 5171 post
2732 5103 2858 5155 tres
2892 5095 3153 5155 Latinos
3186 5092 3448 5155 Eusebii
3487 5094 3693 5154 inter-

413 5204 674 5279 pretes,
734 5213 981 5277 eosque
1046 5197 1111 5259 in
1160 5198 1399 5261 Graecis
1455 5199 1686 5261 litteris
1740 5218 1869 5261 non
1925 5200 2339 5261 mediocriter
2367 5199 2795 5268 exercitatos,
2831 5207 3114 5275 quartam
3152 5198 3289 5275 ipse
3322 5196 3688 5258 versionem

413 5300 911 5363 elaboraverim.
939 5302 1195 5376 Quibus
1230 5304 1508 5381 primum
1545 5303 1632 5365 ita
1668 5302 2066 5383 respondeo:
2093 5304 2154 5366 Si
2190 5313 2335 5381 post
2367 5303 2665 5371 Ruﬁnum
2689 5348 2703 5376 ,
2744 5301 2857 5382 qui
2902 5301 3350 5361 Ecclesia-sltem
3385 5299 3691 5361 Historia:

416 5398 616 5463 libros
672 5402 923 5483 primus
979 5403 1047 5465 in
1098 5404 1396 5475 Latinum
1432 5422 1803 5467 sermonem
1853 5404 2211 5477 convertit,
2264 5404 2445 5465 licuit
2483 5402 2778 5464 Musculo
2821 5420 3047 5463 novam
3091 5406 3685 5481 interpretationem

410 5503 727 5573 condere,
778 5502 835 5565 si
895 5522 1123 5569 rursus
1171 5516 1316 5584 post
1360 5504 1729 5567 Musculum
1772 5504 1941 5566 idem
1976 5504 2164 5566 licuit
2197 5503 2825 5581 ChristOphorsono,
2860 5520 2975 5564 cur
3014 5503 3170 5562 mihi
3212 5518 3472 5581 quoque
3511 5500 3686 5563 idem

400 5600 572 5681 juris
637 5620 767 5666 non
816 5603 1014 5669 fuerit
1075 5610 1250 5687 quod
1314 5607 1610 5670 cmteris?
1658 5608 1844 5687 Apud
1882 5608 2142 5669 Judaeos
2178 5614 2324 5687 post
2369 5606 2782 5685 Septuaginta
2826 5605 3169 5668 Seniorum
3209 5606 3559 5666 editionem
3597 5612 3689 5666 tot

410 5713 962 5769 sacramentorum
1019 5707 1363 5786 religione,
1418 5715 1509 5770 tot
1567 5708 1951 5774 scaeulorum
1991 5710 2373 5772 auctoritate
2425 5709 2779 5780 ﬁrmatam,
2827 5706 3060 5785 Aquila
3101 5707 3405 5786 primum,
3448 5708 3686 5771 deinde

410 5809 814 5886 Theodotion
860 5821 923 5875 et
963 5811 1388 5893 Symmachus
1443 5831 1638 5877 novas
1693 5814 1942 5877 Veteris
1976 5813 2366 5879 Testamenti
2420 5812 2995 5894 interpretationes
3031 5812 3276 5891 singuli
3317 5813 3685 5879 ediderunt.
