4054 6456
224 323 300 378 ες
1545 310 1815 369 YALESII
1855 308 2252 368 PREFATIO.
2420 272 2427 283 ’
2775 376 2780 378 _
3480 311 3550 365 26

222 444 507 523 Quinta
565 444 723 505 item
772 441 1113 517 Sextesque
1149 454 1221 500 ac
1254 435 1554 514 Septimte
1595 432 1903 494 editionis
1944 436 2235 492 auctores
2278 428 2543 507 quidam
2598 376 2833 505 reper'ti
2877 436 3055 505 sunt,
3094 446 3371 510 quorum
3425 449 3547 492 no-

222 550 410 612 mina
452 547 903 624 ignorantur:
946 558 1189 621 easque
1235 555 1464 602 omnes
1498 536 1834 599 versiones
1863 534 2178 613 Origenes
2214 533 2278 593 in
2318 531 2632 611 Hexaplis
2665 531 2803 593 suis
2835 534 3201 607 collocavit,
3240 543 3309 596 ut
3351 552 3385 597 a
3434 553 3544 598 ca-

222 652 510 717 tholicis
578 648 963 712 hominibus
1015 645 1411 723 legerentur.
1462 640 1650 715 Quod
1702 639 1902 717 igitur
1938 637 2180 699 Judteis
2225 635 2287 697 in
2331 635 2550 697 Veteri
2603 636 3023 699 Testamento
3062 637 3272 712 licuit,
3319 656 3434 702 cur
3475 640 3542 701 in

219 758 543 821 Eusebio
588 754 746 818 mihi
783 770 907 815 non
947 750 1156 823 liceat,
1188 749 1470 810 maxime
1500 764 1644 808 cum
1693 745 1755 808 id
1788 745 2028 807 audere
2062 743 2128 804 in
2176 743 2459 804 Eusebio
2504 741 2718 804 minus
2754 741 3187 819 periculosum
3214 744 3321 815 sit,
3350 760 3539 823 quam

218 867 284 927 in
342 861 575 923 sacris
629 858 995 919 divinarum
1047 852 1522 931 Scripturarum
1568 851 1782 912 libris?
1816 848 2162 910 Enimvero
2196 846 2416 908 multa:
2449 863 2669 925 emque
2711 846 3109 923 gravissimte
3140 848 3421 909 rationes
3461 849 3537 909 ad

218 984 418 1031 novre
457 967 681 1043 hujus
731 957 1288 1037 interpretationis
1320 974 1485 1019 onus
1517 956 1923 1017 subeundum
1968 970 2067 1014 me
2105 952 2198 1015 vel
2244 952 2516 1013 invitum
2562 952 2981 1031 impulerunt.
3035 953 3186 1015 Nam
3235 970 3382 1014 cum
3427 970 3542 1014 no-

218 1089 364 1132 vam
419 1062 901 1127 Ecclesinslicw
948 1056 1260 1117 Historiae
1311 1058 1662 1117 editionem
1710 1062 1926 1114 vestro
1952 1054 2144 1130 jussu
2182 1051 2544 1129 vestrisque
2579 1052 2896 1129 auspiciis
2933 1054 3408 1132 suscepissem,
3448 1054 3540 1115 vi-

215 1173 635 1241 deremoue,
670 1148 1083 1243 superiorum
1117 1160 1535 1236 interpretere
1562 1155 1892 1217 versiones
1915 1153 1997 1215 ob
2020 1152 2285 1214 crebros
2318 1168 2571 1217 errores
2607 1171 2677 1213 ac
2703 1159 3089 1235 παριρμηνείας
3126 1170 3534 1233 nequaquam

216 1273 627 1339 satisfacere
678 1265 999 1329 desiderio
1053 1264 1387 1325 doctorum
1450 1264 1735 1323 virorum
1770 1303 1788 1334 ,
1849 1258 2394 1339 quemadmodum
2447 1259 2719 1320 Joannis
2758 1259 3040 1322 Curterii
3079 1267 3140 1321 et
3179 1260 3343 1322 Petri
3387 1260 3537 1322 Hal-

216 1378 407 1443 loixii
448 1373 841 1439 testimonio
868 1371 994 1449 jam
1033 1377 1221 1431 antea
1260 1370 1648 1431 declaratum
1686 1375 1821 1439 est,
1873 1365 2148 1426 duorum
2182 1364 2453 1426 alterum
2483 1364 2640 1425 mihi
2682 1365 3049 1427 necessario
3099 1364 3531 1443 praestandum

214 1483 380 1556 fuit,
439 1487 520 1542 ut
581 1478 677 1540 vel
738 1475 1067 1551 antiquam
1130 1474 1730 1552 interpretationem
1784 1471 2199 1548 corrigerem,
2248 1469 2345 1530 vel
2386 1478 2558 1531 certe
2594 1455 3011 1549 procederem
3047 1487 3302 1532 novam.
3335 1470 3533 1533 Porro

212 1585 511 1647 aliorum
572 1575 1176 1656 interpretationem
1227 1579 1574 1656 corrigere,
1634 1584 1701 1639 ut
1764 1576 2109 1638 molestum
2162 1591 2274 1651 per
2316 1591 2385 1636 se
2430 1591 2504 1636 ac
2543 1574 2832 1649 difﬁcile,
2867 1573 2952 1636 ita
2990 1574 3181 1635 etiam
3229 1574 3529 1635 odiosum

216 1692 611 1753 videbatur.
661 1688 785 1748 Sua
832 1683 1004 1744 enim
1043 1686 1284 1765 cuique
1323 1685 1486 1758 laus,
1518 1700 1679 1745 suus
1719 1683 1925 1745 honos
1960 1682 2232 1744 debetur
2265 1700 2296 1743 a
2333 1681 2549 1743 nobis.
2587 1682 2909 1744 Fecerunt
2954 1681 3042 1742 illi
3083 1682 3403 1760 quidquid
3444 1682 3511 1743 in

212 1794 382 1874 ipsis
441 1790 611 1860 fuit,
661 1794 723 1850 et
775 1801 896 1847 suo
946 1783 1164 1846 labore
1211 1792 1502 1845 nostrum
1554 1784 1834 1845 laborem
1873 1782 2085 1845 levare
2125 1800 2197 1844 ac
2233 1783 2532 1845 minuere
2567 1783 2780 1845 conati
2816 1790 2995 1844 sunt.
3052 1783 3329 1844 Proinde
3361 1800 3527 1859 opus

216 1898 773 1977 uniuscujusque
814 1890 1188 1966 interpretis
1234 1887 1629 1951 laudandum
1679 1888 1900 1966 potius
1949 1896 2043 1949 est
2084 1907 2114 1950 a
2166 1888 2355 1949 nobis
2407 1904 2600 1967 quam
2638 1886 3189 1965 interpolandum.
3227 1888 3524 1961 Ruﬁnus,

214 2002 536 2081 quamvis
600 2011 863 2057 sensum
924 1992 1142 2070 potius
1196 1993 1462 2055 Eusebii
1512 1999 1821 2072 sequatur
1875 2009 2071 2072 quam
2107 1993 2325 2064 verba,
2368 2000 2578 2054 tersus
2610 2001 2705 2054 est
2735 2001 2945 2053 tamen
2980 2011 3053 2053 ac
3090 1993 3374 2065 nitidus,
3410 2010 3527 2056 nec

218 2100 617 2180 legentibus
654 2092 1088 2173 injucundus;
1121 2114 1193 2158 ac
1242 2102 1336 2156 Vel
1376 2115 1453 2157 eo
1487 2096 1752 2157 nomine
1793 2095 2139 2173 plurimum
2176 2094 2566 2170 laudandus,
2618 2095 2789 2175 quod
2829 2093 3334 2155 Ecciesiaslicam
3374 2094 3526 2155 His-

218 2206 454 2267 toriam
500 2203 755 2282 primus
790 2196 1030 2260 Lalinte
1066 2196 1301 2274 lingua;
1337 2196 1715 2257 hominibus
1750 2196 1949 2268 dedit,
1986 2196 2171 2273 cujus
2227 2195 2529 2256 versione
2580 2197 2655 2255 ad
2704 2201 2984 2255 nostram
3019 2212 3228 2274 usque
3273 2203 3521 2258 aetatem

217 2327 329 2372 usa
377 2316 483 2370 est
526 2303 899 2369 Occidentis
936 2296 1244 2359 Ecclesia.
1280 2295 1620 2358 Musculns
1652 2295 1872 2358 verbis
1909 2296 2199 2374 pressius
2234 2294 2517 2355 adhaeret
2543 2339 2560 2369 ,
2594 2302 2655 2354 et
2693 2294 2757 2354 in
2794 2295 3277 2373 interpretando
3311 2296 3524 2359 brevis

219 2418 313 2471 est
367 2418 585 2486 atque
640 2405 1045 2483 perSpicuus,
1089 2401 1446 2481 multisque
1487 2402 1550 2462 in
1595 2401 1750 2463 locis
1785 2399 2391 2479 ChristOphorsono
2430 2397 2704 2460 felicior.
2741 2398 3409 2477 ChristOphorsonus,
3453 2414 3523 2465 ut

214 2511 608 2590 diligentior
658 2526 729 2570 ac
786 2505 1035 2569 doctior
1091 2508 1411 2582 Musculo,
1449 2507 1542 2569 sic
1593 2507 1785 2568 etiam
1836 2504 2251 2567 numerosior
2304 2505 2567 2579 incedit,
2600 2503 3180 2567 etCiceronianum
3215 2506 3518 2585 quiddam

218 2626 434 2682 sonat.
491 2619 806 2678 Prmterea
847 2628 1008 2676 usus
1054 2621 1149 2696 est
1201 2611 1658 2688 manuscriptis
1692 2611 2177 2691 exemplaribus
2210 2610 2283 2671 ad
2321 2608 2924 2685 interpretationem
2958 2627 3137 2671 suam
3180 2612 3523 2675 elaboran-

216 2721 404 2781 dam:
450 2721 841 2800 primusque
875 2715 1329 2794 Panegyricum
1364 2714 1654 2789 Eusebii,
1691 2714 1936 2775 dictum
1974 2714 2444 2776 trieennalibus
2478 2712 2920 2785 Constantini,
2958 2715 3182 2775 Latino
3213 2734 3518 2779 sermone

220 2822 448 2893 edidit,
510 2839 709 2898 quem
773 2829 990 2899 postea
1047 2822 1459 2884 Genevenses
1507 2821 1883 2901 typographi
1922 2822 2143 2885 Graece
2193 2802 2621 2884 excuderunt.
2675 2823 2851 2885 Dicet
2889 2823 2991 2885 hic
3030 2824 3311 2903 aliquis:
3347 2826 3517 2899 Quid

218 2922 416 3001 igitur
451 2940 627 3002 opus
663 2922 783 2984 fuit
818 2939 981 2986 nova
1024 2926 1320 2989 versione
1347 2972 1364 3000 ,
1401 2944 1549 2988 cum
1596 2927 1686 2989 illi
1729 2928 2115 3003 interpretes
2151 2934 2239 2988 tot
2275 2929 2605 3007 tantisque
2638 2927 2942 2990 laudibus
2973 2930 3354 2993 abundent?
3385 2934 3516 3012 Ego

225 3047 374 3093 vero
414 3031 651 3092 laudes
678 3030 937 3092 illorum
973 3048 1432 3102 commemoro,
1471 3048 1599 3093 non
1642 3032 1793 3092 vitia
1828 3034 2057 3107 detego
2093 3053 2109 3093 :
2149 3049 2292 3110 quae
2315 3032 2577 3111 quidem
2614 3033 2891 3095 aliorum
2926 3034 3299 3096 testimonio
3320 3054 3511 3115 quam

220 3148 361 3192 meo
389 3132 587 3209 prodi
645 3131 885 3193 malim.
945 3131 1132 3207 Quod
1186 3133 1237 3192 si
1292 3131 1441 3212 quis
1482 3132 1930 3193 adnotationes
1978 3149 2154 3193 meas
2196 3131 2450 3211 legerit,
2508 3143 2618 3195 aut
2666 3134 3269 3215 interpretationem
3309 3155 3510 3200 meam

222 3256 362 3300 cum
400 3240 670 3301 illorum
707 3239 1008 3301 versione
1039 3233 1330 3296 conferre
1381 3235 1694 3308 voluerit,
1729 3234 2053 3312 intelliget
2095 3235 2381 3313 profecto
2416 3242 2574 3314 quot
2605 3237 3004 3316 quantisque
3046 3239 3379 3300 erroribus
3414 3258 3512 3302 re-

220 3339 397 3405 fertae
427 3345 567 3405 sint
603 3343 859 3404 illorum
898 3344 1492 3419 interpretationes,
1533 3357 1649 3401 nec
1690 3339 1831 3400 sine
1865 3356 2053 3401 causa
2096 3355 2327 3400 novam
2355 3338 2622 3399 Eusebii
2667 3338 3028 3399 versionem
3063 3339 3223 3401 mihi
3261 3358 3295 3402 a
3328 3340 3510 3404 vobis

223 3442 583 3522 injunctam
636 3444 865 3508 fuisse.
906 3443 1026 3504 Sed
1068 3446 1379 3524 quoniam
1417 3460 1541 3506 non
1580 3443 1907 3505 voluntate
1943 3441 2053 3502 sed
2098 3442 2480 3505 necessitate
2512 3442 2786 3523 quadam
2824 3442 2889 3504 in
2928 3442 3104 3506 hunc
3136 3462 3505 3508 sermonem

222 3546 531 3625 delapsus
591 3567 763 3623 sum,
808 3554 889 3611 de
939 3545 1349 3622 superiorum
1384 3543 1807 3624 interpretum
1845 3544 2016 3605 vitiis
2053 3545 2420 3605 summatim
2462 3563 2660 3624 pauca
2701 3545 2937 3608 dicam.
2986 3549 3141 3609 Nam
3183 3549 3236 3610 si
3276 3558 3506 3611 cunt-ta

224 3646 483 3709 illorum
548 3655 837 3729 σφάλματα
888 3648 1265 3729 singillatim
1324 3650 1553 3711 vellem
1610 3668 2032 3727 percensere,
2086 3649 2150 3710 in
2204 3649 2594 3712 immensum
2650 3651 3112 3714 extenderetur
3159 3655 3387 3716 oratio.
3430 3655 3506 3717 Ut

222 3745 417 3823 igitur
473 3768 508 3812 a
572 3750 802 3812 Ruﬁno
849 3753 1186 3821 exordiar,
1216 3750 1367 3831 quis
1413 3752 1617 3813 nescit
1652 3751 1832 3813 illum
1879 3750 2156 3811 Eusebio
2194 3751 2390 3839 multa
2426 3768 2539 3829 pro
2574 3752 2841 3813 arbitrio
2891 3753 3259 3829 addidisse,
3305 3755 3500 3817 multa

225 3852 606 3930 detraxisse,
639 3857 836 3920 multa
873 3865 1184 3929 mutasse;
1218 3873 1292 3919 ac
1330 3854 1656 3936 plerisque
1692 3856 1755 3917 in
1795 3855 1950 3918 locis
1976 3863 2360 3938 παραφράστην
2391 3859 2604 3935 potius
2639 3876 2780 3919 esse
2810 3874 2999 3936 quam
3040 3859 3506 3935 interpretem?

224 3953 517 4030 Exempli
558 3960 780 4039 gratia,
816 3961 879 4020 in
909 3959 1074 4023 libro
1109 3981 1193 4024 vn
1227 3960 1306 4024 de
1338 3961 2118 4041 Gregoriileaumaturgi
2150 3964 2504 4037 miraculis,
2538 3963 2693 4025 satis
2727 3964 3035 4041 prolixam
3071 3967 3501 4031 narrationem

224 4050 516 4132 inseruit,
553 4079 696 4139 qure
729 4063 790 4124 in
829 4065 1080 4129 Eusebii
1112 4068 1312 4131 nostri
1349 4069 1830 4148 exemplaribus
1863 4086 1989 4129 non
2038 4068 2332 4131 habetur.
2374 4069 2579 4141 ldem,
2615 4068 2679 4129 in
2727 4068 2890 4130 libro
2930 4085 2990 4127 ix
3030 4068 3293 4130 Luciani
3331 4088 3505 4135 mar-

226 4154 378 4228 tyris
411 4161 770 4225 orationem
810 4184 920 4243 pro
953 4170 1080 4232 ﬁde
1120 4180 1335 4234 nostra
1368 4188 1594 4233 coram
1630 4169 1855 4249 judice
1898 4168 2176 4231 habitam
2210 4179 2718 4241 commemorat,
2752 4187 2943 4245 quam
2980 4169 3240 4230 Eusebii
3276 4189 3506 4234 exem-

228 4253 416 4330 plaria
449 4278 577 4323 non
610 4276 992 4342 agnoscunt.
1029 4272 1166 4333 Jam
1205 4290 1357 4335 vero
1391 4272 1714 4333 decimum
1748 4270 2207 4332 Ecclesiastica'
2250 4272 2559 4333 Historia?
2594 4271 2825 4333 librum
2863 4280 3065 4333 totum
3099 4273 3229 4334 fere
3266 4273 3329 4334 in
3369 4294 3505 4337 ver-

230 4356 405 4421 sione
437 4382 555 4426 sua
602 4371 1023 4443 prretermisn.
1065 4372 1235 4434 Nihil
1268 4374 1370 4436 hic
1403 4373 1546 4434 dico
1587 4372 1667 4433 de
1708 4370 2027 4449 capitibus
2064 4370 2142 4430 ab
2178 4386 2254 4431 eo
2286 4370 2692 4433 commutatis
2730 4372 2793 4431 in
2846 4370 3008 4431 libro
3060 4376 3244 4431 sexto
3283 4389 3354 4432 ac
3388 4390 3490 4435 se-

230 4458 460 4537 ptimo,
504 4468 1023 4550 quandoquidem
1059 4474 1121 4534 in
1156 4472 1684 4535 adnotationibus
1720 4472 1885 4533 meis
1922 4470 2035 4531 hac
2072 4468 2152 4529 de
2196 4486 2261 4530 re
2306 4468 2604 4530 lectorem
2663 4467 2996 4528 admonui.
3034 4466 3203 4541 Quot
3241 4470 3499 4533 Eusebii

231 4557 355 4623 loca
406 4567 484 4629 ab
539 4569 650 4633 illo
707 4590 1036 4653 perperam
1093 4582 1351 4656 accepta
1398 4584 1460 4638 et
1516 4576 1929 4653 interpretata
1976 4575 2164 4634 suntl
2206 4573 2329 4634 Hic
2363 4579 2459 4633 est
2497 4572 2608 4652 qui
2653 4591 2732 4632 ex
2783 4571 3083 4633 Zacharia
3120 4575 3494 4648 sacerdote,

231 4663 400 4762 ἳυὶυδ
449 4668 516 4730 in
558 4672 905 4751 Evangelio
954 4681 1140 4743 Lucae
1172 4682 1239 4744 fit
1282 4682 1568 4752 mentio,
1606 4688 1948 4759 martyrem
1998 4679 2188 4740 nobis
2226 4679 2726 4756 Lugdunensem
2771 4680 3008 4741 etfecit.
3058 4681 3178 4741 Hic
3235 4691 3333 4744 est
3383 4686 3495 4762 qui

237 4759 571 4834 Bibliadem
620 4790 764 4837 cum
806 4779 1114 4844 Btandina
1152 4784 1465 4847 confudit.
1521 4785 1640 4846 Hic
1686 4791 1783 4845 est
1824 4784 1936 4863 qui
1973 4782 2423 4844 Philoromum
2459 4782 2941 4845 nobilissimum
2985 4793 3329 4867 martyrem
3356 4836 3373 4867 ,
3403 4759 3496 4853 ex

233 4870 524 4939 rationale
569 4879 898 4945 tribunum
942 4889 1218 4951 militum
1261 4890 1434 4953 fecit.
1488 4892 1580 4954 De
1627 4890 1925 4952 Musculo
1975 4907 2129 4950 vero
2180 4888 2336 4968 quid
2371 4887 2602 4951 attinet
2634 4888 2876 4966 dicere,
2926 4891 3115 4970 cujus
3162 4894 3495 4960 versiones

236 4975 382 5051 lnam
437 4993 501 5049 et
552 4988 716 5052 alios
770 4992 1118 5072 scriptores
1184 4995 1406 5056 Latine
1459 4995 1921 5072 interpretatus
1980 4994 2099 5071 est)
2152 5010 2277 5054 non
2334 5010 2725 5072 magnopere
2769 4996 3129 5072 probantur
3175 5014 3207 5059 a
3243 4998 3497 5062 doctis?

232 5078 773 5191 latinumerabiles
802 5095 944 5173 ejus
983 5115 1237 5160 errores
1278 5100 1565 5179 proferre
1601 5116 1854 5177 possem
1883 5142 1900 5169 ,
1938 5098 1990 5159 si
2050 5096 2283 5161 vellem
2322 5121 2337 5160 :
2378 5098 2548 5159 inter
2573 5115 2738 5180 quos
2777 5100 2882 5162 hic
2915 5101 3185 5166 eminet.
3242 5104 3494 5185 Diony-

234 5194 355 5289 Sttts
386 5191 896 5272 Alexandrinus,
933 5198 998 5261 in
1028 5200 1297 5280 epistola
1330 5202 1644 5264 adversus
1688 5204 2082 5265 Germanum
2112 5246 2129 5272 ,
2163 5220 2358 5280 quam
2398 5201 2590 5265 refert
2623 5204 2953 5268 Eusebius
2986 5206 3046 5267 in
3081 5204 3247 5270 libro
3279 5221 3489 5286 sexto,

234 5287 397 5392 att‘se
425 5301 552 5371 περὶ
592 5299 741 5359 ἡλίου
777 5296 991 5377 δυσμάς
1020 5307 1563 5383 comprehensum
1597 5328 1629 5371 a
1664 5309 1831 5371 milit

1886 5327 2011 5383 tus,
2045 5318 2104 5372 et
2141 5310 2500 5387 'l‘aposirim
2542 5328 2686 5375 esse
2729 5313 3138 5392 perductum.
3181 5319 3262 5377 At
3308 5320 3487 5381 Mus-

237 5388 396 5453 culus
442 5396 891 5479 Heliodysmas
938 5407 1248 5487 Oppidum
1287 5426 1431 5473 esse
1463 5410 1759 5472 credidit.
1793 5411 1898 5473 Sic
1927 5410 2097 5471 enim
2135 5410 2321 5471 vertit
2363 5431 2380 5473 :
2415 5411 2549 5489 Ego
2581 5388 2844 5492 namque
2882 5432 3018 5474 cum
3050 5413 3488 5495 Heliodysmas

240 5507 343 5594 tina
372 5516 501 5558 cum
533 5502 661 5564 illis
690 5506 801 5584 qui
830 5526 1058 5571 mecum
1091 5521 1265 5572 erant
1291 5556 1306 5582 .
1338 5514 1632 5574 venissem
1653 5557 1672 5587 ,
1710 5513 2071 5592 Taposirim
2102 5533 2138 5572 a
2162 5513 2478 5575 militibus
2511 5513 2743 5575 ductus
2773 5535 2932 5576 sum.
2972 5518 3142 5579 Idem
3182 5531 3484 5594 praeterea

240 5590 540 5697 {Insculus
572 5607 802 5671 librum
844 5611 1106 5675 Eusebii
1144 5612 1229 5672 De
1263 5613 1648 5692 martyribus
1682 5590 2073 5689 Patiestinw,
2122 5619 2232 5697 qui
2276 5617 2612 5697 subjectus
2656 5624 2754 5680 est
2804 5620 2969 5680 libro
3024 5639 3137 5681 vm
3176 5590 3484 5684 Historia!

245 5690 692 5781 Ecclesiasticat.
730 5719 931 5774 totum
967 5715 1031 5779 in
1068 5716 1367 5779 versione
1400 5737 1513 5781 sua
1564 5720 2012 5797 praetermisit;
2049 5738 2240 5799 quam
2291 5722 2373 5783 ob
2422 5738 2704 5797 causam,
2745 5722 2987 5784 nescio.
3026 5724 3132 5785 Est
3167 5724 3336 5788 enim
3366 5726 3479 5790 ille
