4054 6456
534 364 607 419 27
1278 414 1299 431 ν,
1800 365 2073 424 VALESll
2110 355 2499 424 PR.4£FATIO-
3711 369 3789 423 28

538 480 797 544 Eusebii
856 481 1018 544 liber
1063 482 1608 560 elegantissimus.
1655 483 1955 559 Superest
1981 482 2193 545 versio
2222 476 2492 543 Joannis
2523 469 3114 562 Cbristephorsoni,
3146 501 3290 564 qua:
3325 501 3439 547 nec
3484 484 3620 560 ipsa
3653 501 3782 545 na:—

534 583 631 642 vis
661 583 798 644 suis
832 592 1023 644 caret.
1056 583 1239 657 Nam,
1281 598 1351 651 ut
1390 590 1678 651 omittam
1719 588 2149 650 barbarismos
2179 588 2292 668 qui
2328 588 2394 648 in
2422 587 2526 648 illa
2552 588 2793 666 saepius
2825 599 3194 664 occurrunt,
3228 589 3499 651 nimium
3533 590 3783 667 prolixa

532 702 593 750 et
622 689 926 751 laciniosa
959 698 1055 752 est
1087 692 1227 766 ejus
1259 686 1725 764 interpretatio,
1759 686 1916 747 dum
1951 702 2140 747 voces
2164 684 2473 765 quasdam
2507 686 2687 747 addit
2715 689 2790 747 ad
2832 688 3214 766 explendam
3263 689 3639 767 periodum,
3674 697 3790 751 aut

530 788 607 847 ad
646 787 1041 848 obscurioris
1095 784 1216 847 loci
1262 786 1749 865 expositionem
1797 804 1948 848 suas
1997 786 2214 865 adjicit
2257 792 2622 861 ἐπεξηγήσης.
2675 787 3004 849 Interdum
3041 788 3229 851 etiam
3263 807 3340 851 ex
3378 789 3631 851 duabus
3678 808 3791 866 pe-

531 893 733 954 riodis
780 909 969 954 unam
1004 890 1191 960 facit.
1223 898 1284 952 et
1317 891 1446 951 duo
1479 889 1679 968 capita
1714 889 1779 949 in
1815 906 2017 950 unum
2071 887 2348 962 confert,
2398 890 2556 950 adeo
2595 896 2663 951 ut
2698 890 3071 953 Latinorum
3122 892 3400 971 capitum
3445 893 3786 956 distinctio

531 993 600 1054 in
648 995 791 1071 ejus
841 993 1372 1070 interpretatione
1423 994 1694 1055 multum
1735 992 2053 1070 discrepet
2087 1012 2119 1053 a
2149 992 2391 1054 Graeca.
2423 992 2579 1066 Quae
2616 1010 2717 1055 res
2746 1003 3047 1073 quantam
3088 996 3286 1072 pariat
3320 996 3675 1059 molestiam
3710 1013 3788 1058 ac

534 1091 1082 1165 perturbationem
1120 1093 1183 1154 in
1215 1097 1491 1159 citandis
1517 1116 1593 1159 ex
1629 1097 1914 1158 Eusebio
1958 1097 2145 1169 locis,
2196 1105 2437 1159 norunt
2477 1116 2706 1161 omnes
2750 1099 3055 1161 studiosi.
3090 1101 3361 1161 ldemin
3401 1099 3787 1178 theologicis

531 1190 795 1267 quidem
832 1193 988 1253 satis
1029 1196 1413 1262 exercitatus
1461 1201 1623 1274 fuit,
1659 1202 1768 1263 sed
1802 1202 2042 1262 criticze
2079 1202 2237 1262 artis
2271 1202 2495 1280 peritia
2531 1210 2592 1263 et
2618 1202 3024 1281 antiquitatis
3063 1205 3365 1267 Romanae
3408 1206 3784 1283 cognitione

531 1289 1187 1369 leviterjnstructus.
1237 1302 1447 1370 Quare
1497 1298 1563 1357 in
1610 1298 1886 1376 prOpriis
1933 1297 2262 1360 vocabulis
2300 1298 2790 1377 magistratuum
2825 1303 3282 1375 Romanorum,
3318 1305 3478 1366 etin
3517 1304 3598 1366 iis
3631 1323 3787 1384 qua)

528 1396 602 1455 ad
658 1397 908 1458 civilem
948 1399 1570 1464 administrationem
1597 1399 1939 1479 pertinent,
1975 1408 2282 1478 perpetuo
2329 1402 2562 1464 labitur
2597 1424 2614 1463 :
2655 1404 2829 1465 verbi
2858 1404 3086 1482 gratia,
3125 1406 3193 1467 in
3225 1409 3629 1485 exponendis
3664 1427 3782 1471 vo-

527 1495 712 1555 cibus
743 1504 1015 1577 ἠσνεμὸνος,
1050 1516 1352 1580 στρατηγοῦ
1372 1547 1388 1577 ,
1430 1511 1727 1582 ἐπαρχικῆς
1761 1510 1961 1574 τάξεως
1991 1510 2053 1566 et
2084 1504 2128 1564 ἱῐ

2185 1503 2508 1567 similibus
2540 1507 2715 1568 aliis.
2754 1508 3085 1569 Postremo
3121 1508 3354 1570 librum
3393 1513 3660 1574 Eusebii
3697 1515 3786 1576 De

522 1596 909 1674 martyribus
938 1597 1319 1676 Palaestina,
1355 1604 1466 1682 qui
1506 1605 1567 1663 in
1603 1604 1892 1666 editione
1930 1603 2193 1665 Boberti
2224 1603 2532 1682 Stephani
2581 1614 2643 1668 et
2676 1606 2743 1667 in
2794 1609 3253 1687 manuscriptis
3294 1614 3785 1692 exemplaribus

522 1696 910 1773 subjunctus
962 1708 1057 1760 est
1105 1709 1326 1763 octavo
1378 1704 1687 1763 Historia:
1731 1701 2182 1763 Ecclesiasticw
2239 1703 2400 1765 libro
2444 1703 3072 1783 ChriSIOpborsonus
3102 1708 3166 1768 in
3214 1717 3505 1772 octavum
3539 1711 3780 1773 librum

524 1801 905 1868 transludit.
937 1820 1079 1865 cum
1129 1806 1270 1883 ejus
1305 1817 1545 1884 partem
1588 1809 1770 1869 illum
1822 1825 1968 1871 esse
2016 1811 2322 1873 crederet.
2369 1811 2573 1885 Quem
2620 1811 3187 1892 Christopborsoni
3241 1833 3520 1878 errorem
3566 1818 3782 1880 secuti

524 1908 739 1975 postea
775 1905 1151 1981 typographi
1193 1908 1627 1974 Genevenses.
1667 1916 1732 1970 ut
1769 1909 1980 1971 Graeca
2019 1910 2260 1971 Latinis
2297 1918 2584 1988 aptarent
2612 1957 2629 1987 ,
2662 1930 2738 1973 ex
2770 1912 3023 1973 duobus
3057 1915 3319 1977 Eusebii
3357 1916 3536 1979 libris
3571 1937 3780 1981 unum

518 2003 759 2065 fecere.
795 2011 1006 2082 Atque
1051 2008 1183 2071 haec
1218 2007 1479 2085 carptim
1517 2009 1684 2070 dicta
1727 2009 1855 2069 sint
1889 2009 1966 2071 de
2015 2009 2188 2069 vitiis
2235 2009 2644 2089 superiorum
2694 2010 3333 2089 interpretationum;
3388 2032 3512 2078 non
3559 2018 3779 2083 obtre-

519 2106 733 2165 ctandi
766 2106 1007 2179 animo,
1048 2125 1165 2169 nec
1190 2112 1551 2173 minuenda:
1575 2113 1953 2192 cujusquam
2002 2113 2372 2190 interpretis
2404 2112 2662 2191 gloriae,
2707 2116 2818 2177 sed
2863 2123 2927 2176 ut
2961 2117 3234 2179 studiosi
3268 2136 3491 2183 omnes
3533 2121 3777 2186 intelli-

517 2213 695 2279 δίκην
744 2221 861 2267 1103
910 2223 1036 2267 non
1068 2208 1209 2269 Sine
1244 2234 1432 2278 causa
1472 2236 1694 2282 novam
1746 2219 2329 2296 interpretationem
2371 2220 2759 2299 suscepisse.
2794 2223 2992 2296 Quam
3025 2234 3094 2286 ut
3129 2224 3464 2304 perfectam
3505 2232 3771 2307 quidem

482 2386 487 2391 _
518 2315 581 2368 et
626 2310 911 2370 numeris
946 2312 1252 2374 omnibus
1288 2317 1639 2379 absolutam
1681 2325 1976 2397 praestare
2012 2335 2137 2380 non
2173 2321 2379 2381 ausim
2413 2319 2501 2399 (id
2538 2321 2706 2383 enim
2748 2323 2960 2385 nimim
2993 2334 3157 2387 esset
3189 2329 3611 2412 conﬁdentiae)
3636 2378 3653 2403 ,
3686 2335 3770 2397 ita

516 2406 815 2485 plurimis
869 2411 1121 2471 mendis
1178 2417 1417 2491 quibus
1462 2422 1833 2499 superiores
1875 2422 2437 2500 ii’iterpretationes
2488 2430 2759 2498 scatent,
2802 2446 3014 2490 carere
3050 2430 3313 2493 ﬁdenter
3338 2432 3604 2498 allirmo.
3642 2438 3776 2501 Cae-

514 2524 721 2577 terum
769 2536 915 2580 cum
956 2521 1070 2581 tria
1112 2522 1513 2599 potissimum
1555 2526 1619 2585 in
1657 2527 1951 2587 versione
1987 2527 2428 2606 requirantur,
2468 2539 2533 2588 ut
2569 2529 2866 2590 nimirum
2908 2532 3119 2593 fidelis
3154 2535 3259 2608 sit,
3295 2543 3365 2598 ut
3400 2539 3656 2617 elegans
3691 2560 3771 2609 ac

515 2620 875 2696 perspicua,
910 2640 1168 2699 operam
1202 2620 1343 2683 dedi
1381 2638 1460 2680 ne
1490 2621 1642 2698 quid
1684 2619 1909 2681 horum
1946 2622 2013 2680 in
2046 2622 2341 2683 versione
2378 2631 2591 2684 nostra
2625 2624 3127 2692 desideraretur.

591 2719 1197 2798 lnterpretationem
1228 2733 1595 2804 sequuntur
1625 2726 2096 2788 adnotationes.
2137 2729 2205 2788 ln
2238 2729 2475 2807 quibus
2504 2730 2633 2792 duo
2671 2732 3077 2809 potissimum
3110 2740 3390 2814 spectavi
3435 2760 3451 2799 :
3486 2739 3764 2817 primum

516 2830 584 2883 ut
643 2827 1169 2889 emendationum
1230 2846 1516 2890 mearum
1580 2830 1893 2891 rationem
1952 2832 2304 2905 redderem,
2353 2842 2413 2895 et
2460 2836 2661 2896 varias
2702 2839 3085 2916 scriptorum
3119 2844 3411 2905 codicum
3450 2845 3765 2908 lectiones

511 2928 829 2990 studiosis
871 2946 1286 3008 preponerem
1315 2949 1335 2989 :
1375 2928 1607 2989 deinde
1638 2936 1704 2989 ut
1735 2930 2144 2991 obscuriores
2178 2933 2441 2993 Eusebii
2476 2935 2651 2996 locos
2680 2936 3093 3013 illustrarem,
3129 2952 3189 3002 et
3217 2944 3514 3022 antiquos
3549 2947 3768 3007 Eucte-

512 3026 624 3086 siae
663 3045 874 3090 mores
920 3049 991 3092 ac
1026 3032 1185 3092 ritus
1216 3024 1477 3092 collatis
1506 3030 1779 3092 aliorum
1824 3033 2204 3112 scriptorum
2248 3035 2403 3097 locis
2444 3038 2858 3117 explicarem.
2908 3045 3450 3110 Adnutationibus
3484 3065 3767 3129 quatuor

510 3147 542 3188 a
599 3149 698 3192 me
732 3133 1085 3212 subjunctaa
1115 3140 1267 3196 sunt
1298 3134 1814 3197 dissertationes.
1848 3136 2129 3210 Quarum
2183 3139 2380 3218 prima
2433 3149 2525 3202 est
2573 3142 2649 3204 de
2690 3144 2875 3207 initio
2913 3163 2983 3208 ac
3023 3166 3364 3225 progressu
3399 3152 3762 3217 scbismatis

507 3230 1015 3296 Donatistarum.
1050 3235 1261 3297 Altera
1297 3245 1393 3297 est
1425 3237 1503 3299 de
1539 3240 1832 3299 Anastasi
1868 3248 1930 3300 et
1979 3242 2281 3319 martyrio
2330 3243 2946 3324 Hierosolymitano.
2990 3251 3167 3314 Hanc
3202 3255 3496 3333 sequitur
3533 3257 3765 3339 dispu-

509 3328 665 3390 talio
693 3332 770 3393 de
818 3336 1113 3398 versione
1161 3338 1336 3398 LXX
1368 3340 1790 3416 lnterpretum
1842 3343 2150 3404 adversus
2187 3344 2489 3407 Jacobum
2523 3328 3359 3422 UsseriumArmachanum.
3394 3328 3764 3434 Quartaest

507 3428 586 3490 de
634 3433 1085 3537 blartj'rologio
1128 3443 1410 3504 Romano
1453 3445 1623 3522 quod
1660 3446 1857 3507 edidit
1895 3449 2312 3525 Rosweydus.
2352 3452 2561 3530 Atque
2600 3453 2732 3515 haec
2762 3465 2913 3517 sunt
2944 3476 3087 3537 qua:
3116 3462 3192 3521 ad
3230 3428 3604 3527 Eusebianm
3638 3468 3759 3527 Ili-

507 3532 721 3593 storiaa
770 3535 1265 3604 illustrationem
1301 3562 1330 3605 a
1382 3564 1479 3607 me
1530 3547 1594 3607 in
1643 3548 1759 3610 hac
1791 3550 2079 3612 editione
2110 3552 2436 3615 elaborata
2487 3565 2664 3616 sunt.
2703 3557 2858 3631 Quae
2892 3561 2944 3620 si
2979 3564 3255 3642 cuipiam
3288 3568 3557 3631 fortasse
3595 3571 3761 3631 levia

506 3630 902 3745 videbuntur
937 3656 1007 3701 ac
1042 3642 1187 3705 vilia
1211 3692 1227 3718 ,
1264 3649 1318 3709 is
1353 3651 1625 3727 cogitet,
1684 3653 2057 3724 huiusmodi
2094 3656 2223 3719 fere
2256 3668 2481 3721 cuncta
2528 3679 2669 3722 esse
2705 3680 2846 3739 quae
2877 3665 2942 3726 in
2978 3664 3097 3728 hoc
3128 3686 3359 3745 genere
3404 3670 3754 3736 litterarum

509 3733 958 3851 proferuntur,
988 3743 1196 3824 iisque
1231 3769 1341 3827 pro
1375 3756 1589 3817 studio
1631 3755 1976 3834 legentium
2022 3778 2092 3821 ac

2164 3762 2453 3822 tomacho
2497 3773 2606 3824 aut
2640 3767 2912 3843 pretium
2947 3776 3055 3830 aut
3103 3777 3534 3851 contemptum
3570 3791 3758 3837 acce-

504 3832 681 3897 dere.
741 3839 892 3899 Nam
946 3842 1002 3903 si
1057 3849 1316 3926 quidem
1359 3871 1615 3933 aequum
1670 3876 1742 3918 ac
1792 3858 2156 3919 studiosum
2208 3860 2508 3922 lectorem
2546 3863 2937 3939 invenerint,
2978 3873 3187 3947 magni
3226 3874 3664 3951 aestimantur;
3699 3880 3755 3939 si

508 3948 657 3995 vero
693 3938 755 3998 in
787 3940 1153 4009 fastidiosas
1194 3969 1386 4013 aures
1426 3955 1797 4030 inciderint,
1850 3974 1963 4036 pro
2012 3958 2215 4019 nihilo
2259 3961 2610 4025 ducuntur.
2662 3964 2911 4027 Deinde
2963 3971 3119 4045 quid
3172 3972 3293 4033 nisi
3346 3974 3605 4052 vulgare
3642 3979 3756 4040 ad-

505 4046 766 4108 modum
807 4059 866 4112 et
905 4057 1224 4123 mediocre
1263 4062 1767 4137 exspectandum
1804 4071 1922 4136 est,
1959 4085 1990 4127 a
2025 4084 2125 4127 me
2165 4068 2510 4146 praesertim
2545 4070 2655 4148 qui
2691 4071 2773 4132 ob
2801 4073 3193 4137 debilitatem
3228 4079 3563 4142 oculorum
3597 4084 3754 4145 alie-

504 4144 602 4258 nis
639 4150 843 4211 oculis
878 4171 951 4215 ac
989 4159 1282 4224 manibus
1328 4166 1619 4244 etlegere
1649 4187 1840 4246 cogor
1870 4179 1929 4233 et
1980 4174 2260 4236 scribere
2313 4196 2327 4235 :
2365 4183 2423 4234 et
2480 4180 2590 4255 qui
2645 4179 2796 4240 dum
2844 4191 3097 4259 prOpter
3135 4185 3369 4247 laboris
3426 4191 3754 4267 magnitu-

502 4248 719 4365 dinem
765 4270 1021 4332 semper
1062 4262 1141 4323 ad
1186 4269 1489 4332 ulteriora
1530 4272 1788 4346 festino,
1838 4286 2040 4337 totum
2094 4278 2212 4339 hoc
2241 4282 2692 4361 qualecunque
2725 4293 2815 4345 est
2854 4302 3017 4363 Opus
3053 4289 3134 4350 ita
3174 4304 3585 4368 properanter
3622 4296 3753 4359 dic-

499 4354 649 4425 tavi,
684 4366 752 4417 ut
787 4358 889 4420 vix
926 4363 1246 4443 relegendi
1286 4368 1439 4430 mihi
1477 4372 1676 4433 otium
1705 4373 1919 4436 fuerit.
1950 4377 2095 4451 Quo
2127 4381 2323 4457 magis
2356 4380 2743 4461 indulgenda
2785 4387 2939 4448 mihi
2974 4397 3069 4450 est
3111 4393 3324 4468 venia,
3372 4394 3577 4458 sicubi
3629 4396 3751 4460 for-

498 4458 668 4570 tasse
718 4457 783 4570 in
833 4460 1356 4535 adnotationibus
1413 4478 1662 4541 lectoris
1724 4482 2045 4544 desiderio
2086 4501 2212 4547 non
2264 4504 2731 4570 usquequaque
2764 4493 3065 4556 satisfeci.
3108 4495 3424 4561 Caeterum
3460 4503 3533 4562 ad
3574 4502 3750 4565 invi-

498 4561 722 4669 tandos
758 4562 1054 4638 lectores,
1106 4571 1170 4631 in
1203 4573 1343 4652 ipso
1376 4580 1589 4656 operis
1624 4583 1949 4647 vestibulo
1983 4587 2422 4652 doctissimam
2460 4594 2791 4671 epistolam
2830 4598 3181 4674 collocavi,
3220 4620 3407 4680 quam
3445 4605 3748 4668 illustris-

492 4676 699 4723 simus
753 4681 822 4726 ac
865 4673 1447 4736 reverendissimus
1487 4679 2018 4762 arcliiepisc0pus
2060 4687 2423 4751 Tolosanus
2454 4690 2677 4753 Petrus
2714 4695 2792 4756 de
2823 4695 3055 4771 Marca,
3098 4697 3193 4758 vir
3225 4673 3583 4763 divinarum
3628 4704 3747 4764 hn-

494 4779 958 4846 manarumque
1010 4787 1220 4834 rerum
1280 4778 1545 4844 scientia
1599 4784 2160 4861 instructissimus,
2216 4792 2293 4852 ad
2341 4810 2441 4854 me
2486 4795 2740 4873 scripsit
2778 4798 2856 4858 de
2894 4799 3091 4877 prima
3128 4802 3457 4879 Evangelii
3513 4807 3743 4877 praedi-

492 4866 741 4929 catione
788 4871 850 4931 in
907 4873 1131 4937 Gallia.
1184 4877 1508 4962 Quidquid
1565 4887 1759 4966 igitur
1804 4892 1971 4953 lzedii
2023 4911 2094 4957 ac
2137 4896 2447 4959 molestiae
2476 4917 2553 4961 ex
2589 4900 3108 4965 lucubrationum
3148 4924 3430 4968 mearum
3468 4906 3742 4970 lectione

489 4972 930 5035 contraxerint
967 4973 1272 5053 studiosi,
1311 4976 1375 5042 id
1408 4981 1600 5062 hujus
1634 4986 1923 5066 epistolas
1957 4990 2325 5057 eruditione
2357 5003 2419 5059 et
2454 4999 2821 5064 amoenitate
2854 5002 3039 5067 facile
3076 5005 3435 5086 detergent.
