4034 6450
286 342 350 396 29
1268 336 1608 394 EPISTOLA
1645 337 1736 391 AD
1773 334 2134 391 llENRlCUM
2174 331 2548 391 VALESIUM.

302 485 3529 521 _______________________________________._

1022 651 1741 767 PETRUS
1815 653 2053 763 DE
2123 650 2778 764 MABGA

1429 884 1964 930 ARCBIEPISCOPUS
1998 882 2367 930 TOLOSANUS

798 1031 1245 1091 CLARISSIMO
1294 1030 1391 1087 ET
1440 979 1989 1087 ERUDITISSLllO
2038 1030 2218 1085 νιηο
2273 1027 2619 1085 HENRICO
2667 1024 2982 1083 VALESIO

1793 1146 1851 1203 S.
1890 1146 1955 1202 Ρ.
1993 1146 2062 1203 D.

336 1443 601 1502 Gratulor
623 1445 743 1509 tibi,
765 1457 821 1499 et
846 1446 1099 1501 Ecclesiae
1126 1444 1415 1504 universae.
1443 1443 1649 1497 obeam
1680 1456 1842 1511 quam
1874 1446 1919 1502 Α
1951 1440 2219 1511 Lugduni.
2246 1456 2351 1495 una
2381 1456 2505 1497 cum
2534 1416 2685 1495 urbis
2718 1438 3129 1510 magistratibus
3158 1453 3263 1492 non
3291 1437 3528 1493 infelici-

261 1539 308 1593 in
326 1541 588 1593 vertenda
615 1548 670 1593 et
693 1538 941 1592 ornanda
964 1537 1178 1592 Eusebii
1207 1536 1445 1591 Historia
1472 1534 1843 1589 Ecclesiastt'ca

257 1645 463 1700 operam
487 1628 751 1700 posuisti,
789 1628 947 1697 juxta
987 1629 1115 1684 cieri
1178 1628 1441 1684 Gallicani
1489 1628 1840 1684 desiderium.

260 1722 397 1773 Illam
437 1722 649 1789 quippe
673 1720 820 1774 acris
855 1722 1057 1788 ingenii
1104 1721 1387 1776 solertiam
1422 1723 1842 1790 maturiorisque

254 1812 435 1882 judicii
482 1812 600 1866 vim
642 1828 766 1866 cum
811 1829 1027 1867 summa
1092 1815 1403 1868 eruditione
1471 1816 1839 1884 conjunctam,

257 1920 410 1971 quam
436 1905 489 1956 in
518 1904 769 1959 editione
799 1905 1070 1957 Ammiani
1094 1944 1109 1968 ,
1162 1914 1217 1958 et
1261 1905 1650 1972 Excerptorum
1685 1906 1841 1977 Poly-

257 1997 345 2060 bii,
390 1997 621 2051 senatui
689 1995 1053 2049 litteratorum
1116 1996 1241 2049 olim
1304 1997 1652 2063 probaveras.
1699 2012 1840 2052 llllllC

257 2089 457 2143 felicius
518 2089 821 2142 exseruisti
879 2088 933 2142 in
984 2086 1205 2156 majoris
1249 2091 1506 2143 momenti
1563 2088 1834 2155 Historia,

255 2192 359 2232 tum
391 2196 421 2231 a
452 2180 619 2234 vitiis
648 2179 967 2243 lectionum,
992 2187 1104 2232 tum
1145 2185 1213 2234 ab
1260 2180 1618 2248 interpretum
1661 2180 1835 2235 hallu-

253 2272 630 2325 rinationihus
656 2273 934 2339 purganda
961 2310 979 2336 ,
1022 2272 1256 2341 egregiis
1288 2273 1521 2343 denique
1552 2275 1604 2329 in
1642 2273 1836 2328 dillici-

250 2363 406 2415 liores
435 2362 597 2416 locos
632 2361 893 2416 adhibitis
918 2364 1326 2418 commentariis
1363 2364 1701 2418 illustranda.
1734 2367 1836 2419 lle-

253 2468 361 2504 rum
406 2452 922 2507 ecclesiasticarum
952 2454 1196 2521 origines
1241 2454 1507 2508 indelessa
1553 2456 1832 2526 diligentia

254 2541 594 2609 perquisitas
632 2541 922 2609 descripsit
962 2541 1261 2606 Eusebius;
1300 2543 1395 2597 sed
1426 2559 1553 2595 ttstts
1592 2546 1834 2611 quando-

246 2648 347 2702 que
383 2634 648 2688 oratione
680 2650 747 2688 ex
784 2636 944 2703 genio
978 2634 1336 2689 Orientalium
1385 2635 1681 2704 perplexa;
1732 2636 1832 2688 ali—

246 2727 457 2791 quando
490 2742 631 2780 vero
661 2736 883 2795 propter
926 2726 1125 2795 lingua:
1167 2741 1491 2795 morumque
1531 2726 1828 2793 ignoratio-

251 2830 364 2866 nem
397 2815 596 2869 minus
628 2816 924 2869 intellecta.
964 2816 1133 2882 Quem
1172 2815 1462 2881 singularis
1505 2817 1831 2871 eruditionis
1865 2806 1903 2858 Β

158 2974 163 2981 ⁴
248 2918 348 2959 tnze
389 2908 532 2973 luce,
576 2910 783 2979 apertis
826 2910 1115 2964 vetustatis
1155 2909 1541 2963 ecclesiastica}
1588 2911 1827 2975 areanis,

248 3000 418 3054 civilis
450 3017 701 3070 quoque,
735 3004 956 3068 quando
986 3016 1072 3054 res
1097 3000 1368 3069 exigebat,
1397 3002 1718 3071 patefecisti.
1754 3003 1830 3057 Ex

245 3108 349 3158 quo
386 3093 732 3160 voluptatem
765 3094 884 3161 cepi
911 3093 1237 3157 maximam;
1264 3107 1368 3146 non
1409 3093 1582 3146 solum
1612 3104 1831 3162 prepter

252 3184 389 3235 illam
417 3225 432 3247 ,
477 3199 610 3252 quze
657 3185 787 3237 mihi
820 3183 1123 3237 communis
1158 3182 1335 3237 futura
1380 3196 1466 3239 est
1494 3200 1615 3238 cum
1645 3186 1830 3253 probis

247 3275 544 3329 eternditis
576 3277 729 3337 viris,
755 3291 821 3329 ex
869 3292 930 3330 ea
977 3277 1205 3329 lectione
1233 3277 1584 3330 hauriendam
1627 3280 1830 3333 doctri-

251 3382 329 3419 me
356 3367 604 3433 copiam,
638 3367 729 3418 sed
768 3367 911 3434 quod
946 3367 1128 3420 ειυς]ἰο
1163 3368 1470 3423 decessoris
1501 3370 1604 3424 mei
1645 3371 1824 3426 Caroli

247 3461 310 3512 de
359 3459 641 3512 Montrhal
664 3499 679 3521 ,
735 3458 1129 3526 archiepiscopi
1160 3457 1416 3513 Tolosani
1444 3501 1459 3523 ,
1494 3461 1594 3514 viri
1626 3463 1827 3529 pietate

250 3559 299 3603 et
338 3552 663 3603 eruditione
700 3550 974 3617 quondam
1016 3543 1380 3613 cel'eherrimi,
1431 3552 1498 3604 ad
1548 3556 1649 3606 hoc
1692 3570 1826 3620 opus

250 3644 471 3693 arduum
516 3640 912 3710 perliciendum
952 3650 1003 3693 te
1047 3640 1352 3694 accinxisti.
1411 3640 1576 3710 Cujus
1638 3644 1821 3697 sedem

248 3748 361 3784 cum
400 3734 746 3802 possideam,
801 3733 1197 3785 reddendorum
1244 3733 1340 3785 tibi
1388 3735 1687 3803 gratiarum
1727 3752 1823 3788 no-

252 3839 387 3887 tuen,
412 3824 565 3891 quod
598 3822 950 3877 Successiouc
977 3824 1249 3889 contraxi,
1276 3824 1359 3877 his
1395 3824 1591 3880 litteris
1613 3826 1821 3880 solvere

251 3930 529 3967 neressutn
578 3916 785 3983 putavi.

313 4006 617 4067 (Steterunt,
650 4016 941 4074 antequam
978 4005 1166 4058 ultima
1208 4021 1401 4059 manus
1441 4015 1675 4072 ponatur
1706 4006 1819 4060 edi-

249 4096 370 4149 tioni
406 4114 535 4165 qua:
581 4112 723 4149 nunc
778 4098 880 4151 sub
924 4098 1077 4165 prelo
1131 4096 1340 4157 fervet,
1385 4099 1709 4149 monendum
1767 4106 1820 4149 te

249 4188 395 4250 duxi,
442 4190 497 4240 in
536 4187 925 4240 dissertatione
974 4196 1160 4240 nostra
1215 4186 1285 4239 De
1327 4181 1557 4254 primatu
1598 4186 1816 4251 Lugdu-

248 4280 408 4343 neusi,
434 4294 560 4348 qua:
589 4279 641 4331 in
678 4278 985 4344 Appendice
1012 4280 1078 4331 ad
1115 4279 1401 4332 concilium
1434 4278 1817 4333 Claromonta--

250 4386 385 4431 tium.
414 4381 565 4425 tonio
596 4368 763 4423 XXVI
794 4367 1158 4424 Conciliorum
1189 4371 1331 4424 edita
1372 4379 1455 4423 est
1475 4409 1491 4435 ,
1547 4385 1645 4423 nos
1674 4386 1817 4438 quae-

249 4464 358 4516 dam
406 4466 703 4517 adnotasse
760 4477 984 4515 numero
1039 4461 1174 4524 104,
1237 4461 1338 4515 105
1384 4470 1439 4513 et
1500 4460 1618 4525 l07,
1675 4462 1815 4515 illius

250 4557 670 4623 exercitationis,
698 4557 762 4609 ad
782 4555 1063 4622 epistolam
1083 4554 1526 4623 Lugdunensium
1552 4554 1815 4607 Christia-

250 4660 448 4711 norum,
489 4664 654 4715 quam
692 4646 912 4700 exhibet
949 4647 1213 4700 Eusebius
1255 4646 1350 4700 lib.
1413 4661 1444 4698 v
1483 4645 1653 4707 Ηίει..
1692 4660 1811 4713 cap.

251 4740 294 4793 1.
322 4740 636 4811 Πανήγυριν
670 4739 814 4795 enim
850 4740 1019 4805 illam,
1058 4755 1176 4807 qua:
1219 4738 1464 4807 Lugduni
1512 4738 1814 4790 habebatur

247 4834 454 4897 quando
511 4831 771 4900 supplicia
826 4840 954 4884 sunt
987 4846 1017 4884 a
1072 4830 1404 4899 martyribus
1467 4836 1659 4882 exacta
1713 4828 1813 4882 sub

249 4923 533 4986 Antonino,
570 4926 635 4977 de
678 4933 948 4978 conventu
981 4922 1140 4974 triutn
1174 4919 1473 4974 Galliarum
1504 4917 1812 4986 intelligen-

251 5015 359 5066 dam
386 5016 583 5083 scripsi
610 5031 624 5073 :
666 5030 826 5085 quem
857 5030 923 5069 ex
965 5013 1242 5082 sexaginta
1274 5010 1484 5080 pepulis
1518 5008 1808 5064 conﬂatum

251 5107 419 5161 docuit
470 5107 703 5169 Strabo,
740 5106 893 5173 cujus
940 5114 1173 5158 mentem
1211 5101 1444 5171 explicui
1490 5117 1638 5155 num.
1680 5100 1807 5165 102,

248 5210 467 5265 cumque
496 5212 621 5250 cum
656 5196 772 5249 loco
802 5193 973 5248 Taciti
1003 5194 1291 5247 emendato
1319 5192 1617 5259 composui.
1667 5191 1811 5245 Ten-

250 5288 345 5341 tavi
394 5305 613 5358 quoque
649 5286 898 5356 Gregorii
948 5283 1286 5339 Turonensis
1334 5284 1706 5337 testimonium
1745 5283 1809 5336 de

252 5381 565 5449 martyribus
582 5378 1078 5441 Athanacensibus,
1104 5392 1225 5431 cum
1252 5374 1339 5431 illa
1359 5377 1498 5445 apud
1518 5373 1807 5429 Eusebium

254 5472 549 5524 narratione
609 5470 927 5526 conciliare.

252 5558 720 5631 Christophorsoni
767 5563 1092 5629 observato,
1140 5561 1319 5617 locum
1363 5560 1606 5630 epistola:
1664 5560 1809 5614 illius

255 5647 527 5721 insignem,
555 5653 620 5706 de
644 5652 1008 5720 prelicnsioue
1039 5663 1361 5724 martyrum,
1388 5661 1442 5708 et
1480 5655 1547 5708 de
1570 5654 1805 5707 interro-

256 5742 450 5807 gatione
517 5743 660 5800 facta
720 5760 749 5800 a
809 5745 1024 5805 tribuno
1076 5746 1315 5803 cohortis
1384 5762 1500 5816 qua:
1555 5746 1807 5803 tendebat

1948 1544 2051 1597 ter,
2078 1544 2136 1587 ut
2171 1544 2321 1603 puto,
2354 1534 2745 1601 interpretatus
2788 1548 2932 1587 sum.
2976 1532 3107 1600 Qua:
3153 1541 3331 1586 tamen
3367 1547 3526 1588 seve-

1947 1626 2073 1678 riori
2100 1626 2291 1696 judicii
2331 1626 2407 1680 tui
2438 1640 2686 1679 censura:
2715 1624 3006 1679 submitto.

2015 1717 2200 1772 Finem
2231 1717 2495 1773 faciebam
2530 1718 2656 1771 huic
2686 1717 2952 1784 epistola»,
2982 1719 3197 1785 quando
3223 1734 3309 1773 me
3335 1719 3525 1785 patria:

1941 1821 1995 1865 et
2029 1812 2239 1865 tuenda:
2267 1811 2511 1864 veritatis
2534 1822 2711 1875 amor,
2745 1809 3189 1880 Lugdunensium
3220 1822 3522 1882 martyrum

1940 1903 2247 1966 occasione,
2310 1902 2539 1970 pupugit
2581 1909 2635 1953 et
2683 1902 2884 1969 adegit,
2948 1911 3007 1955 ut
3057 1903 3197 1967 apud
3241 1912 3291 1955 te
3331 1904 3523 1969 paucis

1940 2007 2303 2059 conquererer
2334 1992 2400 2045 de
2432 1992 2629 2060 injuria
2656 1990 2832 2046 Gallis
2864 1991 3030 2055 facta,
3075 2008 3181 2045 non
3217 1995 3284 2046 ah
3315 1993 3522 2047 exteris

1938 2082 2155 2151 quidem
2179 2121 2195 2144 ,
2245 2082 2338 2135 sed
2368 2098 2397 2134 a
2431 2082 2800 2146 nostratibus;
2851 2081 2944 2149 qui
2989 2081 3375 2135 reconditioris
3405 2092 3458 2135 et
3488 2099 3517 2135 a

1938 2174 2095 2242 vulgo
2128 2174 2460 2234 setnotioris,
2517 2188 2619 2240 qua
2651 2174 2891 2241 pollent,
2947 2173 3213 2227 doctrina:
3262 2174 3519 2243 cupidine

1938 2264 2123 2330 illecti,
2175 2266 2457 2319 veritatem
2514 2280 2631 2333 quae
2677 2267 2729 2318 in
2780 2266 3071 2335 propatulo
3107 2275 3215 2329 est,
3262 2267 3411 2320 velut
3461 2266 3516 2321 in

1936 2368 2098 2425 puteo
2134 2357 2388 2411 latentem
2426 2358 2528 2411 sibi
2569 2360 2915 2426 qumrendam
2963 2368 3243 2426 putarunt.
3304 2358 3498 2415 Galliis

1935 2450 2133 2519 quippe
2165 2450 2477 2512 detrahunt,
2506 2464 2668 2517 quant
2696 2447 3047 2518 [Ethiopibus
3076 2460 3128 2502 et
3156 2451 3301 2504 Indis
3333 2452 3514 2505 sciunt

1934 2541 2001 2593 ab
2030 2540 2296 2608 apostolis
2332 2541 2463 2607 ipsis
2504 2540 2805 2594 exhibitam
2852 2540 3125 2610 Evangelii
3179 2542 3512 2610 prmdicandi

1933 2646 2121 2685 curam
2160 2647 2173 2683 :
2208 2646 2271 2685 ac
2332 2632 2375 2685 si
2450 2630 2851 2685 ﬂorentissima:
2912 2641 2967 2685 et
3027 2631 3220 2685 vicinte
3260 2633 3513 2689 nationes

1932 2724 2096 2792 capiti
2124 2723 2366 2792 gentium
2402 2723 2624 2783 Romae,
2662 2737 2823 2789 quam
2871 2722 3136 2792 sanguine
3175 2738 3272 2775 suo
3321 2722 3515 2779 Petrus

1933 2827 1985 2869 et
2014 2816 2214 2871 Paulus
2251 2822 2671 2878 consecrarunt,
2702 2814 3085 2869 remotissimis
3118 2814 3223 2868 illis
3250 2824 3512 2881 extraque

1935 2908 2239 2963 Romanum
2294 2907 2583 2976 imperium
2637 2904 2757 2958 sitis
2816 2907 3130 2975 regionibus
3189 2905 3512 2975 posthabita:

1932 3004 2180 3058 fuissent.
2215 3003 2329 3057 Alia
2358 3002 2457 3054 fuit
2490 3016 2641 3054 mens
2668 3001 3070 3069 apostolorum,
3100 3000 3192 3069 qui
3220 2998 3423 3054 Gallias
3457 3000 3509 3052 in

1933 3098 2036 3151 fide
2072 3097 2415 3160 erudiendas,
2457 3096 2641 3149 Statim
2676 3106 2799 3163 post
2836 3095 3133 3146 adventum
3188 3093 3242 3145 in
3297 3090 3508 3146 Italiam

1932 3200 2307 3257 susceperunt.
2336 3188 2534 3243 Beatus
2570 3190 2769 3257 quippe
2789 3185 3034 3251 Lucas,a
3063 3184 3213 3238 Pauli
3245 3185 3507 3239 comitatu

1933 3282 2237 3345 discedens,
2265 3281 2509 3351 magistri
2545 3282 2628 3336 sui
2670 3281 2924 3333 mandato
2958 3292 3016 3331 se
3049 3276 3278 3330 contulit
3303 3278 3353 3330 in
3380 3274 3509 3331 Gal-

1932 3374 2068 3439 lias;
2098 3375 2185 3426 ulti
2218 3375 2550 3443 praecipuum
2584 3373 2704 3427 ﬁdei
2741 3374 3098 3441 praedicanda:
3130 3370 3367 3425 studium
3400 3370 3507 3423 im-

1930 3466 2133 3533 pendit.
2181 3465 2382 3518 Dcinde
2410 3479 2505 3532 per
2536 3464 2752 3517 Italiam
2784 3474 2833 3516 et
2874 3462 3193 3516 Dalmatiam
3226 3462 3278 3514 in
3313 3463 3503 3516 eodem

1927 3574 2089 3624 opt-re
2116 3557 2435 3608 industriam
2471 3572 2627 3610 suam
2657 3566 2923 3623 prrcstans
2945 3595 2959 3620 ,
3014 3555 3065 3607 in
3111 3554 3504 3620 Macedoniam,

1926 3651 2113 3703 eutlcttt
2145 3648 2428 3702 l‘unrtnrus
2457 3646 2666 3708 ollicio.
2706 3662 2765 3700 se
2802 3646 3031 3715 recepit.
3072 3646 3362 3699 Auctorem
3402 3645 3500 3698 ha-

1926 3740 2114 3793 bemus
2149 3740 2469 3807 loettpletem
2521 3741 2680 3809 hujus
2726 3740 3061 3793 narrationis
3118 3736 3501 3806 Epiphanium,

1924 3833 2013 3898 qui
2058 3832 2247 3885 hmresi
2279 3848 2328 3887 ιι
2370 3834 2514 3900 quod
2558 3833 2793 3885 diximus
2828 3832 2892 3884 de
2930 3830 3072 3886 Luca
3104 3839 3355 3891 testatur,
3396 3844 3504 3882 uno

1923 3938 1986 3976 ex
2023 3940 2125 3977 LXX
2155 3924 2455 3991 discipulis,
2492 3924 2575 3975 cui
2604 3939 2799 3985 munus
2846 3922 3121 3991 Evangelii
3169 3920 3502 3989 praedicandi

1923 4015 2186 4065 creditum
2213 4013 2287 4065 ait
2322 4031 2334 4063 :
2360 4011 2633 4082 Κηρύττει
2664 4010 2878 4082 πρῶτον
2914 4012 2968 4062 ἐν
2995 4010 3293 4082 Δαλματεᾳ.
3327 4010 3420 4063 καὶ
3444 4012 3503 4063 ἐν

1920 4103 2137 4173 Γαλλίᾳ,
2156 4104 2248 4157 καὶ
2278 4104 2335 4154 ἐν
2370 4102 2587 4173 Ἰταλίᾳ,
2607 4104 2699 4154 καὶ
2719 4101 3060 4172 Μακεδονίῃ
3086 4100 3229 4172 ἀρχὴ
3258 4100 3314 4152 δὲ
3347 4101 3403 4153 ὲν
3432 4102 3499 4171 τῇ

1920 4192 2137 4263 Γαλλίᾳ.
2175 4192 2339 4261 quue
2396 4195 2503 4259 ipse
2558 4196 2784 4260 primum
2841 4194 2895 4245 in
2955 4192 3266 4253 Dalmatia,
3322 4189 3501 4245 Gallia

1918 4293 1966 4336 ει
2006 4282 2188 4345 Italia,
2220 4300 2280 4336 ac
2313 4281 2633 4336 Macedonia
2664 4283 2947 4350 praestitit;
2976 4282 3065 4335 sed
3097 4282 3149 4333 in
3174 4279 3349 4336 Callia
3391 4298 3501 4348 pne

1918 4374 2286 4437 ctt'teris:vel,
2340 4374 2382 4427 si
2420 4375 2595 4438 malis,
2651 4374 2967 4442 principium
3037 4388 3154 4426 rem
3196 4373 3248 4423 iu
3299 4370 3495 4426 Callia.

1918 4464 2252 4531 Principium
2314 4465 2511 4519 fet-isse
2574 4464 2977 4533 prtctlicalionis
3036 4464 3086 4515 in
3139 4463 3336 4529 Gallia,
3387 4460 3500 4514 sive

1916 4556 2179 4621 potiorem
2213 4555 2329 4623 ejus
2355 4572 2539 4610 curant
2565 4557 2825 4625 gessisse.
2852 4554 3214 4607 disertissime
3249 4564 3497 4608 testatur.

1916 4647 2126 4717 Duplici
2194 4651 2393 4718 quippe
2452 4651 2858 4720 significatione
2923 4650 3036 4702 lucc
3084 4648 3249 4702 verba
3303 4650 3494 4716 exponi

1916 4750 2164 4809 possunt,
2199 4740 2344 4812 ἀρχὴ
2370 4741 2426 4794 δὲ
2460 4743 2516 4793 ὲν
2547 4742 2610 4811 τῇ
2638 4738 2860 4809 Γαλλίᾳ.
2894 4738 3046 4805 Quod
3072 4748 3248 4791 autem
3269 4738 3495 4805 primum

1914 4831 1966 4885 in
1999 4829 2269 4884 Dalmatia
2302 4832 2629 4900 praedicasse
2668 4832 2902 4893 dicatur,
2950 4829 3015 4880 ad
3069 4828 3235 4881 solam
3283 4828 3497 4881 Dalma-

1915 4924 2045 4977 tiam
2083 4923 2428 4975 relerendum
2473 4937 2579 4974 non
2638 4931 2743 4983 est,
2798 4922 2892 4975 sed
2925 4923 2989 4974 ad
3021 4920 3252 4976 Galliam
3289 4921 3493 4993 etiam,

1912 5025 2078 5083 atque
2119 5014 2352 5077 Italiam,
2395 5014 2578 5068 habita
2632 5016 2844 5068 ratione
2894 5013 3244 5077 Macedoniae,
3288 5013 3341 5067 in
3388 5028 3496 5083 qua

1910 5106 2205 5161 erudienda
2251 5108 2461 5158 demum
2517 5105 2805 5159 laboravit.
2867 5105 3216 5172 Qum'dictio
3262 5104 3497 5160 fortasse

1911 5199 2250 5253 restituenda
2286 5206 2371 5252 est
2398 5198 2451 5250 in
2482 5208 2763 5262 contextu,
2801 5206 2857 5249 ut
2880 5198 2951 5250 sit
2992 5197 3136 5266 quod
3170 5198 3496 5267 respondeat

1870 5288 1986 5360 ’τῷ
2033 5291 2283 5358 primum.
2337 5287 2540 5357 Sicque
2601 5289 2729 5342 illud
2778 5291 3011 5356 primum
3051 5306 3155 5343 non
3210 5288 3493 5359 impediet,

1912 5378 2039 5448 quin
2089 5378 2359 5449 signiticet
2404 5378 2610 5432 ultimis
2642 5379 2824 5432 verbis
2870 5378 3235 5447 Epiphanius,
3290 5376 3497 5448 princi-

1000 5469 1247 5540 Deniqne
1300 5469 1454 5539 lapsu
1507 5468 1686 5523 Rufini
1753 5478 1806 5523 et
1840 5479 1883 5534 υ
1908 5471 2052 5540 pium
2085 5484 2265 5540 Opera:
2301 5485 2413 5524 suae
2454 5468 2653 5522 Lucam
2677 5468 2927 5537 posuisse
2977 5470 3029 5524 in
3068 5469 3265 5523 Gallia.
3328 5468 3490 5529 Exci-

1915 5561 2068 5629 piunt
2145 5561 2241 5615 viri
2301 5560 2538 5624 eruditi,
2587 5560 2799 5615 nescire
2856 5575 2915 5614 se
2965 5562 3031 5615 ab
3078 5561 3185 5614 ullo
3246 5569 3491 5615 veterum

1916 5663 2195 5707 auctorum
2216 5652 2448 5722 prodita,
2474 5666 2594 5722 qua:
2625 5651 2843 5721 scripsit
2867 5652 3218 5721 Epiphanius.
3250 5651 3493 5709 Scilicet.

1918 5745 2024 5803 Sed
2061 5760 2163 5800 non
2198 5745 2318 5801 ideo
2348 5746 2527 5801 minus
2568 5756 2691 5799 sunt
2740 5760 2865 5800 vera
2914 5762 3032 5815 quae
3087 5755 3237 5818 gesta
3299 5745 3491 5805 refert.
