4054 6456
457 340 519 396 31
1770 332 1974 387 PETRI
2012 332 2099 386 DE
2138 329 2373 387 MARCIA
3666 337 3737 391 32

458 460 653 514 Petivit
680 458 769 513 ille
794 473 948 513 suam
985 458 1355 513 narrationem
1388 474 1453 514 ex
1496 459 1781 515 vetustiori
1818 460 2042 522 scripto-
2076 468 2122 524 Α
2154 457 2481 529 Epiphanio,
2510 450 2900 534 Chrysostomo
2928 475 2990 515 ac
3022 460 3393 523 Theodorete,
3430 468 3485 514 et
3515 475 3545 515 e
3584 460 3734 515 Lati-

461 568 539 616 re,
570 566 698 620 quo,
723 562 778 604 ut
796 552 1070 621 plerisque
1092 552 1236 618 aliis,
1259 567 1534 607 caremus.
1561 551 1817 607 Fortasse
1839 568 1904 605 ex
1940 552 2047 606 Ile-

459 644 684 714 gesippo
717 644 843 698 illud
873 644 1170 709 hauserat,
1208 644 1298 712 qui
1331 646 1381 699 in
1428 645 1733 713 pandendis
1768 644 2045 700 Ecclesia-

459 752 577 790 rmn
600 737 903 806 originibus
927 752 985 792 se
1013 740 1283 793 exercuit.
1309 738 1571 792 Exstahat
1608 738 1880 803 integrum
1907 752 2047 806 opus

459 830 773 901 Ilegesippi,
819 847 925 885 non
977 832 1151 887 solum
1202 832 1453 896 Eusebii,
1509 831 1603 885 sed
1642 832 1807 883 etiam
1862 829 2050 884 lliero-

459 923 603 993 nymi
640 924 1001 991 temporibus,
1037 934 1201 993 atque
1233 923 1368 976 adeo
1403 921 1715 993 Epiphanii.
1752 920 2048 989 Supererat

458 1028 675 1081 quoque
708 1013 927 1084 Georgii
990 1014 1231 1087 Syneelli
1267 1023 1467 1078 aetate,
1516 1015 1607 1085 qui
1649 1012 1766 1080 ejus
1803 1014 2047 1067 auctoris

459 1103 826 1173 fragmentum
886 1106 1089 1175 proicit
1126 1108 1176 1160 in
1214 1106 1502 1171 Chronico,
1540 1106 1684 1158 aliud
1715 1120 1743 1156 a
1781 1104 2049 1175 fragmen-

462 1199 531 1252 tis
576 1214 698 1268 quae
749 1200 941 1254 recitat
979 1201 1265 1255 Eusebius.
1314 1198 1548 1255 Gravius
1606 1199 1762 1253 doleo
1820 1197 1889 1253 de
1941 1198 2043 1251 viri

460 1292 602 1346 illius
639 1293 1026 1359 eruditissimi,
1071 1294 1275 1362 tibique
1318 1310 1381 1348 ac
1422 1294 1553 1347 mihi
1601 1292 1873 1361 quondam
1905 1291 2046 1345 ami-

456 1386 661 1439 cissimi
716 1386 1050 1453 glossemate
1076 1428 1090 1449 ,
1136 1389 1226 1456 qui
1262 1387 1315 1440 in
1350 1386 1933 1447 animatlversionilms
1977 1384 2045 1437 ad

456 1492 579 1531 eum
637 1476 927 1546 Epipltanii
975 1477 1174 1539 locum,
1214 1478 1324 1530 vim
1375 1476 1675 1529 testimonii
1720 1475 1862 1529 illius
1893 1476 2047 1528 nobis

456 1571 697 1625 adimere
734 1582 985 1625 conatur.
1036 1571 1111 1625 De
1151 1570 1329 1626 Gallia
1379 1571 1523 1624 enim
1568 1568 1843 1636 Cisalpina
1899 1567 2045 1637 loqui

461 1659 818 1730 Epiphanium
854 1671 1024 1715 notat.
1084 1661 1308 1716 Scilicet
1361 1662 1505 1731 apud
1566 1660 1716 1714 illum
1765 1671 2045 1713 auctorem

458 1753 791 1822 Cisalpinam
831 1754 1062 1809 Galliam
1113 1755 1508 1823 intelligimus,
1555 1769 1676 1822 qua:
1726 1755 1868 1805 nulla
1919 1764 2046 1806 tunc

2150 552 2235 604 n'is
2286 550 2639 624 Hieronymo,
2674 562 2795 622 post
2853 554 3087 622 primum
3137 555 3430 607 adventum
3474 568 3631 607 suum
3678 552 3733 608 tn

2149 639 2374 708 Urbem,
2408 644 2495 697 ubi
2529 642 2805 698 biennium
2840 646 3020 714 exegit
3084 657 3112 695 a
3171 639 3315 694 Luca
3375 649 3731 695 memoratum

2148 730 2277 803 (quo
2323 736 2582 803 temporis
2620 734 2906 789 intervallo
2949 735 3157 790 lorlean
3199 736 3375 791 Lucas
3435 737 3485 788 in
3558 736 3736 791 Gallia

2148 824 2592 891 prmdicationetn
2625 825 2902 893 Evangelii
2953 827 3272 895 auspicatus
3331 824 3476 898 est),
3535 825 3738 896 Ilispa-

2149 915 2269 968 nias
2301 916 2495 979 adivit,
2532 918 2598 971 ad
2645 918 3100 987 promulgandam
3151 919 3261 972 illis
3314 917 3367 972 in
3421 919 3738 985 regionibus

2147 1010 2514 1065 Christianam
2558 1010 2740 1064 ﬁdem.
2794 1010 2956 1078 Atqui
3009 1010 3297 1078 Hispanias
3337 1013 3562 1080 petenti,
3606 1028 3737 1080 per-

2148 1103 2379 1173 gendum
2412 1102 2511 1156 fuit
2543 1118 2643 1172 per
2683 1103 3104 1157 celeberrimam
3139 1106 3279 1173 apud
3337 1115 3552 1159 veteres
3590 1105 3735 1160 viam

2149 1194 2296 1248 illam
2330 1194 2630 1264 publicam,
2666 1208 2788 1263 qua:
2819 1196 2888 1247 ab
2922 1194 3080 1248 Italia
3118 1210 3215 1261 per
3263 1193 3470 1250 Gallias
3495 1195 3547 1250 in
3578 1195 3739 1249 Baeti-

2148 1304 2268 1341 cam
2303 1288 2475 1357 ipsam
2523 1289 2691 1341 ducit.
2740 1287 2871 1357 Ejus
2909 1288 3334 1357 descriptionem
3375 1290 3595 1344 exhibet
3628 1306 3737 1345 non

2148 1380 2321 1435 solum
2351 1379 2609 1434 Antonini
2642 1380 2993 1434 ltinerarium
3026 1396 3053 1433 a
3099 1380 3272 1433 Niczea
3306 1398 3402 1449 per
3435 1382 3739 1448 Arelatem,

2148 1472 2481 1536 Narbonem,
2527 1488 2800 1526 summum
2834 1472 3183 1543 Pyrenaeum;
3230 1474 3572 1539 Juncariam,
3605 1475 3745 1531 Bar-

2148 1565 2427 1631 cinonem,
2478 1575 2532 1618 et
2567 1563 2777 1633 reliqua
2830 1564 2995 1621 loca:
3046 1566 3139 1619 sed
3184 1568 3348 1619 etiam
3380 1567 3598 1632 Strabo,
3642 1569 3739 1639 qui

2147 1656 2339 1710 sedulo
2379 1670 2437 1709 se
2482 1655 2673 1709 habuit
2707 1656 2760 1709 in
2794 1656 2897 1710 viae
2926 1656 3074 1710 illius
3123 1657 3497 1726 explicatione
3527 1676 3541 1715 :
3574 1675 3739 1729 quam

2150 1748 2202 1801 in
2235 1748 2507 1818 plerisque
2537 1746 2807 1817 capitibus
2839 1749 3023 1802 minus
3054 1748 3122 1804 ab
3158 1750 3552 1818 interpretibus
3587 1752 3745 1805 intel-

457 1856 598 1911 erat,
628 1848 695 1901 ab
731 1848 863 1917 ipsis
894 1848 1119 1918 Augusti
1156 1847 1525 1915 temporibus,
1570 1846 1662 1915 qui
1699 1861 1891 1898 novam
1926 1862 2050 1912 pro-
2082 1825 2124 1881 Β
2156 1840 2375 1904 lectam,
2409 1856 2508 1894 nos
2540 1839 2849 1908 patefacere
2886 1842 3069 1896 conati
3126 1858 3317 1897 sumus
3366 1842 3508 1898 libro
3563 1846 3742 1914 primo

457 1941 758 1993 vinciarutn
786 1940 995 2008 imperii
1030 1941 1351 1994 divisionem
1388 1939 1645 1991 instituit.
1705 1937 1929 1992 Amovit
1985 1935 2054 1989 ab

457 2030 610 2085 Italia
640 2048 834 2086 nomen
872 2031 1350 2101 Galliarum.quas
1382 2031 1596 2097 obiectu
1622 2031 1836 2099 Alpium
1866 2029 2055 2082 termi-

459 2122 643 2186 natit;
704 2122 913 2176 Italiam
977 2124 1204 2178 solidam
1266 2124 1319 2177 in
1370 2124 1625 2193 regiones
1687 2140 1739 2176 xt
1793 2122 2049 2192 partitus,

457 2216 647 2271 Galliis
672 2217 724 2270 in
749 2227 980 2285 quatuor
1006 2218 1339 2286 provincias,
1372 2216 1809 2278 Narbonensem,
1839 2213 2056 2282 Lugdu-

458 2322 710 2373 nensem,
750 2307 1057 2379 Belgicam,
1091 2318 1143 2362 et
1169 2309 1557 2378 Aquitanicam
1583 2350 1594 2369 ,
1636 2309 1834 2372 sectis;
1868 2317 1926 2361 ut
1959 2307 2051 2360 do—

458 2410 587 2456 cent
628 2400 850 2465 Strabo,
884 2401 1017 2455 Mela
1052 2412 1104 2457 et
1131 2401 1369 2457 Plinius.
1404 2400 1576 2467 Quam
1611 2402 1882 2455 rationem
1919 2414 2052 2469 quo-

463 2511 569 2562 que
598 2505 820 2549 secutus
856 2505 942 2549 est
992 2494 1318 2549 Ptolemaeus
1360 2495 1413 2549 in
1451 2496 1566 2549 suis
1607 2493 1844 2557 tabulis,
1894 2502 1950 2545 ut
1999 2501 2049 2546 et

458 2587 806 2653 Ammianus,
863 2604 927 2643 ac
978 2588 1200 2657 reliqui,
1256 2603 1393 2655 quos
1446 2588 1514 2641 de
1555 2587 1747 2643 Galliis
1799 2595 1854 2641 et
1901 2586 2049 2639 Italia

458 2680 733 2734 disserere
768 2680 986 2734 occasio
1032 2680 1231 2746 coegit.
1260 2678 1452 2748 Itaque
1496 2696 1599 2733 non
1644 2680 1749 2732 alia
1794 2688 1875 2732 est
1912 2679 2049 2746 apud

462 2770 827 2839 Epiphanium
863 2769 1064 2833 Gallia,
1114 2785 1277 2838 quam
1312 2785 1432 2838 quae
1467 2780 1589 2839 post
1636 2768 1914 2824 Christum
1954 2784 2050 2821 na-

464 2868 574 2910 tum
610 2858 677 2912 ab
707 2860 965 2929 omnibus
1004 2860 1323 2912 auctoribus
1378 2870 1607 2914 vocatur
1653 2859 1849 2922 Gallia,
1892 2858 2048 2929 juxta

462 2948 666 3005 limites
706 2950 772 3004 ab
804 2926 1051 3020 Augtisto
1088 2951 1392 3005 institutos.

533 3039 649 3094 Non
694 3041 868 3095 solum
910 3051 1093 3095 autem
1149 3042 1353 3098 Lucam
1402 3044 1771 3099 adhibuerunt
1816 3042 2048 3113 apostoli

461 3132 924 3189 adinl‘ormandas
954 3134 1005 3187 in
1038 3134 1300 3205 religione
1334 3135 1560 3197 Gallias.
1593 3137 1688 3191 sed
1719 3137 1883 3190 etiam
1917 3138 2050 3191 Cre-

461 3236 730 3283 scentem.
787 3227 917 3295 Ejus
987 3229 1062 3283 rei
1130 3230 1285 3286 testis
1342 3231 1456 3301 ipse
1517 3229 1738 3298 Paulus,
1801 3228 1844 3283 ll
1896 3229 2043 3284 Tim.

459 3332 540 3388 tv,
573 3320 661 3388 qui
693 3321 917 3375 missum
952 3320 1118 3376 fuisse
1149 3323 1304 3377 docet
1331 3323 1683 3379 Crescentem
1719 3324 1770 3377 in
1795 3322 2047 3377 Galliam.

461 3412 687 3470 Certum
723 3413 943 3484 quidem
990 3425 1074 3469 est
1106 3415 1311 3469 variam
1359 3415 1527 3470 fuisse
1572 3414 1732 3483 hujus
1772 3417 1873 3470 loci
1912 3416 2053 3469 I’att-

464 3503 557 3559 lini
588 3504 901 3563 lectionem.
939 3505 1105 3559 etiam
1149 3508 1289 3574 apud
1338 3517 1570 3560 veteres.
1629 3506 1839 3560 Etenim
1875 3506 2042 3576 Chry-

462 3607 735 3651 sostonnts
771 3607 826 3651 ct
866 3597 1242 3652 Theodoretus
1272 3601 1415 3665 apud
1462 3597 1717 3663 Graecos;
1783 3598 2051 3667 Vulgatus

467 3689 755 3757 interpres,
796 3700 849 3744 et
878 3690 1286 3745 AtnhrosiaSIer
1312 3691 1453 3757 apud
1487 3690 1745 3755 Latinos,
1801 3688 2051 3757 legerunt

466 3777 756 3841 Galatiam,
802 3796 906 3833 non
948 3790 1127 3834 autem
1169 3777 1426 3834 Galliam.
1489 3778 1595 3834 Sed
1643 3779 1956 3833 vetnstioris
1998 3788 2053 3833 et

467 3871 699 3925 verioris
746 3872 998 3927 lectionis
1028 3873 1298 3927 vindicem
1351 3872 1618 3927 habemus
1664 3871 2049 3940 Epiphanium,

467 3965 559 4033 qui
591 3974 909 4019 constanter
935 3966 1132 4020 scribit
1169 3966 1222 4018 in
1272 3965 1465 4019 hmresi
1520 3980 1569 4019 LI
1607 3980 1702 4019 eos
1729 3978 1919 4017 errare
1957 3964 2049 4031 qui

468 4054 573 4110 hoc
610 4054 725 4109 loco
774 4054 924 4107 Pauli
956 4054 1225 4106 Galatiam
1274 4054 1495 4124 legunt.
1532 4072 1653 4109 cum
1698 4056 2050 4109 scribendum

469 4147 661 4201 doceat
713 4145 963 4199 Calliam.
1010 4148 1085 4198 Ob
1134 4147 1244 4218 γὰρ
1275 4150 1331 4200 ὲν
1359 4152 1424 4220 τῇ
1473 4148 1738 4217 Γαλατίᾳ,
1788 4146 1864 4209 ὣς
1906 4165 2052 4211 τινες

471 4237 843 4309 πλανηθέντες
885 4237 1221 4308 νομίζουσιν,
1272 4237 1411 4293 ἀλλὰ
1460 4241 1517 4291 ὲν
1570 4238 1794 4311 Γαλλίᾳ.
1852 4238 2049 4292 Eodem

473 4337 631 4384 modo
697 4330 910 4383 cmttrris
967 4332 1242 4399 antiquior
1292 4331 1558 4385 Eusebius
1627 4340 1751 4385 tuus
1808 4331 1940 4399 legit
1998 4331 2051 4386 in

469 4420 659 4476 codice
695 4420 847 4475 Pauli
880 4422 1147 4489 Galliam,
1186 4423 1641 4491 quemadmodum
1696 4424 2049 4494 Epiphanius,

471 4516 516 4570 si
564 4523 713 4569 recte
760 4516 925 4569 verba
985 4514 1103 4584 ejus
1159 4516 1563 4585 expentlantur,
1631 4524 1685 4570 et
1729 4531 1855 4570 vera
1906 4516 2045 4586 apud
2084 4542 2129 4597 υ

469 4618 752 4663 auctorem
783 4606 934 4659 illum
971 4606 1133 4662 lectio
1164 4608 1461 4661 retineatur
1492 4623 1557 4661 ex
1595 4606 1817 4673 llulino,
1849 4616 1901 4659 et
1934 4622 2052 4659 om-

470 4699 630 4753 nibus
661 4698 939 4753 codicibus
974 4714 1130 4765 mss.,
1171 4708 1302 4751 uttu
1334 4698 1538 4754 diserte
1564 4699 1844 4753 monuisti.
1878 4698 2056 4752 Theo-

470 4789 691 4842 doretus
736 4802 908 4855 sane,
955 4790 1045 4858 qui
1082 4788 1314 4842 ϐαιαιὶω
1338 4789 1634 4844 dictionem
1680 4790 1732 4842 in
1791 4798 2052 4844 contextu

470 4877 623 4936 Pauli
682 4881 903 4947 retinet,
939 4880 1064 4936 licet
1114 4882 1182 4937 de
1228 4881 1441 4936 Galatia
1496 4880 1737 4936 Asiatica
1784 4882 2055 4950 potuisset

470 4972 617 5029 illam
644 4973 914 5043 accipere,
956 4971 1145 5026 maluit
1171 4974 1237 5027 ad
1271 4971 1500 5027 Galliam
1538 4981 1780 5025 nostram
1810 5013 1825 5036 ,
1869 4970 1922 5024 id
1972 4979 2056 5025 est

469 5066 535 5121 ad
566 5065 835 5123 Galatiam
864 5064 1261 5121 occidentalem
1294 5064 1517 5119 referre.
1555 5064 1707 5119 Adeo
1755 5072 1904 5118 certa
1932 5071 2053 5117 erat

469 5157 612 5227 apud
640 5172 831 5212 omnes
863 5166 1102 5221 veteres,
1130 5155 1444 5211 Crescentis
1491 5155 1547 5210 in
1580 5154 1754 5211 Gallia
1791 5156 2056 5226 praedica-

472 5252 567 5306 tio.
606 5248 661 5305 In
693 5266 801 5319 quo
829 5266 950 5303 cum
986 5250 1267 5305 veteribus
1314 5247 1552 5305 Usuardi
1582 5258 1637 5304 et
1669 5250 1877 5303 Adonis
1915 5248 2057 5302 Mar-

472 5343 757 5417 tyrologiis
788 5344 1147 5407 conveniunt;
1195 5342 1285 5413 qui
1341 5352 1462 5412 post
1488 5342 1646 5395 tidem
1691 5358 1719 5396 a
1760 5342 2056 5396 Crescente

471 5440 525 5492 in
573 5436 763 5494 Galliis
786 5436 1205 5507 promulgatam,
1252 5436 1553 5489 meminere
1594 5434 1799 5489 reditus
1830 5433 1975 5488 illius
2003 5434 2054 5488 in

468 5530 738 5586 Galatiam
775 5529 1094 5585 Asiaticam.

543 5620 835 5675 Enimvero
874 5620 1003 5689 quid
1051 5629 1220 5678 vetat.
1274 5618 1403 5689 quin
1447 5617 1607 5673 Lacte
1653 5628 1708 5673 et
1751 5618 2053 5685 Crescenti,

472 5713 706 5768 assiduis
750 5712 903 5768 Pauli
949 5712 1261 5775 comitibus.
1314 5711 1677 5782 adiungamus
1718 5722 1773 5765 et
1827 5710 2053 5766 Paulum

471 5802 648 5874 ipsum
680 5805 1014 5875 apostolum,
1040 5804 1156 5875 qui,
1186 5804 1423 5861 testibus
1455 5803 1694 5871 Grtccis,
1732 5804 2053 5871 Athanasio,

2155 1930 2452 1985 Cutatonia:
2497 1932 2804 1997 illustratur,
2843 1932 2998 2001 cujus
3045 1934 3341 1989 editionem
3381 1946 3739 1992 maturamns.

2156 2024 2270 2079 Non
2312 2027 2463 2081 iners
2517 2026 2620 2080 fuit
2655 2027 2855 2082 Paulus
2912 2028 2964 2081 in
3013 2026 3210 2082 Galliis
3252 2028 3590 2094 erudiendis,
3645 2030 3738 2097 qui

2153 2118 2397 2187 gentium
2450 2119 2681 2173 salutem
2709 2120 2811 2174 sibi
2847 2117 3164 2188 specialiter
3200 2124 3549 2176 commissam
3572 2164 3588 2187 ,
3628 2132 3740 2177 tam

2153 2210 2404 2280 ﬂagranti
2442 2214 2626 2267 studio
2665 2212 2984 2282 peragratis
3022 2212 3341 2283 regi0uibus
3380 2216 3742 2285 undequaque

2153 2305 2479 2374 procurabat
2511 2323 2527 2362 :
2561 2321 2666 2374 qua
2694 2307 2762 2359 de
2796 2319 2853 2357 re
2886 2306 3071 2359 statim
3106 2307 3328 2361 uberius
3359 2323 3604 2377 agemus.

2223 2393 2518 2450 Possumus
2548 2410 2764 2466 quoque
2809 2394 3041 2465 Philippi
3075 2398 3304 2464 apostoli
3340 2414 3564 2466 operam
3614 2398 3744 2453 Gal-

2153 2485 2239 2539 liis
2273 2486 2551 2541 vindicare
2583 2527 2598 2551 ,
2649 2488 2891 2557 ipsisque
2926 2487 3229 2543 Britanniis
3258 2528 3271 2552 ,
3305 2504 3374 2543 ex
3409 2492 3612 2546 Isidoro
3651 2492 3745 2545 Hi-

2151 2576 2408 2643 spalensi,
2439 2576 2534 2630 lib.
2570 2576 2643 2631 De
2684 2579 2788 2631 vita
2814 2588 2862 2631 et
2904 2592 3071 2631 morte
3113 2592 3419 2633 sanctorum
3449 2623 3462 2645 ,
3491 2599 3610 2653 cap.
3651 2584 3743 2639 74.

2152 2669 2431 2738 Philippus
2482 2669 2657 2725 Gallis
2709 2671 2969 2739 prrctlicat
3031 2669 3340 2737 Christum;
3385 2674 3744 2745 barbarasque

2149 2775 2323 2833 gentes
2357 2765 2656 2832 vicinasque
2692 2764 2919 2819 tenebris
2943 2804 2958 2829 ,
3001 2776 3049 2817 et
3093 2764 3317 2817 tumenti
3362 2766 3575 2820 Oceano
3609 2785 3741 2820 con-

2142 2858 2383 2927 junctus,
2407 2859 2477 2910 ad
2505 2858 2744 2912 scientia:
2776 2858 2953 2911 lumen
2984 2859 3213 2928 ﬁdeique
3250 2870 3461 2926 portum
3494 2862 3735 2913 deducit.

2149 2950 2424 3019 Additque
2476 2950 2580 3005 hoc
2612 2963 2841 3004 tttuttere
2892 2948 3239 3016 perfunctum
3291 2949 3601 3018 Philippum
3630 2993 3645 3018 ,
3683 2953 3735 3004 in

2150 3038 2438 3113 Phrygiam
2479 3043 2783 3112 migrasse,
2827 3043 2918 3095 ubi
2964 3040 3239 3111 Hierapoli
3289 3044 3572 3099 occubuit.
3628 3045 3738 3097 Sed

2152 3136 2407 3200 quoniam
2440 3134 2586 3187 hunc
2628 3132 2928 3202 apostolum
2979 3131 3151 3187 Gallis
3191 3148 3450 3203 quoque,
3491 3144 3601 3189 tum
3639 3133 3742 3186 Ba-
3824 3154 3832 3163 -

2156 3228 2361 3292 ronius,
2397 3237 2510 3280 turn
2537 3242 2601 3281 co
2633 3226 2769 3280 duce
2797 3227 2887 3280 alii
2918 3228 3246 3283 subtrahere
3280 3237 3573 3291 conantur,
3610 3244 3742 3280 nar-

2154 3323 2420 3375 ratlonem
2454 3320 2610 3373 istam
2647 3319 2712 3371 ad
2765 3318 2989 3374 Galatas
3040 3320 3313 3375 Asiaticos
3363 3320 3739 3384 traducendo,

2157 3429 2259 3466 non
2313 3412 2516 3480 pigebit
2551 3414 2650 3464 viri
2698 3413 3100 3476 eruditissimi,
3154 3412 3285 3467 licet
3334 3429 3365 3467 e
3413 3423 3738 3467 novatorum

2155 3519 2336 3574 grege,
2378 3503 2584 3557 Usscrii
2622 3505 2954 3558 Armachani
2991 3509 3151 3560 verba
3187 3506 3275 3560 hic
3316 3508 3687 3561 transcribere
3712 3525 3742 3561 e

2155 3613 2277 3665 cap.
2343 3613 2378 3650 ll
2438 3597 2502 3649 de
2526 3596 2933 3665 Antiquitatibus
2990 3600 3352 3654 Ecclesiarum
3404 3600 3744 3654 Britannica-

2158 3705 2271 3741 rum
2298 3706 2315 3743 :
2343 3689 2496 3754 Quod
2522 3702 2694 3742 autem
2737 3690 2801 3743 de
2835 3689 3069 3758 Philippi
3106 3692 3159 3745 in
3206 3690 3396 3745 Galliis
3438 3692 3743 3757 apostolum

2156 3780 2311 3833 habet
2341 3778 2622 3844 Freculfns
2665 3798 2694 3832 a
2728 3779 3191 3835 Malmesburiensi
3219 3784 3515 3842 citatus.ex
3545 3781 3744 3835 Isitlori

2167 3872 2303 3926 libro
2348 3872 2421 3927 De
2456 3873 2710 3927 Patribus
2752 3877 3041 3943 utriusque
3072 3874 3409 3929 Testameuti
3435 3916 3451 3939 ,
3489 3893 3607 3943 cap.
3644 3876 3740 3935 74.

2156 3965 2226 4018 ad
2254 3967 2461 4020 verbum
2491 3967 2767 4032 expressit.
2806 3966 2961 4033 Apud
2998 3978 3276 4032 utrumque
3299 3969 3437 4021 enim
3468 3970 3686 4038 legimus
3723 3986 3742 4024 .'

2168 4075 2185 4108 ι
2234 4057 2539 4125 Philippum
2572 4056 2741 4111 Collis
2779 4060 3097 4127 pra'dicasse
3139 4060 3428 4121 Christum,
3462 4059 3743 4114 barbaras-

2155 4166 2253 4217 que
2293 4160 2468 4219 gentes
2494 4190 2509 4215 ,
2540 4150 2842 4221 vicinasque
2886 4143 3150 4217 tenebris,
3194 4163 3241 4205 et
3273 4154 3493 4206 tumenti
3532 4152 3745 4207 Oceano

2158 4241 2465 4311 conjunctas
2488 4282 2501 4305 ,
2536 4242 2605 4295 ad
2633 4243 2871 4296 scientia:
2924 4242 3094 4296 lucem
3138 4244 3175 4311 ﬁ
3198 4245 3371 4314 teiqne
3416 4258 3621 4313 portum
3655 4250 3739 4297 de-

2157 4332 2394 4385 duxisse.
2422 4348 2441 4383 ι
2487 4329 2669 4401 Neque
2688 4332 2772 4385 hic
2803 4331 2930 4385 mihi
2964 4331 3186 4385 Baronii
3212 4332 3516 4401 conjectura
3551 4334 3744 4400 placet,

2158 4422 2362 4478 Isidori
2406 4426 2508 4478 ista
2557 4443 2587 4478 a
2628 4424 2797 4480 Gallis
2852 4425 3045 4479 nostris
3096 4425 3163 4477 ad
3203 4424 3429 4479 Galatas
3481 4426 3746 4479 Asiaticos

2156 4518 2481 4570 (reducentis
2511 4531 2530 4570 :
2554 4518 2823 4587 multoque
2852 4519 3032 4570 minus
3073 4518 3259 4585 nuperi
3293 4535 3508 4581 operum
3546 4517 3746 4571 Isidori

2157 4608 2396 4673 editoris,
2425 4606 2615 4662 Jacobi
2647 4608 2851 4663 Breulii
2874 4610 3143 4662 temeritas
3168 4650 3181 4672 ,
3212 4608 3423 4663 Calatis
3446 4626 3541 4676 pro
3570 4608 3746 4663 Gallis

2159 4697 2213 4749 in
2250 4699 2360 4763 ipso
2398 4707 2549 4751 textu
2594 4698 2731 4769 (sine
2756 4698 2865 4751 ulla
2892 4700 3077 4753 veteris
3106 4700 3346 4753 lectionis
3372 4715 3747 4752 commemora-

2158 4785 2321 4856 tione)
2352 4790 2668 4855 reponentis.
2710 4785 2853 4840 Nunt
2876 4798 3229 4859 prtt'terqttam
3254 4792 3396 4853 quod
3426 4790 3665 4843 Isidorus
3690 4789 3745 4844 in

2158 4880 2254 4933 hoc
2277 4881 2388 4942 ipso
2422 4898 2595 4949 opere,
2626 4898 2743 4949 cap.
2776 4880 2864 4947 82,
2903 4891 2953 4934 et
2982 4882 3035 4935 in
3068 4881 3258 4936 Oliicio
3291 4881 3550 4936 Toletauo
3582 4883 3744 4952 (quod

2159 4972 2439 5027 Gothicam
2470 4984 2517 5027 et
2559 4973 2909 5027 Mozarabum
2950 4974 3107 5045 vulgo
3141 4976 3486 5045 appellatur),
3520 4977 3748 5045 itemque

2156 5063 2411 5120 Julianus
2446 5066 2730 5120 Toletanus
2782 5066 3211 5134 archiepiswpus
3252 5069 3309 5120 in
3357 5065 3573 5120 Naltum
3615 5083 3745 5136 pro-

2156 5166 2368 5232 phetam
2397 5165 2651 5230 scribens,
2687 5174 2733 5216 et
2776 5161 2921 5215 Beda
2954 5162 3053 5233 (vel
3081 5164 3380 5234 quicunque
3428 5173 3617 5215 auctor
3643 5162 3746 5230 fuit

2160 5254 2633 5309 Collectaneorum
2681 5266 2734 5309 et.
2770 5253 3015 5327 Florum)
3059 5255 3302 5324 Philippo
3335 5254 3564 5310 Galliam
3604 5254 3742 5309 assi—

2157 5357 2319 5417 gnant
2347 5365 2365 5401 :
2420 5347 2657 5416 idemque
2683 5346 2850 5402 Gallis
2886 5348 3272 5414 przedicavisse
3300 5347 3578 5402 Christum
3611 5346 3746 5417 legi-

2160 5450 2247 5489 tur
2279 5438 2330 5489 in
2353 5436 2530 5489 libello
2566 5437 2639 5491 De
2668 5437 2816 5490 festis
2844 5436 3240 5507 apostolorum,
3270 5439 3362 5506 qui
3392 5440 3444 5490 in
3476 5436 3745 5508 Hierony-

2158 5529 2338 5580 miano
2382 5525 2768 5596 Martyrologio
2809 5543 2908 5579 ms.
2955 5527 3180 5579 habetur
3219 5527 3305 5593 (ea:
3346 5544 3449 5595 quo
3495 5528 3746 5595 plenaque

2159 5620 2336 5673 omnia
2359 5621 2414 5671 in
2448 5620 2640 5671 librum
2666 5637 2819 5672 suum
2849 5621 2921 5675 De
2952 5618 3210 5673 Patribtts
3236 5617 3369 5673 Novi
3406 5619 3741 5675 Testamenti

2160 5709 2491 5777 transcripsit
2551 5706 2887 5781 Isidorus):
2933 5710 3026 5761 illa
3084 5709 3433 5763 barbararum
3498 5710 3734 5779 gentium

2163 5802 2371 5857 Oceano
2404 5804 2805 5872 conjunctarum
2836 5802 3046 5866 mentio,
3075 5799 3363 5870 Europwos
3400 5800 3603 5869 Gallos,
3635 5817 3741 5855 non
