4054 6456
303 322 372 380 εδ

1291 319 1633 377 EPISTULA
1672 321 1763 377 AD
1801 320 2164 378 HENRICUM
2204 321 2579 382 VALESIUM.

3501 332 3572 389 δι

304 439 696 497 Gollo—ercos
732 442 800 496 ab
838 440 1055 497 Isidoro
1090 442 1383 498 intellectas
1420 461 1531 499 esse
1563 446 1697 499 satis
1740 445 1882 499 eoin-
1913 450 1962 507 Α
1989 444 2063 499 les
2088 488 2102 512 ,
2137 448 2228 500 sed
2263 458 2437 501 tamen
2468 450 2631 502 virtus
2664 447 2968 505 traditionis
3002 465 3110 506 una
3154 462 3206 507 et
3238 453 3419 509 eadem
3465 466 3567 514 est.

300 534 392 589 cit.

371 622 469 678 His
505 623 911 695 adjungendum
956 624 1140 694 putavi
1192 624 1561 679 testimonium
1624 626 1883 681 vetustis-

300 719 419 772 simi
453 719 660 771 codicis
687 717 1042 784 manuscripti
1072 731 1136 770 ex
1156 715 1479 770 biblimbeea
1516 717 1707 770 Sancti
1740 716 1881 772 Ger-

302 809 442 863 mani
477 808 830 873 Parisiensis,
868 809 922 862 in
946 824 1052 879 quo
1086 810 1187 862 iste
1223 816 1493 863 tractatus
1522 807 1710 863 Isidori
1759 818 1884 866 ante

300 902 641 971 octingentos
686 916 857 955 annos
887 900 1215 969 descriptus.
1269 918 1375 955 una
1409 918 1530 957 cum
1580 903 1703 957 aliis
1729 904 1879 973 ejus-

298 995 415 1047 dem
446 994 692 1047 auctoris
724 994 878 1047 libris
928 996 1260 1057 continetur,
1309 993 1398 1049 ubi
1460 996 1678 1064 antiqua
1716 996 1878 1050 lectio

298 1089 661 1142 disertissime
708 1086 922 1156 praefert
954 1086 1258 1157 Philippum
1309 1085 1479 1141 Gallis
1509 1089 1835 1153 praedicasse
1859 1131 1876 1156 ,

297 1181 756 1247 quemadmodum
787 1196 909 1249 cap.
936 1180 1026 1244 8'2,
1063 1181 1296 1235 habetur
1327 1179 1559 1235 Galliam
1602 1181 1676 1234 illi
1708 1180 1878 1236 fuisse

297 1273 652 1340 assignatam.
681 1271 790 1327 Nec
804 1273 1254 1326 dissimulandum
1282 1282 1366 1326 est
1389 1274 1440 1326 in
1472 1273 1660 1326 eodem
1688 1274 1877 1328 codice

297 1366 427 1433 legi,
456 1364 775 1434 Hispaniam
810 1364 1016 1420 iactibo
1044 1362 1748 1435 apostolodatam,euntque
1784 1365 1876 1420 lli-

297 1460 476 1529 spanis
529 1459 689 1512 [idem
739 1460 1082 1529 pradicasse.
1117 1459 1248 1526 Quae
1280 1469 1477 1513 νθιιιδιι
1517 1459 1722 1513 codicis
1773 1475 1872 1513 au-

296 1553 517 1605 ctoritas
554 1566 582 1603 a
614 1552 939 1621 quihusdam
974 1562 1295 1620 conceptam
1349 1551 1715 1619 suspicionem
1758 1551 1874 1604 exi-

299 1659 438 1697 Inerc
469 1644 635 1697 debet
665 1643 868 1697 vitiata:
897 1642 1108 1698 forteau
1155 1644 1275 1698 loco
1308 1644 1361 1697 in
1398 1644 1492 1696 illo
1536 1644 1787 1698 lcetionis
1815 1644 1870 1697 in

295 1737 568 1806 prioribus
615 1735 949 1791 editionibus
983 1739 1051 1790 ab
1099 1736 1287 1806 aliquo
1336 1736 1698 1806 llispauarmn
1748 1752 1873 1805 par-

297 1827 424 1879 tium
457 1827 733 1893 studioso.
781 1826 1131 1897 Disceptatur
1164 1829 1383 1898 quidem
1433 1831 1573 1897 apud
1626 1830 1871 1881 eruditos

295 1918 355 1970 de
388 1916 578 1973 Jacobi
629 1918 681 1972 in
724 1918 1039 1990 Hispaniam
1083 1922 1360 1983 adventu,
1393 1938 1456 1975 ex
1504 1939 1571 1976 eo
1600 1923 1871 1992 prmeipue

297 2014 501 2081 capite,
541 2013 687 2082 quod
719 2013 948 2081 apostoli
997 2014 1232 2067 nondum
1283 2031 1311 2068 a
1356 2013 1537 2070 Judzea
1567 2054 1582 2078 ,
1632 2016 1870 2071 sortibus

296 2106 392 2159 sibi
425 2106 574 2175 apud
624 2116 812 2176 gentes
849 2105 1177 2176 praedicandi
1231 2107 1539 2160 disnribntis
1569 2148 1581 2169 ,
1609 2106 1869 2161 recessis-

297 2204 429 2249 sent.
476 2195 589 2249 Sed
627 2196 1083 2264 quemadmodum
1131 2199 1456 2251 auctoritate
1509 2196 1735 2263 lsidori,
1770 2200 1864 2267 qui

297 2303 385 2340 sua
415 2302 478 2339 ex
532 2287 813 2354 prioribus
846 2287 1064 2341 haurire
1112 2292 1409 2357 Potuit,-sc
1462 2286 1590 2340 tueri
1632 2293 1856 2354 possunt

299 2377 506 2445 llispani
553 2378 817 2432 adversus
855 2379 1127 2447 opinionis
1152 2376 1394 2432 conﬁcta:
1420 2378 1706 2434 novitatem
1738 2392 1860 2450 quae

297 2472 395 2525 illis
440 2472 642 2539 Opponi
675 2471 853 2535 solet,
902 2473 972 2523 ita
1007 2472 1163 2526 nobis
1206 2470 1274 2523 de
1320 2472 1569 2541 Philippo
1597 2472 1863 2528 disserere

297 2563 449 2626 licet,
481 2579 549 2617 eo
607 2572 784 2618 tamen
834 2564 1123 2628 securius,
1178 2564 1321 2633 quod
1365 2564 1508 2618 illius
1554 2565 1868 2632 praedicatio

297 2656 425 2726 apud
451 2655 663 2711 Gallias
707 2673 831 2711 cum
867 2656 1069 2712 incidat
1122 2666 1240 2727 post
1272 2656 1614 2711 sortitionem
1646 2656 1868 2724 provin-

294 2748 495 2802 ciarum
526 2750 601 2802 ab
646 2747 909 2818 apostolis
942 2747 1140 2802 factam
1170 2789 1183 2812 ,
1216 2748 1384 2801 libera
1418 2757 1505 2801 est
1534 2746 1602 2799 ab
1638 2763 1704 2801 eo
1736 2745 1864 2812 telo,

297 2853 394 2906 quo
420 2839 738 2907 praedicatio
778 2836 967 2894 Jacobi
996 2839 1137 2907 apud
1170 2837 1442 2908 Hispanos
1471 2838 1659 2907 impoti
1705 2840 1863 2892 solet.

296 2928 559 2983 ueterum
618 2931 745 2984 illttd
797 2929 900 2983 fuit
953 2929 1323 2998 apostolorum
1380 2928 1760 2999 propositum,
1810 2935 1868 2980 ut

296 3036 723 3090 quaquaversum
769 3021 916 3075 orbis
953 3028 1142 3090 patet,
1197 3021 1547 3089 Evangelium
1594 3020 1865 3074 diﬂunde-

296 3122 428 3177 rent,
464 3129 533 3166 es
572 3115 825 3166 mandato
850 3112 1078 3167 Christi.
1108 3112 1289 3179 Quare
1314 3153 1329 3177 ,
1363 3126 1421 3166 ut
1451 3113 1654 3183 optime
1696 3113 1863 3166 adno-

298 3202 725 3267 tavitEusebius,
752 3204 841 3258 lib.
870 3219 930 3259 ιιι
965 3204 1256 3259 Demonstr.
1288 3203 1485 3274 Evang.
1524 3220 1642 3274 cap.
1671 3205 1727 3270 5,
1758 3222 1863 3259 non

295 3298 457 3348 solum
495 3296 728 3351 Romam
766 3306 930 3366 caput
975 3298 1214 3365 imperii,
1244 3307 1407 3366 atque
1434 3297 1709 3351 Romanas
1738 3313 1863 3367 pro‘

296 3386 510 3449 vincias,
539 3388 637 3440 sed
667 3387 832 3440 etiam
865 3387 967 3439 alia
1005 3403 1188 3455 regna.
1210 3398 1322 3440 tum
1360 3387 1684 3441 Parthorum
1707 3398 1861 3453 ,‘tum

294 3476 666 3532 Armeniorum
696 3517 712 3541 ,
764 3478 1092 3549 Scytharum
1119 3520 1133 3543 ,
1170 3479 1422 3532 Indorum
1451 3521 1467 3543 ,
1500 3479 1819 3548 ASthiopum
1844 3520 1860 3545 ,

298 3569 498 3639 ipsimet
527 3572 1006 3639 praedicationibus
1039 3574 1151 3626 suis
1180 3574 1533 3626 instituerunt
1567 3590 1579 3627 :
1616 3574 1756 3627 adeo
1782 3584 1859 3639 ut,

297 3665 742 3731 quemadmodum
797 3664 1075 3732 subjungit
1124 3664 1386 3718 Eusebius
1416 3701 1433 3729 ,
1478 3664 1608 3730 ipsis
1658 3680 1862 3733 quoque

301 3756 610 3810 Britannicis
645 3758 859 3822 insulis,
900 3755 1166 3810 Oceanum
1197 3758 1520 3825 pra'tervecti
1548 3797 1563 3821 ,
1603 3758 1728 3825 [idei
1774 3756 1862 3808 lu-

300 3864 400 3901 men
424 3848 729 3901 intulerint.
774 3849 920 3902 Sane
956 3848 1229 3901 neminem
1261 3857 1386 3915 puta
1422 3856 1529 3898 tam
1570 3847 1859 3915 iusipidutu

298 3940 381 4007 qui
428 3942 528 3995 sibi
561 3941 928 4009 persuadeat,
962 3944 1029 3993 de
1057 3940 1245 3992 tli\isis
1285 3950 1398 3992 toto
1424 3939 1556 3991 orbe
1586 3938 1861 3993 Britannis

298 4028 547 4085 sollicitos
573 4030 848 4099 apostolos
876 4069 891 4092 ,
923 4027 1344 4097 negligentiores
1375 4027 1543 4080 fuisse
1576 4028 1628 4080 in
1661 4026 1860 4083 Galliis

298 4136 383 4188 per
410 4138 546 4190 quas
585 4123 687 4176 iter
718 4131 801 4175 est
855 4124 921 4173 ad
956 4120 1293 4184 Britannias,
1323 4136 1419 4188 per
1445 4136 1503 4173 se
1533 4134 1625 4173 aut
1660 4136 1755 4190 per
1786 4122 1861 4174 Ie-

300 4225 439 4275 gatos
467 4214 702 4268 veritate
736 4211 1060 4265 imbuendis.
1101 4210 1254 4275 Quod
1297 4212 1512 4279 egregie
1540 4211 1612 4263 illi
1648 4213 1860 4280 [ll‘iCSll-

300 4310 465 4358 terunt
514 4321 611 4375 per
656 4303 960 4372 Philippum
994 4342 1009 4365 ,
1043 4318 1209 4355 unmn
1253 4319 1319 4356 ex
1368 4318 1555 4357 eorum
1592 4305 1857 4374 Collegia,

299 4388 509 4465 Lucam,
536 4396 887 4451 Crescentem
912 4434 927 4457 ,
957 4394 1349 4462 Tltropbituutn
1378 4434 1392 4459 ,
1432 4393 1680 4460 Paulum,
1717 4395 1861 4450 Mar-

302 4485 490 4550 tialem,
521 4488 765 4556 aliosque
791 4487 842 4539 in
874 4485 1070 4539 tabulis
1095 4485 1480 4539 ecclesiasticis
1523 4489 1853 4551 aduotatos;
1892 4520 1933 4577 υ

302 4587 349 4631 et
394 4581 620 4648 perfecit
651 4581 901 4632 Clemens
933 4593 1028 4644 per
1059 4577 1371 4647 Dionysium
1403 4616 1419 4640 ,
1458 4578 1811 4632 Saturninum
1840 4618 1857 4643 ,

304 4671 602 4743 Eutropium
656 4670 1049 4727 Saulonensem
1076 4713 1091 4737 ,
1126 4670 1378 4725 Ursinum
1438 4669 1858 4737 Bituricenscm,

304 4774 351 4815 ct
376 4765 527 4820 alios.

366 4856 540 4928 Neque
562 4872 693 4911 sane
724 4854 1048 4925 inl'rngil'era
1082 4854 1183 4908 fuit
1213 4852 1473 4922 Philippi,
1502 4851 1687 4913 Lucra,
1727 4852 1857 4907 Cre-

306 4952 487 5003 scentis
513 4959 567 5002 et
608 4947 944 5016 reliquorum
978 4984 994 5005 ,
1022 4960 1184 5013 quam
1236 4945 1288 4997 in
1320 4942 1508 4998 Galliis
1545 4951 1863 5011 sparserant

306 5036 609 5094 Christiana:
640 5039 766 5094 lidci
799 5039 1062 5092 sementis
1088 5077 1102 5101 ,
1133 5038 1223 5091 Dei
1262 5037 1575 5102 clementia,
1610 5037 1700 5105 qui
1730 5035 1859 5088 reli—

307 5143 425 5198 qttas
468 5135 617 5188 orbis
670 5132 921 5201 regiones
965 5131 1223 5193 fovebat,
1276 5128 1480 5183 Gallias
1531 5144 1636 5181 non
1695 5127 1862 5181 desti-

309 5231 491 5280 tuente.
520 5225 673 5279 Dicet
701 5238 798 5299 pro
833 5223 991 5277 nobis
1027 5222 1262 5276 tremens
1293 5260 1308 5286 ,
1339 5221 1430 5290 qui
1466 5220 1687 5274 circiter
1719 5232 1862 5273 anno

312 5314 399 5370 l90
428 5320 661 5390 scripsit,
695 5320 746 5372 in
773 5302 869 5374 lib.
904 5333 942 5381 I,
977 5332 1098 5385 cap.
1133 5317 1190 5381 ὅ,
1222 5331 1413 5371 veram
1449 5315 1609 5369 fidem
1641 5314 1859 5383 probari

307 5420 362 5461 es
407 5410 640 5481 ejusdetn
687 5411 955 5465 doctrina:
1006 5408 1387 5480 professione,
1433 5422 1555 5476 quae
1605 5406 1657 5458 in
1690 5406 1862 5460 variis

308 5492 543 5555 Ecclesiis
580 5516 674 5572 per
709 5502 1022 5555 universum
1059 5500 1247 5554 orbem
1265 5497 1579 5552 constitutis
1605 5506 1863 5551 constan-

312 5596 382 5642 ter
407 5597 650 5658 traditur,
684 5604 796 5648 tum
834 5593 888 5647 in
925 5591 1175 5655 Oriente,
1222 5593 1275 5645 in
1312 5590 1549 5661 [Egypto
1577 5598 1631 5642 et
1656 5586 1859 5659 Libya;

312 5689 405 5735 tum
434 5687 479 5738 in
515 5687 828 5749 Germania,
860 5686 1001 5755 apud
1045 5685 1334 5753 Hispanos,
1366 5694 1421 5736 et
1463 5681 1667 5745 Gallos,
1700 5692 1863 5749 atque

314 5773 441 5833 alibi.
468 5777 603 5834 Nam
635 5790 682 5835 et
711 5784 779 5848 si,
816 5778 1010 5847 inquit,
1049 5778 1102 5830 in
1136 5777 1329 5830 mundo
1376 5773 1596 5845 loquela-
1624 5773 1863 5828 dissimi-

1893 3160 1935 3217 C

1988 536 2057 591 Et
2085 555 2248 609 neque
2280 541 2363 593 Ita’
2390 556 2509 611 qua:
2539 541 2595 594 in
2622 538 2913 596 Germania
2954 544 3194 612 fundata:
3225 558 3344 601 sunt
3393 547 3569 603 Eccle-
3655 547 3663 555 “

1983 629 2112 697 site,
2148 629 2306 683 aliter
2343 631 2603 695 credunt,
2643 644 2735 684 aut
2767 630 2926 686 aliter
2967 636 3185 687 tradunt
3222 650 3241 689 :
3283 653 3447 708 neque
3480 638 3565 694 ita:

1983 738 2105 791 qua:
2134 722 2189 776 in
2222 722 2389 776 lberis
2414 734 2536 776 sunt
2564 763 2579 789 ,
2630 741 2796 794 neque
2820 725 2901 779 Ita:
2934 742 3052 796 qute
3074 727 3127 779 in
3161 726 3347 795 Celtis,
3402 748 3568 800 neque

1983 811 2065 865 lite
2088 829 2203 881 qutc
2231 814 2285 866 in
2328 812 2564 879 Oriente,
2584 830 2747 885 neque
2772 815 2859 869 lite
2889 833 3007 881 quae
3030 819 3086 871 in
3110 818 3370 889 Egypto,
3402 838 3567 892 neque

1981 902 2064 956 lite
2090 920 2209 971 qua:
2242 905 2295 957 i‘n
2335 903 2537 974 Libya,
2593 922 2756 974 neque
2799 907 2882 960 itte
2918 925 3038 977 qum
3080 910 3134 962 in
3174 912 3345 963 medio
3379 912 3564 966 mundi

1980 1004 2105 1049 sunt
2137 998 2457 1053 constitutas.
2489 997 2595 1053 Sed
2633 1000 2772 1053 sicut
2811 999 2891 1054 sol
2932 1012 3178 1055 creatura
3215 1001 3317 1056 Dei
3352 1004 3406 1057 in
3450 1005 3566 1059 uni-

1979 1103 2128 1139 uerso
2160 1091 2355 1141 mundo
2378 1106 2514 1142 unus
2541 1101 2587 1143 et
2627 1091 2761 1145 idem
2814 1102 2911 1155 est,
2947 1094 3024 1146 sic
3062 1104 3111 1147 et
3145 1096 3321 1147 lumen
3352 1106 3399 1148 et
3427 1113 3565 1163 prte-

1979 1182 2178 1234 tlieatio
2207 1182 2443 1235 veritatis
2462 1183 2652 1251 ubique
2680 1183 2840 1247 lucet,
2867 1195 2914 1237 et
2948 1185 3219 1240 illuminat
3260 1203 3436 1240 omnes
3465 1188 3563 1241 Ito-

1978 1276 2145 1328 mines
2168 1276 2258 1339 qui
2282 1276 2459 1330 volunt
2486 1277 2557 1329 ad
2587 1278 2937 1345 cognitionem
2972 1278 3208 1332 veritatis
3235 1284 3429 1334 venire.
3464 1279 3557 1335 Illa

1980 1375 2346 1434 tempestate,
2398 1367 2711 1422 Germania:
2764 1369 2981 1438 quidem
3031 1379 3084 1424 et
3136 1369 3388 1441 Hispanis
3433 1386 3562 1427 suas

1977 1455 2248 1511 Ecclesias
2284 1456 2454 1511 nostri
2489 1457 2791 1512 liberaliter
2842 1459 3050 1528 absque
3080 1461 3183 1516 ulla
3212 1463 3561 1519 restrictione

1975 1547 2295 1611 concedent,
2327 1549 2421 1602 sed
2452 1548 2896 1619 digladiabuntur
2938 1553 3003 1606 de
3035 1552 3202 1608 Celtis
3230 1565 3420 1608 contra
3451 1556 3561 1610 Ire-

1976 1655 2149 1693 naeum
2188 1659 2201 1695 :
2233 1641 2323 1708 qui
2358 1640 2691 1710 generaliter
2716 1657 2840 1696 cum
2877 1644 2947 1697 sit
2993 1643 3206 1699 locutus
3252 1645 3317 1699 de
3346 1645 3511 1701 Celtis
3540 1687 3556 1710 ,

1974 1731 2091 1799 ejus
2123 1734 2448 1787 sententiain
2480 1734 2546 1787 ad
2581 1734 2872 1804 specialem
2910 1745 3143 1789 tractmn
3180 1733 3442 1806 Lugduuo
3476 1739 3562 1793 vi-

1972 1824 2150 1878 cinum
2180 1826 2445 1880 invidiose
2471 1829 2821 1883 coercebunt.
2856 1828 3011 1881 Absit
3041 1827 3181 1882 livor
3222 1829 3323 1884 iste
3352 1847 3382 1885 τι
3423 1831 3553 1887 Gal-

1973 1913 2145 1968 lorum
2180 1917 2490 1985 pectoribus
2518 1958 2533 1981 ,
2578 1934 2752 1987 neque
2778 1921 2956 1988 gentis
2984 1920 3174 1974 honori
3208 1937 3402 1976 manus
3438 1926 3554 1979 vio-

1972 2006 2147 2062 lentas
2179 2007 2441 2073 inferant,
2479 2011 2568 2064 cui
2614 2014 2784 2065 exteri
2821 2024 3091 2081 parcunt,
3130 2029 3297 2083 seque
3327 2015 3553 2071 multum

1971 2100 2251 2155 venditant
2284 2117 2350 2157 eo
2382 2103 2601 2157 nomine
2629 2146 2646 2170 ,
2680 2106 2822 2173 quod
2856 2107 3005 2174 paria
3039 2107 3318 2161 nobiscum
3354 2105 3556 2162 facian‘

1971 2198 2023 2251 in
2075 2197 2197 2252 lidei
2233 2205 2502 2267 susceptae
2537 2195 2727 2253 initiis.
2766 2196 2909 2250 Sane
2942 2212 3051 2265 quo
3089 2197 3140 2250 in
3176 2208 3322 2252 statu
3364 2205 3513 2251 esset

1970 2289 2152 2342 lreumi
2182 2296 2343 2342 aetate
2370 2329 2385 2351 ν
2415 2286 2548 2340 ﬁdes
2577 2288 2889 2342 Christiana
2927 2290 3068 2357 apud
3102 2288 3289 2344 Gallos
3312 2329 3328 2354 ,
3362 2288 3453 2344 ille
3479 2289 3557 2343 fac

1966 2378 2067 2431 cile
2098 2377 2391 2445 conjiciat,
2417 2380 2508 2448 qui
2543 2378 2936 2434 Tertullianum
2972 2382 3196 2451 triginta
3230 2390 3350 2451 post
3389 2386 3552 2440 annis

1967 2469 2321 2524 disserentem
2371 2471 2690 2539 expenderit
2741 2473 2809 2526 tle
2858 2486 3077 2541 recepto
3112 2474 3405 2544 Evangelia
3453 2493 3553 2545 per

1968 2575 2156 2612 Omnes
2187 2559 2429 2616 Orientis
2464 2571 2710 2628 tractus;
2754 2563 2952 2633 quibus
2981 2580 3101 2618 mox
3150 2566 3552 2636 subjuuguntur

1970 2650 2037 2702 ab
2064 2661 2303 2713 auctore,
2337 2647 2667 2705 Gaetulorum
2710 2654 3013 2717 varietates,
3054 2655 3367 2711 Maurorum
3408 2662 3555 2713 mulo

1968 2741 2155 2809 tiﬁnes
2180 2781 2193 2807 ,
2242 2741 2630 2808 Hispaniarum
2669 2762 2847 2799 omnes
2883 2747 3137 2811 termini,
3171 2760 3218 2802 et
3252 2748 3551 2805 Galliarum

1967 2833 2187 2887 diversa:
2222 2835 2478 2893 nationes.
2504 2844 2552 2887 et
2578 2833 2961 2889 Britannorum
2996 2838 3266 2894 inaccessa
3299 2840 3551 2898 Romanis

1968 2925 2104 2990 loca,
2133 2923 2350 2979 Christo
2382 2941 2498 2980 rero
2528 2927 2743 2980 subdita
2779 2940 2800 2979 .'
2833 2939 2880 2981 et
2910 2926 3284 2985 Sarmatarum
3305 2976 3319 2998 ,
3359 2945 3407 2987 et
3438 2936 3550 2988 Da-

1966 3035 2169 3080 corum,
2196 3030 2242 3071 et
2272 3016 2680 3083 Germanorum,
2704 3029 2749 3072 et
2775 3018 3118 3088 Scytharum,
3150 3032 3198 3075 et
3239 3023 3547 3079 abditarum

1970 3111 2255 3165 multarum
2309 3110 2544 3180 gentium
2604 3121 2651 3163 et
2705 3113 3098 3178 provinciarum
3150 3125 3198 3167 et
3250 3116 3549 3172 insularum

1972 3204 2261 3258 multarum
2307 3204 2453 3257 nobis
2498 3204 2796 3272 ignotarum
2826 3245 2841 3268 ,
2883 3213 2935 3258 et
2963 3222 3082 3275 qum
3107 3223 3411 3263 enumerare
3446 3226 3549 3265 non

1970 3313 2269 3367 possumus.
2303 3296 2416 3353 Per‘
2441 3296 2738 3350 Galliarum
2790 3297 3036 3353 diversas
3079 3299 3329 3355 nationes
3357 3341 3372 3363 ,
3410 3299 3545 3356 Ter-

1974 3390 2227 3444 tulliauus
2257 3398 2489 3458 quatuor
2520 3386 2817 3442 Galliarum
2847 3388 3159 3459 provincias
3186 3406 3247 3445 ex
3282 3392 3550 3447 divisione

1970 3481 2191 3552 Augusti
2220 3519 2235 3543 ,
2276 3478 2682 3534 Narbonensem
2712 3517 2727 3542 ,
2760 3478 3174 3548 Lugdunensem
3202 3519 3218 3543 ,
3254 3480 3546 3551 Belg'cam,

1968 3584 2025 3626 ct
2056 3570 2438 3640 Aquitanicam
2487 3569 2775 3639 intelligit:
2813 3584 2879 3623 es
2929 3570 3131 3638 quibus
3179 3585 3375 3639 corpus
3419 3569 3551 3624 Gul-

1968 3664 2164 3718 liarutn
2195 3674 2323 3717 tunc
2359 3661 2658 3715 conﬂatum
2699 3671 2838 3726 erat,
2874 3662 3016 3729 quod
3047 3671 3233 3730 postea
3269 3662 3324 3717 in
3360 3665 3546 3719 decent

1967 3764 2021 3807 et
2059 3762 2265 3823 septem
2297 3752 2605 3821 provincias
2631 3754 2976 3807 distributum
3008 3754 3128 3809 fuit.

2039 3844 2219 3911 Quare
2253 3860 2375 3899 cum
2404 3846 2733 3899 testimoniis
2779 3847 3168 3901 vetustissimis
3194 3862 3260 3902 ac
3294 3846 3547 3904 ﬁrmissi-

1967 3936 2068 3989 mis
2093 3937 2297 3990 nitatur
2323 3937 2607 3990 exordium
2648 3936 2956 4003 praadicataa
2989 3937 3110 3989 lidei
3159 3937 3210 3991 in
3261 3936 3449 3993 Galliis
3479 3955 3546 3994 ex

1965 4029 2332 4096 apostolorum
2365 4028 2705 4098 delegatione
2728 4067 2747 4094 ,
2790 4038 2845 4082 et
2872 4038 3137 4094 suscepta:
3167 4044 3194 4080 a
3225 4028 3391 4083 Celtis
3416 4072 3431 4095 ,
3488 4040 3548 4085 ut

1966 4117 2211 4187 loquitur
2241 4117 2496 4180 Irenteus,
2529 4132 2623 4170 seu
2654 4131 2683 4169 a
2721 4116 2949 4171 diversis
2986 4117 3295 4170 nationibus
3341 4116 3547 4172 Gallia-

1966 4225 2083 4263 rum
2112 4249 2128 4275 ,
2178 4219 2236 4262 ut
2265 4210 2343 4261 ait
2374 4207 2742 4262 Tertullianus
2776 4224 2790 4261 :
2824 4207 3108 4275 aegerrime
3140 4207 3256 4261 fero
3282 4222 3545 4276 quorum-

1963 4303 2085 4355 dam
2140 4302 2193 4356 in
2246 4316 2397 4354 suam
2431 4300 2661 4369 patriam
2709 4300 3107 4363 acerbitatem,
3155 4298 3248 4367 qui
3301 4299 3545 4369 origines

1963 4396 2204 4448 omnium
2238 4394 2606 4448 Eeclesiarum
2646 4391 3070 4455 Gallicanarmn,
3106 4403 3305 4460 praeter
3334 4390 3549 4457 Lugdu-

1966 4499 2187 4540 nensem
2232 4496 2285 4538 et
2318 4486 2452 4539 alias
2486 4499 2730 4554 paucas,
2776 4484 2844 4537 ad
2881 4484 3118 4537 medimn
3172 4472 3316 4537 tertii
3361 4483 3545 4537 siceitli

1963 4573 2293 4639 detrudunt;
2328 4572 2488 4627 affixo
2518 4588 2584 4627 ex
2618 4572 2884 4643 Gregorio
2910 4570 3213 4626 Turonensi
3240 4574 3397 4642 paulo
3418 4582 3546 4626 ante

1962 4662 2110 4719 Decii
2140 4675 2195 4720 et
2219 4664 2371 4719 Grati
2400 4664 2771 4726 consulatum,
2802 4664 2852 4716 id
2876 4672 2960 4717 est
2990 4662 3149 4731 paulo
3178 4673 3307 4716 ante
3341 4678 3543 4717 artuum

1961 4757 2091 4821 250,
2120 4758 2278 4812 initio
2309 4768 2515 4825 septem
2556 4758 2832 4809 socioruru
2865 4754 3266 4823 episcoporum.
3295 4752 3543 4809 Gratiani

1963 4847 2317 4914 Turonensis,
2348 4847 2623 4916 Trophimi
2658 4846 3007 4908 Arelatensis,
3041 4844 3191 4898 Pauli
3226 4844 3543 4899 Nzttbmlcll—

1962 4944 2038 4997 sis
2066 4983 2081 5007 ,
2113 4941 2375 4995 Martialis
2404 4939 2808 4995 Letnovicensis
2835 4981 2850 5005 ,
2897 4938 3137 5007 Dionysii
3171 4937 3497 4991 Parisieusis
3523 4977 3541 4999 ,

1964 5035 2248 5089 Saturnini
2294 5032 2545 5088 Tolosani
2574 5074 2590 5099 ,
2618 5042 2676 5088 et
2710 5032 3005 5088 Stremonii
3036 5030 3424 5094 Arvernensis,
3450 5031 3541 5098 qui

1964 5126 2125 5197 primi
2167 5127 2218 5180 in
2255 5125 2375 5180 illas
2424 5124 2719 5181 Galliarum
2777 5134 2965 5194 partes
3019 5122 3201 5175 lumen
3261 5121 3541 5191 Evangelii

1964 5219 2284 5286 intulerunt,
2318 5228 2375 5274 et
2409 5218 2462 5273 in
2494 5216 2755 5272 Ecclesiis
2785 5232 2813 5270 a
2844 5229 2904 5270 se
2930 5213 3241 5270 constitutis
3266 5210 3545 5269 stabilive-

1964 5320 2109 5369 runt.

2034 5404 2175 5471 Quin
2202 5403 2361 5474 primi
2395 5402 2472 5457 illi
2503 5401 2670 5456 duces
2699 5399 2955 5470 praecipui
2988 5398 3190 5453 iuerint
3219 5395 3547 5452 Christiana

1965 5495 2327 5564 expeditionis
2357 5492 2655 5561 provinciis
2692 5490 3032 5544 Narbonensi
3080 5499 3137 5543 et
3170 5487 3496 5555 Aquitanica
3526 5523 3545 5549 ,

1964 5598 2019 5643 et
2042 5589 2094 5641 in
2121 5588 2505 5641 remotioribus
2534 5584 2783 5654 partibus
2814 5583 2926 5652 Lug
2950 5580 3193 5634 lunensis
3222 5577 3546 5649 provinciae,

1966 5693 1993 5730 a
2035 5677 2252 5745 nemine
2282 5675 2582 5737 dubitatur,
2608 5673 3075 5729 consentientibus
3109 5670 3420 5725 tabularum
3449 5683 3543 5723 ec-

1966 5771 2395 5826 clesiasticarum
2445 5768 2849 5831 monumentis,
2896 5774 2951 5820 et
2995 5762 3331 5818 solemnibus
3374 5759 3549 5817 sacris
