4054 6456
448 392 519 447 55
1762 387 1963 444 PETRI
1999 386 2090 441 DE
2127 385 2363 442 MARCA
3638 389 3708 441 56

445 523 569 579 quae
592 508 646 563 in
677 522 862 563 eorum
890 509 1209 563 memoriam
1238 524 1419 563 annuo
1444 509 1575 577 ritu,
1603 510 1784 565 divino
1812 510 2029 564 Numini
2058 515 2105 569 Α
2135 507 2281 561 latus
2307 508 2375 561 ab
2405 497 2714 560 Arelatensi
2747 504 3038 576 episcopo,
3072 504 3341 576 Simplicii
3384 504 3708 559 Viennensis

446 609 783 669 peraguntur
813 601 867 655 in
899 601 1127 668 singulis
1156 602 1435 657 Ecclesiis.
1470 601 1683 655 Illarum
1719 613 1897 655 autem
1923 618 2023 655 ao-

446 693 612 761 tiqure
644 693 963 757 traditioni,
993 693 1145 747 Beda:
1173 735 1187 759 ,
1222 693 1452 749 Usuardi
1484 695 1794 764 Adonisque
1825 695 2025 766 Marty-

448 784 676 855 rologiis
710 794 765 838 et
799 785 949 839 Actis
979 786 1251 838 veteribus
1285 784 1432 839 fulta:
1464 787 1514 838 in
1555 786 1810 856 temporis
1836 787 2024 841 cousi-

450 875 712 943 guatione
736 914 750 937 ,
782 889 880 928 cur
929 876 1176 942 derogari
1220 877 1450 941 debeat,
1481 875 1643 943 plane
1674 889 1777 928 non
1822 876 1980 929 video
2005 912 2022 941 ,

447 968 751 1037 praesertim
790 984 911 1020 cum
944 967 1064 1020 aliis
1091 982 1304 1035 quoque
1351 969 1685 1037 argumentis
1722 969 1834 1022 lucc
1883 969 2028 1021 veri-

451 1067 534 1110 tas
565 1058 851 1112 innitatur.
889 1055 1148 1112 Sumatur
1176 1059 1385 1112 initium
1429 1058 1781 1112 discussionis
1818 1075 1847 1112 a
1892 1060 2027 1113 Tro.

458 1150 644 1217 pbimo
670 1191 683 1210 ,
712 1161 767 1204 et
828 1151 1198 1219 expendantur
1248 1153 1409 1205 verba
1468 1152 1629 1207 libelli
1658 1152 1725 1206 ab
1755 1152 2026 1222 episcopis

449 1240 739 1308 provinciae
785 1241 1108 1297 Viennensis
1135 1243 1296 1297 Leoni
1334 1260 1480 1313 papa:
1506 1245 1671 1298 oblati
1701 1260 1841 1299 anno
1871 1244 1977 1298 450
2009 1263 2022 1300 :

452 1330 711 1387 Omnibus
746 1331 1037 1387 Gallicanis
1071 1337 1361 1403 regionibus
1400 1348 1577 1389 notum
1605 1347 1681 1390 est
1706 1378 1720 1401 ,
1756 1338 2023 1405 inquiunt,

452 1424 546 1476 sed
577 1440 668 1476 nec
696 1438 1049 1479 sacrosancta:
1094 1425 1348 1480 Romana:
1398 1426 1649 1483 Ecclesia:
1678 1429 1899 1482 habetur
1947 1431 2029 1482 in-

451 1515 741 1582 cognitum,
767 1519 904 1583 quod
930 1518 1101 1585 prima
1130 1520 1269 1571 intra
1303 1518 1508 1573 Gallias
1546 1520 1870 1574 Arelatensis
1896 1523 2025 1574 civi-

450 1615 532 1659 tas
562 1608 777 1660 missurn
800 1627 833 1661 α
868 1609 1174 1663 beatissimo
1202 1609 1359 1664 Petro
1380 1612 1611 1679 apostolo
1639 1622 1878 1666 sanctum
1904 1613 2027 1666 Tro-

450 1698 687 1766 phimum
722 1700 915 1753 habere
945 1704 1136 1754 meruit
1163 1705 1483 1757 sacerdotem
1512 1745 1527 1769 ,
1574 1714 1622 1757 et
1664 1706 1853 1759 exinde
1903 1706 2025 1762 aliis

450 1790 707 1855 paulatim
755 1792 1055 1859 regionibus
1101 1790 1401 1845 Galliarum
1448 1796 1635 1847 bonum
1668 1796 1792 1863 ﬁdei
1821 1806 1868 1848 et
1897 1797 2023 1849 reli-

450 1880 621 1946 gionis
652 1881 906 1950 infusum.
938 1884 1108 1971 Quem
1140 1884 1434 1954 Gregorius
1475 1887 1707 1954 ponebat
1733 1890 1831 1942 sub
1864 1890 2024 1944 Decio

452 1970 807 2039 Tropbimum
837 2013 852 2037 ,
903 1985 1080 2028 cmtus
1130 1975 1507 2045 episcoporum
1562 1979 2020 2048 provincialium,

451 2063 649 2131 quibus
677 2076 991 2136 perspectus
1020 2079 1137 2121 erat
1161 2083 1354 2121 census
1378 2069 1740 2123 Ecclesiarum
1777 2087 2019 2134 suarum,

451 2155 653 2223 quique
701 2155 1023 2226 Gregorium
1074 2168 1293 2213 centum
1348 2170 1402 2214 et
1460 2162 1853 2232 quinquaginta
1911 2163 2024 2218 fere

450 2248 609 2302 annis
639 2247 1071 2313 antecedebant,
1112 2249 1469 2320 Tropltimum
1511 2268 1539 2306 a
1588 2253 1750 2308 Petro
1799 2254 2021 2309 missum

451 2344 689 2404 docent,
719 2352 773 2394 et
807 2350 867 2394 ut
911 2357 1024 2395 rem
1078 2343 1333 2399 omnibus
1371 2348 1866 2414 perspectissimam
1903 2363 2028 2401 nar-

450 2444 574 2487 rant
602 2450 617 2499 ;
650 2433 1071 2503 subjiciuntque,
1100 2437 1286 2490 exinde
1304 2438 1423 2491 aliis
1443 2438 1697 2506 paulatim
1728 2442 2024 2509 regionibus

451 2521 791 2590 Galliarum,
821 2526 1011 2579 bonum
1050 2528 1175 2595 ﬁdei
1211 2538 1258 2581 et
1308 2529 1575 2599 religionis
1614 2531 1874 2599 infusum.
1912 2532 2025 2589 lloc

451 2616 629 2683 ipsum
679 2617 955 2685 significat
998 2617 1245 2673 Zosimus
1293 2636 1427 2690 papa
1463 2622 1621 2689 epist.
1646 2622 1678 2675 5
1714 2640 1727 2676 :
1763 2624 1842 2675 Ad
1866 2642 2024 2694 quam

450 2703 842 2774 (Arelatensem
874 2707 1087 2778 urbem)
1116 2709 1342 2775 primunt
1360 2727 1423 2763 ea:
1446 2715 1543 2763 hac
1571 2713 1692 2766 sede
1713 2712 2024 2778 Tropltimus

449 2811 685 2849 summus
714 2799 964 2865 antistes,
1011 2817 1076 2853 ex
1113 2802 1265 2870 cujus
1315 2804 1458 2870 [ante
1510 2814 1635 2857 tota:
1680 2802 1871 2859 Galliae
1897 2807 2024 2875 ﬁdei

450 2886 650 2941 rivulos
683 2901 1017 2958 acceperunt,
1050 2893 1281 2945 directus
1309 2904 1404 2946 est.
1434 2892 1605 2947 Porro
1639 2896 1755 2951 lucc
1793 2899 2023 2966 epistola

451 2975 650 3032 Zosimi
684 2981 825 3033 edita
852 2997 878 3031 a
908 2979 970 3038 V.
998 2981 1057 3034 C.
1084 2983 1396 3047 Sirmondo,
1418 2996 1471 3039 et
1504 2985 1717 3040 laudata
1751 2987 1877 3041 olim
1913 3000 2022 3044 tam

451 3072 506 3125 in
540 3071 771 3125 concilio
802 3071 1302 3136 Francofordiensi,
1336 3090 1497 3142 quam
1525 3077 1689 3129 etiam
1724 3079 1790 3131 ab
1825 3078 2026 3134 Usuar-

2127 598 2517 667 impudentiam
2544 598 2763 650 damnat
2795 599 2954 666 epist.
2990 597 3045 661 7,
3103 597 3320 665 quodin
3362 612 3428 650 eo
3473 598 3709 651 concilio

2126 688 2474 758 postulaSset,
2507 697 2563 741 ut
2598 687 2697 741 sibi
2731 688 3084 741 creandorum
3145 690 3484 741 sacerdotum
3512 689 3562 739 in
3586 702 3714 754 pro-

2126 782 2302 835 vincia
2363 782 2653 835 Viennensi
2704 780 3108 849 permitteretur
3167 780 3452 833 arbitrium
3503 797 3514 832 :
3563 778 3707 849 quod

2128 873 2203 927 ait
2232 888 2351 926 esse
2378 883 2569 927 contra
2607 881 2810 925 statuta
2848 869 3092 936 Patrum,
3127 883 3181 926 et
3209 872 3381 929 sancti
3417 870 3703 940 Tropbimi

2129 966 2489 1020 reverentiam
2521 982 2536 1019 :
2573 966 2927 1033 decernitque
2953 1004 2971 1029 ,
3006 966 3162 1034 juvta
3224 980 3414 1034 preces
3463 964 3705 1020 Patrocli

2128 1057 2482 1120 Arelatensis,
2517 1066 2577 1108 ut
2608 1055 2724 1125 ejus
2755 1057 2995 1109 civitatis
3028 1058 3337 1125 episcopus,
3366 1057 3481 1124 jam
3515 1058 3637 1110 inde
3672 1076 3703 1109 a

2132 1148 2412 1217 Trophimo
2442 1149 2795 1202 ordinationis
2823 1149 3012 1202 seriem
3054 1150 3370 1215 temporibus
3398 1150 3705 1202 roboratam

2130 1242 2447 1311 possideat,
2481 1257 2586 1293 non
2623 1244 2793 1295 solum
2835 1241 2885 1294 in
2915 1241 3191 1309 provincia
3229 1240 3520 1295 Viennensi
3552 1281 3567 1303 ,
3610 1240 3704 1293 sed

2129 1333 2294 1388 etiam
2338 1332 2392 1386 in
2443 1342 2668 1401 utraque
2709 1331 3069 1384 Narbonensi.
3122 1330 3291 1400 Cujus
3335 1331 3705 1398 praerogativa:

2130 1425 2393 1478 rationem
2422 1439 2639 1493 quoque
2674 1424 2850 1478 reddit
2881 1423 3042 1491 epist.
3079 1422 3133 1489 8,
3176 1424 3242 1474 ad
3276 1422 3535 1475 llilarium
3569 1420 3704 1474 Nar--

2128 1515 2420 1570 bouensem
2452 1535 2465 1570 :
2501 1517 2761 1581 Quoniam
2812 1515 3127 1581 Trajiltimus
3163 1516 3404 1568 sacerdos
3435 1502 3704 1583 quandam

2128 1604 2428 1657 Arelatensi
2456 1607 2570 1658 urbi
2599 1613 2661 1658 ab
2692 1607 2983 1673 apostolica
3019 1605 3138 1657 sede
3163 1601 3503 1658 transmissus
3533 1604 3602 1656 ad
3637 1605 3706 1656 il-

2131 1698 2210 1751 las
2265 1701 2497 1767 regiones
2574 1699 2816 1771 (scilicet
2866 1708 3150 1766 utramque
3195 1697 3601 1752 Narbonensem
3652 1705 3707 1749 ct

2133 1792 2536 1871 Viennensem)
2569 1794 2702 1845 tanti
2733 1791 2957 1845 nominis
2988 1793 3331 1844 reverentiam
3367 1790 3569 1858 primus
3610 1804 3703 1841 ea:-

2130 1885 2320 1949 hibuit,
2363 1895 2410 1938 et
2440 1886 2493 1938 in
2523 1885 2657 1936 alios
2688 1902 2791 1937 non
2835 1887 3113 1949 immerito,
3153 1902 3213 1936 ea
3246 1900 3403 1952 quam
3434 1892 3702 1951 acceperat

2131 1977 2445 2029 auctoritate
2485 1977 2798 2045 transfudil.
2840 1978 3027 2030 Totam
3053 1991 3185 2043 ergo
3208 1976 3470 2043 primatus
3496 1984 3702 2026 metro-

2129 2069 2333 2139 politici
2373 2085 2613 2133 causam,
2662 2073 2719 2123 ὲν
2759 2072 2824 2141 τῇ
2896 2067 3301 2140 πρωτοκλησίᾳ,
3341 2083 3433 2120 seu
3471 2067 3521 2118 in
3562 2067 3707 2134 prio-

2132 2177 2191 2216 re
2226 2165 2509 2217 vocatione
2537 2163 2602 2215 ad
2637 2162 2817 2217 fidem.
2848 2172 2903 2215 et
2942 2163 2992 2215 in
3030 2162 3327 2215 vetustiore
3357 2160 3701 2228 episcOpatus

2131 2254 2470 2310 institutione
2505 2252 2645 2321 apud
2674 2249 2948 2304 Arelatem
2986 2267 3014 2303 a
3058 2250 3350 2319 Tropbiino
3382 2248 3520 2302 facta
3546 2289 3561 2312 ,
3589 2247 3699 2300 Zo-

2130 2346 2300 2401 simus
2334 2345 2537 2399 diserte
2588 2343 2893 2397 constituit.
2938 2342 3205 2396 Craterum
3236 2380 3253 2405 ,
3285 2341 3539 2409 quoniam
3585 2340 3702 2393 hate

2129 2437 2331 2491 Zosimi
2369 2436 2631 2504 rescripta
2677 2434 3062 2489 consuetudine
3095 2432 3310 2502 quidem
3349 2441 3558 2485 vetusta
3584 2471 3601 2495 ,
3640 2442 3701 2484 ut

2131 2529 2247 2598 ipse
2282 2529 2396 2593 ait,
2429 2542 2495 2580 ex
2544 2526 2805 2580 relatione
2840 2525 3070 2578 Patrocli
3104 2510 3436 2587 nitebantur,
3487 2524 3578 2576 sed
3614 2522 3700 2575 di-

2131 2620 2408 2687 sciplinam
2459 2616 2712 2672 Ecclesiae
2769 2617 3089 2671 universalis
3138 2632 3166 2669 a
3222 2616 3432 2685 synodo
3482 2614 3701 2667 Nitzena

2130 2713 2403 2765 decretam
2458 2708 2873 2769 convellebant,
2924 2722 3045 2775 quae
3094 2706 3336 2776 singulas
3389 2705 3702 2774 provincias

2140 2802 2253 2855 suis
2279 2801 2628 2854 commiserat
2663 2798 3094 2867 metropolitanis
3122 2837 3137 2862 ,
3171 2812 3274 2851 non
3312 2809 3491 2850 autem
3522 2797 3703 2866 plures

2130 2892 2436 2963 provincias
2477 2892 2604 2958 uni;
2659 2892 2784 2945 hinc
2830 2890 3029 2943 [aetum
3057 2930 3073 2956 ,
3117 2900 3175 2943 ut
3226 2890 3534 2943 Bonifacius
3562 2903 3701 2957 papa

2101 3024 2109 3033 .
2133 3001 2239 3039 non
2274 2985 2622 3055 caprobrarit
2650 2983 2866 3052 quidem
2890 2981 3141 3035 Patroclo
3169 2981 3473 3035 Arelatensi
3504 2993 3705 3034 metro-

2132 3077 2364 3146 politica:
2404 3075 2689 3145 potestatis
2732 3076 3183 3144 usurpationem,
3221 3076 3316 3129 sed
3351 3077 3529 3144 potius
3564 3076 3706 3129 inte-

450 3163 520 3216 do
548 3171 604 3217 et
638 3165 826 3217 Adone
853 3203 870 3229 ,
921 3180 1042 3218 cum
1073 3166 1275 3233 scripta
1320 3167 1393 3219 sit
1440 3184 1583 3222 anno
1614 3168 1747 3236 “7,
1777 3170 2023 3242 Gregorii
2055 3209 2097 3266 ο
2131 3187 2281 3241 gram
2319 3170 2393 3224 illi
2436 3170 2743 3237 relinquens
2774 3170 2826 3223 in
2873 3168 3148 3239 provincia
3182 3167 3475 3224 Viennensi
3506 3210 3521 3235 ,
3557 3170 3704 3226 illius

453 3253 785 3309 Turonensis
812 3255 1121 3311 testimonio
1152 3258 1327 3326 potior
1355 3274 1474 3312 esse
1504 3259 1662 3314 debet
1693 3262 1743 3315 in
1774 3266 2021 3332 ponenda

451 3343 733 3413 Tropbimi
773 3347 976 3414 epoclia
1002 3387 1018 3411 ,
1066 3364 1226 3417 quam
1259 3351 1616 3406 disertissime
1644 3356 1881 3422 synodus
1911 3358 2023 3426 epi-

450 3453 735 3507 scoporum
775 3441 1195 3508 provincialium
1237 3444 1405 3498 refert
1448 3447 1514 3499 ad
1561 3444 1778 3501 Petrum
1806 3459 2025 3518 aposto-

452 3530 594 3595 lum;
642 3548 672 3584 a
700 3533 902 3601 quibus
952 3550 1058 3587 non
1110 3534 1335 3588 discedit
1367 3535 1650 3602 Zosimus,
1681 3555 1801 3593 cum
1833 3542 2025 3598 doceat

449 3624 682 3691 primum
734 3625 786 3676 in
821 3622 1011 3678 Galliis
1053 3623 1407 3694 Tropbimum
1458 3629 1627 3682 fuisse
1669 3632 2022 3688 constitutum

448 3713 779 3783 episcOpum.
840 3714 1032 3770 Libelli
1090 3717 1352 3786 supplicis
1406 3721 1471 3774 ad
1523 3737 1581 3775 se
1633 3723 1700 3776 ab
1751 3726 2023 3794 episcopis

449 3805 601 3858 missi
646 3808 910 3860 rationem
942 3807 1133 3862 habuit
1164 3808 1274 3863 Leo
1312 3812 1555 3878 pontifex
1589 3816 1850 3885 rescripto
1881 3820 2021 3886 «μιοά

449 3896 518 3949 ad
564 3912 661 3951 eos
708 3898 890 3952 statim
948 3900 1139 3965 dedit,
1190 3916 1298 3970 quo
1330 3913 1565 3956 veterem
1606 3905 1936 3962 Arelatensis
1969 3918 2024 3963 et

450 3986 779 4044 Viennensis
809 3991 1061 4047 Ecclesia:
1094 3994 1159 4047 de
1188 3995 1583 4063 metropolitica
1611 3999 1870 4067 dignitate
1900 4016 2024 4055 con-

450 4082 745 4135 tentionem
771 4121 786 4145 ,
821 4082 1148 4138 Viennensis
1177 4087 1471 4153 provinciae
1493 4087 1759 4143 divisione
1808 4105 2023 4160 compo-

450 4171 552 4224 nit.
586 4170 816 4226 Necesse
847 4184 928 4227 est
953 4176 1340 4230 controversia:
1370 4177 1516 4233 illius
1541 4189 1741 4234 statum
1770 4195 2022 4250 compen—

450 4262 542 4315 dio
582 4264 989 4332 perstringere:
1027 4276 1083 4318 ut
1133 4268 1224 4334 qui
1277 4270 1483 4322 suborti
1534 4281 1660 4325 sunt
1702 4287 1766 4326 ex
1817 4288 1879 4326 eo
1915 4288 2020 4328 non

447 4366 581 4405 sane
609 4362 868 4421 percepto
910 4353 962 4407 in
996 4356 1329 4409 eruditorum
1369 4360 1565 4414 aniinis
1594 4360 1852 4430 scrupuli,
1879 4365 2019 4431 quod

446 4444 514 4494 ad
539 4440 821 4511 Tropbimi
848 4446 1233 4514 antiquitatem
1263 4459 1494 4517 spectat,
1529 4453 1740 4509 facilius
1774 4457 2022 4511 eximan-

2136 3274 2315 3318 tamen
2349 3264 2709 3316 temeritatem
2745 3263 3078 3315 damnaverit
3107 3261 3331 3330 cpistola
3356 3264 3479 3317 data
3515 3265 3580 3317 ad
3613 3262 3706 3316 lli—

2132 3355 2326 3409 larium
2359 3352 2764 3409 Narbonensem
2795 3370 2939 3408 anno
2964 3354 3091 3419 422,
3120 3360 3259 3422 quod
3287 3355 3492 3409 scichet
3520 3355 3570 3409 in
3597 3355 3707 3409 Lu-

2135 3446 2346 3501 tubensi
2378 3445 2617 3499 Ecclesia
2648 3445 3048 3500 ordinationem
3084 3446 3323 3515 episcopi
3373 3446 3703 3502 celebrasset

2133 3538 2186 3590 in
2220 3537 2392 3589 aliena
2420 3536 2687 3604 provincia
2716 3575 2732 3603 ,
2760 3535 2973 3605 inquit",
3002 3537 3208 3592 scilicet
3240 3538 3291 3591 in
3319 3537 3657 3594 Narbonensi
3686 3580 3702 3605 ,

2132 3644 2253 3696 quas
2301 3644 2331 3681 a
2365 3629 2657 3682 Viennensi
2708 3638 2826 3682 erat
2876 3629 3153 3683 distincta.
3206 3628 3339 3683 lllud
3391 3643 3572 3685 autem
3624 3633 3707 3683 fa-

2132 3731 2275 3775 etum
2339 3721 2616 3789 pertendit
2668 3728 2854 3773 contra
2906 3720 3097 3791 synodi
3149 3720 3382 3775 Nicaeus:
3428 3724 3703 3775 constitu-

2134 3814 2333 3867 tionem
2361 3853 2378 3880 ,
2408 3828 2567 3881 quam
2596 3812 2861 3866 describit
2886 3828 2901 3877 ;
2939 3825 3358 3881 commonetque
3396 3812 3655 3868 Hilarium
3684 3852 3701 3878 ,

2132 3918 2192 3963 ut
2229 3908 2769 3979 tnetmpoliticojure
2818 3908 3081 3971 munitus,
3142 3920 3195 3961 et
3247 3910 3703 3978 prmceptionibus

2130 4001 2243 4054 suis
2278 4002 2468 4065 fretus,
2495 4016 2614 4069 qua:
2645 4001 2890 4055 facienda
2925 4010 3053 4056 sunt
3095 4000 3147 4053 in
3180 3998 3477 4055 Lutubensi
3508 3999 3703 4054 Eccle-

2130 4094 2209 4149 sia
2242 4101 2479 4163 prmstet.
2525 4091 2709 4146 Noluit
2766 4092 3005 4147 llilarius
3052 4092 3419 4157 Arelatensis,
3468 4091 3701 4146 Patrocli

2130 4198 2439 4248 successor,
2484 4182 2649 4237 fultus
2681 4191 2733 4236 et
2756 4180 2957 4235 Zosimi
2992 4181 3158 4251 priori
3190 4182 3454 4250 rescripto
3485 4190 3539 4235 et
3569 4197 3703 4236 cono

2129 4276 2415 4329 suetudine
2444 4283 2676 4338 vetusta,
2697 4289 2887 4344 parere
2910 4274 3129 4328 decreto
3150 4271 3435 4337 Bonifacii,
3471 4274 3702 4328 restria-

2130 4365 2305 4434 gentis
2338 4365 2474 4418 intra
2504 4364 2862 4419 Viennensem
2887 4364 3219 4432 proVinciam
3241 4364 3576 4419 Arelatensis
3592 4364 3705 4433 cpi»

2129 4459 2275 4529 seem
2312 4466 2656 4527 potestatem.
2684 4456 2854 4523 Quam
2888 4455 2958 4509 ob
2996 4469 3133 4518 rem,
3174 4462 3228 4508 et
3262 4466 3486 4523 propter
3516 4455 3704 4510 Cheli-

450 4542 556 4589 tur.
584 4536 790 4591 Vienna
820 4539 1020 4594 civitas
1048 4547 1373 4614 metropolis
1400 4557 1521 4601 erat
1550 4550 1842 4616 provincia:
1862 4552 2021 4606 Vicn-
2053 4566 2098 4619 ι)
2129 4548 2272 4602 donii
2307 4562 2549 4608 causam.
2583 4547 2828 4615 aliasque
2855 4545 3207 4615 gravissimas
3236 4544 3502 4612 rationes,
3530 4546 3704 4600 iratus

448 4628 632 4681 nensis
663 4628 716 4682 in
773 4629 1033 4687 laterculo
1068 4635 1303 4703 imperii.
1356 4636 1531 4702 Unde,
1571 4639 1727 4709 juxta
1782 4658 2023 4698 canones

446 4717 735 4789 Nicamos,
770 4723 862 4793 jus
916 4729 1375 4797 metropoliticum
1432 4732 1497 4784 ad
1551 4748 1611 4787 se
1660 4735 1929 4802 pertinere
1967 4738 2021 4792 in

446 4810 639 4865 ordine
667 4813 1046 4871 ecclesiastico
1094 4820 1454 4874 contenderat
1486 4821 1617 4876 olim
1670 4824 1983 4895 Simplicius
2008 4869 2022 4893 ,

448 4905 691 4961 civitatis
722 4907 867 4962 illius
894 4912 1184 4980 episcopus
1228 4912 1493 4968 adversus
1520 4915 1895 4971 Arelatensem
1926 4960 1939 4983 ,
1970 4919 2022 4973 in

446 4999 686 5053 concilio
719 5000 1071 5067 'l‘aurinensi,
1104 5018 1245 5055 anno
1275 5003 1401 5058 597.
1432 5006 1547 5070 Qua
1585 5007 1637 5060 in
1671 5008 1763 5062 lite
1798 5009 2021 5064 interlo-

446 5091 559 5144 cuti
598 5102 727 5145 sunt
755 5092 964 5157 Patres,
997 5110 1117 5147 eam
1143 5095 1417 5150 civitatem
1449 5097 1553 5151 frui
1588 5101 1787 5156 debere
1816 5103 2023 5157 honore

447 5180 712 5246 primatus
738 5220 753 5245 ,
781 5196 899 5248 qua:
930 5183 1152 5236 doceret
1182 5199 1239 5237 se
1270 5200 1390 5239 esse
1421 5189 1715 5255 provinciae
1749 5206 2041 5263 metropo-‘

446 5269 573 5335 lim;
599 5271 723 5325 dato
760 5272 974 5328 interim
1005 5273 1070 5327 ad
1093 5273 1380 5330 fovendam
1417 5282 1765 5336 concordiam
1800 5286 2019 5355 episco-

445 5363 530 5431 pis
562 5363 814 5428 consilio,
850 5374 906 5418 ut
943 5368 1175 5436 quisque
1209 5369 1504 5423 viciniorcs
1534 5373 1634 5425 sibi
1671 5374 1923 5431 civitates
1952 5378 2020 5431 ad

446 5466 599 5506 suam
627 5469 813 5507 curam
855 5466 1157 5511 revocaret.
1209 5456 1435 5510 Pessum
1477 5459 1601 5513 data
1650 5471 1768 5514 erat
1799 5463 1901 5516 bac
1935 5464 2021 5516 in-

447 5544 803 5599 terlocutione
835 5547 1175 5602 Arelatensis
1212 5550 1471 5605 Ecclesia:
1512 5552 1748 5619 dignitas
1773 5593 1790 5618 ,
1822 5569 1941 5624 qua:
1966 5557 2019 5609 in

443 5636 638 5690 ordine
696 5638 878 5693 civilis
940 5639 1314 5708 dispositionis
1362 5659 1391 5695 a
1462 5645 1746 5713 metropoli
1798 5645 2021 5700 civitate

444 5724 737 5783 Viennensi
769 5732 975 5801 absque
1003 5732 1168 5787 dubio
1218 5736 1510 5803 pendebat.
1561 5736 1740 5803 Quare
1767 5736 2019 5791 Zosimus

444 5820 631 5891 viginti
661 5834 779 5890 post
832 5825 1098 5892 synodum
1136 5827 1533 5884 Taurincnsem
1571 5830 1727 5887 annis
1762 5830 2018 5902 interpel-

2127 4638 2335 4695 llilario
2360 4639 2467 4694 Leo
2501 4638 2607 4693 PP.
2630 4638 2775 4709 quod
2808 4639 2988 4692 minus
3017 4638 3199 4693 colere
3225 4636 3563 4705 majestatem
3592 4638 3704 4691 Ro-

2126 4750 2302 4789 manae
2332 4735 2477 4788 sedis
2498 4733 2798 4796 videretur,
2836 4731 3031 4786 acerbe
3076 4731 3129 4785 in
3182 4746 3306 4786 eum
3342 4733 3614 4788 invehitur
3644 4735 3702 4787 in

2124 4828 2353 4896 epistola
2385 4828 2452 4879 ad
2479 4825 2761 4896 episcopos
2782 4824 3110 4879 Viennensis
3145 4826 3441 4894 provincia:
3497 4828 3701 4894 scripta

2127 4937 2273 4974 anno
2299 4918 2426 4974 445.
2472 4918 2616 4971 Inter
2650 4927 2845 4971 cmtera
2899 4916 2973 4971 illi
3023 4917 3229 4983 objicit,
3267 4919 3412 4987 quod
3458 4918 3700 4987 projecto

2125 5013 2377 5082 episcopo
2407 5010 2622 5065 infirmo
2646 5019 2700 5064 et
2737 5009 3023 5073 nescienti,
3070 5007 3234 5062 alium
3264 5011 3703 5076 superposuisse:

2124 5106 2457 5173 episcopum,
2487 5102 2649 5169 idque
2678 5103 2730 5155 in
2757 5101 2933 5154 aliena
2968 5102 3261 5169 provincia,
3304 5102 3513 5157 scilicet
3542 5112 3699 5156 extra

2124 5196 2507 5251 Viennensem.
2564 5193 2703 5259 Quid
2758 5195 2859 5246 sibi
2913 5192 3155 5246 Hilarius
3209 5194 3398 5261 quierit
3434 5194 3491 5246 in
3519 5193 3698 5247 aliena

2124 5289 2423 5357 provincia,
2442 5285 2635 5355 inquit,
2664 5296 2709 5338 et
2740 5284 2794 5337 id
2818 5285 2957 5353 quod
2975 5285 3154 5337 nullus
3175 5285 3507 5338 decesserunt
3530 5286 3700 5351 ipsius

2123 5390 2244 5432 ante
2278 5376 2625 5430 Patroculnm
2653 5376 2866 5441 habuit,
2898 5390 2993 5427 cur
3022 5384 3265 5443 usurpat.
3298 5389 3417 5427 cum
3447 5384 3495 5426 et
3527 5376 3697 5441 ipsum

2122 5469 2261 5539 quod
2299 5466 2550 5520 Patroclo
2597 5483 2629 5518 α
2670 5469 2790 5519 sede
2837 5465 3128 5529 apostolica
3162 5465 3529 5533 temporaliter
3557 5465 3700 5518 eide-

2124 5564 2278 5616 batur
2305 5579 2416 5616 esse
2448 5575 2787 5621 concessum,
2836 5558 3169 5626 postmodum
3199 5559 3263 5609 sit
3306 5556 3521 5611 meliore
3569 5572 3697 5609 sen-

2125 5655 2288 5708 tentia
2320 5652 2625 5706 mutatum?
2659 5649 2864 5716 Quibus
2891 5648 3070 5702 verbis
3100 5648 3209 5703 Leo
3244 5649 3591 5719 apertissime
3618 5651 3700 5701 si-

2124 5745 2349 5816 gniticat
2373 5743 2550 5812 priora
2585 5740 2783 5795 Zosimi
2816 5742 3105 5807 rescripta.
3135 5749 3188 5791 et
3226 5740 3499 5807 pOsterius
3529 5739 3698 5793 Boni-

2126 5838 2246 5892 facii
2282 5840 2580 5902 decretum,
2624 5849 2733 5903 quo
2765 5841 3005 5903 potestas
3059 5832 3396 5889 Arelatensis
3454 5829 3700 5903 episcopi
