4054 6456
232 350 290 404 57
1162 343 1498 399 EPISTULA
1543 345 1632 399 AD
1673 345 2031 403 IIENRICUM
2075 345 2447 403 VALESIUM.
3382 354 3453 408 58

232 470 357 521 intra
383 465 577 521 limites
612 464 936 521 Viennensis
968 462 1258 535 provinciae
1299 471 1678 528 coercebatur,
1718 474 1776 517 ut
1803 476 1849 529 Α
1879 464 2080 530 clesiae,
2136 480 2256 534 qua:
2304 465 2436 519 vitio
2469 464 2707 534 episcopi
2734 468 2814 521 sui
2844 466 3036 523 IIilaril
3077 468 3302 538 antiquo
3328 467 3453 535 jure

228 557 460 626 superius
519 557 720 610 monui.
778 559 906 622 Qua:
956 568 1139 612 autem
1192 558 1543 626 exceptiones
1572 556 1773 626 objice-

228 658 399 702 rentur
429 650 681 701 adversus
731 644 931 703 Zosimi
987 648 1315 717 rescriptum
1341 689 1356 713 ,
1395 648 1446 701 in
1477 661 1543 700 eo
1592 648 1771 716 capite

228 743 356 810 quod
400 738 770 792 ordinationes
801 739 851 791 in
886 748 1117 807 utraque
1162 738 1498 792 Narbonensi
1525 736 1773 791 Patroclo

227 846 499 887 concessas
543 832 779 897 respicit.
835 830 974 883 idem
1034 830 1322 884 ntanifeste
1355 830 1532 892 docet,
1570 830 1613 884 si
1657 828 1771 895 ejus

227 926 373 976 verba
440 924 592 992 juxta
647 923 859 991 regulas
905 922 1043 989 juris
1093 922 1486 990 expendanlur.
1557 920 1773 975 Scilicet

231 1013 738 1083 obreptumZosimo
803 1030 897 1083 per
952 1014 1138 1067 falsam
1184 1014 1415 1067 Patrocli
1468 1014 1771 1083 suggestio-

223 1124 367 1168 nem,
395 1107 486 1176 qui
545 1107 809 1159 referebat
849 1106 914 1159 ad
974 1107 1416 1160 consuetudinem
1462 1114 1769 1171 vetustam,

222 1212 364 1265 quant
425 1198 538 1263 ipse
596 1198 801 1265 primus
848 1197 1138 1265 usurpabat
1200 1198 1481 1251 ordinandi
1537 1206 1775 1265 potesta-

228 1299 319 1342 lem
352 1288 400 1341 in
437 1288 710 1356 provincia
744 1287 1103 1342 Narbonensi.
1144 1290 1343 1344 Deinde
1394 1290 1675 1359 signiﬁcat,
1704 1290 1770 1343 ad

223 1395 466 1433 summum
536 1380 947 1448 praerogativam
983 1379 1130 1433 illam
1187 1395 1216 1433 a
1269 1379 1484 1435 Zosimo
1524 1383 1588 1435 ad
1635 1392 1771 1436 tem-

222 1482 308 1537 pus
337 1465 583 1519 Patroclo
634 1481 945 1522 concessam
982 1468 1203 1539 intelligi
1259 1469 1478 1525 debere.
1534 1472 1771 1541 Denique

225 1561 375 1613 utitur
408 1560 709 1627 posteriore
740 1560 1000 1614 Bonifacii
1031 1562 1269 1625 decreto,
1304 1566 1447 1631 quod
1491 1564 1647 1634 juxta
1679 1582 1772 1620 ca-

223 1666 400 1703 nonum
430 1651 827 1716 praescriptum,
856 1652 1202 1705 ambitiosum
1240 1653 1367 1707 illud
1406 1664 1457 1709 et
1492 1671 1589 1724 per
1619 1654 1773 1710 frau-

223 1741 325 1795 dem
352 1741 590 1795 elicitum
627 1741 827 1795 Zosimi
858 1745 1181 1811 rescriptum
1211 1783 1227 1809 ,
1279 1746 1413 1799 duas
1464 1748 1772 1815 provincias

1875 556 1926 610 in
1952 564 2269 625 perpetuum
2300 557 2498 625 privnri
2526 572 2632 610 non
2662 567 2891 628 poterat.
2929 560 3112 627 Itaque
3138 576 3247 614 rem
3279 569 3446 614 totam

1867 643 2020 712 juxta
2077 644 2297 698 concilii
2350 643 2703 701 Tauriuensis
2730 644 3015 701 consilium
3077 648 3259 702 datunt
3319 650 3447 702 olim

1873 736 2320 790 contemlentibns
2342 736 2862 790 duarumcivitattnn
2893 739 3176 805 episcopis,
3206 738 3286 792 sic
3312 749 3447 793 tem-

1874 830 2109 898 peravit,
2143 839 2204 882 ut
2236 829 2492 897 majorem
2549 839 2753 899 partem
2784 832 3077 899 provincia:
3129 828 3451 887 Viennensis

1872 921 2193 974 restitueret
2251 920 2557 973 Arelatensi
2615 920 2913 987 Ecclesiae;
2956 921 3085 975 solis
3110 933 3345 990 quatuor
3372 925 3450 977 cio

1876 1012 2135 1065 vitalibus
2167 1027 2330 1080 penes
2369 1008 2728 1066 Viennensem
2764 1013 3073 1081 episcopum
3108 1014 3313 1068 relictis
3335 1053 3349 1077 ,
3382 1030 3449 1068 ne

1875 1103 2131 1156 honorem
2166 1086 2617 1172 metrOpoliticnm
2647 1142 2661 1163 ,
2696 1118 2854 1170 quem
2894 1104 3125 1172 ipsemet
3153 1118 3448 1157 concesse-

1872 1202 1976 1259 rat,
2002 1193 2239 1246 adimere
2265 1209 2361 1259 per
2391 1193 2813 1246 inconstantiam
2851 1193 3211 1262 antinjutiatn
3238 1194 3451 1247 videre-

1873 1293 1993 1350 tur;
2025 1295 2098 1346 et,
2128 1292 2183 1335 ut
2210 1284 2320 1351 ipse
2354 1283 2606 1350 loquitur,
2642 1300 2709 1336 ne
2741 1284 3073 1347 Viennensis,
3102 1286 3186 1338 cui
3211 1294 3449 1355 potesta—

1875 1383 1980 1426 tem
2018 1373 2471 1441 metropoliticam
2511 1374 2716 1426 Ililario
2760 1374 2995 1427 ablatam
3038 1375 3396 1444 deputaverat
3427 1414 3444 1439 .

1871 1464 2149 1535 semetipso
2176 1464 2348 1531 factus
2377 1464 2640 1516 videretur
2664 1464 2901 1527 inferior.
2937 1462 3042 1517 Sed
3081 1473 3191 1515 tum
3247 1464 3313 1517 de
3369 1463 3445 1516 is-

1876 1554 1999 1606 tltac
2047 1555 2456 1619 controversia,
2517 1564 2626 1607 tum
2665 1554 2826 1607 ctiant
2885 1554 2949 1607 de
2986 1555 3241 1623 dignitate
3299 1552 3445 1607 civili

1870 1638 2195 1696 Viennensis
2219 1652 2271 1695 et
2292 1643 2623 1698 Arelatensis
2653 1644 2905 1707 civitatis,
2926 1654 3229 1697 accuratam
3263 1645 3444 1703 disce-

1873 1733 2164 1801 ptationem
2197 1732 2443 1785 dabimus
2486 1732 2537 1784 in
2570 1734 2803 1785 secunda
2846 1732 3085 1785 editione
3118 1730 3240 1784 libri
3272 1732 3442 1786 nostri

222 1832 299 1885 uni
331 1832 741 1899 metropolitano
767 1836 1071 1888 concedens
1091 1876 1106 1899 ,
1154 1837 1471 1891 resciderat.
1524 1837 1764 1895 Tandem

1870 1824 1945 1877 De
1977 1824 2314 1893 primatibus,
2337 1838 2498 1892 quam
2533 1826 2880 1878 adornamus.

221 1921 479 1991 praefracta
512 1922 703 1977 Hilarii
733 1925 1071 1981 Arelatensis
1101 1930 1441 1984 contumacia
1488 1929 1597 1984 Leo
1630 1948 1767 2001 papa

220 2029 514 2078 succensus,
552 2017 760 2084 absque
788 2019 1101 2087 cognitione
1147 2035 1327 2076 causa:
1357 2022 1617 2078 inauditis
1666 2026 1769 2080 illis

220 2119 426 2172 quorum
455 2106 748 2172 intererat,
779 2108 867 2177 jus
894 2124 1055 2163 omne
1098 2113 1553 2181 metropoliticnm
1604 2118 1766 2170 etiam

212 2194 264 2253 in
290 2196 555 2262 provincia
595 2198 886 2255 Viennensi
918 2204 1121 2257 ademit
1159 2197 1766 2277 episcopo'Arelatensi,

221 2283 435 2352 illudque
476 2284 771 2341 Viennensi
818 2291 1168 2359 adjudicavit,
1222 2310 1287 2349 ac
1335 2297 1378 2348 si
1436 2299 1501 2350 ad
1532 2314 1653 2351 eum
1700 2315 1766 2353 ex

215 2374 317 2442 jure
347 2377 521 2430 civilis
553 2381 912 2449 tnetropoleos
955 2382 1110 2451 juxta
1153 2400 1389 2441 canones
1423 2391 1718 2457 pertineret
1748 2432 1764 2457 ,

220 2466 649 2528 quemadmodutu
681 2471 993 2539 Simplicius
1028 2476 1080 2528 in
1122 2477 1354 2530 concilio
1384 2478 1702 2535 Taurinensi
1737 2501 1763 2535 a

219 2553 446 2608 Patribus
470 2556 603 2608 olint
645 2558 938 2624 impetrare
966 2570 1289 2616 tentaverat.
1326 2563 1478 2619 llanc
1517 2566 1766 2633 injuriatn

219 2643 497 2697 Arelatensi
538 2645 800 2701 Ecclesia:
853 2648 1059 2703 illatam
1088 2653 1349 2707 adversus
1385 2657 1768 2711 vetustissimae

217 2738 602 2791 consuetudinis
623 2740 679 2791 ὲν
704 2742 769 2811 τῇ
806 2742 1189 2815 πρωτοκληςίᾳ
1220 2744 1457 2799 fundatae
1496 2758 1548 2801 et
1572 2764 1598 2799 a
1628 2748 1765 2801 Tro-

218 2826 378 2895 phimo
403 2828 586 2882 ductae
631 2834 1029 2899 auctoritatem,
1066 2837 1304 2906 episcopi
1351 2839 1648 2907 provinciae
1682 2838 1768 2893 Vi-

218 2917 468 2981 ennensis,
500 2919 604 2972 hac
635 2921 876 2975 novitate
903 2925 1160 2990 perculsi,
1190 2942 1445 2981 amovere
1476 2941 1765 2998 curarunt,

218 3012 480 3061 occasione
505 3025 727 3080 arrepta
761 3029 825 3067 ex
866 3015 1015 3069 obitu
1070 3017 1256 3071 Hilarii
1285 3058 1300 3081 ,
1350 3030 1403 3072 et
1438 3024 1705 3075 electione
1736 3037 1766 3075 a

220 3116 268 3153 se
288 3102 414 3158 facta
438 3103 729 3170 Ravennii,
751 3107 849 3160 viri
888 3109 1194 3175 gravissimi
1223 3122 1277 3164 et
1304 3108 1469 3165 Leoni
1504 3116 1762 3182 pergrati.

218 3191 380 3264 Itaque
418 3196 603 3250 libello
633 3198 862 3265 supplici
896 3202 961 3251 ad
997 3199 1227 3254 Leonem
1264 3202 1393 3255 dato
1421 3243 1435 3265 ,
1496 3206 1763 3271 primatus

217 3288 532 3341 Arelatensis
574 3291 837 3358 originem
887 3303 1172 3346 arcessunt
1209 3308 1237 3346 a
1289 3294 1631 3364 'I‘r0pliitno:
1674 3298 1762 3365 qui

218 3381 393 3435 missus
419 3398 447 3434 a
480 3380 543 3433 Β.
579 3383 757 3449 Petro,
778 3384 983 3450 printus
1008 3386 1057 3438 in
1086 3384 1272 3440 Galliis
1304 3387 1518 3441 Arelate
1551 3390 1765 3459 episco-

219 3483 377 3540 patum
408 3476 646 3527 instituit
678 3493 691 3527 :
725 3476 876 3543 cujus
905 3479 1120 3544 quidem
1154 3481 1423 3547 printatvm
1464 3480 1766 3534 institutio-

220 3566 289 3617 nis
315 3567 446 3620 ratio
479 3567 660 3633 potior
689 3568 759 3621 sit
809 3569 1080 3634 habenda,
1120 3587 1282 3641 quant
1316 3572 1494 3627 civilis
1533 3574 1765 3644 diSpoai-

220 3660 378 3725 tionis,
402 3676 519 3728 qua:
557 3662 777 3714 Vienna:
826 3662 915 3731 jus
957 3665 1316 3732 metropoleus
1369 3667 1599 3734 politica:
1633 3668 1762 3721 olim

221 3750 483 3805 tribuerat.
512 3753 668 3820 Quod
720 3753 883 3807 telum
917 3769 980 3807 ex
1031 3756 1222 3810 ordine
1257 3758 1401 3811 civili
1452 3760 1673 3827 petitum
1709 3769 1766 3812 ιιι

220 3844 458 3910 repellant
490 3845 755 3912 episcopi,
789 3860 893 3899 non
926 3845 1173 3900 dubitant
1204 3848 1415 3901 civilem
1441 3863 1657 3917 queque
1683 3850 1766 3902 di-

219 3930 475 3995 gnitatem,
507 3946 615 4000 qua
648 3933 981 4001 temporibus
1031 3934 1136 3988 illis
1162 3933 1386 3989 ﬂorebat
1411 3937 1605 3991 civitas
1637 3940 1766 3994 Are-

220 4017 438 4088 latensis,
471 4023 639 4077 Leoni
668 4041 996 4095 proponere:
1026 4028 1077 4080 itt
1110 4044 1172 4083 ea
1200 4044 1390 4097 nempe
1416 4034 1597 4084 sedem
1630 4048 1766 4100 prte-

220 4112 412 4168 fecturze
442 4118 738 4171 Galliarum
759 4135 786 4170 a
818 4120 1035 4173 civitate
1068 4119 1413 4175 Trevirorum
1444 4140 1508 4178 eo
1531 4126 1763 4179 transla-

219 4209 309 4254 tam
342 4210 636 4261 consistere
670 4227 681 4262 :
726 4220 884 4277 atque
917 4212 1057 4264 adeo
1122 4214 1305 4266 urbem
1363 4214 1508 4268 illam
1543 4230 1763 4270 matrem

219 4299 426 4350 omnium
455 4300 753 4355 Galliarum
775 4318 912 4355 esse.
937 4303 1089 4368 Quod
1124 4306 1347 4371 dictum,
1379 4317 1435 4361 ιιι
1465 4323 1767 4377 opponatur

218 4384 434 4454 Viettnte,
460 4407 584 4460 qua:
612 4410 707 4460 pro
743 4406 913 4447 matre
940 4395 1263 4453 Viennensis
1300 4410 1502 4453 tantum
1542 4405 1763 4471 provin-

1940 1918 2206 1971 Caeterum
2245 1918 2358 1970 haec
2401 1914 2682 1983 Tropliimi
2736 1917 3039 1987 antiquitas
3085 1918 3442 1971 confirmatur

1869 2009 2099 2076 epistola
2126 2008 2376 2078 Cypriani
2406 2009 2472 2062 ad
2506 2008 2840 2077 Stephanum
2874 2025 3063 2079 papam
3085 2048 3100 2073 ,
3141 2024 3246 2079 qua
3307 2011 3443 2078 petit

1869 2106 1928 2151 ut
1957 2100 2024 2152 ab
2074 2112 2138 2152 eo
2184 2099 2495 2152 scribantur
2532 2098 2726 2153 litterae
2756 2101 2806 2153 in
2836 2099 3177 2153 Provinciam
3235 2100 3322 2169 (id
3358 2111 3442 2153 est

1870 2188 2277 2243 Narbonensem
2321 2188 2572 2253 solidam,
2607 2204 2763 2256 quam
2804 2191 2971 2243 veteri
3018 2190 3315 2244 Provincia:
3344 2206 3442 2242 tto-

1869 2281 2014 2334 tnine
2047 2282 2354 2351 nuncupat)
2403 2282 2598 2348 quibus
2646 2280 2922 2335 Marciano
2953 2283 3205 2351 episi-opo
3260 2284 3444 2335 Arela-

1872 2374 2008 2427 tensi
2076 2373 2348 2433 abstenlo,
2380 2374 2519 2426 alitis
2566 2373 2618 2425 in
2655 2374 2770 2441 ejus
2806 2374 2983 2426 locum
3036 2377 3437 2436 snbstituatur;

1868 2465 2121 2533 quoniam
2160 2463 2356 2532 spretis
2391 2464 2723 2533 collegarum
2762 2465 3001 2530 monitis,
3042 2462 3322 2518 Novatiani
3348 2482 3440 2519 er-

1868 2555 2089 2611 roribus
2121 2556 2480 2624 pervicaciter
2507 2555 2835 2609 adhaerebat.
2864 2554 3154 2609 Necessum
3199 2572 3325 2610 vero
3356 2566 3439 2611 est

1869 2646 2006 2700 hanc
2036 2646 2293 2717 Cypriani
2348 2646 2629 2717 epistolam
2662 2650 2923 2718 scriptam
2964 2663 3084 2704 esse
3115 2651 3268 2705 initio
3296 2653 3441 2705 sedis

1869 2736 2154 2806 Stephani,
2186 2740 2403 2810 quando
2439 2743 2574 2796 duos
2606 2744 2747 2796 inter
2779 2741 2896 2795 illos
2918 2743 3200 2811 pontiﬁces
3228 2743 3441 2797 dissen-

1867 2828 1949 2882 sio
1982 2832 2220 2884 nondum
2254 2832 2359 2886 ulla
2397 2835 2800 2888 intercesserat.
2845 2833 3059 2887 Iuitintn
3098 2844 3275 2887 autem
3308 2833 3437 2887 illud

1869 2919 2129 2989 Stephani
2166 2940 2285 2977 cum
2315 2926 2476 2979 cadat
2508 2925 2559 2978 iii
2606 2940 2809 2978 annum
2843 2924 2971 2991 256,
3006 2925 3251 2994 sequitur
3295 2923 3439 2978 Mar-

1867 3013 2013 3067 eiaui
2049 3014 2269 3068 exordia
2314 3016 2640 3070 antecedere
2689 3016 2835 3070 Decii
2890 3017 3254 3069 consulatum.
3288 3016 3438 3072 Unde

1869 3106 2174 3160 rectissime
2213 3107 2517 3175 colligitur,
2550 3109 2859 3161 tttissior.etn
2888 3108 3167 3178 Tropltiuii
3193 3112 3243 3161 in
3278 3121 3428 3162 aute-

1870 3197 2007 3249 riora
2030 3200 2472 3265 promoveudattt,
2496 3201 2665 3251 invito
2685 3200 2809 3252 licet
2828 3198 3091 3266 Gregorio
3111 3199 3436 3269 Turonensi,

1868 3289 2077 3344 scilicet
2103 3291 2169 3344 ad
2196 3290 2341 3344 Petri
2393 3301 2629 3352 aetatem,
2660 3291 2815 3362 juxta
2858 3292 3021 3344 libelli
3054 3294 3435 3361 episcoporum

1866 3383 2158 3449 provinciae
2200 3383 2524 3439 Viennensis
2558 3386 2924 3438 testationem.
2958 3385 3081 3437 Sola
3114 3386 3231 3438 falsi
3258 3389 3439 3455 suspi-

1866 3471 2022 3526 cione
2056 3473 2196 3526 ultro
2224 3476 2529 3542 excogitata
2567 3483 2675 3527 tttttt
2727 3476 2990 3529 adversus
3016 3475 3272 3545 Cypriani
3323 3480 3439 3546 epi-

1867 3566 2083 3629 stolam,
2116 3577 2224 3619 tttnt
2253 3568 2512 3620 adversus
2536 3567 2736 3623 Zosimi
2780 3572 3044 3638 rescripta
3075 3583 3126 3623 et
3154 3574 3439 3639 eplS(‘0pti-

1869 3673 1986 3709 runt
2018 3657 2275 3722 libellum,
2302 3659 2492 3712 nollent
2518 3676 2544 3711 a
2574 3660 2873 3715 manifestis
2897 3662 3000 3716 illis
3028 3665 3437 3731 probationibus

1866 3763 1925 3802 se
1957 3749 2247 3804 liberarent
2281 3749 2527 3820 Gregorii
2559 3749 2818 3806 fautores.
2853 3754 3105 3807 Admissa
3132 3757 3329 3825 quippe
3353 3773 3439 3810 Se-

1866 3840 1972 3894 mel
2016 3843 2116 3895 ltac
2171 3843 2528 3909 respondendi
2566 3854 2621 3897 et
2657 3846 3042 3913 przescribendi
3081 3851 3307 3911 ratione,
3343 3851 3439 3903 ad-

1866 3947 2054 3985 versus
2085 3933 2282 4002 scripta
2302 3949 2422 4003 quae
2450 3935 2577 3988 stilo
2608 3945 2663 3990 et
2696 3948 3026 3991 vetustorum
3052 3941 3296 3993 codicum
3318 3942 3434 3995 edi-

1868 4023 2179 4091 tionutnque
2222 4026 2345 4086 fide,
2400 4036 2755 4096 veterumque
2785 4037 3073 4081 auctorum
3123 4032 3435 4083 testimoziio

1868 4114 2208 4177 muniuntur,
2241 4115 2386 4168 cadit
2425 4118 2600 4170 omnis
2629 4118 2695 4170 de
2725 4119 3115 4186 qurestionibus
3152 4120 3434 4176 litterariis

1867 4208 2169 4261 disserendi
2199 4209 2534 4277 ingeniorum
2569 4210 2873 4266 delectatio.
2904 4212 3119 4265 Interim
3172 4215 3432 4267 omitten-

1868 4302 1993 4353 dum
2029 4318 2130 4355 non
2168 4311 2249 4356 est
2282 4315 2546 4355 assertum
2597 4304 2876 4373 Cypriatto
2904 4304 3183 4369 epistolam
3208 4322 3236 4357 a
3272 4304 3332 4359 V.
3371 4307 3432 4360 C.

1870 4389 2105 4458 Rigaltio
2142 4392 2193 4443 iit
2229 4390 2374 4444 n0tis
2400 4392 2466 4444 ad
2492 4394 2844 4461 Cyprianum,
2878 4394 3057 4446 discus
3093 4394 3138 4448 is
3174 4395 3291 4447 falsi
3343 4411 3434 4448 ar-

219 4479 302 4529 cis:
352 4494 407 4531 se
460 4483 705 4549 gerebat.
763 4484 985 4537 Addunt,
1036 4488 1197 4538 etiam
1233 4502 1246 4539 ;
1281 4486 1590 4557 Quicunque
1621 4491 1762 4544 ίηινη
1797 4509 1840 4562 D
1868 4484 2138 4549 gnmentis
2165 4497 2193 4534 a
2220 4483 2338 4535 viro
2376 4484 2693 4538 doctissimo
2725 4485 2920 4538 allatis.
2951 4485 3183 4553 Operam
3216 4502 3433 4557 quopte

220 4562 419 4630 Callias,
452 4571 662 4623 Scilicet
684 4571 798 4637 jam
836 4573 957 4628 inde
999 4590 1027 4626 a
1064 4577 1421 4631 Constantino
1448 4580 1679 4635 Maximo
1709 4592 1762 4636 et

225 4655 597 4722 Valentiniano,
634 4670 896 4717 ostentare
930 4667 1090 4719 voluit
1119 4668 1352 4737 insignia
1378 4672 1675 4739 dignitatis,
1706 4675 1761 4726 in

220 4742 302 4797 hac
322 4754 440 4803 urbe
469 4752 801 4805 consulatum
828 4759 1110 4822 accepisse,
1153 4772 1199 4812 et
1246 4762 1450 4815 dedisse
1478 4778 1496 4816 :
1534 4764 1633 4818 hoc
1680 4777 1763 4817 est

221 4842 531 4896 consulatum
557 4844 891 4899 circensibus
908 4847 1289 4915 celt'bravlsse,
1312 4855 1759 4919 quemadmodum

220 4933 409 4999 egregie
444 4934 585 4988 hunc
621 4936 793 4990 locum
834 4938 1219 5008 interpretatur
1245 4942 1328 4995 vir
1352 4945 1757 5000 eruditissimus

220 5019 462 5078 Adrianus
508 5024 772 5092 Valesitts,
819 5029 1122 5084 litterarum
1152 5043 1204 5086 et
1237 5036 1513 5104 sanguinis
1546 5052 1762 5105 germa-

222 5111 367 5165 nitate
400 5114 565 5170 frater
606 5129 750 5181 tuus,
787 5136 819 5173 o
866 5121 996 5173 mihi
1046 5124 1369 5180 cltarissime
1402 5127 1632 5182 llenrlce
1657 5128 1762 5181 Va-

221 5195 319 5263 lesi,
347 5205 396 5257 iit
421 5205 554 5261 libro
587 5225 680 5263 viti
719 5208 912 5263 Rerum
949 5211 1352 5278 Francicarum,
1386 5236 1524 5286 quas
1556 5222 1760 5274 doctis-

223 5288 355 5343 simis
381 5297 524 5349 Cttl‘is
555 5310 607 5352 et
636 5300 834 5365 ingenii
893 5302 974 5356 sui
1022 5305 1244 5358 solertia
1304 5307 1617 5363 illustravit.
1655 5311 1761 5364 Ex-

224 5383 379 5442 pensls
430 5391 638 5442 tandem
690 5393 963 5446 rationum
1017 5397 1303 5452 momentis
1335 5437 1351 5462 ,
1404 5414 1524 5468 quae
1581 5401 1761 5455 libello

223 5474 567 5545 t‘t'iscopornm
599 5483 1018 5539 Provincialium
1069 5489 1509 5556 continebantur,
1561 5496 1759 5550 auditis

226 5577 411 5633 quoque
437 5570 839 5641 allegationibus
865 5576 1102 5645 episcopi
1131 5580 1470 5649 Viennensis,
1497 5582 1603 5638 Leo
1620 5602 1758 5654 papa

226 5655 457 5728 privilegii
490 5665 827 5722 Arelatensis
860 5669 1122 5724 rationem
1160 5671 1464 5727 habendam
1501 5678 1706 5730 censuit
1742 5717 1757 5740 ο

230 5748 691 5826 restituendamque
718 5761 1167 5830 metropoliticant
1198 5764 1509 5837 dignitatem
1549 5770 1620 5823 illi
1660 5769 1759 5826 Ec-

1867 4590 1972 4625 nott
2032 4573 2401 4643 indiligentem
2451 4576 2630 4644 posuit
2693 4578 2771 4630 vir
2804 4578 2964 4647 plane
3004 4580 3245 4634 eruditus
3281 4580 3433 4647 llugo

1863 4660 2150 4715 Mettardtts
2187 4666 2237 4715 itt
2276 4664 2586 4717 rel'ellcttdis
2637 4669 2966 4733 argumentis
3021 4668 3279 4723 adversus
3330 4669 3434 4738 Cy-

1864 4754 2039 4822 priani
2079 4756 2387 4823 epistolam,
2419 4766 2473 4809 et
2524 4759 2726 4812 Zosimi
2775 4759 3061 4828 rescripta,
3099 4770 3261 4829 atque
3289 4761 3435 4819 libel-

1865 4843 1972 4896 lum
2001 4846 2293 4913 supplicent
2330 4847 2597 4900 adductis.

1934 4935 2063 5001 Quze
2102 4938 2428 5001 testimonia,
2482 4939 2605 4992 licet
2640 4940 2705 4992 ad
2736 4940 3113 4995 vindicandam
3149 4944 3430 4997 veritatem

1863 5028 2154 5093 sulliciant,
2193 5044 2296 5081 non
2330 5029 2562 5082 alienum
2606 5032 2707 5084 erit
2743 5036 2811 5086 ad
2864 5036 3167 5090 traditiOnis
3199 5038 3435 5108 antiquae

1863 5127 2060 5180 seriem
2108 5127 2600 5193 con'tprohaudam,
2642 5130 2884 5184 Adonem
2937 5131 3295 5189 Viennensem
3329 5147 3435 5193 tes-

1865 5230 1969 5275 tettt
1998 5216 2217 5272 laudare
2242 5233 2256 5281 ;
2297 5217 2449 5284 cujus
2473 5220 2584 5273 haec
2616 5231 2742 5274 sunt
2772 5226 2931 5275 verba
2968 5225 3017 5277 in
3046 5224 3435 5299 Martyrologio

1866 5326 1914 5363 tv
1950 5309 2079 5364 Kal.
2128 5308 2423 5362 Januarii:
2478 5312 2630 5380 Apud
2678 5312 2967 5378 Arelatem,
3018 5320 3209 5371 natalis
3259 5322 3431 5373 sancti

1865 5402 2134 5471 Traphimi
2163 5404 2394 5470 episcom'
2416 5414 2463 5457 et
2486 5406 2824 5475 confessoris,
2875 5410 3123 5475 discipuli
3167 5412 3434 5470 apostolo-

1863 5512 1979 5547 rum
2019 5492 2160 5547 Petri
2186 5507 2233 5547 et
2280 5493 2463 5552 Pauli.
2514 5496 2658 5552 ldetn
2695 5502 2915 5555 uberius
2944 5502 2994 5554 in
3031 5503 3211 5556 libello
3253 5504 3319 5556 de
3356 5503 3437 5555 l'c-

1862 5587 2197 5642 stivitatibus
2226 5589 2616 5657 apostolorum.
2653 5589 2869 5647 Natalis
2918 5596 3086 5647 sancti
3120 5594 3389 5661 Troiiltimi
3414 5636 3430 5661 ,

1862 5680 2045 5748 dequo
2075 5681 2252 5732 scribit
2295 5681 2578 5749 Apostolus
2627 5685 2695 5736 ad
2750 5684 3075 5739 Timotheum
3102 5700 3121 5738 .'
3153 5705 3171 5739 ι
3210 5682 3432 5758 ΤνορΙιὶο

1863 5788 2002 5824 mum
2026 5785 2199 5825 (uitem
2242 5773 2425 5831 retinui
2455 5774 2721 5839 inﬁrmum
2753 5774 2950 5831 Mileti.
2985 5797 3004 5830 ι
3051 5778 3150 5832 llic
3202 5780 3266 5834 ab
3304 5798 3432 5849 apo-
