  <div class='ocr_page' id='page_1' title='image "/cluster/home/n/w/nwhite01/storage/ocr_20150623/20/hvd.32044073501181/033.png"; bbox 0 0 4054 6456; ppageno 0'>
   <div class='ocr_carea' id='block_1_1' title="bbox 530 370 602 426">
    <p class='ocr_par' dir='ltr' id='par_1_1' title="bbox 530 370 602 426">
     <span class='ocr_line' id='line_1_1' title="bbox 530 370 602 426; baseline -0.028 0"><span class='ocrx_word' id='word_1_1' title='bbox 530 370 602 426; x_wconf 75' lang='lat'><strong>39</strong></span> 
     </span>
    </p>
   </div>
   <div class='ocr_carea' id='block_1_2' title="bbox 1845 364 2453 426">
    <p class='ocr_par' dir='ltr' id='par_1_2' title="bbox 1845 364 2453 426">
     <span class='ocr_line' id='line_1_2' title="bbox 1845 364 2453 426; baseline -0.013 -1"><span class='ocrx_word' id='word_1_2' title='bbox 1845 367 2051 425; x_wconf 71' lang='lat' dir='ltr'><strong>PETRI</strong></span> <span class='ocrx_word' id='word_1_3' title='bbox 2092 368 2180 426; x_wconf 87' lang='lat' dir='ltr'><strong>DE</strong></span> <span class='ocrx_word' id='word_1_4' title='bbox 2218 364 2453 423; x_wconf 62' lang='lat' dir='ltr'><strong>MARCA</strong></span> 
     </span>
    </p>
   </div>
   <div class='ocr_carea' id='block_1_3' title="bbox 3718 363 3789 417">
    <p class='ocr_par' dir='ltr' id='par_1_3' title="bbox 3718 363 3789 417">
     <span class='ocr_line' id='line_1_3' title="bbox 3718 363 3789 417; baseline 0.014 -1"><span class='ocrx_word' id='word_1_5' title='bbox 3718 363 3789 417; x_wconf 80' lang='grc' dir='ltr'><strong>ιο</strong></span> 
     </span>
    </p>
   </div>
   <div class='ocr_carea' id='block_1_4' title="bbox 529 479 3787 558">
    <p class='ocr_par' dir='ltr' id='par_1_4' title="bbox 529 479 3787 558">
     <span class='ocr_line' id='line_1_4' title="bbox 529 479 3787 558; baseline -0.004 -10"><span class='ocrx_word' id='word_1_6' title='bbox 529 491 680 548; x_wconf 88' lang='lat' dir='ltr'><strong>stolis</strong></span> <span class='ocrx_word' id='word_1_7' title='bbox 715 489 897 544; x_wconf 78' lang='lat' dir='ltr'><strong>Roma-</strong></span> <span class='ocrx_word' id='word_1_8' title='bbox 927 488 1201 542; x_wconf 85' lang='lat' dir='ltr'><strong>ordinatus</strong></span> <span class='ocrx_word' id='word_1_9' title='bbox 1230 490 1523 556; x_wconf 84' lang='lat' dir='ltr'><strong>episcopus,</strong></span> <span class='ocrx_word' id='word_1_10' title='bbox 1566 488 1767 555; x_wconf 86' lang='lat' dir='ltr'><strong>primus</strong></span> <span class='ocrx_word' id='word_1_11' title='bbox 1803 489 1876 543; x_wconf 87' lang='lat' dir='ltr'><strong>ad</strong></span> <span class='ocrx_word' id='word_1_12' title='bbox 1930 488 2120 543; x_wconf 83' lang='lat' dir='ltr'><strong>Arela-</strong></span> <span class='ocrx_word' id='word_1_13' title='bbox 2147 493 2194 550; x_wconf 68' lang='grc' dir='ltr'>Α</span> <span class='ocrx_word' id='word_1_14' title='bbox 2224 504 2346 541; x_wconf 91' lang='lat' dir='ltr'><strong>eum</strong></span> <span class='ocrx_word' id='word_1_15' title='bbox 2381 479 2550 541; x_wconf 87' lang='lat' dir='ltr'><strong>Paulo</strong></span> <span class='ocrx_word' id='word_1_16' title='bbox 2581 488 2907 558; x_wconf 71' lang='lat' dir='ltr'><strong>proconsule</strong></span> <span class='ocrx_word' id='word_1_17' title='bbox 2958 488 3172 552; x_wconf 81' lang='lat' dir='ltr'><strong>miscet,</strong></span> <span class='ocrx_word' id='word_1_18' title='bbox 3226 486 3586 553; x_wconf 81' lang='lat' dir='ltr'><strong>eamdemque</strong></span> <span class='ocrx_word' id='word_1_19' title='bbox 3632 483 3787 544; x_wconf 76' lang='lat' dir='ltr'><strong>facit.</strong></span> 
     </span>
    </p>
   </div>
   <div class='ocr_carea' id='block_1_5' title="bbox 529 577 2111 649">
    <p class='ocr_par' dir='ltr' id='par_1_5' title="bbox 529 577 2111 649">
     <span class='ocr_line' id='line_1_5' title="bbox 529 577 2111 649; baseline -0.004 -10"><span class='ocrx_word' id='word_1_20' title='bbox 529 594 630 639; x_wconf 88' lang='lat' dir='ltr'><strong>tem</strong></span> <span class='ocrx_word' id='word_1_21' title='bbox 655 583 834 637; x_wconf 88' lang='lat' dir='ltr'><strong>urbem</strong></span> <span class='ocrx_word' id='word_1_22' title='bbox 856 577 1050 635; x_wconf 74' lang='lat' dir='ltr'><strong>Gallia:</strong></span> <span class='ocrx_word' id='word_1_23' title='bbox 1076 581 1140 634; x_wconf 85' lang='lat' dir='ltr'><strong>ob</strong></span> <span class='ocrx_word' id='word_1_24' title='bbox 1191 579 1389 634; x_wconf 77' lang='lat' dir='ltr'><strong>Christi</strong></span> <span class='ocrx_word' id='word_1_25' title='bbox 1433 578 1779 649; x_wconf 80' lang='lat' dir='ltr'><strong>Ecangelium</strong></span> <span class='ocrx_word' id='word_1_26' title='bbox 1814 581 2111 649; x_wconf 61' lang='lat' dir='ltr'><strong>pradican-</strong></span> 
     </span>
    </p>
   </div>
   <div class='ocr_carea' id='block_1_6' title="bbox 530 669 2109 739">
    <p class='ocr_par' dir='ltr' id='par_1_6' title="bbox 530 669 2109 739">
     <span class='ocr_line' id='line_1_6' title="bbox 530 669 2109 739; baseline -0.001 -12"><span class='ocrx_word' id='word_1_27' title='bbox 530 678 656 727; x_wconf 87' lang='lat' dir='ltr'><strong>dum</strong></span> <span class='ocrx_word' id='word_1_28' title='bbox 690 674 921 726; x_wconf 87' lang='lat' dir='ltr'><strong>directus</strong></span> <span class='ocrx_word' id='word_1_29' title='bbox 959 679 1080 725; x_wconf 86' lang='lat' dir='ltr'><strong>est:</strong></span> <span class='ocrx_word' id='word_1_30' title='bbox 1138 685 1204 724; x_wconf 79' lang='lat' dir='ltr'><strong>e1:</strong></span> <span class='ocrx_word' id='word_1_31' title='bbox 1238 671 1390 739; x_wconf 87' lang='lat' dir='ltr'><strong>cujus</strong></span> <span class='ocrx_word' id='word_1_32' title='bbox 1448 669 1611 739; x_wconf 83' lang='lat' dir='ltr'><strong>fonte,</strong></span> <span class='ocrx_word' id='word_1_33' title='bbox 1663 680 1718 723; x_wconf 89' lang='lat' dir='ltr'><strong>ut</strong></span> <span class='ocrx_word' id='word_1_34' title='bbox 1754 672 1933 725; x_wconf 83' lang='lat' dir='ltr'><strong>beatus</strong></span> <span class='ocrx_word' id='word_1_35' title='bbox 1969 688 2109 738; x_wconf 85' lang='lat' dir='ltr'><strong>papa</strong></span> 
     </span>
    </p>
   </div>
   <div class='ocr_carea' id='block_1_7' title="bbox 527 756 2109 829">
    <p class='ocr_par' dir='ltr' id='par_1_7' title="bbox 527 756 2109 829">
     <span class='ocr_line' id='line_1_7' title="bbox 527 756 2109 829; baseline -0.003 -10"><span class='ocrx_word' id='word_1_36' title='bbox 527 761 774 819; x_wconf 79' lang='lat' dir='ltr'><strong>Zosimus</strong></span> <span class='ocrx_word' id='word_1_37' title='bbox 807 761 1006 821; x_wconf 83' lang='lat' dir='ltr'><strong>scribit,</strong></span> <span class='ocrx_word' id='word_1_38' title='bbox 1032 767 1158 813; x_wconf 69' lang='lat' dir='ltr'><strong>tota:</strong></span> <span class='ocrx_word' id='word_1_39' title='bbox 1184 756 1373 813; x_wconf 80' lang='lat' dir='ltr'><strong>Callia:</strong></span> <span class='ocrx_word' id='word_1_40' title='bbox 1397 758 1522 827; x_wconf 78' lang='lat' dir='ltr'><strong>ﬁdei</strong></span> <span class='ocrx_word' id='word_1_41' title='bbox 1574 761 1714 813; x_wconf 86' lang='lat' dir='ltr'><strong>rivos</strong></span> <span class='ocrx_word' id='word_1_42' title='bbox 1740 770 2054 829; x_wconf 88' lang='lat' dir='ltr'><strong>acceperunt</strong></span> <span class='ocrx_word' id='word_1_43' title='bbox 2089 775 2109 815; x_wconf 89' lang='lat'><strong><em>:</em></strong></span> 
     </span>
    </p>
   </div>
   <div class='ocr_carea' id='block_1_8' title="bbox 528 851 1758 926">
    <p class='ocr_par' dir='ltr' id='par_1_8' title="bbox 528 851 1758 926">
     <span class='ocr_line' id='line_1_8' title="bbox 528 851 1758 926; baseline -0.002 -19"><span class='ocrx_word' id='word_1_44' title='bbox 528 856 620 926; x_wconf 88' lang='lat' dir='ltr'><strong>qui</strong></span> <span class='ocrx_word' id='word_1_45' title='bbox 647 854 787 920; x_wconf 88' lang='lat' dir='ltr'><strong>apud</strong></span> <span class='ocrx_word' id='word_1_46' title='bbox 816 852 1050 905; x_wconf 85' lang='lat' dir='ltr'><strong>eamdem</strong></span> <span class='ocrx_word' id='word_1_47' title='bbox 1083 852 1261 903; x_wconf 81' lang='lat' dir='ltr'><strong><em>urbem</em></strong></span> <span class='ocrx_word' id='word_1_48' title='bbox 1301 851 1357 903; x_wconf 90' lang='lat' dir='ltr'><strong>in</strong></span> <span class='ocrx_word' id='word_1_49' title='bbox 1388 866 1514 920; x_wconf 84' lang='lat' dir='ltr'><strong><em>pace</em></strong></span> <span class='ocrx_word' id='word_1_50' title='bbox 1540 852 1758 921; x_wconf 77' lang='lat' dir='ltr'><strong>quievit.</strong></span> 
     </span>
    </p>
   </div>
   <div class='ocr_carea' id='block_1_9' title="bbox 601 937 2108 1011">
    <p class='ocr_par' dir='ltr' id='par_1_9' title="bbox 601 937 2108 1011">
     <span class='ocr_line' id='line_1_9' title="bbox 601 937 2108 1011; baseline -0.003 -14"><span class='ocrx_word' id='word_1_51' title='bbox 601 944 801 997; x_wconf 74' lang='lat' dir='ltr'><strong>Errare</strong></span> <span class='ocrx_word' id='word_1_52' title='bbox 833 939 1081 1011; x_wconf 75' lang='lat' dir='ltr'><strong>Gregorii</strong></span> <span class='ocrx_word' id='word_1_53' title='bbox 1116 939 1455 994; x_wconf 89' lang='lat' dir='ltr'><strong>Turonensis</strong></span> <span class='ocrx_word' id='word_1_54' title='bbox 1486 939 1537 993; x_wconf 92' lang='lat' dir='ltr'><strong>in</strong></span> <span class='ocrx_word' id='word_1_55' title='bbox 1574 938 1943 1009; x_wconf 82' lang='lat' dir='ltr'><strong>consignanda</strong></span> <span class='ocrx_word' id='word_1_56' title='bbox 1971 937 2108 994; x_wconf 84' lang='lat' dir='ltr'><strong>Tro-</strong></span> 
     </span>
    </p>
   </div>
   <div class='ocr_carea' id='block_1_10' title="bbox 530 1030 2112 1106">
    <p class='ocr_par' dir='ltr' id='par_1_10' title="bbox 530 1030 2112 1106">
     <span class='ocr_line' id='line_1_10' title="bbox 530 1030 2112 1106; baseline -0.003 -16"><span class='ocrx_word' id='word_1_57' title='bbox 530 1036 698 1106; x_wconf 89' lang='lat' dir='ltr'><strong>pbimi</strong></span> <span class='ocrx_word' id='word_1_58' title='bbox 736 1036 942 1103; x_wconf 89' lang='lat' dir='ltr'><strong>epocha</strong></span> <span class='ocrx_word' id='word_1_59' title='bbox 994 1032 1307 1100; x_wconf 88' lang='lat' dir='ltr'><strong>dispuncto,</strong></span> <span class='ocrx_word' id='word_1_60' title='bbox 1340 1044 1398 1084; x_wconf 89' lang='lat' dir='ltr'><strong>re</strong></span> <span class='ocrx_word' id='word_1_61' title='bbox 1432 1030 1859 1100; x_wconf 89' lang='lat' dir='ltr'><strong>impetrahiliore</strong></span> <span class='ocrx_word' id='word_1_62' title='bbox 1890 1041 2112 1085; x_wconf 91' lang='lat' dir='ltr'><strong>utemur</strong></span> 
     </span>
    </p>
   </div>
   <div class='ocr_carea' id='block_1_11' title="bbox 531 1120 2110 1195">
    <p class='ocr_par' dir='ltr' id='par_1_11' title="bbox 531 1120 2110 1195">
     <span class='ocr_line' id='line_1_11' title="bbox 531 1120 2110 1195; baseline -0.005 -14"><span class='ocrx_word' id='word_1_63' title='bbox 531 1127 584 1181; x_wconf 91' lang='lat' dir='ltr'><strong>in</strong></span> <span class='ocrx_word' id='word_1_64' title='bbox 621 1124 899 1195; x_wconf 87' lang='lat' dir='ltr'><strong>probanda</strong></span> <span class='ocrx_word' id='word_1_65' title='bbox 929 1122 1126 1176; x_wconf 86' lang='lat' dir='ltr'><strong>similis</strong></span> <span class='ocrx_word' id='word_1_66' title='bbox 1151 1121 1396 1189; x_wconf 85' lang='lat' dir='ltr'><strong>ejusdem</strong></span> <span class='ocrx_word' id='word_1_67' title='bbox 1439 1121 1681 1174; x_wconf 91' lang='lat' dir='ltr'><strong>auctoris</strong></span> <span class='ocrx_word' id='word_1_68' title='bbox 1733 1120 2110 1175; x_wconf 86' lang='lat' dir='ltr'><strong>hallucinatio-</strong></span> 
     </span>
    </p>
   </div>
   <div class='ocr_carea' id='block_1_12' title="bbox 530 1210 2108 1272">
    <p class='ocr_par' dir='ltr' id='par_1_12' title="bbox 530 1210 2108 1272">
     <span class='ocr_line' id='line_1_12' title="bbox 530 1210 2108 1272; baseline -0.003 0"><span class='ocrx_word' id='word_1_69' title='bbox 530 1219 616 1272; x_wconf 88' lang='lat' dir='ltr'><strong>nis</strong></span> <span class='ocrx_word' id='word_1_70' title='bbox 657 1216 1048 1271; x_wconf 80' lang='lat' dir='ltr'><strong>confutatione.</strong></span> <span class='ocrx_word' id='word_1_71' title='bbox 1101 1212 1328 1267; x_wconf 88' lang='lat' dir='ltr'><strong>Paulum</strong></span> <span class='ocrx_word' id='word_1_72' title='bbox 1384 1210 1795 1267; x_wconf 77' lang='lat' dir='ltr'><strong>Narbonensem</strong></span> <span class='ocrx_word' id='word_1_73' title='bbox 1848 1214 1913 1266; x_wconf 89' lang='lat' dir='ltr'><strong>ad</strong></span> <span class='ocrx_word' id='word_1_74' title='bbox 1965 1213 2108 1268; x_wconf 87' lang='lat' dir='ltr'><strong>Decii</strong></span> 
     </span>
    </p>
   </div>
   <div class='ocr_carea' id='block_1_13' title="bbox 528 1304 2107 1379">
    <p class='ocr_par' dir='ltr' id='par_1_13' title="bbox 528 1304 2107 1379">
     <span class='ocr_line' id='line_1_13' title="bbox 528 1304 2107 1379; baseline -0.001 -16"><span class='ocrx_word' id='word_1_75' title='bbox 528 1320 772 1379; x_wconf 88' lang='lat' dir='ltr'><strong>tempora</strong></span> <span class='ocrx_word' id='word_1_76' title='bbox 794 1306 1094 1377; x_wconf 85' lang='lat' dir='ltr'><strong>Gregorius</strong></span> <span class='ocrx_word' id='word_1_77' title='bbox 1127 1305 1338 1374; x_wconf 87' lang='lat' dir='ltr'><strong>dejicit.</strong></span> <span class='ocrx_word' id='word_1_78' title='bbox 1370 1304 1469 1360; x_wconf 89' lang='lat' dir='ltr'><strong>Cui</strong></span> <span class='ocrx_word' id='word_1_79' title='bbox 1506 1320 1841 1375; x_wconf 89' lang='lat' dir='ltr'><strong>opponemus</strong></span> <span class='ocrx_word' id='word_1_80' title='bbox 1865 1306 2107 1376; x_wconf 87' lang='lat' dir='ltr'><strong>locuple-</strong></span> 
     </span>
    </p>
   </div>
   <div class='ocr_carea' id='block_1_14' title="bbox 528 1395 2107 1467">
    <p class='ocr_par' dir='ltr' id='par_1_14' title="bbox 528 1395 2107 1467">
     <span class='ocr_line' id='line_1_14' title="bbox 528 1395 2107 1467; baseline -0.001 -12"><span class='ocrx_word' id='word_1_81' title='bbox 528 1402 800 1455; x_wconf 87' lang='lat' dir='ltr'><strong>tissimum</strong></span> <span class='ocrx_word' id='word_1_82' title='bbox 832 1397 1200 1453; x_wconf 87' lang='lat' dir='ltr'><strong>testimonium</strong></span> <span class='ocrx_word' id='word_1_83' title='bbox 1249 1397 1607 1451; x_wconf 88' lang='lat' dir='ltr'><strong>vetustissimi</strong></span> <span class='ocrx_word' id='word_1_84' title='bbox 1654 1395 2020 1467; x_wconf 79' lang='lat' dir='ltr'><strong>Martyrologii</strong></span> <span class='ocrx_word' id='word_1_85' title='bbox 2075 1411 2107 1453; x_wconf 90' lang='lat' dir='ltr'><strong>a</strong></span> 
     </span>
    </p>
   </div>
   <div class='ocr_carea' id='block_1_15' title="bbox 528 1485 2107 1562">
    <p class='ocr_par' dir='ltr' id='par_1_15' title="bbox 528 1485 2107 1562">
     <span class='ocr_line' id='line_1_15' title="bbox 528 1485 2107 1562; baseline -0.004 -15"><span class='ocrx_word' id='word_1_86' title='bbox 528 1491 835 1562; x_wconf 80' lang='lat' dir='ltr'><strong>Rosweydo</strong></span> <span class='ocrx_word' id='word_1_87' title='bbox 865 1488 1018 1551; x_wconf 89' lang='lat' dir='ltr'><strong>editi,</strong></span> <span class='ocrx_word' id='word_1_88' title='bbox 1048 1503 1156 1558; x_wconf 90' lang='lat' dir='ltr'><strong>quo</strong></span> <span class='ocrx_word' id='word_1_89' title='bbox 1192 1486 1433 1541; x_wconf 78' lang='lat' dir='ltr'><strong>Ecclesia</strong></span> <span class='ocrx_word' id='word_1_90' title='bbox 1466 1485 1708 1541; x_wconf 82' lang='lat' dir='ltr'><strong>Romana</strong></span> <span class='ocrx_word' id='word_1_91' title='bbox 1742 1489 1885 1543; x_wconf 87' lang='lat' dir='ltr'><strong>inter</strong></span> <span class='ocrx_word' id='word_1_92' title='bbox 1909 1489 2107 1542; x_wconf 88' lang='lat' dir='ltr'><strong>solem-</strong></span> 
     </span>
    </p>
   </div>
   <div class='ocr_carea' id='block_1_16' title="bbox 528 1579 2103 1650">
    <p class='ocr_par' dir='ltr' id='par_1_16' title="bbox 528 1579 2103 1650">
     <span class='ocr_line' id='line_1_16' title="bbox 528 1579 2103 1650; baseline -0.002 -12"><span class='ocrx_word' id='word_1_93' title='bbox 528 1600 627 1638; x_wconf 87' lang='lat' dir='ltr'><strong>nes</strong></span> <span class='ocrx_word' id='word_1_94' title='bbox 681 1586 816 1637; x_wconf 90' lang='lat' dir='ltr'><strong>ritus</strong></span> <span class='ocrx_word' id='word_1_95' title='bbox 861 1581 1135 1645; x_wconf 83' lang='lat' dir='ltr'><strong>utebatur,</strong></span> <span class='ocrx_word' id='word_1_96' title='bbox 1188 1590 1327 1635; x_wconf 87' lang='lat' dir='ltr'><strong>teste</strong></span> <span class='ocrx_word' id='word_1_97' title='bbox 1365 1579 1626 1649; x_wconf 79' lang='lat' dir='ltr'><strong>Gregorio</strong></span> <span class='ocrx_word' id='word_1_98' title='bbox 1656 1579 1847 1650; x_wconf 81' lang='lat' dir='ltr'><strong>Magno</strong></span> <span class='ocrx_word' id='word_1_99' title='bbox 1888 1580 1981 1635; x_wconf 88' lang='lat' dir='ltr'><strong>lib.</strong></span> <span class='ocrx_word' id='word_1_100' title='bbox 2013 1595 2103 1645; x_wconf 91' lang='lat' dir='ltr'><strong>vu,</strong></span> 
     </span>
    </p>
   </div>
   <div class='ocr_carea' id='block_1_17' title="bbox 527 1670 2105 1744">
    <p class='ocr_par' dir='ltr' id='par_1_17' title="bbox 527 1670 2105 1744">
     <span class='ocr_line' id='line_1_17' title="bbox 527 1670 2105 1744; baseline 0 -17"><span class='ocrx_word' id='word_1_101' title='bbox 527 1675 691 1744; x_wconf 88' lang='lat' dir='ltr'><strong>epist.</strong></span> <span class='ocrx_word' id='word_1_102' title='bbox 722 1672 813 1728; x_wconf 60' lang='grc' dir='ltr'><strong>ἓξ).</strong></span> <span class='ocrx_word' id='word_1_103' title='bbox 851 1670 1220 1743; x_wconf 78' lang='lat' dir='ltr'><strong>Martyrologii</strong></span> <span class='ocrx_word' id='word_1_104' title='bbox 1266 1670 1410 1726; x_wconf 85' lang='lat' dir='ltr'><strong>illius</strong></span> <span class='ocrx_word' id='word_1_105' title='bbox 1446 1672 1558 1726; x_wconf 74' lang='lat' dir='ltr'><strong>haec</strong></span> <span class='ocrx_word' id='word_1_106' title='bbox 1582 1681 1709 1726; x_wconf 89' lang='lat' dir='ltr'><strong>sunt</strong></span> <span class='ocrx_word' id='word_1_107' title='bbox 1738 1673 1899 1726; x_wconf 90' lang='lat' dir='ltr'><strong>verba</strong></span> <span class='ocrx_word' id='word_1_108' title='bbox 1937 1673 2003 1727; x_wconf 90' lang='lat' dir='ltr'><strong>ad</strong></span> <span class='ocrx_word' id='word_1_109' title='bbox 2050 1688 2105 1727; x_wconf 75' lang='lat' dir='ltr'><strong>st</strong></span> 
     </span>
    </p>
   </div>
   <div class='ocr_carea' id='block_1_18' title="bbox 527 1760 2107 1834">
    <p class='ocr_par' dir='ltr' id='par_1_18' title="bbox 527 1760 2107 1834">
     <span class='ocr_line' id='line_1_18' title="bbox 527 1760 2107 1834; baseline -0.002 -14"><span class='ocrx_word' id='word_1_110' title='bbox 527 1764 648 1820; x_wconf 84' lang='lat' dir='ltr'><strong>Kal.</strong></span> <span class='ocrx_word' id='word_1_111' title='bbox 679 1763 881 1834; x_wconf 85' lang='lat' dir='ltr'><strong>Aprilis</strong></span> <span class='ocrx_word' id='word_1_112' title='bbox 912 1780 928 1816; x_wconf 90' lang='lat'><strong>:</strong></span> <span class='ocrx_word' id='word_1_113' title='bbox 971 1762 1263 1827; x_wconf 65' lang='lat' dir='ltr'><strong>Narbone,</strong></span> <span class='ocrx_word' id='word_1_114' title='bbox 1304 1762 1477 1816; x_wconf 81' lang='lat' dir='ltr'><strong>sancti</strong></span> <span class='ocrx_word' id='word_1_115' title='bbox 1512 1760 1675 1815; x_wconf 87' lang='lat' dir='ltr'><strong>Pauli</strong></span> <span class='ocrx_word' id='word_1_116' title='bbox 1704 1765 1933 1833; x_wconf 82' lang='lat' dir='ltr'><strong>episcOpi</strong></span> <span class='ocrx_word' id='word_1_117' title='bbox 1955 1804 1971 1831; x_wconf 91' lang='lat'><strong>,</strong></span> <span class='ocrx_word' id='word_1_118' title='bbox 2023 1764 2107 1817; x_wconf 86' lang='lat' dir='ltr'><strong>di-</strong></span> 
     </span>
    </p>
   </div>
   <div class='ocr_carea' id='block_1_19' title="bbox 528 1836 2180 1926">
    <p class='ocr_par' dir='ltr' id='par_1_19' title="bbox 528 1836 2180 1926">
     <span class='ocr_line' id='line_1_19' title="bbox 528 1836 2180 1926; baseline -0.001 -15"><span class='ocrx_word' id='word_1_119' title='bbox 528 1858 716 1925; x_wconf 85' lang='lat' dir='ltr'><strong>scipuli</strong></span> <span class='ocrx_word' id='word_1_120' title='bbox 741 1854 1119 1925; x_wconf 78' lang='lat' dir='ltr'><strong>apostolorum.</strong></span> <span class='ocrx_word' id='word_1_121' title='bbox 1162 1853 1240 1908; x_wconf 88' lang='lat' dir='ltr'><strong>En</strong></span> <span class='ocrx_word' id='word_1_122' title='bbox 1270 1853 1494 1908; x_wconf 89' lang='lat' dir='ltr'><strong>Paulum</strong></span> <span class='ocrx_word' id='word_1_123' title='bbox 1529 1858 1844 1926; x_wconf 84' lang='lat' dir='ltr'><strong>episcopum</strong></span> <span class='ocrx_word' id='word_1_124' title='bbox 1891 1854 2101 1910; x_wconf 84' lang='lat' dir='ltr'><strong>Narbo-</strong></span> <span class='ocrx_word' id='word_1_125' title='bbox 2138 1836 2180 1892; x_wconf 75' lang='grc' dir='ltr'><strong>Β</strong></span> 
     </span>
    </p>
   </div>
   <div class='ocr_carea' id='block_1_20' title="bbox 530 1947 2105 2020">
    <p class='ocr_par' dir='ltr' id='par_1_20' title="bbox 530 1947 2105 2020">
     <span class='ocr_line' id='line_1_20' title="bbox 530 1947 2105 2020; baseline -0.001 -14"><span class='ocrx_word' id='word_1_126' title='bbox 530 1965 778 2015; x_wconf 84' lang='lat' dir='ltr'><strong>tiensem,</strong></span> <span class='ocrx_word' id='word_1_127' title='bbox 810 1947 1135 2016; x_wconf 65' lang='lat' dir='ltr'><strong>discipulum</strong></span> <span class='ocrx_word' id='word_1_128' title='bbox 1184 1947 1580 2015; x_wconf 83' lang='lat' dir='ltr'><strong>apostolorum,</strong></span> <span class='ocrx_word' id='word_1_129' title='bbox 1618 1948 1671 2002; x_wconf 87' lang='lat' dir='ltr'><strong>id</strong></span> <span class='ocrx_word' id='word_1_130' title='bbox 1720 1958 1804 2004; x_wconf 87' lang='lat' dir='ltr'><strong>est</strong></span> <span class='ocrx_word' id='word_1_131' title='bbox 1858 1950 1927 2004; x_wconf 89' lang='lat' dir='ltr'><strong>ab</strong></span> <span class='ocrx_word' id='word_1_132' title='bbox 1974 1950 2105 2020; x_wconf 82' lang='lat' dir='ltr'><strong>ipsis</strong></span> 
     </span>
    </p>
   </div>
   <div class='ocr_carea' id='block_1_21' title="bbox 528 2038 2103 2112">
    <p class='ocr_par' dir='ltr' id='par_1_21' title="bbox 528 2038 2103 2112">
     <span class='ocr_line' id='line_1_21' title="bbox 528 2038 2103 2112; baseline 0 -16"><span class='ocrx_word' id='word_1_133' title='bbox 528 2042 790 2112; x_wconf 79' lang='lat' dir='ltr'><strong>apostolis</strong></span> <span class='ocrx_word' id='word_1_134' title='bbox 831 2041 1205 2098; x_wconf 90' lang='lat' dir='ltr'><strong>Christianam</strong></span> <span class='ocrx_word' id='word_1_135' title='bbox 1238 2038 1398 2093; x_wconf 84' lang='lat' dir='ltr'><strong>ﬁdem</strong></span> <span class='ocrx_word' id='word_1_136' title='bbox 1458 2042 1731 2095; x_wconf 79' lang='lat' dir='ltr'><strong>edoctum.</strong></span> <span class='ocrx_word' id='word_1_137' title='bbox 1783 2040 1956 2096; x_wconf 86' lang='lat' dir='ltr'><strong>Causa</strong></span> <span class='ocrx_word' id='word_1_138' title='bbox 2010 2058 2103 2097; x_wconf 87' lang='lat' dir='ltr'><strong>ca-</strong></span> 
     </span>
    </p>
   </div>
   <div class='ocr_carea' id='block_1_22' title="bbox 529 2127 2102 2200">
    <p class='ocr_par' dir='ltr' id='par_1_22' title="bbox 529 2127 2102 2200">
     <span class='ocr_line' id='line_1_22' title="bbox 529 2127 2102 2200; baseline 0.002 -17"><span class='ocrx_word' id='word_1_139' title='bbox 529 2133 676 2196; x_wconf 91' lang='lat' dir='ltr'><strong>dam,</strong></span> <span class='ocrx_word' id='word_1_140' title='bbox 708 2131 809 2184; x_wconf 88' lang='lat' dir='ltr'><strong>nisi</strong></span> <span class='ocrx_word' id='word_1_141' title='bbox 845 2140 1104 2184; x_wconf 89' lang='lat' dir='ltr'><strong>constans</strong></span> <span class='ocrx_word' id='word_1_142' title='bbox 1134 2130 1209 2184; x_wconf 86' lang='lat' dir='ltr'><strong>sit</strong></span> <span class='ocrx_word' id='word_1_143' title='bbox 1239 2130 1291 2183; x_wconf 87' lang='lat' dir='ltr'><strong>in</strong></span> <span class='ocrx_word' id='word_1_144' title='bbox 1323 2129 1512 2184; x_wconf 90' lang='lat' dir='ltr'><strong>eodem</strong></span> <span class='ocrx_word' id='word_1_145' title='bbox 1538 2127 1924 2200; x_wconf 79' lang='lat' dir='ltr'><strong>Martyrologio</strong></span> <span class='ocrx_word' id='word_1_146' title='bbox 1954 2132 2102 2186; x_wconf 87' lang='lat' dir='ltr'><strong>verbi</strong></span> 
     </span>
    </p>
   </div>
   <div class='ocr_carea' id='block_1_23' title="bbox 530 2222 2106 2295">
    <p class='ocr_par' dir='ltr' id='par_1_23' title="bbox 530 2222 2106 2295">
     <span class='ocr_line' id='line_1_23' title="bbox 530 2222 2106 2295; baseline -0.001 -15"><span class='ocrx_word' id='word_1_147' title='bbox 530 2226 674 2280; x_wconf 91' lang='lat' dir='ltr'><strong>illius</strong></span> <span class='ocrx_word' id='word_1_148' title='bbox 704 2241 864 2294; x_wconf 90' lang='lat' dir='ltr'><strong>quam</strong></span> <span class='ocrx_word' id='word_1_149' title='bbox 895 2224 1150 2295; x_wconf 88' lang='lat' dir='ltr'><strong>proposui</strong></span> <span class='ocrx_word' id='word_1_150' title='bbox 1204 2222 1578 2292; x_wconf 75' lang='lat' dir='ltr'><strong>signiﬁcatio;</strong></span> <span class='ocrx_word' id='word_1_151' title='bbox 1635 2240 1755 2295; x_wconf 71' lang='lat' dir='ltr'><strong>qua:</strong></span> <span class='ocrx_word' id='word_1_152' title='bbox 1803 2226 1908 2279; x_wconf 88' lang='lat' dir='ltr'><strong>alia</strong></span> <span class='ocrx_word' id='word_1_153' title='bbox 1956 2234 2106 2280; x_wconf 89' lang='lat' dir='ltr'><strong>certe</strong></span> 
     </span>
    </p>
   </div>
   <div class='ocr_carea' id='block_1_24' title="bbox 527 2315 2101 2386">
    <p class='ocr_par' dir='ltr' id='par_1_24' title="bbox 527 2315 2101 2386">
     <span class='ocr_line' id='line_1_24' title="bbox 527 2315 2101 2386; baseline 0 -16"><span class='ocrx_word' id='word_1_154' title='bbox 527 2333 649 2371; x_wconf 81' lang='lat' dir='ltr'><strong>esse</strong></span> <span class='ocrx_word' id='word_1_155' title='bbox 682 2332 785 2370; x_wconf 91' lang='lat' dir='ltr'><strong>non</strong></span> <span class='ocrx_word' id='word_1_156' title='bbox 810 2325 988 2385; x_wconf 86' lang='lat' dir='ltr'><strong>potest</strong></span> <span class='ocrx_word' id='word_1_157' title='bbox 1030 2315 1188 2384; x_wconf 72' lang='lat' dir='ltr'><strong>juxta</strong></span> <span class='ocrx_word' id='word_1_158' title='bbox 1228 2316 1509 2386; x_wconf 91' lang='lat' dir='ltr'><strong>proprium</strong></span> <span class='ocrx_word' id='word_1_159' title='bbox 1562 2316 1819 2371; x_wconf 87' lang='lat' dir='ltr'><strong>dictionis</strong></span> <span class='ocrx_word' id='word_1_160' title='bbox 1859 2332 2101 2370; x_wconf 87' lang='lat' dir='ltr'><strong>sensum.</strong></span> 
     </span>
    </p>
   </div>
   <div class='ocr_carea' id='block_1_25' title="bbox 528 2406 2102 2476">
    <p class='ocr_par' dir='ltr' id='par_1_25' title="bbox 528 2406 2102 2476">
     <span class='ocr_line' id='line_1_25' title="bbox 528 2406 2102 2476; baseline -0.001 -15"><span class='ocrx_word' id='word_1_161' title='bbox 528 2406 779 2462; x_wconf 82' lang='lat' dir='ltr'><strong>Referam</strong></span> <span class='ocrx_word' id='word_1_162' title='bbox 816 2407 955 2468; x_wconf 88' lang='lat' dir='ltr'><strong>loca,</strong></span> <span class='ocrx_word' id='word_1_163' title='bbox 986 2422 1052 2459; x_wconf 81' lang='lat' dir='ltr'><strong>ex</strong></span> <span class='ocrx_word' id='word_1_164' title='bbox 1087 2406 1285 2476; x_wconf 85' lang='lat' dir='ltr'><strong>quibus</strong></span> <span class='ocrx_word' id='word_1_165' title='bbox 1326 2407 1440 2462; x_wconf 64' lang='lat' dir='ltr'><strong>haec</strong></span> <span class='ocrx_word' id='word_1_166' title='bbox 1476 2407 1794 2475; x_wconf 80' lang='lat' dir='ltr'><strong>signiﬁcatio</strong></span> <span class='ocrx_word' id='word_1_167' title='bbox 1822 2406 1972 2460; x_wconf 84' lang='lat' dir='ltr'><strong>verbi</strong></span> <span class='ocrx_word' id='word_1_168' title='bbox 2002 2407 2102 2459; x_wconf 90' lang='lat' dir='ltr'><strong>ad-</strong></span> 
     </span>
    </p>
   </div>
   <div class='ocr_carea' id='block_1_26' title="bbox 528 2496 2102 2565">
    <p class='ocr_par' dir='ltr' id='par_1_26' title="bbox 528 2496 2102 2565">
     <span class='ocr_line' id='line_1_26' title="bbox 528 2496 2102 2565; baseline -0.003 -9"><span class='ocrx_word' id='word_1_169' title='bbox 528 2501 778 2556; x_wconf 75' lang='lat' dir='ltr'><strong>Struitur.</strong></span> <span class='ocrx_word' id='word_1_170' title='bbox 816 2497 998 2553; x_wconf 79' lang='lat' dir='ltr'><strong>Pridie</strong></span> <span class='ocrx_word' id='word_1_171' title='bbox 1039 2496 1225 2553; x_wconf 85' lang='lat' dir='ltr'><strong>Nonas</strong></span> <span class='ocrx_word' id='word_1_172' title='bbox 1249 2496 1522 2552; x_wconf 80' lang='lat' dir='ltr'><strong>Januarii.</strong></span> <span class='ocrx_word' id='word_1_173' title='bbox 1553 2498 1708 2565; x_wconf 83' lang='lat' dir='ltr'><strong>Apud</strong></span> <span class='ocrx_word' id='word_1_174' title='bbox 1730 2498 1964 2562; x_wconf 86' lang='lat' dir='ltr'><strong>Cretam,</strong></span> <span class='ocrx_word' id='word_1_175' title='bbox 1997 2497 2102 2551; x_wconf 87' lang='lat' dir='ltr'><strong>Titi</strong></span> 
     </span>
    </p>
   </div>
   <div class='ocr_carea' id='block_1_27' title="bbox 529 2587 2102 2659">
    <p class='ocr_par' dir='ltr' id='par_1_27' title="bbox 529 2587 2102 2659">
     <span class='ocr_line' id='line_1_27' title="bbox 529 2587 2102 2659; baseline -0.002 -15"><span class='ocrx_word' id='word_1_176' title='bbox 529 2591 885 2659; x_wconf 74' lang='lat' dir='ltr'><strong>apostolorum</strong></span> <span class='ocrx_word' id='word_1_177' title='bbox 910 2590 1156 2659; x_wconf 76' lang='lat' dir='ltr'><strong>discipuli</strong></span> <span class='ocrx_word' id='word_1_178' title='bbox 1201 2606 1263 2646; x_wconf 85' lang='lat' dir='ltr'><strong>tu</strong></span> <span class='ocrx_word' id='word_1_179' title='bbox 1308 2589 1436 2643; x_wconf 82' lang='lat' dir='ltr'><strong>Kal.</strong></span> <span class='ocrx_word' id='word_1_180' title='bbox 1466 2588 1618 2643; x_wconf 83' lang='lat' dir='ltr'><strong>Maii.</strong></span> <span class='ocrx_word' id='word_1_181' title='bbox 1649 2591 1799 2651; x_wconf 86' lang='lat' dir='ltr'><strong>Apud</strong></span> <span class='ocrx_word' id='word_1_182' title='bbox 1836 2587 2102 2655; x_wconf 81' lang='lat' dir='ltr'><strong>Paphum,</strong></span> 
     </span>
    </p>
   </div>
   <div class='ocr_carea' id='block_1_28' title="bbox 531 2679 2099 2754">
    <p class='ocr_par' dir='ltr' id='par_1_28' title="bbox 531 2679 2099 2754">
     <span class='ocr_line' id='line_1_28' title="bbox 531 2679 2099 2754; baseline 0 -18"><span class='ocrx_word' id='word_1_183' title='bbox 531 2682 741 2754; x_wconf 79' lang='lat' dir='ltr'><strong>Tycltici</strong></span> <span class='ocrx_word' id='word_1_184' title='bbox 789 2685 1145 2749; x_wconf 80' lang='lat' dir='ltr'><strong>apostolorum</strong></span> <span class='ocrx_word' id='word_1_185' title='bbox 1182 2682 1448 2749; x_wconf 86' lang='lat' dir='ltr'><strong>discipuli.</strong></span> <span class='ocrx_word' id='word_1_186' title='bbox 1485 2697 1557 2736; x_wconf 81' lang='lat' dir='ltr'><strong>vn</strong></span> <span class='ocrx_word' id='word_1_187' title='bbox 1626 2679 1895 2734; x_wconf 84' lang='lat' dir='ltr'><strong>Kalendas</strong></span> <span class='ocrx_word' id='word_1_188' title='bbox 1926 2681 2099 2736; x_wconf 83' lang='lat' dir='ltr'><strong>Junii.</strong></span> 
     </span>
    </p>
   </div>
   <div class='ocr_carea' id='block_1_29' title="bbox 528 2773 2101 2843">
    <p class='ocr_par' dir='ltr' id='par_1_29' title="bbox 528 2773 2101 2843">
     <span class='ocr_line' id='line_1_29' title="bbox 528 2773 2101 2843; baseline 0.001 -16"><span class='ocrx_word' id='word_1_189' title='bbox 528 2775 682 2843; x_wconf 83' lang='lat' dir='ltr'><strong>Apud</strong></span> <span class='ocrx_word' id='word_1_190' title='bbox 715 2775 966 2840; x_wconf 81' lang='lat' dir='ltr'><strong>Athenas,</strong></span> <span class='ocrx_word' id='word_1_191' title='bbox 993 2775 1255 2838; x_wconf 80' lang='lat' dir='ltr'><strong>Quadrati</strong></span> <span class='ocrx_word' id='word_1_192' title='bbox 1280 2773 1638 2840; x_wconf 83' lang='lat' dir='ltr'><strong>apostolorum</strong></span> <span class='ocrx_word' id='word_1_193' title='bbox 1673 2775 1939 2843; x_wconf 86' lang='lat' dir='ltr'><strong>discipuli.</strong></span> <span class='ocrx_word' id='word_1_194' title='bbox 1974 2773 2101 2828; x_wconf 75' lang='lat' dir='ltr'><strong>Pii-</strong></span> 
     </span>
    </p>
   </div>
   <div class='ocr_carea' id='block_1_30' title="bbox 527 2864 2099 2935">
    <p class='ocr_par' dir='ltr' id='par_1_30' title="bbox 527 2864 2099 2935">
     <span class='ocr_line' id='line_1_30' title="bbox 527 2864 2099 2935; baseline 0.001 -16"><span class='ocrx_word' id='word_1_195' title='bbox 527 2868 613 2920; x_wconf 85' lang='lat' dir='ltr'><strong>die</strong></span> <span class='ocrx_word' id='word_1_196' title='bbox 642 2866 825 2919; x_wconf 89' lang='lat' dir='ltr'><strong>Nonas</strong></span> <span class='ocrx_word' id='word_1_197' title='bbox 854 2866 1099 2935; x_wconf 77' lang='lat' dir='ltr'><strong>Augusti.</strong></span> <span class='ocrx_word' id='word_1_198' title='bbox 1156 2864 1452 2919; x_wconf 75' lang='lat' dir='ltr'><strong>Aristarchi</strong></span> <span class='ocrx_word' id='word_1_199' title='bbox 1470 2866 1711 2932; x_wconf 87' lang='lat' dir='ltr'><strong>discipuli</strong></span> <span class='ocrx_word' id='word_1_200' title='bbox 1725 2866 2099 2935; x_wconf 86' lang='lat' dir='ltr'><strong>apostolorum.</strong></span> 
     </span>
    </p>
   </div>
   <div class='ocr_carea' id='block_1_31' title="bbox 530 2956 2099 3027">
    <p class='ocr_par' dir='ltr' id='par_1_31' title="bbox 530 2956 2099 3027">
     <span class='ocr_line' id='line_1_31' title="bbox 530 2956 2099 3027; baseline 0.001 -16"><span class='ocrx_word' id='word_1_201' title='bbox 530 2975 581 3013; x_wconf 84' lang='lat' dir='ltr'><strong>tv</strong></span> <span class='ocrx_word' id='word_1_202' title='bbox 621 2956 745 3011; x_wconf 82' lang='lat' dir='ltr'><strong>Kal.</strong></span> <span class='ocrx_word' id='word_1_203' title='bbox 778 2960 1098 3012; x_wconf 83' lang='lat' dir='ltr'><strong>Decembris.</strong></span> <span class='ocrx_word' id='word_1_204' title='bbox 1162 2956 1433 3012; x_wconf 86' lang='lat' dir='ltr'><strong>Sostltenis</strong></span> <span class='ocrx_word' id='word_1_205' title='bbox 1457 2958 1698 3027; x_wconf 74' lang='lat' dir='ltr'><strong>discipuli</strong></span> <span class='ocrx_word' id='word_1_206' title='bbox 1724 2958 2099 3026; x_wconf 84' lang='lat' dir='ltr'><strong>apostolorum.</strong></span> 
     </span>
    </p>
   </div>
   <div class='ocr_carea' id='block_1_32' title="bbox 533 3047 2103 3119">
    <p class='ocr_par' dir='ltr' id='par_1_32' title="bbox 533 3047 2103 3119">
     <span class='ocr_line' id='line_1_32' title="bbox 533 3047 2103 3119; baseline 0.001 -17"><span class='ocrx_word' id='word_1_207' title='bbox 533 3064 591 3104; x_wconf 63' lang='grc' dir='ltr'><strong>τι</strong></span> <span class='ocrx_word' id='word_1_208' title='bbox 643 3048 910 3103; x_wconf 82' lang='lat' dir='ltr'><strong>Kalendas</strong></span> <span class='ocrx_word' id='word_1_209' title='bbox 951 3047 1228 3102; x_wconf 81' lang='lat' dir='ltr'><strong>Januarii.</strong></span> <span class='ocrx_word' id='word_1_210' title='bbox 1264 3047 1532 3118; x_wconf 83' lang='lat' dir='ltr'><strong>Traphimi</strong></span> <span class='ocrx_word' id='word_1_211' title='bbox 1576 3049 1826 3119; x_wconf 81' lang='lat' dir='ltr'><strong>episcopi,</strong></span> <span class='ocrx_word' id='word_1_212' title='bbox 1858 3050 2103 3119; x_wconf 84' lang='lat' dir='ltr'><strong>discipuli</strong></span> 
     </span>
    </p>
   </div>
   <div class='ocr_carea' id='block_1_33' title="bbox 528 3138 2101 3212">
    <p class='ocr_par' dir='ltr' id='par_1_33' title="bbox 528 3138 2101 3212">
     <span class='ocr_line' id='line_1_33' title="bbox 528 3138 2101 3212; baseline -0.003 -17"><span class='ocrx_word' id='word_1_213' title='bbox 528 3140 886 3212; x_wconf 85' lang='lat' dir='ltr'><strong>apostolorum</strong></span> <span class='ocrx_word' id='word_1_214' title='bbox 929 3140 1107 3207; x_wconf 85' lang='lat' dir='ltr'><strong>Quare</strong></span> <span class='ocrx_word' id='word_1_215' title='bbox 1137 3140 1340 3194; x_wconf 88' lang='lat' dir='ltr'><strong>diserta</strong></span> <span class='ocrx_word' id='word_1_216' title='bbox 1374 3150 1480 3203; x_wconf 91' lang='lat' dir='ltr'><strong>est,</strong></span> <span class='ocrx_word' id='word_1_217' title='bbox 1507 3150 1564 3194; x_wconf 94' lang='lat' dir='ltr'><strong>ut</strong></span> <span class='ocrx_word' id='word_1_218' title='bbox 1583 3140 1715 3204; x_wconf 82' lang='lat' dir='ltr'><strong>dixi,</strong></span> <span class='ocrx_word' id='word_1_219' title='bbox 1738 3138 2101 3210; x_wconf 72' lang='lat' dir='ltr'><strong>Martyrologii</strong></span> 
     </span>
    </p>
   </div>
   <div class='ocr_carea' id='block_1_34' title="bbox 541 3230 2104 3300">
    <p class='ocr_par' dir='ltr' id='par_1_34' title="bbox 541 3230 2104 3300">
     <span class='ocr_line' id='line_1_34' title="bbox 541 3230 2104 3300; baseline 0.001 -14"><span class='ocrx_word' id='word_1_220' title='bbox 541 3234 746 3288; x_wconf 85' lang='lat' dir='ltr'><strong>veteris</strong></span> <span class='ocrx_word' id='word_1_221' title='bbox 776 3233 1001 3287; x_wconf 79' lang='lat' dir='ltr'><strong>Romani</strong></span> <span class='ocrx_word' id='word_1_222' title='bbox 1040 3232 1275 3296; x_wconf 88' lang='lat' dir='ltr'><strong>testatio,</strong></span> <span class='ocrx_word' id='word_1_223' title='bbox 1301 3232 1369 3285; x_wconf 91' lang='lat' dir='ltr'><strong>ad</strong></span> <span class='ocrx_word' id='word_1_224' title='bbox 1412 3231 1680 3300; x_wconf 80' lang='lat' dir='ltr'><strong>ﬁgendum</strong></span> <span class='ocrx_word' id='word_1_225' title='bbox 1708 3231 1856 3286; x_wconf 86' lang='lat' dir='ltr'><strong>Pauli</strong></span> <span class='ocrx_word' id='word_1_226' title='bbox 1895 3230 2104 3288; x_wconf 75' lang='lat' dir='ltr'><strong>Narbo-</strong></span> 
     </span>
    </p>
   </div>
   <div class='ocr_carea' id='block_1_35' title="bbox 528 3323 2103 3395">
    <p class='ocr_par' dir='ltr' id='par_1_35' title="bbox 528 3323 2103 3395">
     <span class='ocr_line' id='line_1_35' title="bbox 528 3323 2103 3395; baseline -0.002 -14"><span class='ocrx_word' id='word_1_227' title='bbox 528 3326 715 3381; x_wconf 82' lang='lat' dir='ltr'><strong>nensis</strong></span> <span class='ocrx_word' id='word_1_228' title='bbox 746 3326 1115 3395; x_wconf 84' lang='lat' dir='ltr'><strong>episcopatum</strong></span> <span class='ocrx_word' id='word_1_229' title='bbox 1166 3325 1217 3378; x_wconf 92' lang='lat' dir='ltr'><strong>in</strong></span> <span class='ocrx_word' id='word_1_230' title='bbox 1276 3323 1409 3393; x_wconf 89' lang='lat' dir='ltr'><strong>ipsis</strong></span> <span class='ocrx_word' id='word_1_231' title='bbox 1438 3323 1803 3393; x_wconf 86' lang='lat' dir='ltr'><strong>apostolorum</strong></span> <span class='ocrx_word' id='word_1_232' title='bbox 1842 3324 2103 3394; x_wconf 88' lang='lat' dir='ltr'><strong>tempori-</strong></span> 
     </span>
    </p>
   </div>
   <div class='ocr_carea' id='block_1_36' title="bbox 529 3414 2101 3486">
    <p class='ocr_par' dir='ltr' id='par_1_36' title="bbox 529 3414 2101 3486">
     <span class='ocr_line' id='line_1_36' title="bbox 529 3414 2101 3486; baseline -0.002 -15"><span class='ocrx_word' id='word_1_233' title='bbox 529 3417 651 3486; x_wconf 88' lang='lat' dir='ltr'><strong>bus,</strong></span> <span class='ocrx_word' id='word_1_234' title='bbox 703 3416 953 3485; x_wconf 85' lang='lat' dir='ltr'><strong>quamvis</strong></span> <span class='ocrx_word' id='word_1_235' title='bbox 1004 3415 1286 3486; x_wconf 87' lang='lat' dir='ltr'><strong>Trophimi</strong></span> <span class='ocrx_word' id='word_1_236' title='bbox 1343 3415 1660 3484; x_wconf 86' lang='lat' dir='ltr'><strong>episcopatu</strong></span> <span class='ocrx_word' id='word_1_237' title='bbox 1717 3414 2101 3483; x_wconf 86' lang='lat' dir='ltr'><strong>posteriorem.</strong></span> 
     </span>
    </p>
   </div>
   <div class='ocr_carea' id='block_1_37' title="bbox 527 3500 2101 3575">
    <p class='ocr_par' dir='ltr' id='par_1_37' title="bbox 527 3500 2101 3575">
     <span class='ocr_line' id='line_1_37' title="bbox 527 3500 2101 3575; baseline -0.004 -13"><span class='ocrx_word' id='word_1_238' title='bbox 527 3507 956 3562; x_wconf 89' lang='lat' dir='ltr'><strong>Celeberrimum</strong></span> <span class='ocrx_word' id='word_1_239' title='bbox 993 3506 1213 3575; x_wconf 82' lang='lat' dir='ltr'><strong>quidem</strong></span> <span class='ocrx_word' id='word_1_240' title='bbox 1266 3503 1406 3573; x_wconf 89' lang='lat' dir='ltr'><strong>apud</strong></span> <span class='ocrx_word' id='word_1_241' title='bbox 1433 3503 1685 3572; x_wconf 88' lang='lat' dir='ltr'><strong>antiquos</strong></span> <span class='ocrx_word' id='word_1_242' title='bbox 1743 3500 1915 3557; x_wconf 79' lang='lat' dir='ltr'><strong>fuisse</strong></span> <span class='ocrx_word' id='word_1_243' title='bbox 1951 3500 2101 3555; x_wconf 84' lang='lat' dir='ltr'><strong>Pauli</strong></span> 
     </span>
    </p>
   </div>
   <div class='ocr_carea' id='block_1_38' title="bbox 528 3593 2101 3670">
    <p class='ocr_par' dir='ltr' id='par_1_38' title="bbox 528 3593 2101 3670">
     <span class='ocr_line' id='line_1_38' title="bbox 528 3593 2101 3670; baseline -0.004 -15"><span class='ocrx_word' id='word_1_244' title='bbox 528 3601 688 3670; x_wconf 85' lang='lat' dir='ltr'><strong>hujus</strong></span> <span class='ocrx_word' id='word_1_245' title='bbox 728 3614 944 3663; x_wconf 89' lang='lat' dir='ltr'><strong>nomen,</strong></span> <span class='ocrx_word' id='word_1_246' title='bbox 969 3600 1126 3654; x_wconf 87' lang='lat' dir='ltr'><strong>docet</strong></span> <span class='ocrx_word' id='word_1_247' title='bbox 1156 3596 1487 3653; x_wconf 88' lang='lat' dir='ltr'><strong>Prudentius</strong></span> <span class='ocrx_word' id='word_1_248' title='bbox 1517 3596 1569 3650; x_wconf 90' lang='lat' dir='ltr'><strong>in</strong></span> <span class='ocrx_word' id='word_1_249' title='bbox 1603 3594 1932 3666; x_wconf 80' lang='lat' dir='ltr'><strong>Martyribus</strong></span> <span class='ocrx_word' id='word_1_250' title='bbox 1980 3593 2101 3648; x_wconf 72' lang='lat' dir='ltr'><strong>Ca:-</strong></span> 
     </span>
    </p>
   </div>
   <div class='ocr_carea' id='block_1_39' title="bbox 526 3687 978 3755">
    <p class='ocr_par' dir='ltr' id='par_1_39' title="bbox 526 3687 978 3755">
     <span class='ocr_line' id='line_1_39' title="bbox 526 3687 978 3755; baseline 0.002 -15"><span class='ocrx_word' id='word_1_251' title='bbox 526 3687 929 3755; x_wconf 86' lang='lat' dir='ltr'><strong>saraugustauis</strong></span> <span class='ocrx_word' id='word_1_252' title='bbox 957 3701 978 3741; x_wconf 89' lang='lat'><strong><em>:</em></strong></span> 
     </span>
    </p>
   </div>
   <div class='ocr_carea' id='block_1_40' title="bbox 600 3778 1478 3853">
    <p class='ocr_par' dir='ltr' id='par_1_40' title="bbox 600 3778 1478 3853">
     <span class='ocr_line' id='line_1_40' title="bbox 600 3778 1478 3853; baseline 0.003 -18"><span class='ocrx_word' id='word_1_253' title='bbox 600 3780 835 3836; x_wconf 89' lang='lat' dir='ltr'><strong>Barcino</strong></span> <span class='ocrx_word' id='word_1_254' title='bbox 867 3782 1013 3836; x_wconf 89' lang='lat' dir='ltr'><strong>claro</strong></span> <span class='ocrx_word' id='word_1_255' title='bbox 1050 3778 1309 3851; x_wconf 84' lang='lat' dir='ltr'><strong>Cucufate</strong></span> <span class='ocrx_word' id='word_1_256' title='bbox 1339 3782 1478 3853; x_wconf 79' lang='lat' dir='ltr'><strong>{ulla</strong></span> 
     </span>
    </p>
   </div>
   <div class='ocr_carea' id='block_1_41' title="bbox 598 3873 1585 3945">
    <p class='ocr_par' dir='ltr' id='par_1_41' title="bbox 598 3873 1585 3945">
     <span class='ocr_line' id='line_1_41' title="bbox 598 3873 1585 3945; baseline 0.001 -17"><span class='ocrx_word' id='word_1_257' title='bbox 598 3874 807 3943; x_wconf 87' lang='lat' dir='ltr'><strong>Surget.</strong></span> <span class='ocrx_word' id='word_1_258' title='bbox 840 3884 885 3929; x_wconf 90' lang='lat' dir='ltr'><strong>et</strong></span> <span class='ocrx_word' id='word_1_259' title='bbox 920 3873 1091 3928; x_wconf 89' lang='lat' dir='ltr'><strong>Paulo</strong></span> <span class='ocrx_word' id='word_1_260' title='bbox 1111 3875 1348 3945; x_wconf 88' lang='lat' dir='ltr'><strong>speciosa</strong></span> <span class='ocrx_word' id='word_1_261' title='bbox 1381 3873 1585 3929; x_wconf 85' lang='lat' dir='ltr'><strong>Narbo.</strong></span> 
     </span>
    </p>
   </div>
   <div class='ocr_carea' id='block_1_42' title="bbox 528 3962 2101 4036">
    <p class='ocr_par' dir='ltr' id='par_1_42' title="bbox 528 3962 2101 4036">
     <span class='ocr_line' id='line_1_42' title="bbox 528 3962 2101 4036; baseline -0.003 -15"><span class='ocrx_word' id='word_1_262' title='bbox 528 3962 635 4022; x_wconf 86' lang='lat' dir='ltr'><strong>Sed</strong></span> <span class='ocrx_word' id='word_1_263' title='bbox 665 3964 917 4036; x_wconf 85' lang='lat' dir='ltr'><strong>temporis</strong></span> <span class='ocrx_word' id='word_1_264' title='bbox 945 3982 1126 4019; x_wconf 77' lang='lat' dir='ltr'><strong>veram</strong></span> <span class='ocrx_word' id='word_1_265' title='bbox 1159 3967 1625 4036; x_wconf 78' lang='lat' dir='ltr'><strong>consignationem</strong></span> <span class='ocrx_word' id='word_1_266' title='bbox 1682 3980 1749 4019; x_wconf 80' lang='lat' dir='ltr'><strong>ex</strong></span> <span class='ocrx_word' id='word_1_267' title='bbox 1792 3962 2101 4019; x_wconf 88' lang='lat' dir='ltr'><strong>testimonio</strong></span> 
     </span>
    </p>
   </div>
   <div class='ocr_carea' id='block_1_43' title="bbox 528 4056 2101 4128">
    <p class='ocr_par' dir='ltr' id='par_1_43' title="bbox 528 4056 2101 4128">
     <span class='ocr_line' id='line_1_43' title="bbox 528 4056 2101 4128; baseline -0.001 -18"><span class='ocrx_word' id='word_1_268' title='bbox 528 4058 900 4113; x_wconf 79' lang='lat' dir='ltr'><strong>vetustissimo</strong></span> <span class='ocrx_word' id='word_1_269' title='bbox 933 4059 1190 4112; x_wconf 66' lang='lat' dir='ltr'><strong>llontanre</strong></span> <span class='ocrx_word' id='word_1_270' title='bbox 1227 4056 1482 4113; x_wconf 64' lang='lat' dir='ltr'><strong>Ecclesize</strong></span> <span class='ocrx_word' id='word_1_271' title='bbox 1513 4072 1676 4128; x_wconf 89' lang='lat' dir='ltr'><strong>supra</strong></span> <span class='ocrx_word' id='word_1_272' title='bbox 1708 4058 1925 4112; x_wconf 87' lang='lat' dir='ltr'><strong>laudato</strong></span> <span class='ocrx_word' id='word_1_273' title='bbox 1965 4057 2101 4111; x_wconf 57' lang='lat' dir='ltr'><strong>hau-</strong></span> 
     </span>
    </p>
   </div>
   <div class='ocr_carea' id='block_1_44' title="bbox 529 4147 2101 4218">
    <p class='ocr_par' dir='ltr' id='par_1_44' title="bbox 529 4147 2101 4218">
     <span class='ocr_line' id='line_1_44' title="bbox 529 4147 2101 4218; baseline -0.001 -16"><span class='ocrx_word' id='word_1_274' title='bbox 529 4150 640 4202; x_wconf 87' lang='lat' dir='ltr'><strong>rire</strong></span> <span class='ocrx_word' id='word_1_275' title='bbox 686 4150 966 4204; x_wconf 81' lang='lat' dir='ltr'><strong>debemus.</strong></span> <span class='ocrx_word' id='word_1_276' title='bbox 1008 4147 1344 4201; x_wconf 84' lang='lat' dir='ltr'><strong>Traditionis</strong></span> <span class='ocrx_word' id='word_1_277' title='bbox 1391 4164 1520 4202; x_wconf 89' lang='lat' dir='ltr'><strong>vero</strong></span> <span class='ocrx_word' id='word_1_278' title='bbox 1557 4150 1728 4203; x_wconf 88' lang='lat' dir='ltr'><strong>series</strong></span> <span class='ocrx_word' id='word_1_279' title='bbox 1761 4152 1986 4218; x_wconf 86' lang='lat' dir='ltr'><strong>petenda</strong></span> <span class='ocrx_word' id='word_1_280' title='bbox 2016 4156 2101 4202; x_wconf 89' lang='lat' dir='ltr'><strong>est</strong></span> 
     </span>
    </p>
   </div>
   <div class='ocr_carea' id='block_1_45' title="bbox 528 4234 2097 4303">
    <p class='ocr_par' dir='ltr' id='par_1_45' title="bbox 528 4234 2097 4303">
     <span class='ocr_line' id='line_1_45' title="bbox 528 4234 2097 4303; baseline 0 -13"><span class='ocrx_word' id='word_1_281' title='bbox 528 4249 638 4290; x_wconf 91' lang='lat' dir='ltr'><strong>tum</strong></span> <span class='ocrx_word' id='word_1_282' title='bbox 663 4253 726 4290; x_wconf 79' lang='lat' dir='ltr'><strong>ex</strong></span> <span class='ocrx_word' id='word_1_283' title='bbox 755 4234 1021 4299; x_wconf 87' lang='lat' dir='ltr'><strong>Usuardo,</strong></span> <span class='ocrx_word' id='word_1_284' title='bbox 1046 4248 1098 4289; x_wconf 89' lang='lat' dir='ltr'><strong>et</strong></span> <span class='ocrx_word' id='word_1_285' title='bbox 1124 4252 1188 4289; x_wconf 82' lang='lat' dir='ltr'><strong>ex</strong></span> <span class='ocrx_word' id='word_1_286' title='bbox 1206 4237 1356 4291; x_wconf 82' lang='lat' dir='ltr'><strong>Actis</strong></span> <span class='ocrx_word' id='word_1_287' title='bbox 1374 4238 1497 4290; x_wconf 66' lang='lat' dir='ltr'><strong>vita:</strong></span> <span class='ocrx_word' id='word_1_288' title='bbox 1524 4237 1669 4290; x_wconf 86' lang='lat' dir='ltr'><strong>Pauli</strong></span> <span class='ocrx_word' id='word_1_289' title='bbox 1696 4236 2060 4291; x_wconf 81' lang='lat' dir='ltr'><strong>Narbonensis</strong></span> <span class='ocrx_word' id='word_1_290' title='bbox 2084 4255 2097 4303; x_wconf 88' lang='lat'>;</span> 
     </span>
    </p>
   </div>
   <div class='ocr_carea' id='block_1_46' title="bbox 529 4326 2102 4397">
    <p class='ocr_par' dir='ltr' id='par_1_46' title="bbox 529 4326 2102 4397">
     <span class='ocr_line' id='line_1_46' title="bbox 529 4326 2102 4397; baseline -0.001 -17"><span class='ocrx_word' id='word_1_291' title='bbox 529 4336 641 4380; x_wconf 86' lang='lat' dir='ltr'><strong>tum</strong></span> <span class='ocrx_word' id='word_1_292' title='bbox 666 4327 832 4380; x_wconf 89' lang='lat' dir='ltr'><strong>etiam</strong></span> <span class='ocrx_word' id='word_1_293' title='bbox 863 4341 926 4379; x_wconf 78' lang='lat' dir='ltr'><strong>ex</strong></span> <span class='ocrx_word' id='word_1_294' title='bbox 980 4327 1189 4379; x_wconf 88' lang='lat' dir='ltr'><strong>Adonis</strong></span> <span class='ocrx_word' id='word_1_295' title='bbox 1215 4326 1596 4397; x_wconf 73' lang='lat' dir='ltr'><strong>Martyrologio</strong></span> <span class='ocrx_word' id='word_1_296' title='bbox 1621 4369 1635 4394; x_wconf 93' lang='lat'><strong>,</strong></span> <span class='ocrx_word' id='word_1_297' title='bbox 1673 4336 1835 4397; x_wconf 79' lang='lat' dir='ltr'><strong>atque</strong></span> <span class='ocrx_word' id='word_1_298' title='bbox 1864 4342 1929 4381; x_wconf 83' lang='lat' dir='ltr'><strong>ex</strong></span> <span class='ocrx_word' id='word_1_299' title='bbox 1957 4327 2102 4396; x_wconf 87' lang='lat' dir='ltr'><strong>ejus-</strong></span> 
     </span>
    </p>
   </div>
   <div class='ocr_carea' id='block_1_47' title="bbox 526 4418 2101 4489">
    <p class='ocr_par' dir='ltr' id='par_1_47' title="bbox 526 4418 2101 4489">
     <span class='ocr_line' id='line_1_47' title="bbox 526 4418 2101 4489; baseline 0 -15"><span class='ocrx_word' id='word_1_300' title='bbox 526 4423 646 4474; x_wconf 91' lang='lat' dir='ltr'><strong>dem</strong></span> <span class='ocrx_word' id='word_1_301' title='bbox 684 4419 866 4474; x_wconf 89' lang='lat' dir='ltr'><strong>lihello</strong></span> <span class='ocrx_word' id='word_1_302' title='bbox 909 4420 975 4473; x_wconf 89' lang='lat' dir='ltr'><strong>de</strong></span> <span class='ocrx_word' id='word_1_303' title='bbox 1027 4418 1421 4473; x_wconf 82' lang='lat' dir='ltr'><strong>festivitatibus</strong></span> <span class='ocrx_word' id='word_1_304' title='bbox 1485 4420 1889 4489; x_wconf 87' lang='lat' dir='ltr'><strong>apostolorum;</strong></span> <span class='ocrx_word' id='word_1_305' title='bbox 1948 4421 2101 4489; x_wconf 88' lang='lat' dir='ltr'><strong>cujus</strong></span> 
     </span>
    </p>
   </div>
   <div class='ocr_carea' id='block_1_48' title="bbox 2134 3173 2175 3226">
    <p class='ocr_par' dir='ltr' id='par_1_48' title="bbox 2134 3173 2175 3226">
     <span class='ocr_line' id='line_1_48' title="bbox 2134 3173 2175 3226; baseline 0 0"><span class='ocrx_word' id='word_1_306' title='bbox 2134 3173 2175 3226; x_wconf 86' lang='lat' dir='ltr'><strong>C</strong></span> 
     </span>
    </p>
   </div>
   <div class='ocr_carea' id='block_1_49' title="bbox 2211 578 3791 650">
    <p class='ocr_par' dir='ltr' id='par_1_49' title="bbox 2211 578 3791 650">
     <span class='ocr_line' id='line_1_49' title="bbox 2211 578 3791 650; baseline -0.003 -16"><span class='ocrx_word' id='word_1_307' title='bbox 2211 578 2477 635; x_wconf 62' lang='lat' dir='ltr'><strong>Praeterea</strong></span> <span class='ocrx_word' id='word_1_308' title='bbox 2514 579 2671 635; x_wconf 88' lang='lat' dir='ltr'><strong>docet</strong></span> <span class='ocrx_word' id='word_1_309' title='bbox 2697 581 2748 634; x_wconf 88' lang='lat' dir='ltr'><strong>in</strong></span> <span class='ocrx_word' id='word_1_310' title='bbox 2784 580 3129 650; x_wconf 83' lang='lat' dir='ltr'><strong>possessione</strong></span> <span class='ocrx_word' id='word_1_311' title='bbox 3179 580 3525 647; x_wconf 83' lang='lat' dir='ltr'><strong>episcopatus</strong></span> <span class='ocrx_word' id='word_1_312' title='bbox 3568 578 3791 631; x_wconf 79' lang='lat' dir='ltr'><strong>institu-</strong></span> 
     </span>
    </p>
   </div>
   <div class='ocr_carea' id='block_1_50' title="bbox 2210 665 3786 740">
    <p class='ocr_par' dir='ltr' id='par_1_50' title="bbox 2210 665 3786 740">
     <span class='ocr_line' id='line_1_50' title="bbox 2210 665 3786 740; baseline -0.001 -15"><span class='ocrx_word' id='word_1_313' title='bbox 2210 679 2326 725; x_wconf 92' lang='lat' dir='ltr'><strong>tum</strong></span> <span class='ocrx_word' id='word_1_314' title='bbox 2363 684 2392 724; x_wconf 90' lang='lat' dir='ltr'><strong>a</strong></span> <span class='ocrx_word' id='word_1_315' title='bbox 2430 667 2600 725; x_wconf 89' lang='lat' dir='ltr'><strong>Paulo</strong></span> <span class='ocrx_word' id='word_1_316' title='bbox 2648 668 2890 740; x_wconf 88' lang='lat' dir='ltr'><strong>apostolo</strong></span> <span class='ocrx_word' id='word_1_317' title='bbox 2935 668 2986 723; x_wconf 91' lang='lat' dir='ltr'><strong>in</strong></span> <span class='ocrx_word' id='word_1_318' title='bbox 3025 665 3339 737; x_wconf 85' lang='lat' dir='ltr'><strong>Hispaniam</strong></span> <span class='ocrx_word' id='word_1_319' title='bbox 3387 670 3786 739; x_wconf 85' lang='lat' dir='ltr'><strong>proliciscente.</strong></span> 
     </span>
    </p>
   </div>
   <div class='ocr_carea' id='block_1_51' title="bbox 2212 761 3789 830">
    <p class='ocr_par' dir='ltr' id='par_1_51' title="bbox 2212 761 3789 830">
     <span class='ocr_line' id='line_1_51' title="bbox 2212 761 3789 830; baseline 0 -17"><span class='ocrx_word' id='word_1_320' title='bbox 2212 762 2342 830; x_wconf 67' lang='lat' dir='ltr'><strong>Quae</strong></span> <span class='ocrx_word' id='word_1_321' title='bbox 2374 762 2593 830; x_wconf 90' lang='lat' dir='ltr'><strong>quidem</strong></span> <span class='ocrx_word' id='word_1_322' title='bbox 2619 762 2915 829; x_wconf 84' lang='lat' dir='ltr'><strong>prudenter</strong></span> <span class='ocrx_word' id='word_1_323' title='bbox 2940 762 3060 815; x_wconf 85' lang='lat' dir='ltr'><strong>Ado</strong></span> <span class='ocrx_word' id='word_1_324' title='bbox 3096 777 3199 814; x_wconf 92' lang='lat' dir='ltr'><strong>nou</strong></span> <span class='ocrx_word' id='word_1_325' title='bbox 3233 761 3470 815; x_wconf 88' lang='lat' dir='ltr'><strong>asseruit</strong></span> <span class='ocrx_word' id='word_1_326' title='bbox 3514 768 3573 813; x_wconf 87' lang='lat' dir='ltr'><strong>ut.</strong></span> <span class='ocrx_word' id='word_1_327' title='bbox 3612 770 3789 823; x_wconf 86' lang='lat' dir='ltr'><strong>certa,</strong></span> 
     </span>
    </p>
   </div>
   <div class='ocr_carea' id='block_1_52' title="bbox 2211 849 3791 920">
    <p class='ocr_par' dir='ltr' id='par_1_52' title="bbox 2211 849 3791 920">
     <span class='ocr_line' id='line_1_52' title="bbox 2211 849 3791 920; baseline -0.001 -14"><span class='ocrx_word' id='word_1_328' title='bbox 2211 854 2304 906; x_wconf 90' lang='lat' dir='ltr'><strong>sed</strong></span> <span class='ocrx_word' id='word_1_329' title='bbox 2333 862 2385 905; x_wconf 92' lang='lat' dir='ltr'><strong>ut</strong></span> <span class='ocrx_word' id='word_1_330' title='bbox 2413 850 2553 906; x_wconf 76' lang='lat' dir='ltr'><strong>fama</strong></span> <span class='ocrx_word' id='word_1_331' title='bbox 2598 851 2894 905; x_wconf 85' lang='lat' dir='ltr'><strong>vetustiore</strong></span> <span class='ocrx_word' id='word_1_332' title='bbox 2926 861 3143 919; x_wconf 87' lang='lat' dir='ltr'><strong>recepta</strong></span> <span class='ocrx_word' id='word_1_333' title='bbox 3173 872 3183 905; x_wconf 92' lang='lat'>:</span> <span class='ocrx_word' id='word_1_334' title='bbox 3244 851 3401 920; x_wconf 88' lang='lat' dir='ltr'><strong>cujus</strong></span> <span class='ocrx_word' id='word_1_335' title='bbox 3453 849 3791 904; x_wconf 78' lang='lat' dir='ltr'><strong>narratiOnis</strong></span> 
     </span>
    </p>
   </div>
   <div class='ocr_carea' id='block_1_53' title="bbox 2212 939 3791 1008">
    <p class='ocr_par' dir='ltr' id='par_1_53' title="bbox 2212 939 3791 1008">
     <span class='ocr_line' id='line_1_53' title="bbox 2212 939 3791 1008; baseline -0.003 -10"><span class='ocrx_word' id='word_1_336' title='bbox 2212 954 2465 998; x_wconf 90' lang='lat' dir='ltr'><strong>auctores</strong></span> <span class='ocrx_word' id='word_1_337' title='bbox 2488 942 2728 1005; x_wconf 87' lang='lat' dir='ltr'><strong>Braulio,</strong></span> <span class='ocrx_word' id='word_1_338' title='bbox 2760 942 3028 1008; x_wconf 86' lang='lat' dir='ltr'><strong>Leander,</strong></span> <span class='ocrx_word' id='word_1_339' title='bbox 3063 939 3337 1007; x_wconf 83' lang='lat' dir='ltr'><strong>Julianus,</strong></span> <span class='ocrx_word' id='word_1_340' title='bbox 3370 952 3425 995; x_wconf 91' lang='lat' dir='ltr'><strong>et</strong></span> <span class='ocrx_word' id='word_1_341' title='bbox 3453 940 3541 994; x_wconf 88' lang='lat' dir='ltr'><strong>alii</strong></span> <span class='ocrx_word' id='word_1_342' title='bbox 3576 949 3791 995; x_wconf 78' lang='lat' dir='ltr'><strong>veteres</strong></span> 
     </span>
    </p>
   </div>
   <div class='ocr_carea' id='block_1_54' title="bbox 2211 1031 3788 1101">
    <p class='ocr_par' dir='ltr' id='par_1_54' title="bbox 2211 1031 3788 1101">
     <span class='ocr_line' id='line_1_54' title="bbox 2211 1031 3788 1101; baseline 0 -14"><span class='ocrx_word' id='word_1_343' title='bbox 2211 1036 2505 1101; x_wconf 82' lang='lat' dir='ltr'><strong>scriptores</strong></span> <span class='ocrx_word' id='word_1_344' title='bbox 2531 1032 2749 1101; x_wconf 80' lang='lat' dir='ltr'><strong>lliSpani</strong></span> <span class='ocrx_word' id='word_1_345' title='bbox 2776 1032 3131 1101; x_wconf 83' lang='lat' dir='ltr'><strong>proferuntur</strong></span> <span class='ocrx_word' id='word_1_346' title='bbox 3163 1032 3214 1086; x_wconf 89' lang='lat' dir='ltr'><strong>in</strong></span> <span class='ocrx_word' id='word_1_347' title='bbox 3266 1031 3466 1086; x_wconf 88' lang='lat' dir='ltr'><strong>litteris</strong></span> <span class='ocrx_word' id='word_1_348' title='bbox 3516 1032 3788 1101; x_wconf 85' lang='lat' dir='ltr'><strong>Stephani</strong></span> 
     </span>
    </p>
   </div>
   <div class='ocr_carea' id='block_1_55' title="bbox 2211 1123 3786 1194">
    <p class='ocr_par' dir='ltr' id='par_1_55' title="bbox 2211 1123 3786 1194">
     <span class='ocr_line' id='line_1_55' title="bbox 2211 1123 3786 1194; baseline 0 -17"><span class='ocrx_word' id='word_1_349' title='bbox 2211 1140 2360 1194; x_wconf 63' lang='lat' dir='ltr'><strong>papa:</strong></span> <span class='ocrx_word' id='word_1_350' title='bbox 2387 1125 2547 1179; x_wconf 88' lang='lat' dir='ltr'><strong>editis</strong></span> <span class='ocrx_word' id='word_1_351' title='bbox 2578 1143 2605 1178; x_wconf 90' lang='lat' dir='ltr'><strong>a</strong></span> <span class='ocrx_word' id='word_1_352' title='bbox 2628 1126 2762 1181; x_wconf 89' lang='lat' dir='ltr'><strong>viris</strong></span> <span class='ocrx_word' id='word_1_353' title='bbox 2790 1124 3115 1179; x_wconf 87' lang='lat' dir='ltr'><strong>clarissimis</strong></span> <span class='ocrx_word' id='word_1_354' title='bbox 3162 1133 3216 1178; x_wconf 91' lang='lat' dir='ltr'><strong>et</strong></span> <span class='ocrx_word' id='word_1_355' title='bbox 3239 1123 3623 1180; x_wconf 89' lang='lat' dir='ltr'><strong>eruditissimis</strong></span> <span class='ocrx_word' id='word_1_356' title='bbox 3650 1124 3786 1180; x_wconf 88' lang='lat' dir='ltr'><strong>Gni-</strong></span> 
     </span>
    </p>
   </div>
   <div class='ocr_carea' id='block_1_56' title="bbox 2212 1213 3786 1285">
    <p class='ocr_par' dir='ltr' id='par_1_56' title="bbox 2212 1213 3786 1285">
     <span class='ocr_line' id='line_1_56' title="bbox 2212 1213 3786 1285; baseline 0.001 -17"><span class='ocrx_word' id='word_1_357' title='bbox 2212 1214 2393 1268; x_wconf 90' lang='lat' dir='ltr'><strong>lielmo</strong></span> <span class='ocrx_word' id='word_1_358' title='bbox 2424 1214 2647 1278; x_wconf 88' lang='lat' dir='ltr'><strong>Catello,</strong></span> <span class='ocrx_word' id='word_1_359' title='bbox 2681 1225 2934 1269; x_wconf 89' lang='lat' dir='ltr'><strong>senatore</strong></span> <span class='ocrx_word' id='word_1_360' title='bbox 2966 1213 3257 1279; x_wconf 86' lang='lat' dir='ltr'><strong>Tolosano,</strong></span> <span class='ocrx_word' id='word_1_361' title='bbox 3285 1225 3336 1268; x_wconf 90' lang='lat' dir='ltr'><strong>et</strong></span> <span class='ocrx_word' id='word_1_362' title='bbox 3370 1214 3614 1285; x_wconf 88' lang='lat' dir='ltr'><strong>Philippo</strong></span> <span class='ocrx_word' id='word_1_363' title='bbox 3641 1214 3786 1270; x_wconf 82' lang='lat' dir='ltr'><strong>Lab-</strong></span> 
     </span>
    </p>
   </div>
   <div class='ocr_carea' id='block_1_57' title="bbox 2209 1306 3789 1375">
    <p class='ocr_par' dir='ltr' id='par_1_57' title="bbox 2209 1306 3789 1375">
     <span class='ocr_line' id='line_1_57' title="bbox 2209 1306 3789 1375; baseline -0.001 -14"><span class='ocrx_word' id='word_1_364' title='bbox 2209 1306 2348 1371; x_wconf 72' lang='lat' dir='ltr'><strong>hazo,</strong></span> <span class='ocrx_word' id='word_1_365' title='bbox 2374 1306 2661 1361; x_wconf 88' lang='lat' dir='ltr'><strong>Societatis</strong></span> <span class='ocrx_word' id='word_1_366' title='bbox 2690 1306 2816 1360; x_wconf 86' lang='lat' dir='ltr'><strong>Jesu</strong></span> <span class='ocrx_word' id='word_1_367' title='bbox 2866 1306 3214 1375; x_wconf 85' lang='lat' dir='ltr'><strong>presbytero;</strong></span> <span class='ocrx_word' id='word_1_368' title='bbox 3245 1320 3471 1375; x_wconf 90' lang='lat' dir='ltr'><strong>quarum</strong></span> <span class='ocrx_word' id='word_1_369' title='bbox 3509 1306 3789 1375; x_wconf 81' lang='lat' dir='ltr'><strong>exemplar</strong></span> 
     </span>
    </p>
   </div>
   <div class='ocr_carea' id='block_1_58' title="bbox 2215 1396 3786 1462">
    <p class='ocr_par' dir='ltr' id='par_1_58' title="bbox 2215 1396 3786 1462">
     <span class='ocr_line' id='line_1_58' title="bbox 2215 1396 3786 1462; baseline -0.003 -10"><span class='ocrx_word' id='word_1_370' title='bbox 2215 1406 2394 1452; x_wconf 88' lang='lat' dir='ltr'><strong>exstat</strong></span> <span class='ocrx_word' id='word_1_371' title='bbox 2426 1399 2588 1451; x_wconf 88' lang='lat' dir='ltr'><strong>etiam</strong></span> <span class='ocrx_word' id='word_1_372' title='bbox 2624 1398 2678 1451; x_wconf 92' lang='lat' dir='ltr'><strong>in</strong></span> <span class='ocrx_word' id='word_1_373' title='bbox 2727 1396 2965 1451; x_wconf 86' lang='lat' dir='ltr'><strong>archivis</strong></span> <span class='ocrx_word' id='word_1_374' title='bbox 2996 1397 3255 1451; x_wconf 66' lang='lat' dir='ltr'><strong>Ecclesiae</strong></span> <span class='ocrx_word' id='word_1_375' title='bbox 3313 1396 3741 1452; x_wconf 65' lang='lat' dir='ltr'><strong>Tarraconensis</strong></span> <span class='ocrx_word' id='word_1_376' title='bbox 3770 1438 3786 1462; x_wconf 84' lang='lat'><strong>,</strong></span> 
     </span>
    </p>
   </div>
   <div class='ocr_carea' id='block_1_59' title="bbox 2209 1487 3788 1556">
    <p class='ocr_par' dir='ltr' id='par_1_59' title="bbox 2209 1487 3788 1556">
     <span class='ocr_line' id='line_1_59' title="bbox 2209 1487 3788 1556; baseline 0.001 -17"><span class='ocrx_word' id='word_1_377' title='bbox 2209 1501 2545 1556; x_wconf 88' lang='lat' dir='ltr'><strong>quarumque</strong></span> <span class='ocrx_word' id='word_1_378' title='bbox 2598 1487 2753 1541; x_wconf 79' lang='lat' dir='ltr'><strong>[idem</strong></span> <span class='ocrx_word' id='word_1_379' title='bbox 2800 1496 2854 1541; x_wconf 91' lang='lat' dir='ltr'><strong>et</strong></span> <span class='ocrx_word' id='word_1_380' title='bbox 2886 1487 3205 1541; x_wconf 89' lang='lat' dir='ltr'><strong>sententiam</strong></span> <span class='ocrx_word' id='word_1_381' title='bbox 3230 1487 3666 1555; x_wconf 84' lang='lat' dir='ltr'><strong>expendimusin</strong></span> <span class='ocrx_word' id='word_1_382' title='bbox 3691 1502 3788 1541; x_wconf 88' lang='lat' dir='ltr'><strong>se-</strong></span> 
     </span>
    </p>
   </div>
   <div class='ocr_carea' id='block_1_60' title="bbox 2209 1576 3472 1644">
    <p class='ocr_par' dir='ltr' id='par_1_60' title="bbox 2209 1576 3472 1644">
     <span class='ocr_line' id='line_1_60' title="bbox 2209 1576 3472 1644; baseline 0 -14"><span class='ocrx_word' id='word_1_383' title='bbox 2209 1577 2381 1630; x_wconf 80' lang='lat' dir='ltr'><strong>eunda</strong></span> <span class='ocrx_word' id='word_1_384' title='bbox 2422 1576 2658 1630; x_wconf 85' lang='lat' dir='ltr'><strong>editione</strong></span> <span class='ocrx_word' id='word_1_385' title='bbox 2686 1576 2804 1630; x_wconf 88' lang='lat' dir='ltr'><strong>libri</strong></span> <span class='ocrx_word' id='word_1_386' title='bbox 2833 1576 3003 1630; x_wconf 90' lang='lat' dir='ltr'><strong>nostri</strong></span> <span class='ocrx_word' id='word_1_387' title='bbox 3036 1578 3108 1629; x_wconf 86' lang='lat' dir='ltr'><strong>De</strong></span> <span class='ocrx_word' id='word_1_388' title='bbox 3140 1576 3472 1644; x_wconf 85' lang='lat' dir='ltr'><strong>primatibus.</strong></span> 
     </span>
    </p>
   </div>
   <div class='ocr_carea' id='block_1_61' title="bbox 2278 1666 3787 1736">
    <p class='ocr_par' dir='ltr' id='par_1_61' title="bbox 2278 1666 3787 1736">
     <span class='ocr_line' id='line_1_61' title="bbox 2278 1666 3787 1736; baseline 0.002 -15"><span class='ocrx_word' id='word_1_389' title='bbox 2278 1668 2434 1735; x_wconf 85' lang='lat' dir='ltr'><strong>Quod</strong></span> <span class='ocrx_word' id='word_1_390' title='bbox 2461 1670 2656 1723; x_wconf 89' lang='lat' dir='ltr'><strong>attinet</strong></span> <span class='ocrx_word' id='word_1_391' title='bbox 2684 1669 2750 1723; x_wconf 90' lang='lat' dir='ltr'><strong>ad</strong></span> <span class='ocrx_word' id='word_1_392' title='bbox 2794 1666 3133 1736; x_wconf 82' lang='lat' dir='ltr'><strong>Martialem,</strong></span> <span class='ocrx_word' id='word_1_393' title='bbox 3184 1670 3313 1723; x_wconf 92' lang='lat' dir='ltr'><strong>illud</strong></span> <span class='ocrx_word' id='word_1_394' title='bbox 3348 1685 3511 1722; x_wconf 92' lang='lat' dir='ltr'><strong>unum</strong></span> <span class='ocrx_word' id='word_1_395' title='bbox 3548 1669 3787 1724; x_wconf 83' lang='lat' dir='ltr'><strong>habetur</strong></span> 
     </span>
    </p>
   </div>
   <div class='ocr_carea' id='block_1_62' title="bbox 2206 1756 3789 1831">
    <p class='ocr_par' dir='ltr' id='par_1_62' title="bbox 2206 1756 3789 1831">
     <span class='ocr_line' id='line_1_62' title="bbox 2206 1756 3789 1831; baseline -0.001 -16"><span class='ocrx_word' id='word_1_396' title='bbox 2206 1758 2260 1815; x_wconf 83' lang='lat' dir='ltr'><strong>In</strong></span> <span class='ocrx_word' id='word_1_397' title='bbox 2290 1758 2691 1831; x_wconf 82' lang='lat' dir='ltr'><strong>Martyrologiis</strong></span> <span class='ocrx_word' id='word_1_398' title='bbox 2744 1757 3043 1823; x_wconf 88' lang='lat' dir='ltr'><strong>veteribus,</strong></span> <span class='ocrx_word' id='word_1_399' title='bbox 3096 1772 3219 1812; x_wconf 92' lang='lat' dir='ltr'><strong>eum</strong></span> <span class='ocrx_word' id='word_1_400' title='bbox 3269 1756 3569 1812; x_wconf 77' lang='lat' dir='ltr'><strong>Lemovicze</strong></span> <span class='ocrx_word' id='word_1_401' title='bbox 3612 1757 3789 1813; x_wconf 75' lang='lat' dir='ltr'><strong>fuisse</strong></span> 
     </span>
    </p>
   </div>
   <div class='ocr_carea' id='block_1_63' title="bbox 2208 1848 3783 1922">
    <p class='ocr_par' dir='ltr' id='par_1_63' title="bbox 2208 1848 3783 1922">
     <span class='ocr_line' id='line_1_63' title="bbox 2208 1848 3783 1922; baseline -0.002 -17"><span class='ocrx_word' id='word_1_402' title='bbox 2208 1852 2546 1922; x_wconf 90' lang='lat' dir='ltr'><strong>episcopum.</strong></span> <span class='ocrx_word' id='word_1_403' title='bbox 2598 1848 2985 1904; x_wconf 80' lang='lat' dir='ltr'><strong>Verumtamen</strong></span> <span class='ocrx_word' id='word_1_404' title='bbox 3045 1850 3265 1919; x_wconf 82' lang='lat' dir='ltr'><strong>antiqua</strong></span> <span class='ocrx_word' id='word_1_405' title='bbox 3300 1850 3415 1919; x_wconf 84' lang='lat' dir='ltr'><strong>ejus</strong></span> <span class='ocrx_word' id='word_1_406' title='bbox 3448 1849 3570 1904; x_wconf 73' lang='lat' dir='ltr'><strong>vitas</strong></span> <span class='ocrx_word' id='word_1_407' title='bbox 3604 1850 3737 1903; x_wconf 87' lang='lat' dir='ltr'><strong>Acta</strong></span> <span class='ocrx_word' id='word_1_408' title='bbox 3764 1890 3783 1914; x_wconf 92' lang='lat'><strong>,</strong></span> 
     </span>
    </p>
   </div>
   <div class='ocr_carea' id='block_1_64' title="bbox 2209 1937 3789 2009">
    <p class='ocr_par' dir='ltr' id='par_1_64' title="bbox 2209 1937 3789 2009">
     <span class='ocr_line' id='line_1_64' title="bbox 2209 1937 3789 2009; baseline -0.003 -13"><span class='ocrx_word' id='word_1_409' title='bbox 2209 1957 2373 1996; x_wconf 88' lang='lat' dir='ltr'><strong>unum</strong></span> <span class='ocrx_word' id='word_1_410' title='bbox 2405 1940 2572 1995; x_wconf 77' lang='lat' dir='ltr'><strong>fuisse</strong></span> <span class='ocrx_word' id='word_1_411' title='bbox 2604 1954 2635 1994; x_wconf 91' lang='lat' dir='ltr'><strong>e</strong></span> <span class='ocrx_word' id='word_1_412' title='bbox 2677 1953 2783 1993; x_wconf 77' lang='lat' dir='ltr'><strong>Lxx</strong></span> <span class='ocrx_word' id='word_1_413' title='bbox 2848 1938 3127 2009; x_wconf 88' lang='lat' dir='ltr'><strong>discipulis</strong></span> <span class='ocrx_word' id='word_1_414' title='bbox 3177 1938 3424 2003; x_wconf 88' lang='lat' dir='ltr'><strong>Domini,</strong></span> <span class='ocrx_word' id='word_1_415' title='bbox 3465 1948 3520 1993; x_wconf 86' lang='lat' dir='ltr'><strong>et</strong></span> <span class='ocrx_word' id='word_1_416' title='bbox 3560 1954 3588 1992; x_wconf 87' lang='lat' dir='ltr'><strong>a</strong></span> <span class='ocrx_word' id='word_1_417' title='bbox 3620 1937 3789 1993; x_wconf 86' lang='lat' dir='ltr'><strong>Petro</strong></span> 
     </span>
    </p>
   </div>
   <div class='ocr_carea' id='block_1_65' title="bbox 2208 2029 3786 2104">
    <p class='ocr_par' dir='ltr' id='par_1_65' title="bbox 2208 2029 3786 2104">
     <span class='ocr_line' id='line_1_65' title="bbox 2208 2029 3786 2104; baseline -0.003 -14"><span class='ocrx_word' id='word_1_418' title='bbox 2208 2034 2456 2104; x_wconf 83' lang='lat' dir='ltr'><strong>apostolo</strong></span> <span class='ocrx_word' id='word_1_419' title='bbox 2484 2033 2552 2087; x_wconf 83' lang='lat' dir='ltr'><strong>ad</strong></span> <span class='ocrx_word' id='word_1_420' title='bbox 2590 2033 2891 2101; x_wconf 82' lang='lat' dir='ltr'><strong>Aquitanos</strong></span> <span class='ocrx_word' id='word_1_421' title='bbox 2924 2032 3148 2085; x_wconf 88' lang='lat' dir='ltr'><strong>missum</strong></span> <span class='ocrx_word' id='word_1_422' title='bbox 3186 2029 3416 2095; x_wconf 89' lang='lat' dir='ltr'><strong>docent;</strong></span> <span class='ocrx_word' id='word_1_423' title='bbox 3448 2045 3610 2099; x_wconf 89' lang='lat' dir='ltr'><strong>quam</strong></span> <span class='ocrx_word' id='word_1_424' title='bbox 3665 2042 3786 2085; x_wconf 84' lang='lat' dir='ltr'><strong>tra-</strong></span> 
     </span>
    </p>
   </div>
   <div class='ocr_carea' id='block_1_66' title="bbox 2206 2122 3789 2196">
    <p class='ocr_par' dir='ltr' id='par_1_66' title="bbox 2206 2122 3789 2196">
     <span class='ocr_line' id='line_1_66' title="bbox 2206 2122 3789 2196; baseline -0.004 -12"><span class='ocrx_word' id='word_1_425' title='bbox 2206 2129 2466 2184; x_wconf 89' lang='lat' dir='ltr'><strong>ditionem</strong></span> <span class='ocrx_word' id='word_1_426' title='bbox 2493 2125 2739 2196; x_wconf 83' lang='lat' dir='ltr'><strong>amplexa</strong></span> <span class='ocrx_word' id='word_1_427' title='bbox 2770 2134 2857 2179; x_wconf 90' lang='lat' dir='ltr'><strong>est</strong></span> <span class='ocrx_word' id='word_1_428' title='bbox 2902 2125 3143 2196; x_wconf 77' lang='lat' dir='ltr'><strong>synodus</strong></span> <span class='ocrx_word' id='word_1_429' title='bbox 3185 2122 3592 2178; x_wconf 86' lang='lat' dir='ltr'><strong>Lemovicensis</strong></span> <span class='ocrx_word' id='word_1_430' title='bbox 3638 2138 3789 2178; x_wconf 88' lang='lat' dir='ltr'><strong>anno</strong></span> 
     </span>
    </p>
   </div>
   <div class='ocr_carea' id='block_1_67' title="bbox 2208 2204 3793 2285">
    <p class='ocr_par' dir='ltr' id='par_1_67' title="bbox 2208 2204 3793 2285">
     <span class='ocr_line' id='line_1_67' title="bbox 2208 2204 3793 2285; baseline -0.003 -12"><span class='ocrx_word' id='word_1_431' title='bbox 2208 2218 2347 2274; x_wconf 69' lang='lat'><strong>£034</strong></span> <span class='ocrx_word' id='word_1_432' title='bbox 2382 2219 2434 2271; x_wconf 92' lang='lat' dir='ltr'><strong>in</strong></span> <span class='ocrx_word' id='word_1_433' title='bbox 2466 2216 2864 2285; x_wconf 88' lang='lat' dir='ltr'><strong>disceptatione</strong></span> <span class='ocrx_word' id='word_1_434' title='bbox 2905 2228 3025 2283; x_wconf 65' lang='lat' dir='ltr'><strong>quae</strong></span> <span class='ocrx_word' id='word_1_435' title='bbox 3075 2215 3143 2269; x_wconf 88' lang='lat' dir='ltr'><strong>de</strong></span> <span class='ocrx_word' id='word_1_436' title='bbox 3180 2212 3442 2269; x_wconf 81' lang='lat' dir='ltr'><strong>Martialis</strong></span> <span class='ocrx_word' id='word_1_437' title='bbox 3478 2204 3793 2284; x_wconf 14' lang='lat' dir='ltr'><strong>apostolatui</strong></span> 
     </span>
    </p>
   </div>
   <div class='ocr_carea' id='block_1_68' title="bbox 2206 2309 2816 2366">
    <p class='ocr_par' dir='ltr' id='par_1_68' title="bbox 2206 2309 2816 2366">
     <span class='ocr_line' id='line_1_68' title="bbox 2206 2309 2816 2366; baseline -0.007 -1"><span class='ocrx_word' id='word_1_438' title='bbox 2206 2310 2259 2366; x_wconf 92' lang='lat' dir='ltr'><strong>in</strong></span> <span class='ocrx_word' id='word_1_439' title='bbox 2284 2309 2473 2365; x_wconf 87' lang='lat' dir='ltr'><strong>Galliis</strong></span> <span class='ocrx_word' id='word_1_440' title='bbox 2504 2309 2687 2363; x_wconf 86' lang='lat' dir='ltr'><strong>habita</strong></span> <span class='ocrx_word' id='word_1_441' title='bbox 2714 2316 2816 2363; x_wconf 91' lang='lat' dir='ltr'><strong>est.</strong></span> 
     </span>
    </p>
   </div>
   <div class='ocr_carea' id='block_1_69' title="bbox 2279 2401 3788 2473">
    <p class='ocr_par' dir='ltr' id='par_1_69' title="bbox 2279 2401 3788 2473">
     <span class='ocr_line' id='line_1_69' title="bbox 2279 2401 3788 2473; baseline 0.001 -17"><span class='ocrx_word' id='word_1_442' title='bbox 2279 2403 2521 2473; x_wconf 80' lang='lat' dir='ltr'><strong>Dionysii</strong></span> <span class='ocrx_word' id='word_1_443' title='bbox 2559 2401 2880 2457; x_wconf 85' lang='lat' dir='ltr'><strong>Parisiensis</strong></span> <span class='ocrx_word' id='word_1_444' title='bbox 2905 2402 3151 2457; x_wconf 90' lang='lat' dir='ltr'><strong>succedit</strong></span> <span class='ocrx_word' id='word_1_445' title='bbox 3182 2412 3377 2457; x_wconf 84' lang='lat' dir='ltr'><strong>vexata</strong></span> <span class='ocrx_word' id='word_1_446' title='bbox 3401 2403 3788 2473; x_wconf 83' lang='lat' dir='ltr'><strong>disputationi-</strong></span> 
     </span>
    </p>
   </div>
   <div class='ocr_carea' id='block_1_70' title="bbox 2204 2496 3783 2565">
    <p class='ocr_par' dir='ltr' id='par_1_70' title="bbox 2204 2496 3783 2565">
     <span class='ocr_line' id='line_1_70' title="bbox 2204 2496 3783 2565; baseline -0.001 -14"><span class='ocrx_word' id='word_1_447' title='bbox 2204 2496 2306 2551; x_wconf 86' lang='lat' dir='ltr'><strong>bus</strong></span> <span class='ocrx_word' id='word_1_448' title='bbox 2339 2496 2789 2564; x_wconf 81' lang='lat' dir='ltr'><strong>gravissimorum</strong></span> <span class='ocrx_word' id='word_1_449' title='bbox 2838 2497 3079 2549; x_wconf 88' lang='lat' dir='ltr'><strong>virorum</strong></span> <span class='ocrx_word' id='word_1_450' title='bbox 3107 2497 3317 2565; x_wconf 88' lang='lat' dir='ltr'><strong>epocha</strong></span> <span class='ocrx_word' id='word_1_451' title='bbox 3349 2513 3363 2550; x_wconf 92' lang='lat'><strong>:</strong></span> <span class='ocrx_word' id='word_1_452' title='bbox 3402 2497 3485 2550; x_wconf 90' lang='lat' dir='ltr'><strong>his</strong></span> <span class='ocrx_word' id='word_1_453' title='bbox 3508 2499 3783 2551; x_wconf 79' lang='lat' dir='ltr'><strong>stantibus</strong></span> 
     </span>
    </p>
   </div>
   <div class='ocr_carea' id='block_1_71' title="bbox 2206 2581 3781 2654">
    <p class='ocr_par' dir='ltr' id='par_1_71' title="bbox 2206 2581 3781 2654">
     <span class='ocr_line' id='line_1_71' title="bbox 2206 2581 3781 2654; baseline 0.003 -19"><span class='ocrx_word' id='word_1_454' title='bbox 2206 2596 2233 2635; x_wconf 88' lang='lat' dir='ltr'><strong>a</strong></span> <span class='ocrx_word' id='word_1_455' title='bbox 2269 2581 2549 2650; x_wconf 78' lang='lat' dir='ltr'><strong>Gregorio,</strong></span> <span class='ocrx_word' id='word_1_456' title='bbox 2583 2593 2639 2637; x_wconf 92' lang='lat' dir='ltr'><strong>et</strong></span> <span class='ocrx_word' id='word_1_457' title='bbox 2688 2585 2754 2636; x_wconf 90' lang='lat' dir='ltr'><strong>ad</strong></span> <span class='ocrx_word' id='word_1_458' title='bbox 2795 2582 2943 2637; x_wconf 88' lang='lat' dir='ltr'><strong>Decii</strong></span> <span class='ocrx_word' id='word_1_459' title='bbox 2976 2593 3217 2654; x_wconf 80' lang='lat' dir='ltr'><strong>tempora</strong></span> <span class='ocrx_word' id='word_1_460' title='bbox 3270 2586 3569 2640; x_wconf 88' lang='lat' dir='ltr'><strong>antistitem</strong></span> <span class='ocrx_word' id='word_1_461' title='bbox 3623 2587 3781 2641; x_wconf 87' lang='lat' dir='ltr'><strong>illum</strong></span> 
     </span>
    </p>
   </div>
   <div class='ocr_carea' id='block_1_72' title="bbox 2204 2675 3784 2751">
    <p class='ocr_par' dir='ltr' id='par_1_72' title="bbox 2204 2675 3784 2751">
     <span class='ocr_line' id='line_1_72' title="bbox 2204 2675 3784 2751; baseline 0.003 -24"><span class='ocrx_word' id='word_1_462' title='bbox 2204 2675 2638 2740; x_wconf 80' lang='lat' dir='ltr'><strong>detrudentihus,</strong></span> <span class='ocrx_word' id='word_1_463' title='bbox 2666 2689 2773 2743; x_wconf 85' lang='lat' dir='ltr'><strong>quo</strong></span> <span class='ocrx_word' id='word_1_464' title='bbox 2820 2690 2943 2745; x_wconf 87' lang='lat' dir='ltr'><strong>spes</strong></span> <span class='ocrx_word' id='word_1_465' title='bbox 2978 2677 3157 2731; x_wconf 89' lang='lat' dir='ltr'><strong>omnis</strong></span> <span class='ocrx_word' id='word_1_466' title='bbox 3189 2677 3551 2733; x_wconf 82' lang='lat' dir='ltr'><strong>Parisiensem</strong></span> <span class='ocrx_word' id='word_1_467' title='bbox 3579 2679 3784 2751; x_wconf 81' lang='lat' dir='ltr'><strong>Diony-</strong></span> 
     </span>
    </p>
   </div>
   <div class='ocr_carea' id='block_1_73' title="bbox 2204 2764 3782 2839">
    <p class='ocr_par' dir='ltr' id='par_1_73' title="bbox 2204 2764 3782 2839">
     <span class='ocr_line' id='line_1_73' title="bbox 2204 2764 3782 2839; baseline 0.003 -20"><span class='ocrx_word' id='word_1_468' title='bbox 2204 2764 2342 2819; x_wconf 85' lang='lat' dir='ltr'><strong>sium</strong></span> <span class='ocrx_word' id='word_1_469' title='bbox 2372 2780 2492 2819; x_wconf 91' lang='lat' dir='ltr'><strong>cum</strong></span> <span class='ocrx_word' id='word_1_470' title='bbox 2522 2767 2850 2838; x_wconf 80' lang='lat' dir='ltr'><strong>Arcopagita</strong></span> <span class='ocrx_word' id='word_1_471' title='bbox 2894 2769 3252 2839; x_wconf 88' lang='lat' dir='ltr'><strong>permiscendi</strong></span> <span class='ocrx_word' id='word_1_472' title='bbox 3292 2770 3683 2826; x_wconf 88' lang='lat' dir='ltr'><strong>abscindatur:</strong></span> <span class='ocrx_word' id='word_1_473' title='bbox 3719 2772 3782 2826; x_wconf 84' lang='lat' dir='ltr'><strong>il-</strong></span> 
     </span>
    </p>
   </div>
   <div class='ocr_carea' id='block_1_74' title="bbox 2205 2855 3785 2929">
    <p class='ocr_par' dir='ltr' id='par_1_74' title="bbox 2205 2855 3785 2929">
     <span class='ocr_line' id='line_1_74' title="bbox 2205 2855 3785 2929; baseline 0.004 -21"><span class='ocrx_word' id='word_1_474' title='bbox 2205 2855 2274 2910; x_wconf 90' lang='lat' dir='ltr'><strong>lis</strong></span> <span class='ocrx_word' id='word_1_475' title='bbox 2300 2871 2455 2922; x_wconf 86' lang='lat' dir='ltr'><strong>vero,</strong></span> <span class='ocrx_word' id='word_1_476' title='bbox 2487 2859 2761 2912; x_wconf 87' lang='lat' dir='ltr'><strong>contrario</strong></span> <span class='ocrx_word' id='word_1_477' title='bbox 2784 2860 3084 2929; x_wconf 91' lang='lat' dir='ltr'><strong>proposito,</strong></span> <span class='ocrx_word' id='word_1_478' title='bbox 3113 2858 3179 2912; x_wconf 87' lang='lat' dir='ltr'><strong>ad</strong></span> <span class='ocrx_word' id='word_1_479' title='bbox 3215 2858 3547 2915; x_wconf 89' lang='lat' dir='ltr'><strong>Clementem</strong></span> <span class='ocrx_word' id='word_1_480' title='bbox 3579 2860 3785 2915; x_wconf 78' lang='lat' dir='ltr'><strong>Roma—</strong></span> 
     </span>
    </p>
   </div>
   <div class='ocr_carea' id='block_1_75' title="bbox 2207 2949 3782 3018">
    <p class='ocr_par' dir='ltr' id='par_1_75' title="bbox 2207 2949 3782 3018">
     <span class='ocr_line' id='line_1_75' title="bbox 2207 2949 3782 3018; baseline 0.003 -14"><span class='ocrx_word' id='word_1_481' title='bbox 2207 2964 2332 3004; x_wconf 92' lang='lat' dir='ltr'><strong>num</strong></span> <span class='ocrx_word' id='word_1_482' title='bbox 2358 2949 2474 3018; x_wconf 88' lang='lat' dir='ltr'><strong>ejus</strong></span> <span class='ocrx_word' id='word_1_483' title='bbox 2504 2950 2813 3004; x_wconf 90' lang='lat' dir='ltr'><strong>missionem</strong></span> <span class='ocrx_word' id='word_1_484' title='bbox 2848 2950 3228 3006; x_wconf 79' lang='lat' dir='ltr'><strong>referentibus.</strong></span> <span class='ocrx_word' id='word_1_485' title='bbox 3261 2950 3405 3005; x_wconf 88' lang='lat' dir='ltr'><strong>Sane</strong></span> <span class='ocrx_word' id='word_1_486' title='bbox 3435 2966 3464 3004; x_wconf 88' lang='lat' dir='ltr'><strong>a</strong></span> <span class='ocrx_word' id='word_1_487' title='bbox 3495 2951 3782 3008; x_wconf 85' lang='lat' dir='ltr'><strong>Clemente</strong></span> 
     </span>
    </p>
   </div>
   <div class='ocr_carea' id='block_1_76' title="bbox 2206 3041 3783 3114">
    <p class='ocr_par' dir='ltr' id='par_1_76' title="bbox 2206 3041 3783 3114">
     <span class='ocr_line' id='line_1_76' title="bbox 2206 3041 3783 3114; baseline 0.001 -18"><span class='ocrx_word' id='word_1_488' title='bbox 2206 3044 2257 3097; x_wconf 86' lang='lat' dir='ltr'><strong>in</strong></span> <span class='ocrx_word' id='word_1_489' title='bbox 2282 3042 2487 3097; x_wconf 87' lang='lat' dir='ltr'><strong>Gallias</strong></span> <span class='ocrx_word' id='word_1_490' title='bbox 2512 3042 2825 3114; x_wconf 86' lang='lat' dir='ltr'><strong>Dionysium</strong></span> <span class='ocrx_word' id='word_1_491' title='bbox 2858 3044 3081 3097; x_wconf 87' lang='lat' dir='ltr'><strong>missum</strong></span> <span class='ocrx_word' id='word_1_492' title='bbox 3118 3041 3302 3108; x_wconf 80' lang='lat' dir='ltr'><strong>fuisse,</strong></span> <span class='ocrx_word' id='word_1_493' title='bbox 3330 3042 3470 3097; x_wconf 87' lang='lat' dir='ltr'><strong>Beda</strong></span> <span class='ocrx_word' id='word_1_494' title='bbox 3488 3053 3541 3099; x_wconf 91' lang='lat' dir='ltr'><strong>el</strong></span> <span class='ocrx_word' id='word_1_495' title='bbox 3570 3043 3783 3101; x_wconf 83' lang='lat' dir='ltr'><strong>Usuar-</strong></span> 
     </span>
    </p>
   </div>
   <div class='ocr_carea' id='block_1_77' title="bbox 2207 3132 3781 3205">
    <p class='ocr_par' dir='ltr' id='par_1_77' title="bbox 2207 3132 3781 3205">
     <span class='ocr_line' id='line_1_77' title="bbox 2207 3132 3781 3205; baseline 0.008 -26"><span class='ocrx_word' id='word_1_496' title='bbox 2207 3136 2305 3187; x_wconf 86' lang='lat' dir='ltr'><strong>dus</strong></span> <span class='ocrx_word' id='word_1_497' title='bbox 2334 3135 2531 3188; x_wconf 89' lang='lat' dir='ltr'><strong>docent</strong></span> <span class='ocrx_word' id='word_1_498' title='bbox 2557 3133 2611 3187; x_wconf 91' lang='lat' dir='ltr'><strong>in</strong></span> <span class='ocrx_word' id='word_1_499' title='bbox 2632 3134 2747 3189; x_wconf 88' lang='lat' dir='ltr'><strong>suis</strong></span> <span class='ocrx_word' id='word_1_500' title='bbox 2768 3132 3166 3205; x_wconf 81' lang='lat' dir='ltr'><strong>Martyrologiis</strong></span> <span class='ocrx_word' id='word_1_501' title='bbox 3191 3154 3204 3190; x_wconf 91' lang='lat'><strong>:</strong></span> <span class='ocrx_word' id='word_1_502' title='bbox 3234 3150 3395 3205; x_wconf 90' lang='lat' dir='ltr'><strong>quam</strong></span> <span class='ocrx_word' id='word_1_503' title='bbox 3429 3136 3781 3191; x_wconf 86' lang='lat' dir='ltr'><strong>traditionem</strong></span> 
     </span>
    </p>
   </div>
   <div class='ocr_carea' id='block_1_78' title="bbox 2208 3225 3781 3297">
    <p class='ocr_par' dir='ltr' id='par_1_78' title="bbox 2208 3225 3781 3297">
     <span class='ocr_line' id='line_1_78' title="bbox 2208 3225 3781 3297; baseline 0.004 -22"><span class='ocrx_word' id='word_1_504' title='bbox 2208 3237 2301 3276; x_wconf 90' lang='lat' dir='ltr'><strong>eos</strong></span> <span class='ocrx_word' id='word_1_505' title='bbox 2334 3225 2581 3281; x_wconf 83' lang='lat' dir='ltr'><strong>hausisse</strong></span> <span class='ocrx_word' id='word_1_506' title='bbox 2606 3236 2811 3282; x_wconf 89' lang='lat' dir='ltr'><strong>certum</strong></span> <span class='ocrx_word' id='word_1_507' title='bbox 2853 3238 3026 3281; x_wconf 79' lang='lat' dir='ltr'><strong>estex</strong></span> <span class='ocrx_word' id='word_1_508' title='bbox 3057 3226 3202 3280; x_wconf 88' lang='lat' dir='ltr'><strong>Actis</strong></span> <span class='ocrx_word' id='word_1_509' title='bbox 3250 3227 3491 3297; x_wconf 78' lang='lat' dir='ltr'><strong>antiquis</strong></span> <span class='ocrx_word' id='word_1_510' title='bbox 3538 3228 3671 3285; x_wconf 72' lang='lat' dir='ltr'><strong>Viue</strong></span> <span class='ocrx_word' id='word_1_511' title='bbox 3713 3229 3781 3283; x_wconf 84' lang='lat' dir='ltr'><strong>S.</strong></span> 
     </span>
    </p>
   </div>
   <div class='ocr_carea' id='block_1_79' title="bbox 2207 3318 3785 3390">
    <p class='ocr_par' dir='ltr' id='par_1_79' title="bbox 2207 3318 3785 3390">
     <span class='ocr_line' id='line_1_79' title="bbox 2207 3318 3785 3390; baseline 0 -17"><span class='ocrx_word' id='word_1_512' title='bbox 2207 3318 2494 3390; x_wconf 85' lang='lat' dir='ltr'><strong>Dionysii,</strong></span> <span class='ocrx_word' id='word_1_513' title='bbox 2552 3334 2671 3389; x_wconf 83' lang='lat' dir='ltr'><strong>quae</strong></span> <span class='ocrx_word' id='word_1_514' title='bbox 2717 3320 2916 3375; x_wconf 89' lang='lat' dir='ltr'><strong>dudum</strong></span> <span class='ocrx_word' id='word_1_515' title='bbox 2968 3335 3034 3373; x_wconf 82' lang='lat' dir='ltr'><strong>ex</strong></span> <span class='ocrx_word' id='word_1_516' title='bbox 3089 3335 3217 3374; x_wconf 88' lang='lat' dir='ltr'><strong>mss.</strong></span> <span class='ocrx_word' id='word_1_517' title='bbox 3276 3321 3558 3375; x_wconf 83' lang='lat' dir='ltr'><strong>codicibus</strong></span> <span class='ocrx_word' id='word_1_518' title='bbox 3609 3320 3785 3376; x_wconf 86' lang='lat' dir='ltr'><strong>edidit</strong></span> 
     </span>
    </p>
   </div>
   <div class='ocr_carea' id='block_1_80' title="bbox 2207 3412 3782 3484">
    <p class='ocr_par' dir='ltr' id='par_1_80' title="bbox 2207 3412 3782 3484">
     <span class='ocr_line' id='line_1_80' title="bbox 2207 3412 3782 3484; baseline 0.001 -16"><span class='ocrx_word' id='word_1_519' title='bbox 2207 3412 2273 3471; x_wconf 75' lang='grc' dir='ltr'><strong>ν.</strong></span> <span class='ocrx_word' id='word_1_520' title='bbox 2297 3414 2356 3469; x_wconf 89' lang='lat' dir='ltr'><strong>C.</strong></span> <span class='ocrx_word' id='word_1_521' title='bbox 2388 3424 2443 3468; x_wconf 88' lang='lat' dir='ltr'><strong>et</strong></span> <span class='ocrx_word' id='word_1_522' title='bbox 2477 3414 2879 3468; x_wconf 88' lang='lat' dir='ltr'><strong>eruditissimus</strong></span> <span class='ocrx_word' id='word_1_523' title='bbox 2933 3413 3257 3468; x_wconf 85' lang='lat' dir='ltr'><strong>Franciscus</strong></span> <span class='ocrx_word' id='word_1_524' title='bbox 3287 3413 3607 3484; x_wconf 85' lang='lat' dir='ltr'><strong>Bosquctus,</strong></span> <span class='ocrx_word' id='word_1_525' title='bbox 3636 3431 3782 3470; x_wconf 79' lang='lat' dir='ltr'><strong>nunc</strong></span> 
     </span>
    </p>
   </div>
   <div class='ocr_carea' id='block_1_81' title="bbox 2209 3500 3786 3573">
    <p class='ocr_par' dir='ltr' id='par_1_81' title="bbox 2209 3500 3786 3573">
     <span class='ocr_line' id='line_1_81' title="bbox 2209 3500 3786 3573; baseline 0.003 -19"><span class='ocrx_word' id='word_1_526' title='bbox 2209 3500 2596 3556; x_wconf 91' lang='lat' dir='ltr'><strong>meritissimus</strong></span> <span class='ocrx_word' id='word_1_527' title='bbox 2626 3502 2914 3570; x_wconf 87' lang='lat' dir='ltr'><strong>episcopus</strong></span> <span class='ocrx_word' id='word_1_528' title='bbox 2941 3502 3196 3556; x_wconf 79' lang='lat' dir='ltr'><strong>Ecclesiae</strong></span> <span class='ocrx_word' id='word_1_529' title='bbox 3218 3502 3649 3573; x_wconf 82' lang='lat' dir='ltr'><strong>Monspeliensis.</strong></span> <span class='ocrx_word' id='word_1_530' title='bbox 3677 3504 3786 3559; x_wconf 78' lang='lat' dir='ltr'><strong>No-</strong></span> 
     </span>
    </p>
   </div>
   <div class='ocr_carea' id='block_1_82' title="bbox 2207 3581 3781 3660">
    <p class='ocr_par' dir='ltr' id='par_1_82' title="bbox 2207 3581 3781 3660">
     <span class='ocr_line' id='line_1_82' title="bbox 2207 3581 3781 3660; baseline 0.004 -15"><span class='ocrx_word' id='word_1_531' title='bbox 2207 3607 2330 3645; x_wconf 88' lang='lat' dir='ltr'><strong>men</strong></span> <span class='ocrx_word' id='word_1_532' title='bbox 2356 3593 2595 3647; x_wconf 88' lang='lat' dir='ltr'><strong>auctoris</strong></span> <span class='ocrx_word' id='word_1_533' title='bbox 2639 3590 2784 3646; x_wconf 85' lang='lat' dir='ltr'><strong>illius</strong></span> <span class='ocrx_word' id='word_1_534' title='bbox 2821 3581 2956 3646; x_wconf 64' lang='lat' dir='ltr'><strong>Vita:</strong></span> <span class='ocrx_word' id='word_1_535' title='bbox 2991 3588 3315 3660; x_wconf 84' lang='lat' dir='ltr'><strong>deprehendi</strong></span> <span class='ocrx_word' id='word_1_536' title='bbox 3365 3595 3418 3648; x_wconf 88' lang='lat' dir='ltr'><strong>itt</strong></span> <span class='ocrx_word' id='word_1_537' title='bbox 3453 3595 3643 3650; x_wconf 89' lang='lat' dir='ltr'><strong>codice</strong></span> <span class='ocrx_word' id='word_1_538' title='bbox 3675 3612 3781 3652; x_wconf 86' lang='lat' dir='ltr'><strong>ms.</strong></span> 
     </span>
    </p>
   </div>
   <div class='ocr_carea' id='block_1_83' title="bbox 2206 3681 3782 3754">
    <p class='ocr_par' dir='ltr' id='par_1_83' title="bbox 2206 3681 3782 3754">
     <span class='ocr_line' id='line_1_83' title="bbox 2206 3681 3782 3754; baseline 0.003 -18"><span class='ocrx_word' id='word_1_539' title='bbox 2206 3681 2538 3737; x_wconf 88' lang='lat' dir='ltr'><strong>Turonensis</strong></span> <span class='ocrx_word' id='word_1_540' title='bbox 2569 3682 2847 3750; x_wconf 63' lang='lat' dir='ltr'><strong>Ecclesiae,</strong></span> <span class='ocrx_word' id='word_1_541' title='bbox 2894 3685 2988 3753; x_wconf 92' lang='lat' dir='ltr'><strong>qui</strong></span> <span class='ocrx_word' id='word_1_542' title='bbox 3050 3685 3429 3754; x_wconf 90' lang='lat' dir='ltr'><strong>complectitur</strong></span> <span class='ocrx_word' id='word_1_543' title='bbox 3463 3684 3611 3742; x_wconf 82' lang='lat' dir='ltr'><strong>Vitas</strong></span> <span class='ocrx_word' id='word_1_544' title='bbox 3646 3704 3782 3743; x_wconf 88' lang='lat' dir='ltr'><strong>san-</strong></span> 
     </span>
    </p>
   </div>
   <div class='ocr_carea' id='block_1_84' title="bbox 2204 3774 3786 3847">
    <p class='ocr_par' dir='ltr' id='par_1_84' title="bbox 2204 3774 3786 3847">
     <span class='ocr_line' id='line_1_84' title="bbox 2204 3774 3786 3847; baseline 0.003 -17"><span class='ocrx_word' id='word_1_545' title='bbox 2204 3786 2414 3830; x_wconf 89' lang='lat' dir='ltr'><strong>ctorum</strong></span> <span class='ocrx_word' id='word_1_546' title='bbox 2440 3774 2644 3845; x_wconf 87' lang='lat' dir='ltr'><strong>aliquot</strong></span> <span class='ocrx_word' id='word_1_547' title='bbox 2675 3793 2703 3828; x_wconf 88' lang='lat' dir='ltr'><strong>a</strong></span> <span class='ocrx_word' id='word_1_548' title='bbox 2737 3776 3036 3831; x_wconf 89' lang='lat' dir='ltr'><strong>Fortunan</strong></span> <span class='ocrx_word' id='word_1_549' title='bbox 3064 3777 3391 3847; x_wconf 89' lang='lat' dir='ltr'><strong>descriptas,</strong></span> <span class='ocrx_word' id='word_1_550' title='bbox 3416 3790 3473 3832; x_wconf 92' lang='lat' dir='ltr'><strong>et</strong></span> <span class='ocrx_word' id='word_1_551' title='bbox 3504 3781 3643 3835; x_wconf 90' lang='lat' dir='ltr'><strong>inter</strong></span> <span class='ocrx_word' id='word_1_552' title='bbox 3675 3796 3786 3834; x_wconf 63' lang='lat' dir='ltr'><strong>cm-</strong></span> 
     </span>
    </p>
   </div>
   <div class='ocr_carea' id='block_1_85' title="bbox 2205 3865 3783 3940">
    <p class='ocr_par' dir='ltr' id='par_1_85' title="bbox 2205 3865 3783 3940">
     <span class='ocr_line' id='line_1_85' title="bbox 2205 3865 3783 3940; baseline 0.003 -17"><span class='ocrx_word' id='word_1_553' title='bbox 2205 3876 2375 3931; x_wconf 88' lang='lat' dir='ltr'><strong>teras,</strong></span> <span class='ocrx_word' id='word_1_554' title='bbox 2415 3867 2653 3938; x_wconf 86' lang='lat' dir='ltr'><strong>Dionysii</strong></span> <span class='ocrx_word' id='word_1_555' title='bbox 2683 3865 3009 3923; x_wconf 77' lang='lat' dir='ltr'><strong>Parisiensis</strong></span> <span class='ocrx_word' id='word_1_556' title='bbox 3050 3869 3195 3923; x_wconf 89' lang='lat' dir='ltr'><strong>illam</strong></span> <span class='ocrx_word' id='word_1_557' title='bbox 3226 3885 3345 3939; x_wconf 77' lang='lat' dir='ltr'><strong>qua:</strong></span> <span class='ocrx_word' id='word_1_558' title='bbox 3378 3870 3524 3938; x_wconf 83' lang='lat' dir='ltr'><strong>jam,</strong></span> <span class='ocrx_word' id='word_1_559' title='bbox 3560 3882 3617 3925; x_wconf 92' lang='lat' dir='ltr'><strong>ut</strong></span> <span class='ocrx_word' id='word_1_560' title='bbox 3640 3871 3783 3940; x_wconf 76' lang='lat' dir='ltr'><strong>dixi,</strong></span> 
     </span>
    </p>
   </div>
   <div class='ocr_carea' id='block_1_86' title="bbox 2203 3960 3781 4032">
    <p class='ocr_par' dir='ltr' id='par_1_86' title="bbox 2203 3960 3781 4032">
     <span class='ocr_line' id='line_1_86' title="bbox 2203 3960 3781 4032; baseline 0.003 -15"><span class='ocrx_word' id='word_1_561' title='bbox 2203 3962 2348 4017; x_wconf 89' lang='lat' dir='ltr'><strong>edita</strong></span> <span class='ocrx_word' id='word_1_562' title='bbox 2380 3972 2462 4016; x_wconf 88' lang='lat' dir='ltr'><strong>est</strong></span> <span class='ocrx_word' id='word_1_563' title='bbox 2496 3962 2549 4015; x_wconf 90' lang='lat' dir='ltr'><strong>iu</strong></span> <span class='ocrx_word' id='word_1_564' title='bbox 2586 3960 2884 4032; x_wconf 86' lang='lat' dir='ltr'><strong>publicum.</strong></span> <span class='ocrx_word' id='word_1_565' title='bbox 2936 3961 3205 4017; x_wconf 83' lang='lat' dir='ltr'><strong>Habemus</strong></span> <span class='ocrx_word' id='word_1_566' title='bbox 3259 3979 3387 4032; x_wconf 74' lang='lat' dir='ltr'><strong>ergo</strong></span> <span class='ocrx_word' id='word_1_567' title='bbox 3415 3964 3781 4021; x_wconf 82' lang='lat' dir='ltr'><strong>Fortunatth</strong></span> 
     </span>
    </p>
   </div>
   <div class='ocr_carea' id='block_1_87' title="bbox 2209 4053 3785 4126">
    <p class='ocr_par' dir='ltr' id='par_1_87' title="bbox 2209 4053 3785 4126">
     <span class='ocr_line' id='line_1_87' title="bbox 2209 4053 3785 4126; baseline 0.002 -17"><span class='ocrx_word' id='word_1_568' title='bbox 2209 4053 2587 4110; x_wconf 80' lang='lat' dir='ltr'><strong>l’ictavensem</strong></span> <span class='ocrx_word' id='word_1_569' title='bbox 2624 4054 2972 4123; x_wconf 79' lang='lat' dir='ltr'><strong>episcopum,</strong></span> <span class='ocrx_word' id='word_1_570' title='bbox 3004 4056 3268 4122; x_wconf 66' lang='lat' dir='ltr'><strong>aequalem</strong></span> <span class='ocrx_word' id='word_1_571' title='bbox 3305 4055 3575 4126; x_wconf 23' lang='lat' dir='ltr'><strong>Gregorii.</strong></span> <span class='ocrx_word' id='word_1_572' title='bbox 3604 4058 3785 4112; x_wconf 83' lang='lat' dir='ltr'><strong>Tur:-</strong></span> 
     </span>
    </p>
   </div>
   <div class='ocr_carea' id='block_1_88' title="bbox 2206 4145 3781 4219">
    <p class='ocr_par' dir='ltr' id='par_1_88' title="bbox 2206 4145 3781 4219">
     <span class='ocr_line' id='line_1_88' title="bbox 2206 4145 3781 4219; baseline 0.003 -19"><span class='ocrx_word' id='word_1_573' title='bbox 2206 4145 2412 4211; x_wconf 86' lang='lat' dir='ltr'><strong>nensis,</strong></span> <span class='ocrx_word' id='word_1_574' title='bbox 2435 4145 2523 4214; x_wconf 90' lang='lat' dir='ltr'><strong>qui</strong></span> <span class='ocrx_word' id='word_1_575' title='bbox 2554 4145 3138 4215; x_wconf 61' lang='lat' dir='ltr'><strong>Dinnysiil‘arisiensis</strong></span> <span class='ocrx_word' id='word_1_576' title='bbox 3163 4148 3424 4217; x_wconf 83' lang='lat' dir='ltr'><strong>epocham</strong></span> <span class='ocrx_word' id='word_1_577' title='bbox 3442 4149 3509 4203; x_wconf 89' lang='lat' dir='ltr'><strong>ad</strong></span> <span class='ocrx_word' id='word_1_578' title='bbox 3538 4158 3781 4219; x_wconf 82' lang='lat' dir='ltr'><strong>tempora</strong></span> 
     </span>
    </p>
   </div>
   <div class='ocr_carea' id='block_1_89' title="bbox 2205 4236 3786 4304">
    <p class='ocr_par' dir='ltr' id='par_1_89' title="bbox 2205 4236 3786 4304">
     <span class='ocr_line' id='line_1_89' title="bbox 2205 4236 3786 4304; baseline 0.004 -11"><span class='ocrx_word' id='word_1_579' title='bbox 2205 4238 2499 4294; x_wconf 89' lang='lat' dir='ltr'><strong>Clementis</strong></span> <span class='ocrx_word' id='word_1_580' title='bbox 2527 4239 2776 4293; x_wconf 87' lang='lat' dir='ltr'><strong>retrahit.</strong></span> <span class='ocrx_word' id='word_1_581' title='bbox 2806 4236 2980 4304; x_wconf 89' lang='lat' dir='ltr'><strong>Quam</strong></span> <span class='ocrx_word' id='word_1_582' title='bbox 3037 4240 3365 4294; x_wconf 90' lang='lat' dir='ltr'><strong>sententiam</strong></span> <span class='ocrx_word' id='word_1_583' title='bbox 3416 4242 3599 4295; x_wconf 82' lang='lat' dir='ltr'><strong>secuti</strong></span> <span class='ocrx_word' id='word_1_584' title='bbox 3652 4254 3786 4300; x_wconf 87' lang='lat' dir='ltr'><strong>sunt</strong></span> 
     </span>
    </p>
   </div>
   <div class='ocr_carea' id='block_1_90' title="bbox 2202 4331 3782 4410">
    <p class='ocr_par' dir='ltr' id='par_1_90' title="bbox 2202 4331 3782 4410">
     <span class='ocr_line' id='line_1_90' title="bbox 2202 4331 3782 4410; baseline 0.006 -26"><span class='ocrx_word' id='word_1_585' title='bbox 2202 4331 2440 4402; x_wconf 86' lang='lat' dir='ltr'><strong>episcopi</strong></span> <span class='ocrx_word' id='word_1_586' title='bbox 2470 4332 2765 4387; x_wconf 83' lang='lat' dir='ltr'><strong>Galliarum</strong></span> <span class='ocrx_word' id='word_1_587' title='bbox 2800 4335 2853 4388; x_wconf 94' lang='lat' dir='ltr'><strong>in</strong></span> <span class='ocrx_word' id='word_1_588' title='bbox 2891 4337 3115 4405; x_wconf 88' lang='lat' dir='ltr'><strong>epistola</strong></span> <span class='ocrx_word' id='word_1_589' title='bbox 3148 4338 3214 4391; x_wconf 91' lang='lat' dir='ltr'><strong>ad</strong></span> <span class='ocrx_word' id='word_1_590' title='bbox 3254 4338 3547 4408; x_wconf 81' lang='lat' dir='ltr'><strong>Eugenium</strong></span> <span class='ocrx_word' id='word_1_591' title='bbox 3586 4356 3782 4410; x_wconf 90' lang='lat' dir='ltr'><strong>papam</strong></span> 
     </span>
    </p>
   </div>
   <div class='ocr_carea' id='block_1_91' title="bbox 2206 4424 3781 4497">
    <p class='ocr_par' dir='ltr' id='par_1_91' title="bbox 2206 4424 3781 4497">
     <span class='ocr_line' id='line_1_91' title="bbox 2206 4424 3781 4497; baseline 0.004 -18"><span class='ocrx_word' id='word_1_592' title='bbox 2206 4427 2405 4493; x_wconf 86' lang='lat' dir='ltr'><strong>scripta</strong></span> <span class='ocrx_word' id='word_1_593' title='bbox 2436 4439 2580 4479; x_wconf 91' lang='lat' dir='ltr'><strong>anno</strong></span> <span class='ocrx_word' id='word_1_594' title='bbox 2612 4424 2739 4491; x_wconf 70' lang='grc'><strong>824,</strong></span> <span class='ocrx_word' id='word_1_595' title='bbox 2767 4441 2889 4497; x_wconf 70' lang='lat' dir='ltr'><strong>qua:</strong></span> <span class='ocrx_word' id='word_1_596' title='bbox 2917 4428 3149 4483; x_wconf 89' lang='lat' dir='ltr'><strong>habetur</strong></span> <span class='ocrx_word' id='word_1_597' title='bbox 3184 4433 3323 4497; x_wconf 88' lang='lat' dir='ltr'><strong>apud</strong></span> <span class='ocrx_word' id='word_1_598' title='bbox 3371 4432 3662 4486; x_wconf 85' lang='lat' dir='ltr'><strong>Baronium</strong></span> <span class='ocrx_word' id='word_1_599' title='bbox 3701 4450 3714 4486; x_wconf 90' lang='lat'><strong>:</strong></span> <span class='ocrx_word' id='word_1_600' title='bbox 3750 4448 3781 4486; x_wconf 71' lang='grc' dir='ltr'><strong>ι</strong></span> 
     </span>
    </p>
   </div>
   <div class='ocr_carea' id='block_1_92' title="bbox 531 4508 3783 4591">
    <p class='ocr_par' dir='ltr' id='par_1_92' title="bbox 531 4508 3783 4591">
     <span class='ocr_line' id='line_1_92' title="bbox 531 4508 3783 4591; baseline 0.003 -22"><span class='ocrx_word' id='word_1_601' title='bbox 531 4514 645 4569; x_wconf 81' lang='lat' dir='ltr'><strong>hsce</strong></span> <span class='ocrx_word' id='word_1_602' title='bbox 667 4522 793 4566; x_wconf 91' lang='lat' dir='ltr'><strong>sunt</strong></span> <span class='ocrx_word' id='word_1_603' title='bbox 824 4512 985 4565; x_wconf 85' lang='lat' dir='ltr'><strong>verba</strong></span> <span class='ocrx_word' id='word_1_604' title='bbox 1018 4510 1086 4565; x_wconf 87' lang='lat' dir='ltr'><strong>ad</strong></span> <span class='ocrx_word' id='word_1_605' title='bbox 1120 4512 1260 4565; x_wconf 84' lang='lat' dir='ltr'><strong>diem</strong></span> <span class='ocrx_word' id='word_1_606' title='bbox 1298 4528 1350 4565; x_wconf 70' lang='grc' dir='ltr'><strong>χι</strong></span> <span class='ocrx_word' id='word_1_607' title='bbox 1379 4511 1609 4566; x_wconf 84' lang='lat' dir='ltr'><strong>Kalend.</strong></span> <span class='ocrx_word' id='word_1_608' title='bbox 1639 4511 1879 4580; x_wconf 84' lang='lat' dir='ltr'><strong>Aprilis:</strong></span> <span class='ocrx_word' id='word_1_609' title='bbox 1922 4508 2099 4564; x_wconf 85' lang='lat' dir='ltr'><strong>Nata-</strong></span> <span class='ocrx_word' id='word_1_610' title='bbox 2134 4512 2177 4567; x_wconf 87' lang='lat' dir='ltr'><strong>D</strong></span> <span class='ocrx_word' id='word_1_611' title='bbox 2207 4515 2403 4584; x_wconf 82' lang='lat' dir='ltr'><strong>quibus</strong></span> <span class='ocrx_word' id='word_1_612' title='bbox 2431 4514 2730 4570; x_wconf 87' lang='lat' dir='ltr'><strong>Fortunato</strong></span> <span class='ocrx_word' id='word_1_613' title='bbox 2770 4528 2904 4571; x_wconf 88' lang='lat' dir='ltr'><strong>teste</strong></span> <span class='ocrx_word' id='word_1_614' title='bbox 2937 4519 3071 4574; x_wconf 91' lang='lat' dir='ltr'><strong>adeo</strong></span> <span class='ocrx_word' id='word_1_615' title='bbox 3120 4520 3392 4591; x_wconf 87' lang='lat' dir='ltr'><strong>locuplete</strong></span> <span class='ocrx_word' id='word_1_616' title='bbox 3426 4521 3575 4579; x_wconf 80' lang='lat' dir='ltr'><strong>fuitis</strong></span> <span class='ocrx_word' id='word_1_617' title='bbox 3605 4523 3783 4579; x_wconf 88' lang='lat' dir='ltr'><strong>disce-</strong></span> 
     </span>
    </p>
   </div>
   <div class='ocr_carea' id='block_1_93' title="bbox 523 4601 2099 4673">
    <p class='ocr_par' dir='ltr' id='par_1_93' title="bbox 523 4601 2099 4673">
     <span class='ocr_line' id='line_1_93' title="bbox 523 4601 2099 4673; baseline 0 -16"><span class='ocrx_word' id='word_1_618' title='bbox 523 4603 587 4658; x_wconf 88' lang='lat' dir='ltr'><strong>lis</strong></span> <span class='ocrx_word' id='word_1_619' title='bbox 610 4606 778 4657; x_wconf 79' lang='lat' dir='ltr'><strong>sancti</strong></span> <span class='ocrx_word' id='word_1_620' title='bbox 811 4601 994 4668; x_wconf 87' lang='lat' dir='ltr'><strong>Pauli,</strong></span> <span class='ocrx_word' id='word_1_621' title='bbox 1023 4619 1175 4673; x_wconf 87' lang='lat' dir='ltr'><strong>quem</strong></span> <span class='ocrx_word' id='word_1_622' title='bbox 1199 4603 1338 4657; x_wconf 88' lang='lat' dir='ltr'><strong>beati</strong></span> <span class='ocrx_word' id='word_1_623' title='bbox 1369 4603 1595 4671; x_wconf 84' lang='lat' dir='ltr'><strong>apostoli</strong></span> <span class='ocrx_word' id='word_1_624' title='bbox 1642 4604 1952 4657; x_wconf 87' lang='lat' dir='ltr'><strong>ordinatum</strong></span> <span class='ocrx_word' id='word_1_625' title='bbox 1984 4604 2099 4657; x_wconf 86' lang='lat' dir='ltr'><strong>urbi</strong></span> 
     </span>
    </p>
   </div>
   <div class='ocr_carea' id='block_1_94' title="bbox 524 4693 2101 4765">
    <p class='ocr_par' dir='ltr' id='par_1_94' title="bbox 524 4693 2101 4765">
     <span class='ocr_line' id='line_1_94' title="bbox 524 4693 2101 4765; baseline -0.002 -13"><span class='ocrx_word' id='word_1_626' title='bbox 524 4693 797 4752; x_wconf 76' lang='lat' dir='ltr'><strong>Narbona:</strong></span> <span class='ocrx_word' id='word_1_627' title='bbox 825 4697 1124 4765; x_wconf 88' lang='lat' dir='ltr'><strong>episcopum</strong></span> <span class='ocrx_word' id='word_1_628' title='bbox 1178 4697 1456 4751; x_wconf 88' lang='lat' dir='ltr'><strong>miserunt.</strong></span> <span class='ocrx_word' id='word_1_629' title='bbox 1502 4694 1668 4761; x_wconf 83' lang='lat' dir='ltr'><strong>Quem</strong></span> <span class='ocrx_word' id='word_1_630' title='bbox 1705 4696 1923 4750; x_wconf 89' lang='lat' dir='ltr'><strong>tradunt</strong></span> <span class='ocrx_word' id='word_1_631' title='bbox 1954 4713 2101 4749; x_wconf 86' lang='lat' dir='ltr'><strong>eum-</strong></span> 
     </span>
    </p>
   </div>
   <div class='ocr_carea' id='block_1_95' title="bbox 523 4787 2102 4859">
    <p class='ocr_par' dir='ltr' id='par_1_95' title="bbox 523 4787 2102 4859">
     <span class='ocr_line' id='line_1_95' title="bbox 523 4787 2102 4859; baseline -0.001 -16"><span class='ocrx_word' id='word_1_632' title='bbox 523 4792 640 4844; x_wconf 82' lang='lat' dir='ltr'><strong>dem</strong></span> <span class='ocrx_word' id='word_1_633' title='bbox 676 4792 845 4857; x_wconf 88' lang='lat' dir='ltr'><strong>ipsuut</strong></span> <span class='ocrx_word' id='word_1_634' title='bbox 877 4790 1042 4858; x_wconf 83' lang='lat' dir='ltr'><strong>{uisse</strong></span> <span class='ocrx_word' id='word_1_635' title='bbox 1074 4787 1314 4859; x_wconf 80' lang='lat' dir='ltr'><strong>Sergium</strong></span> <span class='ocrx_word' id='word_1_636' title='bbox 1350 4788 1578 4841; x_wconf 87' lang='lat' dir='ltr'><strong>Paulum</strong></span> <span class='ocrx_word' id='word_1_637' title='bbox 1599 4788 1958 4857; x_wconf 86' lang='lat' dir='ltr'><strong>proconsulem</strong></span> <span class='ocrx_word' id='word_1_638' title='bbox 1981 4829 1993 4853; x_wconf 89' lang='lat'><strong>,</strong></span> <span class='ocrx_word' id='word_1_639' title='bbox 2024 4790 2102 4843; x_wconf 80' lang='lat' dir='ltr'><strong>vi-</strong></span> 
     </span>
    </p>
   </div>
   <div class='ocr_carea' id='block_1_96' title="bbox 524 4879 2101 4951">
    <p class='ocr_par' dir='ltr' id='par_1_96' title="bbox 524 4879 2101 4951">
     <span class='ocr_line' id='line_1_96' title="bbox 524 4879 2101 4951; baseline -0.001 -17"><span class='ocrx_word' id='word_1_640' title='bbox 524 4898 638 4935; x_wconf 90' lang='lat' dir='ltr'><strong>rum</strong></span> <span class='ocrx_word' id='word_1_641' title='bbox 665 4883 993 4949; x_wconf 86' lang='lat' dir='ltr'><strong>prudentem,</strong></span> <span class='ocrx_word' id='word_1_642' title='bbox 1024 4898 1055 4932; x_wconf 88' lang='lat' dir='ltr'><strong>a</strong></span> <span class='ocrx_word' id='word_1_643' title='bbox 1088 4896 1191 4951; x_wconf 84' lang='lat' dir='ltr'><strong>quo</strong></span> <span class='ocrx_word' id='word_1_644' title='bbox 1234 4880 1342 4948; x_wconf 89' lang='lat' dir='ltr'><strong>ipse</strong></span> <span class='ocrx_word' id='word_1_645' title='bbox 1380 4879 1584 4933; x_wconf 88' lang='lat' dir='ltr'><strong>Paulus</strong></span> <span class='ocrx_word' id='word_1_646' title='bbox 1623 4882 1839 4934; x_wconf 89' lang='lat' dir='ltr'><strong>sortitus</strong></span> <span class='ocrx_word' id='word_1_647' title='bbox 1888 4890 1963 4934; x_wconf 89' lang='lat' dir='ltr'><strong>est</strong></span> <span class='ocrx_word' id='word_1_648' title='bbox 2006 4896 2101 4934; x_wconf 78' lang='lat' dir='ltr'><strong>no~</strong></span> 
     </span>
    </p>
   </div>
   <div class='ocr_carea' id='block_1_97' title="bbox 520 4972 2098 5043">
    <p class='ocr_par' dir='ltr' id='par_1_97' title="bbox 520 4972 2098 5043">
     <span class='ocr_line' id='line_1_97' title="bbox 520 4972 2098 5043; baseline -0.001 -17"><span class='ocrx_word' id='word_1_649' title='bbox 520 4990 659 5038; x_wconf 90' lang='lat' dir='ltr'><strong>men,</strong></span> <span class='ocrx_word' id='word_1_650' title='bbox 693 4975 820 5043; x_wconf 88' lang='lat' dir='ltr'><strong>quia</strong></span> <span class='ocrx_word' id='word_1_651' title='bbox 886 4990 1004 5027; x_wconf 90' lang='lat' dir='ltr'><strong>eum</strong></span> <span class='ocrx_word' id='word_1_652' title='bbox 1053 4973 1180 5040; x_wconf 76' lang='lat' dir='ltr'><strong>ﬁdei</strong></span> <span class='ocrx_word' id='word_1_653' title='bbox 1228 4972 1429 5027; x_wconf 77' lang='lat' dir='ltr'><strong>Christi</strong></span> <span class='ocrx_word' id='word_1_654' title='bbox 1461 4972 1731 5042; x_wconf 87' lang='lat' dir='ltr'><strong>subegerat</strong></span> <span class='ocrx_word' id='word_1_655' title='bbox 1759 4988 1777 5027; x_wconf 90' lang='lat'><strong><em>:</em></strong></span> <span class='ocrx_word' id='word_1_656' title='bbox 1811 4973 2003 5042; x_wconf 85' lang='lat' dir='ltr'><strong>quique</strong></span> <span class='ocrx_word' id='word_1_657' title='bbox 2034 4973 2098 5025; x_wconf 89' lang='lat' dir='ltr'><strong>ab</strong></span> 
     </span>
    </p>
   </div>
   <div class='ocr_carea' id='block_1_98' title="bbox 521 5062 2101 5132">
    <p class='ocr_par' dir='ltr' id='par_1_98' title="bbox 521 5062 2101 5132">
     <span class='ocr_line' id='line_1_98' title="bbox 521 5062 2101 5132; baseline -0.003 -13"><span class='ocrx_word' id='word_1_658' title='bbox 521 5067 699 5119; x_wconf 89' lang='lat' dir='ltr'><strong>eodem</strong></span> <span class='ocrx_word' id='word_1_659' title='bbox 730 5079 913 5119; x_wconf 87' lang='lat' dir='ltr'><strong>sancto</strong></span> <span class='ocrx_word' id='word_1_660' title='bbox 966 5064 1244 5132; x_wconf 87' lang='lat' dir='ltr'><strong>apostolo,</strong></span> <span class='ocrx_word' id='word_1_661' title='bbox 1293 5079 1412 5115; x_wconf 89' lang='lat' dir='ltr'><strong>cum</strong></span> <span class='ocrx_word' id='word_1_662' title='bbox 1461 5068 1527 5115; x_wconf 89' lang='lat' dir='ltr'><strong>ad</strong></span> <span class='ocrx_word' id='word_1_663' title='bbox 1585 5062 1875 5132; x_wconf 80' lang='lat' dir='ltr'><strong>Hispanias</strong></span> <span class='ocrx_word' id='word_1_664' title='bbox 1907 5064 2101 5131; x_wconf 71' lang='lat' dir='ltr'><strong>prazdi-</strong></span> 
     </span>
    </p>
   </div>
   <div class='ocr_carea' id='block_1_99' title="bbox 529 5153 2098 5227">
    <p class='ocr_par' dir='ltr' id='par_1_99' title="bbox 529 5153 2098 5227">
     <span class='ocr_line' id='line_1_99' title="bbox 529 5153 2098 5227; baseline -0.003 -17"><span class='ocrx_word' id='word_1_665' title='bbox 529 5158 689 5210; x_wconf 81' lang='lat' dir='ltr'><strong>condi</strong></span> <span class='ocrx_word' id='word_1_666' title='bbox 728 5159 900 5227; x_wconf 84' lang='lat' dir='ltr'><strong>gratia</strong></span> <span class='ocrx_word' id='word_1_667' title='bbox 947 5164 1200 5225; x_wconf 84' lang='lat' dir='ltr'><strong>pergeret,</strong></span> <span class='ocrx_word' id='word_1_668' title='bbox 1235 5156 1375 5224; x_wconf 90' lang='lat' dir='ltr'><strong>apud</strong></span> <span class='ocrx_word' id='word_1_669' title='bbox 1423 5155 1702 5225; x_wconf 73' lang='lat' dir='ltr'><strong>prmfntam</strong></span> <span class='ocrx_word' id='word_1_670' title='bbox 1726 5156 1905 5209; x_wconf 88' lang='lat' dir='ltr'><strong>urbem</strong></span> <span class='ocrx_word' id='word_1_671' title='bbox 1942 5153 2098 5207; x_wconf 79' lang='lat' dir='ltr'><strong>Nar-</strong></span> 
     </span>
    </p>
   </div>
   <div class='ocr_carea' id='block_1_100' title="bbox 519 5246 2099 5319">
    <p class='ocr_par' dir='ltr' id='par_1_100' title="bbox 519 5246 2099 5319">
     <span class='ocr_line' id='line_1_100' title="bbox 519 5246 2099 5319; baseline -0.003 -14"><span class='ocrx_word' id='word_1_672' title='bbox 519 5253 709 5305; x_wconf 83' lang='lat' dir='ltr'><strong>bonam</strong></span> <span class='ocrx_word' id='word_1_673' title='bbox 738 5250 972 5314; x_wconf 87' lang='lat' dir='ltr'><strong>relictus,</strong></span> <span class='ocrx_word' id='word_1_674' title='bbox 1001 5247 1395 5319; x_wconf 60' lang='lat' dir='ltr'><strong>praedicationis</strong></span> <span class='ocrx_word' id='word_1_675' title='bbox 1425 5248 1589 5317; x_wconf 78' lang='lat' dir='ltr'><strong>o/ﬁcio</strong></span> <span class='ocrx_word' id='word_1_676' title='bbox 1616 5264 1719 5300; x_wconf 85' lang='lat' dir='ltr'><strong>non</strong></span> <span class='ocrx_word' id='word_1_677' title='bbox 1746 5249 1977 5317; x_wconf 88' lang='lat' dir='ltr'><strong>segniter</strong></span> <span class='ocrx_word' id='word_1_678' title='bbox 2005 5246 2099 5300; x_wconf 69' lang='lat' dir='ltr'><strong>imo</strong></span> 
     </span>
    </p>
   </div>
   <div class='ocr_carea' id='block_1_101' title="bbox 516 5336 2097 5412">
    <p class='ocr_par' dir='ltr' id='par_1_101' title="bbox 516 5336 2097 5412">
     <span class='ocr_line' id='line_1_101' title="bbox 516 5336 2097 5412; baseline 0 -20"><span class='ocrx_word' id='word_1_679' title='bbox 516 5342 681 5412; x_wconf 85' lang='lat' dir='ltr'><strong>pleto,</strong></span> <span class='ocrx_word' id='word_1_680' title='bbox 709 5340 888 5393; x_wconf 87' lang='lat' dir='ltr'><strong>clarus</strong></span> <span class='ocrx_word' id='word_1_681' title='bbox 921 5339 1193 5392; x_wconf 88' lang='lat' dir='ltr'><strong>miraculis</strong></span> <span class='ocrx_word' id='word_1_682' title='bbox 1225 5346 1508 5391; x_wconf 90' lang='lat' dir='ltr'><strong>coronatus</strong></span> <span class='ocrx_word' id='word_1_683' title='bbox 1538 5338 1813 5399; x_wconf 84' lang='lat' dir='ltr'><strong>sepelitur.</strong></span> <span class='ocrx_word' id='word_1_684' title='bbox 1866 5336 1965 5392; x_wconf 78' lang='lat' dir='ltr'><strong>ilic</strong></span> <span class='ocrx_word' id='word_1_685' title='bbox 1990 5338 2097 5392; x_wconf 92' lang='lat' dir='ltr'><strong>duo</strong></span> 
     </span>
    </p>
   </div>
   <div class='ocr_carea' id='block_1_102' title="bbox 520 5431 2097 5504">
    <p class='ocr_par' dir='ltr' id='par_1_102' title="bbox 520 5431 2097 5504">
     <span class='ocr_line' id='line_1_102' title="bbox 520 5431 2097 5504; baseline 0.001 -20"><span class='ocrx_word' id='word_1_686' title='bbox 520 5438 769 5504; x_wconf 69' lang='lat' dir='ltr'><strong>quaedam</strong></span> <span class='ocrx_word' id='word_1_687' title='bbox 797 5431 1135 5487; x_wconf 81' lang='lat' dir='ltr'><strong>observanda</strong></span> <span class='ocrx_word' id='word_1_688' title='bbox 1167 5440 1314 5486; x_wconf 88' lang='lat' dir='ltr'><strong>sunt.</strong></span> <span class='ocrx_word' id='word_1_689' title='bbox 1360 5432 1440 5485; x_wconf 79' lang='lat' dir='ltr'><strong>Ac</strong></span> <span class='ocrx_word' id='word_1_690' title='bbox 1478 5432 1655 5500; x_wconf 90' lang='lat' dir='ltr'><strong>primo</strong></span> <span class='ocrx_word' id='word_1_691' title='bbox 1683 5431 1924 5501; x_wconf 87' lang='lat' dir='ltr'><strong>quidem,</strong></span> <span class='ocrx_word' id='word_1_692' title='bbox 1962 5431 2097 5485; x_wconf 81' lang='lat' dir='ltr'><strong>Pau-</strong></span> 
     </span>
    </p>
   </div>
   <div class='ocr_carea' id='block_1_103' title="bbox 520 5522 2098 5592">
    <p class='ocr_par' dir='ltr' id='par_1_103' title="bbox 520 5522 2098 5592">
     <span class='ocr_line' id='line_1_103' title="bbox 520 5522 2098 5592; baseline -0.002 -12"><span class='ocrx_word' id='word_1_693' title='bbox 520 5529 630 5580; x_wconf 91' lang='lat' dir='ltr'><strong>lum</strong></span> <span class='ocrx_word' id='word_1_694' title='bbox 660 5524 1004 5580; x_wconf 74' lang='lat' dir='ltr'><strong>Narbonensi</strong></span> <span class='ocrx_word' id='word_1_695' title='bbox 1036 5523 1297 5579; x_wconf 71' lang='lat' dir='ltr'><strong>Ecclesiae</strong></span> <span class='ocrx_word' id='word_1_696' title='bbox 1329 5522 1646 5591; x_wconf 59' lang='lat' dir='ltr'><strong>priclectum</strong></span> <span class='ocrx_word' id='word_1_697' title='bbox 1687 5522 2003 5592; x_wconf 87' lang='lat' dir='ltr'><strong>episcopum</strong></span> <span class='ocrx_word' id='word_1_698' title='bbox 2029 5524 2098 5577; x_wconf 87' lang='lat' dir='ltr'><strong>ab</strong></span> 
     </span>
    </p>
   </div>
   <div class='ocr_carea' id='block_1_104' title="bbox 525 5613 2097 5690">
    <p class='ocr_par' dir='ltr' id='par_1_104' title="bbox 525 5613 2097 5690">
     <span class='ocr_line' id='line_1_104' title="bbox 525 5613 2097 5690; baseline -0.003 -17"><span class='ocrx_word' id='word_1_699' title='bbox 525 5619 659 5688; x_wconf 88' lang='lat' dir='ltr'><strong>ipsis</strong></span> <span class='ocrx_word' id='word_1_700' title='bbox 694 5618 1062 5690; x_wconf 79' lang='lat' dir='ltr'><strong>apostolorum</strong></span> <span class='ocrx_word' id='word_1_701' title='bbox 1103 5616 1462 5686; x_wconf 88' lang='lat' dir='ltr'><strong>temporibus,</strong></span> <span class='ocrx_word' id='word_1_702' title='bbox 1506 5613 1750 5670; x_wconf 88' lang='lat' dir='ltr'><strong>absoluta</strong></span> <span class='ocrx_word' id='word_1_703' title='bbox 1804 5625 2097 5671; x_wconf 86' lang='lat' dir='ltr'><strong>estaucto-</strong></span> 
     </span>
    </p>
   </div>
   <div class='ocr_carea' id='block_1_105' title="bbox 519 5706 2100 5776">
    <p class='ocr_par' dir='ltr' id='par_1_105' title="bbox 519 5706 2100 5776">
     <span class='ocr_line' id='line_1_105' title="bbox 519 5706 2100 5776; baseline -0.002 -11"><span class='ocrx_word' id='word_1_704' title='bbox 519 5720 675 5773; x_wconf 87' lang='lat' dir='ltr'><strong>rttas,</strong></span> <span class='ocrx_word' id='word_1_705' title='bbox 709 5725 832 5763; x_wconf 89' lang='lat' dir='ltr'><strong>cum</strong></span> <span class='ocrx_word' id='word_1_706' title='bbox 864 5721 1050 5765; x_wconf 92' lang='lat' dir='ltr'><strong>eorum</strong></span> <span class='ocrx_word' id='word_1_707' title='bbox 1078 5707 1375 5776; x_wconf 86' lang='lat' dir='ltr'><strong>discipulus</strong></span> <span class='ocrx_word' id='word_1_708' title='bbox 1430 5706 1617 5774; x_wconf 82' lang='lat' dir='ltr'><strong>fuerit,</strong></span> <span class='ocrx_word' id='word_1_709' title='bbox 1669 5716 1729 5761; x_wconf 92' lang='lat' dir='ltr'><strong>ut</strong></span> <span class='ocrx_word' id='word_1_710' title='bbox 1776 5707 1907 5761; x_wconf 77' lang='lat' dir='ltr'><strong>dixi.</strong></span> <span class='ocrx_word' id='word_1_711' title='bbox 1947 5707 2100 5763; x_wconf 82' lang='lat' dir='ltr'><strong>Alte-</strong></span> 
     </span>
    </p>
   </div>
   <div class='ocr_carea' id='block_1_106' title="bbox 519 5799 2091 5871">
    <p class='ocr_par' dir='ltr' id='par_1_106' title="bbox 519 5799 2091 5871">
     <span class='ocr_line' id='line_1_106' title="bbox 519 5799 2091 5871; baseline -0.001 -14"><span class='ocrx_word' id='word_1_712' title='bbox 519 5817 639 5857; x_wconf 84' lang='lat' dir='ltr'><strong>rum</strong></span> <span class='ocrx_word' id='word_1_713' title='bbox 672 5802 888 5870; x_wconf 83' lang='lat' dir='ltr'><strong>respicit</strong></span> <span class='ocrx_word' id='word_1_714' title='bbox 924 5812 1163 5858; x_wconf 88' lang='lat' dir='ltr'><strong>veterem</strong></span> <span class='ocrx_word' id='word_1_715' title='bbox 1223 5801 1423 5855; x_wconf 76' lang='lat' dir='ltr'><strong>lautam</strong></span> <span class='ocrx_word' id='word_1_716' title='bbox 1451 5842 1465 5869; x_wconf 91' lang='lat'><strong>,</strong></span> <span class='ocrx_word' id='word_1_717' title='bbox 1517 5815 1635 5871; x_wconf 79' lang='lat' dir='ltr'><strong>qua:</strong></span> <span class='ocrx_word' id='word_1_718' title='bbox 1671 5799 1892 5856; x_wconf 83' lang='lat' dir='ltr'><strong>Paulum</strong></span> <span class='ocrx_word' id='word_1_719' title='bbox 1942 5802 2091 5857; x_wconf 87' lang='lat' dir='ltr'><strong>illum</strong></span> 
     </span>
    </p>
   </div>
   <div class='ocr_carea' id='block_1_107' title="bbox 2203 4605 2979 4676">
    <p class='ocr_par' dir='ltr' id='par_1_107' title="bbox 2203 4605 2979 4676">
     <span class='ocr_line' id='line_1_107' title="bbox 2203 4605 2979 4676; baseline 0.005 -18"><span class='ocrx_word' id='word_1_720' title='bbox 2203 4606 2352 4668; x_wconf 90' lang='lat' dir='ltr'><strong>dere,</strong></span> <span class='ocrx_word' id='word_1_721' title='bbox 2381 4605 2652 4675; x_wconf 89' lang='lat' dir='ltr'><strong>piaculum</strong></span> <span class='ocrx_word' id='word_1_722' title='bbox 2677 4620 2799 4661; x_wconf 90' lang='lat' dir='ltr'><strong>esse</strong></span> <span class='ocrx_word' id='word_1_723' title='bbox 2829 4620 2979 4676; x_wconf 90' lang='lat' dir='ltr'><strong>puto.</strong></span> 
     </span>
    </p>
   </div>
   <div class='ocr_carea' id='block_1_108' title="bbox 2276 4696 3781 4775">
    <p class='ocr_par' dir='ltr' id='par_1_108' title="bbox 2276 4696 3781 4775">
     <span class='ocr_line' id='line_1_108' title="bbox 2276 4696 3781 4775; baseline 0.005 -25"><span class='ocrx_word' id='word_1_724' title='bbox 2276 4696 2349 4751; x_wconf 91' lang='lat' dir='ltr'><strong>De</strong></span> <span class='ocrx_word' id='word_1_725' title='bbox 2386 4696 2705 4762; x_wconf 88' lang='lat' dir='ltr'><strong>Saturnino,</strong></span> <span class='ocrx_word' id='word_1_726' title='bbox 2740 4699 2973 4755; x_wconf 86' lang='lat' dir='ltr'><strong>Gatiano</strong></span> <span class='ocrx_word' id='word_1_727' title='bbox 3002 4709 3055 4755; x_wconf 68' lang='lat' dir='ltr'><strong>et</strong></span> <span class='ocrx_word' id='word_1_728' title='bbox 3096 4699 3412 4757; x_wconf 64' lang='lat' dir='ltr'><strong>Stremonio</strong></span> <span class='ocrx_word' id='word_1_729' title='bbox 3460 4717 3587 4759; x_wconf 81' lang='lat' dir='ltr'><strong>mox</strong></span> <span class='ocrx_word' id='word_1_730' title='bbox 3620 4718 3781 4775; x_wconf 76' lang='lat' dir='ltr'><strong>agam</strong></span> 
     </span>
    </p>
   </div>
   <div class='ocr_carea' id='block_1_109' title="bbox 2202 4791 3304 4862">
    <p class='ocr_par' dir='ltr' id='par_1_109' title="bbox 2202 4791 3304 4862">
     <span class='ocr_line' id='line_1_109' title="bbox 2202 4791 3304 4862; baseline 0.004 -18"><span class='ocrx_word' id='word_1_731' title='bbox 2202 4791 2460 4862; x_wconf 90' lang='lat' dir='ltr'><strong>quoniam</strong></span> <span class='ocrx_word' id='word_1_732' title='bbox 2491 4792 2745 4861; x_wconf 86' lang='lat' dir='ltr'><strong>specialis</strong></span> <span class='ocrx_word' id='word_1_733' title='bbox 2770 4792 2983 4846; x_wconf 90' lang='lat' dir='ltr'><strong>illorum</strong></span> <span class='ocrx_word' id='word_1_734' title='bbox 3016 4801 3098 4847; x_wconf 88' lang='lat' dir='ltr'><strong>est</strong></span> <span class='ocrx_word' id='word_1_735' title='bbox 3122 4809 3304 4848; x_wconf 87' lang='lat' dir='ltr'><strong>causa.</strong></span> 
     </span>
    </p>
   </div>
   <div class='ocr_carea' id='block_1_110' title="bbox 2276 4882 3781 4954">
    <p class='ocr_par' dir='ltr' id='par_1_110' title="bbox 2276 4882 3781 4954">
     <span class='ocr_line' id='line_1_110' title="bbox 2276 4882 3781 4954; baseline 0.001 -16"><span class='ocrx_word' id='word_1_736' title='bbox 2276 4882 2391 4938; x_wconf 75' lang='lat' dir='ltr'><strong>Non</strong></span> <span class='ocrx_word' id='word_1_737' title='bbox 2430 4899 2514 4937; x_wconf 90' lang='lat' dir='ltr'><strong>me</strong></span> <span class='ocrx_word' id='word_1_738' title='bbox 2546 4884 2700 4947; x_wconf 87' lang='lat' dir='ltr'><strong>latet,</strong></span> <span class='ocrx_word' id='word_1_739' title='bbox 2732 4885 2862 4954; x_wconf 90' lang='lat' dir='ltr'><strong>quid</strong></span> <span class='ocrx_word' id='word_1_740' title='bbox 2894 4886 3136 4941; x_wconf 90' lang='lat' dir='ltr'><strong>eruditos</strong></span> <span class='ocrx_word' id='word_1_741' title='bbox 3170 4888 3318 4942; x_wconf 90' lang='lat' dir='ltr'><strong>viros</strong></span> <span class='ocrx_word' id='word_1_742' title='bbox 3348 4885 3415 4940; x_wconf 89' lang='lat' dir='ltr'><strong>ad</strong></span> <span class='ocrx_word' id='word_1_743' title='bbox 3463 4885 3781 4954; x_wconf 85' lang='lat' dir='ltr'><strong>deprimen-</strong></span> 
     </span>
    </p>
   </div>
   <div class='ocr_carea' id='block_1_111' title="bbox 2202 4974 3778 5047">
    <p class='ocr_par' dir='ltr' id='par_1_111' title="bbox 2202 4974 3778 5047">
     <span class='ocr_line' id='line_1_111' title="bbox 2202 4974 3778 5047; baseline -0.001 -16"><span class='ocrx_word' id='word_1_744' title='bbox 2202 4974 2326 5032; x_wconf 86' lang='lat' dir='ltr'><strong>dam</strong></span> <span class='ocrx_word' id='word_1_745' title='bbox 2385 4974 2437 5029; x_wconf 88' lang='lat' dir='ltr'><strong>in</strong></span> <span class='ocrx_word' id='word_1_746' title='bbox 2485 4976 2789 5045; x_wconf 85' lang='lat' dir='ltr'><strong>posteriora</strong></span> <span class='ocrx_word' id='word_1_747' title='bbox 2841 4984 3083 5045; x_wconf 87' lang='lat' dir='ltr'><strong>tempora</strong></span> <span class='ocrx_word' id='word_1_748' title='bbox 3142 4988 3350 5046; x_wconf 80' lang='lat' dir='ltr'><strong>septem</strong></span> <span class='ocrx_word' id='word_1_749' title='bbox 3399 4980 3778 5047; x_wconf 87' lang='lat' dir='ltr'><strong>episcoporum</strong></span> 
     </span>
    </p>
   </div>
   <div class='ocr_carea' id='block_1_112' title="bbox 2203 5066 3780 5139">
    <p class='ocr_par' dir='ltr' id='par_1_112' title="bbox 2203 5066 3780 5139">
     <span class='ocr_line' id='line_1_112' title="bbox 2203 5066 3780 5139; baseline 0.001 -19"><span class='ocrx_word' id='word_1_750' title='bbox 2203 5067 2490 5137; x_wconf 89' lang='lat' dir='ltr'><strong>epocham,</strong></span> <span class='ocrx_word' id='word_1_751' title='bbox 2522 5066 2687 5120; x_wconf 81' lang='lat' dir='ltr'><strong>veluti</strong></span> <span class='ocrx_word' id='word_1_752' title='bbox 2737 5067 3045 5138; x_wconf 67' lang='lat' dir='ltr'><strong>praecipites</strong></span> <span class='ocrx_word' id='word_1_753' title='bbox 3085 5070 3292 5139; x_wconf 81' lang='lat' dir='ltr'><strong>egerit:</strong></span> <span class='ocrx_word' id='word_1_754' title='bbox 3328 5068 3519 5124; x_wconf 88' lang='lat' dir='ltr'><strong>Severi</strong></span> <span class='ocrx_word' id='word_1_755' title='bbox 3561 5066 3780 5135; x_wconf 84' lang='lat' dir='ltr'><strong>Sulpitii</strong></span> 
     </span>
    </p>
   </div>
   <div class='ocr_carea' id='block_1_113' title="bbox 2213 5156 3780 5228">
    <p class='ocr_par' dir='ltr' id='par_1_113' title="bbox 2213 5156 3780 5228">
     <span class='ocr_line' id='line_1_113' title="bbox 2213 5156 3780 5228; baseline 0.001 -18"><span class='ocrx_word' id='word_1_756' title='bbox 2213 5171 2432 5226; x_wconf 89' lang='lat' dir='ltr'><strong>nempe,</strong></span> <span class='ocrx_word' id='word_1_757' title='bbox 2459 5169 2623 5226; x_wconf 89' lang='lat' dir='ltr'><strong>atque</strong></span> <span class='ocrx_word' id='word_1_758' title='bbox 2655 5156 2897 5228; x_wconf 80' lang='lat' dir='ltr'><strong>Gregorii</strong></span> <span class='ocrx_word' id='word_1_759' title='bbox 2928 5157 3263 5215; x_wconf 88' lang='lat' dir='ltr'><strong>Turonensis</strong></span> <span class='ocrx_word' id='word_1_760' title='bbox 3284 5160 3600 5215; x_wconf 88' lang='lat' dir='ltr'><strong>auctoritas.</strong></span> <span class='ocrx_word' id='word_1_761' title='bbox 3631 5159 3780 5213; x_wconf 87' lang='lat' dir='ltr'><strong>Scri-</strong></span> 
     </span>
    </p>
   </div>
   <div class='ocr_carea' id='block_1_114' title="bbox 2200 5249 3778 5323">
    <p class='ocr_par' dir='ltr' id='par_1_114' title="bbox 2200 5249 3778 5323">
     <span class='ocr_line' id='line_1_114' title="bbox 2200 5249 3778 5323; baseline 0 -20"><span class='ocrx_word' id='word_1_762' title='bbox 2200 5250 2309 5319; x_wconf 89' lang='lat' dir='ltr'><strong>psit</strong></span> <span class='ocrx_word' id='word_1_763' title='bbox 2334 5251 2421 5305; x_wconf 89' lang='lat' dir='ltr'><strong>ille</strong></span> <span class='ocrx_word' id='word_1_764' title='bbox 2445 5292 2460 5317; x_wconf 90' lang='lat'><strong>,</strong></span> <span class='ocrx_word' id='word_1_765' title='bbox 2509 5249 2619 5304; x_wconf 87' lang='lat' dir='ltr'><strong>Sub</strong></span> <span class='ocrx_word' id='word_1_766' title='bbox 2652 5253 2864 5305; x_wconf 88' lang='lat' dir='ltr'><strong>Aurelio</strong></span> <span class='ocrx_word' id='word_1_767' title='bbox 2888 5252 3154 5307; x_wconf 80' lang='lat' dir='ltr'><strong>Antonino</strong></span> <span class='ocrx_word' id='word_1_768' title='bbox 3177 5254 3285 5307; x_wconf 78' lang='lat' dir='ltr'><strong>visa</strong></span> <span class='ocrx_word' id='word_1_769' title='bbox 3311 5254 3537 5323; x_wconf 88' lang='lat' dir='ltr'><strong>primum</strong></span> <span class='ocrx_word' id='word_1_770' title='bbox 3566 5255 3617 5306; x_wconf 89' lang='lat' dir='ltr'><strong>in</strong></span> <span class='ocrx_word' id='word_1_771' title='bbox 3643 5250 3778 5307; x_wconf 81' lang='lat' dir='ltr'><strong>Cal-</strong></span> 
     </span>
    </p>
   </div>
   <div class='ocr_carea' id='block_1_115' title="bbox 2203 5344 3778 5416">
    <p class='ocr_par' dir='ltr' id='par_1_115' title="bbox 2203 5344 3778 5416">
     <span class='ocr_line' id='line_1_115' title="bbox 2203 5344 3778 5416; baseline 0.001 -19"><span class='ocrx_word' id='word_1_772' title='bbox 2203 5345 2292 5397; x_wconf 89' lang='lat' dir='ltr'><strong>liis</strong></span> <span class='ocrx_word' id='word_1_773' title='bbox 2318 5345 2596 5415; x_wconf 80' lang='lat' dir='ltr'><strong>martyrio,</strong></span> <span class='ocrx_word' id='word_1_774' title='bbox 2639 5344 2735 5398; x_wconf 86' lang='lat' dir='ltr'><strong>Dei</strong></span> <span class='ocrx_word' id='word_1_775' title='bbox 2767 5345 3014 5416; x_wconf 86' lang='lat' dir='ltr'><strong>religione</strong></span> <span class='ocrx_word' id='word_1_776' title='bbox 3052 5356 3196 5400; x_wconf 88' lang='lat' dir='ltr'><strong>trans</strong></span> <span class='ocrx_word' id='word_1_777' title='bbox 3222 5346 3376 5414; x_wconf 82' lang='lat' dir='ltr'><strong>Alpes</strong></span> <span class='ocrx_word' id='word_1_778' title='bbox 3401 5347 3571 5400; x_wconf 82' lang='lat' dir='ltr'><strong>serius</strong></span> <span class='ocrx_word' id='word_1_779' title='bbox 3600 5360 3778 5400; x_wconf 79' lang='lat' dir='ltr'><strong>susce-</strong></span> 
     </span>
    </p>
   </div>
   <div class='ocr_carea' id='block_1_116' title="bbox 2200 5433 3775 5502">
    <p class='ocr_par' dir='ltr' id='par_1_116' title="bbox 2200 5433 3775 5502">
     <span class='ocr_line' id='line_1_116' title="bbox 2200 5433 3775 5502; baseline 0.002 -14"><span class='ocrx_word' id='word_1_780' title='bbox 2200 5446 2310 5502; x_wconf 76' lang='lat' dir='ltr'><strong>pta.</strong></span> <span class='ocrx_word' id='word_1_781' title='bbox 2364 5433 2519 5492; x_wconf 89' lang='lat' dir='ltr'><strong>Unde</strong></span> <span class='ocrx_word' id='word_1_782' title='bbox 2573 5436 2773 5491; x_wconf 85' lang='lat' dir='ltr'><strong>tabulis</strong></span> <span class='ocrx_word' id='word_1_783' title='bbox 2839 5438 3224 5492; x_wconf 68' lang='lat' dir='ltr'><strong>ecclesiasticis</strong></span> <span class='ocrx_word' id='word_1_784' title='bbox 3286 5438 3445 5491; x_wconf 84' lang='lat' dir='ltr'><strong>ﬁdem</strong></span> <span class='ocrx_word' id='word_1_785' title='bbox 3506 5438 3612 5491; x_wconf 73' lang='lat' dir='ltr'><strong>non</strong></span> <span class='ocrx_word' id='word_1_786' title='bbox 3684 5452 3775 5491; x_wconf 88' lang='lat' dir='ltr'><strong>es-</strong></span> 
     </span>
    </p>
   </div>
   <div class='ocr_carea' id='block_1_117' title="bbox 2201 5526 3778 5598">
    <p class='ocr_par' dir='ltr' id='par_1_117' title="bbox 2201 5526 3778 5598">
     <span class='ocr_line' id='line_1_117' title="bbox 2201 5526 3778 5598; baseline -0.002 -17"><span class='ocrx_word' id='word_1_787' title='bbox 2201 5542 2258 5581; x_wconf 89' lang='lat' dir='ltr'><strong>se</strong></span> <span class='ocrx_word' id='word_1_788' title='bbox 2293 5526 2591 5581; x_wconf 85' lang='lat' dir='ltr'><strong>habendam</strong></span> <span class='ocrx_word' id='word_1_789' title='bbox 2618 5529 2896 5598; x_wconf 80' lang='lat' dir='ltr'><strong>colligunt.</strong></span> <span class='ocrx_word' id='word_1_790' title='bbox 2927 5545 3046 5597; x_wconf 65' lang='lat' dir='ltr'><strong>qua:</strong></span> <span class='ocrx_word' id='word_1_791' title='bbox 3081 5529 3179 5581; x_wconf 90' lang='lat' dir='ltr'><strong>sub</strong></span> <span class='ocrx_word' id='word_1_792' title='bbox 3212 5527 3534 5593; x_wconf 85' lang='lat' dir='ltr'><strong>Domitiano,</strong></span> <span class='ocrx_word' id='word_1_793' title='bbox 3560 5527 3641 5580; x_wconf 91' lang='lat' dir='ltr'><strong>vel</strong></span> <span class='ocrx_word' id='word_1_794' title='bbox 3674 5526 3778 5579; x_wconf 86' lang='lat' dir='ltr'><strong>sub</strong></span> 
     </span>
    </p>
   </div>
   <div class='ocr_carea' id='block_1_118' title="bbox 2202 5618 3771 5690">
    <p class='ocr_par' dir='ltr' id='par_1_118' title="bbox 2202 5618 3771 5690">
     <span class='ocr_line' id='line_1_118' title="bbox 2202 5618 3771 5690; baseline -0.002 -17"><span class='ocrx_word' id='word_1_795' title='bbox 2202 5618 2459 5690; x_wconf 77' lang='lat' dir='ltr'><strong>Trojano,</strong></span> <span class='ocrx_word' id='word_1_796' title='bbox 2494 5631 2587 5673; x_wconf 92' lang='lat' dir='ltr'><strong>aut</strong></span> <span class='ocrx_word' id='word_1_797' title='bbox 2614 5621 2856 5675; x_wconf 83' lang='lat' dir='ltr'><strong>Adriano</strong></span> <span class='ocrx_word' id='word_1_798' title='bbox 2912 5636 3098 5690; x_wconf 88' lang='lat' dir='ltr'><strong>passos</strong></span> <span class='ocrx_word' id='word_1_799' title='bbox 3153 5622 3372 5674; x_wconf 85' lang='lat' dir='ltr'><strong>tradunt</strong></span> <span class='ocrx_word' id='word_1_800' title='bbox 3414 5621 3675 5690; x_wconf 87' lang='lat' dir='ltr'><strong>quosdam</strong></span> <span class='ocrx_word' id='word_1_801' title='bbox 3706 5633 3771 5671; x_wconf 82' lang='lat' dir='ltr'><strong>us</strong></span> 
     </span>
    </p>
   </div>
   <div class='ocr_carea' id='block_1_119' title="bbox 2200 5706 3772 5780">
    <p class='ocr_par' dir='ltr' id='par_1_119' title="bbox 2200 5706 3772 5780">
     <span class='ocr_line' id='line_1_119' title="bbox 2200 5706 3772 5780; baseline -0.002 -19"><span class='ocrx_word' id='word_1_802' title='bbox 2200 5709 2471 5778; x_wconf 89' lang='lat' dir='ltr'><strong>prioribus</strong></span> <span class='ocrx_word' id='word_1_803' title='bbox 2506 5709 2611 5763; x_wconf 67' lang='lat' dir='ltr'><strong>illis</strong></span> <span class='ocrx_word' id='word_1_804' title='bbox 2664 5709 3035 5780; x_wconf 76' lang='lat' dir='ltr'><strong>pontiﬁcibus.</strong></span> <span class='ocrx_word' id='word_1_805' title='bbox 3074 5708 3295 5762; x_wconf 87' lang='lat' dir='ltr'><strong>Utinam</strong></span> <span class='ocrx_word' id='word_1_806' title='bbox 3344 5709 3660 5763; x_wconf 83' lang='lat' dir='ltr'><strong>maluissent</strong></span> <span class='ocrx_word' id='word_1_807' title='bbox 3690 5706 3772 5761; x_wconf 81' lang='lat' dir='ltr'><strong>iu-</strong></span> 
     </span>
    </p>
   </div>
   <div class='ocr_carea' id='block_1_120' title="bbox 2204 5796 3785 5871">
    <p class='ocr_par' dir='ltr' id='par_1_120' title="bbox 2204 5796 3785 5871">
     <span class='ocr_line' id='line_1_120' title="bbox 2204 5796 3785 5871; baseline -0.003 -16"><span class='ocrx_word' id='word_1_808' title='bbox 2204 5800 2590 5871; x_wconf 88' lang='lat' dir='ltr'><strong>terpretatione</strong></span> <span class='ocrx_word' id='word_1_809' title='bbox 2620 5816 2683 5857; x_wconf 81' lang='lat' dir='ltr'><strong>ex</strong></span> <span class='ocrx_word' id='word_1_810' title='bbox 2745 5801 2877 5871; x_wconf 88' lang='lat' dir='ltr'><strong>ipsis</strong></span> <span class='ocrx_word' id='word_1_811' title='bbox 2907 5799 3047 5870; x_wconf 86' lang='lat' dir='ltr'><strong>juris</strong></span> <span class='ocrx_word' id='word_1_812' title='bbox 3080 5811 3135 5855; x_wconf 90' lang='lat' dir='ltr'><strong>et</strong></span> <span class='ocrx_word' id='word_1_813' title='bbox 3170 5800 3448 5856; x_wconf 83' lang='lat' dir='ltr'><strong>rhetorum</strong></span> <span class='ocrx_word' id='word_1_814' title='bbox 3497 5796 3785 5871; x_wconf 86' lang='lat' dir='ltr'><strong>principiis</strong></span> 
     </span>
    </p>
   </div>
  </div>
