  <div class='ocr_page' id='page_1' title='image "/cluster/home/n/w/nwhite01/storage/ocr_20150623/20/hvd.32044073501181/034.png"; bbox 0 0 4054 6456; ppageno 0'>
   <div class='ocr_carea' id='block_1_1' title="bbox 296 287 3571 351">
    <p class='ocr_par' dir='ltr' id='par_1_1' title="bbox 296 287 3571 351">
     <span class='ocr_line' id='line_1_1' title="bbox 296 287 3571 351; baseline 0.002 -8"><span class='ocrx_word' id='word_1_1' title='bbox 296 288 354 343; x_wconf 77' lang='grc' dir='ltr'>Η</span> <span class='ocrx_word' id='word_1_2' title='bbox 1580 287 1848 347; x_wconf 73' lang='lat' dir='ltr'><strong>VALESII</strong></span> <span class='ocrx_word' id='word_1_3' title='bbox 1889 288 2283 346; x_wconf 73' lang='lat' dir='ltr'><strong>PRIEFATIU.</strong></span> <span class='ocrx_word' id='word_1_4' title='bbox 3507 297 3571 351; x_wconf 66' lang='grc' dir='ltr'><strong>.ξὲ</strong></span> 
     </span>
    </p>
   </div>
   <div class='ocr_carea' id='block_1_2' title="bbox 295 402 3572 486">
    <p class='ocr_par' dir='ltr' id='par_1_2' title="bbox 295 402 3572 486">
     <span class='ocr_line' id='line_1_2' title="bbox 295 402 3572 486; baseline 0.003 -26"><span class='ocrx_word' id='word_1_5' title='bbox 295 406 475 465; x_wconf 80' lang='lat' dir='ltr'><strong>ducta.</strong></span> <span class='ocrx_word' id='word_1_6' title='bbox 507 402 776 459; x_wconf 79' lang='lat' dir='ltr'><strong>Severum</strong></span> <span class='ocrx_word' id='word_1_7' title='bbox 800 418 922 458; x_wconf 91' lang='lat' dir='ltr'><strong>cum</strong></span> <span class='ocrx_word' id='word_1_8' title='bbox 963 404 1232 476; x_wconf 82' lang='lat' dir='ltr'><strong>diptychis</strong></span> <span class='ocrx_word' id='word_1_9' title='bbox 1263 406 1649 486; x_wconf 75' lang='lat' dir='ltr'><strong>ecclesiasticis</strong></span> <span class='ocrx_word' id='word_1_10' title='bbox 1684 411 1736 464; x_wconf 91' lang='lat' dir='ltr'><strong>in</strong></span> <span class='ocrx_word' id='word_1_11' title='bbox 1762 428 1894 465; x_wconf 84' lang='lat' dir='ltr'><strong>con-</strong></span> <span class='ocrx_word' id='word_1_12' title='bbox 1920 418 1967 474; x_wconf 79' lang='grc' dir='ltr'><strong>Α</strong></span> <span class='ocrx_word' id='word_1_13' title='bbox 1997 427 2100 468; x_wconf 85' lang='lat' dir='ltr'><strong>non</strong></span> <span class='ocrx_word' id='word_1_14' title='bbox 2137 412 2318 475; x_wconf 88' lang='lat' dir='ltr'><strong>debet,</strong></span> <span class='ocrx_word' id='word_1_15' title='bbox 2340 411 2466 479; x_wconf 91' lang='lat' dir='ltr'><strong>quin</strong></span> <span class='ocrx_word' id='word_1_16' title='bbox 2501 407 2744 480; x_wconf 83' lang='lat' dir='ltr'><strong>Grcgorn</strong></span> <span class='ocrx_word' id='word_1_17' title='bbox 2771 418 3006 480; x_wconf 87' lang='lat' dir='ltr'><strong>tempore</strong></span> <span class='ocrx_word' id='word_1_18' title='bbox 3031 411 3222 483; x_wconf 84' lang='lat' dir='ltr'><strong>duplex</strong></span> <span class='ocrx_word' id='word_1_19' title='bbox 3257 413 3572 472; x_wconf 86' lang='lat' dir='ltr'><strong>invaluisset</strong></span> 
     </span>
    </p>
   </div>
   <div class='ocr_carea' id='block_1_3' title="bbox 293 497 3572 572">
    <p class='ocr_par' dir='ltr' id='par_1_3' title="bbox 293 497 3572 572">
     <span class='ocr_line' id='line_1_3' title="bbox 293 497 3572 572; baseline 0.003 -20"><span class='ocrx_word' id='word_1_20' title='bbox 293 497 540 552; x_wconf 89' lang='lat' dir='ltr'><strong>cordiam</strong></span> <span class='ocrx_word' id='word_1_21' title='bbox 578 497 892 561; x_wconf 74' lang='lat' dir='ltr'><strong>adducere;</strong></span> <span class='ocrx_word' id='word_1_22' title='bbox 925 498 1108 567; x_wconf 82' lang='lat' dir='ltr'><strong>generi</strong></span> <span class='ocrx_word' id='word_1_23' title='bbox 1137 498 1336 569; x_wconf 80' lang='lat' dir='ltr'><strong>quippe</strong></span> <span class='ocrx_word' id='word_1_24' title='bbox 1387 516 1482 569; x_wconf 90' lang='lat' dir='ltr'><strong>per</strong></span> <span class='ocrx_word' id='word_1_25' title='bbox 1513 503 1747 571; x_wconf 55' lang='lat' dir='ltr'><strong>speciem</strong></span> <span class='ocrx_word' id='word_1_26' title='bbox 1783 505 1881 559; x_wconf 87' lang='lat' dir='ltr'><strong>de—</strong></span> <span class='ocrx_word' id='word_1_27' title='bbox 1994 503 2271 572; x_wconf 88' lang='lat' dir='ltr'><strong>opinio,et</strong></span> <span class='ocrx_word' id='word_1_28' title='bbox 2299 504 2429 572; x_wconf 89' lang='lat' dir='ltr'><strong>quin</strong></span> <span class='ocrx_word' id='word_1_29' title='bbox 2464 511 2696 572; x_wconf 90' lang='lat' dir='ltr'><strong>utraque</strong></span> <span class='ocrx_word' id='word_1_30' title='bbox 2731 503 2843 557; x_wconf 90' lang='lat' dir='ltr'><strong>sola</strong></span> <span class='ocrx_word' id='word_1_31' title='bbox 2877 504 3139 558; x_wconf 81' lang='lat' dir='ltr'><strong>relatione</strong></span> <span class='ocrx_word' id='word_1_32' title='bbox 3163 506 3446 562; x_wconf 90' lang='lat' dir='ltr'><strong>niteretur.</strong></span> <span class='ocrx_word' id='word_1_33' title='bbox 3478 509 3572 562; x_wconf 84' lang='lat' dir='ltr'><strong>Al-</strong></span> 
     </span>
    </p>
   </div>
   <div class='ocr_carea' id='block_1_4' title="bbox 295 591 1883 666">
    <p class='ocr_par' dir='ltr' id='par_1_4' title="bbox 295 591 1883 666">
     <span class='ocr_line' id='line_1_4' title="bbox 295 591 1883 666; baseline 0.004 -22"><span class='ocrx_word' id='word_1_34' title='bbox 295 599 542 658; x_wconf 83' lang='lat' dir='ltr'><strong>rOgatur,</strong></span> <span class='ocrx_word' id='word_1_35' title='bbox 580 600 644 642; x_wconf 92' lang='lat' dir='ltr'><strong>ut</strong></span> <span class='ocrx_word' id='word_1_36' title='bbox 698 591 894 645; x_wconf 84' lang='lat' dir='ltr'><strong>docent</strong></span> <span class='ocrx_word' id='word_1_37' title='bbox 917 591 1315 658; x_wconf 71' lang='lat' dir='ltr'><strong>iurisconsulti.</strong></span> <span class='ocrx_word' id='word_1_38' title='bbox 1353 592 1428 648; x_wconf 90' lang='lat' dir='ltr'><strong>De</strong></span> <span class='ocrx_word' id='word_1_39' title='bbox 1477 596 1752 665; x_wconf 83' lang='lat' dir='ltr'><strong>martyriis</strong></span> <span class='ocrx_word' id='word_1_40' title='bbox 1791 612 1883 666; x_wconf 88' lang='lat' dir='ltr'><strong>ge-</strong></span> 
     </span>
    </p>
   </div>
   <div class='ocr_carea' id='block_1_5' title="bbox 293 680 1877 751">
    <p class='ocr_par' dir='ltr' id='par_1_5' title="bbox 293 680 1877 751">
     <span class='ocr_line' id='line_1_5' title="bbox 293 680 1877 751; baseline 0.003 -15"><span class='ocrx_word' id='word_1_41' title='bbox 293 680 578 736; x_wconf 87' lang='lat' dir='ltr'><strong>neralibus</strong></span> <span class='ocrx_word' id='word_1_42' title='bbox 631 680 872 751; x_wconf 87' lang='lat' dir='ltr'><strong>loquitur</strong></span> <span class='ocrx_word' id='word_1_43' title='bbox 924 682 1160 740; x_wconf 89' lang='lat' dir='ltr'><strong>Severus</strong></span> <span class='ocrx_word' id='word_1_44' title='bbox 1185 724 1199 745; x_wconf 90' lang='lat'><strong>,</strong></span> <span class='ocrx_word' id='word_1_45' title='bbox 1235 683 1448 739; x_wconf 83' lang='lat' dir='ltr'><strong>scilicet</strong></span> <span class='ocrx_word' id='word_1_46' title='bbox 1499 687 1565 740; x_wconf 90' lang='lat' dir='ltr'><strong>de</strong></span> <span class='ocrx_word' id='word_1_47' title='bbox 1595 687 1740 741; x_wconf 66' lang='lat' dir='ltr'><strong>caule</strong></span> <span class='ocrx_word' id='word_1_48' title='bbox 1768 697 1877 741; x_wconf 90' lang='lat' dir='ltr'><strong>tum</strong></span> 
     </span>
    </p>
   </div>
   <div class='ocr_carea' id='block_1_6' title="bbox 291 772 1878 849">
    <p class='ocr_par' dir='ltr' id='par_1_6' title="bbox 291 772 1878 849">
     <span class='ocr_line' id='line_1_6' title="bbox 291 772 1878 849; baseline 0.007 -25"><span class='ocrx_word' id='word_1_49' title='bbox 291 772 648 841; x_wconf 87' lang='lat' dir='ltr'><strong>pontificum,</strong></span> <span class='ocrx_word' id='word_1_50' title='bbox 695 785 803 826; x_wconf 92' lang='lat' dir='ltr'><strong>tum</strong></span> <span class='ocrx_word' id='word_1_51' title='bbox 849 775 1020 843; x_wconf 87' lang='lat' dir='ltr'><strong>plebis</strong></span> <span class='ocrx_word' id='word_1_52' title='bbox 1075 774 1436 838; x_wconf 73' lang='lat' dir='ltr'><strong>Christianm.</strong></span> <span class='ocrx_word' id='word_1_53' title='bbox 1472 794 1570 846; x_wconf 87' lang='lat' dir='ltr'><strong>per</strong></span> <span class='ocrx_word' id='word_1_54' title='bbox 1619 779 1878 849; x_wconf 88' lang='lat' dir='ltr'><strong>supplicia</strong></span> 
     </span>
    </p>
   </div>
   <div class='ocr_carea' id='block_1_7' title="bbox 289 869 1880 935">
    <p class='ocr_par' dir='ltr' id='par_1_7' title="bbox 289 869 1880 935">
     <span class='ocr_line' id='line_1_7' title="bbox 289 869 1880 935; baseline 0.006 -18"><span class='ocrx_word' id='word_1_55' title='bbox 289 876 770 935; x_wconf 84' lang='lat' dir='ltr'><strong>consumptorum,</strong></span> <span class='ocrx_word' id='word_1_56' title='bbox 809 877 865 921; x_wconf 92' lang='lat' dir='ltr'><strong>ut</strong></span> <span class='ocrx_word' id='word_1_57' title='bbox 895 869 1094 922; x_wconf 80' lang='lat' dir='ltr'><strong>accidit</strong></span> <span class='ocrx_word' id='word_1_58' title='bbox 1121 871 1171 923; x_wconf 92' lang='lat' dir='ltr'><strong>in</strong></span> <span class='ocrx_word' id='word_1_59' title='bbox 1218 870 1472 926; x_wconf 87' lang='lat' dir='ltr'><strong>Ecclesiis</strong></span> <span class='ocrx_word' id='word_1_60' title='bbox 1502 871 1790 928; x_wconf 85' lang='lat' dir='ltr'><strong>Viennensi</strong></span> <span class='ocrx_word' id='word_1_61' title='bbox 1827 883 1880 926; x_wconf 85' lang='lat' dir='ltr'><strong>et</strong></span> 
     </span>
    </p>
   </div>
   <div class='ocr_carea' id='block_1_8' title="bbox 288 951 1881 1032">
    <p class='ocr_par' dir='ltr' id='par_1_8' title="bbox 288 951 1881 1032">
     <span class='ocr_line' id='line_1_8' title="bbox 288 951 1881 1032; baseline 0.008 -26"><span class='ocrx_word' id='word_1_62' title='bbox 288 951 648 1023; x_wconf 77' lang='lat' dir='ltr'><strong>Lugdunensi</strong></span> <span class='ocrx_word' id='word_1_63' title='bbox 687 956 786 1010; x_wconf 92' lang='lat' dir='ltr'><strong>sub</strong></span> <span class='ocrx_word' id='word_1_64' title='bbox 819 957 1128 1022; x_wconf 88' lang='lat' dir='ltr'><strong>Antonino,</strong></span> <span class='ocrx_word' id='word_1_65' title='bbox 1164 975 1272 1029; x_wconf 88' lang='lat' dir='ltr'><strong>quo</strong></span> <span class='ocrx_word' id='word_1_66' title='bbox 1325 961 1498 1015; x_wconf 86' lang='lat' dir='ltr'><strong>solum</strong></span> <span class='ocrx_word' id='word_1_67' title='bbox 1556 964 1881 1032; x_wconf 78' lang='lat' dir='ltr'><strong>respiciebat</strong></span> 
     </span>
    </p>
   </div>
   <div class='ocr_carea' id='block_1_9' title="bbox 288 1045 1877 1122">
    <p class='ocr_par' dir='ltr' id='par_1_9' title="bbox 288 1045 1877 1122">
     <span class='ocr_line' id='line_1_9' title="bbox 288 1045 1877 1122; baseline 0.008 -24"><span class='ocrx_word' id='word_1_68' title='bbox 288 1045 562 1107; x_wconf 79' lang='lat' dir='ltr'><strong>Severus;</strong></span> <span class='ocrx_word' id='word_1_69' title='bbox 596 1046 684 1100; x_wconf 87' lang='lat' dir='ltr'><strong>cui</strong></span> <span class='ocrx_word' id='word_1_70' title='bbox 719 1048 857 1102; x_wconf 85' lang='lat' dir='ltr'><strong>cladi</strong></span> <span class='ocrx_word' id='word_1_71' title='bbox 897 1049 1092 1104; x_wconf 88' lang='lat' dir='ltr'><strong>similis</strong></span> <span class='ocrx_word' id='word_1_72' title='bbox 1129 1060 1252 1104; x_wconf 89' lang='lat' dir='ltr'><strong>ante</strong></span> <span class='ocrx_word' id='word_1_73' title='bbox 1301 1051 1442 1106; x_wconf 88' lang='lat' dir='ltr'><strong>nulla</strong></span> <span class='ocrx_word' id='word_1_74' title='bbox 1474 1055 1775 1122; x_wconf 71' lang='lat' dir='ltr'><strong>centigerat</strong></span> <span class='ocrx_word' id='word_1_75' title='bbox 1824 1058 1877 1111; x_wconf 93' lang='lat' dir='ltr'><strong>in</strong></span> 
     </span>
    </p>
   </div>
   <div class='ocr_carea' id='block_1_10' title="bbox 285 1136 1879 1217">
    <p class='ocr_par' dir='ltr' id='par_1_10' title="bbox 285 1136 1879 1217">
     <span class='ocr_line' id='line_1_10' title="bbox 285 1136 1879 1217; baseline 0.006 -25"><span class='ocrx_word' id='word_1_76' title='bbox 285 1136 498 1192; x_wconf 83' lang='lat' dir='ltr'><strong>Galliis.</strong></span> <span class='ocrx_word' id='word_1_77' title='bbox 538 1137 698 1204; x_wconf 85' lang='lat' dir='ltr'><strong>Quod</strong></span> <span class='ocrx_word' id='word_1_78' title='bbox 743 1151 920 1194; x_wconf 87' lang='lat' dir='ltr'><strong>tamen</strong></span> <span class='ocrx_word' id='word_1_79' title='bbox 975 1159 1076 1198; x_wconf 89' lang='lat' dir='ltr'><strong>non</strong></span> <span class='ocrx_word' id='word_1_80' title='bbox 1111 1145 1332 1214; x_wconf 86' lang='lat' dir='ltr'><strong>impedit</strong></span> <span class='ocrx_word' id='word_1_81' title='bbox 1371 1147 1499 1214; x_wconf 89' lang='lat' dir='ltr'><strong>quin</strong></span> <span class='ocrx_word' id='word_1_82' title='bbox 1543 1148 1751 1217; x_wconf 84' lang='lat' dir='ltr'><strong>priores</strong></span> <span class='ocrx_word' id='word_1_83' title='bbox 1781 1152 1879 1204; x_wconf 80' lang='lat' dir='ltr'><strong>ali—</strong></span> 
     </span>
    </p>
   </div>
   <div class='ocr_carea' id='block_1_11' title="bbox 288 1229 1878 1310">
    <p class='ocr_par' dir='ltr' id='par_1_11' title="bbox 288 1229 1878 1310">
     <span class='ocr_line' id='line_1_11' title="bbox 288 1229 1878 1310; baseline 0.009 -30"><span class='ocrx_word' id='word_1_84' title='bbox 288 1239 416 1295; x_wconf 88' lang='lat' dir='ltr'><strong>quot</strong></span> <span class='ocrx_word' id='word_1_85' title='bbox 439 1229 693 1297; x_wconf 89' lang='lat' dir='ltr'><strong>episcopi</strong></span> <span class='ocrx_word' id='word_1_86' title='bbox 723 1245 818 1298; x_wconf 92' lang='lat' dir='ltr'><strong>pro</strong></span> <span class='ocrx_word' id='word_1_87' title='bbox 844 1229 1064 1286; x_wconf 86' lang='lat' dir='ltr'><strong>Christo</strong></span> <span class='ocrx_word' id='word_1_88' title='bbox 1103 1245 1330 1290; x_wconf 87' lang='lat' dir='ltr'><strong>mortem</strong></span> <span class='ocrx_word' id='word_1_89' title='bbox 1373 1235 1628 1304; x_wconf 87' lang='lat' dir='ltr'><strong>obierint,</strong></span> <span class='ocrx_word' id='word_1_90' title='bbox 1670 1241 1878 1310; x_wconf 88' lang='lat' dir='ltr'><strong>absque</strong></span> 
     </span>
    </p>
   </div>
   <div class='ocr_carea' id='block_1_12' title="bbox 286 1319 1876 1400">
    <p class='ocr_par' dir='ltr' id='par_1_12' title="bbox 286 1319 1876 1400">
     <span class='ocr_line' id='line_1_12' title="bbox 286 1319 1876 1400; baseline 0.009 -29"><span class='ocrx_word' id='word_1_91' title='bbox 286 1319 386 1373; x_wconf 84' lang='lat' dir='ltr'><strong>ulla</strong></span> <span class='ocrx_word' id='word_1_92' title='bbox 421 1330 616 1375; x_wconf 86' lang='lat' dir='ltr'><strong>tamen</strong></span> <span class='ocrx_word' id='word_1_93' title='bbox 654 1324 890 1390; x_wconf 83' lang='lat' dir='ltr'><strong>generali</strong></span> <span class='ocrx_word' id='word_1_94' title='bbox 932 1325 1101 1392; x_wconf 89' lang='lat' dir='ltr'><strong>plebis</strong></span> <span class='ocrx_word' id='word_1_95' title='bbox 1120 1325 1446 1383; x_wconf 64' lang='lat' dir='ltr'><strong>Christianae</strong></span> <span class='ocrx_word' id='word_1_96' title='bbox 1481 1341 1679 1400; x_wconf 77' lang='lat' dir='ltr'><strong>strage,</strong></span> <span class='ocrx_word' id='word_1_97' title='bbox 1704 1341 1761 1386; x_wconf 91' lang='lat' dir='ltr'><strong>ut</strong></span> <span class='ocrx_word' id='word_1_98' title='bbox 1793 1333 1876 1386; x_wconf 84' lang='lat' dir='ltr'><strong>fa-</strong></span> 
     </span>
    </p>
   </div>
   <div class='ocr_carea' id='block_1_13' title="bbox 285 1413 1877 1489">
    <p class='ocr_par' dir='ltr' id='par_1_13' title="bbox 285 1413 1877 1489">
     <span class='ocr_line' id='line_1_13' title="bbox 285 1413 1877 1489; baseline 0.007 -23"><span class='ocrx_word' id='word_1_99' title='bbox 285 1423 427 1466; x_wconf 86' lang='lat' dir='ltr'><strong>ctum</strong></span> <span class='ocrx_word' id='word_1_100' title='bbox 453 1422 654 1480; x_wconf 85' lang='lat' dir='ltr'><strong>postea</strong></span> <span class='ocrx_word' id='word_1_101' title='bbox 675 1419 774 1467; x_wconf 87' lang='lat' dir='ltr'><strong>sub</strong></span> <span class='ocrx_word' id='word_1_102' title='bbox 805 1413 985 1480; x_wconf 87' lang='lat' dir='ltr'><strong>Decio,</strong></span> <span class='ocrx_word' id='word_1_103' title='bbox 1008 1418 1098 1486; x_wconf 85' lang='lat' dir='ltr'><strong>qui</strong></span> <span class='ocrx_word' id='word_1_104' title='bbox 1129 1417 1273 1471; x_wconf 89' lang='lat' dir='ltr'><strong>solos</strong></span> <span class='ocrx_word' id='word_1_105' title='bbox 1306 1417 1356 1471; x_wconf 89' lang='lat' dir='ltr'><strong>in</strong></span> <span class='ocrx_word' id='word_1_106' title='bbox 1389 1419 1672 1489; x_wconf 82' lang='lat' dir='ltr'><strong>episcopos</strong></span> <span class='ocrx_word' id='word_1_107' title='bbox 1701 1423 1877 1477; x_wconf 91' lang='lat' dir='ltr'><strong>anim-</strong></span> 
     </span>
    </p>
   </div>
   <div class='ocr_carea' id='block_1_14' title="bbox 284 1503 1872 1579">
    <p class='ocr_par' dir='ltr' id='par_1_14' title="bbox 284 1503 1872 1579">
     <span class='ocr_line' id='line_1_14' title="bbox 284 1503 1872 1579; baseline 0.009 -23"><span class='ocrx_word' id='word_1_108' title='bbox 284 1503 628 1558; x_wconf 79' lang='lat' dir='ltr'><strong>advertebat.</strong></span> <span class='ocrx_word' id='word_1_109' title='bbox 651 1504 834 1574; x_wconf 83' lang='lat' dir='ltr'><strong>Neqne</strong></span> <span class='ocrx_word' id='word_1_110' title='bbox 861 1523 992 1563; x_wconf 91' lang='lat' dir='ltr'><strong>vero</strong></span> <span class='ocrx_word' id='word_1_111' title='bbox 1019 1513 1268 1579; x_wconf 86' lang='lat' dir='ltr'><strong>sequitur</strong></span> <span class='ocrx_word' id='word_1_112' title='bbox 1291 1526 1505 1567; x_wconf 87' lang='lat' dir='ltr'><strong>errasse</strong></span> <span class='ocrx_word' id='word_1_113' title='bbox 1535 1514 1789 1570; x_wconf 82' lang='lat' dir='ltr'><strong>Severum</strong></span> <span class='ocrx_word' id='word_1_114' title='bbox 1822 1517 1872 1571; x_wconf 92' lang='lat' dir='ltr'><strong>in</strong></span> 
     </span>
    </p>
   </div>
   <div class='ocr_carea' id='block_1_15' title="bbox 285 1598 1872 1679">
    <p class='ocr_par' dir='ltr' id='par_1_15' title="bbox 285 1598 1872 1679">
     <span class='ocr_line' id='line_1_15' title="bbox 285 1598 1872 1679; baseline 0.009 -31"><span class='ocrx_word' id='word_1_115' title='bbox 285 1598 628 1665; x_wconf 77' lang='lat' dir='ltr'><strong>pertexenda</strong></span> <span class='ocrx_word' id='word_1_116' title='bbox 698 1615 874 1654; x_wconf 89' lang='lat' dir='ltr'><strong>rerum</strong></span> <span class='ocrx_word' id='word_1_117' title='bbox 925 1603 1097 1667; x_wconf 88' lang='lat' dir='ltr'><strong>serie,</strong></span> <span class='ocrx_word' id='word_1_118' title='bbox 1154 1619 1275 1657; x_wconf 87' lang='lat' dir='ltr'><strong>ctnn</strong></span> <span class='ocrx_word' id='word_1_119' title='bbox 1337 1621 1434 1672; x_wconf 89' lang='lat' dir='ltr'><strong>per</strong></span> <span class='ocrx_word' id='word_1_120' title='bbox 1493 1611 1872 1679; x_wconf 87' lang='lat' dir='ltr'><strong>compendium</strong></span> 
     </span>
    </p>
   </div>
   <div class='ocr_carea' id='block_1_16' title="bbox 284 1691 1876 1768">
    <p class='ocr_par' dir='ltr' id='par_1_16' title="bbox 284 1691 1876 1768">
     <span class='ocr_line' id='line_1_16' title="bbox 284 1691 1876 1768; baseline 0.01 -25"><span class='ocrx_word' id='word_1_121' title='bbox 284 1703 499 1743; x_wconf 86' lang='lat' dir='ltr'><strong>summa</strong></span> <span class='ocrx_word' id='word_1_122' title='bbox 529 1691 749 1746; x_wconf 85' lang='lat' dir='ltr'><strong>illarum</strong></span> <span class='ocrx_word' id='word_1_123' title='bbox 779 1693 957 1763; x_wconf 82' lang='lat' dir='ltr'><strong>capita</strong></span> <span class='ocrx_word' id='word_1_124' title='bbox 991 1695 1269 1764; x_wconf 88' lang='lat' dir='ltr'><strong>attigerit,</strong></span> <span class='ocrx_word' id='word_1_125' title='bbox 1300 1713 1476 1768; x_wconf 80' lang='lat' dir='ltr'><strong>neque</strong></span> <span class='ocrx_word' id='word_1_126' title='bbox 1508 1702 1560 1753; x_wconf 94' lang='lat' dir='ltr'><strong>in</strong></span> <span class='ocrx_word' id='word_1_127' title='bbox 1592 1717 1652 1756; x_wconf 90' lang='lat' dir='ltr'><strong>se</strong></span> <span class='ocrx_word' id='word_1_128' title='bbox 1690 1717 1876 1759; x_wconf 85' lang='lat' dir='ltr'><strong>susce-</strong></span> 
     </span>
    </p>
   </div>
   <div class='ocr_carea' id='block_1_17' title="bbox 1993 596 3565 667">
    <p class='ocr_par' dir='ltr' id='par_1_17' title="bbox 1993 596 3565 667">
     <span class='ocr_line' id='line_1_17' title="bbox 1993 596 3565 667; baseline 0.004 -18"><span class='ocrx_word' id='word_1_129' title='bbox 1993 605 2103 650; x_wconf 89' lang='lat' dir='ltr'><strong>tera</strong></span> <span class='ocrx_word' id='word_1_130' title='bbox 2143 605 2229 650; x_wconf 84' lang='lat' dir='ltr'><strong>est</strong></span> <span class='ocrx_word' id='word_1_131' title='bbox 2252 612 2412 665; x_wconf 90' lang='lat' dir='ltr'><strong>quam</strong></span> <span class='ocrx_word' id='word_1_132' title='bbox 2446 597 2693 667; x_wconf 87' lang='lat' dir='ltr'><strong>sequitur</strong></span> <span class='ocrx_word' id='word_1_133' title='bbox 2722 596 3013 665; x_wconf 77' lang='lat' dir='ltr'><strong>Gregorius</strong></span> <span class='ocrx_word' id='word_1_134' title='bbox 3047 598 3149 652; x_wconf 93' lang='lat' dir='ltr'><strong>hoc</strong></span> <span class='ocrx_word' id='word_1_135' title='bbox 3182 599 3319 659; x_wconf 91' lang='lat' dir='ltr'><strong>loco.</strong></span> <span class='ocrx_word' id='word_1_136' title='bbox 3349 616 3565 666; x_wconf 86' lang='lat' dir='ltr'><strong>passum</strong></span> 
     </span>
    </p>
   </div>
   <div class='ocr_carea' id='block_1_18' title="bbox 1989 683 3568 740">
    <p class='ocr_par' dir='ltr' id='par_1_18' title="bbox 1989 683 3568 740">
     <span class='ocr_line' id='line_1_18' title="bbox 1989 683 3568 740; baseline 0.001 -3"><span class='ocrx_word' id='word_1_137' title='bbox 1989 701 2111 740; x_wconf 84' lang='lat' dir='ltr'><strong>esse</strong></span> <span class='ocrx_word' id='word_1_138' title='bbox 2161 684 2510 740; x_wconf 88' lang='lat' dir='ltr'><strong>Saturninum</strong></span> <span class='ocrx_word' id='word_1_139' title='bbox 2564 685 2710 739; x_wconf 87' lang='lat' dir='ltr'><strong>Decii</strong></span> <span class='ocrx_word' id='word_1_140' title='bbox 2740 684 3047 739; x_wconf 83' lang='lat' dir='ltr'><strong>consulatu.</strong></span> <span class='ocrx_word' id='word_1_141' title='bbox 3079 683 3212 739; x_wconf 87' lang='lat' dir='ltr'><strong>Illud</strong></span> <span class='ocrx_word' id='word_1_142' title='bbox 3255 698 3433 740; x_wconf 88' lang='lat' dir='ltr'><strong>autem</strong></span> <span class='ocrx_word' id='word_1_143' title='bbox 3474 703 3568 740; x_wconf 87' lang='lat' dir='ltr'><strong>au-</strong></span> 
     </span>
    </p>
   </div>
   <div class='ocr_carea' id='block_1_19' title="bbox 1990 773 3566 837">
    <p class='ocr_par' dir='ltr' id='par_1_19' title="bbox 1990 773 3566 837">
     <span class='ocr_line' id='line_1_19' title="bbox 1990 773 3566 837; baseline 0.003 -9"><span class='ocrx_word' id='word_1_144' title='bbox 1990 781 2109 828; x_wconf 92' lang='lat' dir='ltr'><strong>ctor</strong></span> <span class='ocrx_word' id='word_1_145' title='bbox 2132 773 2199 826; x_wconf 93' lang='lat' dir='ltr'><strong>ab</strong></span> <span class='ocrx_word' id='word_1_146' title='bbox 2230 789 2294 827; x_wconf 91' lang='lat' dir='ltr'><strong>eo</strong></span> <span class='ocrx_word' id='word_1_147' title='bbox 2318 773 2567 829; x_wconf 88' lang='lat' dir='ltr'><strong>laudatus</strong></span> <span class='ocrx_word' id='word_1_148' title='bbox 2591 775 2790 837; x_wconf 85' lang='lat' dir='ltr'><strong>hausit,</strong></span> <span class='ocrx_word' id='word_1_149' title='bbox 2811 791 2914 829; x_wconf 89' lang='lat' dir='ltr'><strong>non</strong></span> <span class='ocrx_word' id='word_1_150' title='bbox 2936 789 2997 828; x_wconf 76' lang='lat' dir='ltr'><strong>ex</strong></span> <span class='ocrx_word' id='word_1_151' title='bbox 3029 776 3258 832; x_wconf 82' lang='lat' dir='ltr'><strong>vetustis</strong></span> <span class='ocrx_word' id='word_1_152' title='bbox 3289 776 3566 832; x_wconf 88' lang='lat' dir='ltr'><strong>Saturnini</strong></span> 
     </span>
    </p>
   </div>
   <div class='ocr_carea' id='block_1_20' title="bbox 1989 865 3565 937">
    <p class='ocr_par' dir='ltr' id='par_1_20' title="bbox 1989 865 3565 937">
     <span class='ocr_line' id='line_1_20' title="bbox 1989 865 3565 937; baseline 0.004 -21"><span class='ocrx_word' id='word_1_153' title='bbox 1989 865 2254 932; x_wconf 84' lang='lat' dir='ltr'><strong>passionis</strong></span> <span class='ocrx_word' id='word_1_154' title='bbox 2292 866 2457 928; x_wconf 83' lang='lat' dir='ltr'><strong>Actis,</strong></span> <span class='ocrx_word' id='word_1_155' title='bbox 2493 867 2585 919; x_wconf 90' lang='lat' dir='ltr'><strong>sed</strong></span> <span class='ocrx_word' id='word_1_156' title='bbox 2616 881 2680 919; x_wconf 78' lang='lat' dir='ltr'><strong>ea:</strong></span> <span class='ocrx_word' id='word_1_157' title='bbox 2710 865 2858 933; x_wconf 83' lang='lat' dir='ltr'><strong>ﬁdeli</strong></span> <span class='ocrx_word' id='word_1_158' title='bbox 2891 868 3268 932; x_wconf 78' lang='lat' dir='ltr'><strong>recordatione,</strong></span> <span class='ocrx_word' id='word_1_159' title='bbox 3301 877 3360 922; x_wconf 94' lang='lat' dir='ltr'><strong>ut</strong></span> <span class='ocrx_word' id='word_1_160' title='bbox 3391 869 3565 937; x_wconf 85' lang='lat' dir='ltr'><strong>loqui--</strong></span> 
     </span>
    </p>
   </div>
   <div class='ocr_carea' id='block_1_21' title="bbox 1991 955 3565 1029">
    <p class='ocr_par' dir='ltr' id='par_1_21' title="bbox 1991 955 3565 1029">
     <span class='ocr_line' id='line_1_21' title="bbox 1991 955 3565 1029; baseline 0.004 -21"><span class='ocrx_word' id='word_1_161' title='bbox 1991 967 2096 1010; x_wconf 90' lang='lat' dir='ltr'><strong>tur.</strong></span> <span class='ocrx_word' id='word_1_162' title='bbox 2142 955 2364 1011; x_wconf 78' lang='lat' dir='ltr'><strong>Vetusta</strong></span> <span class='ocrx_word' id='word_1_163' title='bbox 2395 959 2533 1011; x_wconf 91' lang='lat' dir='ltr'><strong>enim</strong></span> <span class='ocrx_word' id='word_1_164' title='bbox 2565 958 2832 1026; x_wconf 90' lang='lat' dir='ltr'><strong>passionis</strong></span> <span class='ocrx_word' id='word_1_165' title='bbox 2856 959 3010 1027; x_wconf 85' lang='lat' dir='ltr'><strong>Acta,</strong></span> <span class='ocrx_word' id='word_1_166' title='bbox 3046 959 3131 1014; x_wconf 86' lang='lat' dir='ltr'><strong>vel</strong></span> <span class='ocrx_word' id='word_1_167' title='bbox 3168 976 3262 1029; x_wconf 91' lang='lat' dir='ltr'><strong>per</strong></span> <span class='ocrx_word' id='word_1_168' title='bbox 3301 961 3565 1016; x_wconf 90' lang='lat' dir='ltr'><strong>incuriam</strong></span> 
     </span>
    </p>
   </div>
   <div class='ocr_carea' id='block_1_22' title="bbox 1990 1048 3565 1120">
    <p class='ocr_par' dir='ltr' id='par_1_22' title="bbox 1990 1048 3565 1120">
     <span class='ocr_line' id='line_1_22' title="bbox 1990 1048 3565 1120; baseline 0.004 -21"><span class='ocrx_word' id='word_1_169' title='bbox 1990 1056 2232 1117; x_wconf 90' lang='lat' dir='ltr'><strong>tempore</strong></span> <span class='ocrx_word' id='word_1_170' title='bbox 2263 1048 2354 1102; x_wconf 88' lang='lat' dir='ltr'><strong>illo</strong></span> <span class='ocrx_word' id='word_1_171' title='bbox 2382 1050 2582 1116; x_wconf 89' lang='lat' dir='ltr'><strong>scripta</strong></span> <span class='ocrx_word' id='word_1_172' title='bbox 2629 1063 2733 1101; x_wconf 94' lang='lat' dir='ltr'><strong>non</strong></span> <span class='ocrx_word' id='word_1_173' title='bbox 2783 1049 3022 1114; x_wconf 83' lang='lat' dir='ltr'><strong>fuerant,</strong></span> <span class='ocrx_word' id='word_1_174' title='bbox 3054 1051 3136 1104; x_wconf 86' lang='lat' dir='ltr'><strong>vel</strong></span> <span class='ocrx_word' id='word_1_175' title='bbox 3170 1066 3236 1104; x_wconf 78' lang='lat' dir='ltr'><strong>ex</strong></span> <span class='ocrx_word' id='word_1_176' title='bbox 3274 1052 3565 1120; x_wconf 77' lang='lat' dir='ltr'><strong>prtesidum</strong></span> 
     </span>
    </p>
   </div>
   <div class='ocr_carea' id='block_1_23' title="bbox 1988 1139 3566 1211">
    <p class='ocr_par' dir='ltr' id='par_1_23' title="bbox 1988 1139 3566 1211">
     <span class='ocr_line' id='line_1_23' title="bbox 1988 1139 3566 1211; baseline 0.004 -18"><span class='ocrx_word' id='word_1_177' title='bbox 1988 1139 2207 1194; x_wconf 88' lang='lat' dir='ltr'><strong>decreto</strong></span> <span class='ocrx_word' id='word_1_178' title='bbox 2273 1141 2603 1209; x_wconf 88' lang='lat' dir='ltr'><strong>temporibus</strong></span> <span class='ocrx_word' id='word_1_179' title='bbox 2636 1139 2786 1195; x_wconf 90' lang='lat' dir='ltr'><strong>Decii</strong></span> <span class='ocrx_word' id='word_1_180' title='bbox 2844 1141 2967 1211; x_wconf 90' lang='lat' dir='ltr'><strong>igne</strong></span> <span class='ocrx_word' id='word_1_181' title='bbox 3019 1143 3336 1210; x_wconf 86' lang='lat' dir='ltr'><strong>perierant;</strong></span> <span class='ocrx_word' id='word_1_182' title='bbox 3386 1153 3444 1196; x_wconf 89' lang='lat' dir='ltr'><strong>ut</strong></span> <span class='ocrx_word' id='word_1_183' title='bbox 3500 1145 3566 1199; x_wconf 89' lang='lat' dir='ltr'><strong>de</strong></span> 
     </span>
    </p>
   </div>
   <div class='ocr_carea' id='block_1_24' title="bbox 1985 1231 3565 1304">
    <p class='ocr_par' dir='ltr' id='par_1_24' title="bbox 1985 1231 3565 1304">
     <span class='ocr_line' id='line_1_24' title="bbox 1985 1231 3565 1304; baseline 0.001 -18"><span class='ocrx_word' id='word_1_184' title='bbox 1985 1231 2137 1287; x_wconf 85' lang='lat' dir='ltr'><strong>Actis</strong></span> <span class='ocrx_word' id='word_1_185' title='bbox 2162 1242 2456 1304; x_wconf 82' lang='lat' dir='ltr'><strong>martyrum</strong></span> <span class='ocrx_word' id='word_1_186' title='bbox 2485 1233 2812 1303; x_wconf 82' lang='lat' dir='ltr'><strong>generaliter</strong></span> <span class='ocrx_word' id='word_1_187' title='bbox 2841 1243 3070 1289; x_wconf 90' lang='lat' dir='ltr'><strong>testatur</strong></span> <span class='ocrx_word' id='word_1_188' title='bbox 3094 1236 3439 1292; x_wconf 83' lang='lat' dir='ltr'><strong>Prudentius.</strong></span> <span class='ocrx_word' id='word_1_189' title='bbox 3468 1235 3565 1290; x_wconf 80' lang='lat' dir='ltr'><strong>Al-</strong></span> 
     </span>
    </p>
   </div>
   <div class='ocr_carea' id='block_1_25' title="bbox 1989 1327 3567 1398">
    <p class='ocr_par' dir='ltr' id='par_1_25' title="bbox 1989 1327 3567 1398">
     <span class='ocr_line' id='line_1_25' title="bbox 1989 1327 3567 1398; baseline 0.003 -19"><span class='ocrx_word' id='word_1_190' title='bbox 1989 1335 2100 1380; x_wconf 90' lang='lat' dir='ltr'><strong>tera</strong></span> <span class='ocrx_word' id='word_1_191' title='bbox 2139 1328 2438 1389; x_wconf 86' lang='lat' dir='ltr'><strong>sententia,</strong></span> <span class='ocrx_word' id='word_1_192' title='bbox 2486 1341 2580 1380; x_wconf 89' lang='lat' dir='ltr'><strong>sua</strong></span> <span class='ocrx_word' id='word_1_193' title='bbox 2636 1342 2851 1394; x_wconf 86' lang='lat' dir='ltr'><strong>quoque</strong></span> <span class='ocrx_word' id='word_1_194' title='bbox 2893 1327 3164 1381; x_wconf 88' lang='lat' dir='ltr'><strong>relatione</strong></span> <span class='ocrx_word' id='word_1_195' title='bbox 3218 1328 3346 1382; x_wconf 90' lang='lat' dir='ltr'><strong>fulta</strong></span> <span class='ocrx_word' id='word_1_196' title='bbox 3387 1329 3567 1398; x_wconf 86' lang='lat' dir='ltr'><strong>(cujus</strong></span> 
     </span>
    </p>
   </div>
   <div class='ocr_carea' id='block_1_26' title="bbox 1987 1417 3565 1487">
    <p class='ocr_par' dir='ltr' id='par_1_26' title="bbox 1987 1417 3565 1487">
     <span class='ocr_line' id='line_1_26' title="bbox 1987 1417 3565 1487; baseline 0.002 -17"><span class='ocrx_word' id='word_1_197' title='bbox 1987 1418 2143 1472; x_wconf 88' lang='lat' dir='ltr'><strong>testis</strong></span> <span class='ocrx_word' id='word_1_198' title='bbox 2163 1419 2274 1486; x_wconf 86' lang='lat' dir='ltr'><strong>ipse</strong></span> <span class='ocrx_word' id='word_1_199' title='bbox 2303 1417 2486 1487; x_wconf 86' lang='lat' dir='ltr'><strong>Greg.,</strong></span> <span class='ocrx_word' id='word_1_200' title='bbox 2511 1418 2600 1472; x_wconf 87' lang='lat' dir='ltr'><strong>lib.</strong></span> <span class='ocrx_word' id='word_1_201' title='bbox 2629 1434 2667 1481; x_wconf 84' lang='grc' dir='ltr'>ι,</span> <span class='ocrx_word' id='word_1_202' title='bbox 2687 1434 2737 1472; x_wconf 92' lang='lat' dir='ltr'><strong>c.</strong></span> <span class='ocrx_word' id='word_1_203' title='bbox 2764 1418 2855 1480; x_wconf 64' lang='lat'><strong>48,</strong></span> <span class='ocrx_word' id='word_1_204' title='bbox 2881 1419 2952 1472; x_wconf 90' lang='lat' dir='ltr'><strong>De</strong></span> <span class='ocrx_word' id='word_1_205' title='bbox 2975 1419 3285 1486; x_wconf 80' lang='lat' dir='ltr'><strong>miraculis),</strong></span> <span class='ocrx_word' id='word_1_206' title='bbox 3316 1419 3565 1473; x_wconf 79' lang='lat' dir='ltr'><strong>tradebat</strong></span> 
     </span>
    </p>
   </div>
   <div class='ocr_carea' id='block_1_27' title="bbox 1985 1509 3560 1580">
    <p class='ocr_par' dir='ltr' id='par_1_27' title="bbox 1985 1509 3560 1580">
     <span class='ocr_line' id='line_1_27' title="bbox 1985 1509 3560 1580; baseline 0 -17"><span class='ocrx_word' id='word_1_207' title='bbox 1985 1509 2206 1563; x_wconf 90' lang='lat' dir='ltr'><strong>missum</strong></span> <span class='ocrx_word' id='word_1_208' title='bbox 2240 1509 2591 1563; x_wconf 89' lang='lat' dir='ltr'><strong>Saturninum</strong></span> <span class='ocrx_word' id='word_1_209' title='bbox 2612 1527 2635 1561; x_wconf 87' lang='lat' dir='ltr'><strong>a</strong></span> <span class='ocrx_word' id='word_1_210' title='bbox 2663 1511 2940 1580; x_wconf 86' lang='lat' dir='ltr'><strong>discipulis</strong></span> <span class='ocrx_word' id='word_1_211' title='bbox 2967 1512 3350 1579; x_wconf 86' lang='lat' dir='ltr'><strong>apostolorum,</strong></span> <span class='ocrx_word' id='word_1_212' title='bbox 3376 1511 3425 1564; x_wconf 88' lang='lat' dir='ltr'><strong>id</strong></span> <span class='ocrx_word' id='word_1_213' title='bbox 3454 1522 3560 1576; x_wconf 86' lang='lat' dir='ltr'><strong>est,</strong></span> 
     </span>
    </p>
   </div>
   <div class='ocr_carea' id='block_1_28' title="bbox 1983 1600 3563 1672">
    <p class='ocr_par' dir='ltr' id='par_1_28' title="bbox 1983 1600 3563 1672">
     <span class='ocr_line' id='line_1_28' title="bbox 1983 1600 3563 1672; baseline 0.002 -19"><span class='ocrx_word' id='word_1_214' title='bbox 1983 1600 2102 1669; x_wconf 91' lang='lat' dir='ltr'><strong>plus</strong></span> <span class='ocrx_word' id='word_1_215' title='bbox 2138 1617 2299 1670; x_wconf 91' lang='lat' dir='ltr'><strong>quam</strong></span> <span class='ocrx_word' id='word_1_216' title='bbox 2340 1611 2554 1656; x_wconf 88' lang='lat' dir='ltr'><strong>centum</strong></span> <span class='ocrx_word' id='word_1_217' title='bbox 2585 1613 2637 1656; x_wconf 87' lang='lat' dir='ltr'><strong>et</strong></span> <span class='ocrx_word' id='word_1_218' title='bbox 2667 1604 3061 1672; x_wconf 82' lang='lat' dir='ltr'><strong>quinquaginta</strong></span> <span class='ocrx_word' id='word_1_219' title='bbox 3107 1603 3265 1657; x_wconf 90' lang='lat' dir='ltr'><strong>anuis</strong></span> <span class='ocrx_word' id='word_1_220' title='bbox 3293 1611 3428 1670; x_wconf 80' lang='lat' dir='ltr'><strong>ante</strong></span> <span class='ocrx_word' id='word_1_221' title='bbox 3459 1602 3563 1656; x_wconf 80' lang='lat' dir='ltr'><strong>De-</strong></span> 
     </span>
    </p>
   </div>
   <div class='ocr_carea' id='block_1_29' title="bbox 1984 1693 3558 1762">
    <p class='ocr_par' dir='ltr' id='par_1_29' title="bbox 1984 1693 3558 1762">
     <span class='ocr_line' id='line_1_29' title="bbox 1984 1693 3558 1762; baseline 0.001 -16"><span class='ocrx_word' id='word_1_222' title='bbox 1984 1693 2150 1746; x_wconf 88' lang='lat' dir='ltr'><strong>cium.</strong></span> <span class='ocrx_word' id='word_1_223' title='bbox 2202 1695 2351 1748; x_wconf 81' lang='lat' dir='ltr'><strong>Adeo</strong></span> <span class='ocrx_word' id='word_1_224' title='bbox 2385 1704 2443 1747; x_wconf 93' lang='lat' dir='ltr'><strong>ut</strong></span> <span class='ocrx_word' id='word_1_225' title='bbox 2497 1696 2547 1748; x_wconf 94' lang='lat' dir='ltr'><strong>in</strong></span> <span class='ocrx_word' id='word_1_226' title='bbox 2594 1696 2813 1762; x_wconf 87' lang='lat' dir='ltr'><strong>ancipiti</strong></span> <span class='ocrx_word' id='word_1_227' title='bbox 2866 1695 3057 1762; x_wconf 89' lang='lat' dir='ltr'><strong>positis</strong></span> <span class='ocrx_word' id='word_1_228' title='bbox 3082 1735 3096 1759; x_wconf 95' lang='lat'><strong>,</strong></span> <span class='ocrx_word' id='word_1_229' title='bbox 3129 1695 3287 1749; x_wconf 86' lang='lat' dir='ltr'><strong>liceat</strong></span> <span class='ocrx_word' id='word_1_230' title='bbox 3315 1695 3558 1748; x_wconf 85' lang='lat' dir='ltr'><strong>ultimam</strong></span> 
     </span>
    </p>
   </div>
   <div class='ocr_carea' id='block_1_30' title="bbox 283 1781 1865 1864">
    <p class='ocr_par' dir='ltr' id='par_1_30' title="bbox 283 1782 1865 1864">
     <span class='ocr_line' id='line_1_30' title="bbox 283 1782 1865 1864; baseline 0.011 -30"><span class='ocrx_word' id='word_1_231' title='bbox 283 1782 442 1852; x_wconf 83' lang='lat' dir='ltr'><strong>perit,</strong></span> <span class='ocrx_word' id='word_1_232' title='bbox 480 1783 730 1856; x_wconf 78' lang='lat' dir='ltr'><strong>origines</strong></span> <span class='ocrx_word' id='word_1_233' title='bbox 761 1786 1124 1842; x_wconf 86' lang='lat' dir='ltr'><strong>Ecclesiarum</strong></span> <span class='ocrx_word' id='word_1_234' title='bbox 1155 1790 1579 1859; x_wconf 88' lang='lat' dir='ltr'><strong>Gallicanarum,</strong></span> <span class='ocrx_word' id='word_1_235' title='bbox 1600 1810 1736 1864; x_wconf 93' lang='lat' dir='ltr'><strong>quas</strong></span> <span class='ocrx_word' id='word_1_236' title='bbox 1761 1811 1865 1850; x_wconf 94' lang='lat' dir='ltr'><strong>om-</strong></span> 
     </span>
    </p>
   </div>
   <div class='ocr_carea' id='block_1_31' title="bbox 1972 1781 3556 1864">
    <p class='ocr_par' dir='ltr' id='par_1_31' title="bbox 1981 1781 3556 1855">
     <span class='ocr_line' id='line_1_31' title="bbox 1981 1781 3556 1855; baseline 0.001 -17"><span class='ocrx_word' id='word_1_237' title='bbox 1981 1781 2224 1851; x_wconf 88' lang='lat' dir='ltr'><strong>Gregorii</strong></span> <span class='ocrx_word' id='word_1_238' title='bbox 2257 1785 2580 1839; x_wconf 82' lang='lat' dir='ltr'><strong>sententiam</strong></span> <span class='ocrx_word' id='word_1_239' title='bbox 2623 1785 2810 1853; x_wconf 89' lang='lat' dir='ltr'><strong>sequi,</strong></span> <span class='ocrx_word' id='word_1_240' title='bbox 2842 1801 2960 1855; x_wconf 73' lang='lat' dir='ltr'><strong>quae</strong></span> <span class='ocrx_word' id='word_1_241' title='bbox 2983 1791 3222 1839; x_wconf 76' lang='lat' dir='ltr'><strong>cotizeret</strong></span> <span class='ocrx_word' id='word_1_242' title='bbox 3256 1786 3425 1852; x_wconf 83' lang='lat' dir='ltr'><strong>priori</strong></span> <span class='ocrx_word' id='word_1_243' title='bbox 3483 1787 3556 1841; x_wconf 89' lang='lat' dir='ltr'><strong>illi</strong></span> 
     </span>
    </p>
   </div>
   <div class='ocr_carea' id='block_1_32' title="bbox 286 1873 1874 1953">
    <p class='ocr_par' dir='ltr' id='par_1_32' title="bbox 286 1873 1874 1953">
     <span class='ocr_line' id='line_1_32' title="bbox 286 1873 1874 1953; baseline 0.009 -28"><span class='ocrx_word' id='word_1_244' title='bbox 286 1873 409 1927; x_wconf 81' lang='lat' dir='ltr'><strong>nino</strong></span> <span class='ocrx_word' id='word_1_245' title='bbox 458 1875 702 1931; x_wconf 83' lang='lat' dir='ltr'><strong>intactas</strong></span> <span class='ocrx_word' id='word_1_246' title='bbox 756 1879 1013 1946; x_wconf 80' lang='lat' dir='ltr'><strong>reliquit,</strong></span> <span class='ocrx_word' id='word_1_247' title='bbox 1047 1889 1102 1936; x_wconf 91' lang='lat' dir='ltr'><strong>et</strong></span> <span class='ocrx_word' id='word_1_248' title='bbox 1161 1881 1496 1950; x_wconf 89' lang='lat' dir='ltr'><strong>singulorum</strong></span> <span class='ocrx_word' id='word_1_249' title='bbox 1555 1886 1874 1953; x_wconf 82' lang='lat' dir='ltr'><strong>pontiﬁcum</strong></span> 
     </span>
    </p>
   </div>
   <div class='ocr_carea' id='block_1_33' title="bbox 285 1969 1876 2044">
    <p class='ocr_par' dir='ltr' id='par_1_33' title="bbox 285 1969 1876 2044">
     <span class='ocr_line' id='line_1_33' title="bbox 285 1969 1876 2044; baseline 0.008 -24"><span class='ocrx_word' id='word_1_250' title='bbox 285 1977 511 2021; x_wconf 84' lang='lat' dir='ltr'><strong>eventus</strong></span> <span class='ocrx_word' id='word_1_251' title='bbox 549 1969 792 2026; x_wconf 88' lang='lat' dir='ltr'><strong>tradere.</strong></span> <span class='ocrx_word' id='word_1_252' title='bbox 829 1971 980 2035; x_wconf 88' lang='lat' dir='ltr'><strong>Quod</strong></span> <span class='ocrx_word' id='word_1_253' title='bbox 1004 1980 1182 2025; x_wconf 89' lang='lat' dir='ltr'><strong>autem</strong></span> <span class='ocrx_word' id='word_1_254' title='bbox 1207 1974 1501 2044; x_wconf 88' lang='lat' dir='ltr'><strong>subjungit,</strong></span> <span class='ocrx_word' id='word_1_255' title='bbox 1533 1977 1701 2030; x_wconf 88' lang='lat' dir='ltr'><strong>serius</strong></span> <span class='ocrx_word' id='word_1_256' title='bbox 1723 1985 1876 2032; x_wconf 86' lang='lat' dir='ltr'><strong>trans</strong></span> 
     </span>
    </p>
   </div>
   <div class='ocr_carea' id='block_1_34' title="bbox 283 2057 1875 2131">
    <p class='ocr_par' dir='ltr' id='par_1_34' title="bbox 283 2057 1875 2131">
     <span class='ocr_line' id='line_1_34' title="bbox 283 2057 1875 2131; baseline 0.008 -21"><span class='ocrx_word' id='word_1_257' title='bbox 283 2057 435 2123; x_wconf 81' lang='lat' dir='ltr'><strong>Alpes</strong></span> <span class='ocrx_word' id='word_1_258' title='bbox 462 2068 767 2128; x_wconf 79' lang='lat' dir='ltr'><strong>susceptam</strong></span> <span class='ocrx_word' id='word_1_259' title='bbox 810 2061 1134 2131; x_wconf 82' lang='lat' dir='ltr'><strong>religionem,</strong></span> <span class='ocrx_word' id='word_1_260' title='bbox 1158 2079 1346 2117; x_wconf 91' lang='lat' dir='ltr'><strong>verum</strong></span> <span class='ocrx_word' id='word_1_261' title='bbox 1381 2076 1482 2128; x_wconf 89' lang='lat' dir='ltr'><strong>est,</strong></span> <span class='ocrx_word' id='word_1_262' title='bbox 1515 2067 1696 2120; x_wconf 89' lang='lat' dir='ltr'><strong>habita</strong></span> <span class='ocrx_word' id='word_1_263' title='bbox 1728 2083 1875 2122; x_wconf 87' lang='lat' dir='ltr'><strong>com-</strong></span> 
     </span>
    </p>
   </div>
   <div class='ocr_carea' id='block_1_35' title="bbox 282 2147 1870 2222">
    <p class='ocr_par' dir='ltr' id='par_1_35' title="bbox 282 2147 1870 2222">
     <span class='ocr_line' id='line_1_35' title="bbox 282 2147 1870 2222; baseline 0.006 -24"><span class='ocrx_word' id='word_1_264' title='bbox 282 2147 569 2216; x_wconf 85' lang='lat' dir='ltr'><strong>paratione</strong></span> <span class='ocrx_word' id='word_1_265' title='bbox 596 2150 835 2218; x_wconf 82' lang='lat' dir='ltr'><strong>partium</strong></span> <span class='ocrx_word' id='word_1_266' title='bbox 870 2150 1256 2214; x_wconf 83' lang='lat' dir='ltr'><strong>Otieutaliuiu,</strong></span> <span class='ocrx_word' id='word_1_267' title='bbox 1296 2162 1458 2222; x_wconf 90' lang='lat' dir='ltr'><strong>atque</strong></span> <span class='ocrx_word' id='word_1_268' title='bbox 1490 2155 1658 2218; x_wconf 85' lang='lat' dir='ltr'><strong>ipsius</strong></span> <span class='ocrx_word' id='word_1_269' title='bbox 1686 2153 1870 2221; x_wconf 66' lang='lat' dir='ltr'><strong>ltaliae,</strong></span> 
     </span>
    </p>
   </div>
   <div class='ocr_carea' id='block_1_36' title="bbox 285 2241 1872 2310">
    <p class='ocr_par' dir='ltr' id='par_1_36' title="bbox 285 2241 1872 2310">
     <span class='ocr_line' id='line_1_36' title="bbox 285 2241 1872 2310; baseline 0.006 -17"><span class='ocrx_word' id='word_1_270' title='bbox 285 2254 398 2308; x_wconf 69' lang='lat' dir='ltr'><strong>quae</strong></span> <span class='ocrx_word' id='word_1_271' title='bbox 449 2241 608 2310; x_wconf 92' lang='lat' dir='ltr'><strong>prius</strong></span> <span class='ocrx_word' id='word_1_272' title='bbox 638 2242 846 2297; x_wconf 87' lang='lat' dir='ltr'><strong>imbuta</strong></span> <span class='ocrx_word' id='word_1_273' title='bbox 900 2253 982 2299; x_wconf 90' lang='lat' dir='ltr'><strong>est</strong></span> <span class='ocrx_word' id='word_1_274' title='bbox 1032 2244 1277 2297; x_wconf 89' lang='lat' dir='ltr'><strong>doctrina</strong></span> <span class='ocrx_word' id='word_1_275' title='bbox 1332 2244 1486 2308; x_wconf 89' lang='lat' dir='ltr'><strong>fidei,</strong></span> <span class='ocrx_word' id='word_1_276' title='bbox 1517 2257 1571 2301; x_wconf 91' lang='lat' dir='ltr'><strong>et</strong></span> <span class='ocrx_word' id='word_1_277' title='bbox 1623 2247 1872 2303; x_wconf 76' lang='lat' dir='ltr'><strong>fortassis</strong></span> 
     </span>
    </p>
   </div>
   <div class='ocr_carea' id='block_1_37' title="bbox 284 2333 1868 2407">
    <p class='ocr_par' dir='ltr' id='par_1_37' title="bbox 284 2333 1868 2407">
     <span class='ocr_line' id='line_1_37' title="bbox 284 2333 1868 2407; baseline 0.008 -25"><span class='ocrx_word' id='word_1_278' title='bbox 284 2345 400 2383; x_wconf 87' lang='lat' dir='ltr'><strong>cum</strong></span> <span class='ocrx_word' id='word_1_279' title='bbox 423 2333 674 2387; x_wconf 91' lang='lat' dir='ltr'><strong>uberiori</strong></span> <span class='ocrx_word' id='word_1_280' title='bbox 704 2345 757 2389; x_wconf 90' lang='lat' dir='ltr'><strong>et</strong></span> <span class='ocrx_word' id='word_1_281' title='bbox 787 2334 1017 2390; x_wconf 88' lang='lat' dir='ltr'><strong>faciliori</strong></span> <span class='ocrx_word' id='word_1_282' title='bbox 1049 2346 1312 2407; x_wconf 82' lang='lat' dir='ltr'><strong>preveutu</strong></span> <span class='ocrx_word' id='word_1_283' title='bbox 1361 2353 1522 2406; x_wconf 88' lang='lat' dir='ltr'><strong>quam</strong></span> <span class='ocrx_word' id='word_1_284' title='bbox 1553 2339 1606 2392; x_wconf 90' lang='lat' dir='ltr'><strong>in</strong></span> <span class='ocrx_word' id='word_1_285' title='bbox 1656 2339 1868 2406; x_wconf 88' lang='lat' dir='ltr'><strong>Galliis,</strong></span> 
     </span>
    </p>
   </div>
   <div class='ocr_carea' id='block_1_38' title="bbox 287 2424 1550 2496">
    <p class='ocr_par' dir='ltr' id='par_1_38' title="bbox 287 2424 1550 2496">
     <span class='ocr_line' id='line_1_38' title="bbox 287 2424 1550 2496; baseline 0.005 -18"><span class='ocrx_word' id='word_1_286' title='bbox 287 2424 568 2496; x_wconf 83' lang='lat' dir='ltr'><strong>gentiliqu</strong></span> <span class='ocrx_word' id='word_1_287' title='bbox 595 2427 1038 2496; x_wconf 88' lang='lat' dir='ltr'><strong>superstitionum</strong></span> <span class='ocrx_word' id='word_1_288' title='bbox 1075 2429 1550 2485; x_wconf 88' lang='lat' dir='ltr'><strong>retinentioribus.</strong></span> 
     </span>
    </p>
   </div>
   <div class='ocr_carea' id='block_1_39' title="bbox 351 2520 1868 2594">
    <p class='ocr_par' dir='ltr' id='par_1_39' title="bbox 351 2520 1868 2594">
     <span class='ocr_line' id='line_1_39' title="bbox 351 2520 1868 2594; baseline 0.007 -21"><span class='ocrx_word' id='word_1_289' title='bbox 351 2520 588 2588; x_wconf 89' lang='lat' dir='ltr'><strong>Depnlsa</strong></span> <span class='ocrx_word' id='word_1_290' title='bbox 621 2536 685 2576; x_wconf 80' lang='lat' dir='ltr'><strong>ex</strong></span> <span class='ocrx_word' id='word_1_291' title='bbox 739 2521 940 2578; x_wconf 89' lang='lat' dir='ltr'><strong>Severo</strong></span> <span class='ocrx_word' id='word_1_292' title='bbox 988 2529 1157 2594; x_wconf 86' lang='lat' dir='ltr'><strong>petita</strong></span> <span class='ocrx_word' id='word_1_293' title='bbox 1206 2525 1454 2580; x_wconf 86' lang='lat' dir='ltr'><strong>machina</strong></span> <span class='ocrx_word' id='word_1_294' title='bbox 1483 2564 1499 2588; x_wconf 92' lang='lat'><strong>,</strong></span> <span class='ocrx_word' id='word_1_295' title='bbox 1538 2525 1695 2581; x_wconf 91' lang='lat' dir='ltr'><strong>liberi</strong></span> <span class='ocrx_word' id='word_1_296' title='bbox 1746 2541 1868 2583; x_wconf 89' lang='lat' dir='ltr'><strong>esse</strong></span> 
     </span>
    </p>
   </div>
   <div class='ocr_carea' id='block_1_40' title="bbox 283 2614 1866 2687">
    <p class='ocr_par' dir='ltr' id='par_1_40' title="bbox 283 2614 1866 2687">
     <span class='ocr_line' id='line_1_40' title="bbox 283 2614 1866 2687; baseline 0.006 -24"><span class='ocrx_word' id='word_1_297' title='bbox 283 2623 569 2677; x_wconf 84' lang='lat' dir='ltr'><strong>possumus</strong></span> <span class='ocrx_word' id='word_1_298' title='bbox 601 2627 628 2665; x_wconf 87' lang='lat' dir='ltr'><strong>a</strong></span> <span class='ocrx_word' id='word_1_299' title='bbox 667 2621 807 2667; x_wconf 91' lang='lat' dir='ltr'><strong>metu</strong></span> <span class='ocrx_word' id='word_1_300' title='bbox 837 2614 1100 2686; x_wconf 85' lang='lat' dir='ltr'><strong>Gregorii.</strong></span> <span class='ocrx_word' id='word_1_301' title='bbox 1130 2619 1298 2672; x_wconf 89' lang='lat' dir='ltr'><strong>Docet</strong></span> <span class='ocrx_word' id='word_1_302' title='bbox 1324 2617 1440 2685; x_wconf 88' lang='lat' dir='ltr'><strong>ipse</strong></span> <span class='ocrx_word' id='word_1_303' title='bbox 1467 2616 1571 2670; x_wconf 90' lang='lat' dir='ltr'><strong>duo</strong></span> <span class='ocrx_word' id='word_1_304' title='bbox 1597 2619 1866 2687; x_wconf 65' lang='lat' dir='ltr'><strong>quaedam,</strong></span> 
     </span>
    </p>
   </div>
   <div class='ocr_carea' id='block_1_41' title="bbox 283 2696 1867 2776">
    <p class='ocr_par' dir='ltr' id='par_1_41' title="bbox 283 2696 1867 2776">
     <span class='ocr_line' id='line_1_41' title="bbox 283 2696 1867 2776; baseline 0.011 -27"><span class='ocrx_word' id='word_1_305' title='bbox 283 2696 373 2751; x_wconf 88' lang='lat' dir='ltr'><strong>lib.</strong></span> <span class='ocrx_word' id='word_1_306' title='bbox 406 2713 422 2752; x_wconf 87' lang='grc' dir='ltr'><strong>ι</strong></span> <span class='ocrx_word' id='word_1_307' title='bbox 491 2699 668 2766; x_wconf 83' lang='lat' dir='ltr'><strong>Ilist.,</strong></span> <span class='ocrx_word' id='word_1_308' title='bbox 702 2717 822 2770; x_wconf 90' lang='lat' dir='ltr'><strong>cap.</strong></span> <span class='ocrx_word' id='word_1_309' title='bbox 859 2703 926 2756; x_wconf 77' lang='lat'><strong>50</strong></span> <span class='ocrx_word' id='word_1_310' title='bbox 959 2723 972 2758; x_wconf 90' lang='lat'><strong>:</strong></span> <span class='ocrx_word' id='word_1_311' title='bbox 1006 2705 1258 2769; x_wconf 90' lang='lat' dir='ltr'><strong>alterum,</strong></span> <span class='ocrx_word' id='word_1_312' title='bbox 1295 2716 1500 2776; x_wconf 82' lang='lat' dir='ltr'><strong>septem</strong></span> <span class='ocrx_word' id='word_1_313' title='bbox 1525 2705 1645 2761; x_wconf 88' lang='lat' dir='ltr'><strong>illos</strong></span> <span class='ocrx_word' id='word_1_314' title='bbox 1691 2710 1867 2766; x_wconf 86' lang='lat' dir='ltr'><strong>socios</strong></span> 
     </span>
    </p>
   </div>
   <div class='ocr_carea' id='block_1_42' title="bbox 285 2791 1864 2866">
    <p class='ocr_par' dir='ltr' id='par_1_42' title="bbox 285 2791 1864 2866">
     <span class='ocr_line' id='line_1_42' title="bbox 285 2791 1864 2866; baseline 0.007 -21"><span class='ocrx_word' id='word_1_315' title='bbox 285 2791 465 2846; x_wconf 89' lang='lat' dir='ltr'><strong>eodem</strong></span> <span class='ocrx_word' id='word_1_316' title='bbox 502 2802 750 2863; x_wconf 89' lang='lat' dir='ltr'><strong>tempore</strong></span> <span class='ocrx_word' id='word_1_317' title='bbox 781 2795 835 2848; x_wconf 90' lang='lat' dir='ltr'><strong>in</strong></span> <span class='ocrx_word' id='word_1_318' title='bbox 865 2793 1068 2850; x_wconf 87' lang='lat' dir='ltr'><strong>Gallias</strong></span> <span class='ocrx_word' id='word_1_319' title='bbox 1104 2798 1436 2866; x_wconf 86' lang='lat' dir='ltr'><strong>pervenisse,</strong></span> <span class='ocrx_word' id='word_1_320' title='bbox 1470 2797 1743 2858; x_wconf 84' lang='lat' dir='ltr'><strong>Ecelesias</strong></span> <span class='ocrx_word' id='word_1_321' title='bbox 1773 2815 1864 2856; x_wconf 67' lang='lat' dir='ltr'><strong>sev</strong></span> 
     </span>
    </p>
   </div>
   <div class='ocr_carea' id='block_1_43' title="bbox 282 2884 1863 2958">
    <p class='ocr_par' dir='ltr' id='par_1_43' title="bbox 282 2884 1863 2958">
     <span class='ocr_line' id='line_1_43' title="bbox 282 2884 1863 2958; baseline 0.008 -25"><span class='ocrx_word' id='word_1_322' title='bbox 282 2893 420 2952; x_wconf 85' lang='lat' dir='ltr'><strong>ptem</strong></span> <span class='ocrx_word' id='word_1_323' title='bbox 473 2884 544 2938; x_wconf 86' lang='lat' dir='ltr'><strong>ab</strong></span> <span class='ocrx_word' id='word_1_324' title='bbox 603 2899 667 2938; x_wconf 90' lang='lat' dir='ltr'><strong>eo</strong></span> <span class='ocrx_word' id='word_1_325' title='bbox 714 2897 1166 2942; x_wconf 88' lang='lat' dir='ltr'><strong>commemoratas</strong></span> <span class='ocrx_word' id='word_1_326' title='bbox 1211 2888 1429 2958; x_wconf 88' lang='lat' dir='ltr'><strong>&#39;primos</strong></span> <span class='ocrx_word' id='word_1_327' title='bbox 1491 2892 1863 2956; x_wconf 91' lang='lat' dir='ltr'><strong>constituisse;</strong></span> 
     </span>
    </p>
   </div>
   <div class='ocr_carea' id='block_1_44' title="bbox 285 2974 1862 3041">
    <p class='ocr_par' dir='ltr' id='par_1_44' title="bbox 285 2974 1862 3041">
     <span class='ocr_line' id='line_1_44' title="bbox 285 2974 1862 3041; baseline 0.01 -16"><span class='ocrx_word' id='word_1_328' title='bbox 285 2974 507 3028; x_wconf 90' lang='lat' dir='ltr'><strong>alterum</strong></span> <span class='ocrx_word' id='word_1_329' title='bbox 559 2991 692 3030; x_wconf 91' lang='lat' dir='ltr'><strong>vero</strong></span> <span class='ocrx_word' id='word_1_330' title='bbox 723 3017 738 3040; x_wconf 97' lang='lat'><strong>,</strong></span> <span class='ocrx_word' id='word_1_331' title='bbox 791 2978 982 3032; x_wconf 91' lang='lat' dir='ltr'><strong>horum</strong></span> <span class='ocrx_word' id='word_1_332' title='bbox 1046 2981 1336 3036; x_wconf 84' lang='lat' dir='ltr'><strong>adventum</strong></span> <span class='ocrx_word' id='word_1_333' title='bbox 1403 2981 1743 3038; x_wconf 88' lang='lat' dir='ltr'><strong>referendum</strong></span> <span class='ocrx_word' id='word_1_334' title='bbox 1797 2988 1862 3041; x_wconf 91' lang='lat' dir='ltr'><strong>ad</strong></span> 
     </span>
    </p>
   </div>
   <div class='ocr_carea' id='block_1_45' title="bbox 286 3071 1862 3142">
    <p class='ocr_par' dir='ltr' id='par_1_45' title="bbox 286 3071 1862 3142">
     <span class='ocr_line' id='line_1_45' title="bbox 286 3071 1862 3142; baseline 0.008 -23"><span class='ocrx_word' id='word_1_335' title='bbox 286 3077 520 3136; x_wconf 87' lang='lat' dir='ltr'><strong>tempora</strong></span> <span class='ocrx_word' id='word_1_336' title='bbox 561 3071 869 3125; x_wconf 91' lang='lat' dir='ltr'><strong>consulatui</strong></span> <span class='ocrx_word' id='word_1_337' title='bbox 902 3071 1050 3127; x_wconf 76' lang='lat' dir='ltr'><strong>Decii</strong></span> <span class='ocrx_word' id='word_1_338' title='bbox 1084 3081 1138 3127; x_wconf 89' lang='lat' dir='ltr'><strong>et</strong></span> <span class='ocrx_word' id='word_1_339' title='bbox 1190 3073 1342 3128; x_wconf 88' lang='lat' dir='ltr'><strong>Grati</strong></span> <span class='ocrx_word' id='word_1_340' title='bbox 1379 3075 1580 3142; x_wconf 88' lang='lat' dir='ltr'><strong>vicina,</strong></span> <span class='ocrx_word' id='word_1_341' title='bbox 1607 3077 1658 3130; x_wconf 91' lang='lat' dir='ltr'><strong>id</strong></span> <span class='ocrx_word' id='word_1_342' title='bbox 1681 3085 1764 3131; x_wconf 90' lang='lat' dir='ltr'><strong>est</strong></span> <span class='ocrx_word' id='word_1_343' title='bbox 1797 3077 1862 3131; x_wconf 90' lang='lat' dir='ltr'><strong>ad</strong></span> 
     </span>
    </p>
   </div>
   <div class='ocr_carea' id='block_1_46' title="bbox 1980 1876 3590 1945">
    <p class='ocr_par' dir='ltr' id='par_1_46' title="bbox 1980 1876 3590 1945">
     <span class='ocr_line' id='line_1_46' title="bbox 1980 1876 3590 1945; baseline 0.003 -19"><span class='ocrx_word' id='word_1_344' title='bbox 1980 1876 2120 1945; x_wconf 84' lang='lat' dir='ltr'><strong>apud</strong></span> <span class='ocrx_word' id='word_1_345' title='bbox 2145 1891 2266 1929; x_wconf 90' lang='lat' dir='ltr'><strong>cum</strong></span> <span class='ocrx_word' id='word_1_346' title='bbox 2297 1892 2400 1928; x_wconf 91' lang='lat' dir='ltr'><strong>non</strong></span> <span class='ocrx_word' id='word_1_347' title='bbox 2431 1885 2811 1939; x_wconf 68' lang='lat' dir='ltr'><strong>controversar,</strong></span> <span class='ocrx_word' id='word_1_348' title='bbox 2842 1877 2907 1930; x_wconf 91' lang='lat' dir='ltr'><strong>de</strong></span> <span class='ocrx_word' id='word_1_349' title='bbox 2938 1892 3044 1930; x_wconf 91' lang='lat' dir='ltr'><strong>non</strong></span> <span class='ocrx_word' id='word_1_350' title='bbox 3077 1877 3396 1931; x_wconf 90' lang='lat' dir='ltr'><strong>divellendis</strong></span> <span class='ocrx_word' id='word_1_351' title='bbox 3425 1876 3590 1931; x_wconf 66' lang='lat' dir='ltr'><strong>adeo&#39;</strong></span> 
     </span>
    </p>
   </div>
   <div class='ocr_carea' id='block_1_47' title="bbox 1979 1967 3552 2038">
    <p class='ocr_par' dir='ltr' id='par_1_47' title="bbox 1979 1967 3552 2038">
     <span class='ocr_line' id='line_1_47' title="bbox 1979 1967 3552 2038; baseline 0.001 -18"><span class='ocrx_word' id='word_1_352' title='bbox 1979 1967 2187 2037; x_wconf 80' lang='lat' dir='ltr'><strong>prolixa</strong></span> <span class='ocrx_word' id='word_1_353' title='bbox 2227 1977 2533 2038; x_wconf 87' lang='lat' dir='ltr'><strong>temporum</strong></span> <span class='ocrx_word' id='word_1_354' title='bbox 2567 1969 2974 2036; x_wconf 87' lang='lat' dir='ltr'><strong>intercapedine</strong></span> <span class='ocrx_word' id='word_1_355' title='bbox 3006 1985 3033 2022; x_wconf 85' lang='lat' dir='ltr'><strong>a</strong></span> <span class='ocrx_word' id='word_1_356' title='bbox 3064 1983 3121 2022; x_wconf 87' lang='lat' dir='ltr'><strong>se</strong></span> <span class='ocrx_word' id='word_1_357' title='bbox 3155 1969 3384 2023; x_wconf 88' lang='lat' dir='ltr'><strong>invicem</strong></span> <span class='ocrx_word' id='word_1_358' title='bbox 3412 1970 3552 2038; x_wconf 45' lang='lat' dir='ltr'><strong>prio.</strong></span> 
     </span>
    </p>
   </div>
   <div class='ocr_carea' id='block_1_48' title="bbox 1978 2060 3557 2131">
    <p class='ocr_par' dir='ltr' id='par_1_48' title="bbox 1978 2060 3557 2131">
     <span class='ocr_line' id='line_1_48' title="bbox 1978 2060 3557 2131; baseline 0.006 -20"><span class='ocrx_word' id='word_1_359' title='bbox 1978 2061 2130 2114; x_wconf 90' lang='lat' dir='ltr'><strong>ribus</strong></span> <span class='ocrx_word' id='word_1_360' title='bbox 2170 2061 2437 2131; x_wconf 80' lang='lat' dir='ltr'><strong>cpiscOpis</strong></span> <span class='ocrx_word' id='word_1_361' title='bbox 2475 2084 2486 2116; x_wconf 89' lang='lat'>:</span> <span class='ocrx_word' id='word_1_362' title='bbox 2521 2063 2610 2130; x_wconf 91' lang='lat' dir='ltr'><strong>qui</strong></span> <span class='ocrx_word' id='word_1_363' title='bbox 2639 2078 2667 2116; x_wconf 87' lang='lat' dir='ltr'><strong>a</strong></span> <span class='ocrx_word' id='word_1_364' title='bbox 2709 2062 2872 2115; x_wconf 90' lang='lat' dir='ltr'><strong>Petro</strong></span> <span class='ocrx_word' id='word_1_365' title='bbox 2901 2072 2955 2115; x_wconf 92' lang='lat' dir='ltr'><strong>et</strong></span> <span class='ocrx_word' id='word_1_366' title='bbox 2984 2060 3169 2127; x_wconf 89' lang='lat' dir='ltr'><strong>Paulo,</strong></span> <span class='ocrx_word' id='word_1_367' title='bbox 3213 2072 3270 2115; x_wconf 90' lang='lat' dir='ltr'><strong>et</strong></span> <span class='ocrx_word' id='word_1_368' title='bbox 3299 2062 3557 2131; x_wconf 80' lang='lat' dir='ltr'><strong>deinceps</strong></span> 
     </span>
    </p>
   </div>
   <div class='ocr_carea' id='block_1_49' title="bbox 1973 2153 3557 2225">
    <p class='ocr_par' dir='ltr' id='par_1_49' title="bbox 1973 2153 3557 2225">
     <span class='ocr_line' id='line_1_49' title="bbox 1973 2153 3557 2225; baseline 0.003 -19"><span class='ocrx_word' id='word_1_369' title='bbox 1973 2166 2004 2206; x_wconf 83' lang='lat' dir='ltr'><strong>a</strong></span> <span class='ocrx_word' id='word_1_370' title='bbox 2035 2153 2314 2208; x_wconf 84' lang='lat' dir='ltr'><strong>Clemente</strong></span> <span class='ocrx_word' id='word_1_371' title='bbox 2341 2155 2704 2223; x_wconf 83' lang='lat' dir='ltr'><strong>apostolorum</strong></span> <span class='ocrx_word' id='word_1_372' title='bbox 2731 2155 2993 2225; x_wconf 89' lang='lat' dir='ltr'><strong>discipulo</strong></span> <span class='ocrx_word' id='word_1_373' title='bbox 3014 2195 3029 2220; x_wconf 89' lang='lat'><strong>,</strong></span> <span class='ocrx_word' id='word_1_374' title='bbox 3061 2170 3169 2208; x_wconf 82' lang='lat' dir='ltr'><strong>non</strong></span> <span class='ocrx_word' id='word_1_375' title='bbox 3200 2155 3360 2224; x_wconf 87' lang='lat' dir='ltr'><strong>longo</strong></span> <span class='ocrx_word' id='word_1_376' title='bbox 3389 2157 3557 2212; x_wconf 90' lang='lat' dir='ltr'><strong>inter-</strong></span> 
     </span>
    </p>
   </div>
   <div class='ocr_carea' id='block_1_50' title="bbox 1975 2244 3554 2317">
    <p class='ocr_par' dir='ltr' id='par_1_50' title="bbox 1975 2244 3554 2317">
     <span class='ocr_line' id='line_1_50' title="bbox 1975 2244 3554 2317; baseline 0.004 -20"><span class='ocrx_word' id='word_1_377' title='bbox 1975 2244 2114 2297; x_wconf 81' lang='lat' dir='ltr'><strong>vallo</strong></span> <span class='ocrx_word' id='word_1_378' title='bbox 2162 2245 2332 2308; x_wconf 86' lang='lat' dir='ltr'><strong>missi,</strong></span> <span class='ocrx_word' id='word_1_379' title='bbox 2361 2247 2582 2299; x_wconf 86' lang='lat' dir='ltr'><strong>exordia</strong></span> <span class='ocrx_word' id='word_1_380' title='bbox 2620 2247 2738 2299; x_wconf 86' lang='lat' dir='ltr'><strong>fidei</strong></span> <span class='ocrx_word' id='word_1_381' title='bbox 2776 2263 2871 2315; x_wconf 89' lang='lat' dir='ltr'><strong>per</strong></span> <span class='ocrx_word' id='word_1_382' title='bbox 2915 2247 3126 2304; x_wconf 87' lang='lat' dir='ltr'><strong>Gallias</strong></span> <span class='ocrx_word' id='word_1_383' title='bbox 3165 2259 3554 2317; x_wconf 85' lang='lat' dir='ltr'><strong>pr0pagarunt.</strong></span> 
     </span>
    </p>
   </div>
   <div class='ocr_carea' id='block_1_51' title="bbox 1975 2336 3552 2412">
    <p class='ocr_par' dir='ltr' id='par_1_51' title="bbox 1975 2336 3552 2412">
     <span class='ocr_line' id='line_1_51' title="bbox 1975 2336 3552 2412; baseline 0.004 -23"><span class='ocrx_word' id='word_1_384' title='bbox 1975 2336 2114 2390; x_wconf 90' lang='lat' dir='ltr'><strong>lliuc</strong></span> <span class='ocrx_word' id='word_1_385' title='bbox 2146 2337 2370 2401; x_wconf 87' lang='lat' dir='ltr'><strong>factum,</strong></span> <span class='ocrx_word' id='word_1_386' title='bbox 2419 2347 2480 2392; x_wconf 90' lang='lat' dir='ltr'><strong>ut</strong></span> <span class='ocrx_word' id='word_1_387' title='bbox 2509 2339 2624 2394; x_wconf 83' lang='lat' dir='ltr'><strong>Ado</strong></span> <span class='ocrx_word' id='word_1_388' title='bbox 2677 2339 2729 2393; x_wconf 92' lang='lat' dir='ltr'><strong>iu</strong></span> <span class='ocrx_word' id='word_1_389' title='bbox 2768 2340 3154 2412; x_wconf 82' lang='lat' dir='ltr'><strong>Martyrologio</strong></span> <span class='ocrx_word' id='word_1_390' title='bbox 3200 2342 3552 2396; x_wconf 84' lang='lat' dir='ltr'><strong>Saturninum</strong></span> 
     </span>
    </p>
   </div>
   <div class='ocr_carea' id='block_1_52' title="bbox 1975 2429 3552 2504">
    <p class='ocr_par' dir='ltr' id='par_1_52' title="bbox 1975 2429 3552 2504">
     <span class='ocr_line' id='line_1_52' title="bbox 1975 2429 3552 2504; baseline 0.004 -21"><span class='ocrx_word' id='word_1_391' title='bbox 1975 2429 2182 2484; x_wconf 85' lang='lat' dir='ltr'><strong>scribat</strong></span> <span class='ocrx_word' id='word_1_392' title='bbox 2212 2444 2428 2498; x_wconf 82' lang='lat' dir='ltr'><strong>passum</strong></span> <span class='ocrx_word' id='word_1_393' title='bbox 2457 2431 2557 2484; x_wconf 83' lang='lat' dir='ltr'><strong>Sub</strong></span> <span class='ocrx_word' id='word_1_394' title='bbox 2605 2431 2784 2492; x_wconf 82' lang='lat' dir='ltr'><strong>Decio,</strong></span> <span class='ocrx_word' id='word_1_395' title='bbox 2828 2432 2984 2501; x_wconf 81' lang='lat' dir='ltr'><strong>juxta</strong></span> <span class='ocrx_word' id='word_1_396' title='bbox 3036 2434 3266 2502; x_wconf 87' lang='lat' dir='ltr'><strong>primam</strong></span> <span class='ocrx_word' id='word_1_397' title='bbox 3303 2433 3552 2504; x_wconf 84' lang='lat' dir='ltr'><strong>Gregorii</strong></span> 
     </span>
    </p>
   </div>
   <div class='ocr_carea' id='block_1_53' title="bbox 1971 2519 3554 2595">
    <p class='ocr_par' dir='ltr' id='par_1_53' title="bbox 1971 2519 3554 2595">
     <span class='ocr_line' id='line_1_53' title="bbox 1971 2519 3554 2595; baseline 0.006 -23"><span class='ocrx_word' id='word_1_398' title='bbox 1971 2519 2283 2590; x_wconf 82' lang='lat' dir='ltr'><strong>Opinionem</strong></span> <span class='ocrx_word' id='word_1_399' title='bbox 2313 2536 2327 2576; x_wconf 87' lang='lat'><strong>:</strong></span> <span class='ocrx_word' id='word_1_400' title='bbox 2357 2519 2607 2573; x_wconf 82' lang='lat' dir='ltr'><strong>Rabauus</strong></span> <span class='ocrx_word' id='word_1_401' title='bbox 2641 2530 2818 2573; x_wconf 87' lang='lat' dir='ltr'><strong>autem</strong></span> <span class='ocrx_word' id='word_1_402' title='bbox 2857 2521 2910 2574; x_wconf 92' lang='lat' dir='ltr'><strong>in</strong></span> <span class='ocrx_word' id='word_1_403' title='bbox 2940 2537 3037 2576; x_wconf 88' lang='lat' dir='ltr'><strong>suo</strong></span> <span class='ocrx_word' id='word_1_404' title='bbox 3059 2523 3445 2595; x_wconf 87' lang='lat' dir='ltr'><strong>Martyrologio</strong></span> <span class='ocrx_word' id='word_1_405' title='bbox 3465 2540 3554 2580; x_wconf 82' lang='lat' dir='ltr'><strong>se-</strong></span> 
     </span>
    </p>
   </div>
   <div class='ocr_carea' id='block_1_54' title="bbox 1971 2612 3552 2686">
    <p class='ocr_par' dir='ltr' id='par_1_54' title="bbox 1971 2612 3552 2686">
     <span class='ocr_line' id='line_1_54' title="bbox 1971 2612 3552 2686; baseline 0.004 -22"><span class='ocrx_word' id='word_1_406' title='bbox 1971 2623 2169 2680; x_wconf 90' lang='lat' dir='ltr'><strong>quatnr</strong></span> <span class='ocrx_word' id='word_1_407' title='bbox 2219 2612 2532 2671; x_wconf 88' lang='lat' dir='ltr'><strong>secundam,</strong></span> <span class='ocrx_word' id='word_1_408' title='bbox 2567 2613 2839 2680; x_wconf 91' lang='lat' dir='ltr'><strong>usurpatis</strong></span> <span class='ocrx_word' id='word_1_409' title='bbox 2871 2628 3085 2683; x_wconf 89' lang='lat' dir='ltr'><strong>quoque</strong></span> <span class='ocrx_word' id='word_1_410' title='bbox 3136 2615 3385 2686; x_wconf 80' lang='lat' dir='ltr'><strong>Gregorii</strong></span> <span class='ocrx_word' id='word_1_411' title='bbox 3430 2631 3552 2670; x_wconf 80' lang='lat' dir='ltr'><strong>ver-</strong></span> 
     </span>
    </p>
   </div>
   <div class='ocr_carea' id='block_1_55' title="bbox 1969 2698 3551 2776">
    <p class='ocr_par' dir='ltr' id='par_1_55' title="bbox 1969 2698 3551 2776">
     <span class='ocr_line' id='line_1_55' title="bbox 1969 2698 3551 2776; baseline -0.001 -17"><span class='ocrx_word' id='word_1_412' title='bbox 1969 2704 2054 2760; x_wconf 85' lang='lat' dir='ltr'><strong>bis</strong></span> <span class='ocrx_word' id='word_1_413' title='bbox 2087 2722 2101 2760; x_wconf 89' lang='lat'><strong>:</strong></span> <span class='ocrx_word' id='word_1_414' title='bbox 2129 2703 2240 2759; x_wconf 84' lang='lat' dir='ltr'><strong>Iste</strong></span> <span class='ocrx_word' id='word_1_415' title='bbox 2263 2720 2404 2772; x_wconf 76' lang='lat' dir='ltr'><strong>vero,</strong></span> <span class='ocrx_word' id='word_1_416' title='bbox 2436 2698 2630 2771; x_wconf 84' lang='lat' dir='ltr'><strong>inquit,</strong></span> <span class='ocrx_word' id='word_1_417' title='bbox 2665 2704 2988 2760; x_wconf 81' lang='lat' dir='ltr'><strong>Saturninus</strong></span> <span class='ocrx_word' id='word_1_418' title='bbox 3017 2718 3239 2776; x_wconf 78' lang='lat' dir='ltr'><strong>martyr,</strong></span> <span class='ocrx_word' id='word_1_419' title='bbox 3269 2717 3326 2759; x_wconf 89' lang='lat' dir='ltr'><strong>ut</strong></span> <span class='ocrx_word' id='word_1_420' title='bbox 3361 2707 3551 2775; x_wconf 78' lang='lat' dir='ltr'><strong>fertur,</strong></span> 
     </span>
    </p>
   </div>
   <div class='ocr_carea' id='block_1_56' title="bbox 1968 2797 3555 2868">
    <p class='ocr_par' dir='ltr' id='par_1_56' title="bbox 1968 2797 3555 2868">
     <span class='ocr_line' id='line_1_56' title="bbox 1968 2797 3555 2868; baseline 0.001 -17"><span class='ocrx_word' id='word_1_421' title='bbox 1968 2799 2031 2852; x_wconf 65' lang='lat' dir='ltr'><strong>ab</strong></span> <span class='ocrx_word' id='word_1_422' title='bbox 2063 2798 2418 2867; x_wconf 73' lang='lat' dir='ltr'><strong>apostolorum</strong></span> <span class='ocrx_word' id='word_1_423' title='bbox 2443 2797 2713 2868; x_wconf 80' lang='lat' dir='ltr'><strong>discipulis</strong></span> <span class='ocrx_word' id='word_1_424' title='bbox 2735 2800 3101 2864; x_wconf 86' lang='lat' dir='ltr'><strong>ordinatus,in</strong></span> <span class='ocrx_word' id='word_1_425' title='bbox 3137 2803 3312 2852; x_wconf 84' lang='lat' dir='ltr'><strong>urbem</strong></span> <span class='ocrx_word' id='word_1_426' title='bbox 3342 2798 3555 2853; x_wconf 82' lang='lat' dir='ltr'><strong>Tolosa-</strong></span> 
     </span>
    </p>
   </div>
   <div class='ocr_carea' id='block_1_57' title="bbox 1966 2879 3548 2957">
    <p class='ocr_par' dir='ltr' id='par_1_57' title="bbox 1966 2879 3548 2957">
     <span class='ocr_line' id='line_1_57' title="bbox 1966 2879 3548 2957; baseline -0.001 -15"><span class='ocrx_word' id='word_1_427' title='bbox 1966 2879 2082 2942; x_wconf 78' lang='lat' dir='ltr'><strong>tum</strong></span> <span class='ocrx_word' id='word_1_428' title='bbox 2110 2899 2184 2943; x_wconf 86' lang='lat' dir='ltr'><strong>est</strong></span> <span class='ocrx_word' id='word_1_429' title='bbox 2217 2889 2471 2944; x_wconf 84' lang='lat' dir='ltr'><strong>directus.</strong></span> <span class='ocrx_word' id='word_1_430' title='bbox 2501 2889 2653 2955; x_wconf 85' lang='lat' dir='ltr'><strong>Quod</strong></span> <span class='ocrx_word' id='word_1_431' title='bbox 2706 2889 3109 2957; x_wconf 85' lang='lat' dir='ltr'><strong>intelligendum</strong></span> <span class='ocrx_word' id='word_1_432' title='bbox 3143 2890 3210 2943; x_wconf 90' lang='lat' dir='ltr'><strong>de</strong></span> <span class='ocrx_word' id='word_1_433' title='bbox 3237 2890 3548 2952; x_wconf 85' lang='lat' dir='ltr'><strong>Clemente,</strong></span> 
     </span>
    </p>
   </div>
   <div class='ocr_carea' id='block_1_58' title="bbox 1967 2975 3550 3050">
    <p class='ocr_par' dir='ltr' id='par_1_58' title="bbox 1967 2975 3550 3050">
     <span class='ocr_line' id='line_1_58' title="bbox 1967 2975 3550 3050; baseline 0.003 -20"><span class='ocrx_word' id='word_1_434' title='bbox 1967 2990 1996 3030; x_wconf 84' lang='lat' dir='ltr'><strong>a</strong></span> <span class='ocrx_word' id='word_1_435' title='bbox 2024 2991 2132 3046; x_wconf 91' lang='lat' dir='ltr'><strong>quo</strong></span> <span class='ocrx_word' id='word_1_436' title='bbox 2153 2977 2346 3030; x_wconf 88' lang='lat' dir='ltr'><strong>missus</strong></span> <span class='ocrx_word' id='word_1_437' title='bbox 2381 2977 2576 3031; x_wconf 89' lang='lat' dir='ltr'><strong>dicitur</strong></span> <span class='ocrx_word' id='word_1_438' title='bbox 2607 2975 2940 3032; x_wconf 89' lang='lat' dir='ltr'><strong>Saturninus</strong></span> <span class='ocrx_word' id='word_1_439' title='bbox 2966 2994 3069 3031; x_wconf 89' lang='lat' dir='ltr'><strong>una</strong></span> <span class='ocrx_word' id='word_1_440' title='bbox 3117 2993 3238 3032; x_wconf 90' lang='lat' dir='ltr'><strong>cum</strong></span> <span class='ocrx_word' id='word_1_441' title='bbox 3270 2980 3550 3050; x_wconf 79' lang='lat' dir='ltr'><strong>Dionysio,</strong></span> 
     </span>
    </p>
   </div>
   <div class='ocr_carea' id='block_1_59' title="bbox 1968 3069 3551 3141">
    <p class='ocr_par' dir='ltr' id='par_1_59' title="bbox 1968 3069 3551 3141">
     <span class='ocr_line' id='line_1_59' title="bbox 1968 3069 3551 3141; baseline 0.005 -19"><span class='ocrx_word' id='word_1_442' title='bbox 1968 3069 2020 3123; x_wconf 91' lang='lat' dir='ltr'><strong>in</strong></span> <span class='ocrx_word' id='word_1_443' title='bbox 2073 3069 2218 3122; x_wconf 80' lang='lat' dir='ltr'><strong>Actis</strong></span> <span class='ocrx_word' id='word_1_444' title='bbox 2257 3070 2532 3123; x_wconf 80' lang='lat' dir='ltr'><strong>veteribus</strong></span> <span class='ocrx_word' id='word_1_445' title='bbox 2582 3069 2640 3124; x_wconf 93' lang='lat' dir='ltr'><strong>S.</strong></span> <span class='ocrx_word' id='word_1_446' title='bbox 2687 3070 2927 3141; x_wconf 85' lang='lat' dir='ltr'><strong>Dionysii</strong></span> <span class='ocrx_word' id='word_1_447' title='bbox 2977 3072 3295 3140; x_wconf 86' lang='lat' dir='ltr'><strong>compositis</strong></span> <span class='ocrx_word' id='word_1_448' title='bbox 3338 3088 3369 3127; x_wconf 88' lang='lat' dir='ltr'><strong>a</strong></span> <span class='ocrx_word' id='word_1_449' title='bbox 3415 3073 3551 3129; x_wconf 80' lang='lat' dir='ltr'><strong>For-</strong></span> 
     </span>
    </p>
   </div>
   <div class='ocr_carea' id='block_1_60' title="bbox 286 3153 3548 3233">
    <p class='ocr_par' dir='ltr' id='par_1_60' title="bbox 286 3153 3548 3233">
     <span class='ocr_line' id='line_1_60' title="bbox 286 3153 3548 3233; baseline 0.006 -23"><span class='ocrx_word' id='word_1_450' title='bbox 286 3175 478 3215; x_wconf 87' lang='lat' dir='ltr'><strong>annum</strong></span> <span class='ocrx_word' id='word_1_451' title='bbox 513 3160 649 3228; x_wconf 76' lang='lat'><strong>250,</strong></span> <span class='ocrx_word' id='word_1_452' title='bbox 682 3175 776 3216; x_wconf 90' lang='lat' dir='ltr'><strong>aut</strong></span> <span class='ocrx_word' id='word_1_453' title='bbox 811 3163 1049 3218; x_wconf 83' lang='lat' dir='ltr'><strong>circiter.</strong></span> <span class='ocrx_word' id='word_1_454' title='bbox 1102 3165 1231 3231; x_wconf 77' lang='lat' dir='ltr'><strong>Quze</strong></span> <span class='ocrx_word' id='word_1_455' title='bbox 1277 3167 1522 3221; x_wconf 88' lang='lat' dir='ltr'><strong>narratio</strong></span> <span class='ocrx_word' id='word_1_456' title='bbox 1577 3167 1864 3222; x_wconf 87' lang='lat' dir='ltr'><strong>manifeste</strong></span> <span class='ocrx_word' id='word_1_457' title='bbox 1891 3153 1933 3212; x_wconf 71' lang='grc' dir='ltr'>ο</span> <span class='ocrx_word' id='word_1_458' title='bbox 1970 3169 2156 3214; x_wconf 67' lang='lat' dir='ltr'><strong>lunato</strong></span> <span class='ocrx_word' id='word_1_459' title='bbox 2187 3160 2510 3224; x_wconf 67' lang='grc' dir='ltr'><strong>Ρίειτινεηείν</strong></span> <span class='ocrx_word' id='word_1_460' title='bbox 2534 3161 2624 3231; x_wconf 84' lang='lat' dir='ltr'><strong>qui</strong></span> <span class='ocrx_word' id='word_1_461' title='bbox 2682 3162 2973 3216; x_wconf 73' lang='lat' dir='ltr'><strong>secundam</strong></span> <span class='ocrx_word' id='word_1_462' title='bbox 3018 3162 3269 3233; x_wconf 69' lang='lat' dir='ltr'><strong>Gregorii</strong></span> <span class='ocrx_word' id='word_1_463' title='bbox 3323 3173 3548 3219; x_wconf 77' lang='lat' dir='ltr'><strong>semen-</strong></span> 
     </span>
    </p>
   </div>
   <div class='ocr_carea' id='block_1_61' title="bbox 285 3254 1862 3327">
    <p class='ocr_par' dir='ltr' id='par_1_61' title="bbox 285 3254 1862 3327">
     <span class='ocr_line' id='line_1_61' title="bbox 285 3254 1862 3327; baseline 0.005 -24"><span class='ocrx_word' id='word_1_464' title='bbox 285 3263 481 3321; x_wconf 83' lang='lat' dir='ltr'><strong>pugnat</strong></span> <span class='ocrx_word' id='word_1_465' title='bbox 514 3269 644 3309; x_wconf 91' lang='lat' dir='ltr'><strong>cum</strong></span> <span class='ocrx_word' id='word_1_466' title='bbox 699 3254 928 3319; x_wconf 64' lang='lat' dir='ltr'><strong>Irenaeo,</strong></span> <span class='ocrx_word' id='word_1_467' title='bbox 965 3256 1059 3325; x_wconf 88' lang='lat' dir='ltr'><strong>qui</strong></span> <span class='ocrx_word' id='word_1_468' title='bbox 1088 3257 1368 3327; x_wconf 86' lang='lat' dir='ltr'><strong>sexaginta</strong></span> <span class='ocrx_word' id='word_1_469' title='bbox 1412 3267 1468 3312; x_wconf 87' lang='lat' dir='ltr'><strong>et</strong></span> <span class='ocrx_word' id='word_1_470' title='bbox 1499 3259 1732 3327; x_wconf 88' lang='lat' dir='ltr'><strong>amplius</strong></span> <span class='ocrx_word' id='word_1_471' title='bbox 1766 3274 1862 3311; x_wconf 86' lang='lat' dir='ltr'><strong>an-</strong></span> 
     </span>
    </p>
   </div>
   <div class='ocr_carea' id='block_1_62' title="bbox 288 3343 1862 3418">
    <p class='ocr_par' dir='ltr' id='par_1_62' title="bbox 288 3343 1862 3418">
     <span class='ocr_line' id='line_1_62' title="bbox 288 3343 1862 3418; baseline 0.005 -24"><span class='ocrx_word' id='word_1_472' title='bbox 288 3343 366 3396; x_wconf 86' lang='lat' dir='ltr'><strong>nis</strong></span> <span class='ocrx_word' id='word_1_473' title='bbox 399 3354 526 3400; x_wconf 90' lang='lat' dir='ltr'><strong>ante</strong></span> <span class='ocrx_word' id='word_1_474' title='bbox 559 3345 704 3400; x_wconf 87' lang='lat' dir='ltr'><strong>hunc</strong></span> <span class='ocrx_word' id='word_1_475' title='bbox 733 3347 1075 3401; x_wconf 91' lang='lat' dir='ltr'><strong>consulatum</strong></span> <span class='ocrx_word' id='word_1_476' title='bbox 1106 3347 1471 3402; x_wconf 84' lang='lat' dir='ltr'><strong>Ecclesiarum</strong></span> <span class='ocrx_word' id='word_1_477' title='bbox 1503 3349 1643 3418; x_wconf 71' lang='lat' dir='ltr'><strong>apud</strong></span> <span class='ocrx_word' id='word_1_478' title='bbox 1683 3349 1862 3404; x_wconf 82' lang='lat' dir='ltr'><strong>Celtas</strong></span> 
     </span>
    </p>
   </div>
   <div class='ocr_carea' id='block_1_63' title="bbox 287 3433 1854 3510">
    <p class='ocr_par' dir='ltr' id='par_1_63' title="bbox 287 3433 1854 3510">
     <span class='ocr_line' id='line_1_63' title="bbox 287 3433 1854 3510; baseline 0.004 -24"><span class='ocrx_word' id='word_1_479' title='bbox 287 3433 628 3492; x_wconf 89' lang='lat' dir='ltr'><strong>fundatarum</strong></span> <span class='ocrx_word' id='word_1_480' title='bbox 669 3439 934 3492; x_wconf 90' lang='lat' dir='ltr'><strong>meminit.</strong></span> <span class='ocrx_word' id='word_1_481' title='bbox 980 3439 1189 3509; x_wconf 80' lang='lat' dir='ltr'><strong>Pugnat</strong></span> <span class='ocrx_word' id='word_1_482' title='bbox 1238 3456 1454 3510; x_wconf 86' lang='lat' dir='ltr'><strong>qquue</strong></span> <span class='ocrx_word' id='word_1_483' title='bbox 1485 3455 1608 3494; x_wconf 75' lang='lat' dir='ltr'><strong>cum</strong></span> <span class='ocrx_word' id='word_1_484' title='bbox 1647 3439 1854 3496; x_wconf 84' lang='lat' dir='ltr'><strong>Tertul-</strong></span> 
     </span>
    </p>
   </div>
   <div class='ocr_carea' id='block_1_64' title="bbox 288 3525 1861 3602">
    <p class='ocr_par' dir='ltr' id='par_1_64' title="bbox 288 3525 1861 3602">
     <span class='ocr_line' id='line_1_64' title="bbox 288 3525 1861 3602; baseline 0.004 -23"><span class='ocrx_word' id='word_1_485' title='bbox 288 3525 560 3598; x_wconf 86' lang='lat' dir='ltr'><strong>liano,qui</strong></span> <span class='ocrx_word' id='word_1_486' title='bbox 596 3532 821 3600; x_wconf 85' lang='lat' dir='ltr'><strong>triginta</strong></span> <span class='ocrx_word' id='word_1_487' title='bbox 856 3533 1161 3602; x_wconf 90' lang='lat' dir='ltr'><strong>etamplius</strong></span> <span class='ocrx_word' id='word_1_488' title='bbox 1190 3533 1350 3587; x_wconf 85' lang='lat' dir='ltr'><strong>annis</strong></span> <span class='ocrx_word' id='word_1_489' title='bbox 1377 3543 1503 3588; x_wconf 89' lang='lat' dir='ltr'><strong>ante</strong></span> <span class='ocrx_word' id='word_1_490' title='bbox 1551 3533 1698 3588; x_wconf 82' lang='lat' dir='ltr'><strong>Decii</strong></span> <span class='ocrx_word' id='word_1_491' title='bbox 1731 3549 1861 3602; x_wconf 91' lang='lat' dir='ltr'><strong>epo-</strong></span> 
     </span>
    </p>
   </div>
   <div class='ocr_carea' id='block_1_65' title="bbox 293 3623 1863 3690">
    <p class='ocr_par' dir='ltr' id='par_1_65' title="bbox 293 3623 1863 3690">
     <span class='ocr_line' id='line_1_65' title="bbox 293 3623 1863 3690; baseline 0.003 -17"><span class='ocrx_word' id='word_1_492' title='bbox 293 3623 463 3690; x_wconf 88' lang='lat' dir='ltr'><strong>cham,</strong></span> <span class='ocrx_word' id='word_1_493' title='bbox 493 3625 742 3680; x_wconf 89' lang='lat' dir='ltr'><strong>diversas</strong></span> <span class='ocrx_word' id='word_1_494' title='bbox 767 3624 1062 3681; x_wconf 87' lang='lat' dir='ltr'><strong>Galliarum</strong></span> <span class='ocrx_word' id='word_1_495' title='bbox 1113 3625 1367 3680; x_wconf 89' lang='lat' dir='ltr'><strong>nationes</strong></span> <span class='ocrx_word' id='word_1_496' title='bbox 1405 3626 1564 3680; x_wconf 86' lang='lat' dir='ltr'><strong>fidem</strong></span> <span class='ocrx_word' id='word_1_497' title='bbox 1597 3626 1863 3681; x_wconf 85' lang='lat' dir='ltr'><strong>Christia-</strong></span> 
     </span>
    </p>
   </div>
   <div class='ocr_carea' id='block_1_66' title="bbox 291 3716 1857 3787">
    <p class='ocr_par' dir='ltr' id='par_1_66' title="bbox 291 3716 1857 3787">
     <span class='ocr_line' id='line_1_66' title="bbox 291 3716 1857 3787; baseline 0.004 -23"><span class='ocrx_word' id='word_1_498' title='bbox 291 3727 404 3765; x_wconf 91' lang='lat' dir='ltr'><strong>nam</strong></span> <span class='ocrx_word' id='word_1_499' title='bbox 461 3716 706 3784; x_wconf 89' lang='lat' dir='ltr'><strong>profiteri</strong></span> <span class='ocrx_word' id='word_1_500' title='bbox 765 3726 1049 3772; x_wconf 88' lang='lat' dir='ltr'><strong>testatur:</strong></span> <span class='ocrx_word' id='word_1_501' title='bbox 1091 3734 1210 3787; x_wconf 78' lang='lat' dir='ltr'><strong>qua:</strong></span> <span class='ocrx_word' id='word_1_502' title='bbox 1265 3733 1385 3772; x_wconf 91' lang='lat' dir='ltr'><strong>cum</strong></span> <span class='ocrx_word' id='word_1_503' title='bbox 1420 3721 1491 3772; x_wconf 89' lang='lat' dir='ltr'><strong>sit</strong></span> <span class='ocrx_word' id='word_1_504' title='bbox 1539 3734 1604 3772; x_wconf 81' lang='lat' dir='ltr'><strong>ex</strong></span> <span class='ocrx_word' id='word_1_505' title='bbox 1651 3718 1857 3780; x_wconf 87' lang='lat' dir='ltr'><strong>auditu,</strong></span> 
     </span>
    </p>
   </div>
   <div class='ocr_carea' id='block_1_67' title="bbox 291 3808 1862 3876">
    <p class='ocr_par' dir='ltr' id='par_1_67' title="bbox 291 3808 1862 3876">
     <span class='ocr_line' id='line_1_67' title="bbox 291 3808 1862 3876; baseline 0.007 -21"><span class='ocrx_word' id='word_1_506' title='bbox 291 3808 438 3873; x_wconf 88' lang='lat' dir='ltr'><strong>plane</strong></span> <span class='ocrx_word' id='word_1_507' title='bbox 469 3809 884 3876; x_wconf 72' lang='lat' dir='ltr'><strong>prtetlicantium</strong></span> <span class='ocrx_word' id='word_1_508' title='bbox 936 3811 1228 3865; x_wconf 90' lang='lat' dir='ltr'><strong>missorum</strong></span> <span class='ocrx_word' id='word_1_509' title='bbox 1282 3811 1585 3865; x_wconf 90' lang='lat' dir='ltr'><strong>ministerio</strong></span> <span class='ocrx_word' id='word_1_510' title='bbox 1634 3813 1862 3867; x_wconf 84' lang='lat' dir='ltr'><strong>diversis</strong></span> 
     </span>
    </p>
   </div>
   <div class='ocr_carea' id='block_1_68' title="bbox 294 3895 1859 3970">
    <p class='ocr_par' dir='ltr' id='par_1_68' title="bbox 294 3895 1859 3970">
     <span class='ocr_line' id='line_1_68' title="bbox 294 3895 1859 3970; baseline 0.003 -21"><span class='ocrx_word' id='word_1_511' title='bbox 294 3895 388 3951; x_wconf 86' lang='lat' dir='ltr'><strong>illis</strong></span> <span class='ocrx_word' id='word_1_512' title='bbox 413 3899 718 3953; x_wconf 87' lang='lat' dir='ltr'><strong>nationibus</strong></span> <span class='ocrx_word' id='word_1_513' title='bbox 745 3899 1072 3953; x_wconf 83' lang='lat' dir='ltr'><strong>infundemla</strong></span> <span class='ocrx_word' id='word_1_514' title='bbox 1103 3900 1236 3965; x_wconf 84' lang='lat' dir='ltr'><strong>fuit;</strong></span> <span class='ocrx_word' id='word_1_515' title='bbox 1273 3901 1360 3969; x_wconf 92' lang='lat' dir='ltr'><strong>qui</strong></span> <span class='ocrx_word' id='word_1_516' title='bbox 1386 3901 1601 3970; x_wconf 86' lang='lat' dir='ltr'><strong>quidem</strong></span> <span class='ocrx_word' id='word_1_517' title='bbox 1633 3901 1722 3954; x_wconf 90' lang='lat' dir='ltr'><strong>alii</strong></span> <span class='ocrx_word' id='word_1_518' title='bbox 1754 3917 1859 3955; x_wconf 92' lang='lat' dir='ltr'><strong>non</strong></span> 
     </span>
    </p>
   </div>
   <div class='ocr_carea' id='block_1_69' title="bbox 294 3991 1859 4060">
    <p class='ocr_par' dir='ltr' id='par_1_69' title="bbox 294 3991 1859 4060">
     <span class='ocr_line' id='line_1_69' title="bbox 294 3991 1859 4060; baseline 0.007 -21"><span class='ocrx_word' id='word_1_519' title='bbox 294 3998 406 4040; x_wconf 89' lang='lat' dir='ltr'><strong>sunt</strong></span> <span class='ocrx_word' id='word_1_520' title='bbox 430 4001 624 4058; x_wconf 72' lang='lat' dir='ltr'><strong>prteter</strong></span> <span class='ocrx_word' id='word_1_521' title='bbox 646 4007 740 4044; x_wconf 86' lang='lat' dir='ltr'><strong>eos</strong></span> <span class='ocrx_word' id='word_1_522' title='bbox 762 4030 775 4054; x_wconf 98' lang='lat'><strong>,</strong></span> <span class='ocrx_word' id='word_1_523' title='bbox 802 4007 936 4060; x_wconf 88' lang='lat' dir='ltr'><strong>quos</strong></span> <span class='ocrx_word' id='word_1_524' title='bbox 959 3991 1151 4045; x_wconf 85' lang='lat' dir='ltr'><strong>tabulae</strong></span> <span class='ocrx_word' id='word_1_525' title='bbox 1174 3992 1552 4047; x_wconf 73' lang='lat' dir='ltr'><strong>ecclesiastica:</strong></span> <span class='ocrx_word' id='word_1_526' title='bbox 1579 3994 1859 4050; x_wconf 78' lang='lat' dir='ltr'><strong>exhibent.</strong></span> 
     </span>
    </p>
   </div>
   <div class='ocr_carea' id='block_1_70' title="bbox 295 4078 1866 4154">
    <p class='ocr_par' dir='ltr' id='par_1_70' title="bbox 295 4078 1866 4154">
     <span class='ocr_line' id='line_1_70' title="bbox 295 4078 1866 4154; baseline 0.004 -23"><span class='ocrx_word' id='word_1_527' title='bbox 295 4078 494 4135; x_wconf 81' lang='lat' dir='ltr'><strong>Erravit</strong></span> <span class='ocrx_word' id='word_1_528' title='bbox 524 4099 653 4143; x_wconf 73' lang='lat' dir='ltr'><strong>ergo</strong></span> <span class='ocrx_word' id='word_1_529' title='bbox 680 4083 990 4154; x_wconf 83' lang='lat' dir='ltr'><strong>Gregorius,</strong></span> <span class='ocrx_word' id='word_1_530' title='bbox 1020 4093 1283 4153; x_wconf 68' lang='lat' dir='ltr'><strong>praetextu</strong></span> <span class='ocrx_word' id='word_1_531' title='bbox 1309 4083 1442 4139; x_wconf 79' lang='lat' dir='ltr'><strong>Viue</strong></span> <span class='ocrx_word' id='word_1_532' title='bbox 1465 4087 1637 4140; x_wconf 86' lang='lat' dir='ltr'><strong>sancti</strong></span> <span class='ocrx_word' id='word_1_533' title='bbox 1671 4086 1866 4140; x_wconf 85' lang='lat' dir='ltr'><strong>Satur-</strong></span> 
     </span>
    </p>
   </div>
   <div class='ocr_carea' id='block_1_71' title="bbox 296 4175 1858 4250">
    <p class='ocr_par' dir='ltr' id='par_1_71' title="bbox 296 4175 1858 4250">
     <span class='ocr_line' id='line_1_71' title="bbox 296 4175 1858 4250; baseline 0.006 -27"><span class='ocrx_word' id='word_1_534' title='bbox 296 4175 418 4235; x_wconf 84' lang='lat' dir='ltr'><strong>nini,</strong></span> <span class='ocrx_word' id='word_1_535' title='bbox 439 4176 592 4243; x_wconf 87' lang='lat' dir='ltr'><strong>cujus</strong></span> <span class='ocrx_word' id='word_1_536' title='bbox 619 4178 779 4231; x_wconf 86' lang='lat' dir='ltr'><strong>verba</strong></span> <span class='ocrx_word' id='word_1_537' title='bbox 798 4177 998 4243; x_wconf 87' lang='lat' dir='ltr'><strong>laudat,</strong></span> <span class='ocrx_word' id='word_1_538' title='bbox 1027 4179 1078 4231; x_wconf 89' lang='lat' dir='ltr'><strong>in</strong></span> <span class='ocrx_word' id='word_1_539' title='bbox 1114 4179 1320 4250; x_wconf 89' lang='lat' dir='ltr'><strong>epocha</strong></span> <span class='ocrx_word' id='word_1_540' title='bbox 1351 4179 1496 4234; x_wconf 89' lang='lat' dir='ltr'><strong>Decii</strong></span> <span class='ocrx_word' id='word_1_541' title='bbox 1527 4182 1858 4235; x_wconf 88' lang='lat' dir='ltr'><strong>constituen-</strong></span> 
     </span>
    </p>
   </div>
   <div class='ocr_carea' id='block_1_72' title="bbox 296 4264 1859 4342">
    <p class='ocr_par' dir='ltr' id='par_1_72' title="bbox 296 4264 1859 4342">
     <span class='ocr_line' id='line_1_72' title="bbox 296 4264 1859 4342; baseline 0.006 -26"><span class='ocrx_word' id='word_1_542' title='bbox 296 4264 354 4317; x_wconf 89' lang='lat' dir='ltr'><strong>da</strong></span> <span class='ocrx_word' id='word_1_543' title='bbox 380 4283 393 4328; x_wconf 88' lang='lat'><strong>;</strong></span> <span class='ocrx_word' id='word_1_544' title='bbox 423 4284 590 4338; x_wconf 88' lang='lat' dir='ltr'><strong>quam</strong></span> <span class='ocrx_word' id='word_1_545' title='bbox 625 4270 858 4338; x_wconf 86' lang='lat' dir='ltr'><strong>scriptor</strong></span> <span class='ocrx_word' id='word_1_546' title='bbox 881 4270 968 4324; x_wconf 88' lang='lat' dir='ltr'><strong>ille</strong></span> <span class='ocrx_word' id='word_1_547' title='bbox 994 4287 1114 4324; x_wconf 92' lang='lat' dir='ltr'><strong>cum</strong></span> <span class='ocrx_word' id='word_1_548' title='bbox 1139 4272 1238 4326; x_wconf 90' lang='lat' dir='ltr'><strong>soli</strong></span> <span class='ocrx_word' id='word_1_549' title='bbox 1274 4272 1574 4326; x_wconf 90' lang='lat' dir='ltr'><strong>Saturnino</strong></span> <span class='ocrx_word' id='word_1_550' title='bbox 1597 4271 1859 4342; x_wconf 81' lang='lat' dir='ltr'><strong>afligeret,</strong></span> 
     </span>
    </p>
   </div>
   <div class='ocr_carea' id='block_1_73' title="bbox 297 4353 1858 4429">
    <p class='ocr_par' dir='ltr' id='par_1_73' title="bbox 297 4353 1858 4429">
     <span class='ocr_line' id='line_1_73' title="bbox 297 4353 1858 4429; baseline 0.003 -21"><span class='ocrx_word' id='word_1_551' title='bbox 297 4353 575 4426; x_wconf 87' lang='lat' dir='ltr'><strong>Gregorius</strong></span> <span class='ocrx_word' id='word_1_552' title='bbox 597 4359 664 4412; x_wconf 93' lang='lat' dir='ltr'><strong>de</strong></span> <span class='ocrx_word' id='word_1_553' title='bbox 693 4375 790 4413; x_wconf 88' lang='lat' dir='ltr'><strong>suo</strong></span> <span class='ocrx_word' id='word_1_554' title='bbox 816 4359 880 4412; x_wconf 91' lang='lat' dir='ltr'><strong>ad</strong></span> <span class='ocrx_word' id='word_1_555' title='bbox 911 4359 1046 4413; x_wconf 90' lang='lat' dir='ltr'><strong>alios</strong></span> <span class='ocrx_word' id='word_1_556' title='bbox 1095 4361 1371 4425; x_wconf 79' lang='lat' dir='ltr'><strong>extendit,</strong></span> <span class='ocrx_word' id='word_1_557' title='bbox 1404 4375 1470 4414; x_wconf 83' lang='lat' dir='ltr'><strong>ex</strong></span> <span class='ocrx_word' id='word_1_558' title='bbox 1503 4372 1716 4429; x_wconf 88' lang='lat' dir='ltr'><strong>recepta</strong></span> <span class='ocrx_word' id='word_1_559' title='bbox 1749 4359 1858 4428; x_wconf 90' lang='lat' dir='ltr'><strong>jam</strong></span> 
     </span>
    </p>
   </div>
   <div class='ocr_carea' id='block_1_74' title="bbox 298 4452 1859 4522">
    <p class='ocr_par' dir='ltr' id='par_1_74' title="bbox 298 4452 1859 4522">
     <span class='ocr_line' id='line_1_74' title="bbox 298 4452 1859 4522; baseline 0.004 -23"><span class='ocrx_word' id='word_1_560' title='bbox 298 4456 397 4501; x_wconf 88' lang='lat' dir='ltr'><strong>tum</strong></span> <span class='ocrx_word' id='word_1_561' title='bbox 441 4453 699 4522; x_wconf 81' lang='lat' dir='ltr'><strong>Opinione</strong></span> <span class='ocrx_word' id='word_1_562' title='bbox 725 4452 791 4506; x_wconf 87' lang='lat' dir='ltr'><strong>de</strong></span> <span class='ocrx_word' id='word_1_563' title='bbox 823 4462 1027 4522; x_wconf 88' lang='lat' dir='ltr'><strong>septem</strong></span> <span class='ocrx_word' id='word_1_564' title='bbox 1078 4452 1294 4508; x_wconf 91' lang='lat' dir='ltr'><strong>illorum</strong></span> <span class='ocrx_word' id='word_1_565' title='bbox 1340 4453 1618 4507; x_wconf 87' lang='lat' dir='ltr'><strong>societate.</strong></span> <span class='ocrx_word' id='word_1_566' title='bbox 1657 4453 1732 4506; x_wconf 90' lang='lat' dir='ltr'><strong>De</strong></span> <span class='ocrx_word' id='word_1_567' title='bbox 1761 4469 1859 4506; x_wconf 85' lang='lat' dir='ltr'><strong>suo</strong></span> 
     </span>
    </p>
   </div>
   <div class='ocr_carea' id='block_1_75' title="bbox 300 4542 1858 4612">
    <p class='ocr_par' dir='ltr' id='par_1_75' title="bbox 300 4542 1858 4612">
     <span class='ocr_line' id='line_1_75' title="bbox 300 4542 1858 4612; baseline 0.005 -22"><span class='ocrx_word' id='word_1_568' title='bbox 300 4542 556 4599; x_wconf 86' lang='lat' dir='ltr'><strong>addidisse</strong></span> <span class='ocrx_word' id='word_1_569' title='bbox 581 4544 718 4609; x_wconf 75' lang='lat' dir='ltr'><strong>dixi,</strong></span> <span class='ocrx_word' id='word_1_570' title='bbox 753 4544 1008 4612; x_wconf 90' lang='lat' dir='ltr'><strong>quoniam</strong></span> <span class='ocrx_word' id='word_1_571' title='bbox 1044 4545 1096 4598; x_wconf 92' lang='lat' dir='ltr'><strong>in</strong></span> <span class='ocrx_word' id='word_1_572' title='bbox 1150 4544 1330 4599; x_wconf 89' lang='lat' dir='ltr'><strong>verbis</strong></span> <span class='ocrx_word' id='word_1_573' title='bbox 1382 4546 1632 4598; x_wconf 82' lang='lat' dir='ltr'><strong>Actorum</strong></span> <span class='ocrx_word' id='word_1_574' title='bbox 1668 4545 1858 4600; x_wconf 87' lang='lat' dir='ltr'><strong>Satur-</strong></span> 
     </span>
    </p>
   </div>
   <div class='ocr_carea' id='block_1_76' title="bbox 299 4633 1856 4708">
    <p class='ocr_par' dir='ltr' id='par_1_76' title="bbox 299 4633 1856 4708">
     <span class='ocr_line' id='line_1_76' title="bbox 299 4633 1856 4708; baseline 0.004 -24"><span class='ocrx_word' id='word_1_575' title='bbox 299 4633 396 4688; x_wconf 88' lang='lat' dir='ltr'><strong>nini</strong></span> <span class='ocrx_word' id='word_1_576' title='bbox 421 4653 539 4705; x_wconf 74' lang='lat' dir='ltr'><strong>quze</strong></span> <span class='ocrx_word' id='word_1_577' title='bbox 584 4637 877 4708; x_wconf 88' lang='lat' dir='ltr'><strong>Gregorius</strong></span> <span class='ocrx_word' id='word_1_578' title='bbox 911 4637 1116 4700; x_wconf 88' lang='lat' dir='ltr'><strong>laudat,</strong></span> <span class='ocrx_word' id='word_1_579' title='bbox 1149 4639 1292 4691; x_wconf 87' lang='lat' dir='ltr'><strong>nulla</strong></span> <span class='ocrx_word' id='word_1_580' title='bbox 1340 4637 1399 4692; x_wconf 89' lang='lat' dir='ltr'><strong>fit</strong></span> <span class='ocrx_word' id='word_1_581' title='bbox 1422 4655 1514 4693; x_wconf 83' lang='lat' dir='ltr'><strong>sex</strong></span> <span class='ocrx_word' id='word_1_582' title='bbox 1545 4638 1856 4708; x_wconf 89' lang='lat' dir='ltr'><strong>pontificum</strong></span> 
     </span>
    </p>
   </div>
   <div class='ocr_carea' id='block_1_77' title="bbox 302 4728 1857 4802">
    <p class='ocr_par' dir='ltr' id='par_1_77' title="bbox 302 4728 1857 4802">
     <span class='ocr_line' id='line_1_77' title="bbox 302 4728 1857 4802; baseline 0.005 -26"><span class='ocrx_word' id='word_1_583' title='bbox 302 4728 485 4784; x_wconf 89' lang='lat' dir='ltr'><strong>mentio</strong></span> <span class='ocrx_word' id='word_1_584' title='bbox 521 4747 538 4796; x_wconf 89' lang='lat'><strong>;</strong></span> <span class='ocrx_word' id='word_1_585' title='bbox 577 4739 752 4800; x_wconf 85' lang='lat' dir='ltr'><strong>neque</strong></span> <span class='ocrx_word' id='word_1_586' title='bbox 783 4730 942 4785; x_wconf 89' lang='lat' dir='ltr'><strong>etiam</strong></span> <span class='ocrx_word' id='word_1_587' title='bbox 977 4731 1027 4784; x_wconf 93' lang='lat' dir='ltr'><strong>in</strong></span> <span class='ocrx_word' id='word_1_588' title='bbox 1054 4745 1282 4801; x_wconf 90' lang='lat' dir='ltr'><strong>corpore</strong></span> <span class='ocrx_word' id='word_1_589' title='bbox 1306 4731 1553 4785; x_wconf 82' lang='lat' dir='ltr'><strong>Actorum</strong></span> <span class='ocrx_word' id='word_1_590' title='bbox 1577 4746 1697 4802; x_wconf 74' lang='lat' dir='ltr'><strong>qua:</strong></span> <span class='ocrx_word' id='word_1_591' title='bbox 1720 4734 1857 4800; x_wconf 91' lang='lat' dir='ltr'><strong>apud</strong></span> 
     </span>
    </p>
   </div>
   <div class='ocr_carea' id='block_1_78' title="bbox 301 4816 1857 4893">
    <p class='ocr_par' dir='ltr' id='par_1_78' title="bbox 301 4816 1857 4893">
     <span class='ocr_line' id='line_1_78' title="bbox 301 4816 1857 4893; baseline 0.006 -23"><span class='ocrx_word' id='word_1_592' title='bbox 301 4816 501 4875; x_wconf 92' lang='lat' dir='ltr'><strong>Surium</strong></span> <span class='ocrx_word' id='word_1_593' title='bbox 559 4832 774 4877; x_wconf 76' lang='lat' dir='ltr'><strong>exstant</strong></span> <span class='ocrx_word' id='word_1_594' title='bbox 810 4840 824 4888; x_wconf 90' lang='lat'><strong>;</strong></span> <span class='ocrx_word' id='word_1_595' title='bbox 863 4839 982 4892; x_wconf 73' lang='lat' dir='ltr'><strong>qua:</strong></span> <span class='ocrx_word' id='word_1_596' title='bbox 1017 4823 1175 4893; x_wconf 88' lang='lat' dir='ltr'><strong>plane</strong></span> <span class='ocrx_word' id='word_1_597' title='bbox 1213 4833 1340 4877; x_wconf 80' lang='lat' dir='ltr'><strong>sum</strong></span> <span class='ocrx_word' id='word_1_598' title='bbox 1373 4825 1561 4879; x_wconf 87' lang='lat' dir='ltr'><strong>eadem</strong></span> <span class='ocrx_word' id='word_1_599' title='bbox 1618 4840 1739 4878; x_wconf 90' lang='lat' dir='ltr'><strong>cum</strong></span> <span class='ocrx_word' id='word_1_600' title='bbox 1791 4826 1857 4880; x_wconf 91' lang='lat' dir='ltr'><strong>iis</strong></span> 
     </span>
    </p>
   </div>
   <div class='ocr_carea' id='block_1_79' title="bbox 303 4910 1858 4986">
    <p class='ocr_par' dir='ltr' id='par_1_79' title="bbox 303 4910 1858 4986">
     <span class='ocr_line' id='line_1_79' title="bbox 303 4910 1858 4986; baseline 0.006 -26"><span class='ocrx_word' id='word_1_601' title='bbox 303 4910 431 4964; x_wconf 82' lang='lat' dir='ltr'><strong>Actis</strong></span> <span class='ocrx_word' id='word_1_602' title='bbox 466 4929 529 4968; x_wconf 80' lang='lat' dir='ltr'><strong>ex</strong></span> <span class='ocrx_word' id='word_1_603' title='bbox 585 4914 782 4984; x_wconf 89' lang='lat' dir='ltr'><strong>quibus</strong></span> <span class='ocrx_word' id='word_1_604' title='bbox 828 4913 1007 4969; x_wconf 93' lang='lat' dir='ltr'><strong>locum</strong></span> <span class='ocrx_word' id='word_1_605' title='bbox 1061 4929 1091 4968; x_wconf 89' lang='lat' dir='ltr'><strong>a</strong></span> <span class='ocrx_word' id='word_1_606' title='bbox 1134 4931 1192 4970; x_wconf 91' lang='lat' dir='ltr'><strong>se</strong></span> <span class='ocrx_word' id='word_1_607' title='bbox 1239 4913 1512 4969; x_wconf 88' lang='lat' dir='ltr'><strong>laudatum</strong></span> <span class='ocrx_word' id='word_1_608' title='bbox 1561 4915 1858 4986; x_wconf 87' lang='lat' dir='ltr'><strong>Gregorius</strong></span> 
     </span>
    </p>
   </div>
   <div class='ocr_carea' id='block_1_80' title="bbox 303 5001 1857 5074">
    <p class='ocr_par' dir='ltr' id='par_1_80' title="bbox 303 5001 1857 5074">
     <span class='ocr_line' id='line_1_80' title="bbox 303 5001 1857 5074; baseline 0.008 -23"><span class='ocrx_word' id='word_1_609' title='bbox 303 5001 572 5074; x_wconf 80' lang='lat' dir='ltr'><strong>decerpsit,</strong></span> <span class='ocrx_word' id='word_1_610' title='bbox 600 5025 720 5061; x_wconf 90' lang='lat' dir='ltr'><strong>cum</strong></span> <span class='ocrx_word' id='word_1_611' title='bbox 764 5007 952 5061; x_wconf 89' lang='lat' dir='ltr'><strong>iisdem</strong></span> <span class='ocrx_word' id='word_1_612' title='bbox 1005 5008 1227 5063; x_wconf 91' lang='lat' dir='ltr'><strong>omnino</strong></span> <span class='ocrx_word' id='word_1_613' title='bbox 1257 5008 1438 5063; x_wconf 87' lang='lat' dir='ltr'><strong>verbis</strong></span> <span class='ocrx_word' id='word_1_614' title='bbox 1468 5009 1538 5065; x_wconf 91' lang='lat' dir='ltr'><strong>ibi</strong></span> <span class='ocrx_word' id='word_1_615' title='bbox 1574 5010 1723 5066; x_wconf 92' lang='lat' dir='ltr'><strong>locus</strong></span> <span class='ocrx_word' id='word_1_616' title='bbox 1769 5009 1857 5064; x_wconf 89' lang='lat' dir='ltr'><strong>ille</strong></span> 
     </span>
    </p>
   </div>
   <div class='ocr_carea' id='block_1_81' title="bbox 305 5091 1858 5171">
    <p class='ocr_par' dir='ltr' id='par_1_81' title="bbox 305 5091 1858 5171">
     <span class='ocr_line' id='line_1_81' title="bbox 305 5091 1858 5171; baseline 0.01 -30"><span class='ocrx_word' id='word_1_617' title='bbox 305 5091 585 5164; x_wconf 86' lang='lat' dir='ltr'><strong>descriptus</strong></span> <span class='ocrx_word' id='word_1_618' title='bbox 643 5097 968 5166; x_wconf 88' lang='lat' dir='ltr'><strong>reperiatur.</strong></span> <span class='ocrx_word' id='word_1_619' title='bbox 1027 5095 1196 5152; x_wconf 91' lang='lat' dir='ltr'><strong>Porro</strong></span> <span class='ocrx_word' id='word_1_620' title='bbox 1228 5099 1360 5154; x_wconf 82' lang='lat' dir='ltr'><strong>Acta</strong></span> <span class='ocrx_word' id='word_1_621' title='bbox 1412 5099 1500 5154; x_wconf 91' lang='lat' dir='ltr'><strong>illa</strong></span> <span class='ocrx_word' id='word_1_622' title='bbox 1557 5103 1858 5171; x_wconf 82' lang='lat' dir='ltr'><strong>composita</strong></span> 
     </span>
    </p>
   </div>
   <div class='ocr_carea' id='block_1_82' title="bbox 305 5185 1855 5260">
    <p class='ocr_par' dir='ltr' id='par_1_82' title="bbox 305 5185 1855 5260">
     <span class='ocr_line' id='line_1_82' title="bbox 305 5185 1855 5260; baseline 0.008 -26"><span class='ocrx_word' id='word_1_623' title='bbox 305 5188 411 5236; x_wconf 83' lang='lat' dir='ltr'><strong>sum</strong></span> <span class='ocrx_word' id='word_1_624' title='bbox 436 5185 590 5256; x_wconf 85' lang='lat' dir='ltr'><strong>longo</strong></span> <span class='ocrx_word' id='word_1_625' title='bbox 623 5187 908 5243; x_wconf 87' lang='lat' dir='ltr'><strong>intervallo</strong></span> <span class='ocrx_word' id='word_1_626' title='bbox 941 5198 1065 5260; x_wconf 91' lang='lat' dir='ltr'><strong>post</strong></span> <span class='ocrx_word' id='word_1_627' title='bbox 1113 5189 1318 5244; x_wconf 91' lang='lat' dir='ltr'><strong>obitum</strong></span> <span class='ocrx_word' id='word_1_628' title='bbox 1355 5190 1637 5259; x_wconf 78' lang='lat' dir='ltr'><strong>Exsuperii</strong></span> <span class='ocrx_word' id='word_1_629' title='bbox 1691 5191 1855 5246; x_wconf 91' lang='lat' dir='ltr'><strong>Tolo-</strong></span> 
     </span>
    </p>
   </div>
   <div class='ocr_carea' id='block_1_83' title="bbox 307 5275 1856 5353">
    <p class='ocr_par' dir='ltr' id='par_1_83' title="bbox 307 5275 1856 5353">
     <span class='ocr_line' id='line_1_83' title="bbox 307 5275 1856 5353; baseline 0.009 -30"><span class='ocrx_word' id='word_1_630' title='bbox 307 5275 430 5338; x_wconf 83' lang='lat' dir='ltr'><strong>sani,</strong></span> <span class='ocrx_word' id='word_1_631' title='bbox 459 5279 611 5345; x_wconf 90' lang='lat' dir='ltr'><strong>cujus</strong></span> <span class='ocrx_word' id='word_1_632' title='bbox 647 5280 963 5348; x_wconf 89' lang='lat' dir='ltr'><strong>meminere,</strong></span> <span class='ocrx_word' id='word_1_633' title='bbox 996 5291 1052 5334; x_wconf 92' lang='lat' dir='ltr'><strong>ut</strong></span> <span class='ocrx_word' id='word_1_634' title='bbox 1087 5291 1234 5336; x_wconf 90' lang='lat' dir='ltr'><strong>recte</strong></span> <span class='ocrx_word' id='word_1_635' title='bbox 1265 5280 1520 5336; x_wconf 88' lang='lat' dir='ltr'><strong>observat</strong></span> <span class='ocrx_word' id='word_1_636' title='bbox 1559 5281 1714 5353; x_wconf 85' lang='lat' dir='ltr'><strong>l-lngo</strong></span> <span class='ocrx_word' id='word_1_637' title='bbox 1746 5282 1856 5337; x_wconf 78' lang='lat' dir='ltr'><strong>Me-</strong></span> 
     </span>
    </p>
   </div>
   <div class='ocr_carea' id='block_1_84' title="bbox 314 5371 1857 5444">
    <p class='ocr_par' dir='ltr' id='par_1_84' title="bbox 314 5371 1857 5444">
     <span class='ocr_line' id='line_1_84' title="bbox 314 5371 1857 5444; baseline 0.008 -28"><span class='ocrx_word' id='word_1_638' title='bbox 314 5371 505 5426; x_wconf 79' lang='lat' dir='ltr'><strong>aardus.</strong></span> <span class='ocrx_word' id='word_1_639' title='bbox 559 5373 881 5426; x_wconf 90' lang='lat' dir='ltr'><strong>Destituitur</strong></span> <span class='ocrx_word' id='word_1_640' title='bbox 933 5375 1114 5442; x_wconf 89' lang='lat' dir='ltr'><strong>itaque</strong></span> <span class='ocrx_word' id='word_1_641' title='bbox 1161 5373 1453 5444; x_wconf 81' lang='lat' dir='ltr'><strong>Gregorius</strong></span> <span class='ocrx_word' id='word_1_642' title='bbox 1500 5375 1581 5428; x_wconf 89' lang='lat' dir='ltr'><strong>sui</strong></span> <span class='ocrx_word' id='word_1_643' title='bbox 1617 5375 1857 5430; x_wconf 89' lang='lat' dir='ltr'><strong>auctoris</strong></span> 
     </span>
    </p>
   </div>
   <div class='ocr_carea' id='block_1_85' title="bbox 324 5458 1851 5534">
    <p class='ocr_par' dir='ltr' id='par_1_85' title="bbox 324 5458 1851 5534">
     <span class='ocr_line' id='line_1_85' title="bbox 324 5458 1851 5534; baseline 0.007 -26"><span class='ocrx_word' id='word_1_644' title='bbox 324 5458 611 5523; x_wconf 85' lang='lat' dir='ltr'><strong>estimouio,</strong></span> <span class='ocrx_word' id='word_1_645' title='bbox 668 5460 722 5512; x_wconf 89' lang='lat' dir='ltr'><strong>in</strong></span> <span class='ocrx_word' id='word_1_646' title='bbox 769 5476 864 5516; x_wconf 80' lang='lat' dir='ltr'><strong>sex</strong></span> <span class='ocrx_word' id='word_1_647' title='bbox 917 5461 1265 5530; x_wconf 88' lang='lat' dir='ltr'><strong>pontificibus</strong></span> <span class='ocrx_word' id='word_1_648' title='bbox 1303 5481 1319 5518; x_wconf 90' lang='lat'><strong>:</strong></span> <span class='ocrx_word' id='word_1_649' title='bbox 1351 5465 1487 5518; x_wconf 89' lang='lat' dir='ltr'><strong>adeo</strong></span> <span class='ocrx_word' id='word_1_650' title='bbox 1537 5473 1597 5516; x_wconf 92' lang='lat' dir='ltr'><strong>ut</strong></span> <span class='ocrx_word' id='word_1_651' title='bbox 1647 5466 1851 5534; x_wconf 90' lang='lat' dir='ltr'><strong>epocha</strong></span> 
     </span>
    </p>
   </div>
   <div class='ocr_carea' id='block_1_86' title="bbox 308 5551 1851 5628">
    <p class='ocr_par' dir='ltr' id='par_1_86' title="bbox 308 5551 1851 5628">
     <span class='ocr_line' id='line_1_86' title="bbox 308 5551 1851 5628; baseline 0.006 -27"><span class='ocrx_word' id='word_1_652' title='bbox 308 5553 589 5607; x_wconf 84' lang='lat' dir='ltr'><strong>consulatus</strong></span> <span class='ocrx_word' id='word_1_653' title='bbox 616 5554 796 5618; x_wconf 91' lang='lat' dir='ltr'><strong>Decii,</strong></span> <span class='ocrx_word' id='word_1_654' title='bbox 831 5551 898 5606; x_wconf 88' lang='lat' dir='ltr'><strong>ad</strong></span> <span class='ocrx_word' id='word_1_655' title='bbox 941 5555 1114 5609; x_wconf 90' lang='lat' dir='ltr'><strong>solum</strong></span> <span class='ocrx_word' id='word_1_656' title='bbox 1151 5556 1504 5611; x_wconf 82' lang='lat' dir='ltr'><strong>Saturninum</strong></span> <span class='ocrx_word' id='word_1_657' title='bbox 1543 5557 1851 5628; x_wconf 84' lang='lat' dir='ltr'><strong>episcopum</strong></span> 
     </span>
    </p>
   </div>
   <div class='ocr_carea' id='block_1_87' title="bbox 307 5643 1466 5715">
    <p class='ocr_par' dir='ltr' id='par_1_87' title="bbox 307 5643 1466 5715">
     <span class='ocr_line' id='line_1_87' title="bbox 307 5643 1466 5715; baseline 0.011 -24"><span class='ocrx_word' id='word_1_658' title='bbox 307 5651 360 5692; x_wconf 78' lang='lat' dir='ltr'><strong>ex</strong></span> <span class='ocrx_word' id='word_1_659' title='bbox 395 5643 474 5699; x_wconf 89' lang='lat' dir='ltr'><strong>illo</strong></span> <span class='ocrx_word' id='word_1_660' title='bbox 499 5647 750 5699; x_wconf 81' lang='lat' dir='ltr'><strong>Actorum</strong></span> <span class='ocrx_word' id='word_1_661' title='bbox 783 5647 1048 5715; x_wconf 88' lang='lat' dir='ltr'><strong>scriptore</strong></span> <span class='ocrx_word' id='word_1_662' title='bbox 1074 5647 1351 5704; x_wconf 88' lang='lat' dir='ltr'><strong>referenda</strong></span> <span class='ocrx_word' id='word_1_663' title='bbox 1375 5650 1466 5704; x_wconf 92' lang='lat' dir='ltr'><strong>sit.</strong></span> 
     </span>
    </p>
   </div>
   <div class='ocr_carea' id='block_1_88' title="bbox 369 5734 1850 5810">
    <p class='ocr_par' dir='ltr' id='par_1_88' title="bbox 369 5734 1850 5810">
     <span class='ocr_line' id='line_1_88' title="bbox 369 5734 1850 5810; baseline 0.005 -20"><span class='ocrx_word' id='word_1_664' title='bbox 369 5734 503 5802; x_wconf 85' lang='lat' dir='ltr'><strong>Quod</strong></span> <span class='ocrx_word' id='word_1_665' title='bbox 546 5749 727 5794; x_wconf 87' lang='lat' dir='ltr'><strong>autem</strong></span> <span class='ocrx_word' id='word_1_666' title='bbox 772 5740 839 5794; x_wconf 91' lang='lat' dir='ltr'><strong>ad</strong></span> <span class='ocrx_word' id='word_1_667' title='bbox 873 5740 1226 5796; x_wconf 90' lang='lat' dir='ltr'><strong>Saturninum</strong></span> <span class='ocrx_word' id='word_1_668' title='bbox 1273 5743 1487 5810; x_wconf 72' lang='lat' dir='ltr'><strong>attinet,</strong></span> <span class='ocrx_word' id='word_1_669' title='bbox 1519 5743 1850 5800; x_wconf 87' lang='lat' dir='ltr'><strong>controverti</strong></span> 
     </span>
    </p>
   </div>
   <div class='ocr_carea' id='block_1_89' title="bbox 597 5831 1210 5896">
    <p class='ocr_par' dir='ltr' id='par_1_89' title="bbox 597 5831 1210 5896">
     <span class='ocr_line' id='line_1_89' title="bbox 597 5831 1210 5896; baseline 0.003 -3"><span class='ocrx_word' id='word_1_670' title='bbox 597 5835 868 5895; x_wconf 72' lang='grc' dir='ltr'><strong>ΡΑτιιοι..</strong></span> <span class='ocrx_word' id='word_1_671' title='bbox 913 5831 1028 5896; x_wconf 79' lang='lat' dir='ltr'><strong>Gn.</strong></span> <span class='ocrx_word' id='word_1_672' title='bbox 1067 5834 1210 5896; x_wconf 79' lang='lat' dir='ltr'><strong>XX.</strong></span> 
     </span>
    </p>
   </div>
   <div class='ocr_carea' id='block_1_90' title="bbox 1964 3252 3547 3324">
    <p class='ocr_par' dir='ltr' id='par_1_90' title="bbox 1964 3252 3547 3324">
     <span class='ocr_line' id='line_1_90' title="bbox 1964 3252 3547 3324; baseline 0.001 -18"><span class='ocrx_word' id='word_1_673' title='bbox 1964 3252 2092 3307; x_wconf 91' lang='lat' dir='ltr'><strong>tiam</strong></span> <span class='ocrx_word' id='word_1_674' title='bbox 2169 3253 2528 3307; x_wconf 78' lang='lat' dir='ltr'><strong>disertissime</strong></span> <span class='ocrx_word' id='word_1_675' title='bbox 2592 3253 2900 3308; x_wconf 77' lang='lat' dir='ltr'><strong>confirmat.</strong></span> <span class='ocrx_word' id='word_1_676' title='bbox 2958 3253 3282 3324; x_wconf 87' lang='lat' dir='ltr'><strong>Quanquam</strong></span> <span class='ocrx_word' id='word_1_677' title='bbox 3335 3264 3547 3310; x_wconf 89' lang='lat' dir='ltr'><strong>vetusta</strong></span> 
     </span>
    </p>
   </div>
   <div class='ocr_carea' id='block_1_91' title="bbox 1965 3342 3546 3412">
    <p class='ocr_par' dir='ltr' id='par_1_91' title="bbox 1965 3342 3546 3412">
     <span class='ocr_line' id='line_1_91' title="bbox 1965 3342 3546 3412; baseline 0.003 -16"><span class='ocrx_word' id='word_1_678' title='bbox 1965 3342 2022 3397; x_wconf 94' lang='lat' dir='ltr'><strong>S.</strong></span> <span class='ocrx_word' id='word_1_679' title='bbox 2065 3342 2339 3397; x_wconf 89' lang='lat' dir='ltr'><strong>Saturnini</strong></span> <span class='ocrx_word' id='word_1_680' title='bbox 2377 3343 2512 3396; x_wconf 80' lang='lat' dir='ltr'><strong>Acta</strong></span> <span class='ocrx_word' id='word_1_681' title='bbox 2539 3343 2762 3399; x_wconf 92' lang='lat' dir='ltr'><strong>missum</strong></span> <span class='ocrx_word' id='word_1_682' title='bbox 2820 3360 2849 3399; x_wconf 92' lang='lat' dir='ltr'><strong>a</strong></span> <span class='ocrx_word' id='word_1_683' title='bbox 2899 3346 3057 3402; x_wconf 87' lang='lat' dir='ltr'><strong>Petro</strong></span> <span class='ocrx_word' id='word_1_684' title='bbox 3105 3348 3355 3412; x_wconf 89' lang='lat' dir='ltr'><strong>doceant,</strong></span> <span class='ocrx_word' id='word_1_685' title='bbox 3389 3355 3445 3401; x_wconf 88' lang='lat' dir='ltr'><strong>et</strong></span> <span class='ocrx_word' id='word_1_686' title='bbox 3493 3348 3546 3402; x_wconf 90' lang='lat' dir='ltr'><strong>in</strong></span> 
     </span>
    </p>
   </div>
   <div class='ocr_carea' id='block_1_92' title="bbox 1963 3437 3544 3509">
    <p class='ocr_par' dir='ltr' id='par_1_92' title="bbox 1963 3437 3544 3509">
     <span class='ocr_line' id='line_1_92' title="bbox 1963 3437 3544 3509; baseline 0.001 -17"><span class='ocrx_word' id='word_1_687' title='bbox 1963 3437 2202 3492; x_wconf 88' lang='lat' dir='ltr'><strong>Elusana</strong></span> <span class='ocrx_word' id='word_1_688' title='bbox 2254 3439 2392 3491; x_wconf 86' lang='lat' dir='ltr'><strong>urbe</strong></span> <span class='ocrx_word' id='word_1_689' title='bbox 2419 3437 2925 3508; x_wconf 83' lang='lat' dir='ltr'><strong>Novempopulaniae</strong></span> <span class='ocrx_word' id='word_1_690' title='bbox 2959 3439 3166 3494; x_wconf 89' lang='lat' dir='ltr'><strong>scilicet</strong></span> <span class='ocrx_word' id='word_1_691' title='bbox 3207 3440 3497 3509; x_wconf 89' lang='lat' dir='ltr'><strong>metropoli</strong></span> <span class='ocrx_word' id='word_1_692' title='bbox 3527 3482 3544 3505; x_wconf 90' lang='lat'><strong>,</strong></span> 
     </span>
    </p>
   </div>
   <div class='ocr_carea' id='block_1_93' title="bbox 1963 3528 3545 3600">
    <p class='ocr_par' dir='ltr' id='par_1_93' title="bbox 1963 3528 3545 3600">
     <span class='ocr_line' id='line_1_93' title="bbox 1963 3528 3545 3600; baseline 0.002 -19"><span class='ocrx_word' id='word_1_693' title='bbox 1963 3528 2159 3582; x_wconf 86' lang='lat' dir='ltr'><strong>deinde</strong></span> <span class='ocrx_word' id='word_1_694' title='bbox 2182 3529 2534 3598; x_wconf 87' lang='lat' dir='ltr'><strong>Pompelone,</strong></span> <span class='ocrx_word' id='word_1_695' title='bbox 2556 3541 2612 3585; x_wconf 90' lang='lat' dir='ltr'><strong>et</strong></span> <span class='ocrx_word' id='word_1_696' title='bbox 2641 3535 2694 3584; x_wconf 93' lang='lat' dir='ltr'><strong>in</strong></span> <span class='ocrx_word' id='word_1_697' title='bbox 2722 3531 2844 3585; x_wconf 80' lang='lat' dir='ltr'><strong>aliis</strong></span> <span class='ocrx_word' id='word_1_698' title='bbox 2873 3531 3251 3599; x_wconf 84' lang='lat' dir='ltr'><strong>Hispaniarum</strong></span> <span class='ocrx_word' id='word_1_699' title='bbox 3289 3531 3545 3600; x_wconf 84' lang='lat' dir='ltr'><strong>gentibus</strong></span> 
     </span>
    </p>
   </div>
   <div class='ocr_carea' id='block_1_94' title="bbox 1963 3619 3548 3693">
    <p class='ocr_par' dir='ltr' id='par_1_94' title="bbox 1963 3619 3548 3693">
     <span class='ocr_line' id='line_1_94' title="bbox 1963 3619 3548 3693; baseline 0.004 -21"><span class='ocrx_word' id='word_1_700' title='bbox 1963 3619 2235 3676; x_wconf 86' lang='lat' dir='ltr'><strong>Ecclesias</strong></span> <span class='ocrx_word' id='word_1_701' title='bbox 2269 3624 2660 3686; x_wconf 78' lang='lat' dir='ltr'><strong>constituisse;</strong></span> <span class='ocrx_word' id='word_1_702' title='bbox 2694 3633 2753 3677; x_wconf 94' lang='lat' dir='ltr'><strong>ut</strong></span> <span class='ocrx_word' id='word_1_703' title='bbox 2796 3639 2862 3677; x_wconf 82' lang='lat' dir='ltr'><strong>ex</strong></span> <span class='ocrx_word' id='word_1_704' title='bbox 2915 3624 3029 3678; x_wconf 91' lang='lat' dir='ltr'><strong>suis</strong></span> <span class='ocrx_word' id='word_1_705' title='bbox 3075 3638 3292 3693; x_wconf 89' lang='lat' dir='ltr'><strong>quoque</strong></span> <span class='ocrx_word' id='word_1_706' title='bbox 3350 3623 3548 3678; x_wconf 87' lang='lat' dir='ltr'><strong>tabulis</strong></span> 
     </span>
    </p>
   </div>
   <div class='ocr_carea' id='block_1_95' title="bbox 1962 3710 3548 3782">
    <p class='ocr_par' dir='ltr' id='par_1_95' title="bbox 1962 3710 3548 3782">
     <span class='ocr_line' id='line_1_95' title="bbox 1962 3710 3548 3782; baseline 0.001 -16"><span class='ocrx_word' id='word_1_707' title='bbox 1962 3710 2202 3767; x_wconf 77' lang='lat' dir='ltr'><strong>fatentur</strong></span> <span class='ocrx_word' id='word_1_708' title='bbox 2232 3723 2485 3768; x_wconf 89' lang='lat' dir='ltr'><strong>auctores</strong></span> <span class='ocrx_word' id='word_1_709' title='bbox 2518 3712 2761 3782; x_wconf 83' lang='lat' dir='ltr'><strong>Hispani.</strong></span> <span class='ocrx_word' id='word_1_710' title='bbox 2811 3714 2917 3768; x_wconf 91' lang='lat' dir='ltr'><strong>Sed</strong></span> <span class='ocrx_word' id='word_1_711' title='bbox 2961 3713 3132 3770; x_wconf 86' lang='lat' dir='ltr'><strong>satius</strong></span> <span class='ocrx_word' id='word_1_712' title='bbox 3183 3723 3287 3776; x_wconf 88' lang='lat' dir='ltr'><strong>est,</strong></span> <span class='ocrx_word' id='word_1_713' title='bbox 3321 3722 3380 3766; x_wconf 92' lang='lat' dir='ltr'><strong>ut</strong></span> <span class='ocrx_word' id='word_1_714' title='bbox 3435 3713 3548 3768; x_wconf 61' lang='lat' dir='ltr'><strong>ha:-</strong></span> 
     </span>
    </p>
   </div>
   <div class='ocr_carea' id='block_1_96' title="bbox 1963 3805 3546 3874">
    <p class='ocr_par' dir='ltr' id='par_1_96' title="bbox 1963 3805 3546 3874">
     <span class='ocr_line' id='line_1_96' title="bbox 1963 3805 3546 3874; baseline -0.001 -16"><span class='ocrx_word' id='word_1_715' title='bbox 1963 3819 2181 3858; x_wconf 89' lang='lat' dir='ltr'><strong>reamus</strong></span> <span class='ocrx_word' id='word_1_716' title='bbox 2209 3805 2396 3860; x_wconf 71' lang='lat' dir='ltr'><strong>relata:</strong></span> <span class='ocrx_word' id='word_1_717' title='bbox 2435 3819 2464 3858; x_wconf 87' lang='lat' dir='ltr'><strong>a</strong></span> <span class='ocrx_word' id='word_1_718' title='bbox 2519 3805 2782 3874; x_wconf 87' lang='lat' dir='ltr'><strong>Gregorio</strong></span> <span class='ocrx_word' id='word_1_719' title='bbox 2817 3806 3118 3868; x_wconf 88' lang='lat' dir='ltr'><strong>traditioni,</strong></span> <span class='ocrx_word' id='word_1_720' title='bbox 3151 3805 3362 3859; x_wconf 88' lang='lat' dir='ltr'><strong>scilicet</strong></span> <span class='ocrx_word' id='word_1_721' title='bbox 3385 3820 3416 3859; x_wconf 88' lang='lat' dir='ltr'><strong>a</strong></span> <span class='ocrx_word' id='word_1_722' title='bbox 3463 3806 3546 3858; x_wconf 88' lang='lat' dir='ltr'><strong>di-</strong></span> 
     </span>
    </p>
   </div>
   <div class='ocr_carea' id='block_1_97' title="bbox 1963 3894 3542 3963">
    <p class='ocr_par' dir='ltr' id='par_1_97' title="bbox 1963 3894 3542 3963">
     <span class='ocr_line' id='line_1_97' title="bbox 1963 3894 3542 3963; baseline 0 -15"><span class='ocrx_word' id='word_1_723' title='bbox 1963 3895 2184 3963; x_wconf 87' lang='lat' dir='ltr'><strong>scipulis</strong></span> <span class='ocrx_word' id='word_1_724' title='bbox 2209 3895 2576 3963; x_wconf 86' lang='lat' dir='ltr'><strong>apostolorum</strong></span> <span class='ocrx_word' id='word_1_725' title='bbox 2615 3895 2946 3960; x_wconf 88' lang='lat' dir='ltr'><strong>ordinatum,</strong></span> <span class='ocrx_word' id='word_1_726' title='bbox 2981 3895 3030 3949; x_wconf 89' lang='lat' dir='ltr'><strong>id</strong></span> <span class='ocrx_word' id='word_1_727' title='bbox 3065 3905 3152 3950; x_wconf 89' lang='lat' dir='ltr'><strong>est</strong></span> <span class='ocrx_word' id='word_1_728' title='bbox 3181 3911 3210 3947; x_wconf 92' lang='lat' dir='ltr'><strong>a</strong></span> <span class='ocrx_word' id='word_1_729' title='bbox 3241 3894 3542 3960; x_wconf 84' lang='lat' dir='ltr'><strong>Clemente,</strong></span> 
     </span>
    </p>
   </div>
   <div class='ocr_carea' id='block_1_98' title="bbox 1958 3984 2517 4053">
    <p class='ocr_par' dir='ltr' id='par_1_98' title="bbox 1958 3984 2517 4053">
     <span class='ocr_line' id='line_1_98' title="bbox 1958 3984 2517 4053; baseline 0.005 -14"><span class='ocrx_word' id='word_1_730' title='bbox 1958 3986 2111 4053; x_wconf 76' lang='lat' dir='ltr'><strong>juxta</strong></span> <span class='ocrx_word' id='word_1_731' title='bbox 2136 3984 2517 4042; x_wconf 85' lang='lat' dir='ltr'><strong>Fortunatum.</strong></span> 
     </span>
    </p>
   </div>
   <div class='ocr_carea' id='block_1_99' title="bbox 2034 4076 3542 4146">
    <p class='ocr_par' dir='ltr' id='par_1_99' title="bbox 2034 4076 3542 4146">
     <span class='ocr_line' id='line_1_99' title="bbox 2034 4076 3542 4146; baseline 0.003 -17"><span class='ocrx_word' id='word_1_732' title='bbox 2034 4076 2232 4130; x_wconf 87' lang='lat' dir='ltr'><strong>Eadem</strong></span> <span class='ocrx_word' id='word_1_733' title='bbox 2254 4076 2544 4146; x_wconf 79' lang='lat' dir='ltr'><strong>explicatio</strong></span> <span class='ocrx_word' id='word_1_734' title='bbox 2587 4077 2888 4133; x_wconf 84' lang='lat' dir='ltr'><strong>adhibenda</strong></span> <span class='ocrx_word' id='word_1_735' title='bbox 2921 4086 3004 4132; x_wconf 89' lang='lat' dir='ltr'><strong>est</strong></span> <span class='ocrx_word' id='word_1_736' title='bbox 3037 4077 3193 4131; x_wconf 90' lang='lat' dir='ltr'><strong>alteri</strong></span> <span class='ocrx_word' id='word_1_737' title='bbox 3223 4077 3363 4141; x_wconf 92' lang='lat' dir='ltr'><strong>loco,</strong></span> <span class='ocrx_word' id='word_1_738' title='bbox 3399 4093 3449 4133; x_wconf 94' lang='lat' dir='ltr'><strong>c.</strong></span> <span class='ocrx_word' id='word_1_739' title='bbox 3485 4080 3542 4144; x_wconf 82' lang='lat'><strong>8,</strong></span> 
     </span>
    </p>
   </div>
   <div class='ocr_carea' id='block_1_100' title="bbox 1964 4171 3546 4242">
    <p class='ocr_par' dir='ltr' id='par_1_100' title="bbox 1964 4171 3546 4242">
     <span class='ocr_line' id='line_1_100' title="bbox 1964 4171 3546 4242; baseline 0.004 -18"><span class='ocrx_word' id='word_1_740' title='bbox 1964 4171 2040 4225; x_wconf 82' lang='lat' dir='ltr'><strong>De</strong></span> <span class='ocrx_word' id='word_1_741' title='bbox 2064 4172 2232 4242; x_wconf 84' lang='lat' dir='ltr'><strong>gloria</strong></span> <span class='ocrx_word' id='word_1_742' title='bbox 2261 4173 2653 4242; x_wconf 76' lang='lat' dir='ltr'><strong>Confessorum,</strong></span> <span class='ocrx_word' id='word_1_743' title='bbox 2683 4175 2770 4228; x_wconf 89' lang='lat' dir='ltr'><strong>ubi</strong></span> <span class='ocrx_word' id='word_1_744' title='bbox 2801 4175 2965 4228; x_wconf 88' lang='lat' dir='ltr'><strong>tradit</strong></span> <span class='ocrx_word' id='word_1_745' title='bbox 2995 4175 3250 4230; x_wconf 65' lang='lat' dir='ltr'><strong>Biturica;</strong></span> <span class='ocrx_word' id='word_1_746' title='bbox 3276 4177 3392 4230; x_wconf 90' lang='lat' dir='ltr'><strong>urhi</strong></span> <span class='ocrx_word' id='word_1_747' title='bbox 3422 4191 3546 4230; x_wconf 88' lang='lat' dir='ltr'><strong>ver-</strong></span> 
     </span>
    </p>
   </div>
   <div class='ocr_carea' id='block_1_101' title="bbox 1963 4263 3545 4334">
    <p class='ocr_par' dir='ltr' id='par_1_101' title="bbox 1963 4263 3545 4334">
     <span class='ocr_line' id='line_1_101' title="bbox 1963 4263 3545 4334; baseline 0.002 -20"><span class='ocrx_word' id='word_1_748' title='bbox 1963 4264 2113 4328; x_wconf 76' lang='lat' dir='ltr'><strong>bum</strong></span> <span class='ocrx_word' id='word_1_749' title='bbox 2143 4263 2334 4317; x_wconf 88' lang='lat' dir='ltr'><strong>salutis</strong></span> <span class='ocrx_word' id='word_1_750' title='bbox 2366 4265 2692 4334; x_wconf 65' lang='lat' dir='ltr'><strong>praedicasse</strong></span> <span class='ocrx_word' id='word_1_751' title='bbox 2735 4263 2988 4320; x_wconf 89' lang='lat' dir='ltr'><strong>Ursinum</strong></span> <span class='ocrx_word' id='word_1_752' title='bbox 3031 4265 3372 4333; x_wconf 89' lang='lat' dir='ltr'><strong>episc0pum,</strong></span> <span class='ocrx_word' id='word_1_753' title='bbox 3399 4265 3545 4334; x_wconf 87' lang='lat' dir='ltr'><strong>quia</strong></span> 
     </span>
    </p>
   </div>
   <div class='ocr_carea' id='block_1_102' title="bbox 1963 4352 3542 4421">
    <p class='ocr_par' dir='ltr' id='par_1_102' title="bbox 1963 4352 3542 4421">
     <span class='ocr_line' id='line_1_102' title="bbox 1963 4352 3542 4421; baseline 0.001 -17"><span class='ocrx_word' id='word_1_754' title='bbox 1963 4352 2234 4421; x_wconf 76' lang='lat' dir='ltr'><strong>discipulis</strong></span> <span class='ocrx_word' id='word_1_755' title='bbox 2269 4353 2630 4421; x_wconf 84' lang='lat' dir='ltr'><strong>apostolorum</strong></span> <span class='ocrx_word' id='word_1_756' title='bbox 2680 4355 2736 4408; x_wconf 88' lang='lat' dir='ltr'><strong>in</strong></span> <span class='ocrx_word' id='word_1_757' title='bbox 2786 4352 2992 4409; x_wconf 84' lang='lat' dir='ltr'><strong>Gallias</strong></span> <span class='ocrx_word' id='word_1_758' title='bbox 3022 4355 3316 4407; x_wconf 84' lang='lat' dir='ltr'><strong>destinatus</strong></span> <span class='ocrx_word' id='word_1_759' title='bbox 3347 4354 3542 4421; x_wconf 74' lang='lat' dir='ltr'><strong>fuerat,</strong></span> 
     </span>
    </p>
   </div>
   <div class='ocr_carea' id='block_1_103' title="bbox 1962 4425 3542 4512">
    <p class='ocr_par' dir='ltr' id='par_1_103' title="bbox 1962 4425 3542 4512">
     <span class='ocr_line' id='line_1_103' title="bbox 1962 4425 3542 4512; baseline -0.003 -16"><span class='ocrx_word' id='word_1_760' title='bbox 1962 4425 2176 4498; x_wconf 81' lang='lat' dir='ltr'><strong>scilicet</strong></span> <span class='ocrx_word' id='word_1_761' title='bbox 2207 4460 2238 4498; x_wconf 87' lang='lat' dir='ltr'><strong>a</strong></span> <span class='ocrx_word' id='word_1_762' title='bbox 2283 4444 2587 4510; x_wconf 87' lang='lat' dir='ltr'><strong>Clemente,</strong></span> <span class='ocrx_word' id='word_1_763' title='bbox 2637 4451 2694 4497; x_wconf 90' lang='lat' dir='ltr'><strong>ut</strong></span> <span class='ocrx_word' id='word_1_764' title='bbox 2720 4443 2838 4512; x_wconf 90' lang='lat' dir='ltr'><strong>ejus</strong></span> <span class='ocrx_word' id='word_1_765' title='bbox 2869 4443 3000 4497; x_wconf 75' lang='lat' dir='ltr'><strong>Vita:</strong></span> <span class='ocrx_word' id='word_1_766' title='bbox 3041 4441 3172 4495; x_wconf 86' lang='lat' dir='ltr'><strong>Acta</strong></span> <span class='ocrx_word' id='word_1_767' title='bbox 3219 4441 3542 4510; x_wconf 87' lang='lat' dir='ltr'><strong>perantiqua</strong></span> 
     </span>
    </p>
   </div>
   <div class='ocr_carea' id='block_1_104' title="bbox 1964 4544 2252 4590">
    <p class='ocr_par' dir='ltr' id='par_1_104' title="bbox 1964 4544 2252 4590">
     <span class='ocr_line' id='line_1_104' title="bbox 1964 4544 2252 4590; baseline 0.003 -1"><span class='ocrx_word' id='word_1_768' title='bbox 1964 4545 2096 4589; x_wconf 91' lang='lat' dir='ltr'><strong>testa</strong></span> <span class='ocrx_word' id='word_1_769' title='bbox 2107 4544 2197 4590; x_wconf 92' lang='lat' dir='ltr'><strong>ntu</strong></span> <span class='ocrx_word' id='word_1_770' title='bbox 2206 4551 2252 4590; x_wconf 80' lang='grc' dir='ltr'><strong>ι’.</strong></span> 
     </span>
    </p>
   </div>
   <div class='ocr_carea' id='block_1_105' title="bbox 2034 4621 3545 4698">
    <p class='ocr_par' dir='ltr' id='par_1_105' title="bbox 2034 4621 3545 4698">
     <span class='ocr_line' id='line_1_105' title="bbox 2034 4621 3545 4698; baseline -0.004 -16"><span class='ocrx_word' id='word_1_771' title='bbox 2034 4625 2312 4696; x_wconf 89' lang='lat' dir='ltr'><strong>Speciales</strong></span> <span class='ocrx_word' id='word_1_772' title='bbox 2337 4642 2476 4698; x_wconf 85' lang='lat' dir='ltr'><strong>quas</strong></span> <span class='ocrx_word' id='word_1_773' title='bbox 2521 4625 2867 4681; x_wconf 85' lang='lat' dir='ltr'><strong>adhibuimus</strong></span> <span class='ocrx_word' id='word_1_774' title='bbox 2909 4625 3257 4694; x_wconf 83' lang='lat' dir='ltr'><strong>probationes</strong></span> <span class='ocrx_word' id='word_1_775' title='bbox 3290 4639 3390 4693; x_wconf 92' lang='lat' dir='ltr'><strong>pro</strong></span> <span class='ocrx_word' id='word_1_776' title='bbox 3439 4621 3545 4677; x_wconf 83' lang='lat' dir='ltr'><strong>ful-</strong></span> 
     </span>
    </p>
   </div>
   <div class='ocr_carea' id='block_1_106' title="bbox 1962 4718 3544 4789">
    <p class='ocr_par' dir='ltr' id='par_1_106' title="bbox 1962 4718 3544 4789">
     <span class='ocr_line' id='line_1_106' title="bbox 1962 4718 3544 4789; baseline -0.001 -15"><span class='ocrx_word' id='word_1_777' title='bbox 1962 4719 2154 4774; x_wconf 86' lang='lat' dir='ltr'><strong>cienda</strong></span> <span class='ocrx_word' id='word_1_778' title='bbox 2193 4722 2364 4775; x_wconf 91' lang='lat' dir='ltr'><strong>veteri</strong></span> <span class='ocrx_word' id='word_1_779' title='bbox 2419 4721 2622 4789; x_wconf 86' lang='lat' dir='ltr'><strong>epocha</strong></span> <span class='ocrx_word' id='word_1_780' title='bbox 2657 4720 2895 4789; x_wconf 90' lang='lat' dir='ltr'><strong>quinque</strong></span> <span class='ocrx_word' id='word_1_781' title='bbox 2936 4721 3274 4788; x_wconf 88' lang='lat' dir='ltr'><strong>pontificum,</strong></span> <span class='ocrx_word' id='word_1_782' title='bbox 3308 4718 3544 4787; x_wconf 87' lang='lat' dir='ltr'><strong>Trophi-</strong></span> 
     </span>
    </p>
   </div>
   <div class='ocr_carea' id='block_1_107' title="bbox 1962 4809 3540 4882">
    <p class='ocr_par' dir='ltr' id='par_1_107' title="bbox 1962 4809 3540 4882">
     <span class='ocr_line' id='line_1_107' title="bbox 1962 4809 3540 4882; baseline 0 -18"><span class='ocrx_word' id='word_1_783' title='bbox 1962 4810 2057 4876; x_wconf 91' lang='lat' dir='ltr'><strong>mi,</strong></span> <span class='ocrx_word' id='word_1_784' title='bbox 2088 4810 2263 4875; x_wconf 87' lang='lat' dir='ltr'><strong>Pauli,</strong></span> <span class='ocrx_word' id='word_1_785' title='bbox 2293 4810 2574 4874; x_wconf 78' lang='lat' dir='ltr'><strong>Martialis,</strong></span> <span class='ocrx_word' id='word_1_786' title='bbox 2602 4809 3187 4882; x_wconf 85' lang='lat' dir='ltr'><strong>Dionysii,Saturnini,</strong></span> <span class='ocrx_word' id='word_1_787' title='bbox 3217 4812 3540 4880; x_wconf 90' lang='lat' dir='ltr'><strong>quibuscum</strong></span> 
     </span>
    </p>
   </div>
   <div class='ocr_carea' id='block_1_108' title="bbox 1959 4899 3539 4969">
    <p class='ocr_par' dir='ltr' id='par_1_108' title="bbox 1959 4899 3539 4969">
     <span class='ocr_line' id='line_1_108' title="bbox 1959 4899 3539 4969; baseline 0.001 -16"><span class='ocrx_word' id='word_1_788' title='bbox 1959 4915 2060 4968; x_wconf 88' lang='lat' dir='ltr'><strong>par</strong></span> <span class='ocrx_word' id='word_1_789' title='bbox 2121 4908 2408 4955; x_wconf 79' lang='lat' dir='ltr'><strong>estcausa</strong></span> <span class='ocrx_word' id='word_1_790' title='bbox 2456 4899 2686 4969; x_wconf 90' lang='lat' dir='ltr'><strong>plurium</strong></span> <span class='ocrx_word' id='word_1_791' title='bbox 2738 4900 2964 4956; x_wconf 88' lang='lat' dir='ltr'><strong>aliorum</strong></span> <span class='ocrx_word' id='word_1_792' title='bbox 3021 4901 3109 4969; x_wconf 88' lang='lat' dir='ltr'><strong>qui</strong></span> <span class='ocrx_word' id='word_1_793' title='bbox 3169 4901 3442 4956; x_wconf 87' lang='lat' dir='ltr'><strong>Ecclesias</strong></span> <span class='ocrx_word' id='word_1_794' title='bbox 3488 4903 3539 4956; x_wconf 91' lang='lat' dir='ltr'><strong>in</strong></span> 
     </span>
    </p>
   </div>
   <div class='ocr_carea' id='block_1_109' title="bbox 1965 4992 3543 5064">
    <p class='ocr_par' dir='ltr' id='par_1_109' title="bbox 1965 4992 3543 5064">
     <span class='ocr_line' id='line_1_109' title="bbox 1965 4992 3543 5064; baseline 0.001 -16"><span class='ocrx_word' id='word_1_795' title='bbox 1965 4992 2154 5048; x_wconf 85' lang='lat' dir='ltr'><strong>Galliis</strong></span> <span class='ocrx_word' id='word_1_796' title='bbox 2178 4994 2563 5057; x_wconf 84' lang='lat' dir='ltr'><strong>fundaverunt,</strong></span> <span class='ocrx_word' id='word_1_797' title='bbox 2604 4995 2887 5064; x_wconf 86' lang='lat' dir='ltr'><strong>generales</strong></span> <span class='ocrx_word' id='word_1_798' title='bbox 2927 4997 3270 5062; x_wconf 81' lang='lat' dir='ltr'><strong>probationes</strong></span> <span class='ocrx_word' id='word_1_799' title='bbox 3314 5012 3380 5050; x_wconf 79' lang='lat' dir='ltr'><strong>ex</strong></span> <span class='ocrx_word' id='word_1_800' title='bbox 3430 4996 3543 5050; x_wconf 89' lang='lat' dir='ltr'><strong>fre-</strong></span> 
     </span>
    </p>
   </div>
   <div class='ocr_carea' id='block_1_110' title="bbox 1964 5071 3543 5153">
    <p class='ocr_par' dir='ltr' id='par_1_110' title="bbox 1964 5071 3543 5153">
     <span class='ocr_line' id='line_1_110' title="bbox 1964 5071 3543 5153; baseline 0 -13"><span class='ocrx_word' id='word_1_801' title='bbox 1964 5101 2101 5151; x_wconf 73' lang='lat' dir='ltr'><strong>meo,</strong></span> <span class='ocrx_word' id='word_1_802' title='bbox 2152 5085 2483 5140; x_wconf 88' lang='lat' dir='ltr'><strong>Tertulliano</strong></span> <span class='ocrx_word' id='word_1_803' title='bbox 2513 5096 2566 5139; x_wconf 88' lang='lat' dir='ltr'><strong>et</strong></span> <span class='ocrx_word' id='word_1_804' title='bbox 2596 5087 2849 5153; x_wconf 89' lang='lat' dir='ltr'><strong>Eusebio,</strong></span> <span class='ocrx_word' id='word_1_805' title='bbox 2878 5087 2944 5140; x_wconf 84' lang='lat' dir='ltr'><strong>de</strong></span> <span class='ocrx_word' id='word_1_806' title='bbox 2968 5087 3236 5141; x_wconf 82' lang='lat' dir='ltr'><strong>vetustate</strong></span> <span class='ocrx_word' id='word_1_807' title='bbox 3273 5071 3543 5142; x_wconf 78' lang='lat' dir='ltr'><strong>Ecclesia-</strong></span> 
     </span>
    </p>
   </div>
   <div class='ocr_carea' id='block_1_111' title="bbox 1963 5180 3540 5250">
    <p class='ocr_par' dir='ltr' id='par_1_111' title="bbox 1963 5180 3540 5250">
     <span class='ocr_line' id='line_1_111' title="bbox 1963 5180 3540 5250; baseline -0.001 -15"><span class='ocrx_word' id='word_1_808' title='bbox 1963 5196 2102 5244; x_wconf 90' lang='lat' dir='ltr'><strong>rum,</strong></span> <span class='ocrx_word' id='word_1_809' title='bbox 2136 5192 2192 5234; x_wconf 89' lang='lat' dir='ltr'><strong>ut</strong></span> <span class='ocrx_word' id='word_1_810' title='bbox 2215 5180 2423 5250; x_wconf 87' lang='lat' dir='ltr'><strong>juvant,</strong></span> <span class='ocrx_word' id='word_1_811' title='bbox 2448 5180 2527 5234; x_wconf 88' lang='lat' dir='ltr'><strong>sic</strong></span> <span class='ocrx_word' id='word_1_812' title='bbox 2573 5189 2819 5233; x_wconf 90' lang='lat' dir='ltr'><strong>mutuum</strong></span> <span class='ocrx_word' id='word_1_813' title='bbox 2843 5195 3060 5249; x_wconf 83' lang='lat' dir='ltr'><strong>quoque</strong></span> <span class='ocrx_word' id='word_1_814' title='bbox 3095 5196 3162 5235; x_wconf 83' lang='lat' dir='ltr'><strong>ex</strong></span> <span class='ocrx_word' id='word_1_815' title='bbox 3207 5181 3314 5235; x_wconf 91' lang='lat' dir='ltr'><strong>illis</strong></span> <span class='ocrx_word' id='word_1_816' title='bbox 3358 5181 3540 5235; x_wconf 87' lang='lat' dir='ltr'><strong>subsi-</strong></span> 
     </span>
    </p>
   </div>
   <div class='ocr_carea' id='block_1_112' title="bbox 1961 5271 3541 5342">
    <p class='ocr_par' dir='ltr' id='par_1_112' title="bbox 1961 5271 3541 5342">
     <span class='ocr_line' id='line_1_112' title="bbox 1961 5271 3541 5342; baseline 0.002 -18"><span class='ocrx_word' id='word_1_817' title='bbox 1961 5272 2105 5324; x_wconf 90' lang='lat' dir='ltr'><strong>dium</strong></span> <span class='ocrx_word' id='word_1_818' title='bbox 2128 5271 2367 5339; x_wconf 90' lang='lat' dir='ltr'><strong>capiunt.</strong></span> <span class='ocrx_word' id='word_1_819' title='bbox 2403 5272 2517 5338; x_wconf 80' lang='lat' dir='ltr'><strong>Qua</strong></span> <span class='ocrx_word' id='word_1_820' title='bbox 2550 5272 2617 5326; x_wconf 90' lang='lat' dir='ltr'><strong>de</strong></span> <span class='ocrx_word' id='word_1_821' title='bbox 2650 5287 2709 5326; x_wconf 88' lang='lat' dir='ltr'><strong>re</strong></span> <span class='ocrx_word' id='word_1_822' title='bbox 2749 5272 3035 5340; x_wconf 88' lang='lat' dir='ltr'><strong>diligenter</strong></span> <span class='ocrx_word' id='word_1_823' title='bbox 3087 5274 3345 5328; x_wconf 86' lang='lat' dir='ltr'><strong>disseruit</strong></span> <span class='ocrx_word' id='word_1_824' title='bbox 3399 5272 3541 5342; x_wconf 87' lang='lat' dir='ltr'><strong>juris</strong></span> 
     </span>
    </p>
   </div>
   <div class='ocr_carea' id='block_1_113' title="bbox 1959 5363 3540 5434">
    <p class='ocr_par' dir='ltr' id='par_1_113' title="bbox 1959 5363 3540 5434">
     <span class='ocr_line' id='line_1_113' title="bbox 1959 5363 3540 5434; baseline 0.003 -18"><span class='ocrx_word' id='word_1_825' title='bbox 1959 5364 2244 5434; x_wconf 86' lang='lat' dir='ltr'><strong>utriusque</strong></span> <span class='ocrx_word' id='word_1_826' title='bbox 2274 5363 2661 5418; x_wconf 87' lang='lat' dir='ltr'><strong>celeberrimus</strong></span> <span class='ocrx_word' id='word_1_827' title='bbox 2695 5375 3010 5419; x_wconf 89' lang='lat' dir='ltr'><strong>autecessor</strong></span> <span class='ocrx_word' id='word_1_828' title='bbox 3034 5365 3085 5419; x_wconf 90' lang='lat' dir='ltr'><strong>in</strong></span> <span class='ocrx_word' id='word_1_829' title='bbox 3111 5365 3402 5421; x_wconf 87' lang='lat' dir='ltr'><strong>Academia</strong></span> <span class='ocrx_word' id='word_1_830' title='bbox 3429 5363 3540 5420; x_wconf 83' lang='lat' dir='ltr'><strong>To-</strong></span> 
     </span>
    </p>
   </div>
   <div class='ocr_carea' id='block_1_114' title="bbox 1959 5455 3540 5526">
    <p class='ocr_par' dir='ltr' id='par_1_114' title="bbox 1959 5455 3540 5526">
     <span class='ocr_line' id='line_1_114' title="bbox 1959 5455 3540 5526; baseline 0.001 -17"><span class='ocrx_word' id='word_1_831' title='bbox 1959 5455 2144 5511; x_wconf 86' lang='lat' dir='ltr'><strong>losana</strong></span> <span class='ocrx_word' id='word_1_832' title='bbox 2179 5458 2445 5511; x_wconf 76' lang='lat' dir='ltr'><strong>Antonius</strong></span> <span class='ocrx_word' id='word_1_833' title='bbox 2493 5455 2731 5511; x_wconf 89' lang='lat' dir='ltr'><strong>Dadinus</strong></span> <span class='ocrx_word' id='word_1_834' title='bbox 2763 5457 3065 5526; x_wconf 88' lang='lat' dir='ltr'><strong>Alteserra,</strong></span> <span class='ocrx_word' id='word_1_835' title='bbox 3102 5458 3197 5513; x_wconf 90' lang='lat' dir='ltr'><strong>lib.</strong></span> <span class='ocrx_word' id='word_1_836' title='bbox 3229 5471 3284 5511; x_wconf 88' lang='lat' dir='ltr'><strong>tv</strong></span> <span class='ocrx_word' id='word_1_837' title='bbox 3342 5455 3540 5511; x_wconf 84' lang='lat' dir='ltr'><strong>Rerum</strong></span> 
     </span>
    </p>
   </div>
   <div class='ocr_carea' id='block_1_115' title="bbox 1960 5549 2574 5620">
    <p class='ocr_par' dir='ltr' id='par_1_115' title="bbox 1960 5549 2574 5620">
     <span class='ocr_line' id='line_1_115' title="bbox 1960 5549 2574 5620; baseline 0.002 -17"><span class='ocrx_word' id='word_1_838' title='bbox 1960 5551 2416 5620; x_wconf 81' lang='lat' dir='ltr'><strong>Aquitanicarum,</strong></span> <span class='ocrx_word' id='word_1_839' title='bbox 2445 5564 2494 5603; x_wconf 90' lang='lat' dir='ltr'><strong>c.</strong></span> <span class='ocrx_word' id='word_1_840' title='bbox 2520 5549 2574 5604; x_wconf 88' lang='lat'><strong>9.</strong></span> 
     </span>
    </p>
   </div>
   <div class='ocr_carea' id='block_1_116' title="bbox 2031 5645 3541 5713">
    <p class='ocr_par' dir='ltr' id='par_1_116' title="bbox 2031 5645 3541 5713">
     <span class='ocr_line' id='line_1_116' title="bbox 2031 5645 3541 5713; baseline 0.002 -15"><span class='ocrx_word' id='word_1_841' title='bbox 2031 5645 2183 5713; x_wconf 88' lang='lat' dir='ltr'><strong>Quod</strong></span> <span class='ocrx_word' id='word_1_842' title='bbox 2235 5655 2415 5702; x_wconf 91' lang='lat' dir='ltr'><strong>autem</strong></span> <span class='ocrx_word' id='word_1_843' title='bbox 2481 5647 2675 5701; x_wconf 90' lang='lat' dir='ltr'><strong>attinet</strong></span> <span class='ocrx_word' id='word_1_844' title='bbox 2733 5647 2798 5700; x_wconf 91' lang='lat' dir='ltr'><strong>ad</strong></span> <span class='ocrx_word' id='word_1_845' title='bbox 2848 5647 3141 5703; x_wconf 86' lang='lat' dir='ltr'><strong>Gatianum</strong></span> <span class='ocrx_word' id='word_1_846' title='bbox 3200 5645 3541 5702; x_wconf 66' lang='lat' dir='ltr'><strong>Turonensm</strong></span> 
     </span>
    </p>
   </div>
   <div class='ocr_carea' id='block_1_117' title="bbox 1960 5737 3539 5809">
    <p class='ocr_par' dir='ltr' id='par_1_117' title="bbox 1960 5737 3539 5809">
     <span class='ocr_line' id='line_1_117' title="bbox 1960 5737 3539 5809; baseline -0.001 -16"><span class='ocrx_word' id='word_1_847' title='bbox 1960 5737 2217 5796; x_wconf 77' lang='lat' dir='ltr'><strong>Ecclesia:</strong></span> <span class='ocrx_word' id='word_1_848' title='bbox 2263 5739 2597 5809; x_wconf 87' lang='lat' dir='ltr'><strong>episcopum,</strong></span> <span class='ocrx_word' id='word_1_849' title='bbox 2625 5755 2746 5794; x_wconf 92' lang='lat' dir='ltr'><strong>cum</strong></span> <span class='ocrx_word' id='word_1_850' title='bbox 2772 5739 2887 5808; x_wconf 80' lang='lat' dir='ltr'><strong>ejus</strong></span> <span class='ocrx_word' id='word_1_851' title='bbox 2913 5753 3194 5795; x_wconf 88' lang='lat' dir='ltr'><strong>successor</strong></span> <span class='ocrx_word' id='word_1_852' title='bbox 3222 5737 3539 5809; x_wconf 85' lang='lat' dir='ltr'><strong>Gregorius,</strong></span> 
     </span>
    </p>
   </div>
  </div>
