  <div class='ocr_page' id='page_1' title='image "/cluster/home/n/w/nwhite01/storage/ocr_20150623/20/hvd.32044073501181/035.png"; bbox 0 0 4054 6456; ppageno 0'>
   <div class='ocr_carea' id='block_1_1' title="bbox 491 284 2065 371">
    <p class='ocr_par' dir='ltr' id='par_1_1' title="bbox 491 284 2065 346">
     <span class='ocr_line' id='line_1_1' title="bbox 491 284 2065 346; baseline 0.003 -6"><span class='ocrx_word' id='word_1_1' title='bbox 491 284 561 340; x_wconf 67' lang='grc'><strong>45</strong></span> <span class='ocrx_word' id='word_1_2' title='bbox 1752 287 2021 346; x_wconf 78' lang='lat' dir='ltr'><strong>VALESH</strong></span> <span class='ocrx_word' id='word_1_3' title='bbox 2059 290 2065 345; x_wconf 84' lang='lat' dir='ltr'><strong>l</strong></span> 
     </span>
    </p>
   </div>
   <div class='ocr_carea' id='block_1_2' title="bbox 2171 284 3772 371">
    <p class='ocr_par' dir='ltr' id='par_1_2' title="bbox 2171 293 3772 371">
     <span class='ocr_line' id='line_1_2' title="bbox 2171 293 3772 371; baseline 0.016 -24"><span class='ocrx_word' id='word_1_4' title='bbox 2171 293 2446 355; x_wconf 72' lang='lat' dir='ltr'><strong>EFATIO.</strong></span> <span class='ocrx_word' id='word_1_5' title='bbox 3695 312 3772 371; x_wconf 66' lang='grc' dir='ltr'>ιι</span> 
     </span>
    </p>
   </div>
   <div class='ocr_carea' id='block_1_3' title="bbox 490 404 3767 503">
    <p class='ocr_par' dir='ltr' id='par_1_3' title="bbox 490 404 3767 503">
     <span class='ocr_line' id='line_1_3' title="bbox 490 404 3767 503; baseline 0.009 -41"><span class='ocrx_word' id='word_1_6' title='bbox 490 407 576 463; x_wconf 91' lang='lat' dir='ltr'><strong>cui</strong></span> <span class='ocrx_word' id='word_1_7' title='bbox 608 415 1099 503; x_wconf 61' lang='lat' dir='ltr'><strong>perspectaerant</strong></span> <span class='ocrx_word' id='word_1_8' title='bbox 1126 404 1384 503; x_wconf 67' lang='lat' dir='ltr'><strong>Ecclesiae</strong></span> <span class='ocrx_word' id='word_1_9' title='bbox 1417 424 1527 466; x_wconf 61' lang='lat' dir='ltr'><strong>sua</strong></span> <span class='ocrx_word' id='word_1_10' title='bbox 1559 413 1845 481; x_wconf 88' lang='lat' dir='ltr'><strong>tabularia,</strong></span> <span class='ocrx_word' id='word_1_11' title='bbox 1880 418 2070 474; x_wconf 87' lang='lat' dir='ltr'><strong>doceat</strong></span> <span class='ocrx_word' id='word_1_12' title='bbox 2102 422 2148 480; x_wconf 81' lang='grc' dir='ltr'><strong>Α</strong></span> <span class='ocrx_word' id='word_1_13' title='bbox 2178 421 2335 479; x_wconf 86' lang='lat' dir='ltr'><strong>fidem</strong></span> <span class='ocrx_word' id='word_1_14' title='bbox 2397 425 2449 480; x_wconf 92' lang='lat' dir='ltr'><strong>in</strong></span> <span class='ocrx_word' id='word_1_15' title='bbox 2512 442 2574 484; x_wconf 87' lang='lat' dir='ltr'><strong>ea</strong></span> <span class='ocrx_word' id='word_1_16' title='bbox 2633 428 2984 485; x_wconf 84' lang='lat' dir='ltr'><strong>instituerunt</strong></span> <span class='ocrx_word' id='word_1_17' title='bbox 3045 429 3332 502; x_wconf 76' lang='lat' dir='ltr'><strong>Dionysius</strong></span> <span class='ocrx_word' id='word_1_18' title='bbox 3399 431 3727 492; x_wconf 84' lang='lat' dir='ltr'><strong>Parisiensis</strong></span> <span class='ocrx_word' id='word_1_19' title='bbox 3749 480 3767 503; x_wconf 93' lang='lat'><strong>,</strong></span> 
     </span>
    </p>
   </div>
   <div class='ocr_carea' id='block_1_4' title="bbox 489 498 2070 573">
    <p class='ocr_par' dir='ltr' id='par_1_4' title="bbox 489 498 2070 573">
     <span class='ocr_line' id='line_1_4' title="bbox 489 498 2070 573; baseline 0.006 -21"><span class='ocrx_word' id='word_1_20' title='bbox 489 498 768 567; x_wconf 76' lang='lat' dir='ltr'><strong>conceptis</strong></span> <span class='ocrx_word' id='word_1_21' title='bbox 798 498 1001 566; x_wconf 84' lang='lat' dir='ltr'><strong>verbis,</strong></span> <span class='ocrx_word' id='word_1_22' title='bbox 1047 499 1142 555; x_wconf 86' lang='lat' dir='ltr'><strong>lib.</strong></span> <span class='ocrx_word' id='word_1_23' title='bbox 1175 515 1227 554; x_wconf 82' lang='lat' dir='ltr'><strong>tx</strong></span> <span class='ocrx_word' id='word_1_24' title='bbox 1291 501 1432 555; x_wconf 84' lang='lat' dir='ltr'><strong>Hist.</strong></span> <span class='ocrx_word' id='word_1_25' title='bbox 1456 545 1470 568; x_wconf 90' lang='lat'><strong>,</strong></span> <span class='ocrx_word' id='word_1_26' title='bbox 1504 517 1620 573; x_wconf 86' lang='lat' dir='ltr'><strong>cap.</strong></span> <span class='ocrx_word' id='word_1_27' title='bbox 1648 504 1710 559; x_wconf 76' lang='grc'><strong>51</strong></span> <span class='ocrx_word' id='word_1_28' title='bbox 1740 547 1754 568; x_wconf 86' lang='grc'><em>,</em></span> <span class='ocrx_word' id='word_1_29' title='bbox 1783 504 2070 562; x_wconf 86' lang='lat' dir='ltr'><strong>Gatianum</strong></span> 
     </span>
    </p>
   </div>
   <div class='ocr_carea' id='block_1_5' title="bbox 490 591 2072 662">
    <p class='ocr_par' dir='ltr' id='par_1_5' title="bbox 490 591 2072 662">
     <span class='ocr_line' id='line_1_5' title="bbox 490 591 2072 662; baseline 0.006 -15"><span class='ocrx_word' id='word_1_30' title='bbox 490 607 632 648; x_wconf 90' lang='lat' dir='ltr'><strong>anno</strong></span> <span class='ocrx_word' id='word_1_31' title='bbox 657 591 800 646; x_wconf 88' lang='lat' dir='ltr'><strong>Decii</strong></span> <span class='ocrx_word' id='word_1_32' title='bbox 830 593 1005 662; x_wconf 92' lang='lat' dir='ltr'><strong>primo</strong></span> <span class='ocrx_word' id='word_1_33' title='bbox 1041 608 1068 645; x_wconf 90' lang='lat' dir='ltr'><strong>a</strong></span> <span class='ocrx_word' id='word_1_34' title='bbox 1119 607 1258 662; x_wconf 88' lang='lat' dir='ltr'><strong>papa</strong></span> <span class='ocrx_word' id='word_1_35' title='bbox 1299 595 1442 649; x_wconf 84' lang='lat' dir='ltr'><strong>sedis</strong></span> <span class='ocrx_word' id='word_1_36' title='bbox 1487 595 1745 652; x_wconf 81' lang='lat' dir='ltr'><strong>Romanae</strong></span> <span class='ocrx_word' id='word_1_37' title='bbox 1784 602 2072 656; x_wconf 87' lang='lat' dir='ltr'><strong>transmis-</strong></span> 
     </span>
    </p>
   </div>
   <div class='ocr_carea' id='block_1_6' title="bbox 487 683 2074 760">
    <p class='ocr_par' dir='ltr' id='par_1_6' title="bbox 487 683 2074 760">
     <span class='ocr_line' id='line_1_6' title="bbox 487 683 2074 760; baseline 0.004 -20"><span class='ocrx_word' id='word_1_38' title='bbox 487 696 634 750; x_wconf 76' lang='lat' dir='ltr'><strong>Sum,</strong></span> <span class='ocrx_word' id='word_1_39' title='bbox 653 683 852 738; x_wconf 88' lang='lat' dir='ltr'><strong>additis</strong></span> <span class='ocrx_word' id='word_1_40' title='bbox 877 699 1092 754; x_wconf 90' lang='lat' dir='ltr'><strong>quoque</strong></span> <span class='ocrx_word' id='word_1_41' title='bbox 1116 685 1322 755; x_wconf 86' lang='lat' dir='ltr'><strong>aliquot</strong></span> <span class='ocrx_word' id='word_1_42' title='bbox 1356 688 1473 754; x_wconf 86' lang='lat' dir='ltr'><strong>ejus</strong></span> <span class='ocrx_word' id='word_1_43' title='bbox 1499 689 1737 757; x_wconf 87' lang='lat' dir='ltr'><strong>episcopi</strong></span> <span class='ocrx_word' id='word_1_44' title='bbox 1764 692 1951 760; x_wconf 82' lang='lat' dir='ltr'><strong>gestis,</strong></span> <span class='ocrx_word' id='word_1_45' title='bbox 1981 707 2074 747; x_wconf 89' lang='lat' dir='ltr'><strong>ne-</strong></span> 
     </span>
    </p>
   </div>
   <div class='ocr_carea' id='block_1_7' title="bbox 488 777 2074 855">
    <p class='ocr_par' dir='ltr' id='par_1_7' title="bbox 488 777 2074 855">
     <span class='ocr_line' id='line_1_7' title="bbox 488 777 2074 855; baseline 0.008 -27"><span class='ocrx_word' id='word_1_46' title='bbox 488 793 595 849; x_wconf 83' lang='lat' dir='ltr'><strong>que</strong></span> <span class='ocrx_word' id='word_1_47' title='bbox 619 777 726 833; x_wconf 89' lang='lat' dir='ltr'><strong>ulla</strong></span> <span class='ocrx_word' id='word_1_48' title='bbox 774 778 927 833; x_wconf 91' lang='lat' dir='ltr'><strong>nobis</strong></span> <span class='ocrx_word' id='word_1_49' title='bbox 963 779 1181 835; x_wconf 84' lang='lat' dir='ltr'><strong>aliunde</strong></span> <span class='ocrx_word' id='word_1_50' title='bbox 1223 792 1476 851; x_wconf 74' lang='lat' dir='ltr'><strong>suppetat</strong></span> <span class='ocrx_word' id='word_1_51' title='bbox 1504 783 1821 848; x_wconf 89' lang='lat' dir='ltr'><strong>auctoritas,</strong></span> <span class='ocrx_word' id='word_1_52' title='bbox 1853 801 1958 855; x_wconf 90' lang='lat' dir='ltr'><strong>qua</strong></span> <span class='ocrx_word' id='word_1_53' title='bbox 2007 787 2074 840; x_wconf 87' lang='lat' dir='ltr'><strong>il-</strong></span> 
     </span>
    </p>
   </div>
   <div class='ocr_carea' id='block_1_8' title="bbox 488 871 2069 940">
    <p class='ocr_par' dir='ltr' id='par_1_8' title="bbox 488 871 2069 940">
     <span class='ocr_line' id='line_1_8' title="bbox 488 871 2069 940; baseline 0.004 -16"><span class='ocrx_word' id='word_1_54' title='bbox 488 871 598 925; x_wconf 90' lang='lat' dir='ltr'><strong>lum</strong></span> <span class='ocrx_word' id='word_1_55' title='bbox 637 874 703 926; x_wconf 90' lang='lat' dir='ltr'><strong>ad</strong></span> <span class='ocrx_word' id='word_1_56' title='bbox 734 872 1032 927; x_wconf 90' lang='lat' dir='ltr'><strong>vetustiora</strong></span> <span class='ocrx_word' id='word_1_57' title='bbox 1065 881 1306 940; x_wconf 89' lang='lat' dir='ltr'><strong>tempora</strong></span> <span class='ocrx_word' id='word_1_58' title='bbox 1340 889 1692 940; x_wconf 85' lang='lat' dir='ltr'><strong>revocemus,</strong></span> <span class='ocrx_word' id='word_1_59' title='bbox 1721 879 2069 932; x_wconf 90' lang='lat' dir='ltr'><strong>temerarium</strong></span> 
     </span>
    </p>
   </div>
   <div class='ocr_carea' id='block_1_9' title="bbox 487 964 2073 1038">
    <p class='ocr_par' dir='ltr' id='par_1_9' title="bbox 487 964 2073 1038">
     <span class='ocr_line' id='line_1_9' title="bbox 487 964 2073 1038; baseline 0.006 -21"><span class='ocrx_word' id='word_1_60' title='bbox 487 979 686 1020; x_wconf 90' lang='lat' dir='ltr'><strong>censeo</strong></span> <span class='ocrx_word' id='word_1_61' title='bbox 744 965 1010 1020; x_wconf 89' lang='lat' dir='ltr'><strong>adversus</strong></span> <span class='ocrx_word' id='word_1_62' title='bbox 1060 964 1386 1035; x_wconf 74' lang='lat' dir='ltr'><strong>Gregorium</strong></span> <span class='ocrx_word' id='word_1_63' title='bbox 1433 966 1501 1022; x_wconf 91' lang='lat' dir='ltr'><strong>de</strong></span> <span class='ocrx_word' id='word_1_64' title='bbox 1546 969 1778 1038; x_wconf 65' lang='lat' dir='ltr'><strong>propriae</strong></span> <span class='ocrx_word' id='word_1_65' title='bbox 1821 969 2073 1026; x_wconf 67' lang='lat' dir='ltr'><strong>Ecclesiae</strong></span> 
     </span>
    </p>
   </div>
   <div class='ocr_carea' id='block_1_10' title="bbox 487 1059 2072 1131">
    <p class='ocr_par' dir='ltr' id='par_1_10' title="bbox 487 1059 2072 1131">
     <span class='ocr_line' id='line_1_10' title="bbox 487 1059 2072 1131; baseline 0.001 -14"><span class='ocrx_word' id='word_1_66' title='bbox 487 1069 631 1117; x_wconf 85' lang='lat' dir='ltr'><strong>statu</strong></span> <span class='ocrx_word' id='word_1_67' title='bbox 666 1061 963 1129; x_wconf 83' lang='lat' dir='ltr'><strong>disputare.</strong></span> <span class='ocrx_word' id='word_1_68' title='bbox 999 1059 1145 1115; x_wconf 88' lang='lat' dir='ltr'><strong>ltlem</strong></span> <span class='ocrx_word' id='word_1_69' title='bbox 1186 1060 1475 1115; x_wconf 87' lang='lat' dir='ltr'><strong>dicendum</strong></span> <span class='ocrx_word' id='word_1_70' title='bbox 1505 1069 1634 1131; x_wconf 91' lang='lat' dir='ltr'><strong>puto</strong></span> <span class='ocrx_word' id='word_1_71' title='bbox 1667 1061 1733 1117; x_wconf 90' lang='lat' dir='ltr'><strong>de</strong></span> <span class='ocrx_word' id='word_1_72' title='bbox 1777 1060 2072 1118; x_wconf 87' lang='lat' dir='ltr'><strong>Stremonii</strong></span> 
     </span>
    </p>
   </div>
   <div class='ocr_carea' id='block_1_11' title="bbox 482 1152 2075 1225">
    <p class='ocr_par' dir='ltr' id='par_1_11' title="bbox 482 1152 2075 1225">
     <span class='ocr_line' id='line_1_11' title="bbox 482 1152 2075 1225; baseline 0 -17"><span class='ocrx_word' id='word_1_73' title='bbox 482 1154 842 1209; x_wconf 76' lang='lat' dir='ltr'><strong>Arvernensis</strong></span> <span class='ocrx_word' id='word_1_74' title='bbox 881 1153 1117 1222; x_wconf 85' lang='lat' dir='ltr'><strong>episcopi</strong></span> <span class='ocrx_word' id='word_1_75' title='bbox 1176 1153 1383 1218; x_wconf 90' lang='lat' dir='ltr'><strong>initiis;</strong></span> <span class='ocrx_word' id='word_1_76' title='bbox 1418 1169 1537 1222; x_wconf 71' lang='lat' dir='ltr'><strong>qua:</strong></span> <span class='ocrx_word' id='word_1_77' title='bbox 1593 1152 1948 1225; x_wconf 84' lang='lat' dir='ltr'><strong>Gregorium,</strong></span> <span class='ocrx_word' id='word_1_78' title='bbox 1989 1165 2075 1208; x_wconf 89' lang='lat' dir='ltr'><strong>ut-</strong></span> 
     </span>
    </p>
   </div>
   <div class='ocr_carea' id='block_1_12' title="bbox 483 1245 2072 1318">
    <p class='ocr_par' dir='ltr' id='par_1_12' title="bbox 483 1245 2072 1318">
     <span class='ocr_line' id='line_1_12' title="bbox 483 1245 2072 1318; baseline 0.001 -18"><span class='ocrx_word' id='word_1_79' title='bbox 483 1258 612 1316; x_wconf 86' lang='lat' dir='ltr'><strong>pote</strong></span> <span class='ocrx_word' id='word_1_80' title='bbox 636 1246 809 1315; x_wconf 88' lang='lat' dir='ltr'><strong>patria</strong></span> <span class='ocrx_word' id='word_1_81' title='bbox 841 1245 1166 1304; x_wconf 77' lang='lat' dir='ltr'><strong>Arvernum.</strong></span> <span class='ocrx_word' id='word_1_82' title='bbox 1191 1255 1352 1316; x_wconf 89' lang='lat' dir='ltr'><strong>atque</strong></span> <span class='ocrx_word' id='word_1_83' title='bbox 1378 1247 1514 1300; x_wconf 91' lang='lat' dir='ltr'><strong>adeo</strong></span> <span class='ocrx_word' id='word_1_84' title='bbox 1549 1245 1601 1300; x_wconf 93' lang='lat' dir='ltr'><strong>in</strong></span> <span class='ocrx_word' id='word_1_85' title='bbox 1634 1247 1746 1300; x_wconf 84' lang='lat' dir='ltr'><strong>suis</strong></span> <span class='ocrx_word' id='word_1_86' title='bbox 1780 1262 1882 1302; x_wconf 93' lang='lat' dir='ltr'><strong>non</strong></span> <span class='ocrx_word' id='word_1_87' title='bbox 1915 1264 2072 1318; x_wconf 89' lang='lat' dir='ltr'><strong>pere-</strong></span> 
     </span>
    </p>
   </div>
   <div class='ocr_carea' id='block_1_13' title="bbox 482 1337 2074 1408">
    <p class='ocr_par' dir='ltr' id='par_1_13' title="bbox 482 1337 2074 1408">
     <span class='ocr_line' id='line_1_13' title="bbox 482 1337 2074 1408; baseline 0.003 -17"><span class='ocrx_word' id='word_1_88' title='bbox 482 1337 722 1408; x_wconf 87' lang='lat' dir='ltr'><strong>grinum,</strong></span> <span class='ocrx_word' id='word_1_89' title='bbox 785 1339 956 1392; x_wconf 81' lang='lat' dir='ltr'><strong>latere</strong></span> <span class='ocrx_word' id='word_1_90' title='bbox 1001 1353 1108 1391; x_wconf 89' lang='lat' dir='ltr'><strong>non</strong></span> <span class='ocrx_word' id='word_1_91' title='bbox 1167 1346 1438 1408; x_wconf 83' lang='lat' dir='ltr'><strong>poterant.</strong></span> <span class='ocrx_word' id='word_1_92' title='bbox 1501 1337 1630 1405; x_wconf 62' lang='lat' dir='ltr'><strong>Quae</strong></span> <span class='ocrx_word' id='word_1_93' title='bbox 1686 1337 1919 1394; x_wconf 83' lang='lat' dir='ltr'><strong>fortasse</strong></span> <span class='ocrx_word' id='word_1_94' title='bbox 1972 1339 2074 1395; x_wconf 81' lang='lat' dir='ltr'><strong>fuit</strong></span> 
     </span>
    </p>
   </div>
   <div class='ocr_carea' id='block_1_14' title="bbox 482 1430 2074 1501">
    <p class='ocr_par' dir='ltr' id='par_1_14' title="bbox 482 1430 2074 1501">
     <span class='ocr_line' id='line_1_14' title="bbox 482 1430 2074 1501; baseline 0.003 -17"><span class='ocrx_word' id='word_1_95' title='bbox 482 1432 700 1485; x_wconf 80' lang='lat' dir='ltr'><strong>occasio</strong></span> <span class='ocrx_word' id='word_1_96' title='bbox 721 1445 821 1485; x_wconf 91' lang='lat' dir='ltr'><strong>cur</strong></span> <span class='ocrx_word' id='word_1_97' title='bbox 847 1430 1209 1501; x_wconf 81' lang='lat' dir='ltr'><strong>negligentius</strong></span> <span class='ocrx_word' id='word_1_98' title='bbox 1239 1445 1299 1486; x_wconf 91' lang='lat' dir='ltr'><strong>se</strong></span> <span class='ocrx_word' id='word_1_99' title='bbox 1325 1430 1582 1485; x_wconf 88' lang='lat' dir='ltr'><strong>habuerit</strong></span> <span class='ocrx_word' id='word_1_100' title='bbox 1625 1431 1677 1485; x_wconf 92' lang='lat' dir='ltr'><strong>in</strong></span> <span class='ocrx_word' id='word_1_101' title='bbox 1710 1432 1939 1486; x_wconf 91' lang='lat' dir='ltr'><strong>aliarum</strong></span> <span class='ocrx_word' id='word_1_102' title='bbox 1971 1433 2074 1489; x_wconf 79' lang='lat' dir='ltr'><strong>Ec-</strong></span> 
     </span>
    </p>
   </div>
   <div class='ocr_carea' id='block_1_15' title="bbox 480 1522 2071 1593">
    <p class='ocr_par' dir='ltr' id='par_1_15' title="bbox 480 1522 2071 1593">
     <span class='ocr_line' id='line_1_15' title="bbox 480 1522 2071 1593; baseline 0.004 -16"><span class='ocrx_word' id='word_1_103' title='bbox 480 1523 773 1578; x_wconf 90' lang='lat' dir='ltr'><strong>clesiarum</strong></span> <span class='ocrx_word' id='word_1_104' title='bbox 847 1522 1244 1593; x_wconf 84' lang='lat' dir='ltr'><strong>investigandis</strong></span> <span class='ocrx_word' id='word_1_105' title='bbox 1317 1522 1510 1577; x_wconf 90' lang='lat' dir='ltr'><strong>initiis.</strong></span> <span class='ocrx_word' id='word_1_106' title='bbox 1569 1522 1777 1589; x_wconf 87' lang='lat' dir='ltr'><strong>Quibus</strong></span> <span class='ocrx_word' id='word_1_107' title='bbox 1846 1527 2071 1584; x_wconf 80' lang='lat' dir='ltr'><strong>exordia</strong></span> 
     </span>
    </p>
   </div>
   <div class='ocr_carea' id='block_1_16' title="bbox 482 1614 2068 1683">
    <p class='ocr_par' dir='ltr' id='par_1_16' title="bbox 482 1614 2068 1683">
     <span class='ocr_line' id='line_1_16' title="bbox 482 1614 2068 1683; baseline 0 -11"><span class='ocrx_word' id='word_1_108' title='bbox 482 1617 716 1672; x_wconf 86' lang='lat' dir='ltr'><strong>duarum</strong></span> <span class='ocrx_word' id='word_1_109' title='bbox 781 1615 882 1670; x_wconf 90' lang='lat' dir='ltr'><strong>sibi</strong></span> <span class='ocrx_word' id='word_1_110' title='bbox 937 1615 1267 1680; x_wconf 82' lang='lat' dir='ltr'><strong>chararum,</strong></span> <span class='ocrx_word' id='word_1_111' title='bbox 1298 1614 1635 1672; x_wconf 83' lang='lat' dir='ltr'><strong>Turonensis</strong></span> <span class='ocrx_word' id='word_1_112' title='bbox 1685 1625 1740 1671; x_wconf 93' lang='lat' dir='ltr'><strong>et</strong></span> <span class='ocrx_word' id='word_1_113' title='bbox 1788 1617 2068 1683; x_wconf 66' lang='lat' dir='ltr'><strong>Arvernae,</strong></span> 
     </span>
    </p>
   </div>
   <div class='ocr_carea' id='block_1_17' title="bbox 478 1708 2069 1778">
    <p class='ocr_par' dir='ltr' id='par_1_17' title="bbox 478 1708 2069 1778">
     <span class='ocr_line' id='line_1_17' title="bbox 478 1708 2069 1778; baseline 0.001 -15"><span class='ocrx_word' id='word_1_114' title='bbox 478 1709 683 1778; x_wconf 65' lang='lat' dir='ltr'><strong>aequari</strong></span> <span class='ocrx_word' id='word_1_115' title='bbox 734 1723 841 1764; x_wconf 92' lang='lat' dir='ltr'><strong>non</strong></span> <span class='ocrx_word' id='word_1_116' title='bbox 895 1721 1057 1778; x_wconf 86' lang='lat' dir='ltr'><strong>posse</strong></span> <span class='ocrx_word' id='word_1_117' title='bbox 1109 1723 1233 1764; x_wconf 91' lang='lat' dir='ltr'><strong>cum</strong></span> <span class='ocrx_word' id='word_1_118' title='bbox 1267 1709 1498 1775; x_wconf 81' lang='lat' dir='ltr'><strong>videret,</strong></span> <span class='ocrx_word' id='word_1_119' title='bbox 1533 1708 1725 1764; x_wconf 89' lang='lat' dir='ltr'><strong>maluit</strong></span> <span class='ocrx_word' id='word_1_120' title='bbox 1777 1709 1844 1764; x_wconf 89' lang='lat' dir='ltr'><strong>ad</strong></span> <span class='ocrx_word' id='word_1_121' title='bbox 1880 1711 2069 1766; x_wconf 90' lang='lat' dir='ltr'><strong>harum</strong></span> 
     </span>
    </p>
   </div>
   <div class='ocr_carea' id='block_1_18' title="bbox 479 1799 2070 1872">
    <p class='ocr_par' dir='ltr' id='par_1_18' title="bbox 479 1799 2070 1872">
     <span class='ocr_line' id='line_1_18' title="bbox 479 1799 2070 1872; baseline 0.003 -16"><span class='ocrx_word' id='word_1_122' title='bbox 479 1809 730 1871; x_wconf 87' lang='lat' dir='ltr'><strong>tempora</strong></span> <span class='ocrx_word' id='word_1_123' title='bbox 762 1801 1009 1871; x_wconf 87' lang='lat' dir='ltr'><strong>priorum</strong></span> <span class='ocrx_word' id='word_1_124' title='bbox 1058 1799 1300 1872; x_wconf 89' lang='lat' dir='ltr'><strong>quinque</strong></span> <span class='ocrx_word' id='word_1_125' title='bbox 1351 1800 1702 1859; x_wconf 82' lang='lat' dir='ltr'><strong>fundationes</strong></span> <span class='ocrx_word' id='word_1_126' title='bbox 1734 1802 2070 1861; x_wconf 89' lang='lat' dir='ltr'><strong>indiscussas</strong></span> 
     </span>
    </p>
   </div>
   <div class='ocr_carea' id='block_1_19' title="bbox 479 1891 2068 1962">
    <p class='ocr_par' dir='ltr' id='par_1_19' title="bbox 479 1891 2068 1962">
     <span class='ocr_line' id='line_1_19' title="bbox 479 1891 2068 1962; baseline 0.004 -14"><span class='ocrx_word' id='word_1_127' title='bbox 479 1893 805 1962; x_wconf 86' lang='lat' dir='ltr'><strong>deprimere.</strong></span> <span class='ocrx_word' id='word_1_128' title='bbox 865 1891 1047 1960; x_wconf 85' lang='lat' dir='ltr'><strong>Quare</strong></span> <span class='ocrx_word' id='word_1_129' title='bbox 1096 1907 1217 1946; x_wconf 89' lang='lat' dir='ltr'><strong>cum</strong></span> <span class='ocrx_word' id='word_1_130' title='bbox 1275 1893 1419 1962; x_wconf 88' lang='lat' dir='ltr'><strong>apud</strong></span> <span class='ocrx_word' id='word_1_131' title='bbox 1469 1893 1615 1950; x_wconf 83' lang='lat' dir='ltr'><strong>viros</strong></span> <span class='ocrx_word' id='word_1_132' title='bbox 1669 1896 2068 1954; x_wconf 83' lang='lat' dir='ltr'><strong>eruditissimos</strong></span> 
     </span>
    </p>
   </div>
   <div class='ocr_carea' id='block_1_20' title="bbox 479 1984 2068 2061">
    <p class='ocr_par' dir='ltr' id='par_1_20' title="bbox 479 1984 2068 2061">
     <span class='ocr_line' id='line_1_20' title="bbox 479 1984 2068 2061; baseline 0.003 -20"><span class='ocrx_word' id='word_1_133' title='bbox 479 1987 700 2058; x_wconf 86' lang='lat' dir='ltr'><strong>antiqua</strong></span> <span class='ocrx_word' id='word_1_134' title='bbox 729 1984 1098 2040; x_wconf 86' lang='lat' dir='ltr'><strong>Ecclesiarum</strong></span> <span class='ocrx_word' id='word_1_135' title='bbox 1126 1985 1531 2057; x_wconf 77' lang='lat' dir='ltr'><strong>Gallicanarum</strong></span> <span class='ocrx_word' id='word_1_136' title='bbox 1559 1989 1830 2060; x_wconf 81' lang='lat' dir='ltr'><strong>diptycha,</strong></span> <span class='ocrx_word' id='word_1_137' title='bbox 1863 1989 1916 2045; x_wconf 86' lang='lat' dir='ltr'><strong>in</strong></span> <span class='ocrx_word' id='word_1_138' title='bbox 1948 1991 2068 2061; x_wconf 92' lang='lat' dir='ltr'><strong>qui-</strong></span> 
     </span>
    </p>
   </div>
   <div class='ocr_carea' id='block_1_21' title="bbox 476 2079 2066 2156">
    <p class='ocr_par' dir='ltr' id='par_1_21' title="bbox 476 2079 2066 2156">
     <span class='ocr_line' id='line_1_21' title="bbox 476 2079 2066 2156; baseline 0.003 -20"><span class='ocrx_word' id='word_1_139' title='bbox 476 2082 579 2136; x_wconf 91' lang='lat' dir='ltr'><strong>bus</strong></span> <span class='ocrx_word' id='word_1_140' title='bbox 602 2079 888 2150; x_wconf 73' lang='lat' dir='ltr'><strong>pontiﬁces</strong></span> <span class='ocrx_word' id='word_1_141' title='bbox 927 2079 1050 2134; x_wconf 80' lang='lat' dir='ltr'><strong>fidei</strong></span> <span class='ocrx_word' id='word_1_142' title='bbox 1091 2080 1398 2150; x_wconf 65' lang='lat' dir='ltr'><strong>przedicataa</strong></span> <span class='ocrx_word' id='word_1_143' title='bbox 1427 2083 1772 2152; x_wconf 80' lang='lat' dir='ltr'><strong>antesignani</strong></span> <span class='ocrx_word' id='word_1_144' title='bbox 1809 2085 2066 2156; x_wconf 85' lang='lat' dir='ltr'><strong>descripti</strong></span> 
     </span>
    </p>
   </div>
   <div class='ocr_carea' id='block_1_22' title="bbox 477 2173 2066 2246">
    <p class='ocr_par' dir='ltr' id='par_1_22' title="bbox 477 2173 2066 2246">
     <span class='ocr_line' id='line_1_22' title="bbox 477 2173 2066 2246; baseline 0.004 -19"><span class='ocrx_word' id='word_1_145' title='bbox 477 2180 627 2238; x_wconf 89' lang='lat' dir='ltr'><strong>sunt,</strong></span> <span class='ocrx_word' id='word_1_146' title='bbox 681 2187 804 2226; x_wconf 91' lang='lat' dir='ltr'><strong>cum</strong></span> <span class='ocrx_word' id='word_1_147' title='bbox 855 2173 1130 2228; x_wconf 85' lang='lat' dir='ltr'><strong>missionis</strong></span> <span class='ocrx_word' id='word_1_148' title='bbox 1179 2175 1495 2241; x_wconf 78' lang='lat' dir='ltr'><strong>apostolica:</strong></span> <span class='ocrx_word' id='word_1_149' title='bbox 1533 2175 1901 2231; x_wconf 87' lang='lat' dir='ltr'><strong>vetustissima</strong></span> <span class='ocrx_word' id='word_1_150' title='bbox 1935 2191 2066 2246; x_wconf 84' lang='lat' dir='ltr'><strong>epo-</strong></span> 
     </span>
    </p>
   </div>
   <div class='ocr_carea' id='block_1_23' title="bbox 475 2262 2068 2335">
    <p class='ocr_par' dir='ltr' id='par_1_23' title="bbox 475 2262 2068 2335">
     <span class='ocr_line' id='line_1_23' title="bbox 475 2262 2068 2335; baseline 0.003 -15"><span class='ocrx_word' id='word_1_151' title='bbox 475 2263 599 2330; x_wconf 89' lang='lat' dir='ltr'><strong>eha,</strong></span> <span class='ocrx_word' id='word_1_152' title='bbox 635 2278 702 2318; x_wconf 83' lang='lat' dir='ltr'><strong>ex</strong></span> <span class='ocrx_word' id='word_1_153' title='bbox 741 2277 807 2318; x_wconf 91' lang='lat' dir='ltr'><strong>eo</strong></span> <span class='ocrx_word' id='word_1_154' title='bbox 836 2262 955 2319; x_wconf 91' lang='lat' dir='ltr'><strong>solo</strong></span> <span class='ocrx_word' id='word_1_155' title='bbox 991 2262 1169 2333; x_wconf 87' lang='lat' dir='ltr'><strong>capite</strong></span> <span class='ocrx_word' id='word_1_156' title='bbox 1215 2265 1459 2320; x_wconf 92' lang='lat' dir='ltr'><strong>nutarint</strong></span> <span class='ocrx_word' id='word_1_157' title='bbox 1508 2265 1564 2320; x_wconf 93' lang='lat' dir='ltr'><strong>in</strong></span> <span class='ocrx_word' id='word_1_158' title='bbox 1606 2267 1866 2335; x_wconf 89' lang='lat' dir='ltr'><strong>temporis</strong></span> <span class='ocrx_word' id='word_1_159' title='bbox 1927 2269 2068 2324; x_wconf 85' lang='lat' dir='ltr'><strong>assi-</strong></span> 
     </span>
    </p>
   </div>
   <div class='ocr_carea' id='block_1_24' title="bbox 475 2356 2068 2432">
    <p class='ocr_par' dir='ltr' id='par_1_24' title="bbox 475 2356 2068 2432">
     <span class='ocr_line' id='line_1_24' title="bbox 475 2356 2068 2432; baseline 0.006 -22"><span class='ocrx_word' id='word_1_160' title='bbox 475 2357 755 2427; x_wconf 84' lang='lat' dir='ltr'><strong>gnatione,</strong></span> <span class='ocrx_word' id='word_1_161' title='bbox 781 2356 924 2427; x_wconf 88' lang='lat' dir='ltr'><strong>quod</strong></span> <span class='ocrx_word' id='word_1_162' title='bbox 961 2371 1084 2410; x_wconf 89' lang='lat' dir='ltr'><strong>cum</strong></span> <span class='ocrx_word' id='word_1_163' title='bbox 1140 2356 1347 2413; x_wconf 89' lang='lat' dir='ltr'><strong>Severo</strong></span> <span class='ocrx_word' id='word_1_164' title='bbox 1397 2368 1453 2413; x_wconf 87' lang='lat' dir='ltr'><strong>et</strong></span> <span class='ocrx_word' id='word_1_165' title='bbox 1505 2358 1772 2430; x_wconf 89' lang='lat' dir='ltr'><strong>Gregorio</strong></span> <span class='ocrx_word' id='word_1_166' title='bbox 1823 2376 2068 2432; x_wconf 86' lang='lat' dir='ltr'><strong>pugnare</strong></span> 
     </span>
    </p>
   </div>
   <div class='ocr_carea' id='block_1_25' title="bbox 473 2444 2062 2521">
    <p class='ocr_par' dir='ltr' id='par_1_25' title="bbox 473 2444 2062 2521">
     <span class='ocr_line' id='line_1_25' title="bbox 473 2444 2062 2521; baseline 0.004 -21"><span class='ocrx_word' id='word_1_167' title='bbox 473 2446 813 2510; x_wconf 82' lang='lat' dir='ltr'><strong>viderentur,</strong></span> <span class='ocrx_word' id='word_1_168' title='bbox 869 2444 1269 2516; x_wconf 76' lang='lat' dir='ltr'><strong>religiosissimi</strong></span> <span class='ocrx_word' id='word_1_169' title='bbox 1314 2448 1557 2518; x_wconf 86' lang='lat' dir='ltr'><strong>episcopi</strong></span> <span class='ocrx_word' id='word_1_170' title='bbox 1608 2449 1831 2521; x_wconf 64' lang='lat' dir='ltr'><strong>collegae</strong></span> <span class='ocrx_word' id='word_1_171' title='bbox 1889 2453 2062 2507; x_wconf 84' lang='lat' dir='ltr'><strong>nostri</strong></span> 
     </span>
    </p>
   </div>
   <div class='ocr_carea' id='block_1_26' title="bbox 472 2537 2064 2608">
    <p class='ocr_par' dir='ltr' id='par_1_26' title="bbox 472 2537 2064 2608">
     <span class='ocr_line' id='line_1_26' title="bbox 472 2537 2064 2608; baseline 0.004 -16"><span class='ocrx_word' id='word_1_172' title='bbox 472 2547 732 2608; x_wconf 90' lang='lat' dir='ltr'><strong>poterunt</strong></span> <span class='ocrx_word' id='word_1_173' title='bbox 794 2537 1064 2606; x_wconf 88' lang='lat' dir='ltr'><strong>intrepide</strong></span> <span class='ocrx_word' id='word_1_174' title='bbox 1120 2538 1172 2592; x_wconf 90' lang='lat' dir='ltr'><strong>in</strong></span> <span class='ocrx_word' id='word_1_175' title='bbox 1219 2539 1332 2594; x_wconf 91' lang='lat' dir='ltr'><strong>suis</strong></span> <span class='ocrx_word' id='word_1_176' title='bbox 1389 2539 1648 2597; x_wconf 87' lang='lat' dir='ltr'><strong>Ecclesiis</strong></span> <span class='ocrx_word' id='word_1_177' title='bbox 1709 2542 2064 2598; x_wconf 89' lang='lat' dir='ltr'><strong>decessorum</strong></span> 
     </span>
    </p>
   </div>
   <div class='ocr_carea' id='block_1_27' title="bbox 473 2631 2062 2702">
    <p class='ocr_par' dir='ltr' id='par_1_27' title="bbox 473 2631 2062 2702">
     <span class='ocr_line' id='line_1_27' title="bbox 473 2631 2062 2702; baseline 0.001 -14"><span class='ocrx_word' id='word_1_178' title='bbox 473 2645 700 2688; x_wconf 78' lang='lat' dir='ltr'><strong>suorum</strong></span> <span class='ocrx_word' id='word_1_179' title='bbox 733 2631 988 2686; x_wconf 84' lang='lat' dir='ltr'><strong>traditam</strong></span> <span class='ocrx_word' id='word_1_180' title='bbox 1023 2645 1270 2689; x_wconf 90' lang='lat' dir='ltr'><strong>asserere</strong></span> <span class='ocrx_word' id='word_1_181' title='bbox 1291 2643 1641 2702; x_wconf 84' lang='lat' dir='ltr'><strong>vetustatem,</strong></span> <span class='ocrx_word' id='word_1_182' title='bbox 1667 2635 1846 2690; x_wconf 87' lang='lat' dir='ltr'><strong>securi</strong></span> <span class='ocrx_word' id='word_1_183' title='bbox 1874 2636 1941 2690; x_wconf 90' lang='lat' dir='ltr'><strong>de</strong></span> <span class='ocrx_word' id='word_1_184' title='bbox 1971 2635 2062 2690; x_wconf 88' lang='lat' dir='ltr'><strong>illa</strong></span> 
     </span>
    </p>
   </div>
   <div class='ocr_carea' id='block_1_28' title="bbox 471 2722 2065 2797">
    <p class='ocr_par' dir='ltr' id='par_1_28' title="bbox 471 2722 2065 2797">
     <span class='ocr_line' id='line_1_28' title="bbox 471 2722 2065 2797; baseline 0.003 -21"><span class='ocrx_word' id='word_1_185' title='bbox 471 2736 595 2794; x_wconf 69' lang='lat' dir='ltr'><strong>qua:</strong></span> <span class='ocrx_word' id='word_1_186' title='bbox 622 2722 827 2778; x_wconf 89' lang='lat' dir='ltr'><strong>nostris</strong></span> <span class='ocrx_word' id='word_1_187' title='bbox 878 2722 1045 2792; x_wconf 88' lang='lat' dir='ltr'><strong>objici</strong></span> <span class='ocrx_word' id='word_1_188' title='bbox 1091 2723 1230 2779; x_wconf 88' lang='lat' dir='ltr'><strong>solet</strong></span> <span class='ocrx_word' id='word_1_189' title='bbox 1255 2733 1499 2780; x_wconf 87' lang='lat' dir='ltr'><strong>veterum</strong></span> <span class='ocrx_word' id='word_1_190' title='bbox 1528 2735 1811 2780; x_wconf 77' lang='lat' dir='ltr'><strong>auctorum</strong></span> <span class='ocrx_word' id='word_1_191' title='bbox 1845 2727 2065 2797; x_wconf 82' lang='lat' dir='ltr'><strong>ignora-</strong></span> 
     </span>
    </p>
   </div>
   <div class='ocr_carea' id='block_1_29' title="bbox 473 2816 2063 2888">
    <p class='ocr_par' dir='ltr' id='par_1_29' title="bbox 473 2816 2063 2888">
     <span class='ocr_line' id='line_1_29' title="bbox 473 2816 2063 2888; baseline 0.002 -18"><span class='ocrx_word' id='word_1_192' title='bbox 473 2816 625 2870; x_wconf 90' lang='lat' dir='ltr'><strong>tione</strong></span> <span class='ocrx_word' id='word_1_193' title='bbox 653 2824 748 2869; x_wconf 88' lang='lat' dir='ltr'><strong>aut</strong></span> <span class='ocrx_word' id='word_1_194' title='bbox 783 2825 1120 2884; x_wconf 89' lang='lat' dir='ltr'><strong>contemptu,</strong></span> <span class='ocrx_word' id='word_1_195' title='bbox 1163 2824 1275 2870; x_wconf 92' lang='lat' dir='ltr'><strong>tum</strong></span> <span class='ocrx_word' id='word_1_196' title='bbox 1308 2817 1472 2872; x_wconf 90' lang='lat' dir='ltr'><strong>etiam</strong></span> <span class='ocrx_word' id='word_1_197' title='bbox 1507 2816 1575 2872; x_wconf 89' lang='lat' dir='ltr'><strong>de</strong></span> <span class='ocrx_word' id='word_1_198' title='bbox 1601 2817 1784 2888; x_wconf 91' lang='lat' dir='ltr'><strong>aliquo</strong></span> <span class='ocrx_word' id='word_1_199' title='bbox 1815 2819 2063 2874; x_wconf 83' lang='lat' dir='ltr'><strong>veritatis</strong></span> 
     </span>
    </p>
   </div>
   <div class='ocr_carea' id='block_1_30' title="bbox 472 2907 2062 2979">
    <p class='ocr_par' dir='ltr' id='par_1_30' title="bbox 472 2907 2062 2979">
     <span class='ocr_line' id='line_1_30' title="bbox 472 2907 2062 2979; baseline 0.002 -16"><span class='ocrx_word' id='word_1_200' title='bbox 472 2907 748 2964; x_wconf 67' lang='lat' dir='ltr'><strong>historiae</strong></span> <span class='ocrx_word' id='word_1_201' title='bbox 773 2907 1056 2978; x_wconf 89' lang='lat' dir='ltr'><strong>dispendio</strong></span> <span class='ocrx_word' id='word_1_202' title='bbox 1087 2927 1104 2964; x_wconf 90' lang='lat'><strong>:</strong></span> <span class='ocrx_word' id='word_1_203' title='bbox 1132 2923 1250 2979; x_wconf 73' lang='lat' dir='ltr'><strong>qua:</strong></span> <span class='ocrx_word' id='word_1_204' title='bbox 1283 2907 1490 2979; x_wconf 88' lang='lat' dir='ltr'><strong>alioqui</strong></span> <span class='ocrx_word' id='word_1_205' title='bbox 1518 2909 1816 2979; x_wconf 83' lang='lat' dir='ltr'><strong>laboraret,</strong></span> <span class='ocrx_word' id='word_1_206' title='bbox 1843 2912 1888 2966; x_wconf 88' lang='lat' dir='ltr'><strong>si</strong></span> <span class='ocrx_word' id='word_1_207' title='bbox 1914 2911 2062 2966; x_wconf 76' lang='lat' dir='ltr'><strong>Actis</strong></span> 
     </span>
    </p>
   </div>
   <div class='ocr_carea' id='block_1_31' title="bbox 472 3001 2062 3076">
    <p class='ocr_par' dir='ltr' id='par_1_31' title="bbox 472 3001 2062 3076">
     <span class='ocr_line' id='line_1_31' title="bbox 472 3001 2062 3076; baseline 0.003 -17"><span class='ocrx_word' id='word_1_208' title='bbox 472 3004 715 3074; x_wconf 79' lang='lat' dir='ltr'><strong>antiquis</strong></span> <span class='ocrx_word' id='word_1_209' title='bbox 744 3003 876 3059; x_wconf 71' lang='lat' dir='ltr'><strong>{ldes</strong></span> <span class='ocrx_word' id='word_1_210' title='bbox 904 3018 1000 3058; x_wconf 89' lang='lat' dir='ltr'><strong>sua</strong></span> <span class='ocrx_word' id='word_1_211' title='bbox 1041 3001 1445 3059; x_wconf 83' lang='lat' dir='ltr'><strong>detraheretur.</strong></span> <span class='ocrx_word' id='word_1_212' title='bbox 1475 3002 1664 3074; x_wconf 82' lang='lat' dir='ltr'><strong>itaque</strong></span> <span class='ocrx_word' id='word_1_213' title='bbox 1713 3015 1911 3076; x_wconf 79' lang='lat' dir='ltr'><strong>praeter</strong></span> <span class='ocrx_word' id='word_1_214' title='bbox 1951 3023 2062 3063; x_wconf 67' lang='lat' dir='ltr'><strong>cte-</strong></span> 
     </span>
    </p>
   </div>
   <div class='ocr_carea' id='block_1_32' title="bbox 473 3094 2064 3169">
    <p class='ocr_par' dir='ltr' id='par_1_32' title="bbox 473 3094 2064 3169">
     <span class='ocr_line' id='line_1_32' title="bbox 473 3094 2064 3169; baseline 0.003 -19"><span class='ocrx_word' id='word_1_215' title='bbox 473 3106 623 3152; x_wconf 89' lang='lat' dir='ltr'><strong>teros</strong></span> <span class='ocrx_word' id='word_1_216' title='bbox 652 3096 904 3166; x_wconf 86' lang='lat' dir='ltr'><strong>superius</strong></span> <span class='ocrx_word' id='word_1_217' title='bbox 933 3094 1652 3160; x_wconf 52' lang='lat' dir='ltr'><strong>memoratos,.Clementem</strong></span> <span class='ocrx_word' id='word_1_218' title='bbox 1683 3112 1713 3149; x_wconf 88' lang='lat' dir='ltr'><strong>a</strong></span> <span class='ocrx_word' id='word_1_219' title='bbox 1750 3096 1910 3154; x_wconf 85' lang='lat' dir='ltr'><strong>Petro</strong></span> <span class='ocrx_word' id='word_1_220' title='bbox 1933 3113 2064 3169; x_wconf 89' lang='lat' dir='ltr'><strong>apo-</strong></span> 
     </span>
    </p>
   </div>
   <div class='ocr_carea' id='block_1_33' title="bbox 471 3187 2059 3257">
    <p class='ocr_par' dir='ltr' id='par_1_33' title="bbox 471 3187 2059 3257">
     <span class='ocr_line' id='line_1_33' title="bbox 471 3187 2059 3257; baseline -0.003 -8"><span class='ocrx_word' id='word_1_221' title='bbox 471 3191 613 3249; x_wconf 80' lang='lat' dir='ltr'><strong>stolo</strong></span> <span class='ocrx_word' id='word_1_222' title='bbox 648 3191 873 3245; x_wconf 87' lang='lat' dir='ltr'><strong>missum</strong></span> <span class='ocrx_word' id='word_1_223' title='bbox 911 3189 1018 3245; x_wconf 88' lang='lat' dir='ltr'><strong>sibi</strong></span> <span class='ocrx_word' id='word_1_224' title='bbox 1065 3187 1422 3244; x_wconf 89' lang='lat' dir='ltr'><strong>vindicabunt</strong></span> <span class='ocrx_word' id='word_1_225' title='bbox 1469 3190 1766 3257; x_wconf 85' lang='lat' dir='ltr'><strong>Metenses,</strong></span> <span class='ocrx_word' id='word_1_226' title='bbox 1796 3205 1864 3245; x_wconf 78' lang='lat' dir='ltr'><strong>ex</strong></span> <span class='ocrx_word' id='word_1_227' title='bbox 1913 3191 2059 3245; x_wconf 73' lang='lat' dir='ltr'><strong>Actis</strong></span> 
     </span>
    </p>
   </div>
   <div class='ocr_carea' id='block_1_34' title="bbox 472 3279 2058 3349">
    <p class='ocr_par' dir='ltr' id='par_1_34' title="bbox 472 3279 2058 3349">
     <span class='ocr_line' id='line_1_34' title="bbox 472 3279 2058 3349; baseline 0 -13"><span class='ocrx_word' id='word_1_228' title='bbox 472 3283 618 3337; x_wconf 89' lang='lat' dir='ltr'><strong>unde</strong></span> <span class='ocrx_word' id='word_1_229' title='bbox 670 3280 1045 3336; x_wconf 84' lang='lat' dir='ltr'><strong>narrationem</strong></span> <span class='ocrx_word' id='word_1_230' title='bbox 1098 3295 1251 3336; x_wconf 89' lang='lat' dir='ltr'><strong>suam</strong></span> <span class='ocrx_word' id='word_1_231' title='bbox 1300 3281 1480 3336; x_wconf 84' lang='lat' dir='ltr'><strong>hausit</strong></span> <span class='ocrx_word' id='word_1_232' title='bbox 1521 3279 1724 3336; x_wconf 84' lang='lat' dir='ltr'><strong>Paulus</strong></span> <span class='ocrx_word' id='word_1_233' title='bbox 1775 3281 2058 3349; x_wconf 89' lang='lat' dir='ltr'><strong>diaconus,</strong></span> 
     </span>
    </p>
   </div>
   <div class='ocr_carea' id='block_1_35' title="bbox 472 3375 2061 3440">
    <p class='ocr_par' dir='ltr' id='par_1_35' title="bbox 472 3375 2061 3440">
     <span class='ocr_line' id='line_1_35' title="bbox 472 3375 2061 3440; baseline 0.001 -9"><span class='ocrx_word' id='word_1_234' title='bbox 472 3375 665 3431; x_wconf 73' lang='lat' dir='ltr'><strong>media:</strong></span> <span class='ocrx_word' id='word_1_235' title='bbox 721 3375 921 3440; x_wconf 83' lang='lat' dir='ltr'><strong>aetatis,</strong></span> <span class='ocrx_word' id='word_1_236' title='bbox 972 3385 1027 3429; x_wconf 93' lang='lat' dir='ltr'><strong>et</strong></span> <span class='ocrx_word' id='word_1_237' title='bbox 1085 3390 1195 3429; x_wconf 88' lang='lat' dir='ltr'><strong>non</strong></span> <span class='ocrx_word' id='word_1_238' title='bbox 1248 3375 1662 3430; x_wconf 84' lang='lat' dir='ltr'><strong>contemnendae</strong></span> <span class='ocrx_word' id='word_1_239' title='bbox 1717 3377 2061 3432; x_wconf 87' lang='lat' dir='ltr'><strong>auctoritatis</strong></span> 
     </span>
    </p>
   </div>
   <div class='ocr_carea' id='block_1_36' title="bbox 471 3466 2063 3540">
    <p class='ocr_par' dir='ltr' id='par_1_36' title="bbox 471 3466 2063 3540">
     <span class='ocr_line' id='line_1_36' title="bbox 471 3466 2063 3540; baseline -0.003 -14"><span class='ocrx_word' id='word_1_240' title='bbox 471 3470 731 3540; x_wconf 87' lang='lat' dir='ltr'><strong>scriptor.</strong></span> <span class='ocrx_word' id='word_1_241' title='bbox 759 3467 1009 3537; x_wconf 84' lang='lat' dir='ltr'><strong>Ejusdem</strong></span> <span class='ocrx_word' id='word_1_242' title='bbox 1039 3466 1268 3536; x_wconf 85' lang='lat' dir='ltr'><strong>apostoli</strong></span> <span class='ocrx_word' id='word_1_243' title='bbox 1295 3482 1442 3522; x_wconf 63' lang='lat' dir='ltr'><strong>cura:</strong></span> <span class='ocrx_word' id='word_1_244' title='bbox 1464 3507 1479 3533; x_wconf 93' lang='lat'><strong>,</strong></span> <span class='ocrx_word' id='word_1_245' title='bbox 1505 3476 1558 3522; x_wconf 92' lang='lat' dir='ltr'><strong>et</strong></span> <span class='ocrx_word' id='word_1_246' title='bbox 1593 3475 1778 3537; x_wconf 89' lang='lat' dir='ltr'><strong>postea</strong></span> <span class='ocrx_word' id='word_1_247' title='bbox 1814 3467 2063 3524; x_wconf 79' lang='lat' dir='ltr'><strong>Clemen-</strong></span> 
     </span>
    </p>
   </div>
   <div class='ocr_carea' id='block_1_37' title="bbox 473 3560 2064 3633">
    <p class='ocr_par' dir='ltr' id='par_1_37' title="bbox 473 3560 2064 3633">
     <span class='ocr_line' id='line_1_37' title="bbox 473 3560 2064 3633; baseline -0.003 -13"><span class='ocrx_word' id='word_1_248' title='bbox 473 3564 566 3630; x_wconf 89' lang='lat' dir='ltr'><strong>tis,</strong></span> <span class='ocrx_word' id='word_1_249' title='bbox 601 3562 789 3633; x_wconf 86' lang='lat' dir='ltr'><strong>plures</strong></span> <span class='ocrx_word' id='word_1_250' title='bbox 830 3560 1010 3632; x_wconf 85' lang='lat' dir='ltr'><strong>populi</strong></span> <span class='ocrx_word' id='word_1_251' title='bbox 1058 3569 1338 3629; x_wconf 88' lang='lat' dir='ltr'><strong>acceptam</strong></span> <span class='ocrx_word' id='word_1_252' title='bbox 1363 3574 1578 3630; x_wconf 88' lang='lat' dir='ltr'><strong>quoque</strong></span> <span class='ocrx_word' id='word_1_253' title='bbox 1620 3560 1764 3615; x_wconf 87' lang='lat' dir='ltr'><strong>ferre</strong></span> <span class='ocrx_word' id='word_1_254' title='bbox 1807 3569 2064 3631; x_wconf 85' lang='lat' dir='ltr'><strong>poterunt</strong></span> 
     </span>
    </p>
   </div>
   <div class='ocr_carea' id='block_1_38' title="bbox 470 3652 2065 3724">
    <p class='ocr_par' dir='ltr' id='par_1_38' title="bbox 470 3652 2065 3724">
     <span class='ocr_line' id='line_1_38' title="bbox 470 3652 2065 3724; baseline -0.001 -12"><span class='ocrx_word' id='word_1_255' title='bbox 470 3671 541 3712; x_wconf 83' lang='lat' dir='ltr'><strong>ex</strong></span> <span class='ocrx_word' id='word_1_256' title='bbox 577 3655 852 3712; x_wconf 87' lang='lat' dir='ltr'><strong>veteribus</strong></span> <span class='ocrx_word' id='word_1_257' title='bbox 895 3654 1041 3710; x_wconf 79' lang='lat' dir='ltr'><strong>Actis</strong></span> <span class='ocrx_word' id='word_1_258' title='bbox 1065 3661 1119 3709; x_wconf 88' lang='lat' dir='ltr'><strong>et</strong></span> <span class='ocrx_word' id='word_1_259' title='bbox 1156 3652 1562 3724; x_wconf 78' lang='lat' dir='ltr'><strong>Martyrologiis</strong></span> <span class='ocrx_word' id='word_1_260' title='bbox 1594 3654 1824 3723; x_wconf 91' lang='lat' dir='ltr'><strong>primam</strong></span> <span class='ocrx_word' id='word_1_261' title='bbox 1855 3655 2065 3724; x_wconf 85' lang='lat' dir='ltr'><strong>episco-</strong></span> 
     </span>
    </p>
   </div>
   <div class='ocr_carea' id='block_1_39' title="bbox 473 3745 2063 3820">
    <p class='ocr_par' dir='ltr' id='par_1_39' title="bbox 473 3745 2063 3820">
     <span class='ocr_line' id='line_1_39' title="bbox 473 3745 2063 3820; baseline -0.003 -16"><span class='ocrx_word' id='word_1_262' title='bbox 473 3764 666 3820; x_wconf 86' lang='lat' dir='ltr'><strong>porum</strong></span> <span class='ocrx_word' id='word_1_263' title='bbox 714 3765 934 3804; x_wconf 90' lang='lat' dir='ltr'><strong>suorum</strong></span> <span class='ocrx_word' id='word_1_264' title='bbox 991 3748 1415 3804; x_wconf 86' lang='lat' dir='ltr'><strong>institutionem.</strong></span> <span class='ocrx_word' id='word_1_265' title='bbox 1450 3745 1696 3814; x_wconf 91' lang='lat' dir='ltr'><strong>Quorum</strong></span> <span class='ocrx_word' id='word_1_266' title='bbox 1751 3745 1969 3802; x_wconf 87' lang='lat' dir='ltr'><strong>labores</strong></span> <span class='ocrx_word' id='word_1_267' title='bbox 2018 3746 2063 3802; x_wconf 91' lang='lat' dir='ltr'><strong>si</strong></span> 
     </span>
    </p>
   </div>
   <div class='ocr_carea' id='block_1_40' title="bbox 472 3837 2063 3913">
    <p class='ocr_par' dir='ltr' id='par_1_40' title="bbox 472 3837 2063 3913">
     <span class='ocr_line' id='line_1_40' title="bbox 472 3837 2063 3913; baseline -0.003 -16"><span class='ocrx_word' id='word_1_268' title='bbox 472 3844 586 3898; x_wconf 85' lang='lat' dir='ltr'><strong>suis</strong></span> <span class='ocrx_word' id='word_1_269' title='bbox 615 3841 908 3913; x_wconf 87' lang='lat' dir='ltr'><strong>provinciis</strong></span> <span class='ocrx_word' id='word_1_270' title='bbox 941 3857 1008 3897; x_wconf 82' lang='lat' dir='ltr'><strong>ex</strong></span> <span class='ocrx_word' id='word_1_271' title='bbox 1055 3840 1286 3912; x_wconf 75' lang='lat' dir='ltr'><strong>Augusti</strong></span> <span class='ocrx_word' id='word_1_272' title='bbox 1322 3839 1574 3896; x_wconf 91' lang='lat' dir='ltr'><strong>instituto</strong></span> <span class='ocrx_word' id='word_1_273' title='bbox 1621 3837 1900 3908; x_wconf 89' lang='lat' dir='ltr'><strong>dispositis</strong></span> <span class='ocrx_word' id='word_1_274' title='bbox 1935 3837 2063 3894; x_wconf 84' lang='lat' dir='ltr'><strong>red-</strong></span> 
     </span>
    </p>
   </div>
   <div class='ocr_carea' id='block_1_41' title="bbox 471 3929 2063 4002">
    <p class='ocr_par' dir='ltr' id='par_1_41' title="bbox 471 3929 2063 4002">
     <span class='ocr_line' id='line_1_41' title="bbox 471 3929 2063 4002; baseline -0.006 -8"><span class='ocrx_word' id='word_1_275' title='bbox 471 3937 693 4002; x_wconf 86' lang='lat' dir='ltr'><strong>dantur,</strong></span> <span class='ocrx_word' id='word_1_276' title='bbox 760 3934 1080 3989; x_wconf 88' lang='lat' dir='ltr'><strong>Tertulliani</strong></span> <span class='ocrx_word' id='word_1_277' title='bbox 1109 3935 1376 3991; x_wconf 90' lang='lat' dir='ltr'><strong>sententia</strong></span> <span class='ocrx_word' id='word_1_278' title='bbox 1427 3942 1770 4002; x_wconf 87' lang='lat' dir='ltr'><strong>quantopere</strong></span> <span class='ocrx_word' id='word_1_279' title='bbox 1805 3945 1932 3986; x_wconf 90' lang='lat' dir='ltr'><strong>vera</strong></span> <span class='ocrx_word' id='word_1_280' title='bbox 1971 3929 2063 3995; x_wconf 90' lang='lat' dir='ltr'><strong>sit,</strong></span> 
     </span>
    </p>
   </div>
   <div class='ocr_carea' id='block_1_42' title="bbox 472 4023 2065 4083">
    <p class='ocr_par' dir='ltr' id='par_1_42' title="bbox 472 4023 2065 4083">
     <span class='ocr_line' id='line_1_42' title="bbox 472 4023 2065 4083; baseline -0.004 -1"><span class='ocrx_word' id='word_1_281' title='bbox 472 4028 540 4082; x_wconf 91' lang='lat' dir='ltr'><strong>de</strong></span> <span class='ocrx_word' id='word_1_282' title='bbox 564 4027 792 4083; x_wconf 88' lang='lat' dir='ltr'><strong>diversis</strong></span> <span class='ocrx_word' id='word_1_283' title='bbox 813 4025 1108 4081; x_wconf 83' lang='lat' dir='ltr'><strong>Galliarum</strong></span> <span class='ocrx_word' id='word_1_284' title='bbox 1140 4025 1453 4081; x_wconf 88' lang='lat' dir='ltr'><strong>nationibus</strong></span> <span class='ocrx_word' id='word_1_285' title='bbox 1477 4024 1791 4080; x_wconf 90' lang='lat' dir='ltr'><strong>Christiana</strong></span> <span class='ocrx_word' id='word_1_286' title='bbox 1821 4023 1924 4078; x_wconf 86' lang='lat' dir='ltr'><strong>fide</strong></span> <span class='ocrx_word' id='word_1_287' title='bbox 1957 4023 2065 4077; x_wconf 90' lang='lat' dir='ltr'><strong>im-</strong></span> 
     </span>
    </p>
   </div>
   <div class='ocr_carea' id='block_1_43' title="bbox 471 4118 2062 4190">
    <p class='ocr_par' dir='ltr' id='par_1_43' title="bbox 471 4118 2062 4190">
     <span class='ocr_line' id='line_1_43' title="bbox 471 4118 2062 4190; baseline -0.001 -16"><span class='ocrx_word' id='word_1_288' title='bbox 471 4121 640 4186; x_wconf 89' lang='lat' dir='ltr'><strong>butis,</strong></span> <span class='ocrx_word' id='word_1_289' title='bbox 685 4119 909 4190; x_wconf 89' lang='lat' dir='ltr'><strong>patebit.</strong></span> <span class='ocrx_word' id='word_1_290' title='bbox 958 4118 1330 4175; x_wconf 85' lang='lat' dir='ltr'><strong>Narbonensis</strong></span> <span class='ocrx_word' id='word_1_291' title='bbox 1377 4120 1580 4190; x_wconf 88' lang='lat' dir='ltr'><strong>quippe</strong></span> <span class='ocrx_word' id='word_1_292' title='bbox 1626 4120 1903 4190; x_wconf 87' lang='lat' dir='ltr'><strong>provincia</strong></span> <span class='ocrx_word' id='word_1_293' title='bbox 1956 4135 2062 4173; x_wconf 89' lang='lat' dir='ltr'><strong>non</strong></span> 
     </span>
    </p>
   </div>
   <div class='ocr_carea' id='block_1_44' title="bbox 471 4210 2063 4281">
    <p class='ocr_par' dir='ltr' id='par_1_44' title="bbox 471 4210 2063 4281">
     <span class='ocr_line' id='line_1_44' title="bbox 471 4210 2063 4281; baseline -0.002 -11"><span class='ocrx_word' id='word_1_294' title='bbox 471 4214 647 4270; x_wconf 85' lang='lat' dir='ltr'><strong>solum</strong></span> <span class='ocrx_word' id='word_1_295' title='bbox 673 4229 703 4267; x_wconf 91' lang='lat' dir='ltr'><strong>a</strong></span> <span class='ocrx_word' id='word_1_296' title='bbox 738 4212 1033 4268; x_wconf 88' lang='lat' dir='ltr'><strong>Crescente</strong></span> <span class='ocrx_word' id='word_1_297' title='bbox 1083 4210 1398 4275; x_wconf 83' lang='lat' dir='ltr'><strong>Viennensi,</strong></span> <span class='ocrx_word' id='word_1_298' title='bbox 1427 4214 1522 4268; x_wconf 86' lang='lat' dir='ltr'><strong>sed</strong></span> <span class='ocrx_word' id='word_1_299' title='bbox 1569 4212 1733 4267; x_wconf 92' lang='lat' dir='ltr'><strong>etiam</strong></span> <span class='ocrx_word' id='word_1_300' title='bbox 1763 4228 1792 4266; x_wconf 88' lang='lat' dir='ltr'><strong>a</strong></span> <span class='ocrx_word' id='word_1_301' title='bbox 1826 4210 2063 4281; x_wconf 87' lang='lat' dir='ltr'><strong>Tropbi-</strong></span> 
     </span>
    </p>
   </div>
   <div class='ocr_carea' id='block_1_45' title="bbox 471 4304 2063 4376">
    <p class='ocr_par' dir='ltr' id='par_1_45' title="bbox 471 4304 2063 4376">
     <span class='ocr_line' id='line_1_45' title="bbox 471 4304 2063 4376; baseline -0.003 -13"><span class='ocrx_word' id='word_1_302' title='bbox 471 4322 561 4363; x_wconf 90' lang='lat' dir='ltr'><strong>mo</strong></span> <span class='ocrx_word' id='word_1_303' title='bbox 591 4306 919 4374; x_wconf 82' lang='lat' dir='ltr'><strong>Arelatensi,</strong></span> <span class='ocrx_word' id='word_1_304' title='bbox 949 4320 978 4360; x_wconf 91' lang='lat' dir='ltr'><strong>a</strong></span> <span class='ocrx_word' id='word_1_305' title='bbox 1005 4305 1171 4361; x_wconf 89' lang='lat' dir='ltr'><strong>Paulo</strong></span> <span class='ocrx_word' id='word_1_306' title='bbox 1195 4305 1557 4370; x_wconf 90' lang='lat' dir='ltr'><strong>Narbonensi,</strong></span> <span class='ocrx_word' id='word_1_307' title='bbox 1583 4304 1677 4376; x_wconf 90' lang='lat' dir='ltr'><strong>qui</strong></span> <span class='ocrx_word' id='word_1_308' title='bbox 1700 4305 1949 4375; x_wconf 82' lang='lat' dir='ltr'><strong>proxime</strong></span> <span class='ocrx_word' id='word_1_309' title='bbox 1976 4319 2063 4360; x_wconf 84' lang='lat' dir='ltr'><strong>se-</strong></span> 
     </span>
    </p>
   </div>
   <div class='ocr_carea' id='block_1_46' title="bbox 471 4396 2066 4466">
    <p class='ocr_par' dir='ltr' id='par_1_46' title="bbox 471 4396 2066 4466">
     <span class='ocr_line' id='line_1_46' title="bbox 471 4396 2066 4466; baseline 0 -14"><span class='ocrx_word' id='word_1_310' title='bbox 471 4405 632 4454; x_wconf 90' lang='lat' dir='ltr'><strong>cutus</strong></span> <span class='ocrx_word' id='word_1_311' title='bbox 677 4407 762 4453; x_wconf 90' lang='lat' dir='ltr'><strong>est</strong></span> <span class='ocrx_word' id='word_1_312' title='bbox 796 4397 1151 4466; x_wconf 86' lang='lat' dir='ltr'><strong>Trophimum</strong></span> <span class='ocrx_word' id='word_1_313' title='bbox 1175 4438 1190 4462; x_wconf 94' lang='lat'><strong>,</strong></span> <span class='ocrx_word' id='word_1_314' title='bbox 1220 4405 1275 4452; x_wconf 91' lang='lat' dir='ltr'><strong>et</strong></span> <span class='ocrx_word' id='word_1_315' title='bbox 1306 4397 1524 4452; x_wconf 90' lang='lat' dir='ltr'><strong>demum</strong></span> <span class='ocrx_word' id='word_1_316' title='bbox 1555 4411 1587 4450; x_wconf 85' lang='lat' dir='ltr'><strong>a.</strong></span> <span class='ocrx_word' id='word_1_317' title='bbox 1639 4398 1936 4452; x_wconf 86' lang='lat' dir='ltr'><strong>Saturnino</strong></span> <span class='ocrx_word' id='word_1_318' title='bbox 1965 4396 2066 4452; x_wconf 85' lang='lat' dir='ltr'><strong>To-</strong></span> 
     </span>
    </p>
   </div>
   <div class='ocr_carea' id='block_1_47' title="bbox 2178 516 3772 597">
    <p class='ocr_par' dir='ltr' id='par_1_47' title="bbox 2178 516 3772 597">
     <span class='ocr_line' id='line_1_47' title="bbox 2178 516 3772 597; baseline 0.008 -27"><span class='ocrx_word' id='word_1_319' title='bbox 2178 516 2500 575; x_wconf 86' lang='lat' dir='ltr'><strong>Savinianus</strong></span> <span class='ocrx_word' id='word_1_320' title='bbox 2543 520 2873 577; x_wconf 86' lang='lat' dir='ltr'><strong>Senonensis</strong></span> <span class='ocrx_word' id='word_1_321' title='bbox 2904 564 2921 589; x_wconf 91' lang='lat'><strong>,</strong></span> <span class='ocrx_word' id='word_1_322' title='bbox 2980 521 3226 579; x_wconf 87' lang='lat' dir='ltr'><strong>Nicasius</strong></span> <span class='ocrx_word' id='word_1_323' title='bbox 3278 524 3772 597; x_wconf 80' lang='lat' dir='ltr'><strong>Rethomagensis,</strong></span> 
     </span>
    </p>
   </div>
   <div class='ocr_carea' id='block_1_48' title="bbox 2176 607 3768 677">
    <p class='ocr_par' dir='ltr' id='par_1_48' title="bbox 2176 607 3768 677">
     <span class='ocr_line' id='line_1_48' title="bbox 2176 607 3768 677; baseline 0.009 -15"><span class='ocrx_word' id='word_1_324' title='bbox 2176 607 2460 666; x_wconf 88' lang='lat' dir='ltr'><strong>Caraunus</strong></span> <span class='ocrx_word' id='word_1_325' title='bbox 2502 612 2888 677; x_wconf 83' lang='lat' dir='ltr'><strong>Carnotensis,</strong></span> <span class='ocrx_word' id='word_1_326' title='bbox 2931 623 2985 669; x_wconf 88' lang='lat' dir='ltr'><strong>et</strong></span> <span class='ocrx_word' id='word_1_327' title='bbox 3020 614 3266 671; x_wconf 84' lang='lat' dir='ltr'><strong>Julianus</strong></span> <span class='ocrx_word' id='word_1_328' title='bbox 3315 621 3768 677; x_wconf 74' lang='lat' dir='ltr'><strong>Cenomanensis.</strong></span> 
     </span>
    </p>
   </div>
   <div class='ocr_carea' id='block_1_49' title="bbox 2179 696 3772 777">
    <p class='ocr_par' dir='ltr' id='par_1_49' title="bbox 2179 696 3772 777">
     <span class='ocr_line' id='line_1_49' title="bbox 2179 696 3772 777; baseline 0.007 -25"><span class='ocrx_word' id='word_1_329' title='bbox 2179 696 2438 767; x_wconf 83' lang='lat' dir='ltr'><strong>Superest</strong></span> <span class='ocrx_word' id='word_1_330' title='bbox 2491 710 2550 756; x_wconf 93' lang='lat' dir='ltr'><strong>ut</strong></span> <span class='ocrx_word' id='word_1_331' title='bbox 2607 705 2671 758; x_wconf 90' lang='lat' dir='ltr'><strong>de</strong></span> <span class='ocrx_word' id='word_1_332' title='bbox 2726 704 3072 774; x_wconf 76' lang='lat' dir='ltr'><strong>Lugdunensi</strong></span> <span class='ocrx_word' id='word_1_333' title='bbox 3121 707 3339 762; x_wconf 84' lang='lat' dir='ltr'><strong>civitate</strong></span> <span class='ocrx_word' id='word_1_334' title='bbox 3394 725 3708 777; x_wconf 77' lang='lat' dir='ltr'><strong>qumramus</strong></span> <span class='ocrx_word' id='word_1_335' title='bbox 3754 730 3772 768; x_wconf 70' lang='grc' dir='ltr'><em>τ</em></span> 
     </span>
    </p>
   </div>
   <div class='ocr_carea' id='block_1_50' title="bbox 2175 796 3775 872">
    <p class='ocr_par' dir='ltr' id='par_1_50' title="bbox 2175 796 3775 872">
     <span class='ocr_line' id='line_1_50' title="bbox 2175 796 3775 872; baseline 0.009 -27"><span class='ocrx_word' id='word_1_336' title='bbox 2175 807 2295 860; x_wconf 72' lang='lat' dir='ltr'><strong>quae</strong></span> <span class='ocrx_word' id='word_1_337' title='bbox 2326 796 2542 872; x_wconf 86' lang='lat' dir='ltr'><strong>quidem</strong></span> <span class='ocrx_word' id='word_1_338' title='bbox 2575 814 2696 852; x_wconf 84' lang='lat' dir='ltr'><strong>cum</strong></span> <span class='ocrx_word' id='word_1_339' title='bbox 2737 799 3001 867; x_wconf 82' lang='lat' dir='ltr'><strong>principia</strong></span> <span class='ocrx_word' id='word_1_340' title='bbox 3045 800 3389 868; x_wconf 84' lang='lat' dir='ltr'><strong>episcopatus</strong></span> <span class='ocrx_word' id='word_1_341' title='bbox 3433 802 3630 857; x_wconf 89' lang='lat' dir='ltr'><strong>debeat</strong></span> <span class='ocrx_word' id='word_1_342' title='bbox 3664 804 3775 859; x_wconf 78' lang='lat' dir='ltr'><strong>Po-</strong></span> 
     </span>
    </p>
   </div>
   <div class='ocr_carea' id='block_1_51' title="bbox 2177 882 3773 962">
    <p class='ocr_par' dir='ltr' id='par_1_51' title="bbox 2177 882 3773 962">
     <span class='ocr_line' id='line_1_51' title="bbox 2177 882 3773 962; baseline 0.007 -27"><span class='ocrx_word' id='word_1_343' title='bbox 2177 882 2348 950; x_wconf 88' lang='lat' dir='ltr'><strong>thino,</strong></span> <span class='ocrx_word' id='word_1_344' title='bbox 2396 886 2486 953; x_wconf 88' lang='lat' dir='ltr'><strong>qui</strong></span> <span class='ocrx_word' id='word_1_345' title='bbox 2542 901 2734 956; x_wconf 88' lang='lat' dir='ltr'><strong>passus</strong></span> <span class='ocrx_word' id='word_1_346' title='bbox 2789 890 2888 942; x_wconf 84' lang='lat' dir='ltr'><strong>sub</strong></span> <span class='ocrx_word' id='word_1_347' title='bbox 2913 891 3167 953; x_wconf 81' lang='lat' dir='ltr'><strong>Antonio,</strong></span> <span class='ocrx_word' id='word_1_348' title='bbox 3228 907 3369 944; x_wconf 91' lang='lat' dir='ltr'><strong>anno</strong></span> <span class='ocrx_word' id='word_1_349' title='bbox 3399 895 3600 947; x_wconf 81' lang='lat' dir='ltr'><strong>Christi</strong></span> <span class='ocrx_word' id='word_1_350' title='bbox 3641 896 3773 962; x_wconf 67' lang='lat'><strong>177,</strong></span> 
     </span>
    </p>
   </div>
   <div class='ocr_carea' id='block_1_52' title="bbox 2176 976 3773 1048">
    <p class='ocr_par' dir='ltr' id='par_1_52' title="bbox 2176 976 3773 1048">
     <span class='ocr_line' id='line_1_52' title="bbox 2176 976 3773 1048; baseline 0.005 -21"><span class='ocrx_word' id='word_1_351' title='bbox 2176 976 2546 1044; x_wconf 86' lang='lat' dir='ltr'><strong>nonagenario</strong></span> <span class='ocrx_word' id='word_1_352' title='bbox 2611 978 2802 1045; x_wconf 83' lang='lat' dir='ltr'><strong>major,</strong></span> <span class='ocrx_word' id='word_1_353' title='bbox 2846 979 2938 1034; x_wconf 93' lang='lat' dir='ltr'><strong>sed</strong></span> <span class='ocrx_word' id='word_1_354' title='bbox 2983 979 3211 1034; x_wconf 77' lang='lat' dir='ltr'><strong>inferior</strong></span> <span class='ocrx_word' id='word_1_355' title='bbox 3241 983 3521 1048; x_wconf 86' lang='lat' dir='ltr'><strong>Tropbimi</strong></span> <span class='ocrx_word' id='word_1_356' title='bbox 3572 987 3773 1038; x_wconf 77' lang='lat' dir='ltr'><strong>Arela-</strong></span> 
     </span>
    </p>
   </div>
   <div class='ocr_carea' id='block_1_53' title="bbox 2176 1063 3773 1145">
    <p class='ocr_par' dir='ltr' id='par_1_53' title="bbox 2176 1063 3773 1145">
     <span class='ocr_line' id='line_1_53' title="bbox 2176 1063 3773 1145; baseline 0.008 -25"><span class='ocrx_word' id='word_1_357' title='bbox 2176 1063 2350 1121; x_wconf 78' lang='lat' dir='ltr'><strong>tensis</strong></span> <span class='ocrx_word' id='word_1_358' title='bbox 2408 1067 2781 1135; x_wconf 79' lang='lat' dir='ltr'><strong>institutione,</strong></span> <span class='ocrx_word' id='word_1_359' title='bbox 2827 1086 2932 1124; x_wconf 86' lang='lat' dir='ltr'><strong>nnu</strong></span> <span class='ocrx_word' id='word_1_360' title='bbox 2986 1073 3176 1125; x_wconf 87' lang='lat' dir='ltr'><strong>dubito</strong></span> <span class='ocrx_word' id='word_1_361' title='bbox 3206 1075 3336 1143; x_wconf 85' lang='lat' dir='ltr'><strong>quin</strong></span> <span class='ocrx_word' id='word_1_362' title='bbox 3390 1077 3550 1145; x_wconf 82' lang='lat' dir='ltr'><strong>hujus</strong></span> <span class='ocrx_word' id='word_1_363' title='bbox 3581 1081 3773 1132; x_wconf 71' lang='lat' dir='ltr'><strong>studio</strong></span> 
     </span>
    </p>
   </div>
   <div class='ocr_carea' id='block_1_54' title="bbox 2176 1158 3771 1232">
    <p class='ocr_par' dir='ltr' id='par_1_54' title="bbox 2176 1158 3771 1232">
     <span class='ocr_line' id='line_1_54' title="bbox 2176 1158 3771 1232; baseline 0.009 -22"><span class='ocrx_word' id='word_1_364' title='bbox 2176 1158 2370 1214; x_wconf 81' lang='lat' dir='ltr'><strong>debeat</strong></span> <span class='ocrx_word' id='word_1_365' title='bbox 2421 1162 2690 1230; x_wconf 84' lang='lat' dir='ltr'><strong>primitias</strong></span> <span class='ocrx_word' id='word_1_366' title='bbox 2745 1163 2891 1216; x_wconf 88' lang='lat' dir='ltr'><strong>fidei.</strong></span> <span class='ocrx_word' id='word_1_367' title='bbox 2947 1162 3262 1232; x_wconf 84' lang='lat' dir='ltr'><strong>Siquidem,</strong></span> <span class='ocrx_word' id='word_1_368' title='bbox 3310 1175 3367 1221; x_wconf 92' lang='lat' dir='ltr'><strong>ul</strong></span> <span class='ocrx_word' id='word_1_369' title='bbox 3423 1169 3771 1224; x_wconf 79' lang='lat' dir='ltr'><strong>tradiderunt</strong></span> 
     </span>
    </p>
   </div>
   <div class='ocr_carea' id='block_1_55' title="bbox 2176 1253 3765 1327">
    <p class='ocr_par' dir='ltr' id='par_1_55' title="bbox 2176 1253 3765 1327">
     <span class='ocr_line' id='line_1_55' title="bbox 2176 1253 3765 1327; baseline 0.007 -21"><span class='ocrx_word' id='word_1_370' title='bbox 2176 1253 2410 1322; x_wconf 78' lang='lat' dir='ltr'><strong>episcopi</strong></span> <span class='ocrx_word' id='word_1_371' title='bbox 2445 1255 2496 1308; x_wconf 92' lang='lat' dir='ltr'><strong>in</strong></span> <span class='ocrx_word' id='word_1_372' title='bbox 2546 1255 2728 1310; x_wconf 90' lang='lat' dir='ltr'><strong>libello</strong></span> <span class='ocrx_word' id='word_1_373' title='bbox 2766 1256 2948 1310; x_wconf 87' lang='lat' dir='ltr'><strong>oblato</strong></span> <span class='ocrx_word' id='word_1_374' title='bbox 2989 1255 3152 1311; x_wconf 85' lang='lat' dir='ltr'><strong>Leoni</strong></span> <span class='ocrx_word' id='word_1_375' title='bbox 3198 1275 3346 1327; x_wconf 74' lang='lat' dir='ltr'><strong>papa:</strong></span> <span class='ocrx_word' id='word_1_376' title='bbox 3374 1275 3514 1312; x_wconf 90' lang='lat' dir='ltr'><strong>anno</strong></span> <span class='ocrx_word' id='word_1_377' title='bbox 3543 1262 3671 1325; x_wconf 73' lang='lat'><strong>450,</strong></span> <span class='ocrx_word' id='word_1_378' title='bbox 3696 1279 3765 1317; x_wconf 73' lang='lat' dir='ltr'><strong>ex</strong></span> 
     </span>
    </p>
   </div>
   <div class='ocr_carea' id='block_1_56' title="bbox 2176 1346 3764 1419">
    <p class='ocr_par' dir='ltr' id='par_1_56' title="bbox 2176 1346 3764 1419">
     <span class='ocr_line' id='line_1_56' title="bbox 2176 1346 3764 1419; baseline 0.006 -20"><span class='ocrx_word' id='word_1_379' title='bbox 2176 1346 2471 1416; x_wconf 84' lang='lat' dir='ltr'><strong>Trophimo</strong></span> <span class='ocrx_word' id='word_1_380' title='bbox 2503 1349 2648 1402; x_wconf 88' lang='lat' dir='ltr'><strong>velut</strong></span> <span class='ocrx_word' id='word_1_381' title='bbox 2681 1365 2744 1402; x_wconf 81' lang='lat' dir='ltr'><strong>ex</strong></span> <span class='ocrx_word' id='word_1_382' title='bbox 2780 1348 2928 1404; x_wconf 90' lang='lat' dir='ltr'><strong>fonte</strong></span> <span class='ocrx_word' id='word_1_383' title='bbox 2963 1350 3333 1419; x_wconf 82' lang='lat' dir='ltr'><strong>profluxerunt</strong></span> <span class='ocrx_word' id='word_1_384' title='bbox 3365 1354 3522 1406; x_wconf 88' lang='lat' dir='ltr'><strong>rivuli</strong></span> <span class='ocrx_word' id='word_1_385' title='bbox 3556 1358 3675 1407; x_wconf 85' lang='lat' dir='ltr'><strong>lidei</strong></span> <span class='ocrx_word' id='word_1_386' title='bbox 3709 1357 3764 1409; x_wconf 88' lang='lat' dir='ltr'><strong>in</strong></span> 
     </span>
    </p>
   </div>
   <div class='ocr_carea' id='block_1_57' title="bbox 2175 1439 3766 1515">
    <p class='ocr_par' dir='ltr' id='par_1_57' title="bbox 2175 1439 3766 1515">
     <span class='ocr_line' id='line_1_57' title="bbox 2175 1439 3766 1515; baseline 0.006 -23"><span class='ocrx_word' id='word_1_387' title='bbox 2175 1440 2310 1494; x_wconf 90' lang='lat' dir='ltr'><strong>alias</strong></span> <span class='ocrx_word' id='word_1_388' title='bbox 2342 1439 2639 1495; x_wconf 78' lang='lat' dir='ltr'><strong>Galliarum</strong></span> <span class='ocrx_word' id='word_1_389' title='bbox 2677 1453 2897 1509; x_wconf 85' lang='lat' dir='ltr'><strong>partes;</strong></span> <span class='ocrx_word' id='word_1_390' title='bbox 2924 1443 3066 1510; x_wconf 84' lang='lat' dir='ltr'><strong>quod</strong></span> <span class='ocrx_word' id='word_1_391' title='bbox 3095 1445 3381 1500; x_wconf 83' lang='lat' dir='ltr'><strong>COItfirmat</strong></span> <span class='ocrx_word' id='word_1_392' title='bbox 3404 1461 3621 1515; x_wconf 88' lang='lat' dir='ltr'><strong>quoque</strong></span> <span class='ocrx_word' id='word_1_393' title='bbox 3654 1446 3766 1500; x_wconf 75' lang='lat' dir='ltr'><strong>Zo—</strong></span> 
     </span>
    </p>
   </div>
   <div class='ocr_carea' id='block_1_58' title="bbox 2174 1533 3764 1602">
    <p class='ocr_par' dir='ltr' id='par_1_58' title="bbox 2174 1533 3764 1602">
     <span class='ocr_line' id='line_1_58' title="bbox 2174 1533 3764 1602; baseline 0.006 -18"><span class='ocrx_word' id='word_1_394' title='bbox 2174 1533 2296 1585; x_wconf 86' lang='lat' dir='ltr'><strong>simi</strong></span> <span class='ocrx_word' id='word_1_395' title='bbox 2353 1548 2503 1601; x_wconf 77' lang='lat' dir='ltr'><strong>papa:</strong></span> <span class='ocrx_word' id='word_1_396' title='bbox 2561 1533 2808 1599; x_wconf 82' lang='lat' dir='ltr'><strong>epistola.</strong></span> <span class='ocrx_word' id='word_1_397' title='bbox 2867 1535 3046 1601; x_wconf 84' lang='lat' dir='ltr'><strong>Quare</strong></span> <span class='ocrx_word' id='word_1_398' title='bbox 3126 1552 3247 1590; x_wconf 88' lang='lat' dir='ltr'><strong>cmn</strong></span> <span class='ocrx_word' id='word_1_399' title='bbox 3305 1537 3496 1593; x_wconf 82' lang='lat' dir='ltr'><strong>Arelas</strong></span> <span class='ocrx_word' id='word_1_400' title='bbox 3555 1539 3764 1602; x_wconf 72' lang='lat' dir='ltr'><strong>ltalize,</strong></span> 
     </span>
    </p>
   </div>
   <div class='ocr_carea' id='block_1_59' title="bbox 2173 1623 3763 1696">
    <p class='ocr_par' dir='ltr' id='par_1_59' title="bbox 2173 1623 3763 1696">
     <span class='ocr_line' id='line_1_59' title="bbox 2173 1623 3763 1696; baseline 0.004 -18"><span class='ocrx_word' id='word_1_401' title='bbox 2173 1623 2415 1678; x_wconf 82' lang='lat' dir='ltr'><strong>Orientis</strong></span> <span class='ocrx_word' id='word_1_402' title='bbox 2443 1632 2497 1677; x_wconf 91' lang='lat' dir='ltr'><strong>et</strong></span> <span class='ocrx_word' id='word_1_403' title='bbox 2552 1623 2749 1678; x_wconf 77' lang='lat' dir='ltr'><strong>Africae</strong></span> <span class='ocrx_word' id='word_1_404' title='bbox 2796 1628 3140 1680; x_wconf 83' lang='lat' dir='ltr'><strong>commerciis</strong></span> <span class='ocrx_word' id='word_1_405' title='bbox 3170 1639 3398 1696; x_wconf 85' lang='lat' dir='ltr'><strong>pateret,</strong></span> <span class='ocrx_word' id='word_1_406' title='bbox 3434 1641 3488 1684; x_wconf 90' lang='lat' dir='ltr'><strong>et</strong></span> <span class='ocrx_word' id='word_1_407' title='bbox 3527 1630 3597 1685; x_wconf 89' lang='lat' dir='ltr'><strong>ob</strong></span> <span class='ocrx_word' id='word_1_408' title='bbox 3638 1647 3763 1684; x_wconf 89' lang='lat' dir='ltr'><strong>eam</strong></span> 
     </span>
    </p>
   </div>
   <div class='ocr_carea' id='block_1_60' title="bbox 2178 1712 3764 1791">
    <p class='ocr_par' dir='ltr' id='par_1_60' title="bbox 2178 1712 3764 1791">
     <span class='ocr_line' id='line_1_60' title="bbox 2178 1712 3764 1791; baseline 0.007 -25"><span class='ocrx_word' id='word_1_409' title='bbox 2178 1713 2440 1767; x_wconf 91' lang='lat' dir='ltr'><strong>rationem</strong></span> <span class='ocrx_word' id='word_1_410' title='bbox 2493 1712 2754 1783; x_wconf 87' lang='lat' dir='ltr'><strong>Lugduuo</strong></span> <span class='ocrx_word' id='word_1_411' title='bbox 2797 1715 3182 1771; x_wconf 83' lang='lat' dir='ltr'><strong>florentissimo</strong></span> <span class='ocrx_word' id='word_1_412' title='bbox 3215 1718 3514 1776; x_wconf 82' lang='lat' dir='ltr'><strong>Galliarum</strong></span> <span class='ocrx_word' id='word_1_413' title='bbox 3563 1738 3764 1791; x_wconf 85' lang='lat' dir='ltr'><strong>empo-</strong></span> 
     </span>
    </p>
   </div>
   <div class='ocr_carea' id='block_1_61' title="bbox 2179 1803 3763 1882">
    <p class='ocr_par' dir='ltr' id='par_1_61' title="bbox 2179 1803 3763 1882">
     <span class='ocr_line' id='line_1_61' title="bbox 2179 1803 3763 1882; baseline 0.008 -24"><span class='ocrx_word' id='word_1_414' title='bbox 2179 1803 2258 1858; x_wconf 87' lang='lat' dir='ltr'><strong>rio</strong></span> <span class='ocrx_word' id='word_1_415' title='bbox 2279 1804 2718 1874; x_wconf 78' lang='lat' dir='ltr'><strong>conjungeretur,</strong></span> <span class='ocrx_word' id='word_1_416' title='bbox 2757 1806 2976 1860; x_wconf 87' lang='lat' dir='ltr'><strong>obvium</strong></span> <span class='ocrx_word' id='word_1_417' title='bbox 3010 1808 3112 1860; x_wconf 80' lang='lat' dir='ltr'><strong>fuit</strong></span> <span class='ocrx_word' id='word_1_418' title='bbox 3144 1807 3442 1878; x_wconf 83' lang='lat' dir='ltr'><strong>Tmphimu</strong></span> <span class='ocrx_word' id='word_1_419' title='bbox 3483 1828 3583 1882; x_wconf 89' lang='lat' dir='ltr'><strong>per</strong></span> <span class='ocrx_word' id='word_1_420' title='bbox 3611 1831 3670 1868; x_wconf 90' lang='lat' dir='ltr'><strong>se</strong></span> <span class='ocrx_word' id='word_1_421' title='bbox 3705 1823 3763 1870; x_wconf 67' lang='lat' dir='ltr'><strong>et</strong></span> 
     </span>
    </p>
   </div>
   <div class='ocr_carea' id='block_1_62' title="bbox 2176 1895 3763 1967">
    <p class='ocr_par' dir='ltr' id='par_1_62' title="bbox 2176 1895 3763 1967">
     <span class='ocr_line' id='line_1_62' title="bbox 2176 1895 3763 1967; baseline 0.006 -16"><span class='ocrx_word' id='word_1_422' title='bbox 2176 1911 2274 1966; x_wconf 91' lang='lat' dir='ltr'><strong>per</strong></span> <span class='ocrx_word' id='word_1_423' title='bbox 2303 1895 2441 1950; x_wconf 90' lang='lat' dir='ltr'><strong>alios</strong></span> <span class='ocrx_word' id='word_1_424' title='bbox 2464 1897 2670 1967; x_wconf 82' lang='lat' dir='ltr'><strong>legatos</strong></span> <span class='ocrx_word' id='word_1_425' title='bbox 2708 1897 2830 1953; x_wconf 79' lang='lat' dir='ltr'><strong>fidei</strong></span> <span class='ocrx_word' id='word_1_426' title='bbox 2873 1897 3198 1954; x_wconf 69' lang='lat' dir='ltr'><strong>Christiana:</strong></span> <span class='ocrx_word' id='word_1_427' title='bbox 3236 1917 3528 1958; x_wconf 84' lang='lat' dir='ltr'><strong>sementem</strong></span> <span class='ocrx_word' id='word_1_428' title='bbox 3563 1906 3634 1960; x_wconf 89' lang='lat' dir='ltr'><strong>ibi</strong></span> <span class='ocrx_word' id='word_1_429' title='bbox 3667 1920 3763 1961; x_wconf 87' lang='lat' dir='ltr'><strong>sc-</strong></span> 
     </span>
    </p>
   </div>
   <div class='ocr_carea' id='block_1_63' title="bbox 2175 1989 3761 2063">
    <p class='ocr_par' dir='ltr' id='par_1_63' title="bbox 2175 1989 3761 2063">
     <span class='ocr_line' id='line_1_63' title="bbox 2175 1989 3761 2063; baseline 0.006 -22"><span class='ocrx_word' id='word_1_430' title='bbox 2175 2002 2320 2051; x_wconf 83' lang='lat' dir='ltr'><strong>ret&#39;e,</strong></span> <span class='ocrx_word' id='word_1_431' title='bbox 2349 2001 2467 2055; x_wconf 75' lang='lat' dir='ltr'><strong>quze</strong></span> <span class='ocrx_word' id='word_1_432' title='bbox 2501 1989 2714 2041; x_wconf 87' lang='lat' dir='ltr'><strong>tandem</strong></span> <span class='ocrx_word' id='word_1_433' title='bbox 2756 1989 2805 2042; x_wconf 89' lang='lat' dir='ltr'><strong>iu</strong></span> <span class='ocrx_word' id='word_1_434' title='bbox 2849 2005 2970 2044; x_wconf 88' lang='lat' dir='ltr'><strong>cum</strong></span> <span class='ocrx_word' id='word_1_435' title='bbox 3029 1991 3265 2045; x_wconf 77' lang='lat' dir='ltr'><strong>ﬁdelium</strong></span> <span class='ocrx_word' id='word_1_436' title='bbox 3309 2005 3509 2048; x_wconf 69' lang='lat' dir='ltr'><strong>emtum</strong></span> <span class='ocrx_word' id='word_1_437' title='bbox 3561 1997 3761 2063; x_wconf 62' lang='lat' dir='ltr'><strong>crevit,</strong></span> 
     </span>
    </p>
   </div>
   <div class='ocr_carea' id='block_1_64' title="bbox 2174 2077 3365 2152">
    <p class='ocr_par' dir='ltr' id='par_1_64' title="bbox 2174 2077 3365 2152">
     <span class='ocr_line' id='line_1_64' title="bbox 2174 2077 3365 2152; baseline 0.006 -20"><span class='ocrx_word' id='word_1_438' title='bbox 2174 2080 2322 2150; x_wconf 87' lang='lat' dir='ltr'><strong>quia</strong></span> <span class='ocrx_word' id='word_1_439' title='bbox 2357 2077 2588 2134; x_wconf 86' lang='lat' dir='ltr'><strong>Pothino</strong></span> <span class='ocrx_word' id='word_1_440' title='bbox 2621 2080 2874 2150; x_wconf 90' lang='lat' dir='ltr'><strong>episcopo</strong></span> <span class='ocrx_word' id='word_1_441' title='bbox 2910 2083 3018 2152; x_wconf 82' lang='lat' dir='ltr'><strong>regi</strong></span> <span class='ocrx_word' id='word_1_442' title='bbox 3045 2096 3365 2141; x_wconf 83' lang='lat' dir='ltr'><strong>mereretur.</strong></span> 
     </span>
    </p>
   </div>
   <div class='ocr_carea' id='block_1_65' title="bbox 2246 2171 3764 2252">
    <p class='ocr_par' dir='ltr' id='par_1_65' title="bbox 2246 2171 3764 2252">
     <span class='ocr_line' id='line_1_65' title="bbox 2246 2171 3764 2252; baseline 0.007 -26"><span class='ocrx_word' id='word_1_443' title='bbox 2246 2171 2360 2227; x_wconf 91' lang='lat' dir='ltr'><strong>Non</strong></span> <span class='ocrx_word' id='word_1_444' title='bbox 2385 2187 2469 2226; x_wconf 90' lang='lat' dir='ltr'><strong>me</strong></span> <span class='ocrx_word' id='word_1_445' title='bbox 2502 2172 2653 2234; x_wconf 88' lang='lat' dir='ltr'><strong>latet,</strong></span> <span class='ocrx_word' id='word_1_446' title='bbox 2683 2173 2735 2227; x_wconf 91' lang='lat' dir='ltr'><strong>in</strong></span> <span class='ocrx_word' id='word_1_447' title='bbox 2770 2176 3017 2244; x_wconf 68' lang='lat' dir='ltr'><strong>quaedam</strong></span> <span class='ocrx_word' id='word_1_448' title='bbox 3051 2180 3208 2242; x_wconf 75' lang='lat' dir='ltr'><strong>Acta,</strong></span> <span class='ocrx_word' id='word_1_449' title='bbox 3245 2179 3444 2248; x_wconf 80' lang='lat' dir='ltr'><strong>quibus</strong></span> <span class='ocrx_word' id='word_1_450' title='bbox 3471 2181 3593 2237; x_wconf 68' lang='lat' dir='ltr'><strong>vitae</strong></span> <span class='ocrx_word' id='word_1_451' title='bbox 3623 2198 3764 2252; x_wconf 77' lang='lat' dir='ltr'><strong>pon-</strong></span> 
     </span>
    </p>
   </div>
   <div class='ocr_carea' id='block_1_66' title="bbox 2175 2265 3761 2341">
    <p class='ocr_par' dir='ltr' id='par_1_66' title="bbox 2175 2265 3761 2341">
     <span class='ocr_line' id='line_1_66' title="bbox 2175 2265 3761 2341; baseline 0.006 -20"><span class='ocrx_word' id='word_1_452' title='bbox 2175 2265 2380 2321; x_wconf 83' lang='lat' dir='ltr'><strong>tificum</strong></span> <span class='ocrx_word' id='word_1_453' title='bbox 2425 2266 2639 2320; x_wconf 89' lang='lat' dir='ltr'><strong>illorum</strong></span> <span class='ocrx_word' id='word_1_454' title='bbox 2693 2267 3099 2332; x_wconf 83' lang='lat' dir='ltr'><strong>describuntur,</strong></span> <span class='ocrx_word' id='word_1_455' title='bbox 3152 2274 3338 2333; x_wconf 84' lang='lat' dir='ltr'><strong>multa,</strong></span> <span class='ocrx_word' id='word_1_456' title='bbox 3377 2275 3520 2341; x_wconf 87' lang='lat' dir='ltr'><strong>quod</strong></span> <span class='ocrx_word' id='word_1_457' title='bbox 3560 2277 3761 2330; x_wconf 80' lang='lat' dir='ltr'><strong>attinet</strong></span> 
     </span>
    </p>
   </div>
   <div class='ocr_carea' id='block_1_67' title="bbox 2173 2358 3757 2430">
    <p class='ocr_par' dir='ltr' id='par_1_67' title="bbox 2173 2358 3757 2430">
     <span class='ocr_line' id='line_1_67' title="bbox 2173 2358 3757 2430; baseline 0.004 -18"><span class='ocrx_word' id='word_1_458' title='bbox 2173 2358 2242 2413; x_wconf 90' lang='lat' dir='ltr'><strong>ad</strong></span> <span class='ocrx_word' id='word_1_459' title='bbox 2265 2374 2453 2413; x_wconf 87' lang='lat' dir='ltr'><strong>eorum</strong></span> <span class='ocrx_word' id='word_1_460' title='bbox 2490 2375 2576 2413; x_wconf 87' lang='lat' dir='ltr'><strong>res</strong></span> <span class='ocrx_word' id='word_1_461' title='bbox 2609 2370 2815 2427; x_wconf 75' lang='lat' dir='ltr'><strong>gestas,</strong></span> <span class='ocrx_word' id='word_1_462' title='bbox 2854 2359 3159 2428; x_wconf 88' lang='lat' dir='ltr'><strong>irrepsisse,</strong></span> <span class='ocrx_word' id='word_1_463' title='bbox 3195 2378 3314 2430; x_wconf 71' lang='lat' dir='ltr'><strong>qua:</strong></span> <span class='ocrx_word' id='word_1_464' title='bbox 3351 2380 3509 2418; x_wconf 91' lang='lat' dir='ltr'><strong>manu</strong></span> <span class='ocrx_word' id='word_1_465' title='bbox 3546 2369 3757 2420; x_wconf 86' lang='lat' dir='ltr'><strong>medica</strong></span> 
     </span>
    </p>
   </div>
   <div class='ocr_carea' id='block_1_68' title="bbox 2172 2456 3759 2524">
    <p class='ocr_par' dir='ltr' id='par_1_68' title="bbox 2172 2456 3759 2524">
     <span class='ocr_line' id='line_1_68' title="bbox 2172 2456 3759 2524; baseline 0.006 -19"><span class='ocrx_word' id='word_1_466' title='bbox 2172 2461 2387 2521; x_wconf 81' lang='lat' dir='ltr'><strong>egeant,</strong></span> <span class='ocrx_word' id='word_1_467' title='bbox 2425 2460 2484 2505; x_wconf 91' lang='lat' dir='ltr'><strong>ut</strong></span> <span class='ocrx_word' id='word_1_468' title='bbox 2536 2462 2940 2524; x_wconf 86' lang='lat' dir='ltr'><strong>repurgentur;</strong></span> <span class='ocrx_word' id='word_1_469' title='bbox 2989 2456 3445 2524; x_wconf 85' lang='lat' dir='ltr'><strong>quemadmodum</strong></span> <span class='ocrx_word' id='word_1_470' title='bbox 3496 2458 3564 2514; x_wconf 90' lang='lat' dir='ltr'><strong>de</strong></span> <span class='ocrx_word' id='word_1_471' title='bbox 3613 2463 3759 2515; x_wconf 76' lang='lat' dir='ltr'><strong>Actis</strong></span> 
     </span>
    </p>
   </div>
   <div class='ocr_carea' id='block_1_69' title="bbox 2170 2541 3759 2612">
    <p class='ocr_par' dir='ltr' id='par_1_69' title="bbox 2170 2541 3759 2612">
     <span class='ocr_line' id='line_1_69' title="bbox 2170 2541 3759 2612; baseline 0.006 -16"><span class='ocrx_word' id='word_1_472' title='bbox 2170 2541 2398 2612; x_wconf 85' lang='lat' dir='ltr'><strong>hujusce</strong></span> <span class='ocrx_word' id='word_1_473' title='bbox 2439 2543 2659 2612; x_wconf 80' lang='lat' dir='ltr'><strong>generis</strong></span> <span class='ocrx_word' id='word_1_474' title='bbox 2695 2547 3011 2602; x_wconf 75' lang='lat' dir='ltr'><strong>decreVerat</strong></span> <span class='ocrx_word' id='word_1_475' title='bbox 3037 2548 3163 2602; x_wconf 89' lang='lat' dir='ltr'><strong>olim</strong></span> <span class='ocrx_word' id='word_1_476' title='bbox 3192 2547 3483 2602; x_wconf 80' lang='lat' dir='ltr'><strong>cont-ilium</strong></span> <span class='ocrx_word' id='word_1_477' title='bbox 3517 2550 3759 2605; x_wconf 79' lang='lat' dir='ltr'><strong>Franco—</strong></span> 
     </span>
    </p>
   </div>
   <div class='ocr_carea' id='block_1_70' title="bbox 2172 2632 3760 2696">
    <p class='ocr_par' dir='ltr' id='par_1_70' title="bbox 2172 2632 3760 2696">
     <span class='ocr_line' id='line_1_70' title="bbox 2172 2632 3760 2696; baseline 0.008 -12"><span class='ocrx_word' id='word_1_478' title='bbox 2172 2632 2447 2688; x_wconf 85' lang='lat' dir='ltr'><strong>fordicuse</strong></span> <span class='ocrx_word' id='word_1_479' title='bbox 2485 2649 2628 2687; x_wconf 90' lang='lat' dir='ltr'><strong>anno</strong></span> <span class='ocrx_word' id='word_1_480' title='bbox 2651 2634 2774 2692; x_wconf 68' lang='lat'><strong>794.</strong></span> <span class='ocrx_word' id='word_1_481' title='bbox 2803 2637 2853 2688; x_wconf 94' lang='lat' dir='ltr'><strong>Id</strong></span> <span class='ocrx_word' id='word_1_482' title='bbox 2885 2647 3063 2692; x_wconf 88' lang='lat' dir='ltr'><strong>tamen</strong></span> <span class='ocrx_word' id='word_1_483' title='bbox 3114 2653 3221 2690; x_wconf 90' lang='lat' dir='ltr'><strong>nou</strong></span> <span class='ocrx_word' id='word_1_484' title='bbox 3265 2637 3431 2693; x_wconf 87' lang='lat' dir='ltr'><strong>officit</strong></span> <span class='ocrx_word' id='word_1_485' title='bbox 3478 2641 3760 2696; x_wconf 84' lang='lat' dir='ltr'><strong>missionis</strong></span> 
     </span>
    </p>
   </div>
   <div class='ocr_carea' id='block_1_71' title="bbox 2173 2724 3762 2802">
    <p class='ocr_par' dir='ltr' id='par_1_71' title="bbox 2173 2724 3762 2802">
     <span class='ocr_line' id='line_1_71' title="bbox 2173 2724 3762 2802; baseline 0.007 -26"><span class='ocrx_word' id='word_1_486' title='bbox 2173 2724 2411 2790; x_wconf 89' lang='lat' dir='ltr'><strong>veritati,</strong></span> <span class='ocrx_word' id='word_1_487' title='bbox 2445 2726 2510 2780; x_wconf 88' lang='lat' dir='ltr'><strong>de</strong></span> <span class='ocrx_word' id='word_1_488' title='bbox 2538 2742 2646 2796; x_wconf 87' lang='lat' dir='ltr'><strong>qua</strong></span> <span class='ocrx_word' id='word_1_489' title='bbox 2709 2725 2821 2781; x_wconf 87' lang='lat' dir='ltr'><strong>sola</strong></span> <span class='ocrx_word' id='word_1_490' title='bbox 2866 2730 3153 2782; x_wconf 89' lang='lat' dir='ltr'><strong>asserenda</strong></span> <span class='ocrx_word' id='word_1_491' title='bbox 3195 2746 3337 2784; x_wconf 89' lang='lat' dir='ltr'><strong>mmc</strong></span> <span class='ocrx_word' id='word_1_492' title='bbox 3361 2732 3559 2802; x_wconf 85' lang='lat' dir='ltr'><strong>agitur,</strong></span> <span class='ocrx_word' id='word_1_493' title='bbox 3585 2735 3762 2787; x_wconf 67' lang='lat' dir='ltr'><strong>omiso</strong></span> 
     </span>
    </p>
   </div>
   <div class='ocr_carea' id='block_1_72' title="bbox 2172 2816 3760 2889">
    <p class='ocr_par' dir='ltr' id='par_1_72' title="bbox 2172 2816 3760 2889">
     <span class='ocr_line' id='line_1_72' title="bbox 2172 2816 3760 2889; baseline 0.006 -18"><span class='ocrx_word' id='word_1_494' title='bbox 2172 2816 2247 2871; x_wconf 90' lang='lat' dir='ltr'><strong>sis</strong></span> <span class='ocrx_word' id='word_1_495' title='bbox 2277 2819 2488 2871; x_wconf 71' lang='lat' dir='ltr'><strong>caeteris</strong></span> <span class='ocrx_word' id='word_1_496' title='bbox 2533 2835 2653 2889; x_wconf 77' lang='lat' dir='ltr'><strong>qua:</strong></span> <span class='ocrx_word' id='word_1_497' title='bbox 2701 2820 2751 2874; x_wconf 90' lang='lat' dir='ltr'><strong>in</strong></span> <span class='ocrx_word' id='word_1_498' title='bbox 2786 2822 3143 2888; x_wconf 67' lang='lat' dir='ltr'><strong>quaestionem</strong></span> <span class='ocrx_word' id='word_1_499' title='bbox 3189 2824 3526 2879; x_wconf 89' lang='lat' dir='ltr'><strong>adducentur</strong></span> <span class='ocrx_word' id='word_1_500' title='bbox 3560 2842 3590 2880; x_wconf 88' lang='lat' dir='ltr'><strong>a</strong></span> <span class='ocrx_word' id='word_1_501' title='bbox 3624 2828 3760 2881; x_wconf 84' lang='lat' dir='ltr'><strong>viris</strong></span> 
     </span>
    </p>
   </div>
   <div class='ocr_carea' id='block_1_73' title="bbox 2170 2912 3759 2982">
    <p class='ocr_par' dir='ltr' id='par_1_73' title="bbox 2170 2912 3759 2982">
     <span class='ocr_line' id='line_1_73' title="bbox 2170 2912 3759 2982; baseline 0.006 -18"><span class='ocrx_word' id='word_1_502' title='bbox 2170 2912 2421 2977; x_wconf 86' lang='lat' dir='ltr'><strong>eruditis,</strong></span> <span class='ocrx_word' id='word_1_503' title='bbox 2461 2913 2526 2966; x_wconf 88' lang='lat' dir='ltr'><strong>de</strong></span> <span class='ocrx_word' id='word_1_504' title='bbox 2551 2913 2748 2982; x_wconf 86' lang='lat' dir='ltr'><strong>quibus</strong></span> <span class='ocrx_word' id='word_1_505' title='bbox 2787 2914 2920 2970; x_wconf 88' lang='lat' dir='ltr'><strong>alias</strong></span> <span class='ocrx_word' id='word_1_506' title='bbox 2948 2912 3179 2971; x_wconf 80' lang='lat' dir='ltr'><strong>fortasse</strong></span> <span class='ocrx_word' id='word_1_507' title='bbox 3216 2920 3540 2972; x_wconf 88' lang='lat' dir='ltr'><strong>sententiam</strong></span> <span class='ocrx_word' id='word_1_508' title='bbox 3576 2934 3759 2973; x_wconf 80' lang='lat' dir='ltr'><strong>meam</strong></span> 
     </span>
    </p>
   </div>
   <div class='ocr_carea' id='block_1_74' title="bbox 2169 3009 3757 3079">
    <p class='ocr_par' dir='ltr' id='par_1_74' title="bbox 2169 3009 3757 3079">
     <span class='ocr_line' id='line_1_74' title="bbox 2169 3009 3757 3079; baseline 0.005 -20"><span class='ocrx_word' id='word_1_509' title='bbox 2169 3009 2434 3075; x_wconf 86' lang='lat' dir='ltr'><strong>aperiam.</strong></span> <span class='ocrx_word' id='word_1_510' title='bbox 2461 3009 2678 3063; x_wconf 84' lang='lat' dir='ltr'><strong>interim</strong></span> <span class='ocrx_word' id='word_1_511' title='bbox 2707 3012 2913 3064; x_wconf 85' lang='lat' dir='ltr'><strong>amicos</strong></span> <span class='ocrx_word' id='word_1_512' title='bbox 2955 3021 3169 3064; x_wconf 89' lang='lat' dir='ltr'><strong>nostros</strong></span> <span class='ocrx_word' id='word_1_513' title='bbox 3211 3012 3474 3079; x_wconf 87' lang='lat' dir='ltr'><strong>obtestor,</strong></span> <span class='ocrx_word' id='word_1_514' title='bbox 3524 3021 3582 3066; x_wconf 91' lang='lat' dir='ltr'><strong>ut</strong></span> <span class='ocrx_word' id='word_1_515' title='bbox 3627 3016 3757 3067; x_wconf 79' lang='grc' dir='ltr'><strong>ι›.›ιιί</strong></span> 
     </span>
    </p>
   </div>
   <div class='ocr_carea' id='block_1_75' title="bbox 2169 3098 3759 3172">
    <p class='ocr_par' dir='ltr' id='par_1_75' title="bbox 2169 3098 3759 3172">
     <span class='ocr_line' id='line_1_75' title="bbox 2169 3098 3759 3172; baseline 0.006 -21"><span class='ocrx_word' id='word_1_516' title='bbox 2169 3098 2452 3152; x_wconf 90' lang='lat' dir='ltr'><strong>consulant</strong></span> <span class='ocrx_word' id='word_1_517' title='bbox 2471 3099 2751 3169; x_wconf 66' lang='lat' dir='ltr'><strong>qum,licct</strong></span> <span class='ocrx_word' id='word_1_518' title='bbox 2780 3100 2956 3155; x_wconf 88' lang='lat' dir='ltr'><strong>aliena</strong></span> <span class='ocrx_word' id='word_1_519' title='bbox 2988 3104 3056 3156; x_wconf 89' lang='lat' dir='ltr'><strong>ab</strong></span> <span class='ocrx_word' id='word_1_520' title='bbox 3079 3118 3264 3157; x_wconf 87' lang='lat' dir='ltr'><strong>eormn</strong></span> <span class='ocrx_word' id='word_1_521' title='bbox 3293 3104 3582 3166; x_wconf 88' lang='lat' dir='ltr'><strong>sententia,</strong></span> <span class='ocrx_word' id='word_1_522' title='bbox 3615 3105 3759 3172; x_wconf 82' lang='lat' dir='ltr'><strong>dixi,</strong></span> 
     </span>
    </p>
   </div>
   <div class='ocr_carea' id='block_1_76' title="bbox 2166 3194 3757 3260">
    <p class='ocr_par' dir='ltr' id='par_1_76' title="bbox 2166 3194 3757 3260">
     <span class='ocr_line' id='line_1_76' title="bbox 2166 3194 3757 3260; baseline 0.009 -21"><span class='ocrx_word' id='word_1_523' title='bbox 2166 3201 2490 3259; x_wconf 84' lang='lat' dir='ltr'><strong>provocatus</strong></span> <span class='ocrx_word' id='word_1_524' title='bbox 2511 3194 2723 3246; x_wconf 75' lang='lat' dir='ltr'><strong>tneudze</strong></span> <span class='ocrx_word' id='word_1_525' title='bbox 2752 3196 2999 3249; x_wconf 83' lang='lat' dir='ltr'><strong>veritatis</strong></span> <span class='ocrx_word' id='word_1_526' title='bbox 3037 3195 3324 3260; x_wconf 75' lang='lat' dir='ltr'><strong>desiderio,</strong></span> <span class='ocrx_word' id='word_1_527' title='bbox 3359 3197 3425 3251; x_wconf 91' lang='lat' dir='ltr'><strong>ad</strong></span> <span class='ocrx_word' id='word_1_528' title='bbox 3456 3201 3757 3254; x_wconf 88' lang='lat' dir='ltr'><strong>restituen-</strong></span> 
     </span>
    </p>
   </div>
   <div class='ocr_carea' id='block_1_77' title="bbox 2167 3282 3758 3358">
    <p class='ocr_par' dir='ltr' id='par_1_77' title="bbox 2167 3282 3758 3358">
     <span class='ocr_line' id='line_1_77' title="bbox 2167 3282 3758 3358; baseline 0.008 -24"><span class='ocrx_word' id='word_1_529' title='bbox 2167 3284 2287 3336; x_wconf 89' lang='lat' dir='ltr'><strong>dam</strong></span> <span class='ocrx_word' id='word_1_530' title='bbox 2345 3282 2608 3339; x_wconf 73' lang='lat' dir='ltr'><strong>Ecclcsiae</strong></span> <span class='ocrx_word' id='word_1_531' title='bbox 2657 3283 2949 3338; x_wconf 71' lang='lat' dir='ltr'><strong>Gallicana:</strong></span> <span class='ocrx_word' id='word_1_532' title='bbox 2981 3287 3348 3355; x_wconf 85' lang='lat' dir='ltr'><strong>majestatem,</strong></span> <span class='ocrx_word' id='word_1_533' title='bbox 3383 3290 3561 3358; x_wconf 89' lang='lat' dir='ltr'><strong>aliquo</strong></span> <span class='ocrx_word' id='word_1_534' title='bbox 3590 3303 3758 3358; x_wconf 83' lang='lat' dir='ltr'><strong>pacto</strong></span> 
     </span>
    </p>
   </div>
   <div class='ocr_carea' id='block_1_78' title="bbox 2167 3376 3756 3450">
    <p class='ocr_par' dir='ltr' id='par_1_78' title="bbox 2167 3376 3756 3450">
     <span class='ocr_line' id='line_1_78' title="bbox 2167 3376 3756 3450; baseline 0.007 -22"><span class='ocrx_word' id='word_1_535' title='bbox 2167 3376 2505 3431; x_wconf 90' lang='lat' dir='ltr'><strong>imminutam</strong></span> <span class='ocrx_word' id='word_1_536' title='bbox 2541 3394 2606 3433; x_wconf 75' lang='lat' dir='ltr'><strong>ex</strong></span> <span class='ocrx_word' id='word_1_537' title='bbox 2641 3380 2899 3448; x_wconf 83' lang='lat' dir='ltr'><strong>depressa</strong></span> <span class='ocrx_word' id='word_1_538' title='bbox 2950 3381 3180 3450; x_wconf 80' lang='lat' dir='ltr'><strong>originis</strong></span> <span class='ocrx_word' id='word_1_539' title='bbox 3241 3381 3386 3436; x_wconf 88' lang='lat' dir='ltr'><strong>illius</strong></span> <span class='ocrx_word' id='word_1_540' title='bbox 3435 3391 3702 3438; x_wconf 75' lang='lat' dir='ltr'><strong>vetustate</strong></span> <span class='ocrx_word' id='word_1_541' title='bbox 3737 3401 3756 3438; x_wconf 90' lang='lat'><strong>:</strong></span> 
     </span>
    </p>
   </div>
   <div class='ocr_carea' id='block_1_79' title="bbox 2164 3470 3755 3543">
    <p class='ocr_par' dir='ltr' id='par_1_79' title="bbox 2164 3470 3755 3543">
     <span class='ocr_line' id='line_1_79' title="bbox 2164 3470 3755 3543; baseline 0.008 -23"><span class='ocrx_word' id='word_1_542' title='bbox 2164 3483 2286 3535; x_wconf 64' lang='lat' dir='ltr'><strong>qua:</strong></span> <span class='ocrx_word' id='word_1_543' title='bbox 2336 3470 2388 3522; x_wconf 89' lang='lat' dir='ltr'><strong>in</strong></span> <span class='ocrx_word' id='word_1_544' title='bbox 2445 3472 2608 3525; x_wconf 86' lang='lat' dir='ltr'><strong>rebus</strong></span> <span class='ocrx_word' id='word_1_545' title='bbox 2656 3473 2831 3526; x_wconf 88' lang='lat' dir='ltr'><strong>sacris</strong></span> <span class='ocrx_word' id='word_1_546' title='bbox 2884 3489 2989 3525; x_wconf 88' lang='lat' dir='ltr'><strong>non</strong></span> <span class='ocrx_word' id='word_1_547' title='bbox 3031 3472 3309 3543; x_wconf 84' lang='lat' dir='ltr'><strong>vulgarem</strong></span> <span class='ocrx_word' id='word_1_548' title='bbox 3341 3477 3755 3532; x_wconf 84' lang='lat' dir='ltr'><strong>venerationem</strong></span> 
     </span>
    </p>
   </div>
   <div class='ocr_carea' id='block_1_80' title="bbox 2166 3561 3759 3636">
    <p class='ocr_par' dir='ltr' id='par_1_80' title="bbox 2166 3561 3759 3636">
     <span class='ocr_line' id='line_1_80' title="bbox 2166 3561 3759 3636; baseline 0.005 -20"><span class='ocrx_word' id='word_1_549' title='bbox 2166 3561 2462 3616; x_wconf 88' lang='lat' dir='ltr'><strong>conciliare</strong></span> <span class='ocrx_word' id='word_1_550' title='bbox 2501 3563 2660 3628; x_wconf 90' lang='lat' dir='ltr'><strong>solet,</strong></span> <span class='ocrx_word' id='word_1_551' title='bbox 2689 3573 2800 3616; x_wconf 93' lang='lat' dir='ltr'><strong>tum</strong></span> <span class='ocrx_word' id='word_1_552' title='bbox 2845 3563 3268 3630; x_wconf 43' lang='lat' dir='ltr'><strong>Ecclesiishtum</strong></span> <span class='ocrx_word' id='word_1_553' title='bbox 3297 3566 3459 3621; x_wconf 86' lang='lat' dir='ltr'><strong>etiam</strong></span> <span class='ocrx_word' id='word_1_554' title='bbox 3508 3568 3759 3636; x_wconf 83' lang='lat' dir='ltr'><strong>imperiis</strong></span> 
     </span>
    </p>
   </div>
   <div class='ocr_carea' id='block_1_81' title="bbox 2165 3641 3770 3725">
    <p class='ocr_par' dir='ltr' id='par_1_81' title="bbox 2165 3641 3770 3725">
     <span class='ocr_line' id='line_1_81' title="bbox 2165 3641 3770 3725; baseline 0.004 -17"><span class='ocrx_word' id='word_1_555' title='bbox 2165 3652 2498 3708; x_wconf 84' lang='lat' dir='ltr'><strong>Christianis</strong></span> <span class='ocrx_word' id='word_1_556' title='bbox 2545 3655 2601 3708; x_wconf 92' lang='lat' dir='ltr'><strong>iu</strong></span> <span class='ocrx_word' id='word_1_557' title='bbox 2636 3655 2832 3724; x_wconf 90' lang='lat' dir='ltr'><strong>quibus</strong></span> <span class='ocrx_word' id='word_1_558' title='bbox 2880 3664 3006 3710; x_wconf 90' lang='lat' dir='ltr'><strong>sunt</strong></span> <span class='ocrx_word' id='word_1_559' title='bbox 3054 3659 3385 3713; x_wconf 55' lang='lat' dir='ltr'><strong>constituta.</strong></span> <span class='ocrx_word' id='word_1_560' title='bbox 3413 3657 3596 3725; x_wconf 86' lang='lat' dir='ltr'><strong>Quare</strong></span> <span class='ocrx_word' id='word_1_561' title='bbox 3642 3641 3770 3714; x_wconf 38' lang='lat' dir='ltr'><strong>non.</strong></span> 
     </span>
    </p>
   </div>
   <div class='ocr_carea' id='block_1_82' title="bbox 2165 3745 3755 3816">
    <p class='ocr_par' dir='ltr' id='par_1_82' title="bbox 2165 3745 3755 3816">
     <span class='ocr_line' id='line_1_82' title="bbox 2165 3745 3755 3816; baseline 0.002 -17"><span class='ocrx_word' id='word_1_562' title='bbox 2165 3745 2512 3810; x_wconf 87' lang='lat' dir='ltr'><strong>evertendas,</strong></span> <span class='ocrx_word' id='word_1_563' title='bbox 2549 3747 2644 3800; x_wconf 86' lang='lat' dir='ltr'><strong>sed</strong></span> <span class='ocrx_word' id='word_1_564' title='bbox 2693 3747 3004 3801; x_wconf 84' lang='lat' dir='ltr'><strong>retinendas</strong></span> <span class='ocrx_word' id='word_1_565' title='bbox 3031 3747 3211 3816; x_wconf 88' lang='lat' dir='ltr'><strong>putavi</strong></span> <span class='ocrx_word' id='word_1_566' title='bbox 3257 3764 3374 3816; x_wconf 84' lang='lat' dir='ltr'><strong>quae</strong></span> <span class='ocrx_word' id='word_1_567' title='bbox 3414 3763 3540 3803; x_wconf 84' lang='lat' dir='ltr'><strong>vero</strong></span> <span class='ocrx_word' id='word_1_568' title='bbox 3564 3750 3755 3803; x_wconf 70' lang='lat' dir='ltr'><strong>nitun-</strong></span> 
     </span>
    </p>
   </div>
   <div class='ocr_carea' id='block_1_83' title="bbox 2169 3837 3750 3908">
    <p class='ocr_par' dir='ltr' id='par_1_83' title="bbox 2169 3837 3750 3908">
     <span class='ocr_line' id='line_1_83' title="bbox 2169 3837 3750 3908; baseline 0.004 -18"><span class='ocrx_word' id='word_1_569' title='bbox 2169 3845 2256 3890; x_wconf 90' lang='lat' dir='ltr'><strong>tur</strong></span> <span class='ocrx_word' id='word_1_570' title='bbox 2307 3837 2628 3893; x_wconf 88' lang='lat' dir='ltr'><strong>traditiones</strong></span> <span class='ocrx_word' id='word_1_571' title='bbox 2673 3849 2906 3902; x_wconf 89' lang='lat' dir='ltr'><strong>nostras,</strong></span> <span class='ocrx_word' id='word_1_572' title='bbox 2958 3840 3229 3908; x_wconf 86' lang='lat' dir='ltr'><strong>praecipue</strong></span> <span class='ocrx_word' id='word_1_573' title='bbox 3257 3855 3379 3894; x_wconf 92' lang='lat' dir='ltr'><strong>cum</strong></span> <span class='ocrx_word' id='word_1_574' title='bbox 3424 3841 3474 3894; x_wconf 93' lang='lat' dir='ltr'><strong>iu</strong></span> <span class='ocrx_word' id='word_1_575' title='bbox 3507 3841 3750 3898; x_wconf 70' lang='lat' dir='ltr'><strong>Ecclesia</strong></span> 
     </span>
    </p>
   </div>
   <div class='ocr_carea' id='block_1_84' title="bbox 2164 3929 3753 4003">
    <p class='ocr_par' dir='ltr' id='par_1_84' title="bbox 2164 3929 3753 4003">
     <span class='ocr_line' id='line_1_84' title="bbox 2164 3929 3753 4003; baseline 0.002 -18"><span class='ocrx_word' id='word_1_576' title='bbox 2164 3929 2438 3993; x_wconf 84' lang='lat' dir='ltr'><strong>Romana,</strong></span> <span class='ocrx_word' id='word_1_577' title='bbox 2474 3945 2537 3986; x_wconf 89' lang='lat' dir='ltr'><strong>ac</strong></span> <span class='ocrx_word' id='word_1_578' title='bbox 2581 3941 2692 3986; x_wconf 87' lang='lat' dir='ltr'><strong>toto</strong></span> <span class='ocrx_word' id='word_1_579' title='bbox 2727 3933 2779 3984; x_wconf 94' lang='lat' dir='ltr'><strong>in</strong></span> <span class='ocrx_word' id='word_1_580' title='bbox 2833 3933 2966 3985; x_wconf 91' lang='lat' dir='ltr'><strong>orbe</strong></span> <span class='ocrx_word' id='word_1_581' title='bbox 2994 3931 3305 3987; x_wconf 83' lang='lat' dir='ltr'><strong>Christiano</strong></span> <span class='ocrx_word' id='word_1_582' title='bbox 3344 3934 3453 4003; x_wconf 86' lang='lat' dir='ltr'><strong>jam</strong></span> <span class='ocrx_word' id='word_1_583' title='bbox 3491 3934 3616 3989; x_wconf 88' lang='lat' dir='ltr'><strong>olim</strong></span> <span class='ocrx_word' id='word_1_584' title='bbox 3663 3950 3753 3988; x_wconf 75' lang='lat' dir='ltr'><strong>re-</strong></span> 
     </span>
    </p>
   </div>
   <div class='ocr_carea' id='block_1_85' title="bbox 2165 4023 3758 4094">
    <p class='ocr_par' dir='ltr' id='par_1_85' title="bbox 2165 4023 3758 4094">
     <span class='ocr_line' id='line_1_85' title="bbox 2165 4023 3758 4094; baseline 0.001 -17"><span class='ocrx_word' id='word_1_585' title='bbox 2165 4033 2336 4094; x_wconf 64' lang='lat' dir='ltr'><strong>ceptae</strong></span> <span class='ocrx_word' id='word_1_586' title='bbox 2360 4023 2594 4091; x_wconf 84' lang='lat' dir='ltr'><strong>fuerint;</strong></span> <span class='ocrx_word' id='word_1_587' title='bbox 2628 4025 2763 4078; x_wconf 90' lang='lat' dir='ltr'><strong>adeo</strong></span> <span class='ocrx_word' id='word_1_588' title='bbox 2796 4033 2856 4076; x_wconf 87' lang='lat' dir='ltr'><strong>ut</strong></span> <span class='ocrx_word' id='word_1_589' title='bbox 2896 4039 3002 4078; x_wconf 90' lang='lat' dir='ltr'><strong>non</strong></span> <span class='ocrx_word' id='word_1_590' title='bbox 3027 4040 3282 4093; x_wconf 80' lang='lat' dir='ltr'><strong>egeamus</strong></span> <span class='ocrx_word' id='word_1_591' title='bbox 3313 4041 3475 4092; x_wconf 88' lang='lat' dir='ltr'><strong>prava</strong></span> <span class='ocrx_word' id='word_1_592' title='bbox 3510 4026 3596 4080; x_wconf 89' lang='lat' dir='ltr'><strong>illa</strong></span> <span class='ocrx_word' id='word_1_593' title='bbox 3626 4027 3758 4081; x_wconf 83' lang='lat' dir='ltr'><strong>dili-</strong></span> 
     </span>
    </p>
   </div>
   <div class='ocr_carea' id='block_1_86' title="bbox 2166 4117 3753 4188">
    <p class='ocr_par' dir='ltr' id='par_1_86' title="bbox 2166 4117 3753 4188">
     <span class='ocr_line' id='line_1_86' title="bbox 2166 4117 3753 4188; baseline 0.001 -17"><span class='ocrx_word' id='word_1_594' title='bbox 2166 4118 2346 4188; x_wconf 80' lang='lat' dir='ltr'><strong>gentia</strong></span> <span class='ocrx_word' id='word_1_595' title='bbox 2368 4133 2529 4186; x_wconf 91' lang='lat' dir='ltr'><strong>quam</strong></span> <span class='ocrx_word' id='word_1_596' title='bbox 2569 4119 2935 4173; x_wconf 88' lang='lat' dir='ltr'><strong>adhibuerunt</strong></span> <span class='ocrx_word' id='word_1_597' title='bbox 2985 4118 3059 4171; x_wconf 92' lang='lat' dir='ltr'><strong>illi</strong></span> <span class='ocrx_word' id='word_1_598' title='bbox 3090 4117 3180 4186; x_wconf 89' lang='lat' dir='ltr'><strong>qui</strong></span> <span class='ocrx_word' id='word_1_599' title='bbox 3213 4118 3377 4172; x_wconf 89' lang='lat' dir='ltr'><strong>etiam</strong></span> <span class='ocrx_word' id='word_1_600' title='bbox 3407 4117 3556 4172; x_wconf 84' lang='lat' dir='ltr'><strong>falsis</strong></span> <span class='ocrx_word' id='word_1_601' title='bbox 3584 4131 3753 4188; x_wconf 83' lang='lat' dir='ltr'><strong>atque</strong></span> 
     </span>
    </p>
   </div>
   <div class='ocr_carea' id='block_1_87' title="bbox 2167 4209 3753 4266">
    <p class='ocr_par' dir='ltr' id='par_1_87' title="bbox 2167 4209 3753 4266">
     <span class='ocr_line' id='line_1_87' title="bbox 2167 4209 3753 4266; baseline 0.001 -2"><span class='ocrx_word' id='word_1_602' title='bbox 2167 4209 2414 4264; x_wconf 82' lang='lat' dir='ltr'><strong>confictis</strong></span> <span class='ocrx_word' id='word_1_603' title='bbox 2441 4209 2542 4264; x_wconf 90' lang='lat' dir='ltr'><strong>sub</strong></span> <span class='ocrx_word' id='word_1_604' title='bbox 2568 4211 2786 4265; x_wconf 90' lang='lat' dir='ltr'><strong>nomine</strong></span> <span class='ocrx_word' id='word_1_605' title='bbox 2828 4220 3070 4264; x_wconf 89' lang='lat' dir='ltr'><strong>veterum</strong></span> <span class='ocrx_word' id='word_1_606' title='bbox 3110 4221 3394 4265; x_wconf 88' lang='lat' dir='ltr'><strong>auctorum</strong></span> <span class='ocrx_word' id='word_1_607' title='bbox 3428 4227 3753 4266; x_wconf 87' lang='lat' dir='ltr'><strong>monumen-</strong></span> 
     </span>
    </p>
   </div>
   <div class='ocr_carea' id='block_1_88' title="bbox 2168 4300 3752 4373">
    <p class='ocr_par' dir='ltr' id='par_1_88' title="bbox 2168 4300 3752 4373">
     <span class='ocr_line' id='line_1_88' title="bbox 2168 4300 3752 4373; baseline 0.003 -19"><span class='ocrx_word' id='word_1_608' title='bbox 2168 4300 2260 4368; x_wconf 92' lang='lat' dir='ltr'><strong>tis,</strong></span> <span class='ocrx_word' id='word_1_609' title='bbox 2295 4307 2620 4356; x_wconf 87' lang='lat' dir='ltr'><strong>vetustatem</strong></span> <span class='ocrx_word' id='word_1_610' title='bbox 2667 4302 2994 4358; x_wconf 71' lang='lat' dir='ltr'><strong>Ghristiaute</strong></span> <span class='ocrx_word' id='word_1_611' title='bbox 3027 4303 3306 4372; x_wconf 80' lang='lat' dir='ltr'><strong>religionis</strong></span> <span class='ocrx_word' id='word_1_612' title='bbox 3345 4303 3446 4358; x_wconf 88' lang='lat' dir='ltr'><strong>sibi</strong></span> <span class='ocrx_word' id='word_1_613' title='bbox 3489 4319 3752 4373; x_wconf 78' lang='lat' dir='ltr'><strong>arrogare</strong></span> 
     </span>
    </p>
   </div>
   <div class='ocr_carea' id='block_1_89' title="bbox 2167 4393 3436 4464">
    <p class='ocr_par' dir='ltr' id='par_1_89' title="bbox 2167 4393 3436 4464">
     <span class='ocr_line' id='line_1_89' title="bbox 2167 4393 3436 4464; baseline 0.002 -16"><span class='ocrx_word' id='word_1_614' title='bbox 2167 4393 2431 4459; x_wconf 90' lang='lat' dir='ltr'><strong>nituntur,</strong></span> <span class='ocrx_word' id='word_1_615' title='bbox 2467 4393 2551 4448; x_wconf 85' lang='lat' dir='ltr'><strong>vel</strong></span> <span class='ocrx_word' id='word_1_616' title='bbox 2584 4393 2750 4448; x_wconf 91' lang='lat' dir='ltr'><strong>etiam</strong></span> <span class='ocrx_word' id='word_1_617' title='bbox 2777 4406 3048 4464; x_wconf 86' lang='lat' dir='ltr'><strong>receptam</strong></span> <span class='ocrx_word' id='word_1_618' title='bbox 3088 4396 3436 4450; x_wconf 79' lang='lat' dir='ltr'><strong>confirmare.</strong></span> 
     </span>
    </p>
   </div>
   <div class='ocr_carea' id='block_1_90' title="bbox 469 4472 3748 4572">
    <p class='ocr_par' dir='ltr' id='par_1_90' title="bbox 469 4472 3748 4572">
     <span class='ocr_line' id='line_1_90' title="bbox 469 4472 3748 4572; baseline 0.003 -25"><span class='ocrx_word' id='word_1_619' title='bbox 469 4490 660 4548; x_wconf 88' lang='lat' dir='ltr'><strong>losano</strong></span> <span class='ocrx_word' id='word_1_620' title='bbox 695 4491 910 4545; x_wconf 75' lang='lat' dir='ltr'><strong>exculta</strong></span> <span class='ocrx_word' id='word_1_621' title='bbox 945 4490 1063 4548; x_wconf 87' lang='lat' dir='ltr'><strong>fuit.</strong></span> <span class='ocrx_word' id='word_1_622' title='bbox 1107 4493 1433 4562; x_wconf 82' lang='lat' dir='ltr'><strong>Aquitanica</strong></span> <span class='ocrx_word' id='word_1_623' title='bbox 1472 4505 1501 4546; x_wconf 86' lang='lat' dir='ltr'><strong>a</strong></span> <span class='ocrx_word' id='word_1_624' title='bbox 1543 4490 1787 4546; x_wconf 83' lang='lat' dir='ltr'><strong>Martiale</strong></span> <span class='ocrx_word' id='word_1_625' title='bbox 1811 4472 2062 4546; x_wconf 69' lang='lat' dir='ltr'><strong>Lemovi-</strong></span> <span class='ocrx_word' id='word_1_626' title='bbox 2095 4517 2139 4572; x_wconf 72' lang='grc' dir='ltr'><strong>ι)</strong></span> <span class='ocrx_word' id='word_1_627' title='bbox 2240 4486 2323 4541; x_wconf 81' lang='lat' dir='ltr'><strong>Tu</strong></span> <span class='ocrx_word' id='word_1_628' title='bbox 2352 4501 2501 4552; x_wconf 68' lang='grc' dir='ltr'><strong>γυῖον</strong></span> <span class='ocrx_word' id='word_1_629' title='bbox 2533 4487 2618 4541; x_wconf 70' lang='lat' dir='ltr'><strong>&quot;ir</strong></span> <span class='ocrx_word' id='word_1_630' title='bbox 2667 4487 2994 4553; x_wconf 67' lang='grc' dir='ltr'><strong>ειπίεδίιιιθι</strong></span> <span class='ocrx_word' id='word_1_631' title='bbox 3026 4503 3122 4558; x_wconf 66' lang='lat' dir='ltr'><strong>PFO</strong></span> <span class='ocrx_word' id='word_1_632' title='bbox 3165 4504 3229 4540; x_wconf 69' lang='lat' dir='ltr'><strong>ea</strong></span> <span class='ocrx_word' id='word_1_633' title='bbox 3279 4504 3382 4558; x_wconf 70' lang='lat' dir='ltr'><strong>qua</strong></span> <span class='ocrx_word' id='word_1_634' title='bbox 3421 4487 3592 4557; x_wconf 73' lang='grc' dir='ltr'><strong>Ροηθδ</strong></span> <span class='ocrx_word' id='word_1_635' title='bbox 3637 4504 3748 4544; x_wconf 78' lang='grc' dir='ltr'><strong>³³οη</strong></span> 
     </span>
    </p>
   </div>
   <div class='ocr_carea' id='block_1_91' title="bbox 468 4581 2058 4653">
    <p class='ocr_par' dir='ltr' id='par_1_91' title="bbox 468 4581 2058 4653">
     <span class='ocr_line' id='line_1_91' title="bbox 468 4581 2058 4653; baseline -0.003 -12"><span class='ocrx_word' id='word_1_636' title='bbox 468 4584 646 4648; x_wconf 89' lang='lat' dir='ltr'><strong>censi,</strong></span> <span class='ocrx_word' id='word_1_637' title='bbox 683 4583 876 4639; x_wconf 86' lang='lat' dir='ltr'><strong>Ursino</strong></span> <span class='ocrx_word' id='word_1_638' title='bbox 905 4583 1254 4648; x_wconf 88' lang='lat' dir='ltr'><strong>Bituricensi,</strong></span> <span class='ocrx_word' id='word_1_639' title='bbox 1280 4583 1560 4639; x_wconf 83' lang='lat' dir='ltr'><strong>Frontone</strong></span> <span class='ocrx_word' id='word_1_640' title='bbox 1595 4581 2058 4653; x_wconf 78' lang='lat' dir='ltr'><strong>Petragoricensi,</strong></span> 
     </span>
    </p>
   </div>
   <div class='ocr_carea' id='block_1_92' title="bbox 469 4673 2057 4746">
    <p class='ocr_par' dir='ltr' id='par_1_92' title="bbox 469 4673 2057 4746">
     <span class='ocr_line' id='line_1_92' title="bbox 469 4673 2057 4746; baseline -0.003 -12"><span class='ocrx_word' id='word_1_641' title='bbox 469 4688 521 4734; x_wconf 89' lang='lat' dir='ltr'><strong>et</strong></span> <span class='ocrx_word' id='word_1_642' title='bbox 574 4678 836 4746; x_wconf 83' lang='lat' dir='ltr'><strong>Eutropio</strong></span> <span class='ocrx_word' id='word_1_643' title='bbox 864 4675 1217 4741; x_wconf 89' lang='lat' dir='ltr'><strong>Santonensi,</strong></span> <span class='ocrx_word' id='word_1_644' title='bbox 1264 4691 1425 4746; x_wconf 85' lang='lat' dir='ltr'><strong>atque</strong></span> <span class='ocrx_word' id='word_1_645' title='bbox 1480 4677 1642 4730; x_wconf 91' lang='lat' dir='ltr'><strong>etiam</strong></span> <span class='ocrx_word' id='word_1_646' title='bbox 1691 4690 1721 4729; x_wconf 89' lang='lat' dir='ltr'><strong>a</strong></span> <span class='ocrx_word' id='word_1_647' title='bbox 1759 4673 2057 4730; x_wconf 90' lang='lat' dir='ltr'><strong>Saturnino</strong></span> 
     </span>
    </p>
   </div>
   <div class='ocr_carea' id='block_1_93' title="bbox 471 4766 2058 4838">
    <p class='ocr_par' dir='ltr' id='par_1_93' title="bbox 471 4766 2058 4838">
     <span class='ocr_line' id='line_1_93' title="bbox 471 4766 2058 4838; baseline -0.001 -15"><span class='ocrx_word' id='word_1_648' title='bbox 471 4771 526 4823; x_wconf 91' lang='lat' dir='ltr'><strong>ln</strong></span> <span class='ocrx_word' id='word_1_649' title='bbox 568 4767 1085 4838; x_wconf 86' lang='lat' dir='ltr'><strong>Novempopulauia,</strong></span> <span class='ocrx_word' id='word_1_650' title='bbox 1115 4783 1233 4838; x_wconf 77' lang='lat' dir='ltr'><strong>quae</strong></span> <span class='ocrx_word' id='word_1_651' title='bbox 1261 4783 1386 4838; x_wconf 88' lang='lat' dir='ltr'><strong>pars</strong></span> <span class='ocrx_word' id='word_1_652' title='bbox 1418 4778 1536 4822; x_wconf 89' lang='lat' dir='ltr'><strong>erat</strong></span> <span class='ocrx_word' id='word_1_653' title='bbox 1578 4766 1900 4836; x_wconf 67' lang='lat' dir='ltr'><strong>Aquitauize.</strong></span> <span class='ocrx_word' id='word_1_654' title='bbox 1946 4766 2058 4822; x_wconf 86' lang='lat' dir='ltr'><strong>Bel-</strong></span> 
     </span>
    </p>
   </div>
   <div class='ocr_carea' id='block_1_94' title="bbox 469 4858 2056 4928">
    <p class='ocr_par' dir='ltr' id='par_1_94' title="bbox 469 4858 2056 4928">
     <span class='ocr_line' id='line_1_94' title="bbox 469 4858 2056 4928; baseline 0.001 -15"><span class='ocrx_word' id='word_1_655' title='bbox 469 4860 646 4928; x_wconf 84' lang='lat' dir='ltr'><strong>gicam</strong></span> <span class='ocrx_word' id='word_1_656' title='bbox 695 4869 1024 4915; x_wconf 90' lang='lat' dir='ltr'><strong>curaverunt</strong></span> <span class='ocrx_word' id='word_1_657' title='bbox 1060 4859 1366 4915; x_wconf 83' lang='lat' dir='ltr'><strong>Eucharius</strong></span> <span class='ocrx_word' id='word_1_658' title='bbox 1395 4860 1437 4914; x_wconf 87' lang='grc' dir='ltr'>Τ</span> <span class='ocrx_word' id='word_1_659' title='bbox 1444 4858 1759 4924; x_wconf 88' lang='lat' dir='ltr'><strong>revireusis,</strong></span> <span class='ocrx_word' id='word_1_660' title='bbox 1805 4858 2056 4914; x_wconf 89' lang='lat' dir='ltr'><strong>Clemens</strong></span> 
     </span>
    </p>
   </div>
   <div class='ocr_carea' id='block_1_95' title="bbox 469 4947 2056 5024">
    <p class='ocr_par' dir='ltr' id='par_1_95' title="bbox 469 4947 2056 5024">
     <span class='ocr_line' id='line_1_95' title="bbox 469 4947 2056 5024; baseline -0.001 -20"><span class='ocrx_word' id='word_1_661' title='bbox 469 4949 749 5018; x_wconf 77' lang='lat' dir='ltr'><strong>Meteusis,</strong></span> <span class='ocrx_word' id='word_1_662' title='bbox 789 4949 965 5024; x_wconf 83' lang='lat' dir='ltr'><strong>thus</strong></span> <span class='ocrx_word' id='word_1_663' title='bbox 1019 4951 1327 5017; x_wconf 84' lang='lat' dir='ltr'><strong>Remeusis,</strong></span> <span class='ocrx_word' id='word_1_664' title='bbox 1379 4959 1434 5006; x_wconf 91' lang='lat' dir='ltr'><strong>et</strong></span> <span class='ocrx_word' id='word_1_665' title='bbox 1469 4947 1754 5006; x_wconf 81' lang='lat' dir='ltr'><strong>Memmius</strong></span> <span class='ocrx_word' id='word_1_666' title='bbox 1805 4948 2056 5004; x_wconf 87' lang='lat' dir='ltr'><strong>Catalau-</strong></span> 
     </span>
    </p>
   </div>
   <div class='ocr_carea' id='block_1_96' title="bbox 470 5043 2053 5116">
    <p class='ocr_par' dir='ltr' id='par_1_96' title="bbox 470 5043 2053 5116">
     <span class='ocr_line' id='line_1_96' title="bbox 470 5043 2053 5116; baseline -0.002 -15"><span class='ocrx_word' id='word_1_667' title='bbox 470 5046 678 5101; x_wconf 80' lang='lat' dir='ltr'><strong>ucnsis.</strong></span> <span class='ocrx_word' id='word_1_668' title='bbox 727 5045 883 5116; x_wconf 85' lang='lat' dir='ltr'><strong>Quod</strong></span> <span class='ocrx_word' id='word_1_669' title='bbox 917 5045 1111 5102; x_wconf 88' lang='lat' dir='ltr'><strong>attinet</strong></span> <span class='ocrx_word' id='word_1_670' title='bbox 1134 5045 1200 5102; x_wconf 61' lang='lat' dir='ltr'><strong>ad</strong></span> <span class='ocrx_word' id='word_1_671' title='bbox 1235 5043 1645 5116; x_wconf 82' lang='lat' dir='ltr'><strong>Lugdunensem</strong></span> <span class='ocrx_word' id='word_1_672' title='bbox 1677 5043 2010 5115; x_wconf 87' lang='lat' dir='ltr'><strong>provinciam</strong></span> <span class='ocrx_word' id='word_1_673' title='bbox 2037 5082 2053 5110; x_wconf 91' lang='lat'><strong>,</strong></span> 
     </span>
    </p>
   </div>
   <div class='ocr_carea' id='block_1_97' title="bbox 2166 4581 3752 4651">
    <p class='ocr_par' dir='ltr' id='par_1_97' title="bbox 2166 4581 3752 4651">
     <span class='ocr_line' id='line_1_97' title="bbox 2166 4581 3752 4651; baseline 0.001 -15"><span class='ocrx_word' id='word_1_674' title='bbox 2166 4581 2340 4636; x_wconf 89' lang='lat' dir='ltr'><strong>solum</strong></span> <span class='ocrx_word' id='word_1_675' title='bbox 2385 4581 2710 4647; x_wconf 88' lang='lat' dir='ltr'><strong>eruditione,</strong></span> <span class='ocrx_word' id='word_1_676' title='bbox 2742 4582 2836 4637; x_wconf 89' lang='lat' dir='ltr'><strong>sed</strong></span> <span class='ocrx_word' id='word_1_677' title='bbox 2884 4583 3048 4637; x_wconf 91' lang='lat' dir='ltr'><strong>etiam</strong></span> <span class='ocrx_word' id='word_1_678' title='bbox 3098 4583 3416 4651; x_wconf 90' lang='lat' dir='ltr'><strong>prudentia,</strong></span> <span class='ocrx_word' id='word_1_679' title='bbox 3457 4584 3522 4637; x_wconf 92' lang='lat' dir='ltr'><strong>de</strong></span> <span class='ocrx_word' id='word_1_680' title='bbox 3556 4593 3752 4637; x_wconf 88' lang='lat' dir='ltr'><strong>nostro</strong></span> 
     </span>
    </p>
   </div>
   <div class='ocr_carea' id='block_1_98' title="bbox 2165 4671 3749 4744">
    <p class='ocr_par' dir='ltr' id='par_1_98' title="bbox 2165 4671 3749 4744">
     <span class='ocr_line' id='line_1_98' title="bbox 2165 4671 3749 4744; baseline 0.001 -18"><span class='ocrx_word' id='word_1_681' title='bbox 2165 4671 2270 4726; x_wconf 89' lang='lat' dir='ltr'><strong>isto</strong></span> <span class='ocrx_word' id='word_1_682' title='bbox 2305 4680 2704 4744; x_wconf 87' lang='lat' dir='ltr'><strong>conatu,prout</strong></span> <span class='ocrx_word' id='word_1_683' title='bbox 2735 4690 2832 4744; x_wconf 88' lang='lat' dir='ltr'><strong>par</strong></span> <span class='ocrx_word' id='word_1_684' title='bbox 2874 4683 2983 4737; x_wconf 87' lang='lat' dir='ltr'><strong>est,</strong></span> <span class='ocrx_word' id='word_1_685' title='bbox 3011 4673 3290 4739; x_wconf 91' lang='lat' dir='ltr'><strong>decernes,</strong></span> <span class='ocrx_word' id='word_1_686' title='bbox 3332 4682 3386 4727; x_wconf 93' lang='lat' dir='ltr'><strong>et</strong></span> <span class='ocrx_word' id='word_1_687' title='bbox 3422 4673 3749 4743; x_wconf 86' lang='lat' dir='ltr'><strong>dignitatem</strong></span> 
     </span>
    </p>
   </div>
   <div class='ocr_carea' id='block_1_99' title="bbox 2164 4761 3744 4819">
    <p class='ocr_par' dir='ltr' id='par_1_99' title="bbox 2164 4761 3744 4819">
     <span class='ocr_line' id='line_1_99' title="bbox 2164 4761 3744 4819; baseline -0.001 -1"><span class='ocrx_word' id='word_1_688' title='bbox 2164 4761 2534 4818; x_wconf 87' lang='lat' dir='ltr'><strong>Ecclesiarum</strong></span> <span class='ocrx_word' id='word_1_689' title='bbox 2603 4763 3006 4819; x_wconf 85' lang='lat' dir='ltr'><strong>Gallicanarum</strong></span> <span class='ocrx_word' id='word_1_690' title='bbox 3081 4765 3356 4819; x_wconf 87' lang='lat' dir='ltr'><strong>robustius</strong></span> <span class='ocrx_word' id='word_1_691' title='bbox 3421 4763 3744 4819; x_wconf 86' lang='lat' dir='ltr'><strong>vindicabis.</strong></span> 
     </span>
    </p>
   </div>
   <div class='ocr_carea' id='block_1_100' title="bbox 2166 4855 2317 4913">
    <p class='ocr_par' dir='ltr' id='par_1_100' title="bbox 2166 4855 2317 4913">
     <span class='ocr_line' id='line_1_100' title="bbox 2166 4855 2317 4913; baseline 0 -1"><span class='ocrx_word' id='word_1_692' title='bbox 2166 4855 2317 4913; x_wconf 83' lang='lat' dir='ltr'><strong>Vale.</strong></span> 
     </span>
    </p>
   </div>
   <div class='ocr_carea' id='block_1_101' title="bbox 2234 4944 3746 5021">
    <p class='ocr_par' dir='ltr' id='par_1_101' title="bbox 2234 4944 3746 5021">
     <span class='ocr_line' id='line_1_101' title="bbox 2234 4944 3746 5021; baseline 0.001 -15"><span class='ocrx_word' id='word_1_693' title='bbox 2234 4950 2461 5007; x_wconf 63' lang='lat' dir='ltr'><strong>Lutetia:</strong></span> <span class='ocrx_word' id='word_1_694' title='bbox 2481 4949 2837 5018; x_wconf 88' lang='lat' dir='ltr'><strong>Parisiorum,</strong></span> <span class='ocrx_word' id='word_1_695' title='bbox 2853 4949 3020 5007; x_wconf 81' lang='lat' dir='ltr'><strong>Nonis</strong></span> <span class='ocrx_word' id='word_1_696' title='bbox 3039 4947 3398 5021; x_wconf 88' lang='lat' dir='ltr'><strong>Septembris,</strong></span> <span class='ocrx_word' id='word_1_697' title='bbox 3418 4962 3561 5004; x_wconf 90' lang='lat' dir='ltr'><strong>anno</strong></span> <span class='ocrx_word' id='word_1_698' title='bbox 3585 4944 3746 5007; x_wconf 72' lang='lat'><strong>1653.</strong></span> 
     </span>
    </p>
   </div>
  </div>
