4034 6450
261 310 331 366 57
1305 305 1656 364 l—llSTORlE
1694 304 2257 364 ECCLESIASTICE
2298 305 2428 363 LIB.
2469 307 2510 360 1.
3470 307 3542 365 58

258 445 424 486 ποντα
459 429 725 484 Μωῦσέα
745 470 758 494 ,
790 429 884 483 καὶ
918 430 1025 499 πρό
1053 447 1116 494 γε
1135 429 1300 483 αὐτοῦ
1333 431 1550 501 πρῶτος
1578 430 1826 502 Ἀϐραὰμ

1957 440 2015 483 ιιι
2043 445 2269 499 magnus
2295 429 2381 483 ille
2400 429 2490 483 Dei
2517 426 2754 484 famulus
2779 427 3012 499 Moyses,
3033 437 3090 481 ut
3119 427 3209 496 qui
3243 436 3367 482 ante
3390 428 3538 481 illum

252 525 433 578 τούτου
463 539 522 574 τε
567 524 621 574 οἱ
679 523 868 586 παῖδες
896 523 991 576 καὶ
1035 524 1149 576 ὅσοι
1186 523 1484 594 μετέπειτα
1515 524 1710 577 δίκαιοι
1756 541 1854 575 πε-

251 615 447 684 φήνασι
471 612 573 664 καὶ
601 613 908 682 προφῆται,
941 612 1200 684 καθαροῖς
1225 612 1462 676 διανοίας
1486 612 1696 683 ὄμμασι
1723 630 1854 681 gav-

248 705 535 767 τασθέντες
574 703 700 773 ('26)
726 745 738 764 .
787 703 1030 771 ἔγνωσαν
1073 721 1133 756 τε
1178 703 1270 756 καὶ
1305 698 1391 756 οἷα
1439 703 1571 756 Θεοῦ
1607 704 1763 756 Παιδὶ
1793 704 1854 756 τὸ

247 798 520 869 πῳσῆκον
571 797 892 868 ἀπένειμαν
937 797 1117 860 σέϐας.
1140 796 1310 860 Αὐτὸς
1332 797 1388 848 δὲ
1418 796 1668 866 οὐδαμῶς
1691 797 1853 867 ἀπορ-

243 890 502 961 ραθνμῶν
538 892 649 958 τῆς
686 891 778 942 τοῦ
820 890 1030 961 Ila-spe;
1065 889 1364 952 εὐσεϐείας,
1395 889 1711 952 διδάσκαλος
1739 892 1852 953 τοῖς

242 985 364 1036 πᾶσι
398 983 500 1052 τῆς
537 983 831 1053 [ἰατρικῆς
851 981 1168 1035 καθίσταται
1200 981 1453 1050 γνώσεως
1478 980 1607 1052 (27).
1647 978 1850 1052 Ὧφθαι

240 1077 361 1144 γοῦν
389 1076 507 1146 (:28)
548 1076 767 1146 Κύριος
801 1077 827 1126 ὀ
858 1074 988 1137 Θεὸς
1016 1075 1300 1144 ἀνείρηται
1326 1069 1414 1127 οἶά
1436 1091 1517 1137 τις
1547 1074 1725 1137 κοινὸς
1756 1075 1849 1127 ἄν-

240 1169 449 1239 θρωπος
494 1169 580 1238 τῷ
633 1169 892 1239 ’Λίῖραὶιμ
934 1169 1227 1239 καθημένῳ
1263 1167 1414 1238 παρὰ
1453 1168 1552 1239 τὴν
1590 1167 1719 1240 δρῦν
1752 1169 1848 1240 τὴν

240 1261 506 1330 Μαμϐρῆ.
564 1261 628 1313 Ὀ
659 1261 703 1312 δ’
735 1260 1024 1313 ὑποπεσὼν
1059 1260 1260 1312 αὐτίκα
1290 1260 1528 1327 καίτοιγε
1566 1258 1848 1331 ἄνθρωπον

238 1353 536 1422 efﬂigi;
566 1353 721 1423 ὁρῶν
745 1394 760 1417 ,
792 1355 1087 1424 προσκυνεῖ
1117 1353 1213 1423 μὲν
1241 1352 1316 1414 ὡς
1350 1351 1502 1413 Θεὸν,
1534 1350 1762 1403 ἱκετεύει
1791 1351 1847 1404 δὲ

238 1445 305 1506 ὡς
332 1444 570 1514 Κύριον.
628 1444 916 1514 Ὁμολογεῖ
947 1461 1004 1496 τε
1059 1443 1132 1513 μὴ
1163 1445 1376 1510 ἀγνοεῖν
1407 1443 1555 1505 ὅστις
1602 1441 1709 1513 εἴη,
1747 1445 1847 1514 ρή-

240 1551 394 1605 μασιν
448 1537 655 1600 αὐτοῖς
702 1537 899 1605 λέγων·
955 1557 971 1587 ι
1014 1536 1183 1607 Κύριε
1221 1537 1250 1587 ὁ
1297 1536 1497 1606 κρίνων
1543 1538 1721 1590 πᾶσαν
1748 1537 1846 1608 τὴν

234 1631 349 1697 γῆν,
386 1629 448 1680 οὐ
488 1631 755 1700 ποιήσεις
790 1629 1005 1700 κρίσινς
1051 1649 1068 1678 ι
1105 1630 1166 1681 Εἰ
1197 1627 1306 1698 γὰρ
1343 1627 1530 1698 μηδεὶς
1561 1629 1844 1700 ἐπιτρέποι

234 1723 381 1789 λόγος
424 1721 529 1792 τὴν
567 1723 874 1792 ἀγέννητον
912 1722 1005 1773 καὶ
1039 1721 1304 1792 ἄτρεπτον
1335 1721 1520 1775 οὐσίαν
1563 1721 1698 1774 Θεοῦ
1734 1722 1841 1794 (29)

1962 522 2102 576 visit
2129 520 2400 574 Abraham
2434 531 2488 573 et
2525 519 2641 590 ejus
2669 519 2782 584 filii,
2810 529 2863 572 et
2893 520 3197 589 quicunque
3222 531 3405 588 postea
3437 515 3540 572 viri

1956 612 2086 680 justi
2114 628 2176 665 ac
2216 613 2495 681 pmphetm
2526 611 2876 675 exstiterunt,
2921 626 3109 664 omnes
3148 614 3297 679 puris
3345 611 3540 666 mentis

1962 706 2135 758 oculis
2176 702 2524 770 contemplati
2572 712 2930 771 agnoverunt,
2961 703 3245 772 eidemque
3282 714 3537 772 tanquam

1973 797 2071 851 Dei
2103 797 2242 851 Filio
2284 797 2524 849 debitum
2561 797 2761 867 Cultum
2805 795 3188 850 exltibuerunt.
3243 795 3358 865 Ipse
3410 812 3540 851 vero

1960 890 2168 957 absque
2202 889 2306 942 ulla
2346 889 2687 941 cunctatione
2741 887 2920 943 Patris
2948 889 3027 942 sui
3062 890 3267 942 cultum
3297 904 3360 943 ac
3395 892 3538 944 noti-

1963 981 2090 1034 tiam
2125 982 2381 1036 omnibus
2429 997 2642 1050 semper
2689 991 2944 1048 tanquam
2997 983 3256 1050 magister
3291 985 3532 1039 tradidit.

1960 1074 2223 1142 Apparuit
2269 1073 2435 1142 igitur
2495 1073 2754 1128 Dominus
2810 1074 2953 1129 Deus
3009 1075 3244 1144 vulgaris
3300 1077 3536 1132 hominis

1958 1167 2144 1233 specie
2173 1166 2404 1219 Abrahae
2432 1165 2497 1218 ad
2528 1181 2784 1233 quercum
2813 1166 3053 1221 Mamhre
3081 1169 3312 1223 sedenti.
3344 1169 3413 1222 At
3447 1169 3536 1224 ille

1956 1259 2142 1312 statim
2181 1259 2231 1312 in
2260 1274 2432 1326 genua
2471 1259 2783 1328 prolapsus,
2835 1261 3048 1313 tametsi
3099 1261 3373 1314 hominem
3418 1271 3538 1315 tau--

1959 1360 2068 1402 tum
2103 1351 2274 1404 oculis
2302 1351 2532 1415 videret,
2563 1353 2810 1406 adoravit
2847 1352 3208 1407 nihilominus
3245 1363 3301 1407 ut
3329 1356 3492 1408 Deum
3515 1395 3532 1421 ,

1955 1455 2008 1498 et
2047 1453 2301 1513 tanquatn
2334 1446 2564 1499 Domino
2591 1445 2944 1514 supplicavit,
3001 1457 3054 1500 et
3095 1449 3343 1516 quisnam
3390 1458 3536 1506 esset

1955 1552 2012 1591 se
2037 1552 2192 1592 nosse
2217 1538 2494 1606 professus
2520 1538 2697 1592 csthis
2724 1538 2930 1594 verbis:
2963 1558 2981 1590 ι
3011 1538 3252 1606 Domine,
3283 1543 3370 1610 qui
3392 1541 3535 1607 judi-

1954 1646 2048 1682 cas
2066 1644 2280 1684 onmem
2304 1640 2522 1693 terram,
2556 1631 2796 1700 nunquid
2828 1631 3315 1698 faciesjudicimn?
3346 1651 3365 1685 ›
3394 1632 3528 1686 Nam

1953 1736 2077 1772 cum
2111 1721 2402 1775 absurdum
2435 1731 2487 1773 et
2514 1719 2581 1772 ab
2607 1721 2755 1774 omni
2783 1721 2994 1776 ratione
3025 1721 3262 1775 alienum
3293 1722 3383 1786 sit,
3416 1732 3529 1775 tum

234 1813 320 1866 τοῦ
357 1814 823 1884 παντοκράτορος
854 1815 932 1876 εἰς
968 1812 1160 1884 ἀνδρὸς
1188 1808 1327 1876 εἶδος
1364 1813 1740 1883 μεταϐάλλειν,
1771 1816 1829 1884 μὶ

1950 1823 2008 1866 ut
2035 1814 2272 1884 ingenita
2300 1824 2355 1866 et
2386 1813 2740 1867 immutabilis
2769 1814 3171 1884 omnipotentis
3203 1815 3296 1869 Dei
3337 1825 3529 1871 natura

233 1905 273 1957 δ’
302 1901 366 1957 αὖ
410 1905 694 1976 γεννητοῦ
738 1905 964 1976 μηδενὸς
1013 1906 1286 1975 φαντασία
1333 1904 1431 1968 τὰς
1456 1905 1564 1958 τῶν
1597 1905 1845 1977 ὁρώντων

235 2000 376 2069 bist;
401 2001 726 2070 ἐξαπατᾷν,
766 1998 899 2069 μηδὲ
941 1997 1045 2068 μὴν
1089 1997 1302 2068 ψευδῶς
1330 1997 1398 2054 τὰ
1425 1999 1650 2052 τοιαῦτα
1676 1998 1846 2052 πλάτ-

232 2091 414 2144 τεσθαι
445 2091 552 2161 τὴν
587 2089 839 2161 Γρα-εςὴν,
869 2087 1001 2150 Θεὸς
1024 2088 1117 2140 καὶ
1138 2085 1343 2158 Κύριος
1375 2088 1403 2139 ὁ
1432 2086 1631 2158 κρίνων
1665 2089 1844 2139 πᾶσαν

235 2188 327 2257 τὴν
367 2186 475 2254 γῆν
529 2186 634 2238 καὶ
693 2183 860 2236 ποιῶν
909 2182 1088 2252 κρίσιν
1135 2184 1191 2235 ὲν
1235 2179 1522 2252 ἀνθρώπου
1568 2180 1844 2252 ὁρώμενος

237 2280 490 2348 σχήματι,
530 2279 619 2341 τίς
673 2277 740 2330 ἂν
790 2277 973 2347 ἕτερος
1019 2275 1424 2345 ἀναγορεύοιτο,
1460 2275 1507 2327 εἰ
1559 2274 1633 2345 μὴ
1678 2275 1840 2343 φάναι

239 2371 383 2439 θέμις
412 2371 474 2422 τὸ
504 2370 734 2441 πρῶτον
768 2368 874 2421 τῶν
907 2368 1042 2420 ὅλων
1087 2367 1277 2430 αἴτιον,
1316 2367 1348 2438 ἢ
1391 2367 1549 2437 μόνος
1585 2369 1614 2420 ὁ
1659 2368 1840 2438 προὼν

237 2463 390 2516 αὐτοῦ
435 2464 665 2530 Λόγοςς
714 2463 842 2530 περὶ
885 2456 946 2515 οὗ
993 2459 1086 2513 καὶ
1128 2462 1184 2512 ἐν
1232 2459 1485 2530 Ψαλμοῖς
1514 2459 1833 2531 ἀνείρηται·

243 2574 261 2606 ι
297 2555 612 2608 Ἀπέστειλε
636 2555 731 2607 τὸν
769 2554 937 2622 Λόγον
967 2551 1148 2615 αὑτοῦ,
1185 2552 1279 2604 καὶ
1302 2551 1488 2606 ἰάσατο
1507 2552 1720 2614 αὐτοὺς,
1744 2551 1838 2605 καὶ

237 2648 500 2716 ἐρρύσατο
530 2650 738 2710 αὐτοὺς
770 2649 834 2699 ὲκ
866 2647 971 2699 τῶν
995 2646 1302 2718 διαφθορῶν
1335 2644 1534 2699 αὐτῶν.
1576 2664 1594 2695 ›
1635 2644 1836 2697 Τοῦτον

241 2741 477 2813 δεύτερον
515 2742 665 2812 μετὰ
699 2741 789 2792 τὸν
820 2741 1043 2812 Πατέρα
1084 2740 1289 2810 Κύριον
1337 2737 1648 2806 σαφέστατα
1670 2738 1836 2790 Μωῡ-

241 2833 327 2902 σῆς
353 2833 690 2905 ἀναγορεύει
715 2833 918 2901 λέγων·
958 2852 977 2884 ι
1012 2831 1248 2913 Ἕϐρεξε.
1271 2832 1475 2903 Κύριος
1504 2831 1596 2884 ἐπὶ
1629 2831 1838 2902 Σόδομα

241 2925 324 2976 καὶ
367 2926 637 2997 Γόμορρα
671 2926 810 2977 θεῖον
845 2926 935 2977 καὶ
964 2942 1074 2994 πνρ
1109 2923 1260 2994 παρὰ
1299 2923 1528 2994 Κυρίου.
1567 2942 1585 2974 ι
1637 2922 1836 2977 Τοῦτον

240 3016 323 3065 καὶ
346 3014 420 3083 τῷ
453 3013 664 3067 Ἰακὼϐ
683 3010 836 3077 αὖθις
863 3017 917 3066 ἐν
935 3013 1124 3085 ἀνδρὸς
1148 3014 1385 3082 φανέντα
1412 3015 1672 3085 σχήματι,
1701 3014 1833 3067 Θεὸν

239 3106 268 3174 ἡ
300 3105 412 3158 θεία
448 3106 859 3178 προσαγορεύει
890 3105 1080 3177 Γραφὴ
1104 3147 1118 3168 ,
1164 3107 1440 3175 φάσκοντα
1485 3105 1562 3176 τῷ
1592 3107 1786 3159 Ἰακώϐ
1811 3123 1826 3137 °

1949 1907 2001 1962 in
2034 1907 2269 1976 speciem
2305 1906 2542 1960 hominis
2579 1917 2951 1972 convertatur,
2981 1916 3037 1960 et
3067 1923 3330 1975 corporeo
3359 1908 3533 1964 simu-

1949 2000 2096 2054 lacro
2172 1999 2360 2054 oculos
2416 2001 2739 2054 intuentium
2802 1999 2992 2065 fallat,
3067 2010 3177 2053 tum
3247 2011 3306 2054 ut
3368 2016 3527 2054 sacra

1949 2093 2232 2161 Scriptura
2291 2093 2589 2161 quidquam
2645 2092 2950 2158 hujusmodi
3005 2091 3144 2146 falso
3196 2096 3523 2161 contingat:

1947 2186 2090 2238 Deus
2135 2187 2222 2240 ille
2258 2195 2311 2239 et
2363 2185 2623 2239 Dominus
2673 2188 2766 2253 qui
2806 2186 3017 2254 judicat
3067 2201 3282 2240 omnem
3326 2198 3526 2240 terraut

1943 2287 1996 2330 et
2047 2277 2176 2330 facit
2217 2275 2509 2343 judicium,
2548 2276 2650 2329 sub
2705 2276 2944 2330 hominis
3001 2279 3184 2346 specie
3233 2293 3522 2345 apparens,

1944 2370 2195 2438 quisnam
2231 2369 2371 2422 alius
2413 2368 2675 2436 appellari
2725 2368 2899 2435 possit
2943 2368 3424 2437 (quandoquidem
3461 2369 3526 2424 de

1942 2464 2120 2531 primo
2151 2476 2334 2515 rerum
2363 2462 2610 2515 omnium
2647 2472 2873 2515 auctore
2924 2463 3036 2516 ha'c
3078 2464 3331 2530 accipere
3372 2464 3526 2518 nefas

1942 2554 2065 2622 est)
2108 2563 2304 2622 praeter
2349 2553 2523 2621 ipsum
2583 2553 2725 2622 quod
2767 2565 2893 2606 ante
2926 2554 3108 2607 omnia
3144 2554 3386 2608 substitit
3428 2555 3521 2609 Dei

1941 2643 2211 2699 Verbum?
2244 2643 2316 2696 De
2343 2659 2449 2711 quo
2481 2644 2646 2696 etiam
2679 2641 2732 2695 in
2765 2641 2995 2696 Psalmis
3045 2643 3246 2696 dicitur
3281 2661 3295 2696 :
3333 2663 3352 2696 ι
3379 2643 3526 2698 Misit

1945 2738 2176 2792 Verbum
2251 2750 2411 2788 suum
2459 2744 2514 2789 et
2565 2735 2782 2789 sanavit
2836 2750 2930 2789 eos
2965 2776 2980 2796 .
3033 2745 3087 2788 et
3147 2735 3350 2804 eripuit
3429 2751 3525 2792 eos

1938 2831 2004 2882 de
2047 2828 2489 2898 corruptionibus
2550 2828 2792 2896 ipsorum
2850 2828 2942 2885 ⁸.»
3007 2827 3163 2882 Hunc
3217 2829 3517 2882 secundum

1939 2922 2008 2991 7'
2026 2932 2142 2988 post
2163 2919 2379 2974 Patrem
2409 2920 2694 2974 Domimun
2720 2919 2935 2992 Moyses
2958 2922 3248 2974 manifeste
3280 2921 3521 2991 appellat

1936 3031 2055 3068 cum
2095 3013 2207 3067 ait:
2251 3033 2270 3063 ι
2306 3011 2453 3066 Pluit
2487 3011 2746 3066 Dominus
2791 3027 2955 3080 super
2987 3012 3280 3065 Sodomatn
3314 3021 3369 3065 et
3408 3010 3520 3066 Gor-

1937 3122 2172 3161 morram
2212 3105 2440 3175 sulphur
2486 3115 2541 3160 et
2597 3104 2770 3174 ignem
2809 3119 2837 3156 a
2883 3103 3109 3158 Domino
3132 3106 3230 3158 θ’.»
3259 3103 3519 3161 Eumdent

244 3215 261 3246 ι
295 3198 488 3250 Οὐκέτι
541 3198 882 3269 κληθήσεται
927 3197 986 3250 τὸ
1040 3198 1211 3268 ὄνομα
1269 3216 1360 3251 σου
1425 3199 1659 3263 Ἰακὼϐ,
1712 3201 1825 3254 ἀλλ’

1940 3202 2126 3255 iterum
2161 3199 2261 3254 sub
2289 3199 2524 3254 hominis
2541 3199 2720 3269 specie
2749 3198 2953 3253 Jacobo
2974 3199 3147 3252 visum
3182 3215 3339 3254 saera
3369 3199 3520 3254 Scri-

247 3289 451 3363 Ἶτραὴλ
479 3293 644 3345 ἔσται
665 3293 724 3345 τὸ
742 3292 910 3362 ὂνομά
935 3309 1047 3356 σου,
1071 3293 1451 3365 ὄτιὲνίσχνσας
1474 3295 1611 3366 μετὰ
1635 3294 1788 3349 Θεοῦ.
1805 3315 1823 3348 ι

245 3386 356 3438 Ὀτε
386 3388 477 3439 καὶ
527 3387 794 3439 ἐκάλεσεν
834 3383 1029 3437 Ἰακὼϐ
1072 3385 1132 3437 τὸ
1165 3384 1335 3456 ὄνομα
1363 3386 1456 3439 τοῦ
1489 3387 1654 3440 τόπου
1685 3388 1829 3440 ἐκεί-

241 3493 340 3540 νου,
364 3475 542 3545 Εἶδος
575 3479 745 3540 Θεοῦ,
777 3478 976 3546 λέγων·
1011 3496 1028 3527 ι
1068 3473 1217 3530 Εἶδον
1245 3477 1353 3549 γὰρ
1377 3479 1466 3531 τὸν
1499 3479 1630 3532 Θεὸν
1659 3480 1828 3550 πρόσ-

241 3585 370 3619 ωπον
397 3571 539 3640 πρὸς
574 3570 883 3638 πῴσωπον,
915 3570 1007 3623 καὶ
1039 3568 1216 3638 ἐσώθη
1251 3571 1282 3639 ἠ
1319 3569 1463 3640 ψυχή
1494 3588 1615 3640 μον.
1659 3591 1676 3622 ι
1715 3573 1824 3624 Καὶ

247 3662 337 3730 μὴν
361 3663 466 3715 οὐδ’
495 3664 526 3714 ὑ
543 3663 925 3732 ποὸεὸηκότων
951 3662 1199 3730 ἀγγέλων
1224 3663 1318 3714 καὶ
1340 3662 1670 3733 λειτουργῶν
1686 3663 1820 3717 Θεοῦ

245 3751 328 3814 τὰς
368 3754 783 3825 ἁναγραφείσας
811 3754 1130 3823 θεοφανείας
1161 3755 1407 3807 ὑπονοεῖν
1449 3752 1626 3824 Θέμις.
1673 3754 1824 3806 Ἐπει

242 3843 324 3893 καὶ
363 3845 577 3898 τούτων
628 3846 754 3898 ὅταν
800 3863 884 3909 τις
919 3846 1226 3916 ἀνθρώποις
1267 3845 1692 3918 παραφαίνηται,
1724 3849 1822 3900 οὐκ

247 3938 633 4010 ἐπικρύπτεται
668 3943 700 4010 ἡ
736 3941 954 4012 Γραςςὴ,
988 3941 1248 4012 ὀνομαστὶ
1281 3943 1339 3993 οὐ
1375 3940 1528 4003 Θεὸν,
1565 3940 1683 3994 οὐδὲ
1716 3940 1821 4012 μὴν

245 4026 450 4099 Κύριον,
498 4030 621 4084 ἀλλ’
652 4031 917 4098 ἀγγέλους
960 4031 1296 4102 χρηματίσαι
1327 4031 1578 4100 λέγουσα,
1613 4030 1688 4094 ὼς
1732 4029 1822 4085 διὰ

247 4122 429 4191 κυρίων
476 4125 798 4196 μαρτνριῶν
831 4123 1204 4178 πιστώσασθαι.
1256 4125 1454 4193 ῥᾴδιον.
1491 4124 1693 4178 Τοῦτον
1725 4125 1819 4178 καὶ

246 4213 510 4281 Μωΰσέως
556 4218 795 4287 διάδοχος
836 4217 1062 4287 Ἰησοῦς,
1093 4217 1168 4280 ὼς
1197 4217 1261 4270 ἂν
1282 4216 1390 4269 τῶν
1419 4216 1684 4288 οὐρανίων
1713 4219 1818 4288 ἀγυι

308 4333 484 4388 5f’sal.
529 4351 639 4390 ενι.
715 4336 759 4368 ⁸⁸
786 4335 923 4392 Gen.
961 4352 1074 4391 τις.
1152 4337 1172 4368 ⁶
1201 4337 1338 4393 Gen.
1373 4352 1464 4392 xv.

1934 3305 2089 3364 plura
2131 3295 2296 3347 Demn
2348 3293 2624 3356 nominat,
2670 3295 2762 3360 qui
2801 3292 2880 3346 sic
2931 3291 3196 3348 Iacobum
3248 3294 3517 3348 allocutus

1930 3395 2014 3440 est
2048 3403 2060 3443 ς
2099 3405 2116 3436 ι
2158 3383 2272 3438 Non
2310 3385 2543 3454 amplius
2588 3386 2871 3439 vocabitur
2900 3400 3094 3439 nomen
3144 3396 3292 3439 tuum
3327 3386 3516 3450 Jacob,

1929 3479 2025 3532 sed
2078 3477 2244 3532 Israel
2298 3477 2405 3532 erit.
2440 3492 2637 3532 nomen
2682 3487 2869 3543 tuutn,
2907 3479 3032 3548 quia
3069 3479 3342 3534 invaluisti
3393 3494 3519 3534 cun:

1930 3574 2037 3627 Deo
2068 3574 2108 3626 θ.
2145 3591 2163 3623 ι
2202 3569 2350 3627 Unde
2371 3579 2426 3626 et
2451 3569 2683 3626 Jacobus
2717 3571 2890 3627 locum
2923 3572 3068 3626 illum
3099 3573 3315 3627 vocavit
3351 3571 3520 3627 Visio-

1930 3681 2044 3718 nem
2071 3665 2190 3718 Dei.
2223 3683 2240 3715 ‹
2283 3664 2399 3718 Vidi
2425 3663 2593 3727 enim,
2621 3664 3002 3732 inquit,l)eum
3036 3664 3173 3718 facie
3204 3665 3269 3718 ad
3301 3663 3517 3728 faciem,

1929 3765 1982 3808 et
2011 3754 2158 3809 salva
2188 3753 2327 3808 facta
2360 3765 2443 3809 est
2474 3757 2654 3809 anima
2688 3772 2826 3810 mea.
2864 3775 2882 3806 ι
2916 3755 3076 3810 Nefas
3110 3771 3272 3824 porro
3297 3768 3383 3810 est
3416 3757 3520 3810 hn-

1925 3846 2164 3915 jusmodi
2205 3847 2297 3900 Dei
2360 3848 2597 3901 visiones
2630 3863 2751 3917 quae
2813 3851 2986 3903 sacris
3033 3849 3226 3903 litteris
3285 3851 3518 3919 prodita)

1930 3948 2074 4002 sunt,
2111 3939 2484 3994 ministrorum
2517 3941 2609 3993 Dei
2641 3952 2696 3994 et
2735 3941 3048 4009 angelorum
3075 3941 3311 3996 visiones
3348 3941 3515 3995 fuisse

1929 4031 2217 4101 suspicari.
2252 4032 2462 4086 Etenim
2491 4033 2709 4102 quoties
2756 4034 3071 4104 angelorum
3110 4033 3305 4101 aliquis
3339 4033 3516 4088 homi-

1928 4122 2086 4179 nibus
2136 4125 2420 4195 apparuit,
2476 4142 2821 4196 nequaquam
2885 4127 2937 4182 id
2992 4126 3299 4183 dissimulat
3356 4142 3515 4184 sacra

1927 4217 2240 4290 Scriptura;
2267 4219 2698 4288 sed‘nominatim
2717 4221 2987 4292 angelum,
3009 4237 3114 4276 non
3139 4232 3319 4276 autem
3346 4221 3515 4276 Deum

313 4447 416 4535 (9.εῇ
461 4451 756 4535 ζζαραροῖς
814 4451 1082 4534 διανοίας
1107 4453 1367 4535 ..ὄμμασι
1412 4452 1824 4535 ..φαντασθέντ

1940 4453 2124 4534 nostri,
2149 4453 2373 4535 elegans
2397 4453 2642 4535 profecto
2677 4463 2840 4535 atque
2866 4454 3152 4535 eximium,
3201 4453 3404 4509 additis
3450 4461 3510 4511 et

252 4537 350 4584 τες.
383 4521 519 4574 Rob.
562 4524 871 4588 Stephanus
904 4523 954 4576 iu
1006 4523 1170 4577 variis
1207 4522 1531 4576 lectionibus
1564 4538 1701 4590 quas
1749 4523 1815 4576 ad

252 4593 433 4663 calcent
469 4609 587 4663 sua:
610 4594 868 4645 editionis
895 4593 1112 4660 adjecit,
1143 4602 1296 4646 notat
1327 4593 1466 4647 alias
1502 4592 1606 4662 legi
1659 4611 1816 4663 φωτι-

256 4660 463 4731 σθέντες.
506 4662 676 4728 Quam
707 4673 883 4716 tamen
923 4665 1248 4731 svriptnram
1287 4663 1337 4716 itt
1385 4660 1585 4717 nostris
1611 4660 1811 4717 codici-

254 4728 338 4782 bus
368 4751 466 4784 non
504 4735 827 4801 reperimus.
864 4732 962 4784 nisi
999 4728 1137 4802 quod
1165 4731 1430 4787 Henricus
1488 4733 1723 4788 Savilius
1749 4735 1814 4786 ad

253 4815 383 4853 oram
412 4804 530 4855 libri
573 4805 653 4856 sui
710 4805 1016 4856 emendavit
1065 4804 1447 4872 φωτισθέντες
1516 4815 1696 4857 tttrttm
1747 4822 1813 4858 ex

256 4873 572 4935 conjectura.
601 4891 668 4926 an
705 4890 769 4926 ex
804 4875 906 4926 lide
959 4876 1308 4942 tnanuscripti
1339 4875 1687 4940 exemplaris,
1729 4875 1812 4927 in-

257 4955 460 4997 certum.
527 4945 1064 5011 Christtqiltorsonus
1119 4954 1296 4997 tamen
1348 4961 1466 4998 eam
1529 4945 1810 4998 lectionem

259 5023 449 5082 secutus
484 5026 590 5069 est.
621 5027 674 5067 ιιι
697 5030 758 5068 ex
795 5015 1245 5078 interpretatione
1283 5014 1399 5082 ejus
1425 5014 1814 5082 apparet.Ver-

261 5081 316 5154 tit
343 5085 528 5138 enim:
579 5084 725 5137 Puro
771 5087 1074 5154 sinceraque
1117 5081 1317 5137 mentis
1355 5097 1401 5138 et
1453 5081 1814 5154 intelligentiae

258 5149 429 5207 lumine
456 5156 734 5207 illustrati.
764 5155 974 5219 Quanto
989 5149 1202 5209 rectius
1256 5155 1524 5209 Museulus
1547 5197 1562 5220 ,
1585 5207 1593 5222 _
1615 5149 1704 5221 qui
1736 5156 1813 5209 sic

262 5227 396 5293 vertit
448 5245 460 5276 :
517 5224 833 5287 Reunrqotis
886 5228 1070 5278 mentis
1139 5227 1307 5278 oculis
1376 5227 1808 5293 contemplantes.

261 5289 393 5363 Certe.
415 5295 783 5363 φαντάζεσθαι
812 5297 948 5346 idem
973 5306 1053 5348 est
1082 5312 1142 5348 ac
1170 5298 1471 5348 κατανοεῖν.
1518 5289 1608 5350 Sic
1652 5297 1814 5350 Euse-

264 5360 645 5434 biusinliliro‘t
682 5367 752 5417 De
781 5368 885 5418 vita
936 5365 1294 5425 Constantini,
1346 5384 1448 5419 ttuu
1503 5369 1689 5434 procul
1741 5367 1810 5417 ab

264 5430 393 5508 initio
417 5455 428 5489 :
457 5436 742 5508 κάνταῦθα
764 5436 860 5506 τὴν
885 5437 1288 5508 τρισμακαρίαν
1311 5435 1484 5508 ψυχὴν
1503 5430 1658 5507 ἀὑτῷ
1693 5435 1811 5508 Θεῷ

265 5505 503 5560 συνοῦσαν
525 5505 877 5575 φαντάζεται.
905 5507 1082 5571 Quare
1109 5505 1286 5560 iultoc
1318 5505 1453 5560 loco
1480 5505 1813 5576 φαντασθέν-

262 5586 334 5635 τες
359 5579 538 5630 referri
567 5578 730 5630 debet
761 5579 826 5629 ad
856 5593 1043 5630 vocem
1069 5576 1255 5630 τοῦτον
1280 5593 1399 5644 quae
1425 5578 1578 5632 initio
1605 5577 1810 5645 periodi

266 5646 411 5717 posita
438 5657 538 5700 est.
569 5647 739 5699 Porro
771 5648 988 5700 verhuin
1020 5649 1119 5701 hoc
1171 5647 1568 5717 φαντασθέντες
1613 5649 1812 5717 legitur

266 5715 398 5786 etiam
428 5719 564 5786 apud
592 5718 961 5784 Nicephorum
989 5720 1040 5770 in
1070 5717 1162 5770 lib.
1184 5715 1200 5770 ι
1234 5718 1487 5772 Historia:
1543 5715 1812 5770 Ecclesia-

271 5785 404 5856 tticaz,
428 5785 545 5860 cap.
574 5789 626 5855 2,
662 5789 752 5859 qui
796 5789 896 5842 hoc
945 5789 1266 5858 principium
1294 5787 1547 5844 llistoriw
1591 5787 1810 5848 Eusebii

1929 4524 2268 4586 interpolatis
2297 4525 2479 4578 verbis
2503 4525 2826 4591 quibusdam
2853 4525 3194 4592 compilavit.

1997 4594 2110 4659 (9.7)
2136 4593 2509 4659 Διδάσκαλος
2534 4594 2658 4660 τοῖς
2685 4594 2835 4648 πᾶσι
2860 4594 2971 4660 τῆς
3003 4595 3300 4662 Πατρικῆς
3346 4595 3514 4649 καθί-

1924 4677 2136 4717 σταται
2164 4664 2458 4734 γνώσεως.
2489 4669 2560 4717 Ita
2586 4665 2806 4733 quidem
2834 4665 2885 4718 itt
2918 4665 3049 4734 Reg.
3079 4668 3268 4720 codice
3308 4666 3511 4734 legitur

1915 4745 1977 4804 fet
2002 4735 2052 4786 in
2081 4737 2354 4790 veteribus
2380 4736 2615 4799 schedis,
2651 4737 2741 4788 sed
2771 4737 2822 4787 in
2853 4737 3079 4804 optimis
3104 4737 3512 4803 exemplaribus

1924 4803 2062 4858 Maz.
2109 4805 2317 4858 scilicet
2370 4820 2432 4858 ac
2480 4805 2618 4859 Med.
2665 4803 2927 4858 scribitur
2972 4806 3286 4858 καθίστατο.
3335 4807 3508 4873 Quam

1925 4876 2248 4943 scripturam
2279 4876 2532 4943 equidem
2561 4877 2734 4944 magis
2760 4878 2949 4942 probo.
2979 4878 3179 4944 quippe
3207 4893 3328 4944 qua:
3377 4893 3504 4930 cum

1923 4946 2283 5014 sequentibus
2307 4947 2526 5000 Eusebii
2555 4948 2735 4999 verbis
2764 4948 2940 5013 aptius
2967 4949 3253 5000 coluereat.
3285 4948 3337 4999 lu
3371 4947 3505 5004 Fuk.

1923 5030 1986 5068 ac
2013 5016 2288 5086 Savi_liauo
2320 5031 2416 5083 pro
2443 5018 2605 5070 verbo
2631 5016 2954 5070 καθίσταται
2980 5017 3176 5085 legitur
3201 5017 3410 5086 γέγονε.

1995 5087 2105 5154 (28)
2133 5081 2349 5153 Ὠφθάι
2378 5087 2546 5156 γοῦν.
2577 5087 2665 5141 Sic
2702 5089 2871 5140 nostri
2891 5081 3108 5141 codices
3149 5081 3309 5150 t'ilazi,
3339 5088 3502 5154 Med.,

1923 5155 2060 5211 Fnk.
2091 5167 2143 5228 et
2169 5156 2355 5209 Savilii
2383 5159 2645 5228 scriptum
2674 5159 2893 5210 habent.
2925 5159 2998 5211 Ita
3045 5174 3262 5226 quoque
3307 5161 3508 5228 legitur

1921 5228 2058 5293 apud
2107 5227 2490 5293 Nicephorum.
2520 5227 2690 5280 Porro
2717 5228 2782 5280 ah
2811 5229 2894 5280 his
2923 5231 3103 5283 verbis
3149 5246 3268 5298 cap.
3295 5231 3328 5282 ‘2
3357 5227 3507 5282 ordi—

1924 5308 2089 5349 untur
2134 5298 2292 5351 iidetu
2324 5300 2560 5359 codices,
2591 5300 2788 5367 quibus
2835 5297 3057 5353 Roherti
3100 5297 3359 5366 Stephani
3389 5300 3504 5354 eili-

1922 5367 1995 5439 tio
2019 5369 2310 5421 consentit.
2360 5369 2463 5421 Sed
2521 5386 2643 5431 nos,
2693 5369 3248 5439 Christophorsonum
3303 5372 3498 5434 secuti,

1920 5437 2080 5490 aliter
2118 5439 2289 5505 capita
2322 5439 2689 5503 distinximus,
2718 5439 2874 5509 cujus
2901 5437 2975 5494 rei
2995 5442 3107 5508 jam
3134 5441 3381 5509 superius
3411 5457 3502 5494 ra-

1927 5509 2002 5561 tio
2032 5508 2238 5560 redtlita
2265 5518 2370 5560 est.

1992 5577 2369 5654 (22))‘0pat'aif
2399 5579 2568 5654 Θεοῦ.
2597 5580 2706 5654 lloc
2726 5581 2850 5654 loco
2872 5580 3061 5654 οὐσίαν
3088 5581 3252 5654 sumit
3274 5597 3370 5648 pro
3408 5582 3499 5654 hy.

1917 5649 2147 5717 postasi.
2176 5649 2248 5701 Ita
2275 5651 2420 5702 enim
2471 5651 2612 5717 loqui
2658 5651 2905 5706 solebant
2955 5652 3310 5705 ecclesiastici
3363 5649 3491 5707 scri-

1920 5729 2104 5791 ptores
2132 5730 2256 5772 ante
2281 5721 2541 5791 synodum
2586 5721 2880 5790 Nicaznatn,
2909 5731 2966 5775 ut
2992 5723 3147 5778 docet
3173 5721 3398 5780 Pltotius
3445 5725 3504 5780 in

1924 5788 2274 5857 Bibliotheca,
2305 5788 2422 5862 cap.
2455 5791 2576 5848 119.
