4054 6456
289 371 363 427 65

1333 339 1683 425 utsroaue
1721 363 2279 423 ECCLESIASTICE
2316 368 2446 425 ιω.
2488 369 2530 427 ι.
2593 393 2595 396 ι
3491 377 3562 436 66

286 507 386 552 νας
420 489 515 542 καὶ
545 487 782 559 σύμϐολα
819 487 1086 540 σαϐϐάτου
1127 487 1272 552 τινος
1303 486 1565 558 μυστικοῦ
1596 487 1690 542 καὶ
1722 505 1862 559 περι-

1977 489 2044 540 ab
2092 489 2329 558 antiquis
2381 488 2490 542 illis
2527 487 2768 544 Hebraeis
2803 491 3068 562 originem
3105 495 3345 562 ducens,
3377 495 3565 552 divino

284 581 480 650 τομῆς,
521 581 721 651 ἐτέρων
748 597 804 632 τε
852 579 1056 650 νοητῶν
1088 579 1458 652 θεωρημάτων
1494 581 1601 651 (45)
1648 582 1877 649 είσαγω-

282 670 411 738 γὰς,
440 670 556 722 ἀλλ’
602 671 698 722 οὐκ
728 670 894 733 αὑτὰς
932 673 1181 743 ἐναργεῖς
1223 673 1509 743 παρεδίδου
1538 672 1637 736 τὰς
1670 690 1876 744 μυστα-

281 765 516 832 γωγίας.
565 764 652 828 Ὠς
679 763 735 815 δέ
767 765 866 834 τῆς
901 765 1050 836 παρὰ
1077 764 1284 828 τούτοις
1314 764 1633 835 νομοθεσίας
1670 765 1876 836 βοωμέ-

283 875 405 926 νης.
440 858 534 910 καὶ
565 857 733 926 πνοῆς
760 857 914 927 δίκην
933 855 1162 921 εὐώδους
1187 860 1264 922 εἰς
1292 859 1537 922 ἅπαντας
1557 859 1873 932 ἀνθρώπους

281 947 676 1019 διαδιδομένης,
703 949 801 1020 ἤδη
835 948 958 1001 τότε
985 949 1042 1015 ἐξ
1066 949 1242 1002 αὐτῶν
1273 951 1366 1004 καὶ
1399 955 1511 1015 τοῖς
1537 953 1742 1007 πλείοσι
1767 954 1872 1007 τῶν

283 1041 458 1093 ἐθνῶν
491 1041 578 1095 διὰ
621 1041 728 1094 τῶν
771 1042 1075 1112 πανταχόσε
1103 1043 1406 1114 νομοθετῶν
1445 1063 1504 1098 τε
1540 1046 1632 1101 καὶ
1661 1048 1871 1117 φιλοσόο

282 1151 404 1202 (ρων
446 1134 777 1206 ἡμερώτατα
826 1137 1146 1207 φρονήματα
1191 1137 1335 1209 (Μ),
1386 1139 1485 1210 τῆς
1537 1141 1735 1212 ἀγρίας
1778 1142 1871 1195 καὶ

209 1249 212 1252 ⁴
281 1225 534 1296 ἀπηνοῦς
563 1226 853 1297 θηριωδίας
879 1226 970 1279 ἐτι)⁷
997 1228 1056 1280 τὸ
1079 1230 1249 1300 πρᾶον
1274 1231 1574 1303 μεταϐεϐλη
1586 1233 1771 1303 μένης,
1796 1235 1871 1298 ὡς

282 1321 384 1374 καὶ
409 1321 629 1390 εἰρήνην
661 1320 877 1390 βαθεῖαν
911 1321 1091 1391 φιλίας
1115 1341 1172 1376 τε
1197 1325 1290 1376 καὶ
1317 1326 1597 1395 ἐπιμιξίας
1623 1327 1758 1398 πρὸς
1779 1328 1870 1381 ἁλ-

281 1413 484 1488 λήλους
516 1418 658 1488 ἔχειν
683 1436 696 1450 δ
746 1420 1043 1490 τηνικαῦτα
1076 1422 1210 1473 πᾶσι
1242 1420 1304 1490 δὴ
1351 1419 1533 1472 λοιπὸν
1564 1420 1869 1491 ἀνθρώποις

283 1508 386 1561 καὶ
409 1512 519 1570 τοῖς
549 1508 649 1560 ἀνὰ
683 1509 779 1578 την
808 1509 1130 1580 οἰκουμένην
1167 1509 1394 1573 ἔθνεσιν,
1423 1512 1496 1573 ὡς
1521 1509 1585 1563 ἂν
1617 1528 1869 1581 προωφε-

281 1599 541 1671 λημὲνοις
565 1603 655 1654 καὶ
678 1603 775 1672 ἤδη
807 1603 1158 1673 τυγχάνουσιν
1190 1603 1514 1675 ἐπιτηδείοις
1537 1604 1673 1675 πρὸς
1699 1622 1870 1675 παρα-

283 1691 452 1760 δοχὴν
480 1692 577 1762 τῆς
617 1692 708 1744 τοῦ
761 1694 970 1765 Πατρδς
1019 1694 1290 1759 γνώσεως,
1334 1697 1361 1748 6
1401 1696 1562 1759 αὐτὸς
1605 1696 1667 1767 δὴ
1708 1698 1868 1752 πάλιν

284 1783 497 1846 ἐκεῖνος
537 1785 565 1836 6
601 1783 709 1837 τῶν
756 1785 963 1856 ἀρετῶν
1005 1785 1320 1848 διδάσκοι).ος
1348 1786 1458 1858 (45)
1486 1828 1500 1852 ,
1537 1787 1564 1840 ὁ
1610 1790 1666 1841 ἐν
1702 1791 1866 1842 πᾶσιν

282 1875 512 1942 ἀγαθοῖς
538 1875 629 1928 τοῦ
656 1877 869 1947 Πατρδς
903 1877 1103 1946 ὑπουργ
1116 1876 1202 1940 ὸς,
1231 1878 1258 1929 6
1304 1876 1444 1939 θεῖος
1497 1879 1589 1930 καὶ
1621 1879 1869 1950 οὐράνιος

281 1965 383 2018 τοῦ
415 1966 545 2020 Θεοῦ
582 1967 784 2036 Λόγος,
828 1967 893 2020 δι’
923 1966 1207 2038 ἀνθρώπου
1253 1967 1394 2020 κατὰ
1426 1969 1590 2038 μηδὲν
1620 1968 1870 2040 σώματος

279 2059 446 2130 οὐσίᾳ
471 2059 568 2129 τὴν
597 2059 868 2131 ἡμετέραν
901 2059 1060 2129 φύσιν
1104 2058 1528 2123 διαλλάττοντος,
1562 2061 1868 2131 ἀρχομένης

281 2151 387 2222 τῆς
419 2151 700 2220 Ῥωμαίων
729 2150 999 2220 βασιλείας
1032 2151 1330 2219 ἐπιφανεὶς,
1351 2151 1573 2204 τοιαῦτα
1598 2150 1788 2222 ἔδρασέ
1809 2169 1867 2204 τε

282 2243 384 2295 καὶ
434 2242 728 2304 πέπονθεν,
774 2237 860 2295 οἷα
912 2245 1033 2306 ταῖς
1075 2242 1431 2313 προφητείαις
1475 2243 1741 2297 ἀκόλουθα
1777 2240 1865 2316 ἦν,

283 2334 571 2406 ἄνθρωπον
595 2333 729 2405 ὁμὸῦ
763 2335 856 2388 καὶ
882 2335 1011 2388 Θεὸν
1041 2335 1398 2406 ἐπιδημήσειν
1431 2334 1506 2406 τῷ
1549 2336 1648 2406 βίῳ
1690 2355 1867 2408 παρα-

281 2427 450 2491 ὣξων
478 2427 653 2500 ἔργων
688 2428 936 2499 ποιητὴν,
973 2429 1066 2481 καὶ
1107 2430 1238 2482 πᾶσι
1265 2431 1379 2493 τοῖς
1406 2429 1581 2482 ἔθνεσι
1608 2429 1866 2484 διδάσκα-

280 2518 374 2571 λον
405 2519 506 2588 τῆς
533 2519 627 2572 τοῦ
653 2519 863 2592 Πατρός
888 2520 1167 2584 εὐσεϐείας
1191 2520 1693 2592 ἀναδειχθήσεσθαι,
1722 2521 1782 2574 τό
1807 2540 1866 2575 τε

285 2609 586 2681 παράδοξον
615 2610 777 2663 αὑτοῦ
817 2611 916 2681 τῆς
947 2611 1214 2679 γενέσεως
1237 2612 1331 2665 καὶ
1375 2611 1472 2683 τὴν
1503 2613 1694 2683 καινὴν
1729 2614 1869 2666 διδα-

285 2701 535 2761 σκαλίαν,
569 2702 788 2755 καὶτῶν
819 2703 993 2772 ἔργων
1034 2703 1104 2756 τὰ
1146 2703 1421 2772 θαύματα,
1456 2704 1546 2756 ἐπί
1585 2705 1868 2769 τετούτοις

283 2791 376 2846 τοῦ
408 2792 638 2848 θανάτου
668 2794 756 2847 τδν
781 2795 1001 2866 τρόπον,
1022 2796 1120 2866 τήν
1144 2813 1200 2847 τε
1231 2796 1293 2849 ἐκ
1313 2796 1523 2868 νεκρῶν
1549 2796 1864 2861 ἀνάστασιν,

286 2887 380 2940 καὶ
409 2886 502 2940 ἐπὶ
530 2889 691 2941 πᾶσιν
722 2887 819 2959 τὴν
860 2888 938 2951 είς
965 2888 1222 2958 οὐρανοὺς
1257 2886 1435 2940 ἔνθεον
1482 2887 1866 2944 ἀποκατάστα-

283 2996 369 3032 σιν
399 2979 562 3033 αὑτοῦ
611 2979 1130 3052 προκηρυττούσαις.
1165 2980 1274 3052 Τὴν
1306 2979 1438 3049 γοῦν
1472 2982 1565 3034 ἐπὶ
1599 2981 1742 3035 τέλει
1773 2983 1868 3053 βα-

283 3071 494 3124 σιλείαν
523 3072 685 3125 αὐτοῦ
717 3072 911 3144 Δανιὴλ
932 3074 960 3124 6
990 3073 1273 3145 προφήτης
1302 3072 1430 3144 θείῳ
1447 3073 1726 3146 Πνεύματι
1750 3093 1868 3128 συν-

281 3163 449 3234 ορῶν,
494 3157 596 3217 ὦδέ
626 3183 698 3235 πη
723 3165 1082 3238 ἐθεοφορεῖτο,
1109 3164 1589 3237 ἀνθρωπινώτερον
1622 3167 1722 3237 τὴν
1745 3165 1865 3219 θεοιη
1892 3202 1934 3260 C

281 3257 448 3310 πτίαν
498 3257 848 3329 ὑπογράφωνσ
892 3278 908 3308 ι
933 3258 1230 3329 Ἐθεώρουν
1261 3259 1399 3330 γὰρ,
1433 3260 1617 3330 φησιν,
1663 3259 1768 3324 ἓως
1802 3253 1862 3313 οὗ

281 3347 464 3420 θρόνοι
496 3349 754 3421 ἐτέθησαν
777 3389 790 3412 ,
829 3348 924 3401 καὶ
953 3349 1188 3411 Παλαιὸς
1216 3348 1440 3421 ἡμερῶν
1472 3349 1726 3420 ἐκάθητο.
1755 3352 1863 3404 Καὶ

286 3439 346 3493 τὸ
373 3439 574 3512 ἔνδυμα
599 3439 762 3494 αὑτοῦ
809 3439 999 3493 λευκὸν
1041 3439 1173 3494 ὡσεὶ
1210 3438 1363 3512 χιὼν,
1412 3440 1507 3494 καὶ
1560 3442 1594 3512 ἡ
1619 3440 1740 3513 θρὶξ
1765 3442 1863 3514 τῆς

341 3537 365 3569 ⁹
387 3536 517 3605 Cap.
554 3552 646 3590 \‘ll.

281 3651 341 3706 in
376 3650 650 3704 mollitiem
684 3649 813 3703 labi.
855 3647 1002 3703 Unde
1028 3647 1474 3720 ὲκδεδιῃτημένος
1506 3647 1616 3717 βίος
1646 3657 1727 3702 est
1756 3650 1863 3720 vita

281 3721 464 3773 mollis
499 3736 562 3772 ac
605 3723 815 3779 soluta;
856 3719 1232 3773 translatione
1268 3721 1335 3772 ab
1373 3719 1864 3788 intemperantibus

281 3791 618 3852 hominibus,
652 3793 741 3859 qui
781 3791 979 3842 nullam
1017 3790 1069 3842 in
1129 3789 1250 3842 cibo
1302 3803 1365 3843 ac
1401 3799 1527 3857 potu
1562 3801 1617 3842 et
1651 3789 1701 3842 in
1753 3798 1863 3844 toto

283 3876 484 3927 genere
509 3861 724 3912 vivendi
757 3859 925 3928 legem
956 3859 1266 3913 observant.
1304 3859 1434 3926 Qua:
1462 3875 1563 3913 vox
1605 3859 1860 3928 frequen-

285 3940 370 3985 ter
389 3932 628 3984 occurrit
660 3931 709 3982 in
745 3929 896 3983 libris
924 3930 1105 3983 Dionis
1131 3929 1324 3983 Cassii.

357 4002 470 4070 (65)
499 3999 742 4068 Νοητῶν
769 3997 1172 4070 θεωρημάτωνξ
1194 3999 1284 4052 Sic
1310 4015 1372 4070 ex
1403 4001 1590 4055 codice
1611 4001 1780 4070 Regio
1803 4011 1859 4056 et

283 4067 660 4126 exireterihus
691 4071 909 4124 scliedis
941 4070 1110 4123 edidit
1142 4067 1278 4123 Rob.
1311 4069 1636 4138 Stephanus.
1671 4067 1775 4126 S'ed
1803 4072 1853 4125 in

284 4142 510 4207 reliquis
539 4140 959 4206 exemplaribus,
983 4138 1119 4192 Maz.
1173 4139 1402 4205 scilicet,
1437 4139 1600 4202 Med,
1633 4142 1764 4197 Fuk.
1801 4153 1856 4197 et

286 4212 459 4267 Savil.
495 4211 754 4278 scriptum
789 4209 1300 4282 inveni,_pocrtxtbv
1334 4210 1727 4282 θεωρημάτων.
1756 4212 1852 4266 Ni-

285 4283 550 4351 cephorus
593 4295 718 4352 vero
753 4296 848 4348 pro
890 4279 1185 4352 hishahet,
1228 4279 1851 4352 θειοτέρωνίνοημάτων.

287 4349 364 4405 Et
392 4366 498 4420 quo
529 4349 801 4420 conjicere
831 4358 913 4403 est
949 4349 1312 4414 Nicephorum
1342 4349 1857 4418 vu‘lgatam'lectio-

287 4438 408 4476 nem
444 4422 496 4475 in
532 4436 631 4476 suo
657 4421 846 4474 codice
891 4421 1196 4488 reperisse;
1232 4435 1461 4488 cumque
1504 4437 1625 4476 eam
1676 4423 1857 4476 minus

288 4495 580 4555 probaret,
628 4490 743 4559 ejus
795 4492 910 4546 loco
951 4492 1093 4544 hanc
1144 4506 1308 4560 quam
1361 4492 1597 4546 diximus
1657 4494 1858 4547 substi-

288 4565 474 4616 tuisse.

356 4634 468 4700 (44)
525 4631 887 4702 Ἡμερὼτατα
925 4630 1290 4701 φρονήματα.
1327 4632 1482 4686 Hunc
1518 4631 1691 4686 locum
1747 4649 1854 4687 non

288 4703 675 4757 intellexerunt
719 4706 1070 4770 interpretes,
1129 4711 1186 4756 ut.
1241 4719 1308 4756 ex
1362 4702 1614 4756 versione
1662 4717 1854 4757 eorum

286 4783 544 4845 apparet;
592 4789 714 4826 nam
744 4789 928 4845 vocem
959 4774 1280 4845 φρονήματα
1309 4773 1620 4828 retulerunt
1648 4774 1723 4845 ad
1765 4789 1855 4826 νο-

289 4842 675 4913 μοθετῶνᾼκαὶ
704 4842 1026 4912 φιλοσόφων.
1068 4842 1599 4909 Christopliorsouus
1635 4843 1852 4911 quidem

287 4911 448 4966 vertit
483 4931 496 4966 :
530 4911 761 4982 Cumque
797 4925 1004 4982 propter
1045 4915 1496 4968 mansuetissimus
1537 4913 1854 4982 legumlato-

287 5001 403 5036 rum
431 4995 478 5037 et
519 4984 946 5053 philosophorum
969 4994 1040 5036 tot
1076 4985 1266 5051 ubique
1289 4985 1749 5037 commentationes
1790 5001 1852 5035 ac

284 5064 568 5121 princepta,
625 5065 709 5107 etc
783 5055 1052 5107 Musculus
1113 5069 1262 5117 vero,
1316 5067 1407 5122 per
1465 5054 1850 5117 placidissimos

282 5141 464 5176 eorum
505 5126 594 5191 qui
653 5126 843 5189 ubique
871 5124 1005 5194 leges
1037 5125 1274 5193 ferebant
1321 5133 1387 5194 et,
1424 5123 1848 5194 philosopher-mn

283 5210 488 5255 sensus,
523 5207 626 5248 etc.
667 5196 826 5262 Atqui
859 5193 1014 5261 longe
1045 5194 1145 5247 alia
1171 5193 1391 5248 Eusebii
1422 5209 1574 5248 tuens
1598 5203 1700 5248 est.
1741 5193 1849 5247 Ne-

285 5279 390 5332 que
423 5268 568 5317 euim
621 5275 831 5318 tantum
873 5266 1062 5318 tribuit
1116 5263 1558 5332 legumlatoribus
1605 5263 1849 5332 philoso-

287 5335 513 5402 phisque
542 5335 842 5404 gentilium,
881 5344 938 5388 ιιι
972 5336 1147 5405 prisca
1193 5335 1279 5388 illa
1310 5334 1617 5388 mortalium
1663 5333 1850 5388 feritas

284 5414 448 5470 atque
481 5406 788 5459 immanitas
826 5408 1111 5476 praeceptis
1145 5405 1358 5459 illorum
1392 5416 1554 5470 atque
1587 5405 1850 5458 institutis

286 5476 538 5544 paulatim
590 5478 655 5529 ad
693 5475 1065 5530 humaniorem
1097 5477 1297 5531 cultum
1328 5484 1575 5528 revocata
1609 5475 1718 5540 sit;
1754 5476 1846 5528 scd

287 5546 444 5610 hujus
473 5544 550 5598 rei
581 5562 796 5600 causam
832 5546 1042 5601 confert
1073 5547 1124 5599 in
1176 5547 1346 5616 legem
1377 5545 1691 5607 Mosaicam,
1728 5561 1848 5612 quae

283 5630 405 5667 cum
459 5616 713 5669 universo
745 5627 1009 5672 terrarum
1039 5617 1158 5671 orbi
1210 5616 1553 5678 iunotuisset,
1601 5617 1843 5668 omnium

287 5685 562 5738 hominum
595 5701 770 5740 uiores
799 5689 1010 5742 tandem
1049 5684 1422 5740 mansuefecit.
1452 5685 1660 5738 Etenim
1687 5687 1846 5755 legis-

286 5757 486 5809 latores
530 5771 593 5810 ac
626 5759 924 5826 philosophi
962 5757 1268 5826 gentilium,
1297 5771 1426 5810 cum
1454 5756 1657 5823 optima
1697 5773 1847 5823 qua:-

281 5841 388 5896 que
419 5838 687 5897 praecepta
714 5841 782 5882 ex
807 5825 949 5884 illius
973 5825 1112 5898 legis
1137 5825 1373 5881 futilibus
1423 5825 1753 5887 hausissent.
1780 5842 1842 5882 ea

1983 579 2150 633 cultui
2193 581 2370 633 dedita
2406 590 2588 648 esset;
2628 591 2882 652 tanquam
2937 583 3265 639 multitudini
3319 589 3560 656 priorum

1981 671 2162 725 adhuc
2198 672 2570 726 institutorum
2621 673 2742 728 labe
2791 685 3081 743 corruptae,
3107 692 3201 744 per
3247 679 3562 748 prophetam

1981 761 2204 835 Moysen
2241 763 2503 834 imagines
2538 773 2592 820 et
2625 765 2781 835 signa
2809 767 2993 820 arcani
3031 767 3307 832 cuiusdam
3354 771 3562 826 Sabbati

1980 869 2035 913 et
2095 858 2548 925 circumcisionis,
2582 858 2922 930 aliorumque
2953 862 3314 930 spiritualium
3363 880 3566 934 prace-

1981 959 2195 1018 ptorum
2224 951 2611 1012 institutiones,
2657 951 2752 1006 sed
2785 967 2890 1005 non
2923 953 3092 1022 ipsam
3125 969 3410 1010 sacrorum
3452 972 3565 1008 ma-

1981 1040 2230 1095 nifestam
2258 1041 2522 1096 visionem
2562 1042 2665 1097 illis
2711 1044 2950 1098 tradidit.
2990 1044 3225 1100 Tandem
3276 1061 3404 1100 vero
3462 1046 3565 1101 lle-

1976 1135 2249 1190 braaorum
2284 1135 2400 1206 lege
2430 1137 2570 1205 apud
2596 1153 2786 1193 omnes
2813 1138 3106 1207 divulgata,
3141 1150 3193 1194 et
3238 1141 3407 1193 instar
3441 1156 3568 1195 sua-

1976 1227 2183 1282 vissimi
2245 1230 2430 1284 odoris
2466 1245 2562 1298 per
2616 1231 2902 1286 universas
2951 1242 3139 1300 gentes
3172 1232 3280 1286 late
3321 1231 3511 1286 diffusa
3544 1247 3560 1286 :

1977 1334 2097 1373 cum
2149 1334 2214 1373 ex
2269 1319 2355 1373 illa
2421 1321 2693 1390 pleraeque
2736 1325 2986 1377 nationes
3033 1324 3447 1393 lcgtltttlaiorum
3500 1339 3566 1379 ac

1978 1409 2421 1479 philosophorum
2470 1427 2633 1481 opera
2683 1412 2930 1468 mitiores
2953 1413 3081 1481 jant
3101 1431 3296 1468 sensus
3348 1415 3564 1469 hausis-

1975 1511 2114 1568 sent,
2150 1511 2204 1556 et
2235 1519 2442 1556 morum
2477 1503 2668 1558 feritas
2692 1514 2856 1574 atque
2884 1505 3196 1560 immanitas
3231 1507 3281 1559 in
3308 1523 3562 1561 inansue-

1976 1594 2170 1648 tiorem
2221 1595 2424 1649 cultum
2477 1609 2738 1650 conversa
2787 1606 2984 1661 esset,
3019 1599 3152 1651 adeo
3191 1607 3248 1652 ut
3297 1599 3559 1669 profunda

1975 1700 2078 1755 pax
2112 1686 2421 1740 etamicitia
2453 1698 2748 1756 mutuaque
2783 1688 2925 1742 inter
2947 1689 3205 1744 mortales
3229 1691 3561 1746 commercia

1979 1778 2082 1847 ιο
2106 1777 2505 1833 intercederent
2533 1795 2548 1839 ;
2586 1789 2712 1835 tunc
2734 1781 2966 1836 'demum
3018 1782 3238 1851 reliquis
3268 1784 3430 1837 etiam
3462 1783 3562 1837 ho-

1973 1867 2236 1932 minibus,
2280 1868 2602 1938 cunctisque
2633 1884 2730 1939 per
2768 1874 2952 1925 orbem
2982 1882 3248 1926 terrarum
3289 1873 3560 1942 gentibus,

1973 1969 2161 2031 utpote
2206 1959 2322 2028 jam
2377 1962 2698 2031 praeparatis
2743 1971 2796 2016 et
2832 1963 2900 2016 ad
2950 1957 3198 2018 notitiam
3256 1965 3345 2017 Dei
3382 1962 3562 2018 Patris

1971 2053 2372 2122 percipiendam
2433 2053 2662 2117 idoneis,
2699 2055 2813 2123 ipse
2844 2055 2934 2109 ille
2979 2056 3239 2108 virtutum
3280 2058 3558 2126 magister,

1970 2159 2022 2204 ct
2048 2149 2224 2204 Patris
2257 2151 2339 2205 sui
2375 2150 2426 2204 in
2461 2151 2712 2206 omnibus
2737 2153 2896 2206 bonis
2931 2152 3202 2216 minisler,
3232 2153 3473 2206 divinum
3505 2162 3560 2208 e‘.

1971 2242 2194 2297 cmlcste
2222 2242 2316 2297 Dei
2352 2241 2614 2310 Verbum,
2653 2243 2706 2297 in
2732 2243 2968 2297 hominis
3009 2244 3212 2313 specie,
3250 2244 3560 2300 nullatenus

1971 2349 1999 2387 a
2036 2349 2323 2403 corporum
2378 2345 2688 2388 nostrorum
2739 2345 2929 2387 natura
2968 2335 3188 2397 diversi,
3234 2335 3393 2388 simul
3432 2351 3555 2390 cum

1972 2426 2089 2496 ipso
2121 2427 2351 2480 Romani
2402 2426 2614 2495 imperii
2661 2427 2886 2480 exordio
2936 2442 3226 2496 apparens,
3257 2444 3317 2482 ea
3347 2428 3473 2483 fecit
3505 2437 3559 2484 et

1970 2519 2211 2590 pertulit,
2252 2535 2372 2588 qua:
2403 2520 2792 2588 prophetarum
2823 2521 3063 2576 oraculis
3093 2523 3512 2576 consentiebant
3540 2539 3556 2575 :

1969 2613 2164 2684 quibus
2212 2613 2485 2667 hominem
2539 2614 2748 2684 pariter
2799 2630 2865 2670 ac
2924 2616 3090 2669 Deum
3155 2616 3556 2671 admirabilium

1968 2723 2190 2776 operum
2209 2708 2518 2763 effectorem
2538 2710 2590 2764 in
2611 2719 2784 2766 terras
2806 2721 3093 2765 venturum
3138 2726 3278 2777 esse,
3302 2721 3355 2765 et
3380 2711 3558 2765 Patris

1968 2799 2174 2853 cultum
2209 2815 2272 2859 ac
2302 2800 2619 2870 religionem
2648 2804 2863 2856 cunctis
2890 2799 3140 2872 gentibus
3185 2803 3508 2856 traditurum
3538 2821 3552 2857 :

1969 2888 2284 2944 inusitatam
2329 2906 2546 2961 quoque
2578 2890 2694 2958 ejus
2729 2891 2987 2946 nascendi
3041 2892 3330 2957 rationem,
3358 2907 3553 2947 novam

1969 2982 2294 3047 doctrinam,
2329 2984 2624 3051 miracula,
2671 2984 2738 3037 ad
2777 2983 2891 3038 haec
2937 2985 3128 3038 mortis
3163 3000 3330 3052 genus
3365 2994 3418 3038 et
3468 3000 3557 3038 re-

1968 3073 2386 3138 surrectionem,
2415 3085 2696 3144 postremo
2725 3075 2964 3128 divinum
3015 3076 3068 3129 in
3101 3075 3268 3130 cmlos
3318 3077 3551 3130 reditum

1968 3165 2093 3220 olim
2126 3166 2509 3234 praadixerant.
2540 3167 2788 3238 Regnum
2825 3182 2986 3236 porro
3016 3167 3158 3220 illius
3179 3168 3318 3236 quod
3357 3167 3408 3220 in
3447 3167 3553 3219 fine

1971 3257 2290 3312 saeculorum
2335 3261 2692 3315 adventorum
2727 3269 2830 3324 est,
2884 3259 3070 3314 Daniel
3105 3259 3290 3314 divino
3342 3258 3553 3312 amatus

1971 3351 2174 3421 Spiritu
2199 3369 2322 3408 cum
2359 3355 2590 3422 videret,
2628 3356 2694 3410 ad
2736 3354 3017 3409 hominum
3047 3363 3264 3422 captum
3315 3367 3433 3406 sese
3468 3366 3553 3405 ac-

1970 3445 2346 3514 commodans,
2377 3447 2643 3502 visionem
2695 3446 2788 3502 Dei
2833 3446 2914 3500 sic
2945 3443 3242 3500 describit“
3276 3459 3290 3496 :
3339 3461 3358 3494 «
3397 3445 3553 3512 Aspi-

1974 3655 2219 3720 posthzec
2255 3650 2564 3704 auditorum
2598 3664 2817 3703 suorum
2847 3646 3121 3720 mentibus
3175 3645 3488 3720 infuderunt
3530 3665 3545 3702 :

1974 3717 2170 3787 quibus
2207 3721 2404 3773 exrulti
2443 3720 2707 3781 homines,
2757 3721 2822 3772 ad
2855 3719 3186 3788 evangelica:
3237 3717 3372 3785 legis
3401 3721 3543 3770 notio

1975 3792 2100 3843 tiam
2132 3790 2504 3856 accipiendam
2539 3790 2714 3842 idonei
2735 3789 2948 3842 tandem
2971 3790 3320 3841 exstiterunt.
3339 3788 3547 3856 Quippe

1971 3860 2054 3914 lex
2094 3861 2327 3914 Mosaica
2370 3861 2514 3911 velut
2545 3860 2740 3926 prtcvia
2792 3873 2856 3912 ac
2891 3858 3193 3926 prmuuntia
3231 3858 3331 3909 fuit
3367 3858 3546 3910 Evan-

1966 3931 2114 3997 gelii,
2143 3930 2453 3997 Christique
2483 3925 2849 3996 praedmationi
2878 3925 3255 3997 viamstravit.
3278 3927 3546 3997 Scriberi-

1967 3994 2092 4052 ilum
2133 4009 2217 4052 est
2255 3994 2418 4066 igitur
2467 3994 2569 4052 hoc
2615 3999 2774 4053 loco:
2811 3999 2936 4059 Τοῖς
2973 3994 3183 4049 πλείοσι
3212 3995 3326 4048 τῶν
3372 3995 3544 4050 ἐθνῶν

1963 4070 2050 4124 διὰ
2087 4068 2194 4123 τῶν
2223 4065 2524 4138 πανταχόσε
2547 4068 2852 4138 νομοθετῶν
2880 4085 2936 4120 τε
2963 4067 3054 4119 καὶ
3077 4067 3380 4136 φιλοσόφων
3410 4065 3548 4137 ἠμέ-

1964 4159 2106 4213 ρωτο
2140 4140 2209 4192 τὰ
2251 4142 2598 4213 φρονήματα,
2654 4148 2731 4213 u_t_
2759 4141 2961 4213 disert_e
2989 4140 3314 4213 scriptum”
3339 4139 3544 4213 habent

1963 4207 2133 4266 nostri
2198 4207 2440 4265 codices“
2469 4209 2633 4270 Maz.,
2677 4211 2845 4271 Med.,
2906 4207 3042 4261 Fuk.
3083 4218 3137 4260 et
3168 4207 3336 4261 Savil.
3379 4208 3541 4260 Certe

1962 4283 2064 4338 nisi
2100 4283 2172 4336 ita
2213 4281 2524 4349 scripseris,
2552 4297 2660 4333 non
2695 4280 2990 4334 coluerehit
3029 4281 3228 4331 oratio.
3260 4278 3539 4349 Quoenim

1964 4355 2234 4408 referetur
2265 4347 2531 4418 particula
2564 4351 2653 4403 illa
2685 4350 2759 4413 ὡς
2783 4350 2860 4414 δὲ,
2899 4364 3019 4417 qua:
3064 4349 3235 4416 pOsita
3264 4359 3345 4400 est
3388 4347 3543 4400 initio

1962 4424 2170 4491 periodi
2209 4422 2232 4475 ?
2264 4421 2360 4475 Est
2389 4431 2441 4475 et
2472 4422 2573 4473 alia
2613 4419 2900 4474 dillicultas
2930 4420 3114 4491 inhoc
3150 4419 3364 4491 Eusebii
3397 4419 3539 4491 loco,

1963 4488 2218 4560 quidnam
2254 4492 2357 4545 sibi
2390 4491 2553 4544 velint
2590 4493 2704 4560 huic
2736 4492 2899 4560 verba
2953 4489 3011 4553 ἐξ
3040 4488 3363 4560 αὑτῶνηΑιι
3394 4489 3537 4540 enim

1963 4558 2246 4626 Eusebius,
2295 4561 2397 4632 ἤδη
2422 4561 2542 4614 τότε
2575 4559 2634 4625 ἐξ
2661 4559 2840 4614 αὐτῶν
2875 4560 2970 4612 καὶ
3005 4563 3117 4621 τοῖς
3138 4558 3370 4623 πλείοσι,
3407 4568 3536 4632 et_c.,

1959 4641 2020 4685 ut
2048 4648 2234 4703 supra.
2271 4627 2402 4698 Quaé
2432 4632 2650 4698 quidem
2686 4632 2849 4684 verba
2884 4646 3011 4703 non_
3027 4633 3331 4703 sinecausa
3351 4627 3532 4703 posita

1958 4716 2080 4757 esse
2108 4697 2240 4756 mihi
2274 4697 2559 4765 videntur,
2597 4711 2655 4754 ut
2690 4704 2941 4754 ostendat
2975 4700 3243 4753 Eusebius
3270 4697 3532 4766 quidquid

1958 4787 1988 4825 a
2031 4773 2476 4840 legumlatoribus
2516 4787 2580 4825 ac
2617 4773 2953 4839 philosophis
3009 4775 3292 4823 commode
3327 4768 3530 4818 dictum

1955 4851 2056 4906 est,
2090 4845 2139 4896 id
2181 4857 2343 4896 on'me
2385 4842 2451 4895 ab
2488 4841 2725 4896 llehueis
2763 4857 2857 4895 eos
2879 4856 3001 4892 esse
3035 4852 3325 4891 mutuatos.
3362 4840 3537 4902 Atque

1957 4913 2029 4966 ita
2079 4913 2224 4966 hunc
2261 4914 2438 4964 locum
2480 4915 2691 4980 accepit
2728 4911 2977 4971 Rutilius,
3011 4920 3067 4962 ut
3093 4925 3159 4961 ex
3205 4911 3536 4973 interpreta—

1958 4984 2101 5037 tione
2129 4984 2246 5052 ejus
2269 4983 2472 5052 liquido
2501 4994 2743 5051 apparet.
2775 4982 2933 5033 Multa
2971 4982 3021 5032 in
3045 4983 3185 5033 hanc
3206 4981 3533 5052 sententiam

1955 5048 2173 5108 disserit
2226 5048 2491 5107 Eusebius
2537 5048 2592 5106 iu
2653 5053 2806 5106 libris
2861 5054 2932 5102 De
2978 5061 3393 5118 praeparatione,
3444 5048 3535 5100 ubi

1953 5126 2192 5178 Ostendit;
2223 5126 2538 5177 Crazrorum
2565 5122 2910 5190 philosoiihos
2945 5137 3012 5174 ex
3049 5120 3213 5174 Musis
3238 5121 3393 5172 libris
3423 5119 3532 5187 ple-

1955 5195 2450 5267 raquesulluratos
2479 5195 2690 5267 fuisse.-
2735 5263 2750 5267 Δ
2784 5262 2794 5267 _
2943 5265 2952 5267 _
3091 5259 3120 5267 Α
3467 5266 3470 5267 ν
3518 5257 3528 5267 .

2023 5259 2138 5335 (45)
2181 5266 2242 5317 '0
2274 5262 2394 5316 τῶν
2421 5261 3049 5335 ἀρετῶνοδιδάςκᾳλος.
3083 5259 3329 5335 Quatuor
3356 5259 3529 5312 nostri

1951 5331 2333 5398 codices,Maz.
2364 5331 2596 5398 scilicet,
2626 5334 2788 5398 Med,
2821 5332 2954 5385 Fuk.
2988 5342 3039 5386 et
3067 5331 3530 5398 Savil.,scriptum

1953 5408 2150 5460 habent
2172 5396 2427 5478 ἀρρήτων
2443 5396 2781 5478 διδάσκαλος,
2796 5403 2852 5456 In
2880 5404 3094 5478 optimo
3110 5416 3286 5456 tamen
3311 5396 3531 5478 ilazz‘ad

1953 5468 2279 5548 tuargineiii,
2305 5468 2480 5530 altera
2509 5476 2670 5548 lectio
2701 5468 2934 5541 ascripta
2978 5485 3054 5548 est
3086 5475 3184 5548 hoc
3217 5471 3372 5548 rootln
3396 5468 3530 5548 ire.

1949 5537 2184 5616 ἀρετῶν.
2237 5537 2404 5600 Paulo
2430 5557 2550 5614 post.
2583 5547 2669 5600 ubi
2715 5537 2912 5615 legitur
2947 5543 3055 5616 τῶν
3086 5543 3262 5616 ἔργων
3287 5541 3356 5590 τὰ
3400 5537 3529 5590 θαύ-

1953 5615 2116 5686 ματα,
2151 5619 2308 5671 iidetn
2356 5621 2571 5670 codices
2632 5618 2925 5684 praeferunt
2956 5615 3273 5686 θαυμάσια,
3315 5621 3526 5686 θιιιιιυχ

1949 5678 2042 5740 Scal.
2075 5678 2175 5761 τὴν
2202 5689 2295 5742 ἐπὶ
2327 5688 2491 5744 πᾶσιν
2527 5689 2608 5751 εἰς
2633 5678 2902 5760 ὀὐρανοὺς
2940 5678 3120 5738 ἔνθεον
3148 5678 3525 5734 ἀποκατάστα-

1951 5774 2033 5812 σιν
2653 5797 2709 5807 -.
