4054 6456
502 348 572 407 67
1207 343 1479 403 EUSEBII
1518 338 2000 401 CESARIENSlS
2036 338 2188 395 OPP.
2232 337 2411 393 PARS
2449 334 2491 390 I.
2530 364 2601 375 -—
2638 330 3032 391 BISTORICA.
3700 326 3770 381 68

502 468 748 532 ciebam,
786 466 982 537 inquit,
1019 466 1195 523 donec
1229 468 1406 523 throni
1444 466 1601 537 positi
1646 472 1795 529 sunt,
1836 472 1891 518 et
1938 462 2085 517 Anti-

2206 460 2432 530 ιεφαλῆς
2462 457 2629 513 αὑτοῦ
2674 456 2807 510 ὡσεὶ
2830 455 2973 525 ἔριον
2998 448 3255 522 καθαρόν.
3307 448 3365 503 ὀ
3392 446 3579 521 θρόνος
3606 447 3769 501 αὑτοῦ

504 574 645 630 quos
706 560 917 613 dierum
973 560 1134 616 sedit.
1184 557 1579 613 Vestimentum
1633 557 1750 624 ejus
1798 553 2086 608 candidum

504 650 645 705 sicut
676 652 804 705 nix:
833 661 887 704 ct
927 652 1105 718 capilli
1151 652 1343 720 capitis
1379 652 1496 720 ejus
1538 650 1675 703 sicut
1714 647 1833 700 lana
1868 647 2089 701 munda.

506 741 756 795 Tliroutts
799 743 922 809 ejus
964 740 1179 795 ﬂamma
1221 742 1395 811 ignis,
1447 750 1577 793 rota:
1630 738 1744 802 ejus
1807 736 1945 806 ignis
1998 734 2095 788 lla-

507 848 690 901 grans.
749 832 971 886 Flmnen
1024 833 1163 902 ignis
1213 835 1467 886 manabat
1514 833 1565 884 in
1612 841 1907 899 conspecto
1953 826 2088 897 ejus.

508 926 647 979 Mille
673 926 839 979 millia
876 926 1257 978 ministrabant
1285 925 1333 979 ei
1370 943 1383 978 :
1413 932 1467 977 et
1495 922 1677 977 decies
1728 922 1927 975 millies
1954 923 2090 975 dena

508 1019 672 1069 millia
716 1018 1042 1072 assistebant
1090 1018 1161 1070 ei.
1206 1014 1477 1070 Jndiciom
1534 1014 1835 1077 constituit,
1867 1022 1921 1066 et
1969 1013 2090 1067 libri

509 1112 680 1179 aperti
707 1119 852 1162 sunt.
895 1127 913 1159 ι
950 1108 1015 1160 Ει
1041 1108 1197 1174 paulo
1224 1117 1343 1174 post
1382 1125 1395 1159 :
1432 1124 1450 1158 ι
1500 1106 1865 1171 Aspiciebam,
1894 1102 2089 1169 inquit,

509 1212 565 1256 et
592 1218 716 1253 ecce
741 1216 864 1253 cum
898 1201 1131 1252 nubibus
1174 1200 1294 1253 caeli
1332 1199 1484 1269 quasi
1534 1197 1703 1251 Filius
1733 1195 1969 1250 hominis
2002 1209 2093 1247 ve-

510 1294 667 1348 niens
707 1308 876 1361 usque
922 1292 989 1345 ad
1041 1292 1341 1358 Antiquom
1387 1291 1594 1345 dierum
1654 1288 1930 1355 pervenit,
1958 1286 2091 1339 etin

513 1397 805 1453 conspectu
840 1383 956 1452 ejus
989 1385 1267 1438 exblbitus
1311 1392 1413 1437 est.
1465 1384 1525 1437 Et
1561 1385 1717 1437 datus
1751 1390 1831 1434 cst
1867 1381 1913 1433 ei
1945 1379 2093 1448 prin—

510 1478 723 1546 cipatus
755 1486 808 1530 et
848 1477 1021 1529 bonos
1042 1514 1057 1537 ,
1088 1486 1141 1529 ct
1169 1492 1428 1543 regnum;
1462 1486 1510 1528 et
1544 1489 1729 1528 onmes
1758 1472 1957 1542 populi,
1999 1471 2093 1524 tri-

513 1571 615 1624 bus
647 1580 700 1623 et
732 1569 922 1639 lingme
947 1570 1047 1638 ipsi
1084 1572 1345 1626 servient.
1381 1569 1625 1624 Potestas
1668 1567 1818 1636 ejus,
1853 1575 2092 1634 potestas

511 1671 715 1715 aeterna
747 1676 867 1729 quae
923 1676 1027 1714 non
1089 1662 1383 1729 prmteribit
1418 1669 1513 1713 :et
1560 1674 1779 1729 regnum
1820 1655 1935 1723 ejus
1986 1670 2090 1707 non

514 1762 914 1821 corrumpetur.
955 1772 973 1803 ι
1013 1752 1137 1807 Ητηο
1189 1768 1319 1807 vero
1371 1750 1815 1805 manifestissime
1860 1763 1965 1801 non
2024 1744 2091 1799 ad

2191 552 2321 622 φλὸξ
2356 551 2543 621 πυρός.
2577 551 2639 603 Οἱ
2679 548 2866 620 τροχοὶ
2912 544 3076 598 αὐτοῦ
3120 544 3231 613 πῦρ
3269 542 3483 612 φλέγον.
3513 541 3774 610 Ποταμδς

2191 642 2359 713 πυρὸς
2390 637 2567 695 εἷλκεν
2596 638 2904 711 ἔμπροσθεν
2931 634 3117 690 αὑτοῦ.
3156 635 3337 687 Χίλιαι
3368 632 3604 703 χιλιάδες
3639 632 3775 684 ἐλει-

2190 732 2286 785 τού
2300 749 2462 802 ργουν
2491 731 2640 801 αὐτῷ
2671 730 2808 801 (46),
2842 728 2936 782 καὶ
2973 725 3163 797 μύριαι
3198 726 3455 797 μυριάδες
3478 724 3777 793 παρειστή-

2190 840 2380 877 κεισαν
2396 822 2702 894 ἔμπροσθεν
2722 819 2915 873 αὑτοῦ.
2933 819 3230 889 Κριτήριον
3252 816 3469 870 ἐκάθισε
3488 816 3579 869 καὶ
3605 815 3775 885 βίϐλοι

2191 912 2564 985 ἠνεῴχθησαν.
2598 932 2615 964 ι
2644 912 2752 964 Καὶ
2778 910 2935 980 ὲξῆς’
2972 927 2989 959 ι
3014 906 3332 977 Ἐθεώρουν,
3357 906 3509 976 φησι,
3541 907 3635 959 καὶ
3666 906 3776 959 ἰδοῦ

2196 1005 2331 1077 μετὰ
2354 1005 2462 1057 τῶν
2495 1003 2732 1072 νεφελῶν
2767 1002 2859 1054 τοῦ
2893 997 3124 1069 οὐρανοῦ
3171 998 3303 1050 ὡσεὶ
3336 998 3462 1060 Υἱὸς
3488 996 3777 1067 ἀνθρώπου

2192 1096 2505 1170 ἐρχόμενος,
2539 1096 2633 1148 καὶ
2661 1094 2766 1155 ἕως
2788 1093 2879 1145 τοῦ
2908 1088 3149 1144 Παλαιοῦ
3173 1090 3281 1141 τῶν
3312 1090 3534 1160 ἡμερῶν
3552 1089 3776 1158 ἔφθασε,

2192 1190 2287 1241 καὶ
2311 1184 2538 1239 ἐνώπιον
2572 1185 2734 1238 αὐτοῦ
2758 1181 3099 1254 προσηνέχθη
3131 1180 3241 1251 (47)
3264 1194 3282 1211 ·
3316 1180 3408 1233 καὶ
3441 1180 3589 1249 αὐτῷ
3622 1180 3777 1251 ἐδόθη

2192 1279 2225 1349 ή
2247 1276 2389 1348 ἀρχὴ
2411 1277 2502 1329 καὶ
2529 1277 2561 1346 ή
2590 1276 2742 1347 τιμὴ,
2766 1276 2860 1327 καὶ
2884 1277 2915 1345 ή
2945 1271 3210 1343 βασιλεία,
3232 1273 3325 1323 καὶ
3344 1272 3541 1335 πάντες
3563 1273 3612 1324 οἱ
3636 1270 3777 1333 λαοὶ,

2193 1366 2375 1436 φυλαὶ,
2404 1365 2664 1434 γλῶσσαι,
2700 1363 2848 1433 αὐτῷ
2880 1364 3254 1416 δουλεύσουσιν
3283 1361 3414 1430 (48).
3464 1361 3527 1412 Ἦ
3557 1360 3779 1426 ἐξουσία

2192 1456 2378 1520 αὐτοῦ,
2408 1455 2623 1519 ἐξουσία
2654 1454 2891 1517 αἰώνιος,
2926 1455 3047 1524 ἥτις
3070 1454 3130 1506 οὐ
3160 1450 3568 1523 παρελεύσεται.
3602 1451 3709 1503 Καὶ
3742 1452 3778 1521 ή
3826 1512 3833 1515 1

2194 1548 2439 1620 βασιλεία
2475 1546 2637 1600 αὑτοῦ
2665 1548 2723 1600 οὐ
2752 1546 3204 1615 διαφθαρήσεται.
3243 1563 3261 1595 ι
3296 1543 3479 1596 Ταῦτα
3509 1542 3565 1595 δὲ
3590 1542 3780 1610 σαφῶς

2192 1645 2293 1696 οὐκ
2320 1644 2402 1712 ἐφ’
2435 1642 2641 1711 ἕτερον,
2669 1638 2781 1692 ἀλλ’
2811 1637 2903 1691 ἐπὶ
2929 1638 3020 1691 τὸν
3043 1636 3310 1707 ἡμέτερον
3340 1634 3568 1705 Σωτῆρα
3596 1634 3687 1686 τὸν
3720 1635 3780 1687 ὲν

2194 1738 2334 1808 ἀρχῇ
2369 1735 2504 1807 πρὸς
2536 1735 2625 1787 τὸν
2650 1733 2802 1795 Θεὸν,
2827 1731 2959 1784 Θεὸν
2992 1730 3164 1799 Λόγον
3186 1730 3507 1799 ἀναφέροιτο
3538 1726 3625 1789 ἂν,
3650 1728 3781 1779 Υἱὸν

514 1843 680 1895 alium
721 1857 881 1909 quam
916 1842 982 1894 ad
1039 1844 1385 1896 Servatorem
1440 1852 1686 1896 nostrum
1744 1838 1932 1893 referri
1967 1851 2093 1906 pos-

2206 1828 2481 1900 ὶνθρώπου
2511 1826 2599 1880 διὰ
2626 1827 2724 1897 τὴν
2748 1825 2985 1892 ὑστάτην
3021 1822 3186 1876 αὐτοῦ
3212 1821 3620 1894 ὲνανθρώπησιν
3654 1838 3783 1891 χρη-

515 1941 665 1996 sunt,
685 1933 771 2000 qui
794 1942 913 1985 erat
936 1934 987 1985 in
1013 1934 1278 2002 principio
1310 1933 1451 2003 apud
1478 1936 1640 1985 Deum
1671 1931 1811 1984 Deus
1836 1928 2092 1991 Verbum,

516 2034 570 2077 et
621 2024 710 2090 qui
769 2034 1057 2090 propterea
1102 2026 1246 2093 quod
1298 2026 1350 2079 in
1404 2024 1716 2078 novissimis
1763 2023 2093 2094 temporibus

517 2118 676 2171 homo
712 2114 885 2166 factus
933 2124 1009 2167 est
1033 2156 1049 2180 ,
1081 2117 1248 2171 Filius
1299 2117 1533 2169 hominis
1568 2115 1785 2169 dicitur.
1835 2112 1940 2167 Sed
1971 2128 2093 2166 cum

516 2211 907 2279 prophetarum
945 2208 1163 2261 oracula
1200 2208 1265 2260 de
1299 2205 1522 2259 Domino
1555 2214 1741 2257 nostro
1773 2200 1899 2256 Jesu
1937 2199 2097 2254 Chri-

516 2313 603 2356 sto
641 2303 785 2356 edita
815 2303 867 2355 in
907 2300 1276 2370 peculiaribus
1310 2298 1422 2368 jam
1476 2294 1896 2351 Commentariis
1933 2290 2098 2345 colle-

2200 1922 2507 1996 μα’-σίζοντα.
2552 1918 2714 1972 Ἀλλὰ
2762 1917 2870 1989 γὰρ
2919 1919 2977 1970 ἐν
3023 1916 3244 1979 οἰκείοις
3276 1915 3632 1985 ὑπομνήμασι
3666 1908 3780 1981 (49)

2194 2017 2293 2079 τὰς
2326 2016 2455 2087 περὶ
2488 2013 2581 2066 τοῦ
2614 2013 2865 2083 Σωτῆρος
2893 2010 3049 2081 ήμῶν
3087 2008 3260 2081 Ἰησοῦ
3294 2006 3532 2079 Χριστοῦ
3568 2022 3784 2076 προφη-

2195 2108 2351 2172 τικὰς
2388 2105 2615 2174 ἐκλογὰς
2641 2105 2751 2174 (50)
2796 2104 3214 2172 συναγαγόντες,
3259 2098 3783 2170 ἀποδεικτικώτερόν

2198 2216 2258 2252 τε
2281 2197 2349 2250 τὰ
2372 2198 2499 2267 περὶ
2520 2195 2682 2249 αὑτοῦ
2708 2193 3012 2265 δηλούμενα
3043 2196 3098 2245 ὲν
3144 2192 3349 2265 ἑτέροις
3378 2193 3737 2262 συστήσαντες
3766 2226 3782 2248 .

2199 2292 2311 2353 τοῖς
2354 2288 2668 2360 εἰρημένοις
2701 2287 2793 2340 ὲπὶ
2822 2286 2913 2339 τοῦ
2950 2286 3215 2357 παρόντος
3273 2281 3745 2355 ἀρκεσθησόμεθα.

517 2395 778 2462 gerimus,
817 2406 872 2449 et
901 2408 1232 2464 quaecunque
1262 2394 1328 2446 de
1364 2392 1455 2446 illo
1520 2392 1826 2455 traduntur,
1884 2382 2212 2442 ﬁrmissimis
2265 2381 2823 2439 demonstrationibus
2873 2381 3002 2435 alibi
3046 2379 3464 2445 astruserimus,
3528 2376 3613 2432 bis
3661 2390 3785 2447 qua:

518 2498 662 2543 dicta
691 2500 840 2557 sunt,
877 2490 928 2543 in
969 2488 1255 2559 praesentia
1283 2486 1492 2542 erimus
1515 2486 1784 2541 contenti.

1133 2629 1360 2685 CAPUT
1398 2629 1489 2683 111.

588 2736 743 2804 Quod
776 2754 945 2806 ipsum
969 2738 1097 2791 Jesu
1139 2738 1437 2806 Christique
1464 2753 1650 2790 nomen
1684 2737 1807 2789 olim
1845 2746 2026 2791 uatum

756 2809 932 2872 ἰωὴ,
959 2813 1261 2878 cultumque
1289 2825 1321 2861 a
1344 2810 1536 2860 diuinis
1572 2807 1857 2876 prophetis.

591 2939 771 3009 Ipsum
808 2956 938 2994 vero
964 2939 1089 2995 Jesu
1123 2940 1437 3011 Christique
1476 2940 1796 2995 vocabulum
1839 2940 1977 3010 apttd
2013 2956 2098 2994 ve-

521 3037 671 3085 teres
701 3030 820 3084 illos
856 3030 964 3084 Deo
1011 3030 1237 3084 dilectos
1285 3033 1579 3100 prophetas
1607 3031 1657 3083 in
1690 3026 1893 3083 honore
1943 3024 2091 3084 habi-

523 3130 638 3176 tum
668 3122 858 3187 fuisse,
887 3133 1249 3191 Opportunum
1284 3137 1428 3173 nunc
1464 3132 1677 3190 tempus
1708 3129 1791 3175 est
1818 3130 1874 3174 ιιι
1902 3132 2090 3175 osten-

596 3230 707 3303 (46)
759 3231 1203 3299 Ἐλειτούργουν
1217 3230 1395 3295 αὐτῷ.
1519 3230 1895 3303 vetustissimo
1914 3231 2102 3303 codice

525 3300 804 3355 Maiarino
847 3312 966 3364 post
1000 3308 1093 3353 bas
1123 3317 1282 3353 Vores
1328 3301 1575 3353 addimus
1620 3302 1819 3353 verba:
1858 3302 1964 3353 Καὶ
1995 3301 2100 3370 μύ-

568 3390 643 3423 ιαι
699 3370 955 3442 μυριάδες
1016 3372 1482 3442 παρειστήκεισαν
1536 3370 1841 3441 ἔμπροσθεν
1912 3371 2099 3424 αὑτοῦ.

527 3388 643 3495 ttat
699 3388 955 3442 μυριαοες
1016 3388 1482 3442 παρειστηκεισαν
1536 3388 1841 3441 εμπροσυεν
1912 3388 2096 3424 αυτου.

548 3444 728 3494 "adem
765 3444 1015 3508 pt't‘ititipc
1063 3445 1289 3494 babetnr
1323 3459 1372 3493 III
1404 3443 1594 3494 codice
1640 3442 1775 3493 Fuk.
1829 3456 1891 3493 ac
1926 3443 2096 3497 Savil.

526 3521 582 3564 et
610 3514 657 3560 in
695 3512 966 3562 veteribus
996 3514 1231 3573 scbedis,
1274 3511 1373 3563 nisi
1414 3512 1560 3578 quod
1597 3514 1857 3577 scriptum
1896 3512 2102 3565 habent

528 3581 988 3651 παρειστήκεισαν
1014 3579 1182 3649 αὐτῷ,
1214 3591 1369 3642 prout
1400 3581 1597 3647 legitur
1626 3591 1788 3633 etiam
1828 3582 1967 3650 apud
2009 3580 2105 3634 Ju-

528 3654 736 3705 stinttm
775 3663 826 3703 ct
859 3654 907 3702 in
937 3653 1173 3720 editione
1197 3651 1437 3702 llotnanu
1473 3652 1707 3704 Duttielis
1736 3666 1858 3720 cup.
1883 3666 1978 3715 vn,
2015 3651 2106 3704 ubi

527 3722 649 3773 vide
688 3722 1079 3773 Atlootationes
1112 3719 1329 3772 Nobilii.

601 3789 711 3855 (47)
757 3788 1047 3842 Ἐνώπιον
1095 3790 1282 3842 αὑτοῦ
1310 3790 1719 3859 προσηνέχθη.
1757 3789 1813 3841 ln
1863 3792 2109 3859 margine

530 3860 884 3932 codicis_hl:«z.
906 3864 1164 3925 scriptum
1196 3870 1598 3932 estterettttore
1614 3877 1770 3932 manu
1792 3877 1804 3912 :
1824 3860 1919 3931 Γρ.
1950 3878 2114 3932 προσ-

529 3927 691 4000 ήχθη,
732 3929 760 3981 ὃ
788 3931 897 3982 καὶη
923 3932 1191 3999 κρεῖττον.
1242 3929 1294 3981 ld
1330 3940 1431 3993 est,
1466 3931 1517 3983 iu
1544 3927 1879 3997 qubttsdaur
1914 3927 2110 3984 codici-

531 4003 627 4051 bus
686 4002 937 4051 scribitur
1000 4000 1317 4070 προσήχθη.
1379 4000 1534 4070 idque
1596 4006 1810 4055 rectius.
1856 4000 2012 4055 Certe
2060 4004 2111 4053 in

530 4071 740 4137 optimo
782 4071 871 4121 illo
909 4069 1096 4123 codice
1143 4070 1334 4123 Renati
1382 4069 1681 4135 Marrballi,
1727 4072 1816 4140 qui
1854 4088 1991 4123 nunc
2021 4080 2105 4123 est

533 4140 585 4191 in
626 4140 947 4193 bibliotheca
974 4142 1381 4193 Claromoutani
1424 4142 1655 4206 collegii.
1694 4158 1740 4191 ιε.
1771 4157 1842 4193 \‘tt
1874 4141 2110 4196 Danielis

531 4210 736 4280 diserte
769 4214 1034 4277 scriptum
1093 4219 1211 4271 est,
1251 4212 1347 4261 καὶ
1377 4210 1658 4280 προσήχθη
1686 4210 1851 4279 αὐτῷ.
1893 4210 2097 4263 Tamen

533 4278 676 4331 inter
718 4294 755 4347 η
797 4288 854 4331 et
902 4296 934 4348 χ
971 4279 1397 4347 super-scriptum
1426 4278 1549 4332 'cst'
1582 4278 1767 4332 eadem
1806 4278 1973 4332 inanti
2004 4298 2061 4332 νε
2093 4298 2105 4333 :

532 4363 759 4416 prorsus
809 4359 865 4400 nt
911 4358 1172 4416 appareat
1194 4349 1510 4417 jamdudum
1541 4350 1779 4403 variasse
1802 4350 2017 4403 codices
2048 4354 2098 4403 itt

530 4433 598 4490 eo
642 4418 875 4490 Danielis
904 4422 1053 4482 loco;
1090 4430 1146 4490 et
1172 4420 1548 4490 aliosquidem
1582 4419 1865 4490 προσήχθη
1903 4432 2104 4489 praeto-

532 4486 683 4547 lisse,
715 4489 851 4559 alios
896 4488 1261 4559 προσηνέχθη.
1308 4488 1475 4541 l’orro
1509 4490 1558 4541 iu
1600 4486 1965 4542 \ctitsiissimo
2012 4492 2102 4543 illo

534 4559 726 4611 codice
774 4558 839 4611 R.
889 4558 1165 4611 Marc-Italo
1226 4561 1316 4626 qui
1361 4560 1650 4625 prophetas
1699 4560 2101 4625 ροιιιιιιυειιιιιιι,

535 4628 773 4682 Danielis
807 4630 946 4682 libro
982 4629 1069 4681 hic
1103 4630 1353 4695 pra-lixas
1378 4640 1462 4684 est
1492 4630 1679 4682 titulus
1707 4628 1898 4683 ;Κατὰ
1918 4630 2107 4683 Θεοδο-

528 4696 741 4769 τιωνος,
766 4702 951 4769 supple
976 4698 1077 4769 ,τὴν
1103 4699 1332 4753 ἔκδοσιν.
1358 4750 1363 4755 .

602 4768 714 4839 (48)
744 4768 914 4835 Αὐτῷ
958 4768 1426 4824 δουλεύσουσιν.
1480 4768 1557 4823 Ita
1599 4768 1800 4839 legitur
1851 4771 2013 4822 etiam
2053 4770 2106 4821 in

528 4838 767 4893 editione
796 4840 1039 4892 llomana
1082 4843 1339 4893 Danielis.
1383 4842 1577 4893 Verum
1605 4838 1717 4893 tres
1758 4842 1924 4893 nostri
1954 4841 2103 4892 codt-

529 4922 644 4973 ces,
660 4908 969 4975 Med.,Fuk.
988 4920 1041 4963 et
1059 4910 1244 4962 Savilti
1260 4913 1460 4964 diserte
1473 4912 1730 4976 scriptum
1758 4912 1978 4973 habent,
1996 4909 2111 4961 δου·

529 4977 803 5033 λεύουσιν.
850 4982 1020 5045 Quam
1073 4982 1403 5049 scripturam
1436 4983 1725 5033 conlirmat
1777 4979 2029 5041 Ruﬁnus,
2059 4991 2107 5033 et

533 5065 712 5120 omnes
735 5051 935 5116 papuli,
969 5050 1157 5113 tribus,
1190 5052 1385 5120 lingua:
1426 5051 1526 5119 ipsi
1562 5051 1811 5102 serviunt.
1833 5052 1929 5120 Sic
1962 5053 2105 5103 enim

534 5118 735 5188 legitur
765 5122 815 5172 in
850 5121 1222 5173 vetustissimo
1253 5118 1439 5173 codice
1471 5120 1793 5174 Parisieusis
1826 5119 2107 5185 Eeclesiw,

533 5205 640 5242 non
675 5202 731 5240 ιιι
756 5190 931 5254 vulgo,
959 5202 1003 5241 et
1032 5191 1228 5257 (ἐπέγνω
1253 5193 1349 5253 ipsi
1379 5192 1619 5243 servient.

602 5258 715 5329 (49)
768 5260 864 5311 Ἐν
889 5261 1130 5325 οἰκείοις
1159 5260 1571 5330 ὑπομνήμασι.
1634 5260 1891 5329 1ιι⁴ιε11ἰείι
1940 5260 2109 5314 libros

538 5327 619 5389 De.
659 5327 957 5397 euangelica
1001 5327 1494 5396 denmustruttoue,
1550 5345 1616 5382 ex
1675 5327 1873 5399 qurbus
1921 5333 2105 5383 decem

533 5400 794 5451 duntaxat
816 5403 880 5451 ad
908 5415 1003 5451 nos
1029 5413 1417 5466 pervenerunt.
1447 5400 1503 5458 ln
1530 5404 1902 5456 vetosussimo
1924 5403 2113 5454 codice

534 5467 674 5539 hiat.
708 5470 1026 5524 scboliastes
1068 5473 1286 5538 quidam
1322 5482 1474 5524 notat
1530 5472 1618 5523 bic
1667 5472 1890 5539 intelligi
1943 5472 2111 5523 libros

528 5536 622 5610 De
645 5541 1029 5607 prwpuratioue
1069 5536 1114 5592 et
1152 5542 1599 5594 demonstratione
1632 5536 1932 5609 evangelica
1962 5581 1971 5588 .
2007 5542 2113 5610 Ση-

532 5608 758 5678 μείωσαι
791 5612 869 5663 ὅτι
903 5609 1269 5680 ὑπομνήματα
1300 5612 1398 5682 τὴν
1442 5608 1857 5679 Εὐαγτελινιὴν
1887 5608 2115 5679 προπα-

530 5683 841 5749 ρασκευὴν
872 5682 1034 5735 αὑτοῦ
1075 5682 1170 5733 καὶ
1191 5682 1504 5747 ἀπόδειξιν
1537 5684 1711 5746 καλεῖ,
1742 5684 1794 5735 id
1828 5694 1936 5745 est,
1970 5682 2114 5735 Nota

528 5750 669 5821 quod
709 5753 1113 5806 commentarios
1145 5764 1310 5818 vocat,
1335 5753 1496 5807 libros
1524 5769 1649 5807 suos
1684 5772 1703 5804 ι
1733 5752 1806 5806 De
1834 5770 2111 5823 pra-puru—

2736 2615 3134 2673 ΚΕΦᾹΛΑΙΟΝ
3184 2616 3259 2669 Γ⁹.

2204 2711 2300 2777 Ὠς
2336 2709 2431 2764 καὶ
2479 2708 2548 2763 τὸ
2604 2708 2797 2776 Ἰησοῦ
2849 2709 3057 2775 ὄνομα,
3100 2706 3208 2777 -καὶ
3248 2704 3395 2758 αὐτὸ
3555 2702 3631 2777 τὸ.
3670 2700 3785 2755 τοῦ

2264 2774 2547 2848 Χριστοῦ,
2601 2774 2870 2847 ἐγένωστό
2898 2774 2963 2831 τέ
3003 2774 3439 2848 ἀνέκαθενλιαὶ
3477 2774 3787 2848 έτεξίμηςο

2260 2841 2420 2919 πὶιρὰ
2443 2841 2563 2916 τοῖς
2583 2841 2928 2914 θεσπεσίοις
2945 2847 3274 2915 προφήταις
3296 2843 3433 2909 (Nic.
3468 2843 3537 2896 ll.
3561 2841 3624 2897 Ε.
3648 2859 3685 2904 ι,
3701 2842 3781 2911 4).

2268 2942 2391 2995 Ὀτι
2439 2941 2495 2994 δὲ
2534 2941 2628 2995 καὶ
2668 2941 2798 2995 αὐτὸ
2837 2939 3075 3010 τοῦνομα
3108 2938 3218 3009 (Si)
3248 2936 3338 2990 τοῦ
3379 2954 3439 2989 τε
3480 2934 3649 3004 Ἰησοῦ
3688 2932 3787 2987 καὶ

2200 3032 2265 3105 δη
2304 3033 2397 3086 καὶ
2428 3033 2490 3085 τὸ
2520 3032 2612 3085 τοῦ
2649 3031 2883 3104 Χριστοῦ
2918 3033 3047 3101 παρ’
3091 3030 3271 3091 αὐτοῖς
3313 3030 3422 3091 τοῖς
3458 3026 3622 3081 πάλαι
3665 3024 3789 3077 θεο-

2198 3126 2376 3196 φιλέσι
2410 3126 2717 3197 προφήταις
2748 3123 3056 3192 ἐτετίμητο,
3091 3121 3190 3192 ήδη
3223 3120 3411 3191 καιρὸς
3458 3116 3787 3171 ἀποδεικνύ-

2209 3238 2346 3289 tione
2381 3252 2443 3288 ac
2477 3236 2692 3288 demous
2718 3235 2950 3286 tratione
2976 3234 3301 3301 euangelica.
3368 3233 3632 3285 Croti-rom
3672 3235 3788 3286 hmc

2209 3307 2424 3361 Eusebii
2457 3305 2827 3358 Ecclesiastica
2863 3303 3104 3356 Historia
3134 3312 3281 3354 tanto
3317 3304 3473 3356 nobis
3507 3319 3788 3354 commen-

2209 3378 2383 3430 datior
2410 3390 2527 3429 esse
2555 3376 2733 3435 debet,
2763 3375 2903 3442 quod
2940 3382 3057 3440 post
3094 3374 3307 3442 reliqua
3337 3374 3451 3426 fere
3477 3372 3591 3442 eius
3617 3388 3785 3439 opera

2207 3456 2434 3501 exarata
2473 3455 2576 3507 est,
2637 3440 2883 3511 adeoque
2919 3455 3040 3510 post
3074 3443 3239 3496 libros
3276 3440 3785 3509 Chronologicorum

2209 3532 2488 3579 canonum,
2541 3522 2599 3567 ut
2646 3515 2758 3580 ipse
2811 3514 3077 3566 Eusebius
3107 3529 3267 3580 supra
3326 3524 3551 3565 testatus
3580 3521 3680 3564 est.
3713 3512 3787 3563 At

2210 3586 2524 3639 Blontlellns
2569 3585 2621 3636 in
2653 3584 2909 3651 Apologia
2948 3598 3044 3649 pro
3070 3584 3341 3637 sententia
3367 3584 3423 3634 Β.
3459 3581 3776 3649 Ilieroaymi

2211 3656 2279 3709 de
2310 3654 2577 3723 episcopis
2616 3662 2669 3705 et
2696 3653 3051 3721 presbyteris,
3080 3667 3202 3723 gap.
3226 3652 3499 3717 l9,libros
3532 3651 3603 3702 I)e
3632 3666 3786 3703 2mm-

2210 3722 2377 3795 gelira
2432 3723 2879 3795 demonstratione
2947 3722 3015 3774 ab
3044 3722 3311 3795 __Ettsebio
3380 3723 3784 3795 scriptos_esse

2212 3789 2393 3848 censet
2428 3803 2545 3861 post
2575 3794 3000 3845 Ecclesittsticam
3034 3790 3347 3846 Historiam.
3377 3793 3584 3857 Quippe
3608 3789 3783 3861 Euse-

2217 3866 2359 3926 bius,
2392 3860 2584 3930 inquit,
2623 3864 2674 3915 in
2708 3863 2843 3914 libro
2872 3876 2922 3914 Vl
2976 3862 3047 3914 De
3069 3860 3778 3926 devitanstraiioue,cap.15,

2217 3933 2509 3986 Historiam
2547 3949 2698 3984 suam
2732 3934 2885 3986 citat.
2931 3932 3034 3983 Sed
3069 3931 3401 3983 Blondellum
3430 3932 3638 3995 dect-pit
3672 3930 3784 3983 La-

2219 4006 2329 4056 tina
2361 4002 2760 4070 interpretatio,
2790 4018 2907 4068 qua:
2932 4004 3008 4053 sit:
3034 4003 3196 4055 habet
3219 4020 3230 4053 :
3256 4000 3406 4065 Quod
3429 4002 3471 4053 si
3496 4000 3780 4069 quidquam

2212 4084 2391 4125 nostra
2416 4088 2617 4140 quoque
2647 4072 2867 4123 historia
2892 4073 3043 4133 valet,
3077 4073 3267 4122 nostris
3308 4071 3539 4137 ipsorum
3580 4082 3782 4136 tempo-

2210 4145 2354 4195 ribus
2384 4144 2529 4194 illaut
2556 4142 2844 4208 antiquitus
2875 4140 3189 4192 celebratam
3222 4140 3346 4194 Sion
3383 4140 3588 4209 junctis
3618 4140 3783 4190 bobus

2208 4229 2239 4265 a
2278 4212 2525 4264 lloutanis
2565 4214 2688 4262 viris
2706 4214 2873 4269 arari.
2900 4212 3063 4261 oculis
3086 4216 3277 4263 nostris
3304 4212 3652 4275 inspeximus.
3675 4210 3783 4259 Ve-

2211 4298 2328 4334 rum
2349 4283 2501 4348 longe
2520 4280 2661 4332 aliud
2676 4292 2871 4331 sonant
2896 4280 3081 4332 Grteea
3106 4280 3320 4333 Eusebii
3354 4281 3532 4337 \erba.
3555 4295 3674 4345 qua:
3693 4280 3782 4332 ltic

2207 4348 2653 4418 ριιιιιιιιιεΕἰγοῦν
2682 4366 2735 4401 τι
2760 4348 2981 4401 δύναται
3019 4348 3113 4401 καὶ
3149 4350 3387 4419 ἡμετέρα
3411 4349 3781 4419 ἱστορία,καθ’

2205 4423 2353 4490 ἡμᾶς
2385 4421 2581 4481 αὐτοὺς
2601 4420 2700 4490 τὴν
2729 4419 2894 4472 πάλαι
2927 4420 3207 4488 βοωμένην
3238 4418 3373 4490 Σιὼν
3406 4418 3625 4486 ζεύγεσι
3643 4418 3783 4490 sese

2207 4488 2311 4544 ὑπὸ
2346 4490 2632 4561 Ῥῳμαίων
2648 4488 2854 4561 ἀνδρῶν
2874 4492 3180 4561 ἀρουμένην
3212 4489 3506 4560 ὀφθαλμοῖς
3528 4488 3785 4561 προειλή-

2206 4578 2403 4632 φαμεν.
2429 4559 2482 4612 ld
2513 4572 2592 4613 est
2622 4578 2637 4614 :
2675 4560 2826 4623 Quod
2850 4565 2893 4613 si
2914 4559 3159 4632 iuostrum
3192 4577 3394 4628 quoque
3421 4560 3782 4632 testimonium

2208 4630 2412 4702 aliquid
2441 4632 2879 4702 ponderis/iubet,
2917 4630 3133 4684 Sionem
3169 4631 3473 4702 illumnqute
3504 4630 3626 4702 olim
3669 4640 3783 4702 tuu-

2208 4698 2383 4768 toliere
2411 4700 2672 4755 celebrata
2711 4712 2808 4762 est,
2837 4711 2991 4753 astate
3026 4713 3203 4752 nostra
3234 4718 3265 4751 a
3310 4698 3562 4751 Romanis
3608 4699 3777 4761 arari,

2208 4774 2333 4834 ipsis
2368 4772 2531 4824 oculis
2554 4772 2744 4823 nostris
2780 4771 3027 4823 vidimus.
3063 4768 3222 4822 Vides
3257 4770 3541 4822 Eusebium
3579 4782 3681 4820 non
3712 4769 3781 4819 de

2210 4840 2451 4895 Historia
2496 4856 2591 4892 sua
2642 4840 2809 4905 loqui.
2858 4839 2994 4892 Nam
3069 4840 3280 4910 ἱστορία
3345 4854 3410 4892 eo
3467 4838 3587 4891 loco
3648 4837 3783 4891 nihil

2210 4914 2355 4965 aliud
2395 4920 2478 4963 est
2511 4925 2673 4977 quam
2708 4911 3080 4963 testimonium
3122 4912 3426 4963 oculorum.

2281 4982 2390 5047 (ὅθ)
2407 4976 2779 5047 Προφητικὰς
2799 4977 3073 5049 ἐκλογάς.
3093 4978 3181 5032 Sic
3202 4980 3416 5033 codices
3440 4977 3601 5041 Maz.,
3618 4976 3781 5042 Med.,

2209 5051 2407 5108 Fuk.et
2449 5051 2622 5103 Savil.
2654 5060 2911 5119 scriptum
2951 5053 3167 5110 habent,
3208 5060 3371 5102 recte.
3427 5050 3571 5101 lSditi
3611 5064 3781 5119 προφ.

2210 5123 2475 5183 ἐκδόσεις.
2514 5121 2605 5172 Sic
2638 5130 2814 5172 autem
2864 5130 3022 5173 vocat
3073 5119 3334 5172 Eusebius
3384 5119 3532 5170 locos
3593 5135 3789 5172 est-er-

2212 5205 2334 5262 ptos
2376 5194 2443 5244 de
2490 5190 2644 5242 libris
2696 5191 3105 5257 pr0pbetarmn,
3150 5191 3202 5241 in
3254 5191 3451 5256 quibus
3498 5189 3674 5262 agitor
3721 5192 3787 5241 de

2214 5260 2495 5315 vocatione
2548 5261 2786 5326 gentium
2836 5270 2889 5311 et
2928 5262 2993 5312 de
3042 5262 3273 5311 adventu
3349 5262 3575 5312 Christi.
3625 5260 3787 5311 Certe

2216 5334 2269 5385 in
2305 5332 2455 5384 libris
2505 5328 2976 5382 Demonstrutionis
3019 5330 3150 5381 nihil
3190 5331 3332 5381 aliud
3368 5330 3476 5395 agit
3525 5329 3786 5383 EUSebiul

2214 5418 2373 5472 quam
2415 5409 2473 5452 ιιι
2508 5401 2812 5472 testimonia
2846 5401 3254 5472 prophetarum
3300 5415 3365 5452 ex
3412 5416 3595 5452 eorum
3636 5399 3791 5472 libris

2218 5470 2455 5541 colligat.
2523 5471 2731 5535 Quibus
2826 5470 3021 5524 deinde
3102 5472 3410 5523 uberiorem
3492 5470 3787 5535 expositio-

2220 5540 2435 5595 nem'ac
2465 5540 2981 5594 demonstrationem
3018 5542 3357 5609 adjeciurum
3406 5553 3466 5593 se
3499 5556 3619 5592 esse
3665 5554 3792 5609 pro-

2219 5612 2406 5665 mittit.
2436 5611 2488 5663 In
2527 5612 2792 5677 protentio
2825 5611 2945 5661 libri
2993 5604 3215 5663 secundi
3254 5604 3408 5664 vdeat
3434 5609 3532 5672 τὰς
3574 5611 3639 5661 ὲκ
3666 5604 3793 5661 ’τῶν

2220 5680 2569 5755 προφητικῶν
2597 5680 2786 5755 φρονῶν
2819 5679 3141 5755 μαρτυρίας.

2292 5746 2404 5819 (51)
2447 5752 2566 5803 Ὅτι
2592 5746 2659 5803 δὲ
2681 5751 2776 5804 καὶ
2806 5746 2953 5803 αὐτὸ
2983 5746 3262 5819 τοῦνομα.
3290 5749 3348 5805 In
3378 5750 3563 5806 codice
3592 5746 3790 5803 Haut.
