4034 6450
241 329 300 385 ω
1229 321 1588 384 HISTORIE
1625 327 2192 388 ECCLESIASTICE
2230 331 2362 388 LIB.
2403 331 2446 390 1.
3413 343 3484 401 70

229 467 321 507 ut.
343 445 535 502 Σεπτὸν
566 445 650 511 ὡς
682 444 761 500 Ενι
799 445 1036 520 μάλιστα
1069 449 1165 502 καὶ
1195 448 1407 516 ἔνδοξον
1439 450 1501 505 τὸ
1528 451 1623 506 τοῦ
1654 454 1784 526 Χρι-

1897 455 2111 511 damus.
2140 454 2358 513 Primus
2393 458 2509 530 ipse
2528 455 2743 531 Moyses
2773 474 2897 515 cum
2927 459 3124 518 nomeh
3164 463 3366 522 Christi
3386 480 3484 521 au-

229 540 336 598 ατοῦ
367 540 529 610 ὄνομα
554 537 774 610 πρῶτος
807 539 971 605 αὐτὸς
1001 541 1277 612 γνωρίσας
1299 544 1560 615 Μωῦσῆς.
1586 545 1792 611 τύπους

228 632 459 706 οὐρανίων
506 631 604 685 καὶ
672 631 941 701 σύμϐολα,
1005 634 1405 705 μυστηριώδεις
1455 652 1516 688 τε
1574 638 1791 702 εἰκόνας

226 725 500 788 ἀκολούθως
551 727 790 798 χρησμῷ
837 728 1072 798 φήσαντι
1134 726 1320 798 αὐτῷ’
1372 747 1390 779 ι
1429 729 1592 800 Ὅρα,
1636 731 1792 802 ποιή-

226 838 321 883 σεις
348 819 519 872 πάντα
553 820 700 874 κατὰ
743 820 837 874 τὸν
869 819 1042 874 τύπον
1080 821 1172 873 τὸν
1199 820 1478 894 δειχθέντα
1513 841 1592 877 σοι
1623 825 1682 877 ἐν
1714 824 1792 896 τῷ

221 914 315 984 ὄρει
332 930 345 942 ’
370 933 388 964 ι
423 914 770 983 παραδιδοὺς,
812 915 1098 987 Ἀρχιερέα
1116 916 1273 980 Θεοῦ,
1298 918 1373 981 ὠς
1399 917 1526 989 ἐνῆν
1557 919 1792 990 μάλιστα

221 1002 433 1066 δυνατὸν,
457 1002 749 1075 ἄνθρωπον
780 1005 1145 1076 ἐπιφημίσας,
1179 1005 1370 1061 τοῦτον
1398 1009 1632 1079 Χριστὸν
1655 1011 1790 1062 ἀνα-

221 1092 426 1163 γορεύει.
465 1095 578 1148 Καὶ¹
623 1095 796 1170 ταύτῃ
829 1115 894 1166 γε
944 1102 1012 1170 τῇ
1049 1099 1189 1152 κατὰ
1231 1100 1334 1170 τὴν
1378 1099 1792 1173 ἀρχιερωσύνην

221 1187 340 1256 ἀξίᾳ,
374 1189 550 1240 πᾶσαν
573 1189 992 1263 ὑπερϐαλλούσῃ
1023 1193 1152 1264 παρ’
1187 1191 1337 1262 αὐτῷ
1364 1193 1462 1264 τὴν
1490 1195 1548 1246 ὲν
1583 1193 1792 1264 ἀνθρώ-

219 1295 320 1341 ποις
351 1278 667 1350 προεδρίαν,
727 1282 820 1334 ἐπὶ
862 1286 997 1354 τιμῇ
1037 1284 1131 1336 καὶ
1165 1283 1292 1357 δόξῃ
1323 1283 1384 1336 τὸ
1422 1283 1515 1338 τοῦ
1554 1285 1789 1356 Χριστοῦ

219 1370 536 1442 περιτίθησιν
575 1372 772 1444 ὄνομα.
811 1373 999 1438 Οὕτως
1025 1376 1134 1447 ἄρα
1161 1375 1254 1429 τὸν
1296 1377 1532 1447 Χριστὸν
1561 1376 1701 1431 θεῖόν
1738 1396 1791 1432 τι

219 1462 375 1533 χρῆμα
402 1463 694 1532 ἠπίστατο.
714 1463 773 1516 '0
797 1464 842 1516 δ’
868 1466 1031 1528 αὐτὸς
1052 1465 1146 1519 καὶ
1165 1466 1263 1538 τὴν
1286 1467 1381 1520 τοῦ
1415 1467 1590 1539 Ἰησοῦ
1621 1485 1792 1540 προσ-

224 1554 423 1625 ηγορίαν
487 1551 547 1609 εὖ
605 1557 754 1627 μάλα
804 1557 1085 1629 Πνεύματι
1137 1559 1266 1630 θείῳ
1299 1559 1555 1631 προϊδὼν,
1628 1561 1790 1615 πάλιν

218 1647 338 1710 τινὸς
366 1648 650 1719 ὲξαιρέτου
686 1651 992 1722 προνομίας
1017 1653 1113 1705 καὶ
1151 1651 1356 1723 ταύτην
1391 1653 1552 1719 ἀξιοῖ.
1579 1652 1790 1707 Ούποτε

219 1738 327 1807 γοῦν
393 1741 664 1812 πρότερον
717 1741 1035 1813 ἐκφωνηθὲν
1090 1745 1171 1807 είς
1216 1742 1557 1816 ἀνθρώπους,
1621 1744 1790 1818 πρινὴ

1899 559 2119 620 gustum
2154 551 2208 604 lu
2255 551 2446 620 primis
2493 560 2547 606 et
2583 553 2878 622 gloriosum
2925 570 3044 609 esse
3093 559 3482 625 cognovisset,

1899 643 2052 711 signa
2085 658 2268 698 rerum
2320 643 2633 698 emlestium
2665 655 2720 698 et
2755 647 3014 716 mystiras
3064 648 3325 718 imagines
3372 665 3484 704 tra-

1897 731 2032 786 dens
2062 747 2126 788 ex
2164 745 2436 804 praecepto
2467 735 2610 790 illius
2643 737 2846 790 oraculi
2886 737 2972 792 "z
3011 758 3028 791 t
3071 739 3257 800 Facies
3298 745 3480 797 omnia

1893 823 2052 893 juxta
2085 825 2313 894 ﬁguram
2347 842 2469 896 qum
2515 828 2610 882 tibi
2644 829 2695 882 in
2730 840 2911 884 monte
2955 843 3254 884 Inoastrata
3289 843 3372 888 est
3403 848 3424 900 ς
3456 851 3480 887 ι

1902 917 2179 973 hominem
2216 935 2376 988 quem
2431 921 2589 987 ipse,
2637 931 2896 990 (piantum
2949 926 3161 978 mortali
3209 925 3287 979 las
3325 935 3481 990 erat,

1899 1019 2174 1061 summum
2216 1007 2307 1062 Dei
2354 1009 2706 1065 Sacerdotem
2739 1024 3170 1082 nuncupaverat,
3205 1017 3480 1070 Christum

1899 1098 2137 1152 vocavit.
2175 1099 2354 1168 Atque
2384 1102 2484 1154 hoc
2523 1104 2688 1156 modo
2731 1106 2928 1157 smnmi
2978 1108 3268 1160 sacerdotii
3305 1109 3485 1176 digni-

1902 1189 2020 1253 tati,
2051 1207 2173 1260 qua:
2203 1193 2374 1262 ipsius
2408 1196 2626 1264 quidem
2660 1195 2862 1260 iudicio
2894 1213 3108 1250 onmem
3139 1201 3280 1252 inter
3309 1201 3484 1254 lmini-

1899 1297 1999 1337 nes
2049 1283 2272 1339 honoris
2323 1290 2740 1358 pra-rogativam
2794 1292 3132 1358 superabat,
3174 1294 3394 1348 honoris
3427 1304 3482 1350 et

1899 1374 2088 1446 gloria:
2111 1392 2272 1432 causa
2302 1378 2502 1434 Christi
2536 1399 2730 1435 nomen
2768 1383 3044 1458 imposuit.
3066 1385 3212 1438 Adeo
3247 1387 3296 1438 in
3323 1387 3482 1441 Chri-

1901 1475 1987 1520 sto
2027 1467 2269 1522 divinum
2321 1471 2450 1539 quid
2497 1471 2721 1527 subesse
2758 1475 3113 1543 intelligebat.
3165 1477 3305 1530 Idem
3355 1495 3479 1534 cum

1898 1559 2084 1614 divino
2116 1558 2328 1617 amatus
2375 1563 2582 1632 Spiritu
2639 1581 2835 1620 nomen
2888 1565 3014 1621 Jesu
3061 1570 3262 1638 optime
3295 1573 3482 1640 praevi-

1897 1649 2091 1717 disset,
2117 1653 2320 1707 eximio
2344 1654 2578 1723 quodam
2619 1657 2900 1727 privilegio
2934 1673 3123 1713 rursus
3157 1659 3286 1714 illud
3317 1677 3482 1716 orna-

1898 1743 1997 1799 vit.
2031 1742 2147 1799 [loc
2173 1745 2319 1800 enim
2364 1748 2690 1803 vocabulum
2723 1753 2866 1820 quod
2899 1761 3025 1806 ante
3062 1754 3230 1822 ipsius
3260 1766 3477 1811 aetatem

218 1832 425 1888 Μωῡσέα
454 1833 774 1907 γνωσθῆναι
819 1835 954 1907 (52),
988 1835 1050 1888 τὸ
1093 1837 1187 1890 τοῦ
1251 1835 1424 1907 Ἰησοῦ
1475 1837 1784 1911 πρόσρημα1

1901 1851 2176 1906 nunquam
2234 1837 2379 1891 inter
2429 1839 2680 1896 homines
2725 1843 2994 1913 prolatum
3034 1842 3247 1910 fuerat,
3301 1848 3479 1916 primo

214 1928 360 1995 τούτῳ
388 1926 633 1996 Μωῦσῆς
659 1925 866 1999 πρώτῳ
902 1928 992 1982 καὶ
1028 1928 1174 1999 μόνῳ
1188 1930 1549 2001 περιτίθησιν,
1575 1930 1634 1984 ὃν
1653 1930 1794 1984 κατὰ

214 2016 356 2072 τύπον
390 2015 546 2082 αὖθις
574 2020 674 2072 καὶ
704 2019 972 2091 σύμϐολον
1003 2020 1144 2089 ἔγνω
1176 2024 1317 2092 μετὰ
1350 2022 1449 2094 τὴν
1480 2021 1646 2078 αὑτοῦ
1698 2039 1790 2076 τεο

214 2111 376 2182 λευτὴν
417 2112 806 2186 διαδεξόμενον
851 2113 950 2186 τὴν
1001 2115 1144 2168 κατά
1202 2115 1421 2170 πάντων
1467 2116 1666 2188 ἀρχήν.
1711 2117 1786 2170 Οὐ

214 2202 446 2275 πρότερον
484 2205 622 2272 γοῦν
655 2204 752 2258 τὸν
777 2204 942 2258 αὑτοῦ
975 2205 1218 2277 διάδοχον
1248 2210 1315 2278 τῇ
1345 2209 1438 2262 τοῦ
1485 2209 1658 2282 Ἰησοῦ
1693 2227 1788 2263 κε-

216 2297 469 2368 χρημένον
496 2298 872 2371 προσηγορίᾳ,
928 2298 1150 2370 ὀνόματι
1205 2300 1262 2354 δὲ
1310 2301 1483 2374 ἑτέρῳ
1521 2302 1598 2374 τῷ
1635 2303 1785 2376 Αὺσῇ

215 2387 326 2458 (55),
350 2389 483 2460 ὅπερ
508 2391 559 2442 οἱ
609 2391 982 2460 γεννήσαντες
1018 2389 1168 2462 αὐτῷ
1197 2391 1487 2458 τέθεινται,
1515 2395 1787 2468 καλούμε-

213 2497 304 2545 νον,
340 2480 543 2550 Ἰησοῦν
573 2481 746 2546 αὐτὸς
776 2482 1123 2554 ἀναγορεύει,
1166 2483 1334 2557 γέρας
1379 2483 1569 2558 ὥσπερ
1606 2488 1787 2558 τίμιον

212 2570 382 2634 παντὸς
408 2571 543 2625 πολὺ
579 2572 774 2642 μεῖζον
825 2571 1104 2642 βασιλικοῦ
1151 2573 1502 2646 διαδήματος,
1537 2576 1783 2649 τοῦνομα

211 2661 333 2732 αὐτῷ
361 2662 736 2735 δωρούμενος,
773 2663 856 2717 ὃτι
882 2664 946 2735 δὴ
976 2665 1068 2717 καὶ
1113 2665 1276 2729 αὐτὸς
1298 2669 1326 2720 ὁ
1352 2665 1448 2720 τοῦ
1496 2667 1654 2738 Ναυῆ
1683 2670 1786 2740 Ἰη-

214 2743 315 2815 σοῦς
335 2752 421 2806 τοῦ
445 2753 714 2826 Σωτῆρος
741 2752 900 2825 ἡμῶν
927 2753 1025 2826 τὴν
1049 2755 1235 2808 εἰκόνα
1276 2754 1462 2829 ἔφερε,
1489 2757 1582 2811 τοῦ
1621 2759 1784 2830 μόνου

215 2843 327 2912 μετὰ
389 2844 640 2898 Μωῦσὲα
719 2844 816 2898 καὶ
888 2843 951 2897 τὸ
1022 2832 1399 2919 συμπέρασμα
1443 2847 1544 2918 τῆς
1595 2851 1786 2922 ἐκείνῳ

212 2935 584 3008 παραδοθείσης
612 2937 722 3007 (54)
755 2936 1092 3008 συμῦολικῆς
1114 2937 1389 3011 λατρείας,
1419 2940 1521 3012 τῆς
1551 2941 1784 3015 ἀληθοῦς

213 3032 288 3082 καὶ
309 3029 714 3102 καθαρωτάτης
735 3030 1018 3095 εὐσεϐείας
1048 3031 1147 3103 τὴν
1171 3033 1346 3106 ἀρχὴν
1377 3032 1780 3105 διαδεξαμένου.

213 3121 302 3178 Καὶ
329 3125 525 3194 Μωσῆς
592 3124 692 3194 μὲν
728 3122 901 3198 ταύτῃ
933 3142 1007 3196 πη
1035 3125 1156 3180 δυσὶ
1191 3129 1302 3191 τοῖς
1325 3127 1446 3180 κατ’
1476 3127 1636 3181 αὐτὸν
1658 3129 1784 3199 ἀρε-

213 3218 264 3287 τῇ
291 3219 374 3272 καὶ
398 3217 526 3289 δόξῃ
588 3216 742 3288 παρὰ
776 3217 953 3271 πάντα
995 3219 1087 3272 τὸν
1115 3218 1244 3272 λαὸν
1280 3220 1645 3291 προφέρουσιν
1685 3221 1782 3274 ἀν-
1813 3205 1852 3259 (ἶ

216 3307 437 3380 θρώποις,
474 3308 557 3379 τῷ
598 3309 697 3378 μὲν
728 3310 995 3382 ἀρχιερεῖ,
1031 3311 1111 3384 τῷ
1145 3311 1202 3364 δὲ
1241 3311 1356 3381 μετ’
1383 3311 1546 3365 αὑτὸν
1574 3313 1780 3384 ἡγησο-

217 3401 350 3472 μένῳ,
372 3403 468 3473 τὴν
486 3401 594 3455 τοῦ
622 3401 875 3472 Σωτῆρος
913 3403 1072 3473 ἡμῶν
1113 3403 1286 3474 Ἰησοῦ
1332 3403 1568 3474 Χριστοῦ
1615 3421 1785 3471 προσ·
1834 3433 1836 3435 >

211 3496 406 3565 ηγορίαν
430 3496 524 3549 ἐπὶ
547 3499 689 3566 τιμῇ
725 3498 790 3567 τῇ
826 3497 1058 3569 μεγίστῃ
1086 3494 1474 3568 περιτέθειται.
1497 3496 1692 3565 Σαφῶς
1723 3496 1780 3550 δὲ

213 3591 287 3642 καὶ
313 3592 357 3643 0i
406 3592 547 3661 μετὰ
602 3589 775 3645 ταῦτα
818 3590 1113 3663 προφῆται,
1139 3590 1400 3661 ὀνομαστὶ
1429 3589 1518 3643 τὸν
1548 3589 1782 3662 Χριστὸν

215 3684 610 3754 πρωνεφὼνουν
681 3685 817 3757 (55),
873 3684 1007 3754 ὁμοῦ
1075 3685 1174 3755 τὴν
1225 3683 1524 3754 μέλλουσαν
1565 3684 1786 3738 ἔσεσθαι

215 3777 310 3829 κατ’
338 3778 497 3831 αὑτοῦ
523 3777 805 3849 συσκευὴν
833 3777 928 3830 τοῦ
965 3777 1236 3830 Ἰουδαίων
1256 3776 1409 3842 λαοῦ,
1436 3777 1572 3849 ὁμοῦ
1598 3776 1657 3830 δὲ
1685 3777 1783 3830 καὶ

213 3869 290 3939 τὴν
336 3871 439 3923 τῶν
475 3871 660 3925 ἐθνῶν
691 3871 757 3925 δι’
793 3870 958 3924 αὑτοῦ
1006 3870 1200 3942 κλῆσιν
1241 3871 1776 3943 προμαρτυρόμενοι.

212 3963 319 4017 Τοτὲ
353 3965 446 4036 μὲν
468 3961 584 4021 ὦδὲ
626 3984 744 4030 πως
782 3965 1052 4036 Ἱερεμίας
1078 3964 1284 4034 λέγων·
1326 3983 1345 4015 t
1397 3963 1624 4032 Πνεῦμα
1671 3963 1777 4036 πρὸ

213 4057 472 4125 προσώπου
507 4058 674 4130 ἡμῶν
700 4057 933 4128 Χριστὸς
969 4056 1192 4129 Κύριος,
1225 4053 1534 4125 συνελήφθη
1567 4055 1624 4107 ἐν
1656 4056 1778 4117 ταῖς

212 4145 496 4221 διαφθοραῖς
524 4151 714 4206 αὐτῶν
731 4167 746 4181 ο
782 4146 842 4204 οὗ
870 4149 1105 4220 εἴπαμεν
1132 4151 1191 4202 έν
1216 4151 1283 4219 τῇ
1322 4148 1450 4218 σκιᾷ
1482 4145 1648 4199 αὑτοῦ
1675 4143 1776 4216 ζη-

276 4244 315 4275 "
342 4245 508 4300 Exod.
541 4263 679 4301 xxv.
716 4247 759 4278 ¹¹
795 4245 998 4301 Thren.
1032 4261 1104 4300 tv.
1184 4245 1227 4276 "
1253 4243 1396 4298 Psal.
1422 4260 1460 4297 ι.

211 4351 254 4394 et
280 4341 588 4422 Fok._nulla_
625 4343 717 4397 hic
769 4342 828 4397 ﬁt
876 4341 999 4422 novi
1038 4340 1253 4422 _capitis
1286 4338 1600 4422 distinctio.
1636 4337 1771 4422 Nam

215 4424 347 4479 eaput
393 4415 427 4468 5
473 4415 653 4467 multo
712 4426 837 4466 ante
891 4412 1191 4480 incipiunt,
1245 4419 1297 4464 ut
1351 4425 1512 4478 supra
1564 4412 1768 4466 notavi.

215 4482 587 4572 Cotlex.:ttttetti
620 4483 998 4572 Medicmus‘ab
1042 4483 1141 4572 his
1805 4517 1849 4572 Β

214 4552 258 4606 ι.
284 4551 376 4607 Sed
427 4555 570 4608 nihil
614 4557 820 4608 certius
853 4562 938 4607 est
983 4568 1145 4622 quam
1177 4552 1227 4606 id
1263 4551 1405 4620 quod
1451 4567 1612 4618 supra
1657 4568 1775 4606 rno-

214 4624 309 4686 nui,
335 4627 397 4676 ah
428 4627 518 4680 his
560 4626 742 4678 verbis
770 4625 1133 4679 inchoandum
1164 4637 1286 4678 esse
1317 4631 1482 4692 caput
1511 4623 1576 4689 '5;
1613 4623 1776 4692 idque

214 4693 282 4747 vel
310 4696 489 4759 titulus
524 4697 647 4763 ipse
677 4697 1029 4748 demonstrat.

271 4765 370 4835 (52)
409 4761 603 4834 Ilpiﬁi
636 4765 896 4820 Μωϋσέιι
917 4761 1276 4835 γνωσθῆναι.
1315 4761 1382 4835 in
1417 4761 1771 4835 codieeAMed.

217 4848 268 4886 ac
290 4833 533 4892 Savil.’et
566 4840 618 4890 in
655 4838 934 4890 veteribus
969 4835 1184 4890 sthedis
1218 4834 1560 4889 bibliothecae
1593 4833 1774 4903 Regia:

217 4906 444 4978 scriptum
499 4917 591 4961 est
640 4905 1028 4978 γνωρισθῆναι.
1080 4905 1151 4958 At
1205 4903 1478 4978 Musculus
1544 4907 1770 4978 verbum

216 4975 492 5047 γνωσθῆναι
526 4978 581 5031 in
609 4975 792 5032 activa
816 4975 1213 5044 signiﬁcatione
1241 4975 1455 5047 accepit
1483 4988 1580 5043 pro
1611 4977 1775 5043 ἐγνω-

217 5043 362 5110 κέναι,
387 5043 532 5117 quod
568 5049 796 5102 omnino
833 5043 1103 5117 le’rrirnou
1146 5054 1342 5112 potest.
1377 5045 1546 5099 Porro
1600 5048 1768 5117 nostri

218 5115 415 5172 codices
431 5117 596 5181 Mam,
632 5117 770 5173 Med.
799 5134 862 5172 ac
893 5116 1028 5171 Fuk.
1056 5117 1321 5184 scriptum
1359 5116 1708 5186 habentttplv
1735 5115 1768 5188 ἢ

219 5187 398 5237 duobus
428 5189 636 5237 verbis-

247 5189 398 5242 uobus
428 5189 636 5243 verbis.

271 5256 649 5336 (ξελρνόματι
669 5259 737 5336 δέ
756 5258 934 5336 ἑτέρῳ
954 5259 1036 5325 τῷ
1071 5258 1267 5336 Αλύσῇ.
1296 5255 1353 5310 ln
1399 5255 1770 5336 vetustissimo

221 5328 524 5400 godicelﬂaz.
545 5333 646 5384 hoc
661 5330 922 5384 scholium
941 5331 1241 5400 appositum
1265 5329 1430 5400 estad
1445 5328 1765 5400 marginem:

222 5395 496 5472 ξημείωσαι
525 5402 608 5454 ὅτι
636 5402 666 5453 ὁ
705 5400 799 5472 τοῦ
841 5395 1025 5472 Ναυῆ
1045 5399 1257 5472 Ἰησοῦς
1290 5399 1551 5472 πρότερον
1589 5397 1770 5472 Αύσὴς

223 5465 446 5539 ἐκαλεῖτο.
476 5471 530 5524 Id
560 5483 673 5534 est,
714 5469 858 5524 Nota
889 5465 1029 5533 (μιόά
1072 5465 1228 5524 Iesus
1262 5465 1405 5539 filius
1441 5465 1588 5521 Nave
1621 5465 1768 5539 prius

226 5536 355 5592 Attae:
393 5545 696 5596 vocabatur.
739 5542 843 5595 Sed
885 5536 1334 5612 l'liet'Ouytnus'in
1381 5547 1537 5612 caput
1585 5553 1600 5592 l
1638 5537 1770 5592 Osee

227 5619 343 5662 notat
393 5613 534 5666 hunc
581 5628 703 5667 esse
759 5628 1005 5668 errorem
1056 5610 1300 5666 omnium
1354 5610 1604 5664 codicum
1657 5619 1765 5662 tam

226 5674 498 5749 Qtecorum
556 5699 720 5748 quam
777 5681 1137 5744 Latinorum,
1179 5683 1268 5749 qui
1322 5681 1462 5733 Attae
1503 5681 1765 5748 scriptum

228 5748 393 5804 habent
419 5769 515 5819 pro
541 5753 691 5808 Osce.
724 5752 878 5820 Osee,
905 5755 1104 5823 inquit,
1136 5748 1204 5805 ia
1223 5754 1406 5819 lingua
1444 5759 1636 5823 nostra
1655 5749 1768 5802 Sal-

225 5829 432 5878 vatorem
479 5837 662 5890 tonat;
708 5826 846 5894 quod
900 5819 1087 5879 nomen
1155 5823 1337 5876 habuit
1378 5823 1535 5876 etiam
1604 5819 1766 5874 Josue

1896 1925 2105 1996 solique
2140 1927 2337 1982 indidit
2365 1930 2412 1983 ei
2445 1969 2460 1994 ,
2490 1945 2653 2000 quem
2675 1929 2828 1999 juxta
2864 1933 3091 2003 ﬁgurant
3117 1946 3176 1990 et
3203 1937 3480 2006 signiﬁca-

1893 2017 2098 2074 tionem
2138 2033 2394 2076 arcanam
2428 2022 2573 2079 illius
2623 2026 2862 2082 nominis
2886 2067 2901 2092 ,
2947 2038 3070 2097 post
3117 2045 3271 2083 suum
3303 2046 3333 2084 e
3365 2032 3476 2084 vita

1893 2110 2199 2166 discessum
2244 2115 2415 2170 totius
2443 2115 2657 2186 itnperii
2693 2133 3065 2175 successorem
3093 2121 3329 2176 futurum
3359 2139 3477 2178 esse

1892 2215 2256 2274 prteuoverat.
2306 2205 2479 2273 Quem
2513 2209 2768 2277 quidem,
2799 2226 2919 2265 cum
2952 2223 3115 2266 antea
3153 2229 3257 2268 non
3292 2213 3475 2283 Jesus,

1891 2300 1987 2355 sed
2011 2299 2158 2354 Ause
2187 2298 2400 2353 inditoa
2418 2301 2733 2369 parentibus
2755 2303 2975 2358 nomine
3006 2316 3310 2373 vocaretur,
3334 2307 3479 2380 Moy-

1891 2409 1978 2448 ses
2013 2392 2199 2448 Jesum
2234 2393 2575 2448 nominavit:
2608 2395 2714 2449 hoc
2751 2397 3074 2450 vocabulum
3111 2399 3255 2453 velut
3294 2403 3477 2469 praeci-

1889 2502 2054 2556 puum
2103 2486 2331 2541 honoris
2369 2487 2601 2556 insigne,
2633 2488 2779 2541 omni
2823 2490 2972 2558 regio
3008 2491 3313 2548 diademate
3339 2509 3476 2561 pra:-

1889 2576 2131 2632 stantius
2161 2577 2210 2631 ei
2247 2578 2515 2644 tribuens,
2543 2593 2610 2634 eo
2635 2581 2781 2648 quod
2815 2580 3123 2636 Servatoris
3148 2585 3318 2637 nostri
3347 2585 3476 2638 ima-

1889 2670 2069 2741 ginem
2097 2671 2382 2724 exhiberet
2406 2710 2422 2736 ,
2449 2671 2544 2740 qui
2576 2682 2697 2740 post
2731 2671 2930 2727 Mosem
2959 2712 2973 2736 ,
3005 2683 3057 2728 et
3083 2685 3204 2742 post
3233 2678 3475 2745 comple-

1890 2775 2134 2820 mentum
2184 2764 2466 2834 religionis
2513 2765 2582 2820 ab
2633 2766 2824 2820 eodem
2882 2766 2935 2819 in
2977 2766 3165 2835 ﬁguris
3218 2772 3470 2838 traditae,

1889 2857 2036 2912 solus
2098 2857 2152 2910 in
2187 2870 2330 2909 verte
2377 2865 2432 2910 et
2478 2857 2710 2911 sincera:
2753 2857 2970 2926 pietatis
3021 2859 3305 2927 imperium
3353 2870 3474 2918 erat

1887 2958 2268 3001 successurus.
2301 2944 2370 2997 Et
2405 2943 2617 3014 Moyses
2649 2945 2864 3013 quidem
2901 2947 3004 3002 hoc
3056 2950 3214 3003 modo
3263 2951 3474 3008 duobus

1889 3034 2024 3088 viris
2051 3035 2142 3102 qui
2188 3034 2277 3087 illa
2309 3043 2470 3088 actate
2514 3049 2623 3102 pra:
2668 3036 2880 3092 cazteris
2908 3039 3160 3094 onmibus
3193 3042 3393 3098 virtute
3418 3052 3474 3096 et.

1889 3125 2063 3197 gloria
2111 3125 2417 3193 ﬂorebant,
2447 3126 2604 3181 alteri
2656 3130 2967 3194 sacerdoti,
3001 3130 3158 3184 alteri
3198 3133 3318 3187 duci
3349 3145 3473 3203 post

1887 3220 2091 3273 exitum
2127 3234 2284 3272 suum
2317 3216 2498 3272 futuro
2524 3257 2540 3284 ,
2575 3219 2885 3276 Servatoris
2911 3225 3080 3276 nostri
3112 3221 3242 3278 Jesu
3269 3225 3469 3280 Christi

1889 3325 2110 3374 nomen,
2146 3310 2368 3365 maximi
2393 3311 2828 3379 honorisinstar,
2866 3314 3144 3384 imposuit.
3176 3317 3282 3372 Sed
3305 3329 3359 3373 et
3384 3334 3472 3375 se-

1889 3404 2002 3458 cnli
2037 3403 2296 3473 deinceps
2339 3407 2620 3474 prophetae
2668 3407 3027 3463 disertissime
3060 3419 3112 3464 et
3149 3411 3469 3466 nominatim

1889 3495 2164 3552 Christum
2197 3499 2722 3568 pratntmtiaverunt,
2755 3501 2917 3555 simul
2948 3513 3001 3557 et
3029 3501 3340 3558 Judzeorum
3374 3507 3472 3559 ad-

1889 3603 2078 3644 versus
2114 3591 2287 3660 ipsum
2325 3591 2551 3646 insidias
2576 3633 2592 3659 ,
2625 3602 2680 3646 et
2709 3594 2952 3662 gentium
2985 3610 3082 3664 per
3116 3596 3272 3649 illum
3301 3611 3468 3652 voca-

1892 3680 2093 3736 tionem
2129 3683 2298 3738 multo
2329 3693 2457 3739 ante
2488 3694 2768 3740 testantes.
2799 3683 3069 3741 Jeremias
3096 3689 3315 3756 quidem
3344 3705 3466 3743 cum

1885 3771 1970 3826 sic
1996 3773 2113 3827 ait:
2149 3791 2169 3826 t
2223 3773 2461 3844 Spiritus
2505 3785 2630 3829 ante
2662 3775 2871 3829 vultum
2921 3787 3168 3830 nostrqu
3220 3777 3470 3832 Christus

1886 3865 2150 3920 Dominus
2194 3867 2623 3936 comprehensus
2672 3877 2757 3922 est
2809 3869 2860 3922 in
2895 3871 3338 3938 corruptionibus
3371 3888 3471 3926 no-

1886 3958 2038 4012 stris.
2077 3957 2151 4013 De
2181 3973 2289 4030 quo
2334 3960 2572 4014 diximus
2605 3978 2618 4012 :
2650 3960 2707 4013 In
2754 3960 2943 4014 umbra
2995 3961 3111 4030 ejus
3141 3963 3384 4016 vivemus
3411 3963 3466 4017 itt

1887 4051 2139 4121 gentibus
2173 4029 2239 4104 ίῖ.
2281 4070 2300 4104 ι
2331 4051 2498 4104 David
2532 4063 2660 4103 vero
2691 4060 2912 4118 stupore
2941 4029 3149 4104 deﬁxus
3178 4051 3245 4106 de
3273 4054 3462 4105 eodem

1885 4144 1999 4198 bare
2025 4145 2155 4199 dicit
2191 4145 2234 4176 "
2274 4166 2287 4200 :
2325 4163 2344 4196 t
2383 4142 2570 4210 Quare
2601 4142 2938 4197 fremuerunt
2967 4153 3155 4213 gentes
3183 4153 3236 4197 et
3285 4145 3466 4215 populi

1881 4335 2024 4404 ﬁlius
2069 4331 2230 4404 Non,
2277 4341 2560 4400 antequam
2606 4332 2656 4404 ei
2698 4347 2730 4383 a
2777 4329 2883 4404 οφ
2930 4329 3467 4404 vocabnlnnrmuta—

1882 4400 2044 4461 retur.
2083 4403 2206 4457 Non
2240 4404 2408 4468 enim,
2447 4413 2498 4453 ut
2549 4401 2686 4454 male
2731 4405 2782 4454 in
2823 4400 3023 4456 Crwcis
3072 4402 3338 4456 codicibus
3377 4405 3456 4458 le-

1880 4481 2021 4543 gitur
2056 4485 2103 4529 et
2147 4473 2368 4532 Latinis.
2395 4475 2540 4525 Attse
2576 4475 2747 4524 dictus
2781 4484 2878 4538 est,
2907 4475 3046 4541 quod
3083 4474 3455 4543 niltilonmino

1880 4534 2197 4610 intelligitur
2235 4559 2255 4596 :
2304 4545 2392 4596 sed
2448 4544 2608 4604 Osee,
2661 4544 2716 4594 itl
2776 4534 2873 4596 θεῖ’
2905 4534 3176 4597 Salvator.
3222 4542 3465 4597 Pseudu-

1879 4603 2135 4672 Clettteits
2184 4615 2236 4667 itt
2287 4614 2423 4666 libro
2453 4629 2468 4666 t
2501 4603 2936 4681 Recoga'itionum
2964 4629 2982 4666 :
3015 4612 3193 4681 Igitur
3233 4613 3463 4683 Moyses,

1880 4688 2077 4754 inquit,
2131 4685 2214 4738 Itis
2285 4684 2677 4736 administratis
2750 4686 2943 4736 Ausem
3011 4688 3289 4752 quemdam
3372 4702 3467 4738 no-

1877 4753 2019 4811 mine
2065 4771 2375 4825 prarponens
2420 4753 2635 4825 populo,
2681 4755 2770 4823 qui
2808 4770 2894 4825 eos
2945 4767 3207 4806 revocaret
3258 4753 3328 4825 ad
3371 4755 3486 4820 pa-‘

1878 4830 2034 4882 triam
2065 4823 2282 4880 terram.
2311 4825 2401 4877 Sic
2423 4824 2832 4886 etLactantius,
2856 4823 2928 4876 lib
2978 4840 3052 4887 tv,
3081 4840 3200 4891 cap.
3233 4823 3318 4878 l7.

1949 4898 2064 4969 (54)
2109 4895 2258 4969 Τῆς,
2305 4895 2515 4969 ἐκείνῳ
2591 4893 3074 4969 παραδοθείσης.Δ
3126 4896 3467 4969 Neephorus

1875 4965 2166 5039 Ιιςώθιτῆς
2198 4968 2264 5020 δι’
2287 4966 2520 5026 ἐκείνου.
2557 4982 2662 5033 quo
2686 4967 2844 5039 modo
2874 4967 3037 5039 etiam
3067 4965 3119 5018 in
3141 4968 3464 5039 quibusdam

1875 5041 2029 5095 libris
2067 5037 2132 5093 se
2184 5040 2748 5108 reperissertestatur
2786 5037 3147 5108 διομιιιιιηρ.Δ
3175 5037 3266 5089 Sic
3313 5047 3466 5090 certe

1875 5113 2174 5182 praeierunt
2215 5103 2388 5163 codex
2443 5107 2579 5182 Med.
2614 5118 2666 5162 et
2703 5107 2840 5160 Max.
2886 5103 3013 5160 cum
3050 5103 3271 5182 Fukael
3303 5108 3491 5176 Savi-._

1876 5177 2038 5236 liano.
2087 5179 2286 5234 Parum
2337 5188 2514 5232 tamen
2551 5180 2776 5232 interest
2826 5187 2947 5231 utro
2996 5179 3154 5230 modo
3202 5177 3461 5246 legamus,

1873 5269 1996 5307 cum
2035 5253 2176 5305 idem
2212 5252 2284 5304 sit
2331 5250 2536 5310 dicere,
2581 5250 2758 5318 legem
2791 5246 2976 5301 datam
3009 5263 3132 5301 esse
3182 5247 3376 5318 Moysi,
3409 5255 3462 5300 et

1873 5326 2055 5395 datam
2087 5337 2207 5395 esse
2238 5337 2332 5395 per
2361 5319 2626 5395 quSem.
2818 5388 2828 5395 .
3057 5387 3069 5395 ,
3171 5387 3182 5395 _
3260 5388 3270 5395 ,
3411 5387 3422 5395 .

1945 5393 2056 5464 (55)
2093 5391 2214 5464 Τόν
2236 5387 2495 5460 Χριστὸν
2524 5388 3010 5464 προανεφώνουν.
3055 5387 3132 5464 l_t_a
3171 5387 3367 5464 legitur
3407 5387 3461 5440 in

1871 5459 2060 5520 codice
2089 5462 2261 5532 Regio
2282 5459 2346 5516 et
2389 5463 2442 5514 in
2483 5464 2753 5532 veteribus
2796 5462 3037 5532 scliedis.
3070 5459 3267 5532 Verum
3315 5459 3456 5511 M21.

1871 5538 2040 5589 codex
2073 5529 2197 5588 cuni
2253 5533 2392 5588 Med.
2424 5542 2478 5584 et
2525 5531 2662 5584 Fuk.
2697 5536 2963 5597 scriptum
3002 5529 3165 5583 habet
3193 5545 3458 5600 Λπροανα-

1871 5606 2163 5674 φωνοῦσιν,
2201 5605 2346 5674 quod
2372 5606 2553 5680 inagis
2589 5604 2776 5680 probo.
2806 5601 3090 5680 Sic-patth
3123 5598 3274 5652 infra
3297 5602 3459 5680 iidem

1869 5667 2094 5732 codices
2127 5667 2325 5732 habent
2355 5671 2522 5728 Aau’l6
2565 5667 2644 5737 εἷς
2676 5672 2736 5726 τὸ
2767 5667 2938 5725 αὑτοῦ
2985 5667 3280 5740 πρόσωπον
3323 5669 3458 5724 ἁνα-

1870 5751 2060 5820 φωνεῖ.
