4054 6456
546 362 608 420 7t
699 322 705 330 ’
1254 360 1520 417 unseen
1557 354 2036 413 t2A£SAittENSlS
2074 355 2114 411 o

2218 396 2224 409 .
2268 352 2448 410 PARS
2487 352 2527 408 1.
2570 382 2638 394 -α
2677 352 3072 409 iIiSTORlCA.

886 434 911 463 ο

3739 352 3813 410 72

547 466 793 540 meditati
849 492 977 537 sunt
1027 481 1211 536 inania
1242 482 1268 536 ‘I
1309 482 1612 536 Astiterunt
1668 495 1820 549 reges
1863 489 2022 534 terra:
2064 489 2114 533 et

2226 476 2430 549 σόμεθα
2479 478 2538 529 ὲν
2570 479 2684 539 τοῖς
2737 475 2946 529 ἔθνεσι·
2979 494 2997 526 ι
3038 473 3161 529 τοτὲ
3191 473 3248 527 δὲ
3287 473 3585 545 ἀμηχανῶν
3626 473 3809 540 Auum,

545 575 821 647 principes
867 585 1238 629 convenerunt
1289 575 1339 627 iu
1389 589 1551 625 unum
1581 611 1595 634 ,
1645 571 1907 626 adversus
1940 572 2119 625 Domi-

545 683 674 723 num
698 678 753 722 et
785 667 1047 720 adversus
1074 666 1349 722 Christum
1380 665 1518 733 eius.
1554 681 1570 712 ι
1594 662 1800 729 Quibus
1830 663 1947 716 hinc
1973 663 2122 716 dein-

546 759 613 813 de
642 754 920 829 subiungit
950 771 1015 809 ex
1065 770 1297 824 persona
1344 753 1550 807 Christi
1584 768 1597 804 :
1641 768 1659 801 ι
1699 750 1958 805 Dominus
1990 748 2123 804 dixit

543 848 613 904 ad
642 864 728 904 me
762 846 973 901 :Filius
1000 861 1153 900 meus
1176 861 1234 899 es
1262 856 1315 897 tu
1349 858 1481 912 ,ego
1518 844 1675 897 hodie
1717 841 1877 912 genui
1915 850 1986 895 te.
2020 841 2122 895 Po-

544 939 684 994 stula
715 955 743 992 a
780 953 888 1002 me,
920 951 974 993 et
1009 937 1146 991 dabo
1183 938 1275 989 tihi
1309 946 1499 1005 gentes
1531 935 1909 989 hmreditatem
1949 941 2118 995 tuam,

541 1042 597 1087 et
630 1033 1026 1102 possessionem
1064 1040 1207 1084 tuam
1239 1029 1498 1085 terminos
1527 1038 1704 1082 terra).
1746 1045 1766 1079 ι
1786 1026 1968 1095 Neque
1991 1039 2120 1079 vero

539 1121 641 1175 soli
684 1121 880 1175 summi
912 1121 1257 1183 sacerdotes,
1289 1128 1477 1188 utpote
1519 1117 1616 1187 qui
1641 1115 1766 1171 oleo
1794 1116 1861 1169 ad
1902 1115 1952 1169 id
1982 1129 2122 1183 pra:-

542 1224 735 1283 parato
766 1214 949 1267 arcani
1000 1212 1281 1280 cujusdam
1338 1210 1579 1282 mysterii
1636 1224 1801 1262 causa
1850 1222 2121 1279 ungeren-

545 1313 653 1371 tur,
680 1303 887 1359 Christi
919 1304 1136 1356 nomine
1167 1302 1510 1355 ornabantur
1533 1301 1675 1370 apud
1704 1300 1998 1362 Hebraeos;
2029 1313 2120 1350 ve-

543 1413 661 1451 rum
690 1396 854 1451 etiam
904 1409 1100 1464 rcges,
1147 1408 1284 1463 quos
1336 1392 1617 1461 prophetm
1671 1392 1853 1445 divino
1912 1390 2117 1444 incitati

540 1487 745 1559 Spiritu
776 1503 896 1542 cum
931 1488 1213 1541 unxissent
1241 1526 1257 1552 ,
1292 1488 1496 1557 typicos
1529 1486 1788 1554 quosdam
1829 1496 1884 1540 et
1926 1488 2120 1539 adum-

537 1580 725 1636 bratos
763 1579 1007 1634 Christus
1042 1576 1376 1633 effecerunt:
1406 1577 1670 1647 siquidem
1698 1586 1753 1632 et
1796 1577 1900 1647 ipsi
1951 1577 2111 1644 regia:

544 1668 694 1723 illius
722 1669 1003 1736 potestatis
1034 1684 1096 1722 ac
1118 1667 1509 1723 dominationis
1552 1667 1645 1722 Dei
1676 1668 1858 1732 Verbi,
1903 1668 1992 1737 qui
2025 1683 2108 1723 so-

540 1760 629 1816 lus
662 1774 931 1829 verosque
959 1757 1212 1813 Christus
1240 1766 1323 1811 est
1347 1798 1363 1822 ,
1394 1757 1683 1827 imaginem
1705 1758 1779 1812 «in
1809 1759 2116 1829 semetipsis

539 1851 824 1922 gerebant.
853 1850 995 1917 Quin
1024 1851 1184 1904 etiam
1215 1866 1280 1905 ex
1307 1849 1591 1918 prophetis
1622 1850 1909 1905 nonnullos
1952 1866 2111 1906 sacro
2148 1842 2190 1897 Β

534 1946 656 2000 oleo
685 1944 952 1998 dolibutos
977 1981 993 2007 ,
1033 1943 1216 2014 typice
1261 1940 1509 1997 Christus
1561 1940 1725 1997 fuisse
1773 1943 2100 2012 accepimus.

533 2036 686 2091 Adeo
711 2046 770 2088 ut
792 2050 982 2088 omnes
1015 2034 1067 2087 hi
1098 2033 1164 2087 ad
1198 2048 1382 2088 verum
1418 2033 1732 2097 Christum,
1767 2034 2009 2088 divinum
2049 2052 2113 2091 ac

534 2128 757 2183 caeleste
797 2126 1030 2181 Verbum
1060 2125 1403 2190 referantur;
1436 2126 1636 2193 quippe
1678 2125 1770 2194 qui
1807 2125 1957 2181 solus
1990 2141 2108 2179 ouu-

532 2222 683 2276 nium
711 2222 948 2290 gentium
981 2218 1245 2288 pontifex,
1279 2219 1428 2273 solus
1469 2234 1563 2272 rex
1604 2232 1668 2272 ac
1696 2218 1959 2272 Dominus
1987 2234 2110 2272 om-

533 2314 619 2371 nis
648 2324 934 2375 creaturze,
962 2311 1110 2367 solus
1141 2312 1538 2381 deniqueiuter
1556 2311 1849 2381 prophetas
1872 2326 2117 2365 summus

534 2405 793 2476 propheta
841 2404 1014 2459 Patris
1062 2404 1317 2457 exsistat.
1371 2401 1542 2472 Hujus
1589 2413 1771 2456 autem
1826 2401 1903 2455 rei
1949 2417 2117 2472 argu-

535 2508 776 2552 mentum
809 2495 937 2549 illud
972 2504 1079 2559 est,
1114 2494 1254 2562 quod
1279 2508 1344 2547 ex
1374 2494 1631 2547 omnibus
1659 2493 1751 2563 qui
1783 2493 1928 2562 apud
1961 2502 2112 2548 vete-

533 2604 623 2644 res
655 2589 776 2644 oleo
823 2603 985 2642 sacro
1026 2588 1206 2658 typice
1239 2587 1729 2651 consecrabantur,
1766 2586 1883 2639 sive
1924 2597 1993 2639 ex
2028 2599 2114 2639 sa-

517 2681 870 2745 cerdotibus,
901 2680 1014 2732 sive
1044 2695 1107 2733 ex
1141 2679 1383 2749 regibus,
1428 2679 1543 2733 sive
1584 2693 1649 2733 ex
1683 2678 1985 2747 prophetis,
2020 2692 2117 2730 ne-

534 2789 623 2828 mo
651 2774 827 2829 adhuc
856 2781 1058 2826 tantam
1089 2771 1285 2823 divinae
1316 2769 1533 2823 virtutis
1562 2770 1860 2840 potentiam
1889 2770 2114 2824 sortitus

532 2875 617 2921 est
638 2907 652 2931 ,
687 2875 948 2935 quantam
979 2863 1245 2919 Sen-ator
1275 2878 1339 2918 ac
1372 2864 1634 2917 Dominus
1680 2871 1868 2919 noster
1910 2860 2069 2918 Jesus
2095 2902 2111 2927 ,

531 2960 629 3030 qui
675 2957 821 3012 solus
851 2972 1122 3025 verusque
1172 2955 1426 3011 Christtts
1456 2966 1541 3010 est
1568 2996 1584 3022 ,
1613 2957 1874 3010 ostendit.
1924 2954 2116 3010 Nullus

528 3061 680 3106 certe
715 3065 902 3106 eorum
939 3048 1293 3118 quantumvis
1341 3049 1605 3118 dignitate
1634 3056 1689 3103 et
1738 3049 1944 3103 honore
1972 3048 2111 3117 apud

531 3156 660 3197 suos
679 3157 770 3209 per
792 3141 1107 3196 continuam
1147 3138 1547 3208 antiqttissiutte
1569 3139 1758 3207 stirpis
1786 3143 1981 3192 seriem
2016 3152 2114 3191 no-

530 3233 794 3297 bilitatus,
826 3247 893 3285 ex
928 3246 990 3285 ea
1024 3229 1225 3285 Christi
1260 3245 1422 3300 quam
1456 3230 1684 3299 gerebat
1714 3230 1890 3300 typica
1924 3233 2110 3298 appel-

529 3324 732 3379 latione
766 3324 1008 3379 subditos
1039 3324 1140 3377 sibi
1170 3320 1516 3377 Christianos
1542 3322 1971 3392 cognominavit.
2003 3321 2111 3377 Sed

529 3432 600 3473 ne
627 3417 830 3472 cultum
867 3417 1080 3484 quidem
1117 3416 1282 3470 ullum
1312 3432 1342 3469 a
1377 3415 1637 3483 subjectis
1666 3415 1954 3484 quisquam
1989 3415 2111 3468 illo-

531 3523 650 3562 rum
687 3515 769 3561 est
804 3516 1129 3561 consecutus
1159 3521 1174 3559 :
1207 3521 1305 3561 nec
1338 3522 1470 3561 vero
1506 3507 1557 3559 in
1610 3506 1774 3558 ullum
1818 3522 1883 3560 ex
1920 3506 2111 3560 iisdem

530 3597 621 3667 qui
655 3598 761 3650 fato
784 3595 893 3663 jam
922 3595 1138 3650 iunctus
1188 3595 1413 3660 fuisset,
1445 3606 1591 3649 tanta
1626 3612 1861 3663 unquam
1890 3612 2114 3665 propen-

530 3692 616 3745 sio
667 3689 878 3743 exstitit
931 3691 1240 3743 animorqu
1269 3730 1284 3755 ,
1331 3698 1390 3743 ut
1438 3691 1688 3745 homines
1753 3690 1895 3743 illius
1940 3691 2111 3759 gratia

531 3791 760 3835 mortem
798 3792 1060 3850 oppetere
1106 3782 1277 3850 parati
1328 3792 1529 3837 essent.
1576 3783 1654 3837 Ac
1702 3798 1768 3837 ne
1816 3799 1880 3838 ex
1930 3785 2113 3839 omni-

531 3872 633 3928 bus
685 3873 905 3942 quidem
955 3860 1072 3927 illis
1120 3888 1257 3944 quos
1306 3874 1415 3928 dixi
1471 3875 1612 3929 ullus
1671 3891 1908 3944 unquam
1969 3877 2111 3941 fuit,

531 3963 687 4031 cujus
745 3979 911 4019 causa
970 3966 1037 4020 ab
1090 3947 1361 4020 universis
1412 3981 1532 4034 quae
1595 3967 1785 4021 orbem
1844 3979 2111 4021 terrarum

530 4055 776 4111 incolunt
799 4057 1049 4128 guutibus
1082 4067 1264 4111 tantus
1286 4058 1487 4125 ubique
1512 4068 1688 4113 motus
1719 4060 1793 4113 sit
1816 4060 2109 4114 excitatus.

528 4145 716 4217 Neque
743 4149 886 4201 enim
919 4150 1103 4217 tigura:
1144 4147 1228 4199 vis
1261 4157 1469 4200 tantum
1509 4147 1559 4198 in
1595 4148 1701 4201 illis
1732 4158 1948 4216 poterat
1978 4163 2112 4212 ope-

530 4239 663 4301 rari,
698 4249 961 4305 quantum
994 4238 1195 4291 veritas
1220 4238 1336 4305 ipsa
1366 4254 1459 4306 per
1491 4237 1838 4293 Servatorem
1869 4224 2110 4294 nostrum

528 4330 790 4385 exhibita.
821 4328 921 4396 Qui
961 4345 1084 4383 eum
1128 4344 1227 4383 nec
1283 4328 1514 4397 insignia
1570 4330 1763 4382 summi
1814 4330 2112 4384 sacerdotii

529 4423 598 4478 ab
633 4422 745 4477 ullo
778 4423 1101 4490 accepisset,
1142 4438 1206 4476 ac
1234 4438 1302 4476 ne
1331 4420 1658 4475 sacerdotali
1691 4421 1911 4489 quidem
1947 4437 2114 4491 gene-

2220 569 2310 623 διὰ
2340 567 2542 621 τούτων
2566 585 2579 597 ·
2639 586 2657 618 ι
2682 567 2800 620 ’Ὶνα
2835 565 2889 618 τί
2934 563 3210 637 ἐφρύαξαν
3248 563 3377 634 ἔθνη
3407 564 3501 617 καὶ
3522 562 3643 617 λαοὶ
3674 564 3810 635 ὲμε-

2221 660 2451 731 λέτησαν
2480 660 2643 714 κενά-
2688 659 3040 731 παρέστησαν
3071 659 3119 711 oi
3151 657 3391 728 βασιλεῖς
3423 656 3523 728 τῆς
3554 658 3679 728 γῆς,
3713 658 3810 711 καὶ

2219 753 2270 805 oi
2298 752 2556 824 ἄρχοντες
2589 750 2932 821 συνήχθησαν
2965 750 3056 803 ἐπὶ
3101 748 3164 802 τὸ
3204 747 3354 813 αὐτὸ,
3398 748 3538 802 κατὰ
3569 748 3664 801 τοῦ
3695 750 3811 802 Κυ-

2224 845 2339 917 ρίου
2364 846 2458 898 καὶ
2490 843 2632 897 κατὰ
2668 842 2762 897 τοῦ
2811 842 3047 917 Χριστοῦ
3075 841 3240 897 αὐτοῦ
3268 859 3282 907 ;
3323 861 3341 892 ι
3381 838 3476 905 Οἷς
3505 841 3635 913 ἑξῆς
3686 843 3810 894 ἐπι-

2218 934 2365 1006 λέγει
2402 936 2461 1001 ἐξ
2495 935 2657 989 αὑτοῦ
2685 936 2749 1007 δὴ
2778 934 3070 1007 προσώπου
3105 933 3200 987 τοῦ
3239 932 3507 1005 Χριστοῦο
3543 952 3561 984 ι
3600 932 3809 1004 Κύριος

2220 1027 2340 1084 εἷπε
2373 1029 2509 1101 πρὸς
2545 1030 2634 1101 μὲ,
2664 1028 2791 1092 Υἱός
2817 1045 2917 1099 μου
2952 1023 3002 1079 εἴ
3028 1028 3114 1092 σὺ,
3140 1026 3252 1097 ἐγὼ
3284 1029 3520 1098 σήμερον
3545 1027 3809 1098 γεγέννη-

2220 1124 2292 1177 κά
2318 1140 2404 1175 σε.
2439 1121 2671 1193 Αἴτησαι
2706 1119 2833 1192 παρ’
2880 1118 3037 1191 ἐμοῦ,
3075 1119 3170 1172 καὶ
3210 1117 3366 1171 δώσω
3391 1116 3517 1187 ἔθνη
3547 1118 3645 1188 τὴν
3672 1117 3804 1189 κληο

2220 1214 2478 1289 ρονομίαν
2521 1232 2639 1278 σου,
2682 1213 2777 1267 κοιλ⁸
2829 1213 2927 1286 τὴν
2960 1211 3289 1283 κατάσχεσιν
3335 1228 3428 1265 σου
3474 1211 3545 1264 τὰ
3587 1211 3807 1282 πέρατα

2217 1308 2319 1377 τῆς
2345 1307 2468 1378 γῆς.
2501 1325 2519 1358 ι
2553 1308 2628 1359 Ub
2661 1306 2853 1377 μόνους
2884 1305 2940 1357 δὲ
2971 1305 3080 1375 ἄρα
3112 1306 3236 1366 τοὺς
3265 1302 3643 1375 ἀρχιερωσύνη
3665 1319 3807 1355 τετι-

2223 1400 2498 1471 μημένους
2538 1397 2702 1470 ἐλαίῳ
2740 1396 3024 1467 σκευαστῷ
3046 1396 3139 1450 τοῦ
3180 1395 3445 1467 συμϐόλου
3480 1394 3806 1469 χρωμένους

2218 1491 2401 1556 ἕνεκα,
2436 1492 2497 1544 τὸ
2548 1490 2643 1544 τοῦ
2692 1488 2929 1561 Χριστοῦ
2983 1488 3312 1558 κατεκόσμει
3364 1488 3494 1560 παρ’
3531 1486 3806 1559 Ἑϐραίοις

2218 1582 2407 1654 ὄνομα,
2438 1581 2573 1637 ἀλλὰ
2601 1581 2696 1636 καὶ
2740 1583 2867 1644 τοὺς
2895 1580 3168 1651 βασιλέας,
3192 1579 3286 1644 οὒς
3311 1579 3404 1633 καὶ
3452 1579 3647 1643 αὐτοὺς
3680 1577 3806 1632 νεύ-

2224 1692 2352 1746 ματι
2384 1674 2511 1746 θείῳ
2553 1673 2831 1746 προφῆται
2873 1672 3137 1743 χρίοντες,
3172 1669 3471 1733 είκονικούς
3500 1661 3653 1733 τινας
3678 1685 3805 1741 χρι-

2221 1766 2380 1826 στοὺς
2402 1760 2815 1834 ἀπειργάζοντο.
2850 1762 2973 1814 ’Ὁτι
3003 1761 3066 1833 δὴ
3102 1761 3198 1815 καὶ
3225 1760 3400 1822 αὐτοὶ,
3434 1759 3535 1830 τῆς
3558 1757 3657 1811 τοῦ
3700 1757 3803 1828 μόσ-

2218 1874 2310 1909 νου
2340 1857 2434 1909 καὶ
2456 1854 2690 1927 ἀληθοῦς
2723 1853 2961 1927 Χριστοῦ
2992 1853 3085 1907 τοῦ
3131 1852 3272 1908 κατὰ
3300 1852 3516 1906 πάντων
3548 1847 3801 1923 βασιλεύ-

2216 1965 2368 2011 οντος
2412 1946 2558 2000 θείου
2586 1946 2760 2015 Λόγου
2811 1946 3095 2017 βασιλικῆς
3135 1945 3228 1999 καὶ
3278 1944 3511 2017 ἀρχικῆς
3552 1942 3803 2010 ἐξουσίας

2216 2044 2341 2106 τοὺς
2368 2040 2569 2105 τύπους
2599 2040 2666 2094 δι’
2717 2039 2924 2093 ἑαυτῶν
2966 2038 3179 2110 ἔφερον.
3219 2036 3354 2108 ἸΙδη
3383 2036 3439 2089 δὲ
3482 2036 3578 2089 καὶ¹
3620 2034 3803 2087 αὐτῶν

2216 2133 2325 2186 τῶν
2371 2131 2664 2204 προφητῶν
2723 2145 2880 2192 τινας
2923 2127 3013 2182 διὰ
3063 2128 3363 2199 χρίσματος
3428 2125 3683 2196 χριστοὺς
3739 2124 3805 2176 ὲν

2217 2220 2369 2292 τύπῳ
2391 2221 2671 2290 γεγονέναι
2701 2218 3119 2295 παρειλήφαμεν
3138 2234 3151 2248 ’
3183 2218 3260 2280 ὡς
3296 2216 3518 2280 τούτους
3552 2215 3801 2289 ἅπαντας

2217 2312 2313 2384 τὴν
2344 2314 2435 2366 ἐπὶ
2457 2313 2547 2365 τὸν
2571 2311 2742 2384 ἀληθῆ
2776 2310 3033 2383 Χριστὸν,
3063 2309 3156 2363 τὸν
3185 2308 3366 2362 ἔνθεον
3410 2308 3508 2361 καὶ
3548 2308 3804 2380 οὐράνιον

2216 2404 2410 2473 Λόγον,
2436 2403 2714 2477 ἀναφορὰν
2735 2404 2899 2473 ἐχειν*
2933 2403 3090 2473 μόνον
3110 2400 3373 2472 ἀρχιερέα
3404 2400 3510 2453 τῶν
3541 2398 3677 2454 ὅλων
3705 2398 3805 2453 καὶ

2221 2496 2380 2567 μόνον
2409 2495 2624 2566 ἀπάσης
2647 2494 2746 2565 τῆς
2765 2494 2995 2559 κτίσεως
3027 2493 3271 2565 βασιλέα,
3290 2492 3384 2546 καὶ
3404 2492 3561 2562 μόνον
3590 2506 3806 2563 προφη-

2215 2586 2324 2640 τῶν
2382 2588 2800 2658 ἀρχιπροφήτην
2856 2585 2964 2657 (56)
3010 2586 3105 2639 τοῦ
3168 2583 3383 2656 Πατρὸς
3439 2584 3800 2654 τυγχάνοντα.

2217 2677 2418 2731 Τούτου
2448 2678 2493 2731 δ’
2540 2677 2835 2744 ἀπόδειξις,
2875 2680 2936 2733 τὸ
2971 2679 3175 2753 μηδένα
3214 2699 3301 2735 πω
3344 2680 3453 2735 τῶν
3500 2680 3668 2734 πάλαι
3711 2680 3802 2734 διὰ

2215 2770 2311 2823 τοῦ
2339 2770 2610 2841 συμϐόλου
2636 2771 3035 2843 κεχρισμένων,
3072 2773 3210 2843 μήτε
3258 2772 3447 2844 ἱερέων
3477 2773 3613 2843 μήτε
3644 2771 3804 2843 βασι-

2215 2865 2373 2929 λέων,
2413 2865 2551 2936 μήτε
2592 2863 2696 2936 μὴν
2718 2863 3034 2936 προφητῶν,
3074 2863 3342 2936 τοσαύτην
3378 2862 3581 2935 ἀρετῆς
3616 2863 3804 2919 ἐνθέου

2215 2958 2446 3028 δύναμιν
2466 2956 2794 3028 κτήσασθαι,
2826 2958 2958 3028 ὅσην
2987 2959 3015 3010 ὁ
3047 2956 3235 3030 Σωτὴρ
3277 2958 3373 3011 καὶ
3405 2956 3612 3029 Κύριος
3640 2958 3802 3028 ήμῶν

2229 3050 2438 3123 Ἰησοῦς
2459 3050 2487 3102 ὁ
2523 3050 2683 3121 μόνος
2710 3050 2804 3104 καὶ
2836 3049 3089 3121 ἀληθινὸς
3134 3047 3371 3121 Χριστὸς
3415 3048 3799 3103 ἐπιδέδεικται.

2220 3144 2407 3207 Οὐδείς
2432 3144 2496 3213 τέ
2524 3161 2605 3196 τοι
2628 3142 2852 3197 ἐκείνων
2887 3143 3089 3215 καίπερ
3121 3142 3388 3214 ἀξιώματι
3418 3142 3513 3196 καὶ
3538 3146 3667 3214 τιμῇ
3705 3141 3805 3194 ἐπὶ

2220 3236 2498 3298 πλείσταις
2518 3236 2672 3299 ὅσαις
2698 3238 2913 3305 γενεαῖς
2956 3235 3108 3308 παρὰ
3148 3240 3260 3300 τοῖς
3302 3237 3524 3300 οἰκείοις
3569 3236 3803 3308 διαλαμ-

2213 3329 2453 3399 ψάντων,
2482 3329 2609 3390 τοὺς
2640 3327 2918 3398 ὑπηκόους
2940 3326 3161 3381 πώποτε
3191 3330 3255 3381 ὲκ
3290 3328 3389 3399 τῆς
3440 3329 3567 3400 περὶ
3602 3327 3804 3391 αὐτοὺς

2215 3419 2490 3490 εἰκονικῆς
2527 3417 2623 3471 τοῦ
2658 3418 2894 3492 Χριστοῦ
2923 3419 3277 3490 προσρήσεως
3306 3420 3416 3491 (57)
3441 3420 3804 3492 Χριστιανοὺς

2215 3512 2586 3583 ὲπεφήμισεψ
2622 3510 2736 3564 ἀλλ’
2768 3510 2887 3564 οὐδὲ
2925 3509 3216 3581 σεϐάσμιός
3262 3529 3369 3565 τινι
3416 3512 3623 3566 τούτων
3662 3512 3804 3584 πρὸς

2215 3605 2323 3657 τῶν
2356 3605 2614 3676 ὑπηκόων
2657 3604 2870 3677 ὑπῆρξε
2912 3606 3045 3678 τιμή
3067 3623 3081 3637 ο
3106 3605 3219 3660 ἁλλ’
3250 3606 3368 3659 οὐδὲ
3413 3606 3550 3677 μετά
3578 3604 3674 3677 τὴν
3705 3623 3800 3658 τε-

2213 3696 2406 3767 λευτήν
2433 3698 2670 3768 τοσαύτη
2703 3698 2962 3762 διάθεσις,
2995 3699 3136 3752 ὥστε
3170 3699 3263 3752 καὶ
3294 3699 3801 3772 ὑπεραποθνήσκειν

2216 3786 2448 3857 ἑτοίμως
2481 3786 2624 3858 ἔχειν
2654 3785 2745 3840 τοῦ
2777 3788 3113 3859 τιμωμένου.
3143 3789 3281 3842 Ἀλλ’
3307 3791 3427 3844 οὐδὲ
3449 3791 3667 3844 πάντων
3690 3788 3800 3842 τῶν

2215 3880 2319 3934 ἀνὰ
2340 3882 2439 3952 τὴν
2464 3882 2611 3933 οίκου
2622 3880 2789 3952 μένην
2823 3881 2993 3933 ἐθνῶν
3024 3882 3152 3954 περί
3179 3900 3299 3936 τινα
3322 3882 3427 3936 τῶν
3461 3883 3579 3937 τότε
3603 3882 3803 3936 τοσαύ·

2215 3988 2281 4041 τη
2310 3971 2501 4040 γέγονε
2532 3970 2747 4042 κίνησις
2786 3970 2918 4042 (58),
2950 3972 3070 4025 ἐπεὶ
3100 3972 3235 4044 μηδὲ
3261 3974 3516 4028 τοσοῦτον
3548 3976 3606 4027 ἐν
3649 3972 3799 4027 ὲκεί-

2214 4076 2329 4122 νοις
2358 4061 2390 4130 ή
2426 4059 2519 4112 τοῦ
2544 4060 2814 4130 συμϐόλου
2838 4059 3065 4131 δύναμις
3093 4063 3182 4115 οἵα
3209 4079 3267 4116 τε
3287 4058 3354 4135 ἦν
3387 4066 3647 4134 ἐνεργεῖν,
3669 4065 3799 4117 ὅσον

2216 4152 2249 4220 ή
2289 4152 2388 4222 τῆς
2414 4150 2671 4222 ἀληθείας
2716 4151 3060 4223 παράστασις
3086 4153 3176 4207 διὰ
3205 4153 3301 4207 τοῦ
3348 4154 3598 4227 Σωτῆρος
3638 4155 3801 4227 ήμῶν

2217 4243 2595 4315 ἐνδεικνυμένη
2617 4261 2632 4274 ·
2658 4244 2716 4307 ὃς
2746 4244 2867 4297 οὔτε
2897 4244 3137 4316 σύμϐολα
3165 4246 3258 4300 καὶ
3289 4246 3489 4310 τύπους
3532 4248 3804 4319 ἀρχιερω-

2219 4337 2385 4407 σύνης
2412 4337 2563 4407 παρά
2583 4353 2675 4389 του
2702 4335 2903 4399 λαϐὼν,
2939 4337 3051 4391 ἀλλ’
3075 4339 3196 4391 οὐδὲ
3218 4339 3372 4407 γένος
3392 4340 3453 4393 τὸ
3481 4341 3607 4411 περὶ
3636 4340 3802 4409 σῶμα

2218 4429 2275 4495 ἐξ
2309 4429 2620 4500 ἱερωμένων
2646 4430 2922 4500 κατάγων,
2947 4430 3056 4483 οὐδ’
3087 4432 3296 4502 ἀνδρῶν
3318 4431 3668 4504 δορυφορίαις
3704 4431 3801 4484 ἐπὶ

528 4530 589 4571 re
612 4514 909 4570 secundum
950 4528 1171 4568 carnem
1202 4522 1348 4568 esset
1374 4513 1669 4574 oriundus;
1704 4528 1803 4567 nec
1832 4513 2110 4568 hominum

2220 4518 2497 4591 βασιλείαν
2521 4521 2832 4592 προαχθεὶς,
2858 4521 2977 4574 οὐδὲ
3006 4520 3111 4591 μὴν
3146 4524 3429 4593 προφήτης
3456 4521 3655 4592 ὁμοὲως
3686 4524 3801 4585 τοῖς

526 4608 788 4665 satellitio
843 4608 911 4663 ad
947 4622 1175 4677 regnum
1215 4604 1365 4661 esset
1406 4615 1663 4671 evecms,
1703 4621 1803 4660 nec
1846 4606 2110 4675 propheta

528 4711 771 4758 veterum
802 4701 1192 4773 prophetarum
1238 4702 1343 4755 ritu
1372 4700 1549 4755 factus
1580 4699 1771 4753 luisset
1796 4716 1810 4765 ;
1840 4700 2112 4765 cuminul-

528 4793 636 4847 lam
662 4793 886 4849 omnino
920 4793 1239 4862 dignitatem
1267 4801 1363 4846 aut
1391 4791 1805 4862 prterogativatn
1847 4791 1988 4860 apud
2017 4789 2111 4845 Ju—

530 4885 677 4940 dteos
704 4886 978 4940 obtineret
1005 4900 1019 4936 :
1057 4883 1413 4937 nihilominus
1460 4882 1716 4936 omnibus
1748 4896 1855 4935 non
1887 4880 2106 4949 quidem

603 5029 716 5101 (ῖίέί)
758 5030 961 5083 Μόνον
992 5030 1313 5101 προφητῶν
1333 5027 1809 5100 ἀρχιπροφιὶτην-
1843 5027 1952 5081 Vox
1985 5046 2113 5101 πρσο

531 5097 718 5221 φητιῶν
752 5102 978 5152 delenda
1013 5100 1143 5153 mihi
1192 5097 1648 5170 videtur,utpote
1685 5102 1859 5155 otiosa
1906 5115 1973 5153 ac
2014 5097 2111 5153 su-

531 5187 628 5221 uer
674 5186 756 5221 ua.

569 5186 756 5223 Pal'llllil.

531 5187 855 5307 peig'i'i'.’Ex
886 5238 994 5309 τῆς
1021 5241 1153 5309 περὶ
1183 5238 1371 5294 αὐτοῦ
1398 5239 1701 5307 εὶκονικῆς
1728 5241 1835 5295 τοῦ
1856 5238 2112 5308 Χριστοῦ

531 5308 925 5380 προσρήσεως
954 5308 1146 5381 (edidit
1169 5310 1524 5381 Stephanus).
1561 5309 1617 5364 In
1647 5311 1833 5365 codice
1854 5310 2111 5364 Medin

532 5383 856 5453 etttendatur
888 5382 1041 5453 περὶ
1064 5384 1294 5445 αὐτοὺς,
1329 5385 1617 5453 quomodo
1665 5381 1859 5453 etiam‘
1882 5381 1933 5433 in
1967 5392 2115 5435 vete-

528 5452 688 5507 ribus
736 5451 952 5505 sehetlis
987 5450 1219 5507 'ttiserte
1256 5454 1517 5516 scriptum
1568 5452 1773 5503 inveni.
1823 5450 1984 5504 Certe
2023 5460 2115 5504 aut

533 5522 663 5594 περὶ
691 5521 891 5584 αὐτούς
924 5524 1267 5594 scribendum
1292 5530 1394 5594 est
1441 5520 1703 5594 anteit-api.
1744 5520 1926 5587 αὐτόν,
1953 5531 2062 5576 etc.
2097 5538 2112 5574 :

521 5590 807 5661 praecessit
861 5594 1004 5644 enim
1036 5592 1211 5655 οὐδείς
1238 5592 1304 5661 γέ
1329 5608 1412 5644 τοι
1450 5590 1723 5661 ἐκείνωνη
1886 5625 1902 5661 ς

604 5660 717 5732 (58)
760 5663 1029 5731 Τοσαύτη
1090 5662 1300 5733 γέγονε
1364 5662 1625 5733 κίνησις.
1676 5660 1813 5716 Male
1866 5660 2115 5715 Christo-

534 5732 843 5853 p‘horsonus
905 5736 1281 5801 persecutionis
1348 5732 1635 5785 tumultum
1699 5733 2111 5801 interpretatur.

594 5800 764 5853 ίνησις
795 5804 897 5853 huc
936 5805 1055 5853 loco
1084 5803 1308 5853 verbum
1340 5812 1423 5853 est
1459 5803 1716 5853 medium.
1743 5801 1885 5853 mtod
1918 5811 2023 5853 tam
2058 5801 2110 5853 in

594 5800 764 5873 ίνησις
795 5804 897 5859 huc
936 5805 1055 5860 loco
1084 5803 1308 5859 verbum
1340 5812 1423 5861 est
1459 5803 1716 5871 medium,
1743 5801 1885 5873 quod
1918 5811 2023 5855 tam
2058 5800 2110 5855 in

2219 4610 2385 4664 πάλαι
2406 4611 2713 4682 γενόμενος,
2745 4612 2854 4665 οὐδ’
2897 4612 3053 4678 ἀξίας
3081 4612 3217 4675 ὅλως
3246 4612 3277 4683 ή
3303 4629 3447 4676 τινος
3478 4612 3628 4683 παρὰ
3668 4612 3804 4666 Ἰού-

2217 4702 2385 4765 δαίοις
2407 4700 2585 4771 τυχὼν
2615 4703 2931 4774 προεδρίας,
2972 4704 3121 4774 ὅμως
3153 4707 3266 4767 τοῖς
3310 4706 3477 4757 πᾶσιν
3514 4706 3561 4757 εί
3597 4703 3690 4758 καὶ
3723 4705 3800 4776 μὴ

2217 4793 2329 4854 τοῖς
2363 4790 2672 4862 συμϐόλοις,
2716 4790 2832 4844 ἀλλ’
2878 4792 3013 4862 αὐτῇ
3057 4809 3121 4860 γε
3168 4794 3232 4863 τῇ
3270 4790 3495 4863 ἀληθείᾳ
3525 4790 3675 4863 παρὰ
3704 4789 3801 4844 τοῦ

2217 4880 2434 4954 Πατρὸς
2464 4881 2803 4953 ἐκεκόσμητο
2834 4882 2968 4953 (59).
3008 4883 3120 4952 Οὐχ
3143 4881 3344 4953 ὁμοίων
3368 4882 3410 4935 δ’
3447 4876 3540 4936 οὖν
3566 4876 3647 4947 οἷς
3668 4899 3804 4953 προ-

2220 5028 2417 5082 bonam
2450 5044 2611 5097 quam
2642 5029 2694 5081 in
2732 5027 2927 5081 malam
2959 5039 3164 5096 partem
3199 5028 3336 5083 sumi
3366 5036 3564 5097 potest,
3588 5042 3653 5082 ac
3688 5038 3797 5080 tam

2222 5100 2289 5152 de
2314 5100 2587 5153 benevolis
2609 5107 2658 5151 et
2687 5101 2877 5153 amicis
2905 5115 3066 5163 quant
3092 5101 3157 5151 de
3185 5100 3427 5152 hostibus
3452 5114 3516 5150 ac
3547 5114 3803 5164 persecu-

2224 5170 2430 5222 toribus
2455 5169 2615 5222 debet
2643 5170 2888 5238 iutelligi.
2918 5171 3099 5233 Itaque
3131 5169 3397 5238 Eusebius
3420 5168 3556 5219 dixit
3583 5168 3798 5238 κίνησιν

2218 5238 2348 5310 περί
2374 5256 2516 5301 τινα,
2549 5254 2652 5310 non
2689 5236 2868 5310 autem
2896 5239 3037 5292 κατά
3073 5256 3235 5302 τινος,
3274 5236 3398 5310 V'ult
3429 5240 3574 5291 enim
3612 5236 3799 5291 dicere

2220 5309 2496 5376 nunquam
2548 5309 2709 5363 ullius
2759 5309 2997 5363 hominis
3047 5324 3213 5364 causa
3266 5309 3427 5361 talem
3483 5317 3798 5374 tantumque

2225 5389 2427 5432 motum
2472 5379 2711 5432 omnium
2760 5382 2999 5445 gentium
3042 5380 3351 5441 exstitisse,
3388 5389 3624 5446 quantus
3668 5379 3799 5430 Ser-

2226 5451 2431 5503 vatoris
2475 5450 2644 5503 nostri
2687 5462 2849 5502 causa
2885 5451 3120 5511 exstitit;
3165 5450 3286 5503 aliis
3328 5448 3642 5517 religionem
3674 5448 3798 5513 ejus

2222 5519 2715 5590 atnplectentibus,
2760 5520 2883 5573 aliis
2953 5519 3414 5590 impugnantibus.
3481 5519 3794 5587 Eleganter,

2223 5605 2344 5642 meo
2371 5590 2587 5655 quidem
2612 5588 2841 5655 judicio,
2876 5588 3210 5658 Nicephorus
3242 5590 3384 5644 hunc
3413 5600 3615 5643 mutum
3649 5603 3799 5642 σεισ-

2223 5658 2449 5730 μὸντῆς
2476 5658 2802 5730 οἰκουμένης
2835 5661 3087 5727 appellat.

2292 5726 2416 5810 (59)
2443 5727 2610 5810 Παρὰ
2635 5726 2765 5810 τοῦ
2788 5726 3127 5810 {traditaque
3164 5729 3553 5810 ἐκεκόσμητο.
3580 5726 3799 5810 _0mnel

2220 5798 2392 5857 nosuti
2416 5804 2655 5867 codices,
2689 5798 2891 5871 liegius
2936 5798 3178 5868 Scilicet,
3220 5800 3353 5875 illati.
3381 5798 3449 5856 ac
3475 5800 3641 5865 Meti..
3669 5814 3795 5861 cum
