4054 6456
245 375 302 427 ’7
1218 367 1567 424 lllSTORl/E
1606 365 2160 424 ECCLESIASTICAS
2202 364 2328 418 LIB.
2369 363 2411 429 ι.
3367 369 3437 426 78

241 495 386 552 ἐθνῶν
452 491 997 565 πολυανθρωπότατόν
1067 511 1126 546 τε
1182 495 1274 547 καὶ
1343 494 1773 556 θεοσεϐέστατον,

1879 489 2118 546 omnium
2150 488 2425 544 nationum
2456 485 2865 556 populosissima
2899 503 2964 543 ac
2991 487 3395 559 religiosissima
3418 538 3434 560 ,

240 588 388 659 ταύτῃ
416 602 473 638 τε
503 584 803 656 ἀνώλεθρον
833 585 925 638 καὶ
956 585 1240 655 ἀήττητον,
1353 587 1446 638 καλ⁸
1491 585 1639 638 ἐσαεὶ
1676 583 1776 653 τῆς

243 679 370 750 παρὰ
391 675 523 729 Θεοῦ
559 675 806 747 βοηθείας
854 675 1129 745 τυγχάνει,
1179 675 1383 746 χρόνων
1417 675 1776 747 προθεσμίαις

241 773 469 842 ἀρρήτοις
503 769 712 839 ἀθρόως
756 766 928 830 οὕτως
961 769 1296 838 ἀναπέφηνε,
1353 768 1414 820 τὸ
1467 767 1618 840 παρὰ
1665 769 1777 830 τοῖς

241 865 350 915 πᾶσι
375 865 434 932 τῇ
465 860 559 913 τοῦ
581 860 811 931 Χριστοῦ
845 861 1182 932 προσηγορίᾳ
1210 861 1584 931 τετιμημένον.
1609 860 1777 913 Τοῦτο

239 955 314 1007 καὶ
357 952 645 1024 προφητῶν
690 953 1006 1022 κατεπλάγη
1051 971 1134 1017 τις
1174 953 1316 1006 θείου
1361 953 1673 1022 Πνεῦματος
1723 954 1778 1004 ὀ-

238 1042 442 1112 φθαλμῴ
467 1044 526 1094 τδ
543 1042 729 1113 μέλλον
751 1041 967 1094 ἔσεσθαι
994 1041 1400 1114 προθεωρήσας,
1429 1041 1504 1105 ὡς
1533 1042 1625 1096 καὶ
1655 1042 1776 1095 τάδε

236 1134 646 1204 ἀναιρθέγξασθαι
668 1148 682 1163 ⁵
728 1153 746 1184 ι
776 1134 872 1197 Τίς
909 1135 1104 1205 ἤκουσε
1132 1135 1388 1199 τοιαῦτα;
1434 1135 1526 1188 καὶ
1548 1135 1632 1198 τίς
1662 1135 1776 1188 ὲλὰ-

236 1229 374 1296 λησεν
401 1227 574 1289 οὕτως
605 1226 747 1296 (67);
779 1227 827 1278 εί
861 1225 1013 1279 ὧδινε
1039 1227 1111 1296 γῆ
1143 1227 1200 1278 ἐν
1237 1228 1333 1297 μιᾷ
1362 1227 1564 1297 ἡμέρα,
1603 1229 1695 1279 καὶ
1727 1229 1775 1278 εἰ

236 1319 402 1390 ἐτέχθη
446 1317 600 1382 ἔθνος
649 1317 903 1388 είσάπαξς
932 1337 949 1368 i
987 1317 1373 1387 Ύποσημαίνει
1416 1318 1474 1371 δέ
1519 1336 1634 1382 πως
1683 1321 1775 1372 καὶ

235 1415 314 1481 τὴν
338 1409 631 1480 μέλλουσαν
653 1410 680 1462 ὁ
713 1407 876 1471 αὐτὸς
919 1408 1303 1478 προσηγορίαν,
1338 1408 1542 1477 λέγων·
1586 1430 1604 1460 ι
1654 1409 1776 1473 Τοῖς

233 1504 278 1556 δὲ
296 1500 592 1554 δουλεύουσί
625 1517 714 1569 μοι
737 1498 1064 1570 κληθήσεται
1085 1499 1251 1569 ὄνομα
1281 1500 1480 1564 καινὸν,
1510 1501 1537 1554 ὃ
1557 1501 1777 1571 εὐλογη-

233 1595 430 1665 θήσεται
487 1593 582 1644 ἐπὶ
619 1592 716 1662 τῆς
767 1591 892 1659 γῆς.
938 1609 955 1640 ι
1000 1589 1138 1642 Ἀλλ’
1193 1592 1240 1642 εί
1289 1592 1384 1644 καὶ
1429 1591 1538 1644 νέοι
1588 1592 1776 1660 σαφῶς

233 1686 388 1753 ἡμεῖς,
419 1681 689 1736 καὶτοῦτο
718 1680 902 1733 καινὸν
943 1680 1112 1744 ὅντως
1150 1681 1320 1752 ὄνομα
1347 1681 1408 1734 τὸ
1436 1682 1776 1751 Χριστιανῶν

235 1774 411 1843 ἀρτίως
440 1770 594 1842 παρὰ
625 1771 790 1822 πᾶσιν
817 1767 991 1822 ἔθνεσι
1017 1770 1360 1843 γνωρίζεται,
1392 1773 1421 1824 ὁ
1467 1771 1580 1840 βίος
1617 1771 1661 1824 δ’
1683 1767 1776 1824 οῦν

230 1865 358 1932 ὅμως
385 1862 478 1916 καὶ
502 1862 603 1931 τῆς
615 1861 834 1931 ἀγωγῆς
865 1862 894 1914 ὁ
919 1863 1139 1934 τρόπος,
1172 1863 1352 1927 αὐτοῖς
1389 1863 1665 1926 εὐσεϐείας
1690 1864 1774 1916 δό-

231 1970 428 2024 γμασιν,
450 1955 532 2007 ὅτι
565 1955 640 2026 μὴ
675 1955 897 2027 ἔναγχος
932 1955 1021 2024 ὑφ’
1065 1953 1222 2026 ἡμῶν
1259 1953 1676 2017 ἑπιπὲπλασται,
1713 1958 1776 2009 ἐκ

230 2046 428 2118 πρώτης
446 2046 502 2099 δὲ
532 2047 608 2110 ὠς
623 2049 793 2100 εἰπεῖν
817 2045 1253 2118 ἀνθρωπογονίας
1271 2048 1521 2113 φυσικαῖς
1551 2047 1777 2111 ἐννοίαις

230 2141 321 2192 τῶν
351 2140 514 2193 παλαι
545 2139 809 2208 θεοφιλῶν
853 2138 1061 2209 ἀνδρῶν
1106 2137 1472 2208 κατωρθοῦτο,
1529 2131 1632 2192 ὧδέ
1661 2157 1780 2202 πως

230 2227 561 2298 ἐπιδείξομεν.
612 2229 684 2280 Οὐ
713 2227 850 2289 νέον,
883 2226 1017 2280 ἀλλὰ
1056 2225 1149 2278 καλ⁸
1181 2225 1331 2296 παρὰ
1365 2227 1527 2277 πᾶσιν
1564 2222 1775 2295 ἀνθρώ-

232 2337 335 2382 ποις
380 2320 695 2390 ἀρχαιότητι
744 2317 1107 2387 τετιμημένον
1150 2315 1323 2380 ἔθνος,
1372 2318 1481 2379 τοῖς
1520 2318 1653 2368 πᾶσι
1686 2316 1777 2368 καὶ

231 2411 342 2461 αὐτὸ
359 2409 652 2480 γνώριμον,
684 2409 743 2462 τὸ
775 2409 1038 2478 Ἐϐραίων
1068 2407 1340 2478 τυγχάνει.
1359 2407 1518 2476 Λόγοι
1541 2407 1603 2478 δὴ
1632 2407 1777 2478 παρὰ

229 2499 382 2570 τούτῳ
423 2500 517 2552 καὶ
552 2499 856 2570 γράμματα
905 2498 1166 2561 παλαιοὺς
1199 2497 1395 2568 ἄνδρας
1441 2495 1774 2567 περιέχουσι,

233 2591 468 2653 σπανίους
515 2591 614 2660 μὲν
654 2591 746 2643 καὶ
787 2589 1004 2661 ἀριθμῷ
1035 2589 1274 2662 βραχεῖς,
1311 2588 1421 2640 ἀλλ’
1448 2590 1595 2656 ὅμως
1628 2588 1777 2640 εὐσε-

231 2682 334 2754 δεία
363 2684 452 2734 καὶ
479 2676 794 2753 δικαιοσῦνῃ
825 2683 917 2735 καὶ
947 2682 1095 2754 πάσῃ
1127 2685 1190 2751 τῇ
1222 2681 1378 2750 λοιπῇ
1406 2678 1776 2746 διενεγκόντας

230 2775 396 2847 ἀρετῇ.
459 2775 575 2847 Πρὸ
603 2775 701 2846 μέν
735 2793 796 2844 γε
852 2774 946 2827 τοῦ
999 2772 1401 2843 κατακλυσμοῦ,
1451 2770 1776 2841 διαφόρουςο

234 2868 350 2938 μετᾶ
377 2868 551 2921 δὲκαὶ
580 2867 787 2931 τοῦτον,
815 2867 1035 2938 ἑτέρους
1064 2865 1171 2918 τῶν
1203 2881 1261 2916 τε
1291 2863 1384 2916 τοῦ
1419 2861 1539 2915 Νῶε
1571 2862 1777 2915 παίδων

233 2962 310 3013 καὶ
337 2961 637 3024 ἀπογόνων,
661 2959 799 3030 ἀτὰρ
826 2961 916 3011 καὶ
948 2958 1040 3010 τὸν
1076 2957 1322 3028 Ἀϐραὰμ
1351 2955 1484 3026 (68),
1512 2956 1570 3008 ὃν
1602 2956 1775 3028 ἀρχη-

231 3052 310 3118 γὸν
355 3052 444 3104 καὶ
500 3053 821 3121 προπάτορα
857 3049 1006 3119 σςῶν
1055 3049 1232 3103 αὐτῶν
1281 3048 1470 3112 παῖδες
1513 3048 1777 3120 Ἐϐραίων

228 3141 450 3210 αὐχοῦσι,
476 3141 695 3202 Πάντας
716 3141 759 3193 δ’
798 3139 1036 3202 ἐκείνους
1067 3139 1374 3208 δικαιοσύνῃ
1425 3155 1777 3210 μεμαρτυρη-

235 3233 427 3296 μένους,
457 3233 517 3298 ἐξ
545 3233 709 3286 αὑτοῦ
732 3233 824 3285 τοῦ
849 3231 1097 3303 Ἀϐραὰμ
1123 3233 1215 3285 ἐπὶ
1237 3233 1328 3284 τὸν
1351 3231 1568 3302 πρῶτον
1599 3231 1776 3285 ἀνιοῦ-

233 3342 303 3376 σιν
333 3325 636 3396 ἄνθρωπον,
661 3324 807 3394 ἔργῳ
851 3323 1204 3393 Χριστιανοὺς
1235 3325 1282 3376 εί
1321 3323 1416 3376 καὶ
1449 3322 1523 3393 μὴ
1555 3323 1778 3393 ὀνόματι

232 3413 519 3484 προσειπών
542 3432 645 3479 τις,
674 3414 772 3467 οὐκ
802 3413 867 3466 ἂν
890 3412 1046 3482 ἐκτὸς
1068 3412 1216 3482 βάλοι
1260 3413 1359 3483 τῆς
1403 3411 1677 3484 ἀληθείας.
1713 3414 1777 3464 Ὃ

230 3508 323 3575 γάρ
363 3525 442 3560 τοι
486 3505 682 3576 δηλοῦν
723 3505 893 3558 ἐθέλει
930 3503 1166 3575 τοῦνομα
1196 3504 1257 3558 τὸ
1285 3504 1610 3577 Χριστιανοῦ
1643 3505 1774 3575 (69),

229 3598 378 3668 ἄνδρα
403 3598 488 3650 διὰ
513 3597 616 3666 τῆς
648 3596 742 3650 τοῦ
771 3595 1005 3666 Χριστοῦ
1030 3594 1282 3664 γνώσεως
1304 3597 1397 3650 καὶ
1411 3595 1774 3659 διδασκαλίας,

234 3689 536 3760 σωφροσύνῃ
571 3688 666 3742 καὶ
712 3687 1045 3759 δικαιοσύνῃ,
1099 3690 1360 3762 καρτερίᾳ
1406 3706 1466 3742 τε
1523 3688 1635 3758 βίου
1683 3688 1777 3741 καὶ

230 3780 408 3849 ἀρετῆς
439 3781 654 3852 ἀνδρίᾳ,
684 3780 960 3844 εὐσεϐείας
1003 3797 1063 3833 τε
1107 3780 1365 3852 ὁμολογίᾳ
1396 3781 1512 3844 ἐνὸς
1550 3781 1642 3834 καὶ
1679 3779 1774 3850 μό-

231 3886 309 3923 νου
332 3873 418 3924 τοῦ
448 3875 540 3926 ἐπὶ
565 3874 784 3927 πάντων
813 3874 948 3927 θεοῦ
971 3873 1313 3944 διαπρέπειν,
1333 3872 1489 3926 τοῦτο
1515 3874 1621 3924 πᾶν
1643 3871 1778 3924 ὲκεί-

183 3987 194 4006 ι
230 3977 326 4023 νοις
349 3962 404 4012 οὐ
425 3966 606 4032 χεῖρον
639 3962 794 4034 ἡμῶν
813 3963 1192 4027 ἐσπουδάζετο.
1221 3963 1345 4017 υῦτ’
1389 3959 1482 4016 οῦν
1527 3963 1776 4033 σώματος

229 4051 390 4116 αὐτοῖς
419 4054 722 4127 περιτομῆς
747 4054 954 4124 ἔμελεν,
986 4055 1068 4108 ὃτι
1111 4053 1243 4124 μηδὲ
1279 4057 1442 4126 ἡμῖν’
1479 4057 1540 4109 οὐ
1576 4057 1778 4110 σαϐϐα-

230 4158 322 4196 των
363 4147 759 4218 ὲπιτηρήσεως,
809 4148 891 4200 ὅτι
962 4146 1096 4217 μηδὲ
1151 4149 1320 4217 ἡμῖν’
1358 4147 1472 4201 ἀλλ’
1503 4146 1622 4200 οὐδὲ
1667 4151 1775 4201 τῶν

230 4237 421 4290 τοιῶνδε
443 4239 657 4309 τροσῶν
684 4240 1097 4310 παραιρυλακῆς,
1125 4239 1246 4293 οὐδὲ
1289 4240 1397 4292 τῶν
1433 4241 1609 4295 ἄλλων
1661 4243 1776 4296 δια-

232 4328 419 4398 στολῆς,
447 4332 549 4383 ὅσα
570 4333 680 4394 τοῖς
705 4332 997 4401 μετέπειτα
1030 4331 1243 4402 πρῶτος
1259 4333 1510 4386 ἁπάντων
1539 4335 1778 4405 Μωῦσῆς

230 4417 512 4490 ἀρξάμενος
541 4424 600 4475 ὲν
644 4424 929 4493 συμϐόλοις
970 4425 1237 4477 τελεῖσθαι
1269 4425 1667 4497 παραδέδωκεν,
1693 4429 1776 4481 ὄτι

1880 576 2313 646 inexpugnabilis
2342 577 2407 632 ad
2434 577 2549 632 haec
2575 586 2629 630 et
2665 575 2861 630 invicta
2889 591 2952 632 eo
2973 581 3114 648 quod
3165 579 3256 636 Dei
3282 587 3436 638 auxi-

1877 669 1950 724 lio
1977 684 2190 738 semper
2218 669 2419 723 munita
2465 669 2554 731 sit,
2591 668 2809 722 statutis
2838 669 2903 723 ab
2945 685 3140 726 arcana
3176 673 3268 730 Dei
3311 693 3437 746 pro-

1878 759 2115 813 videntia
2135 759 2465 828 temporibus
2485 767 2702 829 repente
2720 761 2770 814 in
2791 761 2960 817 lucem
2977 765 3221 827 emersit,
3237 764 3435 822 Christi

1878 849 2097 902 nomine
2137 848 2278 917 apud
2327 864 2511 903 omnes
2541 850 2740 920 ubique
2779 853 3080 908 nobilitata.
3119 855 3270 909 llanc
3310 873 3438 924 pro-

1878 941 2035 1010 pheta
2060 939 2276 1009 quidam
2308 940 2470 995 divini
2496 939 2730 1010 Spiritus
2761 945 2915 1000 oculo
2957 961 3077 1001 cum
3119 952 3435 1018 prospexis-

1878 1039 1978 1093 set,
2013 1039 2160 1084 tanta
2196 1029 2550 1086 admiratione
2578 1035 2856 1102 perculsus
2885 1044 2986 1100 est,
3017 1048 3074 1091 ut
3102 1039 3186 1095 his
3213 1044 3438 1099 vocibus

1877 1122 2242 1178 exclamaret:
2281 1142 2301 1175 ι
2341 1123 2471 1190 Quis
2501 1125 2703 1180 audivit
2725 1129 3091 1200 talia?etquis
3124 1134 3204 1188 sic
3233 1135 3438 1198 locutus

1878 1215 1999 1268 cst?
2045 1214 2297 1283 Nunquid
2335 1217 2592 1284 parturiit
2643 1228 2782 1271 terra
2819 1221 2871 1274 in
2919 1237 3024 1274 una
3059 1224 3181 1278 die?
3207 1235 3261 1280 et
3293 1243 3438 1282 nun-

1877 1307 2002 1376 quid
2034 1323 2164 1376 gens
2185 1309 2325 1361 edita
2351 1317 2431 1362 est
2462 1324 2567 1362 uno
2599 1313 2800 1377 partu?
2837 1330 2856 1362 ›
2897 1313 3066 1382 ipsam
3098 1331 3225 1371 vero
3253 1322 3440 1388 appel-

1879 1401 2129 1454 lationem
2161 1400 2298 1455 idem
2323 1401 2582 1470 propheta
2620 1403 2882 1472 designat,
2923 1406 3036 1462 haec
3065 1409 3248 1464 dicens
3278 1429 3292 1466 :
3332 1431 3351 1464 ι
3375 1412 3440 1466 Et

1878 1491 2238 1544 servientibus
2270 1493 2398 1546 mihi
2449 1493 2754 1562 imponetur
2801 1512 2995 1552 nomen
3046 1515 3268 1568 novum,
3297 1509 3439 1573 quod

1879 1581 2226 1636 benedicetur
2265 1584 2316 1637 iu
2377 1585 2620 1639 terra‘”.
2661 1605 2681 1638 ι
2726 1588 2922 1644 Verum
2986 1594 3201 1649 tametsi
3233 1597 3440 1668 absque

1877 1676 2245 1729 controversia
2281 1675 2497 1730 'novelli
2543 1693 2747 1745 sumus,
2806 1689 2860 1734 et
2913 1682 3016 1739 hoc
3059 1701 3254 1742 novum
3293 1700 3442 1748 certe

1879 1765 2308 1820 Christianorum
2349 1781 2546 1823 nomen
2581 1785 2752 1839 nuper
2783 1774 3032 1832 omnibus
3059 1777 3322 1848 innotuit;
3355 1798 3442 1838 se-

1879 1865 2019 1911 ctam
2050 1867 2228 1911 tamen
2250 1859 2624 1929 rationemque
2653 1863 2860 1918 vivendi
2883 1881 2987 1922 non
3016 1883 3208 1926 recens
3231 1887 3260 1924 a
3285 1873 3441 1929 nobis

1878 1951 2256 2016 compositam,
2311 1951 2404 2004 sed
2448 1950 2560 2019 jam
2597 1953 2724 2009 inde
2764 1969 2794 2007 a
2823 1957 3016 2025 primo,
3046 1967 3104 2013 ut
3132 1961 3204 2015 ita
3237 1961 3435 2028 dicam,

1879 2040 2096 2094 conditu
2135 2042 2349 2110 generis
2371 2042 2610 2111 humani,
2641 2061 2705 2100 ex
2740 2047 3050 2105 notionibus
3081 2067 3111 2105 a
3141 2062 3333 2109 natura
3359 2056 3440 2111 iu—

1879 2130 2020 2194 sitis,
2044 2132 2111 2185 ab
2150 2131 2460 2188 horninibus
2488 2134 2598 2190 Deo
2647 2141 2884 2208 acceptis
2912 2141 3224 2199 institutam
3272 2155 3442 2216 atque

1879 2224 2144 2276 excultam
2178 2223 2363 2289 fuisse,
2408 2225 2491 2298 sic
2543 2227 2914 2286 demonstrare
2964 2235 3301 2292 conabimur.
3333 2236 3440 2294 Be~

1880 2316 2146 2369 brteorum
2181 2324 2392 2385 gentem
2424 2318 2838 2389 haudquaquam
2881 2337 3150 2382 recentem
3178 2343 3319 2396 esse,
3344 2332 3438 2386 sed

1881 2408 2162 2462 vetustatis
2201 2409 2374 2477 gratia
2407 2410 2546 2479 apud
2573 2425 2762 2468 omnes
2790 2413 2841 2468 in
2868 2415 3075 2472 honore
3098 2419 3286 2476 haberi
3315 2436 3442 2476 cun-

1882 2499 1984 2552 ctis
2017 2498 2362 2552 notissimum
2390 2509 2492 2556 est.
2529 2501 2664 2556 Sunt
2692 2503 2832 2572 apud
2871 2520 2989 2560 eam
3034 2508 3211 2579 prisca
3247 2527 3435 2568 monu~

1883 2599 2082 2655 menta,
2136 2589 2416 2659 inquibus
2459 2593 2804 2650 continentur
2856 2612 2942 2653 res
2995 2611 3160 2668 gestae
3197 2612 3439 2661 veterum

1881 2681 2233 2752 quorumdam
2267 2684 2638 2756 virorum,qui
2667 2687 2794 2743 licet
2824 2690 2932 2744 rari
2956 2706 3019 2747 ac
3047 2696 3324 2764 perpauci,
3354 2708 3442 2752 re-

1881 2776 2100 2844 ligione,
2130 2776 2336 2844 justitia
2359 2794 2423 2832 ac
2449 2781 2660 2836 caeteris
2687 2782 2973 2838 virtutibus
2998 2784 3234 2855 reliquos
3252 2802 3440 2844 omnes

1879 2865 2036 2935 longe
2078 2877 2422 2934 superarunt.
2461 2869 2525 2921 Et
2570 2877 2696 2924 ante
2744 2871 3002 2926 diluvium
3051 2875 3268 2939 quidem
3306 2892 3443 2931 non-

1880 2957 2008 3010 nulli
2062 2969 2594 3014 commemorantur:
2627 2969 2748 3028 post
2791 2961 3050 3018 diluvium
3097 2977 3275 3022 autem
3327 2969 3438 3032 alii,

1880 3049 2074 3116 partim
2105 3064 2169 3104 ex
2199 3049 2312 3105 Noe
2366 3051 2573 3118 liberis,
2609 3054 2806 3121 partim
2837 3068 2905 3109 ex
2958 3070 3144 3112 eorum
3186 3060 3440 3127 posteris.

1806 3182 1851 3242 Ο
1883 3139 2025 3194 inter
2044 3155 2180 3210 quos
2205 3143 2369 3197 etiam
2392 3143 2660 3198 Abraham
2683 3160 2840 3215 quem
2865 3146 3081 3216 quidem
3109 3150 3442 3206 conditorem

1879 3243 2265 3302 auctoremque
2309 3234 2523 3301 generis
2560 3234 2642 3287 sui
2675 3234 2886 3304 jactant
2926 3234 3157 3292 Hebraei.
3198 3237 3350 3305 Quod
3397 3242 3443 3296 si

1878 3325 2002 3394 quis
2031 3340 2222 3380 omnes
2247 3324 2389 3389 illos,
2416 3340 2647 3395 quorum
2672 3326 2885 3394 justitia
2919 3335 3027 3380 tam
3065 3329 3264 3384 illustri
3298 3331 3444 3387 testi-

1880 3416 2061 3472 monio
2085 3416 2434 3486 comprobata
2461 3425 2576 3481 est,
2608 3416 2676 3470 ab
2707 3417 2982 3471 Abraham
3024 3418 3179 3476 initio
3203 3433 3441 3492 sumpto,

1878 3509 1946 3564 ad
1984 3509 2218 3579 primum
2249 3523 2423 3577 usque
2455 3509 2730 3564 hominem
2760 3525 3069 3576 recurrens,
3107 3511 3446 3569 Christianos

1879 3615 1984 3655 non
2029 3599 2243 3670 quidem
2289 3600 2510 3656 nomine
2531 3601 2623 3655 sed
2657 3616 2714 3655 re
2757 3600 2870 3669 ipsa
2909 3601 3076 3656 fuisse
3122 3601 3370 3672 alIirmet,
3399 3606 3445 3660 is

1879 3701 2028 3746 certe
2061 3706 2165 3746 non
2203 3689 2388 3760 procul
2419 3705 2450 3744 a
2478 3690 2708 3745 veritate
2739 3690 3097 3746 aberraverit.
3147 3692 3283 3747 Nam
3320 3709 3443 3750 cum

1877 3783 2172 3841 Christiani
2199 3785 2419 3839 nomine
2446 3783 2576 3838 nihil
2601 3783 2744 3836 aliud
2774 3783 3128 3853 significetur,
3158 3785 3262 3857 16
3283 3801 3444 3856 quam

1881 3879 1962 3932 vir
2002 3876 2092 3946 qui
2129 3891 2226 3945 per
2273 3875 2477 3931 Christi
2515 3874 2883 3944 cognitionem
2935 3883 3099 3944 atque
3142 3877 3444 3931 doctrinam

1879 3968 2162 4033 modestia,
2198 3965 2433 4037 justitia,
2465 3967 2772 4030 tolerantia,
2805 3965 3130 4022 fortitudine
3158 3975 3212 4022 et
3233 3967 3446 4037 pietatis

1878 4058 2166 4128 cultusque
2219 4058 2380 4112 unius
2429 4055 2520 4124 qui
2551 4070 2714 4124 super
2745 4055 2927 4108 omnia
2962 4063 3065 4118 est,
3105 4054 3196 4110 Dei
3228 4055 3442 4124 profes-

1878 4150 2031 4204 sione
2056 4155 2282 4203 ornatus
2305 4154 2420 4214 est;
2447 4147 2564 4201 haec
2587 4145 2767 4198 omnia
2793 4155 3007 4198 veteres
3029 4145 3104 4198 illi
3129 4160 3232 4199 non
3265 4145 3444 4198 minus

1879 4242 2119 4297 studiose
2149 4255 2310 4310 quam
2336 4253 2433 4294 nos
2467 4239 2842 4293 excoluerunt.
2876 4235 3064 4306 Itaque
3089 4251 3187 4293 nec
3213 4236 3446 4292 circum-

1880 4333 2162 4396 cisionem,
2199 4345 2302 4386 nec
2349 4329 2643 4385 Sabbatum
2678 4329 2970 4383 observare
3010 4343 3153 4382 cura:
3188 4327 3294 4381 illis
3342 4325 3445 4380 fuit

1879 4425 2022 4478 sicut
2058 4437 2160 4477 nec
2187 4421 2340 4476 nobis
2373 4439 2388 4475 :
2422 4434 2598 4489 neque
2624 4435 2653 4472 a
2694 4419 2861 4472 certis
2883 4418 3024 4472 cibis
3063 4418 3362 4479 abstinere,
3391 4427 3446 4469 et

234 4513 348 4580 μηδὲ
405 4513 498 4566 νῦν
521 4515 862 4586 Χριστιανῶν
902 4516 968 4568 τὰ
1001 4516 1254 4571 τοιαῦτα·
1288 4518 1422 4572 ἀλλὰ
1463 4521 1556 4574 καὶ
1584 4522 1772 4590 σαφῶς

1877 4517 1982 4571 alia
2010 4517 2258 4587 qumdam
2312 4514 2544 4570 sollicite
2581 4512 2872 4568 observare
2915 4527 3032 4580 qua:
3077 4511 3283 4581 primus
3326 4525 3446 4565 oui-

297 4606 356 4635 ⁸⁸⁸
384 4605 485 4661 lsa.
525 4623 651 4661 var
677 4618 728 4661 et
758 4623 924 4661 van.

292 4695 392 4766 (67)
428 4696 536 4769 Καί
566 4699 658 4764 τίς
685 4697 989 4769 ἐλάλησεν
1011 4699 1218 4766 οὕτως.
1240 4699 1295 4752 lu
1329 4700 1476 4754 Isaiae
1503 4715 1620 4769 cap.
1646 4718 1769 4757 var

235 4763 404 4841 legitur
449 4768 543 4841 καὶ
591 4763 674 4832 τίς
717 4763 957 4840 ἑώρακεν
1004 4763 1420 4841 οῦτωςζ-Αιίιιιε
1446 4771 1516 4823 ita
1569 4763 1672 4826 ltoc
1717 4773 1768 4825 in

235 4832 334 4888 loco
381 4840 641 4906 scriptum
692 4832 891 4892 habent
933 4839 1088 4892 codd.
1130 4839 1264 4894 Fult.
1295 4832 1349 4894 εἰ
1401 4839 1612 4894 Savilii.
1663 4841 1768 4896 Sed

233 4907 478 4977 vulgatam
509 4910 792 4963 lectionem
829 4920 1073 4964 asserunt
1102 4910 1293 4977 reliqui
1329 4911 1546 4964 cortices
1573 4919 1627 4964 et
1658 4911 1770 4963 liu-

235 4976 311 5025 liui
340 4979 530 5034 versio.
575 4977 661 5032 Sic
703 4979 847 5030 enim
891 4981 1055 5032 vertit
1100 4976 1361 5032 Ruﬁnus:
1397 4980 1528 5044 Quis
1566 4982 1766 5034 audivit

234 5044 366 5118 tolio,
399 5058 444 5099 et
471 5051 586 5116 quis
622 5051 822 5102 locutus
849 5060 924 5105 est
957 5049 1069 5102 ita?
1094 5048 1152 5102 Si
1183 5053 1374 5118 peperit
1405 5064 1546 5103 terra
1577 5051 1632 5104 in
1661 5066 1767 5103 una

234 5115 322 5178 die,
345 5127 387 5187 ςι
418 5120 463 5170 si
484 5115 658 5187 genita
685 5129 759 5172 est
796 5135 920 5187 gens
947 5121 1010 5172 de
1042 5115 1220 5172 ueniet.

294 5186 394 5255 (58)
445 5186 603 5258 Ἀτὰρ
651 5190 749 5243 καί
799 5186 914 5244 κτὸν
979 5188 1243 5258 Ἁϐραάμ.
1291 5187 1560 5244 Musculus
1609 5190 1771 5244 vertit

237 5263 390 5329 utpote
413 5260 624 5329 Atoruut
649 5271 695 5312 et
720 5259 1094 5313 Abrohamum.
1125 5263 1204 5312 Ad
1229 5275 1385 5329 quem
1418 5259 1592 5312 locum
1620 5269 1771 5312 notat.

235 5321 446 5400 .loannes
481 5328 735 5398 Grynaeus
772 5331 1051 5400 legendum
1092 5331 1192 5382 sibi
1231 5321 1396 5400 videri
1445 5329 1647 5393 There,
1674 5329 1767 5398 qui

239 5395 322 5473 luit
342 5407 486 5473 pater
511 5395 756 5473 Abrahte.
781 5395 849 5453 de
877 5415 983 5473 quo
1009 5401 1212 5473 incap.
1230 5415 1282 5454 χι
1309 5397 1600 5473 Geneseos.
1619 5395 1764 5466 Quin

238 5469 376 5516 etiam
401 5469 464 5518 ad
489 5469 777 5535 marginem
808 5471 1013 5524 codicis
1039 5469 1215 5523 Moraei
1239 5509 1253 5532 ,
1283 5473 1364 5521 vir
1387 5471 1581 5522 doctus
1604 5473 1770 5522 adno-

241 5540 426 5608 taverat
447 5539 579 5590 forte
600 5538 794 5608 Θαράμ
817 5541 1156 5593 scribendum
1181 5555 1319 5593 esse.
1345 5539 1450 5592 Sed
1477 5538 1592 5593 hanc
1618 5553 1770 5606 nugo!

241 5614 363 5656 sunt.
390 5605 564 5674 Neque
606 5605 748 5660 enim
794 5608 1053 5662 Tharram
1104 5619 1254 5678 pater
1290 5609 1519 5662 Abralite
1568 5608 1666 5661 fuit
1695 5605 1769 5662 ex

242 5686 640 5748 nurnerueorum
685 5693 818 5745 quos
845 5681 984 5733 Deus
1021 5678 1293 5748 praecipuo
1333 5680 1562 5746 quodam
1589 5693 1771 5732 amore

242 5739 423 5818 dilexit.
450 5747 501 5799 Id
524 5759 668 5800 certe
703 5739 806 5801 non
852 5739 1047 5818 legitur
1073 5750 1122 5800 iu
1170 5739 1362 5801 sacris'
1386 5748 1770 5803 voluminibus.

245 5805 335 5863 lino
361 5817 507 5882 plane
529 5819 856 5872 contrarium
883 5805 946 5872 ἐξ
975 5819 1058 5874 his
1099 5819 1220 5874 elici
1263 5827 1461 5886 potest.
1493 5819 1768 5887 Siquidem

1882 4703 2023 4757 Deus
2048 4716 2168 4756 cum
2194 4701 2559 4755 Ahrahamum
2587 4696 2690 4752 sibi
2716 4695 2912 4778 eligere
2937 4695 3116 4757 vellet,
3141 4707 3194 4751 et
3218 4697 3285 4751 ad
3325 4713 3443 4750 ma-

1879 4776 2146 4827 ximarum
2173 4787 2353 4826 rerum
2379 4785 2524 4837 spem
2550 4784 2615 4821 ac
2641 4776 3046 4835 promissronetn
3075 4783 3288 4830 vocare,
3317 4783 3443 4819 .‘illlt!

1877 4843 2056 4896 omnia
2098 4857 2218 4896 eum
2247 4857 2308 4894 ex
2350 4841 2506 4893 domo
2549 4838 2813 4891 Tharram
2866 4838 3032 4902 patris
3075 4838 3157 4890 sui
3207 4840 3442 4902 migrare

1871 4915 2051 4982 jussit.
2081 4915 2254 4978 Atque
2283 4911 2363 4982 ita
2409 4907 2712 4982 Tharramo
2752 4907 3053 4982 repmliato,
3098 4907 3238 4961 Deus
3261 4909 3440 4982 Abra-

1878 4975 2094 5038 liamum
2119 4975 2247 5050 ejus,
2275 4980 2441 5033 ﬁlium
2468 4979 2647 5050 elegit.
2674 4975 2832 5050 Certe
2857 4975 3214 5050 Tliarramu_r_n
3243 4978 3441 5050 daemo-

1873 5069 2002 5106 num
2029 5046 2194 5105 cultui
2220 5049 2458 5102 deditum
2510 5047 2678 5100 fuisse
2725 5046 2840 5111 ipse
2884 5057 3115 5099 testatur
3154 5047 3438 5109 Eusebius,

1870 5138 1993 5176 cum
2018 5123 2091 5174 ait
2115 5119 2271 5190 paulo
2293 5130 2427 5190 post
2451 5119 2513 5190 de
2540 5117 2847 5190 Abrahamo
2875 5133 2890 5190 ι
2913 5116 3013 5190 τῆς
3044 5115 3312 5190 *πατρῴας
3334 5117 3439 5190 μὲν

1871 5184 2126 5255 ἀποστᾶς’
2150 5188 2582 5258 δεισιδαιμονίας.
2623 5184 2787 5258 Ἀτάρ
2822 5184 3089 5258 igiturhic
3128 5184 3438 5258 adverbiiuu

1871 5274 1980 5326 est,
2005 5271 2063 5316 ut
2088 5272 2230 5315 recte
2257 5261 2306 5311 iu
2351 5255 2444 5310 ora
2489 5259 2692 5310 codicis
2721 5255 2869 5326 Βεείί
2899 5259 3193 5309 adnotatur
3228 5257 3440 5326 adiliasc

1870 5323 2034 5404 verba
2054 5352 2066 5386 :
2081 5331 2226 5404 ᾲτᾲρ
2251 5330 2364 5395 καί,
2386 5327 2528 5382 τοῦτ’
2553 5327 2666 5380 ἐστι
2694 5324 2788 5377 καὶ
2809 5323 2893 5396 δὴ,
2920 5327 2953 5398 ἦ
2983 5327 3143 5398 πλὴν,
3172 5327 3264 5381 ἆτε
3295 5325 3379 5396 δὴ,
3408 5323 3441 5395 ἦ

1872 5403 1993 5457 ἀντὶ
2014 5402 2106 5455 τοῦ
2128 5402 2204 5455 δέ,

1944 5473 2056 5542 (69)
2097 5475 2163 5548 :0
2325 5488 2414 5525 τοι
2437 5469 2667 5548 δηλοῦν
2692 5469 2883 5548 ἐθέλει
2919 5471 3184 5540 τοῦνομα
3206 5467 3272 5522 τὸ
3309 5467 3443 5548 Χρι-

1875 5541 2146 5598 στιανοῦ.
2174 5541 2371 5598 Omnes
2399 5541 2569 5594 nostri
2608 5543 2820 5595 codices
2850 5556 2956 5602 uno
2998 5555 3263 5597 consensu
3305 5541 3444 5590 scri-

1876 5625 2025 5678 ptum
2058 5612 2345 5684 habentﬁ
2368 5612 2476 5684 γάρ
2517 5628 2610 5684 τοιΔ
2636 5611 2828 5682 δηλοῦν
2878 5611 3059 5684 ἐθέλοι
3095 5609 3326 5678 τοῦνομα
3353 5606 3444 5684 τον

1878 5674 2202 5755 Χριστιανὸν
2224 5674 2410 5755 ἄνδρα,
2438 5674 2542 5755 etc.
2562 5682 2649 5755 _Ex
2683 5674 2788 5750 quo
2812 5683 3154 5735 scribendum
3183 5674 3307 5749 puto
3331 5674 3445 5731 τοῦ·

1877 5752 2018 5824 νομα
2043 5755 2100 5808 τὸ
2124 5752 2465 5826 Χριστιανὸν,
2489 5752 2676 5826 ἄνδρα,
2703 5760 2810 5808 cte.
