  <div class='ocr_page' id='page_1' title='image "/cluster/home/n/w/nwhite01/storage/ocr_20150623/20/hvd.32044073501181/053.png"; bbox 0 0 4054 6456; ppageno 0'>
   <div class='ocr_carea' id='block_1_1' title="bbox 497 373 2045 436">
    <p class='ocr_par' dir='ltr' id='par_1_1' title="bbox 497 375 2045 436">
     <span class='ocr_line' id='line_1_1' title="bbox 497 375 2045 436; baseline -0.003 -1"><span class='ocrx_word' id='word_1_1' title='bbox 497 379 560 436; x_wconf 71' lang='grc' dir='ltr'>ιι)</span> <span class='ocrx_word' id='word_1_2' title='bbox 1196 375 1460 431; x_wconf 78' lang='lat' dir='ltr'><strong>EUSEBH</strong></span> <span class='ocrx_word' id='word_1_3' title='bbox 1499 376 1976 434; x_wconf 58' lang='lat' dir='ltr'><strong>CIESABIEKSIS</strong></span> <span class='ocrx_word' id='word_1_4' title='bbox 2014 377 2045 431; x_wconf 79' lang='grc' dir='ltr'><strong>Ο</strong></span> 
     </span>
    </p>
   </div>
   <div class='ocr_carea' id='block_1_2' title="bbox 2147 373 3730 436">
    <p class='ocr_par' dir='ltr' id='par_1_2' title="bbox 2151 373 3730 435">
     <span class='ocr_line' id='line_1_2' title="bbox 2151 373 3730 435; baseline 0.004 -6"><span class='ocrx_word' id='word_1_5' title='bbox 2151 417 2164 429; x_wconf 93' lang='grc'><strong>.</strong></span> <span class='ocrx_word' id='word_1_6' title='bbox 2207 376 2384 429; x_wconf 76' lang='lat' dir='ltr'><strong>PARS</strong></span> <span class='ocrx_word' id='word_1_7' title='bbox 2425 373 2464 426; x_wconf 85' lang='grc' dir='ltr'>Ι.</span> <span class='ocrx_word' id='word_1_8' title='bbox 2506 393 2568 408; x_wconf 54' lang='grc' dir='ltr'><strong>ἰ</strong></span> <span class='ocrx_word' id='word_1_9' title='bbox 2614 377 2999 435; x_wconf 71' lang='lat' dir='ltr'><strong>HlSTUliiCA.</strong></span> <span class='ocrx_word' id='word_1_10' title='bbox 3660 382 3730 435; x_wconf 81' lang='lat'><strong>80</strong></span> 
     </span>
    </p>
   </div>
   <div class='ocr_carea' id='block_1_3' title="bbox 483 486 2045 563">
    <p class='ocr_par' dir='ltr' id='par_1_3' title="bbox 483 487 2045 558">
     <span class='ocr_line' id='line_1_3' title="bbox 483 487 2045 558; baseline 0 -14"><span class='ocrx_word' id='word_1_11' title='bbox 483 493 630 546; x_wconf 87' lang='lat' dir='ltr'><strong>nium</strong></span> <span class='ocrx_word' id='word_1_12' title='bbox 660 487 875 558; x_wconf 76' lang='lat' dir='ltr'><strong>Moyses</strong></span> <span class='ocrx_word' id='word_1_13' title='bbox 918 487 1090 558; x_wconf 74' lang='lat' dir='ltr'><strong>Iypice</strong></span> <span class='ocrx_word' id='word_1_14' title='bbox 1113 489 1320 558; x_wconf 85' lang='lat' dir='ltr'><strong>agenda</strong></span> <span class='ocrx_word' id='word_1_15' title='bbox 1371 499 1428 543; x_wconf 88' lang='lat' dir='ltr'><strong>et</strong></span> <span class='ocrx_word' id='word_1_16' title='bbox 1447 491 1800 545; x_wconf 85' lang='lat' dir='ltr'><strong>custodienda</strong></span> <span class='ocrx_word' id='word_1_17' title='bbox 1827 490 2045 558; x_wconf 74' lang='lat' dir='ltr'><strong>posteris</strong></span> 
     </span>
    </p>
   </div>
   <div class='ocr_carea' id='block_1_4' title="bbox 2147 486 3728 563">
    <p class='ocr_par' dir='ltr' id='par_1_4' title="bbox 2161 486 3728 563">
     <span class='ocr_line' id='line_1_4' title="bbox 2161 486 3728 563; baseline 0.004 -24"><span class='ocrx_word' id='word_1_18' title='bbox 2161 487 2324 541; x_wconf 70' lang='grc' dir='ltr'>αὐτὸν</span> <span class='ocrx_word' id='word_1_19' title='bbox 2349 488 2545 560; x_wconf 74' lang='grc' dir='ltr'>ᾔδεσαν</span> <span class='ocrx_word' id='word_1_20' title='bbox 2569 492 2656 544; x_wconf 77' lang='grc' dir='ltr'><strong>τὸν</strong></span> <span class='ocrx_word' id='word_1_21' title='bbox 2682 492 2912 563; x_wconf 79' lang='grc' dir='ltr'>Χριστὸν</span> <span class='ocrx_word' id='word_1_22' title='bbox 2933 492 3026 546; x_wconf 90' lang='grc' dir='ltr'><strong>τοῦ</strong></span> <span class='ocrx_word' id='word_1_23' title='bbox 3069 491 3227 547; x_wconf 83' lang='grc' dir='ltr'><strong>Θεοῦ·</strong></span> <span class='ocrx_word' id='word_1_24' title='bbox 3266 495 3375 562; x_wconf 77' lang='grc' dir='ltr'>εἴγε</span> <span class='ocrx_word' id='word_1_25' title='bbox 3414 486 3590 562; x_wconf 58' lang='grc' dir='ltr'>ὦςθαι</span> <span class='ocrx_word' id='word_1_26' title='bbox 3627 493 3728 563; x_wconf 80' lang='grc' dir='ltr'><strong>μὲν</strong></span> 
     </span>
    </p>
   </div>
   <div class='ocr_carea' id='block_1_5' title="bbox 487 581 2056 652">
    <p class='ocr_par' dir='ltr' id='par_1_5' title="bbox 487 581 2056 652">
     <span class='ocr_line' id='line_1_5' title="bbox 487 581 2056 652; baseline -0.003 -14"><span class='ocrx_word' id='word_1_27' title='bbox 487 583 744 639; x_wconf 93' lang='lat' dir='ltr'><strong>tradidit:</strong></span> <span class='ocrx_word' id='word_1_28' title='bbox 779 583 920 636; x_wconf 90' lang='lat' dir='ltr'><strong>sicut</strong></span> <span class='ocrx_word' id='word_1_29' title='bbox 960 595 1134 650; x_wconf 86' lang='lat' dir='ltr'><strong>neque</strong></span> <span class='ocrx_word' id='word_1_30' title='bbox 1179 597 1323 637; x_wconf 88' lang='lat' dir='ltr'><strong>nunc</strong></span> <span class='ocrx_word' id='word_1_31' title='bbox 1354 585 1494 652; x_wconf 90' lang='lat' dir='ltr'><strong>apud</strong></span> <span class='ocrx_word' id='word_1_32' title='bbox 1527 581 1866 636; x_wconf 83' lang='lat' dir='ltr'><strong>Christianos</strong></span> <span class='ocrx_word' id='word_1_33' title='bbox 1900 582 2056 650; x_wconf 88' lang='lat' dir='ltr'><strong>quid-</strong></span> 
     </span>
    </p>
   </div>
   <div class='ocr_carea' id='block_1_6' title="bbox 483 673 2053 745">
    <p class='ocr_par' dir='ltr' id='par_1_6' title="bbox 483 673 2053 745">
     <span class='ocr_line' id='line_1_6' title="bbox 483 673 2053 745; baseline 0.001 -18"><span class='ocrx_word' id='word_1_34' title='bbox 483 691 646 745; x_wconf 82' lang='lat' dir='ltr'><strong>quam</strong></span> <span class='ocrx_word' id='word_1_35' title='bbox 682 675 871 730; x_wconf 89' lang='lat' dir='ltr'><strong>horum</strong></span> <span class='ocrx_word' id='word_1_36' title='bbox 905 675 1131 744; x_wconf 75' lang='lat' dir='ltr'><strong>geritur.</strong></span> <span class='ocrx_word' id='word_1_37' title='bbox 1178 675 1285 730; x_wconf 90' lang='lat' dir='ltr'><strong>Sed</strong></span> <span class='ocrx_word' id='word_1_38' title='bbox 1335 684 1388 729; x_wconf 92' lang='lat' dir='ltr'><strong>et</strong></span> <span class='ocrx_word' id='word_1_39' title='bbox 1421 675 1596 744; x_wconf 89' lang='lat' dir='ltr'><strong>ipsum</strong></span> <span class='ocrx_word' id='word_1_40' title='bbox 1643 673 1920 728; x_wconf 87' lang='lat' dir='ltr'><strong>Christum</strong></span> <span class='ocrx_word' id='word_1_41' title='bbox 1962 673 2053 728; x_wconf 88' lang='lat' dir='ltr'><strong>Dei</strong></span> 
     </span>
    </p>
   </div>
   <div class='ocr_carea' id='block_1_7' title="bbox 484 764 2056 835">
    <p class='ocr_par' dir='ltr' id='par_1_7' title="bbox 484 764 2056 835">
     <span class='ocr_line' id='line_1_7' title="bbox 484 764 2056 835; baseline 0 -17"><span class='ocrx_word' id='word_1_42' title='bbox 484 766 740 820; x_wconf 79' lang='lat' dir='ltr'><strong>distincte</strong></span> <span class='ocrx_word' id='word_1_43' title='bbox 781 766 1062 835; x_wconf 83' lang='lat' dir='ltr'><strong>cognitum</strong></span> <span class='ocrx_word' id='word_1_44' title='bbox 1113 766 1423 820; x_wconf 89' lang='lat' dir='ltr'><strong>habuerunt</strong></span> <span class='ocrx_word' id='word_1_45' title='bbox 1451 782 1464 819; x_wconf 91' lang='lat'><strong>:</strong></span> <span class='ocrx_word' id='word_1_46' title='bbox 1492 764 1756 833; x_wconf 81' lang='lat' dir='ltr'><strong>siquidem</strong></span> <span class='ocrx_word' id='word_1_47' title='bbox 1812 765 1961 818; x_wconf 90' lang='lat' dir='ltr'><strong>illum</strong></span> <span class='ocrx_word' id='word_1_48' title='bbox 1989 765 2056 818; x_wconf 90' lang='lat' dir='ltr'><strong>ab</strong></span> 
     </span>
    </p>
   </div>
   <div class='ocr_carea' id='block_1_8' title="bbox 482 857 2058 924">
    <p class='ocr_par' dir='ltr' id='par_1_8' title="bbox 482 857 2058 924">
     <span class='ocr_line' id='line_1_8' title="bbox 482 857 2058 924; baseline 0 -14"><span class='ocrx_word' id='word_1_49' title='bbox 482 858 795 912; x_wconf 82' lang='lat' dir='ltr'><strong>Abrahamo</strong></span> <span class='ocrx_word' id='word_1_50' title='bbox 845 857 1060 924; x_wconf 87' lang='lat' dir='ltr'><strong>quidem</strong></span> <span class='ocrx_word' id='word_1_51' title='bbox 1103 858 1279 911; x_wconf 87' lang='lat' dir='ltr'><strong>visum</strong></span> <span class='ocrx_word' id='word_1_52' title='bbox 1318 871 1458 920; x_wconf 89' lang='lat' dir='ltr'><strong>esse,</strong></span> <span class='ocrx_word' id='word_1_53' title='bbox 1519 857 1704 911; x_wconf 89' lang='lat' dir='ltr'><strong>lsaaco</strong></span> <span class='ocrx_word' id='word_1_54' title='bbox 1751 866 1928 910; x_wconf 90' lang='lat' dir='ltr'><strong>autem</strong></span> <span class='ocrx_word' id='word_1_55' title='bbox 1972 870 2058 910; x_wconf 91' lang='lat' dir='ltr'><strong>re-</strong></span> 
     </span>
    </p>
   </div>
   <div class='ocr_carea' id='block_1_9' title="bbox 482 945 2058 1018">
    <p class='ocr_par' dir='ltr' id='par_1_9' title="bbox 482 945 2058 1018">
     <span class='ocr_line' id='line_1_9' title="bbox 482 945 2058 1018; baseline -0.003 -14"><span class='ocrx_word' id='word_1_56' title='bbox 482 965 737 1018; x_wconf 89' lang='lat' dir='ltr'><strong>sponsum</strong></span> <span class='ocrx_word' id='word_1_57' title='bbox 773 948 1006 1010; x_wconf 88' lang='lat' dir='ltr'><strong>dedisse,</strong></span> <span class='ocrx_word' id='word_1_58' title='bbox 1051 956 1106 1003; x_wconf 94' lang='lat' dir='ltr'><strong>et</strong></span> <span class='ocrx_word' id='word_1_59' title='bbox 1144 962 1266 1002; x_wconf 93' lang='lat' dir='ltr'><strong>cum</strong></span> <span class='ocrx_word' id='word_1_60' title='bbox 1287 945 1488 1001; x_wconf 88' lang='lat' dir='ltr'><strong>Jacoho</strong></span> <span class='ocrx_word' id='word_1_61' title='bbox 1519 946 1756 1002; x_wconf 92' lang='lat' dir='ltr'><strong>locutum</strong></span> <span class='ocrx_word' id='word_1_62' title='bbox 1785 961 1925 1013; x_wconf 89' lang='lat' dir='ltr'><strong>esse,</strong></span> <span class='ocrx_word' id='word_1_63' title='bbox 1967 948 2058 1000; x_wconf 91' lang='lat' dir='ltr'><strong>de-</strong></span> 
     </span>
    </p>
   </div>
   <div class='ocr_carea' id='block_1_10' title="bbox 481 1039 2056 1112">
    <p class='ocr_par' dir='ltr' id='par_1_10' title="bbox 481 1039 2056 1112">
     <span class='ocr_line' id='line_1_10' title="bbox 481 1039 2056 1112; baseline -0.004 -14"><span class='ocrx_word' id='word_1_64' title='bbox 481 1047 645 1112; x_wconf 89' lang='lat' dir='ltr'><strong>nique</strong></span> <span class='ocrx_word' id='word_1_65' title='bbox 682 1055 802 1094; x_wconf 91' lang='lat' dir='ltr'><strong>cum</strong></span> <span class='ocrx_word' id='word_1_66' title='bbox 833 1040 1036 1110; x_wconf 81' lang='lat' dir='ltr'><strong>Moyse,</strong></span> <span class='ocrx_word' id='word_1_67' title='bbox 1069 1048 1124 1094; x_wconf 92' lang='lat' dir='ltr'><strong>et</strong></span> <span class='ocrx_word' id='word_1_68' title='bbox 1153 1039 1358 1094; x_wconf 90' lang='lat' dir='ltr'><strong>secutis</strong></span> <span class='ocrx_word' id='word_1_69' title='bbox 1407 1047 1595 1109; x_wconf 84' lang='lat' dir='ltr'><strong>postea</strong></span> <span class='ocrx_word' id='word_1_70' title='bbox 1634 1040 1912 1107; x_wconf 85' lang='lat' dir='ltr'><strong>prophetis</strong></span> <span class='ocrx_word' id='word_1_71' title='bbox 1943 1054 2056 1094; x_wconf 91' lang='lat' dir='ltr'><strong>ser-</strong></span> 
     </span>
    </p>
   </div>
   <div class='ocr_carea' id='block_1_11' title="bbox 478 1128 2053 1202">
    <p class='ocr_par' dir='ltr' id='par_1_11' title="bbox 478 1128 2053 1202">
     <span class='ocr_line' id='line_1_11' title="bbox 478 1128 2053 1202; baseline -0.004 -12"><span class='ocrx_word' id='word_1_72' title='bbox 478 1150 695 1190; x_wconf 85' lang='lat' dir='ltr'><strong>monem</strong></span> <span class='ocrx_word' id='word_1_73' title='bbox 731 1132 988 1188; x_wconf 76' lang='lat' dir='ltr'><strong>habuisse</strong></span> <span class='ocrx_word' id='word_1_74' title='bbox 1012 1132 1264 1202; x_wconf 83' lang='lat' dir='ltr'><strong>superius</strong></span> <span class='ocrx_word' id='word_1_75' title='bbox 1306 1130 1664 1186; x_wconf 88' lang='lat' dir='ltr'><strong>ostendimus.</strong></span> <span class='ocrx_word' id='word_1_76' title='bbox 1701 1128 1856 1185; x_wconf 86' lang='lat' dir='ltr'><strong>Unde</strong></span> <span class='ocrx_word' id='word_1_77' title='bbox 1889 1131 2053 1184; x_wconf 89' lang='lat' dir='ltr'><strong>etiam</strong></span> 
     </span>
    </p>
   </div>
   <div class='ocr_carea' id='block_1_12' title="bbox 478 1220 2056 1292">
    <p class='ocr_par' dir='ltr' id='par_1_12' title="bbox 478 1220 2056 1292">
     <span class='ocr_line' id='line_1_12' title="bbox 478 1220 2056 1292; baseline -0.004 -11"><span class='ocrx_word' id='word_1_78' title='bbox 478 1228 600 1282; x_wconf 85' lang='lat' dir='ltr'><strong>illos</strong></span> <span class='ocrx_word' id='word_1_79' title='bbox 628 1225 738 1279; x_wconf 92' lang='lat' dir='ltr'><strong>Deo</strong></span> <span class='ocrx_word' id='word_1_80' title='bbox 771 1234 1026 1292; x_wconf 84' lang='lat' dir='ltr'><strong>acceptos</strong></span> <span class='ocrx_word' id='word_1_81' title='bbox 1052 1223 1301 1277; x_wconf 88' lang='lat' dir='ltr'><strong>homines</strong></span> <span class='ocrx_word' id='word_1_82' title='bbox 1328 1222 1603 1276; x_wconf 88' lang='lat' dir='ltr'><strong>interdum</strong></span> <span class='ocrx_word' id='word_1_83' title='bbox 1634 1221 1874 1290; x_wconf 84' lang='lat' dir='ltr'><strong>reperias</strong></span> <span class='ocrx_word' id='word_1_84' title='bbox 1903 1220 2056 1277; x_wconf 82' lang='lat' dir='ltr'><strong>Chri-</strong></span> 
     </span>
    </p>
   </div>
   <div class='ocr_carea' id='block_1_13' title="bbox 477 1313 2056 1388">
    <p class='ocr_par' dir='ltr' id='par_1_13' title="bbox 477 1313 2056 1388">
     <span class='ocr_line' id='line_1_13' title="bbox 477 1313 2056 1388; baseline -0.003 -16"><span class='ocrx_word' id='word_1_85' title='bbox 477 1321 543 1374; x_wconf 91' lang='lat' dir='ltr'><strong>sli</strong></span> <span class='ocrx_word' id='word_1_86' title='bbox 580 1317 938 1388; x_wconf 81' lang='lat' dir='ltr'><strong>appellatione</strong></span> <span class='ocrx_word' id='word_1_87' title='bbox 961 1317 1245 1369; x_wconf 90' lang='lat' dir='ltr'><strong>decoratos</strong></span> <span class='ocrx_word' id='word_1_88' title='bbox 1275 1313 1464 1379; x_wconf 84' lang='lat' dir='ltr'><strong>fuisse,</strong></span> <span class='ocrx_word' id='word_1_89' title='bbox 1490 1324 1546 1368; x_wconf 93' lang='lat' dir='ltr'><strong>ut</strong></span> <span class='ocrx_word' id='word_1_90' title='bbox 1574 1315 1628 1368; x_wconf 92' lang='lat' dir='ltr'><strong>in</strong></span> <span class='ocrx_word' id='word_1_91' title='bbox 1662 1313 1746 1368; x_wconf 92' lang='lat' dir='ltr'><strong>his</strong></span> <span class='ocrx_word' id='word_1_92' title='bbox 1769 1313 2056 1384; x_wconf 71' lang='lat' dir='ltr'><strong>Pmphette</strong></span> 
     </span>
    </p>
   </div>
   <div class='ocr_carea' id='block_1_14' title="bbox 475 1406 2054 1477">
    <p class='ocr_par' dir='ltr' id='par_1_14' title="bbox 475 1406 2054 1477">
     <span class='ocr_line' id='line_1_14' title="bbox 475 1406 2054 1477; baseline -0.002 -15"><span class='ocrx_word' id='word_1_93' title='bbox 475 1411 692 1464; x_wconf 86' lang='lat' dir='ltr'><strong>verbis:</strong></span> <span class='ocrx_word' id='word_1_94' title='bbox 728 1427 746 1459; x_wconf 77' lang='grc' dir='ltr'><strong>ι</strong></span> <span class='ocrx_word' id='word_1_95' title='bbox 779 1407 957 1462; x_wconf 82' lang='lat' dir='ltr'><strong>Nolite</strong></span> <span class='ocrx_word' id='word_1_96' title='bbox 976 1418 1193 1477; x_wconf 86' lang='lat' dir='ltr'><strong>tangere</strong></span> <span class='ocrx_word' id='word_1_97' title='bbox 1210 1407 1446 1461; x_wconf 88' lang='lat' dir='ltr'><strong>christos</strong></span> <span class='ocrx_word' id='word_1_98' title='bbox 1462 1421 1631 1468; x_wconf 90' lang='lat' dir='ltr'><strong>meos,</strong></span> <span class='ocrx_word' id='word_1_99' title='bbox 1658 1416 1711 1458; x_wconf 91' lang='lat' dir='ltr'><strong>et</strong></span> <span class='ocrx_word' id='word_1_100' title='bbox 1739 1406 1790 1460; x_wconf 92' lang='lat' dir='ltr'><strong>iu</strong></span> <span class='ocrx_word' id='word_1_101' title='bbox 1823 1408 2054 1475; x_wconf 87' lang='lat' dir='ltr'><strong>prophe-</strong></span> 
     </span>
    </p>
   </div>
   <div class='ocr_carea' id='block_1_15' title="bbox 478 1497 2053 1570">
    <p class='ocr_par' dir='ltr' id='par_1_15' title="bbox 478 1497 2053 1570">
     <span class='ocr_line' id='line_1_15' title="bbox 478 1497 2053 1570; baseline -0.004 -14"><span class='ocrx_word' id='word_1_102' title='bbox 478 1503 545 1556; x_wconf 86' lang='lat' dir='ltr'><strong>tis</strong></span> <span class='ocrx_word' id='word_1_103' title='bbox 571 1502 706 1555; x_wconf 90' lang='lat' dir='ltr'><strong>meis</strong></span> <span class='ocrx_word' id='word_1_104' title='bbox 724 1499 890 1554; x_wconf 91' lang='lat' dir='ltr'><strong>nolite</strong></span> <span class='ocrx_word' id='word_1_105' title='bbox 923 1499 1159 1570; x_wconf 77' lang='lat' dir='ltr'><strong>maligne</strong></span> <span class='ocrx_word' id='word_1_106' title='bbox 1187 1513 1347 1568; x_wconf 83' lang='lat' dir='ltr'><strong>agere</strong></span> <span class='ocrx_word' id='word_1_107' title='bbox 1368 1498 1465 1552; x_wconf 72' lang='lat' dir='ltr'><strong>&quot;.t</strong></span> <span class='ocrx_word' id='word_1_108' title='bbox 1507 1497 1579 1550; x_wconf 84' lang='lat' dir='ltr'><strong>Ex</strong></span> <span class='ocrx_word' id='word_1_109' title='bbox 1607 1497 1805 1566; x_wconf 90' lang='lat' dir='ltr'><strong>quibus</strong></span> <span class='ocrx_word' id='word_1_110' title='bbox 1828 1507 2053 1567; x_wconf 81' lang='lat' dir='ltr'><strong>apparet</strong></span> 
     </span>
    </p>
   </div>
   <div class='ocr_carea' id='block_1_16' title="bbox 474 1588 2052 1661">
    <p class='ocr_par' dir='ltr' id='par_1_16' title="bbox 474 1588 2052 1661">
     <span class='ocr_line' id='line_1_16' title="bbox 474 1588 2052 1661; baseline 0 -19"><span class='ocrx_word' id='word_1_111' title='bbox 474 1591 715 1646; x_wconf 88' lang='lat' dir='ltr'><strong>omnium</strong></span> <span class='ocrx_word' id='word_1_112' title='bbox 751 1591 978 1661; x_wconf 90' lang='lat' dir='ltr'><strong>primam</strong></span> <span class='ocrx_word' id='word_1_113' title='bbox 1013 1605 1076 1644; x_wconf 89' lang='lat' dir='ltr'><strong>ac</strong></span> <span class='ocrx_word' id='word_1_114' title='bbox 1112 1589 1543 1643; x_wconf 80' lang='lat' dir='ltr'><strong>vetustissimam</strong></span> <span class='ocrx_word' id='word_1_115' title='bbox 1595 1604 1715 1643; x_wconf 88' lang='lat' dir='ltr'><strong>esse</strong></span> <span class='ocrx_word' id='word_1_116' title='bbox 1771 1588 2052 1659; x_wconf 80' lang='lat' dir='ltr'><strong>religionis</strong></span> 
     </span>
    </p>
   </div>
   <div class='ocr_carea' id='block_1_17' title="bbox 475 1679 2052 1749">
    <p class='ocr_par' dir='ltr' id='par_1_17' title="bbox 475 1679 2052 1749">
     <span class='ocr_line' id='line_1_17' title="bbox 475 1679 2052 1749; baseline -0.001 -16"><span class='ocrx_word' id='word_1_117' title='bbox 475 1683 702 1734; x_wconf 80' lang='lat' dir='ltr'><strong>formam</strong></span> <span class='ocrx_word' id='word_1_118' title='bbox 739 1680 885 1734; x_wconf 83' lang='lat' dir='ltr'><strong>illam</strong></span> <span class='ocrx_word' id='word_1_119' title='bbox 914 1681 981 1734; x_wconf 90' lang='lat' dir='ltr'><strong>ab</strong></span> <span class='ocrx_word' id='word_1_120' title='bbox 1012 1680 1096 1736; x_wconf 90' lang='lat' dir='ltr'><strong>his</strong></span> <span class='ocrx_word' id='word_1_121' title='bbox 1124 1695 1264 1749; x_wconf 89' lang='lat' dir='ltr'><strong>quos</strong></span> <span class='ocrx_word' id='word_1_122' title='bbox 1299 1680 1411 1734; x_wconf 73' lang='lat' dir='ltr'><strong>dixi</strong></span> <span class='ocrx_word' id='word_1_123' title='bbox 1461 1680 1572 1734; x_wconf 92' lang='lat' dir='ltr'><strong>Deo</strong></span> <span class='ocrx_word' id='word_1_124' title='bbox 1611 1681 1851 1749; x_wconf 81' lang='lat' dir='ltr'><strong>acceptis</strong></span> <span class='ocrx_word' id='word_1_125' title='bbox 1880 1679 2052 1733; x_wconf 83' lang='lat' dir='ltr'><strong>homi-</strong></span> 
     </span>
    </p>
   </div>
   <div class='ocr_carea' id='block_1_18' title="bbox 475 1772 2051 1841">
    <p class='ocr_par' dir='ltr' id='par_1_18' title="bbox 475 1772 2051 1841">
     <span class='ocr_line' id='line_1_18' title="bbox 475 1772 2051 1841; baseline 0 -17"><span class='ocrx_word' id='word_1_126' title='bbox 475 1773 633 1826; x_wconf 89' lang='lat' dir='ltr'><strong>nibus</strong></span> <span class='ocrx_word' id='word_1_127' title='bbox 678 1772 1004 1838; x_wconf 87' lang='lat' dir='ltr'><strong>institutam,</strong></span> <span class='ocrx_word' id='word_1_128' title='bbox 1039 1787 1160 1841; x_wconf 84' lang='lat' dir='ltr'><strong>quae</strong></span> <span class='ocrx_word' id='word_1_129' title='bbox 1203 1787 1376 1840; x_wconf 90' lang='lat' dir='ltr'><strong>nuper</strong></span> <span class='ocrx_word' id='word_1_130' title='bbox 1414 1787 1513 1840; x_wconf 91' lang='lat' dir='ltr'><strong>per</strong></span> <span class='ocrx_word' id='word_1_131' title='bbox 1543 1772 1745 1828; x_wconf 81' lang='lat' dir='ltr'><strong>Christi</strong></span> <span class='ocrx_word' id='word_1_132' title='bbox 1794 1773 2051 1841; x_wconf 83' lang='lat' dir='ltr'><strong>pra:dica-</strong></span> 
     </span>
    </p>
   </div>
   <div class='ocr_carea' id='block_1_19' title="bbox 2158 582 3728 658">
    <p class='ocr_par' dir='ltr' id='par_1_19' title="bbox 2158 582 3728 658">
     <span class='ocr_line' id='line_1_19' title="bbox 2158 582 3728 658; baseline 0.003 -23"><span class='ocrx_word' id='word_1_133' title='bbox 2158 583 2237 652; x_wconf 79' lang='grc' dir='ltr'>τῷ</span> <span class='ocrx_word' id='word_1_134' title='bbox 2266 582 2536 654; x_wconf 77' lang='grc' dir='ltr'>Ἀϐραὰμ,</span> <span class='ocrx_word' id='word_1_135' title='bbox 2561 586 2896 655; x_wconf 81' lang='grc' dir='ltr'>χρηματίσαι</span> <span class='ocrx_word' id='word_1_136' title='bbox 2929 586 2984 638; x_wconf 84' lang='grc' dir='ltr'>δὲ</span> <span class='ocrx_word' id='word_1_137' title='bbox 3017 586 3093 658; x_wconf 81' lang='grc' dir='ltr'>τῷ</span> <span class='ocrx_word' id='word_1_138' title='bbox 3133 588 3336 650; x_wconf 78' lang='grc' dir='ltr'>Ἰσαὰκ,</span> <span class='ocrx_word' id='word_1_139' title='bbox 3376 587 3728 656; x_wconf 82' lang='grc' dir='ltr'>λελαληκέναι</span> 
     </span>
    </p>
   </div>
   <div class='ocr_carea' id='block_1_20' title="bbox 2157 676 3729 754">
    <p class='ocr_par' dir='ltr' id='par_1_20' title="bbox 2157 676 3729 754">
     <span class='ocr_line' id='line_1_20' title="bbox 2157 676 3729 754; baseline 0.004 -26"><span class='ocrx_word' id='word_1_140' title='bbox 2157 676 2215 729; x_wconf 84' lang='grc' dir='ltr'><strong>δὲ</strong></span> <span class='ocrx_word' id='word_1_141' title='bbox 2240 677 2317 748; x_wconf 81' lang='grc' dir='ltr'>τῷ</span> <span class='ocrx_word' id='word_1_142' title='bbox 2350 678 2561 740; x_wconf 80' lang='grc' dir='ltr'>Ἰακὼϐ,</span> <span class='ocrx_word' id='word_1_143' title='bbox 2581 681 2803 731; x_wconf 74' lang='grc' dir='ltr'>Μωυσεῖ</span> <span class='ocrx_word' id='word_1_144' title='bbox 2834 697 2888 732; x_wconf 88' lang='grc' dir='ltr'><strong>τε</strong></span> <span class='ocrx_word' id='word_1_145' title='bbox 2921 680 3014 733; x_wconf 76' lang='grc' dir='ltr'>καὶ</span> <span class='ocrx_word' id='word_1_146' title='bbox 3058 683 3171 744; x_wconf 81' lang='grc' dir='ltr'>τοῖς</span> <span class='ocrx_word' id='word_1_147' title='bbox 3201 681 3340 752; x_wconf 77' lang='grc' dir='ltr'>μετὰ</span> <span class='ocrx_word' id='word_1_148' title='bbox 3385 681 3556 734; x_wconf 88' lang='grc' dir='ltr'>ταῦτα</span> <span class='ocrx_word' id='word_1_149' title='bbox 3587 699 3729 754; x_wconf 77' lang='grc' dir='ltr'>προ-</span> 
     </span>
    </p>
   </div>
   <div class='ocr_carea' id='block_1_21' title="bbox 2158 769 3726 848">
    <p class='ocr_par' dir='ltr' id='par_1_21' title="bbox 2158 769 3726 848">
     <span class='ocr_line' id='line_1_21' title="bbox 2158 769 3726 848; baseline 0.004 -27"><span class='ocrx_word' id='word_1_150' title='bbox 2158 771 2353 839; x_wconf 80' lang='grc' dir='ltr'>φήταις</span> <span class='ocrx_word' id='word_1_151' title='bbox 2382 769 2716 840; x_wconf 73' lang='grc' dir='ltr'><strong>ὡμιληκέναι</strong></span> <span class='ocrx_word' id='word_1_152' title='bbox 2742 772 3134 841; x_wconf 80' lang='grc' dir='ltr'>προδέδεικται.</span> <span class='ocrx_word' id='word_1_153' title='bbox 3174 773 3366 826; x_wconf 84' lang='grc' dir='ltr'>Ἔνθεν</span> <span class='ocrx_word' id='word_1_154' title='bbox 3411 775 3606 838; x_wconf 68' lang='grc' dir='ltr'>αύτούς</span> <span class='ocrx_word' id='word_1_155' title='bbox 3658 775 3726 848; x_wconf 77' lang='grc' dir='ltr'>δὴ</span> 
     </span>
    </p>
   </div>
   <div class='ocr_carea' id='block_1_22' title="bbox 2156 853 3729 930">
    <p class='ocr_par' dir='ltr' id='par_1_22' title="bbox 2156 853 3729 930">
     <span class='ocr_line' id='line_1_22' title="bbox 2156 853 3729 930; baseline 0.005 -26"><span class='ocrx_word' id='word_1_156' title='bbox 2156 853 2281 916; x_wconf 69' lang='grc' dir='ltr'>τοὺς</span> <span class='ocrx_word' id='word_1_157' title='bbox 2315 853 2581 922; x_wconf 74' lang='grc' dir='ltr'>Θεοφιλεῖς</span> <span class='ocrx_word' id='word_1_158' title='bbox 2613 855 2852 917; x_wconf 77' lang='grc' dir='ltr'>ἐκείνους</span> <span class='ocrx_word' id='word_1_159' title='bbox 2891 855 3071 927; x_wconf 75' lang='grc' dir='ltr'>εὕροις</span> <span class='ocrx_word' id='word_1_160' title='bbox 3100 856 3166 909; x_wconf 81' lang='grc' dir='ltr'><strong>ἂν</strong></span> <span class='ocrx_word' id='word_1_161' title='bbox 3199 859 3293 910; x_wconf 74' lang='grc' dir='ltr'>καὶ</span> <span class='ocrx_word' id='word_1_162' title='bbox 3321 858 3422 928; x_wconf 77' lang='grc' dir='ltr'>τῆς</span> <span class='ocrx_word' id='word_1_163' title='bbox 3450 857 3544 910; x_wconf 88' lang='grc' dir='ltr'><strong>τοῦ</strong></span> <span class='ocrx_word' id='word_1_164' title='bbox 3584 861 3729 930; x_wconf 83' lang='grc' dir='ltr'>Χρι-</span> 
     </span>
    </p>
   </div>
   <div class='ocr_carea' id='block_1_23' title="bbox 2157 943 3732 1020">
    <p class='ocr_par' dir='ltr' id='par_1_23' title="bbox 2157 943 3732 1020">
     <span class='ocr_line' id='line_1_23' title="bbox 2157 943 3732 1020; baseline 0.004 -24"><span class='ocrx_word' id='word_1_165' title='bbox 2157 943 2282 996; x_wconf 89' lang='grc' dir='ltr'>στοῦ</span> <span class='ocrx_word' id='word_1_166' title='bbox 2305 944 2739 1014; x_wconf 75' lang='grc' dir='ltr'>κατηξιωμένους</span> <span class='ocrx_word' id='word_1_167' title='bbox 2774 948 3176 1018; x_wconf 59' lang='grc' dir='ltr'>προσωνυμίαις,</span> <span class='ocrx_word' id='word_1_168' title='bbox 3197 948 3334 1000; x_wconf 75' lang='grc' dir='ltr'>κατὰ</span> <span class='ocrx_word' id='word_1_169' title='bbox 3363 949 3460 1020; x_wconf 81' lang='grc' dir='ltr'>τὴν</span> <span class='ocrx_word' id='word_1_170' title='bbox 3489 950 3732 1018; x_wconf 77' lang='grc' dir='ltr'>φάσκουο</span> 
     </span>
    </p>
   </div>
   <div class='ocr_carea' id='block_1_24' title="bbox 2157 1037 3728 1114">
    <p class='ocr_par' dir='ltr' id='par_1_24' title="bbox 2157 1037 3728 1114">
     <span class='ocr_line' id='line_1_24' title="bbox 2157 1037 3728 1114; baseline 0.004 -26"><span class='ocrx_word' id='word_1_171' title='bbox 2157 1053 2256 1091; x_wconf 88' lang='grc' dir='ltr'><strong>σαν</strong></span> <span class='ocrx_word' id='word_1_172' title='bbox 2285 1038 2413 1110; x_wconf 77' lang='grc' dir='ltr'>περὶ</span> <span class='ocrx_word' id='word_1_173' title='bbox 2441 1037 2617 1092; x_wconf 77' lang='grc' dir='ltr'>αὐτῶν</span> <span class='ocrx_word' id='word_1_174' title='bbox 2650 1041 2850 1110; x_wconf 74' lang='grc' dir='ltr'>φωνηνο</span> <span class='ocrx_word' id='word_1_175' title='bbox 2889 1060 2906 1090; x_wconf 76' lang='grc' dir='ltr'><strong>ι</strong></span> <span class='ocrx_word' id='word_1_176' title='bbox 2945 1041 3033 1110; x_wconf 78' lang='grc' dir='ltr'><strong>Μὴ</strong></span> <span class='ocrx_word' id='word_1_177' title='bbox 3073 1041 3279 1110; x_wconf 59' lang='grc' dir='ltr'>ἆῴησθε</span> <span class='ocrx_word' id='word_1_178' title='bbox 3331 1041 3438 1097; x_wconf 87' lang='grc' dir='ltr'><strong>τῶν</strong></span> <span class='ocrx_word' id='word_1_179' title='bbox 3489 1044 3728 1114; x_wconf 76' lang='grc' dir='ltr'><strong>χριστῶν</strong></span> 
     </span>
    </p>
   </div>
   <div class='ocr_carea' id='block_1_25' title="bbox 2159 1131 3722 1204">
    <p class='ocr_par' dir='ltr' id='par_1_25' title="bbox 2159 1131 3722 1204">
     <span class='ocr_line' id='line_1_25' title="bbox 2159 1131 3722 1204; baseline 0.003 -23"><span class='ocrx_word' id='word_1_180' title='bbox 2159 1147 2281 1198; x_wconf 80' lang='grc' dir='ltr'>μου,</span> <span class='ocrx_word' id='word_1_181' title='bbox 2313 1131 2404 1182; x_wconf 76' lang='grc' dir='ltr'><strong>καὶ</strong></span> <span class='ocrx_word' id='word_1_182' title='bbox 2431 1131 2486 1184; x_wconf 83' lang='grc' dir='ltr'><strong>ὲν</strong></span> <span class='ocrx_word' id='word_1_183' title='bbox 2520 1133 2632 1193; x_wconf 78' lang='grc' dir='ltr'>τοῖς</span> <span class='ocrx_word' id='word_1_184' title='bbox 2664 1133 2970 1202; x_wconf 65' lang='grc' dir='ltr'>προφήταις</span> <span class='ocrx_word' id='word_1_185' title='bbox 3017 1148 3116 1200; x_wconf 88' lang='grc' dir='ltr'><strong>μου</strong></span> <span class='ocrx_word' id='word_1_186' title='bbox 3151 1131 3224 1202; x_wconf 83' lang='grc' dir='ltr'>μὴ</span> <span class='ocrx_word' id='word_1_187' title='bbox 3266 1133 3659 1204; x_wconf 82' lang='grc' dir='ltr'>πονηρεύησθε.</span> <span class='ocrx_word' id='word_1_188' title='bbox 3701 1153 3722 1186; x_wconf 71' lang='grc' dir='ltr'><strong>ι</strong></span> 
     </span>
    </p>
   </div>
   <div class='ocr_carea' id='block_1_26' title="bbox 2157 1221 3731 1294">
    <p class='ocr_par' dir='ltr' id='par_1_26' title="bbox 2157 1221 3731 1294">
     <span class='ocr_line' id='line_1_26' title="bbox 2157 1221 3731 1294; baseline 0.004 -22"><span class='ocrx_word' id='word_1_189' title='bbox 2157 1222 2318 1274; x_wconf 78' lang='grc' dir='ltr'>Ὥστε</span> <span class='ocrx_word' id='word_1_190' title='bbox 2351 1221 2537 1290; x_wconf 71' lang='grc' dir='ltr'>σαφῶς</span> <span class='ocrx_word' id='word_1_191' title='bbox 2570 1223 2792 1294; x_wconf 83' lang='grc' dir='ltr'>πρώτην</span> <span class='ocrx_word' id='word_1_192' title='bbox 2827 1222 3076 1292; x_wconf 71' lang='grc' dir='ltr'>ἡγεῖσθαι</span> <span class='ocrx_word' id='word_1_193' title='bbox 3120 1222 3227 1274; x_wconf 77' lang='grc' dir='ltr'>δεῖν</span> <span class='ocrx_word' id='word_1_194' title='bbox 3257 1225 3350 1276; x_wconf 75' lang='grc' dir='ltr'><strong>καὶ</strong></span> <span class='ocrx_word' id='word_1_195' title='bbox 3379 1226 3592 1278; x_wconf 75' lang='grc' dir='ltr'>πάντων</span> <span class='ocrx_word' id='word_1_196' title='bbox 3626 1244 3731 1278; x_wconf 84' lang='grc' dir='ltr'>πα-</span> 
     </span>
    </p>
   </div>
   <div class='ocr_carea' id='block_1_27' title="bbox 2153 1312 3724 1386">
    <p class='ocr_par' dir='ltr' id='par_1_27' title="bbox 2153 1312 3724 1386">
     <span class='ocr_line' id='line_1_27' title="bbox 2153 1312 3724 1386; baseline 0.003 -23"><span class='ocrx_word' id='word_1_197' title='bbox 2153 1312 2442 1384; x_wconf 79' lang='grc' dir='ltr'>λαιοτάτην</span> <span class='ocrx_word' id='word_1_198' title='bbox 2488 1331 2545 1366; x_wconf 88' lang='grc' dir='ltr'><strong>τε</strong></span> <span class='ocrx_word' id='word_1_199' title='bbox 2598 1315 2690 1366; x_wconf 70' lang='grc' dir='ltr'><strong>καὶ</strong></span> <span class='ocrx_word' id='word_1_200' title='bbox 2723 1314 3085 1386; x_wconf 68' lang='grc' dir='ltr'>ἀρχαιοτάτην</span> <span class='ocrx_word' id='word_1_201' title='bbox 3137 1314 3444 1378; x_wconf 82' lang='grc' dir='ltr'>θεοσεϐείας</span> <span class='ocrx_word' id='word_1_202' title='bbox 3484 1315 3724 1386; x_wconf 77' lang='grc' dir='ltr'>εὕρεσιν,</span> 
     </span>
    </p>
   </div>
   <div class='ocr_carea' id='block_1_28' title="bbox 2154 1405 3728 1477">
    <p class='ocr_par' dir='ltr' id='par_1_28' title="bbox 2154 1405 3728 1477">
     <span class='ocr_line' id='line_1_28' title="bbox 2154 1405 3728 1477; baseline 0.001 -21"><span class='ocrx_word' id='word_1_203' title='bbox 2154 1405 2331 1458; x_wconf 72' lang='grc' dir='ltr'>αὐτῶν</span> <span class='ocrx_word' id='word_1_204' title='bbox 2365 1406 2586 1458; x_wconf 75' lang='grc' dir='ltr'>ἐκείνων</span> <span class='ocrx_word' id='word_1_205' title='bbox 2615 1405 2677 1476; x_wconf 81' lang='grc' dir='ltr'>δὴ</span> <span class='ocrx_word' id='word_1_206' title='bbox 2723 1405 2830 1459; x_wconf 83' lang='grc' dir='ltr'><strong>τῶν</strong></span> <span class='ocrx_word' id='word_1_207' title='bbox 2869 1407 3011 1476; x_wconf 78' lang='grc' dir='ltr'>ἀμφὶ</span> <span class='ocrx_word' id='word_1_208' title='bbox 3043 1407 3132 1459; x_wconf 75' lang='grc' dir='ltr'><strong>τὸν</strong></span> <span class='ocrx_word' id='word_1_209' title='bbox 3169 1407 3418 1477; x_wconf 75' lang='grc' dir='ltr'>Ἀϐραὰμ</span> <span class='ocrx_word' id='word_1_210' title='bbox 3464 1407 3728 1476; x_wconf 63' lang='grc' dir='ltr'>θεοςριλῶν</span> 
     </span>
    </p>
   </div>
   <div class='ocr_carea' id='block_1_29' title="bbox 2153 1497 3727 1569">
    <p class='ocr_par' dir='ltr' id='par_1_29' title="bbox 2153 1497 3727 1569">
     <span class='ocr_line' id='line_1_29' title="bbox 2153 1497 3727 1569; baseline 0.003 -21"><span class='ocrx_word' id='word_1_211' title='bbox 2153 1497 2384 1568; x_wconf 80' lang='grc' dir='ltr'>ἀνδρῶν,</span> <span class='ocrx_word' id='word_1_212' title='bbox 2415 1498 2515 1567; x_wconf 71' lang='grc' dir='ltr'><strong>τὴν</strong></span> <span class='ocrx_word' id='word_1_213' title='bbox 2537 1497 2736 1569; x_wconf 79' lang='grc' dir='ltr'>ἀρτίως</span> <span class='ocrx_word' id='word_1_214' title='bbox 2768 1497 2854 1550; x_wconf 77' lang='grc' dir='ltr'><strong>διὰ</strong></span> <span class='ocrx_word' id='word_1_215' title='bbox 2878 1497 2976 1567; x_wconf 79' lang='grc' dir='ltr'>τῆς</span> <span class='ocrx_word' id='word_1_216' title='bbox 2999 1497 3090 1550; x_wconf 85' lang='grc' dir='ltr'><strong>τοῦ</strong></span> <span class='ocrx_word' id='word_1_217' title='bbox 3122 1498 3355 1569; x_wconf 84' lang='grc' dir='ltr'>Χριστοῦ</span> <span class='ocrx_word' id='word_1_218' title='bbox 3373 1499 3727 1562; x_wconf 79' lang='grc' dir='ltr'>διδασκαλίας</span> 
     </span>
    </p>
   </div>
   <div class='ocr_carea' id='block_1_30' title="bbox 2154 1589 3724 1662">
    <p class='ocr_par' dir='ltr' id='par_1_30' title="bbox 2154 1589 3724 1662">
     <span class='ocr_line' id='line_1_30' title="bbox 2154 1589 3724 1662; baseline 0.002 -21"><span class='ocrx_word' id='word_1_219' title='bbox 2154 1591 2317 1641; x_wconf 76' lang='grc' dir='ltr'>πᾶσιν</span> <span class='ocrx_word' id='word_1_220' title='bbox 2357 1589 2530 1641; x_wconf 76' lang='grc' dir='ltr'>ἔθνεσι</span> <span class='ocrx_word' id='word_1_221' title='bbox 2566 1589 3035 1661; x_wconf 72' lang='grc' dir='ltr'>κατηγγελμένην.</span> <span class='ocrx_word' id='word_1_222' title='bbox 3085 1592 3145 1642; x_wconf 84' lang='grc' dir='ltr'><strong>Εἰ</strong></span> <span class='ocrx_word' id='word_1_223' title='bbox 3187 1591 3243 1642; x_wconf 80' lang='grc' dir='ltr'><strong>δὲ</strong></span> <span class='ocrx_word' id='word_1_224' title='bbox 3276 1591 3340 1662; x_wconf 80' lang='grc' dir='ltr'>δὴ</span> <span class='ocrx_word' id='word_1_225' title='bbox 3373 1591 3568 1662; x_wconf 87' lang='grc' dir='ltr'>μακρῴ</span> <span class='ocrx_word' id='word_1_226' title='bbox 3601 1591 3724 1644; x_wconf 87' lang='grc' dir='ltr'>ποθ’</span> 
     </span>
    </p>
   </div>
   <div class='ocr_carea' id='block_1_31' title="bbox 2153 1682 3726 1754">
    <p class='ocr_par' dir='ltr' id='par_1_31' title="bbox 2153 1682 3726 1754">
     <span class='ocr_line' id='line_1_31' title="bbox 2153 1682 3726 1754; baseline 0.001 -20"><span class='ocrx_word' id='word_1_227' title='bbox 2153 1682 2376 1753; x_wconf 77' lang='grc' dir='ltr'>ὕστερον</span> <span class='ocrx_word' id='word_1_228' title='bbox 2403 1683 2580 1753; x_wconf 80' lang='grc' dir='ltr'>χρόνῳ</span> <span class='ocrx_word' id='word_1_229' title='bbox 2614 1682 2913 1752; x_wconf 79' lang='grc' dir='ltr'>περιτομῆς</span> <span class='ocrx_word' id='word_1_230' title='bbox 2935 1699 3067 1750; x_wconf 85' lang='grc' dir='ltr'>φασι</span> <span class='ocrx_word' id='word_1_231' title='bbox 3093 1682 3182 1734; x_wconf 82' lang='grc' dir='ltr'>τὸν</span> <span class='ocrx_word' id='word_1_232' title='bbox 3218 1682 3465 1754; x_wconf 70' lang='grc' dir='ltr'>Ἀϐραὰμ</span> <span class='ocrx_word' id='word_1_233' title='bbox 3503 1683 3726 1752; x_wconf 73' lang='grc' dir='ltr'>ἐντολὴν</span> 
     </span>
    </p>
   </div>
   <div class='ocr_carea' id='block_1_32' title="bbox 2151 1772 3723 1844">
    <p class='ocr_par' dir='ltr' id='par_1_32' title="bbox 2151 1772 3723 1844">
     <span class='ocr_line' id='line_1_32' title="bbox 2151 1772 3723 1844; baseline -0.001 -19"><span class='ocrx_word' id='word_1_234' title='bbox 2151 1772 2450 1843; x_wconf 69' lang='grc' dir='ltr'>εἰληφέναι,</span> <span class='ocrx_word' id='word_1_235' title='bbox 2497 1772 2632 1826; x_wconf 68' lang='grc' dir='ltr'>ἀλλὰ</span> <span class='ocrx_word' id='word_1_236' title='bbox 2654 1790 2714 1840; x_wconf 82' lang='grc' dir='ltr'><strong>γε</strong></span> <span class='ocrx_word' id='word_1_237' title='bbox 2747 1773 2850 1844; x_wconf 83' lang='grc' dir='ltr'><strong>πρὸ</strong></span> <span class='ocrx_word' id='word_1_238' title='bbox 2877 1772 3078 1843; x_wconf 82' lang='grc' dir='ltr'>ταύτης</span> <span class='ocrx_word' id='word_1_239' title='bbox 3123 1772 3463 1841; x_wconf 80' lang='grc' dir='ltr'>δικαιοσύνην</span> <span class='ocrx_word' id='word_1_240' title='bbox 3508 1773 3596 1826; x_wconf 77' lang='grc' dir='ltr'>διὰ</span> <span class='ocrx_word' id='word_1_241' title='bbox 3635 1774 3723 1826; x_wconf 69' lang='grc' dir='ltr'>πίο</span> 
     </span>
    </p>
   </div>
   <div class='ocr_carea' id='block_1_33' title="bbox 475 1851 2045 1936">
    <p class='ocr_par' dir='ltr' id='par_1_33' title="bbox 475 1865 2045 1934">
     <span class='ocr_line' id='line_1_33' title="bbox 475 1865 2045 1934; baseline 0.003 -17"><span class='ocrx_word' id='word_1_242' title='bbox 475 1866 674 1919; x_wconf 90' lang='lat' dir='ltr'><strong>tionem</strong></span> <span class='ocrx_word' id='word_1_243' title='bbox 711 1866 919 1919; x_wconf 89' lang='lat' dir='ltr'><strong>cunctis</strong></span> <span class='ocrx_word' id='word_1_244' title='bbox 973 1865 1224 1934; x_wconf 81' lang='lat' dir='ltr'><strong>gentibus</strong></span> <span class='ocrx_word' id='word_1_245' title='bbox 1279 1865 1599 1918; x_wconf 91' lang='lat' dir='ltr'><strong>annuntiata</strong></span> <span class='ocrx_word' id='word_1_246' title='bbox 1655 1875 1757 1920; x_wconf 90' lang='lat' dir='ltr'><strong>est.</strong></span> <span class='ocrx_word' id='word_1_247' title='bbox 1802 1865 1954 1930; x_wconf 77' lang='lat' dir='ltr'><strong>Quod</strong></span> <span class='ocrx_word' id='word_1_248' title='bbox 2001 1867 2045 1921; x_wconf 82' lang='lat' dir='ltr'><strong>si</strong></span> 
     </span>
    </p>
   </div>
   <div class='ocr_carea' id='block_1_34' title="bbox 2147 1851 3722 1936">
    <p class='ocr_par' dir='ltr' id='par_1_34' title="bbox 2154 1859 3722 1936">
     <span class='ocr_line' id='line_1_34' title="bbox 2154 1859 3722 1936; baseline 0.001 -20"><span class='ocrx_word' id='word_1_249' title='bbox 2154 1880 2322 1928; x_wconf 87' lang='grc' dir='ltr'>στεως</span> <span class='ocrx_word' id='word_1_250' title='bbox 2363 1863 2728 1936; x_wconf 70' lang='grc' dir='ltr'>μαρτυρηθεὶς</span> <span class='ocrx_word' id='word_1_251' title='bbox 2775 1863 3078 1936; x_wconf 78' lang='grc' dir='ltr'>ἁνείρηται,</span> <span class='ocrx_word' id='word_1_252' title='bbox 3111 1859 3214 1918; x_wconf 72' lang='grc' dir='ltr'>ὧδέ</span> <span class='ocrx_word' id='word_1_253' title='bbox 3257 1881 3373 1927; x_wconf 86' lang='grc' dir='ltr'><strong>πως</strong></span> <span class='ocrx_word' id='word_1_254' title='bbox 3427 1864 3520 1917; x_wconf 87' lang='grc' dir='ltr'><strong>τοῦ</strong></span> <span class='ocrx_word' id='word_1_255' title='bbox 3579 1865 3722 1918; x_wconf 85' lang='grc' dir='ltr'>θείου</span> 
     </span>
    </p>
   </div>
   <div class='ocr_carea' id='block_1_35' title="bbox 471 1956 2050 2027">
    <p class='ocr_par' dir='ltr' id='par_1_35' title="bbox 471 1956 2050 2027">
     <span class='ocr_line' id='line_1_35' title="bbox 471 1956 2050 2027; baseline 0.001 -15"><span class='ocrx_word' id='word_1_256' title='bbox 471 1959 817 2012; x_wconf 82' lang='lat' dir='ltr'><strong>Abrahamus</strong></span> <span class='ocrx_word' id='word_1_257' title='bbox 841 1956 1002 2027; x_wconf 84' lang='lat' dir='ltr'><strong>longo</strong></span> <span class='ocrx_word' id='word_1_258' title='bbox 1026 1968 1148 2025; x_wconf 91' lang='lat' dir='ltr'><strong>post</strong></span> <span class='ocrx_word' id='word_1_259' title='bbox 1171 1967 1418 2024; x_wconf 86' lang='lat' dir='ltr'><strong>tempore</strong></span> <span class='ocrx_word' id='word_1_260' title='bbox 1434 1957 1870 2012; x_wconf 87' lang='lat' dir='ltr'><strong>circumcisionis</strong></span> <span class='ocrx_word' id='word_1_261' title='bbox 1900 1974 2050 2013; x_wconf 74' lang='lat' dir='ltr'><strong>nian-</strong></span> 
     </span>
    </p>
   </div>
   <div class='ocr_carea' id='block_1_36' title="bbox 472 2047 2046 2118">
    <p class='ocr_par' dir='ltr' id='par_1_36' title="bbox 472 2047 2046 2118">
     <span class='ocr_line' id='line_1_36' title="bbox 472 2047 2046 2118; baseline 0.001 -16"><span class='ocrx_word' id='word_1_262' title='bbox 472 2050 657 2102; x_wconf 83' lang='lat' dir='ltr'><strong>datmn</strong></span> <span class='ocrx_word' id='word_1_263' title='bbox 684 2050 964 2118; x_wconf 80' lang='lat' dir='ltr'><strong>accepisse</strong></span> <span class='ocrx_word' id='word_1_264' title='bbox 991 2048 1218 2111; x_wconf 87' lang='lat' dir='ltr'><strong>dicitur,</strong></span> <span class='ocrx_word' id='word_1_265' title='bbox 1243 2057 1369 2102; x_wconf 89' lang='lat' dir='ltr'><strong>ante</strong></span> <span class='ocrx_word' id='word_1_266' title='bbox 1399 2047 1529 2104; x_wconf 93' lang='lat' dir='ltr'><strong>illud</strong></span> <span class='ocrx_word' id='word_1_267' title='bbox 1557 2059 1736 2104; x_wconf 89' lang='lat' dir='ltr'><strong>tamen</strong></span> <span class='ocrx_word' id='word_1_268' title='bbox 1768 2065 1864 2118; x_wconf 90' lang='lat' dir='ltr'><strong>per</strong></span> <span class='ocrx_word' id='word_1_269' title='bbox 1889 2050 2046 2104; x_wconf 77' lang='lat' dir='ltr'><strong>[idem</strong></span> 
     </span>
    </p>
   </div>
   <div class='ocr_carea' id='block_1_37' title="bbox 465 2138 2047 2211">
    <p class='ocr_par' dir='ltr' id='par_1_37' title="bbox 465 2138 2047 2211">
     <span class='ocr_line' id='line_1_37' title="bbox 465 2138 2047 2211; baseline 0.002 -18"><span class='ocrx_word' id='word_1_270' title='bbox 465 2140 800 2210; x_wconf 69' lang='lat' dir='ltr'><strong>justiﬁeatus</strong></span> <span class='ocrx_word' id='word_1_271' title='bbox 832 2139 999 2195; x_wconf 81' lang='lat' dir='ltr'><strong>fuisse</strong></span> <span class='ocrx_word' id='word_1_272' title='bbox 1037 2138 1335 2211; x_wconf 71' lang='lat' dir='ltr'><strong>Scriptum</strong></span> <span class='ocrx_word' id='word_1_273' title='bbox 1378 2140 1686 2195; x_wconf 89' lang='lat' dir='ltr'><strong>testimonio</strong></span> <span class='ocrx_word' id='word_1_274' title='bbox 1733 2142 2047 2210; x_wconf 86' lang='lat' dir='ltr'><strong>comproba-</strong></span> 
     </span>
    </p>
   </div>
   <div class='ocr_carea' id='block_1_38' title="bbox 470 2232 2046 2304">
    <p class='ocr_par' dir='ltr' id='par_1_38' title="bbox 470 2232 2046 2304">
     <span class='ocr_line' id='line_1_38' title="bbox 470 2232 2046 2304; baseline 0 -16"><span class='ocrx_word' id='word_1_275' title='bbox 470 2241 580 2296; x_wconf 88' lang='lat' dir='ltr'><strong>tur,</strong></span> <span class='ocrx_word' id='word_1_276' title='bbox 608 2233 689 2287; x_wconf 89' lang='lat' dir='ltr'><strong>sic</strong></span> <span class='ocrx_word' id='word_1_277' title='bbox 711 2232 940 2288; x_wconf 86' lang='lat' dir='ltr'><strong>dicentis</strong></span> <span class='ocrx_word' id='word_1_278' title='bbox 968 2250 982 2286; x_wconf 93' lang='lat'><strong>:</strong></span> <span class='ocrx_word' id='word_1_279' title='bbox 1021 2250 1040 2284; x_wconf 79' lang='lat' dir='ltr'><strong>t</strong></span> <span class='ocrx_word' id='word_1_280' title='bbox 1068 2232 1311 2289; x_wconf 87' lang='lat' dir='ltr'><strong>Credidit</strong></span> <span class='ocrx_word' id='word_1_281' title='bbox 1340 2233 1613 2295; x_wconf 83' lang='lat' dir='ltr'><strong>Abraham</strong></span> <span class='ocrx_word' id='word_1_282' title='bbox 1644 2232 1774 2298; x_wconf 91' lang='lat' dir='ltr'><strong>Deo,</strong></span> <span class='ocrx_word' id='word_1_283' title='bbox 1801 2244 1854 2288; x_wconf 91' lang='lat' dir='ltr'><strong>et</strong></span> <span class='ocrx_word' id='word_1_284' title='bbox 1878 2239 2046 2304; x_wconf 88' lang='lat' dir='ltr'><strong>depu-</strong></span> 
     </span>
    </p>
   </div>
   <div class='ocr_carea' id='block_1_39' title="bbox 470 2323 2048 2394">
    <p class='ocr_par' dir='ltr' id='par_1_39' title="bbox 470 2323 2048 2394">
     <span class='ocr_line' id='line_1_39' title="bbox 470 2323 2048 2394; baseline -0.001 -14"><span class='ocrx_word' id='word_1_285' title='bbox 470 2336 641 2380; x_wconf 90' lang='lat' dir='ltr'><strong>tatum</strong></span> <span class='ocrx_word' id='word_1_286' title='bbox 665 2325 812 2380; x_wconf 85' lang='lat' dir='ltr'><strong>estei</strong></span> <span class='ocrx_word' id='word_1_287' title='bbox 845 2325 911 2380; x_wconf 90' lang='lat' dir='ltr'><strong>ad</strong></span> <span class='ocrx_word' id='word_1_288' title='bbox 939 2325 1202 2394; x_wconf 77' lang='lat' dir='ltr'><strong>iu‘stitiam</strong></span> <span class='ocrx_word' id='word_1_289' title='bbox 1242 2327 1306 2379; x_wconf 84' lang='lat'><strong>&quot;.</strong></span> <span class='ocrx_word' id='word_1_290' title='bbox 1335 2344 1353 2378; x_wconf 73' lang='grc' dir='ltr'><strong>ι</strong></span> <span class='ocrx_word' id='word_1_291' title='bbox 1381 2323 1752 2394; x_wconf 86' lang='lat' dir='ltr'><strong>Cumquejam</strong></span> <span class='ocrx_word' id='word_1_292' title='bbox 1788 2335 1915 2379; x_wconf 88' lang='lat' dir='ltr'><strong>ante</strong></span> <span class='ocrx_word' id='word_1_293' title='bbox 1942 2326 2048 2379; x_wconf 86' lang='lat' dir='ltr'><strong>cir-</strong></span> 
     </span>
    </p>
   </div>
   <div class='ocr_carea' id='block_1_40' title="bbox 469 2415 2046 2486">
    <p class='ocr_par' dir='ltr' id='par_1_40' title="bbox 469 2415 2046 2486">
     <span class='ocr_line' id='line_1_40' title="bbox 469 2415 2046 2486; baseline -0.003 -12"><span class='ocrx_word' id='word_1_294' title='bbox 469 2418 859 2474; x_wconf 84' lang='lat' dir='ltr'><strong>curncisionem</strong></span> <span class='ocrx_word' id='word_1_295' title='bbox 887 2416 1012 2473; x_wconf 92' lang='lat' dir='ltr'><strong>talis</strong></span> <span class='ocrx_word' id='word_1_296' title='bbox 1034 2427 1200 2482; x_wconf 91' lang='lat' dir='ltr'><strong>esset,</strong></span> <span class='ocrx_word' id='word_1_297' title='bbox 1225 2431 1254 2470; x_wconf 92' lang='lat' dir='ltr'><strong>a</strong></span> <span class='ocrx_word' id='word_1_298' title='bbox 1281 2417 1390 2472; x_wconf 91' lang='lat' dir='ltr'><strong>Deo</strong></span> <span class='ocrx_word' id='word_1_299' title='bbox 1412 2416 1504 2486; x_wconf 84' lang='lat' dir='ltr'><strong>qui</strong></span> <span class='ocrx_word' id='word_1_300' title='bbox 1530 2431 1589 2470; x_wconf 94' lang='lat' dir='ltr'><strong>se</strong></span> <span class='ocrx_word' id='word_1_301' title='bbox 1617 2416 1718 2485; x_wconf 90' lang='lat' dir='ltr'><strong>ipsi</strong></span> <span class='ocrx_word' id='word_1_302' title='bbox 1751 2415 2046 2471; x_wconf 85' lang='lat' dir='ltr'><strong>videndum</strong></span> 
     </span>
    </p>
   </div>
   <div class='ocr_carea' id='block_1_41' title="bbox 469 2509 2043 2579">
    <p class='ocr_par' dir='ltr' id='par_1_41' title="bbox 469 2509 2043 2579">
     <span class='ocr_line' id='line_1_41' title="bbox 469 2509 2043 2579; baseline -0.003 -11"><span class='ocrx_word' id='word_1_303' title='bbox 469 2512 766 2576; x_wconf 88' lang='lat' dir='ltr'><strong>obtulerat,</strong></span> <span class='ocrx_word' id='word_1_304' title='bbox 802 2511 852 2565; x_wconf 90' lang='lat' dir='ltr'><strong>id</strong></span> <span class='ocrx_word' id='word_1_305' title='bbox 888 2522 970 2567; x_wconf 88' lang='lat' dir='ltr'><strong>est</strong></span> <span class='ocrx_word' id='word_1_306' title='bbox 1002 2526 1032 2565; x_wconf 92' lang='lat' dir='ltr'><strong>a</strong></span> <span class='ocrx_word' id='word_1_307' title='bbox 1079 2512 1298 2566; x_wconf 84' lang='lat' dir='ltr'><strong>Christo</strong></span> <span class='ocrx_word' id='word_1_308' title='bbox 1349 2512 1440 2566; x_wconf 91' lang='lat' dir='ltr'><strong>Dei</strong></span> <span class='ocrx_word' id='word_1_309' title='bbox 1494 2509 1704 2577; x_wconf 84' lang='lat' dir='ltr'><strong>Verbo,</strong></span> <span class='ocrx_word' id='word_1_310' title='bbox 1740 2512 1808 2565; x_wconf 91' lang='lat' dir='ltr'><strong>de</strong></span> <span class='ocrx_word' id='word_1_311' title='bbox 1849 2511 1916 2566; x_wconf 92' lang='lat' dir='ltr'><strong>iis</strong></span> <span class='ocrx_word' id='word_1_312' title='bbox 1953 2513 2043 2579; x_wconf 92' lang='lat' dir='ltr'><strong>qni</strong></span> 
     </span>
    </p>
   </div>
   <div class='ocr_carea' id='block_1_42' title="bbox 468 2599 2046 2671">
    <p class='ocr_par' dir='ltr' id='par_1_42' title="bbox 468 2599 2046 2671">
     <span class='ocr_line' id='line_1_42' title="bbox 468 2599 2046 2671; baseline 0.001 -18"><span class='ocrx_word' id='word_1_313' title='bbox 468 2600 866 2671; x_wconf 82' lang='lat' dir='ltr'><strong>posterioribus</strong></span> <span class='ocrx_word' id='word_1_314' title='bbox 893 2600 1106 2656; x_wconf 64' lang='lat' dir='ltr'><strong>saeculis</strong></span> <span class='ocrx_word' id='word_1_315' title='bbox 1133 2599 1299 2654; x_wconf 88' lang='lat' dir='ltr'><strong>simili</strong></span> <span class='ocrx_word' id='word_1_316' title='bbox 1351 2615 1415 2655; x_wconf 92' lang='lat' dir='ltr'><strong>ac</strong></span> <span class='ocrx_word' id='word_1_317' title='bbox 1451 2600 1566 2670; x_wconf 91' lang='lat' dir='ltr'><strong>ipse</strong></span> <span class='ocrx_word' id='word_1_318' title='bbox 1611 2601 2046 2669; x_wconf 86' lang='lat' dir='ltr'><strong>rationejustili-</strong></span> 
     </span>
    </p>
   </div>
   <div class='ocr_carea' id='block_1_43' title="bbox 467 2689 2046 2760">
    <p class='ocr_par' dir='ltr' id='par_1_43' title="bbox 467 2689 2046 2760">
     <span class='ocr_line' id='line_1_43' title="bbox 467 2689 2046 2760; baseline -0.001 -13"><span class='ocrx_word' id='word_1_319' title='bbox 467 2691 625 2747; x_wconf 90' lang='lat' dir='ltr'><strong>candi</strong></span> <span class='ocrx_word' id='word_1_320' title='bbox 646 2699 849 2754; x_wconf 87' lang='lat' dir='ltr'><strong>essent,</strong></span> <span class='ocrx_word' id='word_1_321' title='bbox 876 2689 1155 2745; x_wconf 88' lang='lat' dir='ltr'><strong>oraculum</strong></span> <span class='ocrx_word' id='word_1_322' title='bbox 1181 2689 1390 2760; x_wconf 88' lang='lat' dir='ltr'><strong>accepit</strong></span> <span class='ocrx_word' id='word_1_323' title='bbox 1414 2689 1720 2760; x_wconf 84' lang='lat' dir='ltr'><strong>hujusmodi</strong></span> <span class='ocrx_word' id='word_1_324' title='bbox 1748 2706 1762 2744; x_wconf 91' lang='lat'><strong>:</strong></span> <span class='ocrx_word' id='word_1_325' title='bbox 1797 2707 1816 2740; x_wconf 77' lang='grc' dir='ltr'><strong>ι</strong></span> <span class='ocrx_word' id='word_1_326' title='bbox 1858 2690 1920 2743; x_wconf 87' lang='lat' dir='ltr'><strong>Et</strong></span> <span class='ocrx_word' id='word_1_327' title='bbox 1953 2694 2046 2746; x_wconf 91' lang='lat' dir='ltr'><strong>be-</strong></span> 
     </span>
    </p>
   </div>
   <div class='ocr_carea' id='block_1_44' title="bbox 468 2779 2043 2851">
    <p class='ocr_par' dir='ltr' id='par_1_44' title="bbox 468 2779 2043 2851">
     <span class='ocr_line' id='line_1_44' title="bbox 468 2779 2043 2851; baseline 0.001 -14"><span class='ocrx_word' id='word_1_328' title='bbox 468 2785 787 2837; x_wconf 86' lang='lat' dir='ltr'><strong>nedicentur</strong></span> <span class='ocrx_word' id='word_1_329' title='bbox 811 2782 861 2835; x_wconf 93' lang='lat' dir='ltr'><strong>in</strong></span> <span class='ocrx_word' id='word_1_330' title='bbox 895 2794 944 2835; x_wconf 89' lang='lat' dir='ltr'><strong>te</strong></span> <span class='ocrx_word' id='word_1_331' title='bbox 965 2795 1154 2836; x_wconf 89' lang='lat' dir='ltr'><strong>omnes</strong></span> <span class='ocrx_word' id='word_1_332' title='bbox 1201 2779 1374 2835; x_wconf 88' lang='lat' dir='ltr'><strong>tribus</strong></span> <span class='ocrx_word' id='word_1_333' title='bbox 1403 2788 1564 2835; x_wconf 82' lang='lat' dir='ltr'><strong>teme</strong></span> <span class='ocrx_word' id='word_1_334' title='bbox 1585 2779 1658 2851; x_wconf 60' lang='lat'><strong>‘3;</strong></span> <span class='ocrx_word' id='word_1_335' title='bbox 1687 2800 1706 2832; x_wconf 75' lang='grc' dir='ltr'><strong>ι</strong></span> <span class='ocrx_word' id='word_1_336' title='bbox 1740 2789 1797 2834; x_wconf 89' lang='lat' dir='ltr'><strong>et</strong></span> <span class='ocrx_word' id='word_1_337' title='bbox 1826 2781 2043 2838; x_wconf 83' lang='lat' dir='ltr'><strong>iterum:</strong></span> 
     </span>
    </p>
   </div>
   <div class='ocr_carea' id='block_1_45' title="bbox 479 2873 2043 2944">
    <p class='ocr_par' dir='ltr' id='par_1_45' title="bbox 479 2873 2043 2944">
     <span class='ocr_line' id='line_1_45' title="bbox 479 2873 2043 2944; baseline 0 -16"><span class='ocrx_word' id='word_1_338' title='bbox 479 2895 499 2928; x_wconf 85' lang='grc'><strong>‹</strong></span> <span class='ocrx_word' id='word_1_339' title='bbox 527 2875 679 2942; x_wconf 82' lang='lat' dir='ltr'><strong>Quod</strong></span> <span class='ocrx_word' id='word_1_340' title='bbox 708 2875 923 2930; x_wconf 81' lang='lat' dir='ltr'><strong>futurus</strong></span> <span class='ocrx_word' id='word_1_341' title='bbox 953 2874 1026 2929; x_wconf 92' lang='lat' dir='ltr'><strong>sit</strong></span> <span class='ocrx_word' id='word_1_342' title='bbox 1047 2873 1102 2927; x_wconf 92' lang='lat' dir='ltr'><strong>in</strong></span> <span class='ocrx_word' id='word_1_343' title='bbox 1132 2882 1348 2944; x_wconf 78' lang='lat' dir='ltr'><strong>gentem</strong></span> <span class='ocrx_word' id='word_1_344' title='bbox 1380 2888 1630 2943; x_wconf 78' lang='lat' dir='ltr'><strong>magnam</strong></span> <span class='ocrx_word' id='word_1_345' title='bbox 1659 2883 1714 2927; x_wconf 92' lang='lat' dir='ltr'><strong>et</strong></span> <span class='ocrx_word' id='word_1_346' title='bbox 1744 2873 2043 2938; x_wconf 81' lang='lat' dir='ltr'><strong>robustam,</strong></span> 
     </span>
    </p>
   </div>
   <div class='ocr_carea' id='block_1_46' title="bbox 466 2959 2038 3021">
    <p class='ocr_par' dir='ltr' id='par_1_46' title="bbox 466 2959 2038 3021">
     <span class='ocr_line' id='line_1_46' title="bbox 466 2959 2038 3021; baseline -0.006 0"><span class='ocrx_word' id='word_1_347' title='bbox 466 2977 521 3021; x_wconf 92' lang='lat' dir='ltr'><strong>et</strong></span> <span class='ocrx_word' id='word_1_348' title='bbox 546 2964 924 3020; x_wconf 68' lang='lat' dir='ltr'><strong>benedicendae</strong></span> <span class='ocrx_word' id='word_1_349' title='bbox 952 2963 1060 3018; x_wconf 92' lang='lat' dir='ltr'><strong>sint</strong></span> <span class='ocrx_word' id='word_1_350' title='bbox 1084 2963 1135 3016; x_wconf 91' lang='lat' dir='ltr'><strong>in</strong></span> <span class='ocrx_word' id='word_1_351' title='bbox 1168 2977 1232 3016; x_wconf 92' lang='lat' dir='ltr'><strong>eo</strong></span> <span class='ocrx_word' id='word_1_352' title='bbox 1253 2975 1443 3015; x_wconf 91' lang='lat' dir='ltr'><strong>omnes</strong></span> <span class='ocrx_word' id='word_1_353' title='bbox 1463 2959 1713 3014; x_wconf 91' lang='lat' dir='ltr'><strong>nationes</strong></span> <span class='ocrx_word' id='word_1_354' title='bbox 1740 2970 1900 3015; x_wconf 76' lang='lat' dir='ltr'><strong>terra:</strong></span> <span class='ocrx_word' id='word_1_355' title='bbox 1930 2960 1993 3014; x_wconf 76' lang='grc'>⁸⁸.</span> <span class='ocrx_word' id='word_1_356' title='bbox 2017 2979 2038 3012; x_wconf 70' lang='grc' dir='ltr'><strong>ι</strong></span> 
     </span>
    </p>
   </div>
   <div class='ocr_carea' id='block_1_47' title="bbox 473 3051 2044 3125">
    <p class='ocr_par' dir='ltr' id='par_1_47' title="bbox 473 3051 2044 3125">
     <span class='ocr_line' id='line_1_47' title="bbox 473 3051 2044 3125; baseline -0.001 -16"><span class='ocrx_word' id='word_1_357' title='bbox 473 3055 632 3125; x_wconf 78' lang='lat' dir='ltr'><strong>Quod</strong></span> <span class='ocrx_word' id='word_1_358' title='bbox 686 3056 904 3125; x_wconf 88' lang='lat' dir='ltr'><strong>quidem</strong></span> <span class='ocrx_word' id='word_1_359' title='bbox 963 3054 1016 3108; x_wconf 94' lang='lat' dir='ltr'><strong>in</strong></span> <span class='ocrx_word' id='word_1_360' title='bbox 1047 3054 1202 3108; x_wconf 87' lang='lat' dir='ltr'><strong>nobis</strong></span> <span class='ocrx_word' id='word_1_361' title='bbox 1251 3051 1465 3107; x_wconf 90' lang='lat' dir='ltr'><strong>demum</strong></span> <span class='ocrx_word' id='word_1_362' title='bbox 1512 3053 1838 3122; x_wconf 87' lang='lat' dir='ltr'><strong>completum</strong></span> <span class='ocrx_word' id='word_1_363' title='bbox 1874 3053 2044 3108; x_wconf 76' lang='lat' dir='ltr'><strong>fuisse</strong></span> 
     </span>
    </p>
   </div>
   <div class='ocr_carea' id='block_1_48' title="bbox 465 3143 2109 3244">
    <p class='ocr_par' dir='ltr' id='par_1_48' title="bbox 465 3143 2109 3244">
     <span class='ocr_line' id='line_1_48' title="bbox 465 3143 2109 3244; baseline -0.002 -41"><span class='ocrx_word' id='word_1_364' title='bbox 465 3147 644 3220; x_wconf 84' lang='lat' dir='ltr'><strong>quivis</strong></span> <span class='ocrx_word' id='word_1_365' title='bbox 693 3145 853 3201; x_wconf 78' lang='lat' dir='ltr'><strong>facile</strong></span> <span class='ocrx_word' id='word_1_366' title='bbox 911 3143 1299 3214; x_wconf 89' lang='lat' dir='ltr'><strong>deprehendet.</strong></span> <span class='ocrx_word' id='word_1_367' title='bbox 1341 3143 1555 3198; x_wconf 89' lang='lat' dir='ltr'><strong>Etenim</strong></span> <span class='ocrx_word' id='word_1_368' title='bbox 1615 3143 1705 3244; x_wconf 68' lang='lat' dir='ltr'><strong>ille</strong></span> <span class='ocrx_word' id='word_1_369' title='bbox 1747 3159 1846 3213; x_wconf 89' lang='lat' dir='ltr'><strong>per</strong></span> <span class='ocrx_word' id='word_1_370' title='bbox 1878 3145 2038 3200; x_wconf 84' lang='lat' dir='ltr'><strong>ﬁdem</strong></span> <span class='ocrx_word' id='word_1_371' title='bbox 2067 3185 2109 3244; x_wconf 61' lang='grc' dir='ltr'>Ο</span> 
     </span>
    </p>
   </div>
   <div class='ocr_carea' id='block_1_49' title="bbox 464 3233 2037 3307">
    <p class='ocr_par' dir='ltr' id='par_1_49' title="bbox 464 3233 2037 3307">
     <span class='ocr_line' id='line_1_49' title="bbox 464 3233 2037 3307; baseline -0.003 -12"><span class='ocrx_word' id='word_1_372' title='bbox 464 3240 520 3296; x_wconf 85' lang='lat' dir='ltr'><strong>in</strong></span> <span class='ocrx_word' id='word_1_373' title='bbox 550 3253 673 3293; x_wconf 92' lang='lat' dir='ltr'><strong>eum</strong></span> <span class='ocrx_word' id='word_1_374' title='bbox 723 3236 814 3307; x_wconf 91' lang='lat' dir='ltr'><strong>qui</strong></span> <span class='ocrx_word' id='word_1_375' title='bbox 856 3236 957 3306; x_wconf 92' lang='lat' dir='ltr'><strong>ipsi</strong></span> <span class='ocrx_word' id='word_1_376' title='bbox 999 3245 1331 3306; x_wconf 82' lang='lat' dir='ltr'><strong>apparuerat</strong></span> <span class='ocrx_word' id='word_1_377' title='bbox 1356 3234 1636 3290; x_wconf 86' lang='lat' dir='ltr'><strong>Christum</strong></span> <span class='ocrx_word' id='word_1_378' title='bbox 1666 3233 1904 3291; x_wconf 78' lang='lat' dir='ltr'><strong>Verbum</strong></span> <span class='ocrx_word' id='word_1_379' title='bbox 1944 3237 2037 3291; x_wconf 89' lang='lat' dir='ltr'><strong>Dei</strong></span> 
     </span>
    </p>
   </div>
   <div class='ocr_carea' id='block_1_50' title="bbox 465 3329 2041 3403">
    <p class='ocr_par' dir='ltr' id='par_1_50' title="bbox 465 3329 2041 3403">
     <span class='ocr_line' id='line_1_50' title="bbox 465 3329 2041 3403; baseline -0.004 -13"><span class='ocrx_word' id='word_1_380' title='bbox 465 3335 644 3390; x_wconf 80' lang='lat' dir='ltr'><strong>fuerat</strong></span> <span class='ocrx_word' id='word_1_381' title='bbox 685 3332 1017 3403; x_wconf 77' lang='lat' dir='ltr'><strong>justifieatus</strong></span> <span class='ocrx_word' id='word_1_382' title='bbox 1067 3349 1080 3384; x_wconf 91' lang='lat'>:</span> <span class='ocrx_word' id='word_1_383' title='bbox 1129 3345 1254 3384; x_wconf 91' lang='lat' dir='ltr'><strong>cum</strong></span> <span class='ocrx_word' id='word_1_384' title='bbox 1306 3345 1336 3384; x_wconf 88' lang='lat' dir='ltr'><strong>a</strong></span> <span class='ocrx_word' id='word_1_385' title='bbox 1393 3339 1618 3401; x_wconf 89' lang='lat' dir='ltr'><strong>paterna</strong></span> <span class='ocrx_word' id='word_1_386' title='bbox 1681 3329 1899 3400; x_wconf 90' lang='lat' dir='ltr'><strong>quidem</strong></span> <span class='ocrx_word' id='word_1_387' title='bbox 1947 3345 2041 3384; x_wconf 86' lang='lat' dir='ltr'><strong>su-</strong></span> 
     </span>
    </p>
   </div>
   <div class='ocr_carea' id='block_1_51' title="bbox 465 3419 2038 3494">
    <p class='ocr_par' dir='ltr' id='par_1_51' title="bbox 465 3419 2038 3494">
     <span class='ocr_line' id='line_1_51' title="bbox 465 3419 2038 3494; baseline -0.004 -14"><span class='ocrx_word' id='word_1_388' title='bbox 465 3424 789 3494; x_wconf 73' lang='lat' dir='ltr'><strong>perstitione</strong></span> <span class='ocrx_word' id='word_1_389' title='bbox 847 3432 903 3478; x_wconf 90' lang='lat' dir='ltr'><strong>et</strong></span> <span class='ocrx_word' id='word_1_390' title='bbox 965 3421 1196 3491; x_wconf 89' lang='lat' dir='ltr'><strong>pristino</strong></span> <span class='ocrx_word' id='word_1_391' title='bbox 1257 3435 1448 3475; x_wconf 88' lang='lat' dir='ltr'><strong>errore</strong></span> <span class='ocrx_word' id='word_1_392' title='bbox 1523 3419 1864 3486; x_wconf 74' lang='lat' dir='ltr'><strong>descivisset,</strong></span> <span class='ocrx_word' id='word_1_393' title='bbox 1919 3421 2038 3474; x_wconf 92' lang='lat' dir='ltr'><strong>uni-</strong></span> 
     </span>
    </p>
   </div>
   <div class='ocr_carea' id='block_1_52' title="bbox 464 3511 2039 3572">
    <p class='ocr_par' dir='ltr' id='par_1_52' title="bbox 464 3511 2039 3572">
     <span class='ocr_line' id='line_1_52' title="bbox 464 3511 2039 3572; baseline -0.003 -1"><span class='ocrx_word' id='word_1_394' title='bbox 464 3534 589 3572; x_wconf 88' lang='lat' dir='ltr'><strong>cum</strong></span> <span class='ocrx_word' id='word_1_395' title='bbox 637 3531 767 3571; x_wconf 83' lang='lat' dir='ltr'><strong>vero</strong></span> <span class='ocrx_word' id='word_1_396' title='bbox 820 3514 1215 3569; x_wconf 86' lang='lat' dir='ltr'><strong>moderatorem</strong></span> <span class='ocrx_word' id='word_1_397' title='bbox 1265 3514 1504 3567; x_wconf 90' lang='lat' dir='ltr'><strong>omnium</strong></span> <span class='ocrx_word' id='word_1_398' title='bbox 1553 3513 1718 3568; x_wconf 87' lang='lat' dir='ltr'><strong>Deum</strong></span> <span class='ocrx_word' id='word_1_399' title='bbox 1753 3511 2039 3568; x_wconf 79' lang='lat' dir='ltr'><strong>confessus</strong></span> 
     </span>
    </p>
   </div>
   <div class='ocr_carea' id='block_1_53' title="bbox 464 3605 2039 3677">
    <p class='ocr_par' dir='ltr' id='par_1_53' title="bbox 464 3605 2039 3677">
     <span class='ocr_line' id='line_1_53' title="bbox 464 3605 2039 3677; baseline -0.005 -11"><span class='ocrx_word' id='word_1_400' title='bbox 464 3621 911 3677; x_wconf 64' lang='lat' dir='ltr'><strong>esseut-umque</strong></span> <span class='ocrx_word' id='word_1_401' title='bbox 961 3605 1178 3661; x_wconf 89' lang='lat' dir='ltr'><strong>virtutis</strong></span> <span class='ocrx_word' id='word_1_402' title='bbox 1236 3605 1517 3676; x_wconf 89' lang='lat' dir='ltr'><strong>operibus,</strong></span> <span class='ocrx_word' id='word_1_403' title='bbox 1546 3612 1669 3673; x_wconf 80' lang='lat' dir='ltr'><strong>;non</strong></span> <span class='ocrx_word' id='word_1_404' title='bbox 1725 3615 1904 3661; x_wconf 87' lang='lat' dir='ltr'><strong>autem</strong></span> <span class='ocrx_word' id='word_1_405' title='bbox 1961 3606 2039 3659; x_wconf 89' lang='lat' dir='ltr'><strong>le-</strong></span> 
     </span>
    </p>
   </div>
   <div class='ocr_carea' id='block_1_54' title="bbox 463 3695 2035 3774">
    <p class='ocr_par' dir='ltr' id='par_1_54' title="bbox 463 3695 2035 3774">
     <span class='ocr_line' id='line_1_54' title="bbox 463 3695 2035 3774; baseline -0.003 -20"><span class='ocrx_word' id='word_1_406' title='bbox 463 3706 544 3774; x_wconf 81' lang='lat' dir='ltr'><strong>gis</strong></span> <span class='ocrx_word' id='word_1_407' title='bbox 567 3717 688 3772; x_wconf 80' lang='lat' dir='ltr'><strong>quae</strong></span> <span class='ocrx_word' id='word_1_408' title='bbox 712 3715 741 3753; x_wconf 89' lang='lat' dir='ltr'><strong>a</strong></span> <span class='ocrx_word' id='word_1_409' title='bbox 774 3698 956 3770; x_wconf 80' lang='lat' dir='ltr'><strong>Moyse</strong></span> <span class='ocrx_word' id='word_1_410' title='bbox 989 3704 1179 3767; x_wconf 88' lang='lat' dir='ltr'><strong>postea</strong></span> <span class='ocrx_word' id='word_1_411' title='bbox 1207 3696 1402 3749; x_wconf 87' lang='lat' dir='ltr'><strong>tradita</strong></span> <span class='ocrx_word' id='word_1_412' title='bbox 1432 3705 1516 3750; x_wconf 90' lang='lat' dir='ltr'><strong>est</strong></span> <span class='ocrx_word' id='word_1_413' title='bbox 1558 3695 1898 3750; x_wconf 66' lang='lat' dir='ltr'><strong>catremoniis</strong></span> <span class='ocrx_word' id='word_1_414' title='bbox 1935 3695 2035 3764; x_wconf 80' lang='lat' dir='ltr'><strong>l7</strong></span> 
     </span>
    </p>
   </div>
   <div class='ocr_carea' id='block_1_55' title="bbox 464 3786 2036 3861">
    <p class='ocr_par' dir='ltr' id='par_1_55' title="bbox 464 3786 2036 3861">
     <span class='ocr_line' id='line_1_55' title="bbox 464 3786 2036 3861; baseline -0.006 -12"><span class='ocrx_word' id='word_1_415' title='bbox 464 3795 742 3849; x_wconf 87' lang='lat' dir='ltr'><strong>coluisset.</strong></span> <span class='ocrx_word' id='word_1_416' title='bbox 785 3791 919 3847; x_wconf 88' lang='lat' dir='ltr'><strong>Cum</strong></span> <span class='ocrx_word' id='word_1_417' title='bbox 973 3789 1135 3861; x_wconf 79' lang='lat' dir='ltr'><strong>igitur</strong></span> <span class='ocrx_word' id='word_1_418' title='bbox 1194 3786 1458 3858; x_wconf 84' lang='lat' dir='ltr'><strong>ejusmodi</strong></span> <span class='ocrx_word' id='word_1_419' title='bbox 1512 3795 1676 3852; x_wconf 90' lang='lat' dir='ltr'><strong>esset,</strong></span> <span class='ocrx_word' id='word_1_420' title='bbox 1739 3786 1941 3840; x_wconf 88' lang='lat' dir='ltr'><strong>dictum</strong></span> <span class='ocrx_word' id='word_1_421' title='bbox 1987 3788 2036 3840; x_wconf 91' lang='lat' dir='ltr'><strong>ei</strong></span> 
     </span>
    </p>
   </div>
   <div class='ocr_carea' id='block_1_56' title="bbox 462 3875 2036 3946">
    <p class='ocr_par' dir='ltr' id='par_1_56' title="bbox 462 3875 2036 3946">
     <span class='ocr_line' id='line_1_56' title="bbox 462 3875 2036 3946; baseline -0.006 -6"><span class='ocrx_word' id='word_1_422' title='bbox 462 3885 644 3940; x_wconf 73' lang='lat' dir='ltr'><strong>fuerat</strong></span> <span class='ocrx_word' id='word_1_423' title='bbox 671 3894 860 3936; x_wconf 86' lang='lat' dir='ltr'><strong>omnes</strong></span> <span class='ocrx_word' id='word_1_424' title='bbox 886 3887 1048 3934; x_wconf 70' lang='lat' dir='ltr'><strong>terra:</strong></span> <span class='ocrx_word' id='word_1_425' title='bbox 1073 3877 1248 3932; x_wconf 88' lang='lat' dir='ltr'><strong>tribus</strong></span> <span class='ocrx_word' id='word_1_426' title='bbox 1295 3889 1360 3930; x_wconf 90' lang='lat' dir='ltr'><strong>ac</strong></span> <span class='ocrx_word' id='word_1_427' title='bbox 1404 3875 1655 3930; x_wconf 89' lang='lat' dir='ltr'><strong>nationes</strong></span> <span class='ocrx_word' id='word_1_428' title='bbox 1687 3875 1741 3929; x_wconf 91' lang='lat' dir='ltr'><strong>in</strong></span> <span class='ocrx_word' id='word_1_429' title='bbox 1771 3875 1887 3946; x_wconf 88' lang='lat' dir='ltr'><strong>ipso</strong></span> <span class='ocrx_word' id='word_1_430' title='bbox 1915 3889 2036 3930; x_wconf 89' lang='lat' dir='ltr'><strong>esse</strong></span> 
     </span>
    </p>
   </div>
   <div class='ocr_carea' id='block_1_57' title="bbox 461 3967 2036 4040">
    <p class='ocr_par' dir='ltr' id='par_1_57' title="bbox 461 3967 2036 4040">
     <span class='ocr_line' id='line_1_57' title="bbox 461 3967 2036 4040; baseline -0.008 -6"><span class='ocrx_word' id='word_1_431' title='bbox 461 3973 862 4034; x_wconf 76' lang='lat' dir='ltr'><strong>benediceudas</strong></span> <span class='ocrx_word' id='word_1_432' title='bbox 890 3973 960 4028; x_wconf 79' lang='lat'><strong>’°.</strong></span> <span class='ocrx_word' id='word_1_433' title='bbox 996 3971 1150 4040; x_wconf 90' lang='lat' dir='ltr'><strong>Apud</strong></span> <span class='ocrx_word' id='word_1_434' title='bbox 1181 3969 1327 4025; x_wconf 89' lang='lat' dir='ltr'><strong>solos</strong></span> <span class='ocrx_word' id='word_1_435' title='bbox 1362 3979 1544 4026; x_wconf 85' lang='lat' dir='ltr'><strong>autem</strong></span> <span class='ocrx_word' id='word_1_436' title='bbox 1576 3967 1916 4024; x_wconf 84' lang='lat' dir='ltr'><strong>Christianos</strong></span> <span class='ocrx_word' id='word_1_437' title='bbox 1940 3984 2036 4038; x_wconf 90' lang='lat' dir='ltr'><strong>per</strong></span> 
     </span>
    </p>
   </div>
   <div class='ocr_carea' id='block_1_58' title="bbox 462 4061 2037 4131">
    <p class='ocr_par' dir='ltr' id='par_1_58' title="bbox 462 4061 2037 4131">
     <span class='ocr_line' id='line_1_58' title="bbox 462 4061 2037 4131; baseline -0.005 -7"><span class='ocrx_word' id='word_1_438' title='bbox 462 4069 774 4124; x_wconf 87' lang='lat' dir='ltr'><strong>universum</strong></span> <span class='ocrx_word' id='word_1_439' title='bbox 810 4077 1080 4122; x_wconf 86' lang='lat' dir='ltr'><strong>terrarum</strong></span> <span class='ocrx_word' id='word_1_440' title='bbox 1106 4065 1320 4126; x_wconf 86' lang='lat' dir='ltr'><strong>orbem,</strong></span> <span class='ocrx_word' id='word_1_441' title='bbox 1351 4061 1612 4131; x_wconf 89' lang='lat' dir='ltr'><strong>operibus</strong></span> <span class='ocrx_word' id='word_1_442' title='bbox 1632 4074 1752 4130; x_wconf 76' lang='lat' dir='ltr'><strong>qua:</strong></span> <span class='ocrx_word' id='word_1_443' title='bbox 1784 4074 2037 4116; x_wconf 81' lang='lat' dir='ltr'><strong>sermone</strong></span> 
     </span>
    </p>
   </div>
   <div class='ocr_carea' id='block_1_59' title="bbox 461 4151 2036 4224">
    <p class='ocr_par' dir='ltr' id='par_1_59' title="bbox 461 4151 2036 4224">
     <span class='ocr_line' id='line_1_59' title="bbox 461 4151 2036 4224; baseline -0.006 -9"><span class='ocrx_word' id='word_1_444' title='bbox 461 4163 608 4224; x_wconf 85' lang='lat' dir='ltr'><strong>omni</strong></span> <span class='ocrx_word' id='word_1_445' title='bbox 640 4159 940 4215; x_wconf 81' lang='lat' dir='ltr'><strong>ellicaciora</strong></span> <span class='ocrx_word' id='word_1_446' title='bbox 965 4165 1111 4221; x_wconf 90' lang='lat' dir='ltr'><strong>sunt,</strong></span> <span class='ocrx_word' id='word_1_447' title='bbox 1147 4155 1362 4209; x_wconf 75' lang='lat' dir='ltr'><strong>exculta</strong></span> <span class='ocrx_word' id='word_1_448' title='bbox 1395 4154 1507 4208; x_wconf 65' lang='lat' dir='ltr'><strong>haec</strong></span> <span class='ocrx_word' id='word_1_449' title='bbox 1533 4152 1722 4206; x_wconf 89' lang='lat' dir='ltr'><strong>eadem</strong></span> <span class='ocrx_word' id='word_1_450' title='bbox 1758 4151 2036 4219; x_wconf 83' lang='lat' dir='ltr'><strong>religionis</strong></span> 
     </span>
    </p>
   </div>
   <div class='ocr_carea' id='block_1_60' title="bbox 460 4242 2035 4314">
    <p class='ocr_par' dir='ltr' id='par_1_60' title="bbox 460 4242 2035 4314">
     <span class='ocr_line' id='line_1_60' title="bbox 460 4242 2035 4314; baseline -0.008 -8"><span class='ocrx_word' id='word_1_451' title='bbox 460 4251 844 4308; x_wconf 69' lang='lat' dir='ltr'><strong>Abrahamicze</strong></span> <span class='ocrx_word' id='word_1_452' title='bbox 895 4247 1070 4302; x_wconf 79' lang='lat' dir='ltr'><strong>forma</strong></span> <span class='ocrx_word' id='word_1_453' title='bbox 1119 4245 1410 4314; x_wconf 88' lang='lat' dir='ltr'><strong>reperitur.</strong></span> <span class='ocrx_word' id='word_1_454' title='bbox 1463 4242 1604 4308; x_wconf 80' lang='lat' dir='ltr'><strong>Quid</strong></span> <span class='ocrx_word' id='word_1_455' title='bbox 1644 4256 1772 4311; x_wconf 87' lang='lat' dir='ltr'><strong>ergo</strong></span> <span class='ocrx_word' id='word_1_456' title='bbox 1804 4243 2035 4311; x_wconf 87' lang='lat' dir='ltr'><strong>posthac</strong></span> 
     </span>
    </p>
   </div>
   <div class='ocr_carea' id='block_1_61' title="bbox 461 4331 2033 4407">
    <p class='ocr_par' dir='ltr' id='par_1_61' title="bbox 461 4331 2033 4407">
     <span class='ocr_line' id='line_1_61' title="bbox 461 4331 2033 4407; baseline -0.01 -8"><span class='ocrx_word' id='word_1_457' title='bbox 461 4345 679 4400; x_wconf 88' lang='lat' dir='ltr'><strong>obstare</strong></span> <span class='ocrx_word' id='word_1_458' title='bbox 729 4339 949 4406; x_wconf 83' lang='lat' dir='ltr'><strong>poterit,</strong></span> <span class='ocrx_word' id='word_1_459' title='bbox 1004 4335 1295 4407; x_wconf 83' lang='lat' dir='ltr'><strong>quominus</strong></span> <span class='ocrx_word' id='word_1_460' title='bbox 1343 4347 1504 4386; x_wconf 90' lang='lat' dir='ltr'><strong>unam</strong></span> <span class='ocrx_word' id='word_1_461' title='bbox 1551 4331 1906 4399; x_wconf 87' lang='lat' dir='ltr'><strong>eamdemque</strong></span> <span class='ocrx_word' id='word_1_462' title='bbox 1951 4331 2033 4384; x_wconf 81' lang='lat' dir='ltr'><strong>vi-</strong></span> 
     </span>
    </p>
   </div>
   <div class='ocr_carea' id='block_1_62' title="bbox 458 4422 2032 4498">
    <p class='ocr_par' dir='ltr' id='par_1_62' title="bbox 458 4422 2032 4498">
     <span class='ocr_line' id='line_1_62' title="bbox 458 4422 2032 4498; baseline -0.011 -7"><span class='ocrx_word' id='word_1_463' title='bbox 458 4435 618 4492; x_wconf 80' lang='lat' dir='ltr'><strong>vendi</strong></span> <span class='ocrx_word' id='word_1_464' title='bbox 653 4434 918 4488; x_wconf 90' lang='lat' dir='ltr'><strong>rationem</strong></span> <span class='ocrx_word' id='word_1_465' title='bbox 973 4443 1038 4484; x_wconf 90' lang='lat' dir='ltr'><strong>ac</strong></span> <span class='ocrx_word' id='word_1_466' title='bbox 1078 4427 1416 4498; x_wconf 78' lang='lat' dir='ltr'><strong>religionem,</strong></span> <span class='ocrx_word' id='word_1_467' title='bbox 1469 4439 1590 4479; x_wconf 90' lang='lat' dir='ltr'><strong>cum</strong></span> <span class='ocrx_word' id='word_1_468' title='bbox 1644 4422 1802 4478; x_wconf 91' lang='lat' dir='ltr'><strong>nobis</strong></span> <span class='ocrx_word' id='word_1_469' title='bbox 1854 4422 1949 4490; x_wconf 88' lang='lat' dir='ltr'><strong>qui</strong></span> <span class='ocrx_word' id='word_1_470' title='bbox 2003 4436 2032 4474; x_wconf 89' lang='lat' dir='ltr'><strong>a</strong></span> 
     </span>
    </p>
   </div>
   <div class='ocr_carea' id='block_1_63' title="bbox 2153 1956 3724 2028">
    <p class='ocr_par' dir='ltr' id='par_1_63' title="bbox 2153 1956 3724 2028">
     <span class='ocr_line' id='line_1_63' title="bbox 2153 1956 3724 2028; baseline -0.001 -18"><span class='ocrx_word' id='word_1_471' title='bbox 2153 1956 2454 2027; x_wconf 77' lang='grc' dir='ltr'>φάσκοντος</span> <span class='ocrx_word' id='word_1_472' title='bbox 2520 1956 2713 2024; x_wconf 86' lang='grc' dir='ltr'>λόγου·</span> <span class='ocrx_word' id='word_1_473' title='bbox 2759 1976 2778 2008; x_wconf 86' lang='grc'><em>‹</em></span> <span class='ocrx_word' id='word_1_474' title='bbox 2821 1956 3136 2009; x_wconf 84' lang='grc' dir='ltr'>Ἐπίστευσε</span> <span class='ocrx_word' id='word_1_475' title='bbox 3195 1956 3252 2009; x_wconf 78' lang='grc' dir='ltr'><strong>δὲ</strong></span> <span class='ocrx_word' id='word_1_476' title='bbox 3323 1956 3582 2028; x_wconf 75' lang='grc' dir='ltr'>Ἀϐραὰμ</span> <span class='ocrx_word' id='word_1_477' title='bbox 3644 1957 3724 2028; x_wconf 76' lang='grc' dir='ltr'><strong>τῷ</strong></span> 
     </span>
    </p>
   </div>
   <div class='ocr_carea' id='block_1_64' title="bbox 2149 2047 3718 2121">
    <p class='ocr_par' dir='ltr' id='par_1_64' title="bbox 2149 2047 3718 2121">
     <span class='ocr_line' id='line_1_64' title="bbox 2149 2047 3718 2121; baseline 0 -19"><span class='ocrx_word' id='word_1_478' title='bbox 2149 2048 2288 2119; x_wconf 83' lang='grc' dir='ltr'>Θεῷ,</span> <span class='ocrx_word' id='word_1_479' title='bbox 2323 2049 2414 2102; x_wconf 70' lang='grc' dir='ltr'><strong>καὶ</strong></span> <span class='ocrx_word' id='word_1_480' title='bbox 2439 2048 2688 2120; x_wconf 77' lang='grc' dir='ltr'>ἐλογίσθη</span> <span class='ocrx_word' id='word_1_481' title='bbox 2736 2047 2884 2119; x_wconf 83' lang='grc' dir='ltr'>αύτῷ</span> <span class='ocrx_word' id='word_1_482' title='bbox 2913 2052 2991 2114; x_wconf 83' lang='grc' dir='ltr'><strong>είς</strong></span> <span class='ocrx_word' id='word_1_483' title='bbox 3027 2050 3391 2121; x_wconf 82' lang='grc' dir='ltr'>δικαιοσύνην.</span> <span class='ocrx_word' id='word_1_484' title='bbox 3435 2069 3452 2100; x_wconf 77' lang='grc' dir='ltr'><strong>ι</strong></span> <span class='ocrx_word' id='word_1_485' title='bbox 3499 2050 3607 2102; x_wconf 78' lang='grc' dir='ltr'><strong>Καὶ</strong></span> <span class='ocrx_word' id='word_1_486' title='bbox 3655 2049 3718 2120; x_wconf 83' lang='grc' dir='ltr'>δὴ</span> 
     </span>
    </p>
   </div>
   <div class='ocr_carea' id='block_1_65' title="bbox 2148 2140 3724 2212">
    <p class='ocr_par' dir='ltr' id='par_1_65' title="bbox 2148 2140 3724 2212">
     <span class='ocr_line' id='line_1_65' title="bbox 2148 2140 3724 2212; baseline 0 -19"><span class='ocrx_word' id='word_1_487' title='bbox 2148 2140 2373 2211; x_wconf 78' lang='grc' dir='ltr'>τοιούτῳ</span> <span class='ocrx_word' id='word_1_488' title='bbox 2401 2140 2506 2212; x_wconf 83' lang='grc' dir='ltr'><strong>πρὸ</strong></span> <span class='ocrx_word' id='word_1_489' title='bbox 2544 2141 2644 2211; x_wconf 81' lang='grc' dir='ltr'>τῆς</span> <span class='ocrx_word' id='word_1_490' title='bbox 2691 2141 2996 2212; x_wconf 79' lang='grc' dir='ltr'>περιτομῆς</span> <span class='ocrx_word' id='word_1_491' title='bbox 3046 2143 3289 2209; x_wconf 80' lang='grc' dir='ltr'>γεγονότι</span> <span class='ocrx_word' id='word_1_492' title='bbox 3335 2141 3578 2212; x_wconf 78' lang='grc' dir='ltr'>χρησμὸς</span> <span class='ocrx_word' id='word_1_493' title='bbox 3614 2141 3724 2194; x_wconf 78' lang='grc' dir='ltr'><strong>ὑπὸ</strong></span> 
     </span>
    </p>
   </div>
   <div class='ocr_carea' id='block_1_66' title="bbox 2148 2223 3723 2300">
    <p class='ocr_par' dir='ltr' id='par_1_66' title="bbox 2148 2223 3723 2300">
     <span class='ocr_line' id='line_1_66' title="bbox 2148 2223 3723 2300; baseline 0.001 -19"><span class='ocrx_word' id='word_1_494' title='bbox 2148 2229 2243 2281; x_wconf 89' lang='grc' dir='ltr'><strong>τοῦ</strong></span> <span class='ocrx_word' id='word_1_495' title='bbox 2282 2232 2547 2300; x_wconf 73' lang='grc' dir='ltr'>φήναντος</span> <span class='ocrx_word' id='word_1_496' title='bbox 2572 2229 2759 2282; x_wconf 73' lang='grc' dir='ltr'>ἑαυτὸν</span> <span class='ocrx_word' id='word_1_497' title='bbox 2787 2228 2936 2299; x_wconf 80' lang='grc' dir='ltr'>αὐτῷ</span> <span class='ocrx_word' id='word_1_498' title='bbox 2981 2229 3144 2282; x_wconf 85' lang='grc' dir='ltr'>Θεοῦ·</span> <span class='ocrx_word' id='word_1_499' title='bbox 3176 2223 3329 2293; x_wconf 75' lang='grc' dir='ltr'>οὗτος</span> <span class='ocrx_word' id='word_1_500' title='bbox 3367 2231 3412 2282; x_wconf 75' lang='grc' dir='ltr'>δ’</span> <span class='ocrx_word' id='word_1_501' title='bbox 3460 2226 3525 2300; x_wconf 76' lang='grc' dir='ltr'>ἦν</span> <span class='ocrx_word' id='word_1_502' title='bbox 3558 2230 3723 2293; x_wconf 78' lang='grc' dir='ltr'>αὐτὸς</span> 
     </span>
    </p>
   </div>
   <div class='ocr_carea' id='block_1_67' title="bbox 2148 2320 3724 2392">
    <p class='ocr_par' dir='ltr' id='par_1_67' title="bbox 2148 2320 3724 2392">
     <span class='ocr_line' id='line_1_67' title="bbox 2148 2320 3724 2392; baseline -0.001 -19"><span class='ocrx_word' id='word_1_503' title='bbox 2148 2320 2176 2372; x_wconf 88' lang='grc' dir='ltr'>ὁ</span> <span class='ocrx_word' id='word_1_504' title='bbox 2200 2321 2432 2390; x_wconf 72' lang='grc' dir='ltr'>Χριστὸς</span> <span class='ocrx_word' id='word_1_505' title='bbox 2462 2323 2489 2374; x_wconf 84' lang='grc' dir='ltr'><strong>ὁ</strong></span> <span class='ocrx_word' id='word_1_506' title='bbox 2515 2321 2606 2374; x_wconf 85' lang='grc' dir='ltr'><strong>τοῦ</strong></span> <span class='ocrx_word' id='word_1_507' title='bbox 2638 2320 2772 2374; x_wconf 87' lang='grc' dir='ltr'>Θεοῦ</span> <span class='ocrx_word' id='word_1_508' title='bbox 2802 2321 3004 2390; x_wconf 81' lang='grc' dir='ltr'>Λόγος’</span> <span class='ocrx_word' id='word_1_509' title='bbox 3035 2321 3162 2392; x_wconf 70' lang='grc' dir='ltr'>περὶ</span> <span class='ocrx_word' id='word_1_510' title='bbox 3187 2320 3294 2373; x_wconf 72' lang='grc' dir='ltr'><strong>τῶν</strong></span> <span class='ocrx_word' id='word_1_511' title='bbox 3328 2322 3384 2372; x_wconf 77' lang='grc' dir='ltr'>ἐν</span> <span class='ocrx_word' id='word_1_512' title='bbox 3414 2323 3522 2384; x_wconf 84' lang='grc' dir='ltr'>τοῖς</span> <span class='ocrx_word' id='word_1_513' title='bbox 3587 2334 3724 2387; x_wconf 87' lang='grc' dir='ltr'>μετ-</span> 
     </span>
    </p>
   </div>
   <div class='ocr_carea' id='block_1_68' title="bbox 2159 2410 3723 2486">
    <p class='ocr_par' dir='ltr' id='par_1_68' title="bbox 2159 2410 3723 2486">
     <span class='ocr_line' id='line_1_68' title="bbox 2159 2410 3723 2486; baseline 0.001 -24"><span class='ocrx_word' id='word_1_514' title='bbox 2159 2410 2350 2468; x_wconf 85' lang='grc' dir='ltr'>έπειτα</span> <span class='ocrx_word' id='word_1_515' title='bbox 2369 2413 2577 2486; x_wconf 80' lang='grc' dir='ltr'>χρόνοις</span> <span class='ocrx_word' id='word_1_516' title='bbox 2604 2412 2695 2466; x_wconf 84' lang='grc' dir='ltr'><strong>τὸν</strong></span> <span class='ocrx_word' id='word_1_517' title='bbox 2735 2413 2918 2483; x_wconf 83' lang='grc' dir='ltr'>ὅμοιον</span> <span class='ocrx_word' id='word_1_518' title='bbox 2963 2413 3111 2483; x_wconf 85' lang='grc' dir='ltr'>αύτῴ</span> <span class='ocrx_word' id='word_1_519' title='bbox 3145 2413 3482 2466; x_wconf 78' lang='grc' dir='ltr'>δικαιοῦσθαι</span> <span class='ocrx_word' id='word_1_520' title='bbox 3519 2413 3723 2485; x_wconf 82' lang='grc' dir='ltr'>τρόπον</span> 
     </span>
    </p>
   </div>
   <div class='ocr_carea' id='block_1_69' title="bbox 2153 2504 3718 2575">
    <p class='ocr_par' dir='ltr' id='par_1_69' title="bbox 2153 2504 3718 2575">
     <span class='ocr_line' id='line_1_69' title="bbox 2153 2504 3718 2575; baseline -0.003 -19"><span class='ocrx_word' id='word_1_521' title='bbox 2153 2504 2467 2574; x_wconf 79' lang='grc' dir='ltr'>μελλόντων,</span> <span class='ocrx_word' id='word_1_522' title='bbox 2503 2506 2740 2575; x_wconf 78' lang='grc' dir='ltr'>ῥήμασιν</span> <span class='ocrx_word' id='word_1_523' title='bbox 2786 2505 2970 2568; x_wconf 76' lang='grc' dir='ltr'>αὐτοῖς</span> <span class='ocrx_word' id='word_1_524' title='bbox 3029 2504 3466 2575; x_wconf 80' lang='grc' dir='ltr'>προεπήγγελται</span> <span class='ocrx_word' id='word_1_525' title='bbox 3509 2504 3718 2573; x_wconf 78' lang='grc' dir='ltr'>λέγων·</span> 
     </span>
    </p>
   </div>
   <div class='ocr_carea' id='block_1_70' title="bbox 2157 2597 3722 2669">
    <p class='ocr_par' dir='ltr' id='par_1_70' title="bbox 2157 2597 3722 2669">
     <span class='ocr_line' id='line_1_70' title="bbox 2157 2597 3722 2669; baseline 0.003 -23"><span class='ocrx_word' id='word_1_526' title='bbox 2157 2615 2174 2646; x_wconf 75' lang='grc' dir='ltr'><strong>ι</strong></span> <span class='ocrx_word' id='word_1_527' title='bbox 2215 2597 2321 2650; x_wconf 68' lang='grc' dir='ltr'><strong>Καὶ</strong></span> <span class='ocrx_word' id='word_1_528' title='bbox 2350 2597 2862 2668; x_wconf 72' lang='grc' dir='ltr'>ἐνευλογηθήσονται</span> <span class='ocrx_word' id='word_1_529' title='bbox 2902 2599 2959 2650; x_wconf 83' lang='grc' dir='ltr'>ὲν</span> <span class='ocrx_word' id='word_1_530' title='bbox 2994 2597 3076 2650; x_wconf 74' lang='grc' dir='ltr'><strong>σοὶ</strong></span> <span class='ocrx_word' id='word_1_531' title='bbox 3108 2599 3277 2650; x_wconf 78' lang='grc' dir='ltr'>πᾶσαι</span> <span class='ocrx_word' id='word_1_532' title='bbox 3326 2600 3380 2650; x_wconf 89' lang='grc' dir='ltr'>αἱ</span> <span class='ocrx_word' id='word_1_533' title='bbox 3413 2598 3574 2668; x_wconf 69' lang='grc' dir='ltr'>φυλαὶ</span> <span class='ocrx_word' id='word_1_534' title='bbox 3617 2599 3722 2669; x_wconf 84' lang='grc' dir='ltr'>τῆς</span> 
     </span>
    </p>
   </div>
   <div class='ocr_carea' id='block_1_71' title="bbox 2146 2687 3725 2760">
    <p class='ocr_par' dir='ltr' id='par_1_71' title="bbox 2146 2687 3725 2760">
     <span class='ocr_line' id='line_1_71' title="bbox 2146 2687 3725 2760; baseline 0 -16"><span class='ocrx_word' id='word_1_535' title='bbox 2146 2687 2792 2758; x_wconf 54' lang='grc' dir='ltr'>γῆςΑΚαὶώςῇτιιέσται</span> <span class='ocrx_word' id='word_1_536' title='bbox 2819 2691 2897 2752; x_wconf 79' lang='grc' dir='ltr'>εἰς</span> <span class='ocrx_word' id='word_1_537' title='bbox 2937 2687 3087 2753; x_wconf 77' lang='grc' dir='ltr'>ἔθνος</span> <span class='ocrx_word' id='word_1_538' title='bbox 3125 2691 3266 2760; x_wconf 82' lang='grc' dir='ltr'>μέγα</span> <span class='ocrx_word' id='word_1_539' title='bbox 3309 2691 3402 2742; x_wconf 61' lang='grc' dir='ltr'><strong>καὶ⁵</strong></span> <span class='ocrx_word' id='word_1_540' title='bbox 3431 2689 3582 2743; x_wconf 87' lang='grc' dir='ltr'>πολύ·</span> <span class='ocrx_word' id='word_1_541' title='bbox 3619 2689 3725 2744; x_wconf 76' lang='grc' dir='ltr'>καὶ</span> 
     </span>
    </p>
   </div>
   <div class='ocr_carea' id='block_1_72' title="bbox 2145 2779 3714 2854">
    <p class='ocr_par' dir='ltr' id='par_1_72' title="bbox 2145 2779 3714 2854">
     <span class='ocr_line' id='line_1_72' title="bbox 2145 2779 3714 2854; baseline 0.002 -22"><span class='ocrx_word' id='word_1_542' title='bbox 2145 2779 2656 2852; x_wconf 81' lang='grc' dir='ltr'>ἐνευλογηθήσονται</span> <span class='ocrx_word' id='word_1_543' title='bbox 2689 2783 2747 2834; x_wconf 77' lang='grc' dir='ltr'>ἐν</span> <span class='ocrx_word' id='word_1_544' title='bbox 2777 2781 2925 2852; x_wconf 79' lang='grc' dir='ltr'>αὐτῷ</span> <span class='ocrx_word' id='word_1_545' title='bbox 2954 2781 3130 2836; x_wconf 84' lang='grc' dir='ltr'>πάντα</span> <span class='ocrx_word' id='word_1_546' title='bbox 3166 2783 3232 2834; x_wconf 80' lang='grc' dir='ltr'>τὰ</span> <span class='ocrx_word' id='word_1_547' title='bbox 3254 2781 3378 2852; x_wconf 71' lang='grc' dir='ltr'>ἔθνη</span> <span class='ocrx_word' id='word_1_548' title='bbox 3408 2782 3507 2854; x_wconf 81' lang='grc' dir='ltr'><strong>τῆς</strong></span> <span class='ocrx_word' id='word_1_549' title='bbox 3537 2781 3660 2853; x_wconf 80' lang='grc' dir='ltr'>γῆς.</span> <span class='ocrx_word' id='word_1_550' title='bbox 3691 2801 3714 2835; x_wconf 72' lang='grc' dir='ltr'><strong>ι</strong></span> 
     </span>
    </p>
   </div>
   <div class='ocr_carea' id='block_1_73' title="bbox 2145 2869 3721 2940">
    <p class='ocr_par' dir='ltr' id='par_1_73' title="bbox 2145 2869 3721 2940">
     <span class='ocr_line' id='line_1_73' title="bbox 2145 2869 3721 2940; baseline -0.001 -18"><span class='ocrx_word' id='word_1_551' title='bbox 2145 2869 2331 2940; x_wconf 84' lang='grc' dir='ltr'>Τούτῳ</span> <span class='ocrx_word' id='word_1_552' title='bbox 2355 2870 2409 2923; x_wconf 87' lang='grc' dir='ltr'>δὲ</span> <span class='ocrx_word' id='word_1_553' title='bbox 2438 2871 2531 2923; x_wconf 72' lang='grc' dir='ltr'>καὶ</span> <span class='ocrx_word' id='word_1_554' title='bbox 2582 2870 2872 2940; x_wconf 75' lang='grc' dir='ltr'>ἐπιστῆσαι</span> <span class='ocrx_word' id='word_1_555' title='bbox 2924 2872 3002 2935; x_wconf 84' lang='grc' dir='ltr'>εἰς</span> <span class='ocrx_word' id='word_1_556' title='bbox 3053 2871 3198 2940; x_wconf 77' lang='grc' dir='ltr'>ἡμᾶς</span> <span class='ocrx_word' id='word_1_557' title='bbox 3234 2869 3721 2940; x_wconf 83' lang='grc' dir='ltr'>ὲκπεπληρωμένῳ</span> 
     </span>
    </p>
   </div>
   <div class='ocr_carea' id='block_1_74' title="bbox 2146 2961 3718 3034">
    <p class='ocr_par' dir='ltr' id='par_1_74' title="bbox 2146 2961 3718 3034">
     <span class='ocr_line' id='line_1_74' title="bbox 2146 2961 3718 3034; baseline 0.001 -21"><span class='ocrx_word' id='word_1_558' title='bbox 2146 2962 2398 3033; x_wconf 82' lang='grc' dir='ltr'>πάρεστι.</span> <span class='ocrx_word' id='word_1_559' title='bbox 2435 2963 2622 3016; x_wconf 85' lang='grc' dir='ltr'>Πίστει</span> <span class='ocrx_word' id='word_1_560' title='bbox 2652 2963 2750 3032; x_wconf 84' lang='grc' dir='ltr'><strong>μὲν</strong></span> <span class='ocrx_word' id='word_1_561' title='bbox 2778 2962 2886 3032; x_wconf 78' lang='grc' dir='ltr'>γὰρ</span> <span class='ocrx_word' id='word_1_562' title='bbox 2915 2964 3121 3026; x_wconf 82' lang='grc' dir='ltr'>ἐκεῖνος</span> <span class='ocrx_word' id='word_1_563' title='bbox 3149 2965 3214 3034; x_wconf 82' lang='grc' dir='ltr'>τῇ</span> <span class='ocrx_word' id='word_1_564' title='bbox 3246 2963 3326 3025; x_wconf 84' lang='grc' dir='ltr'>εἰς</span> <span class='ocrx_word' id='word_1_565' title='bbox 3361 2963 3450 3014; x_wconf 86' lang='grc' dir='ltr'><strong>τὸν</strong></span> <span class='ocrx_word' id='word_1_566' title='bbox 3481 2961 3718 3031; x_wconf 71' lang='grc' dir='ltr'>ὀφθέντα</span> 
     </span>
    </p>
   </div>
   <div class='ocr_carea' id='block_1_75' title="bbox 2145 3049 3722 3127">
    <p class='ocr_par' dir='ltr' id='par_1_75' title="bbox 2145 3049 3722 3127">
     <span class='ocr_line' id='line_1_75' title="bbox 2145 3049 3722 3127; baseline 0 -20"><span class='ocrx_word' id='word_1_567' title='bbox 2145 3049 2294 3126; x_wconf 82' lang='grc' dir='ltr'><strong>αύτῴ</strong></span> <span class='ocrx_word' id='word_1_568' title='bbox 2316 3055 2409 3107; x_wconf 81' lang='grc' dir='ltr'><strong>τοῦ</strong></span> <span class='ocrx_word' id='word_1_569' title='bbox 2442 3055 2573 3108; x_wconf 76' lang='grc' dir='ltr'>Θεοῦ</span> <span class='ocrx_word' id='word_1_570' title='bbox 2604 3055 2775 3123; x_wconf 83' lang='grc' dir='ltr'>Λόγον</span> <span class='ocrx_word' id='word_1_571' title='bbox 2801 3055 2891 3108; x_wconf 80' lang='grc' dir='ltr'><strong>τὸν</strong></span> <span class='ocrx_word' id='word_1_572' title='bbox 2932 3056 3165 3127; x_wconf 80' lang='grc' dir='ltr'>Χριστὸν</span> <span class='ocrx_word' id='word_1_573' title='bbox 3202 3054 3561 3119; x_wconf 83' lang='grc' dir='ltr'>ἐδεδικαίωτο,</span> <span class='ocrx_word' id='word_1_574' title='bbox 3612 3072 3722 3107; x_wconf 81' lang='grc' dir='ltr'>πα-</span> 
     </span>
    </p>
   </div>
   <div class='ocr_carea' id='block_1_76' title="bbox 2144 3145 3768 3218">
    <p class='ocr_par' dir='ltr' id='par_1_76' title="bbox 2144 3145 3768 3218">
     <span class='ocr_line' id='line_1_76' title="bbox 2144 3145 3768 3218; baseline -0.001 -19"><span class='ocrx_word' id='word_1_575' title='bbox 2144 3145 2337 3218; x_wconf 77' lang='grc' dir='ltr'>τρῴας·</span> <span class='ocrx_word' id='word_1_576' title='bbox 2370 3147 2467 3216; x_wconf 83' lang='grc' dir='ltr'><strong>μὲν</strong></span> <span class='ocrx_word' id='word_1_577' title='bbox 2498 3147 2739 3211; x_wconf 79' lang='grc' dir='ltr'>ἀποστὰς</span> <span class='ocrx_word' id='word_1_578' title='bbox 2778 3146 3198 3214; x_wconf 85' lang='grc' dir='ltr'>δεισιδαιμονίας</span> <span class='ocrx_word' id='word_1_579' title='bbox 3225 3148 3320 3200; x_wconf 72' lang='grc' dir='ltr'><strong>καὶ</strong></span> <span class='ocrx_word' id='word_1_580' title='bbox 3356 3145 3561 3217; x_wconf 81' lang='grc' dir='ltr'>πλάνης</span> <span class='ocrx_word' id='word_1_581' title='bbox 3601 3145 3720 3216; x_wconf 82' lang='grc' dir='ltr'>βίου</span> <span class='ocrx_word' id='word_1_582' title='bbox 3765 3189 3768 3192; x_wconf 45' lang='grc' dir='ltr'>λ</span> 
     </span>
    </p>
   </div>
   <div class='ocr_carea' id='block_1_77' title="bbox 2145 3235 3718 3310">
    <p class='ocr_par' dir='ltr' id='par_1_77' title="bbox 2145 3235 3718 3310">
     <span class='ocr_line' id='line_1_77' title="bbox 2145 3235 3718 3310; baseline 0.001 -22"><span class='ocrx_word' id='word_1_583' title='bbox 2145 3235 2434 3308; x_wconf 81' lang='grc' dir='ltr'>προτέρας,</span> <span class='ocrx_word' id='word_1_584' title='bbox 2469 3237 2564 3290; x_wconf 69' lang='grc' dir='ltr'><strong>ἕνα</strong></span> <span class='ocrx_word' id='word_1_585' title='bbox 2607 3237 2662 3290; x_wconf 85' lang='grc' dir='ltr'><strong>δὲ</strong></span> <span class='ocrx_word' id='word_1_586' title='bbox 2700 3237 2788 3290; x_wconf 77' lang='grc' dir='ltr'><strong>τὸν</strong></span> <span class='ocrx_word' id='word_1_587' title='bbox 2824 3237 2916 3290; x_wconf 74' lang='grc' dir='ltr'><strong>ἐπὶ</strong></span> <span class='ocrx_word' id='word_1_588' title='bbox 2949 3238 3166 3293; x_wconf 86' lang='grc' dir='ltr'>πάντων</span> <span class='ocrx_word' id='word_1_589' title='bbox 3198 3238 3533 3310; x_wconf 81' lang='grc' dir='ltr'>ὁμολογήσας</span> <span class='ocrx_word' id='word_1_590' title='bbox 3561 3239 3718 3301; x_wconf 77' lang='grc' dir='ltr'>Θεὸν,</span> 
     </span>
    </p>
   </div>
   <div class='ocr_carea' id='block_1_78' title="bbox 2143 3326 3720 3401">
    <p class='ocr_par' dir='ltr' id='par_1_78' title="bbox 2143 3326 3720 3401">
     <span class='ocr_line' id='line_1_78' title="bbox 2143 3326 3720 3401; baseline 0.003 -23"><span class='ocrx_word' id='word_1_591' title='bbox 2143 3327 2234 3378; x_wconf 77' lang='grc' dir='ltr'><strong>καὶ</strong></span> <span class='ocrx_word' id='word_1_592' title='bbox 2259 3326 2444 3379; x_wconf 86' lang='grc' dir='ltr'>τοῦτον</span> <span class='ocrx_word' id='word_1_593' title='bbox 2474 3327 2653 3399; x_wconf 74' lang='grc' dir='ltr'>ἔργοις</span> <span class='ocrx_word' id='word_1_594' title='bbox 2674 3329 2891 3400; x_wconf 83' lang='grc' dir='ltr'>ἀρετῆς,</span> <span class='ocrx_word' id='word_1_595' title='bbox 2917 3330 3036 3398; x_wconf 76' lang='grc' dir='ltr'><strong>ούχὶ</strong></span> <span class='ocrx_word' id='word_1_596' title='bbox 3065 3329 3122 3382; x_wconf 84' lang='grc' dir='ltr'>δὲ</span> <span class='ocrx_word' id='word_1_597' title='bbox 3153 3329 3415 3401; x_wconf 72' lang='grc' dir='ltr'>θρησκεία</span> <span class='ocrx_word' id='word_1_598' title='bbox 3437 3330 3597 3400; x_wconf 86' lang='grc' dir='ltr'>νόμου</span> <span class='ocrx_word' id='word_1_599' title='bbox 3621 3329 3720 3383; x_wconf 85' lang='grc' dir='ltr'><strong>τοῦ</strong></span> 
     </span>
    </p>
   </div>
   <div class='ocr_carea' id='block_1_79' title="bbox 2147 3418 3717 3494">
    <p class='ocr_par' dir='ltr' id='par_1_79' title="bbox 2147 3418 3717 3494">
     <span class='ocr_line' id='line_1_79' title="bbox 2147 3418 3717 3494; baseline 0.004 -24"><span class='ocrx_word' id='word_1_600' title='bbox 2147 3418 2284 3487; x_wconf 73' lang='grc' dir='ltr'>μετὰ</span> <span class='ocrx_word' id='word_1_601' title='bbox 2317 3418 2486 3472; x_wconf 83' lang='grc' dir='ltr'>ταῦτα</span> <span class='ocrx_word' id='word_1_602' title='bbox 2511 3421 2787 3483; x_wconf 80' lang='grc' dir='ltr'>Μωῦσέως</span> <span class='ocrx_word' id='word_1_603' title='bbox 2822 3420 3185 3492; x_wconf 83' lang='grc' dir='ltr'>θεραπεύσας.</span> <span class='ocrx_word' id='word_1_604' title='bbox 3217 3422 3454 3494; x_wconf 84' lang='grc' dir='ltr'>Τοιούτῳ</span> <span class='ocrx_word' id='word_1_605' title='bbox 3498 3441 3558 3476; x_wconf 91' lang='grc' dir='ltr'><strong>τε</strong></span> <span class='ocrx_word' id='word_1_606' title='bbox 3602 3424 3717 3478; x_wconf 79' lang='grc' dir='ltr'>όντι</span> 
     </span>
    </p>
   </div>
   <div class='ocr_carea' id='block_1_80' title="bbox 2142 3509 3716 3584">
    <p class='ocr_par' dir='ltr' id='par_1_80' title="bbox 2142 3509 3716 3584">
     <span class='ocr_line' id='line_1_80' title="bbox 2142 3509 3716 3584; baseline 0.006 -24"><span class='ocrx_word' id='word_1_607' title='bbox 2142 3509 2345 3580; x_wconf 78' lang='grc' dir='ltr'>εἴρητο,</span> <span class='ocrx_word' id='word_1_608' title='bbox 2371 3511 2452 3564; x_wconf 82' lang='grc' dir='ltr'>ὅτι</span> <span class='ocrx_word' id='word_1_609' title='bbox 2473 3511 2535 3582; x_wconf 81' lang='grc' dir='ltr'>δὴ</span> <span class='ocrx_word' id='word_1_610' title='bbox 2559 3513 2729 3565; x_wconf 74' lang='grc' dir='ltr'>πᾶσαι</span> <span class='ocrx_word' id='word_1_611' title='bbox 2761 3514 2816 3565; x_wconf 84' lang='lat' dir='ltr'><strong>oti.</strong></span> <span class='ocrx_word' id='word_1_612' title='bbox 2843 3513 3008 3582; x_wconf 74' lang='grc' dir='ltr'>φυλαὶ</span> <span class='ocrx_word' id='word_1_613' title='bbox 3035 3513 3135 3583; x_wconf 82' lang='grc' dir='ltr'>τῆς</span> <span class='ocrx_word' id='word_1_614' title='bbox 3157 3515 3259 3584; x_wconf 87' lang='grc' dir='ltr'><strong>γῆς</strong></span> <span class='ocrx_word' id='word_1_615' title='bbox 3296 3517 3390 3568; x_wconf 71' lang='grc' dir='ltr'><strong>καὶ</strong></span> <span class='ocrx_word' id='word_1_616' title='bbox 3419 3515 3596 3569; x_wconf 80' lang='grc' dir='ltr'>πάντα</span> <span class='ocrx_word' id='word_1_617' title='bbox 3642 3517 3716 3569; x_wconf 79' lang='grc' dir='ltr'>τὰ</span> 
     </span>
    </p>
   </div>
   <div class='ocr_carea' id='block_1_81' title="bbox 2142 3599 3720 3680">
    <p class='ocr_par' dir='ltr' id='par_1_81' title="bbox 2142 3599 3720 3680">
     <span class='ocr_line' id='line_1_81' title="bbox 2142 3599 3720 3680; baseline 0.006 -27"><span class='ocrx_word' id='word_1_618' title='bbox 2142 3599 2267 3673; x_wconf 78' lang='grc' dir='ltr'>ἔθνη</span> <span class='ocrx_word' id='word_1_619' title='bbox 2300 3603 2357 3654; x_wconf 84' lang='grc' dir='ltr'><strong>ἐν</strong></span> <span class='ocrx_word' id='word_1_620' title='bbox 2385 3603 2533 3674; x_wconf 80' lang='grc' dir='ltr'>αύτῷ</span> <span class='ocrx_word' id='word_1_621' title='bbox 2559 3604 3036 3676; x_wconf 76' lang='grc' dir='ltr'>εὐλογηθήσονται.</span> <span class='ocrx_word' id='word_1_622' title='bbox 3055 3607 3279 3678; x_wconf 85' lang='grc' dir='ltr'>Ἔργοις</span> <span class='ocrx_word' id='word_1_623' title='bbox 3305 3606 3360 3660; x_wconf 82' lang='grc' dir='ltr'>δὲ</span> <span class='ocrx_word' id='word_1_624' title='bbox 3377 3607 3548 3677; x_wconf 87' lang='grc' dir='ltr'>λόγων</span> <span class='ocrx_word' id='word_1_625' title='bbox 3564 3611 3720 3680; x_wconf 81' lang='grc' dir='ltr'>ἐναρ-</span> 
     </span>
    </p>
   </div>
   <div class='ocr_carea' id='block_1_82' title="bbox 2141 3692 3714 3769">
    <p class='ocr_par' dir='ltr' id='par_1_82' title="bbox 2141 3692 3714 3769">
     <span class='ocr_line' id='line_1_82' title="bbox 2141 3692 3714 3769; baseline 0.006 -26"><span class='ocrx_word' id='word_1_626' title='bbox 2141 3692 2419 3762; x_wconf 82' lang='grc' dir='ltr'>γεστέροις</span> <span class='ocrx_word' id='word_1_627' title='bbox 2438 3693 2532 3746; x_wconf 68' lang='grc' dir='ltr'>ἐπὶ</span> <span class='ocrx_word' id='word_1_628' title='bbox 2564 3694 2657 3746; x_wconf 84' lang='grc' dir='ltr'><strong>τοῦ</strong></span> <span class='ocrx_word' id='word_1_629' title='bbox 2692 3696 2959 3767; x_wconf 87' lang='grc' dir='ltr'>παρόντος</span> <span class='ocrx_word' id='word_1_630' title='bbox 2985 3697 3139 3769; x_wconf 83' lang='grc' dir='ltr'>παρὰ</span> <span class='ocrx_word' id='word_1_631' title='bbox 3173 3699 3353 3767; x_wconf 80' lang='grc' dir='ltr'>μόνοις</span> <span class='ocrx_word' id='word_1_632' title='bbox 3373 3700 3714 3769; x_wconf 86' lang='grc' dir='ltr'>Χριστιανοῖς</span> 
     </span>
    </p>
   </div>
   <div class='ocr_carea' id='block_1_83' title="bbox 2140 3784 3716 3861">
    <p class='ocr_par' dir='ltr' id='par_1_83' title="bbox 2140 3784 3716 3861">
     <span class='ocr_line' id='line_1_83' title="bbox 2140 3784 3716 3861; baseline 0.005 -23"><span class='ocrx_word' id='word_1_633' title='bbox 2140 3784 2260 3838; x_wconf 80' lang='grc' dir='ltr'>καθ’</span> <span class='ocrx_word' id='word_1_634' title='bbox 2296 3785 2423 3856; x_wconf 83' lang='grc' dir='ltr'>ὅλης</span> <span class='ocrx_word' id='word_1_635' title='bbox 2459 3787 2556 3858; x_wconf 83' lang='grc' dir='ltr'>τῆς</span> <span class='ocrx_word' id='word_1_636' title='bbox 2587 3785 2908 3860; x_wconf 82' lang='grc' dir='ltr'>οίκουμένης</span> <span class='ocrx_word' id='word_1_637' title='bbox 2952 3789 3286 3861; x_wconf 81' lang='grc' dir='ltr'>ἀσκούμενος</span> <span class='ocrx_word' id='word_1_638' title='bbox 3320 3792 3481 3855; x_wconf 85' lang='grc' dir='ltr'>αὐτὸς</span> <span class='ocrx_word' id='word_1_639' title='bbox 3511 3794 3716 3857; x_wconf 76' lang='grc' dir='ltr'>ἐκεῖνος</span> 
     </span>
    </p>
   </div>
   <div class='ocr_carea' id='block_1_84' title="bbox 2138 3876 3715 3955">
    <p class='ocr_par' dir='ltr' id='par_1_84' title="bbox 2138 3876 3715 3955">
     <span class='ocr_line' id='line_1_84' title="bbox 2138 3876 3715 3955; baseline 0.006 -27"><span class='ocrx_word' id='word_1_640' title='bbox 2138 3877 2167 3927; x_wconf 88' lang='grc' dir='ltr'><strong>ὁ</strong></span> <span class='ocrx_word' id='word_1_641' title='bbox 2194 3876 2292 3947; x_wconf 85' lang='grc' dir='ltr'><strong>τῆς</strong></span> <span class='ocrx_word' id='word_1_642' title='bbox 2318 3876 2628 3942; x_wconf 83' lang='grc' dir='ltr'>θεοσεϐείας</span> <span class='ocrx_word' id='word_1_643' title='bbox 2652 3878 2745 3932; x_wconf 90' lang='grc' dir='ltr'><strong>τοῦ</strong></span> <span class='ocrx_word' id='word_1_644' title='bbox 2781 3879 3023 3952; x_wconf 84' lang='grc' dir='ltr'>Ἀϐραὰμ</span> <span class='ocrx_word' id='word_1_645' title='bbox 3058 3882 3371 3954; x_wconf 73' lang='grc' dir='ltr'>ἀναπέφηνε</span> <span class='ocrx_word' id='word_1_646' title='bbox 3401 3885 3616 3955; x_wconf 87' lang='grc' dir='ltr'>τρόπος.</span> <span class='ocrx_word' id='word_1_647' title='bbox 3649 3884 3715 3937; x_wconf 87' lang='grc' dir='ltr'><strong>Τί</strong></span> 
     </span>
    </p>
   </div>
   <div class='ocr_carea' id='block_1_85' title="bbox 2137 3966 3715 4048">
    <p class='ocr_par' dir='ltr' id='par_1_85' title="bbox 2137 3966 3715 4048">
     <span class='ocr_line' id='line_1_85' title="bbox 2137 3966 3715 4048; baseline 0.007 -27"><span class='ocrx_word' id='word_1_648' title='bbox 2137 3968 2200 4038; x_wconf 76' lang='grc' dir='ltr'>δὴ</span> <span class='ocrx_word' id='word_1_649' title='bbox 2229 3966 2320 4023; x_wconf 83' lang='grc' dir='ltr'><strong>οῦν</strong></span> <span class='ocrx_word' id='word_1_650' title='bbox 2349 3969 2532 4024; x_wconf 74' lang='grc' dir='ltr'>λοιπὸν</span> <span class='ocrx_word' id='word_1_651' title='bbox 2560 3971 2809 4043; x_wconf 80' lang='grc' dir='ltr'>ἐμποδὼν</span> <span class='ocrx_word' id='word_1_652' title='bbox 2844 3973 2910 4027; x_wconf 83' lang='grc' dir='ltr'><strong>ἂν</strong></span> <span class='ocrx_word' id='word_1_653' title='bbox 2936 3974 3043 4046; x_wconf 74' lang='grc' dir='ltr'>εἴη,</span> <span class='ocrx_word' id='word_1_654' title='bbox 3083 3976 3157 4048; x_wconf 83' lang='grc' dir='ltr'>μὴ</span> <span class='ocrx_word' id='word_1_655' title='bbox 3189 3977 3309 4046; x_wconf 67' lang='grc' dir='ltr'>οὐχὶ</span> <span class='ocrx_word' id='word_1_656' title='bbox 3345 3978 3441 4031; x_wconf 76' lang='grc' dir='ltr'><strong>ἕνα</strong></span> <span class='ocrx_word' id='word_1_657' title='bbox 3482 3979 3575 4031; x_wconf 75' lang='grc' dir='ltr'>καὶ</span> <span class='ocrx_word' id='word_1_658' title='bbox 3622 3978 3715 4032; x_wconf 85' lang='grc' dir='ltr'><strong>τὸν</strong></span> 
     </span>
    </p>
   </div>
   <div class='ocr_carea' id='block_1_86' title="bbox 2138 4056 3713 4136">
    <p class='ocr_par' dir='ltr' id='par_1_86' title="bbox 2138 4056 3713 4136">
     <span class='ocr_line' id='line_1_86' title="bbox 2138 4056 3713 4136; baseline 0.009 -28"><span class='ocrx_word' id='word_1_659' title='bbox 2138 4056 2300 4109; x_wconf 82' lang='grc' dir='ltr'>αὑτὸν</span> <span class='ocrx_word' id='word_1_660' title='bbox 2330 4058 2442 4128; x_wconf 80' lang='grc' dir='ltr'>βίον</span> <span class='ocrx_word' id='word_1_661' title='bbox 2481 4077 2538 4112; x_wconf 87' lang='grc' dir='ltr'><strong>τε</strong></span> <span class='ocrx_word' id='word_1_662' title='bbox 2564 4062 2656 4114; x_wconf 76' lang='grc' dir='ltr'><strong>καὶ</strong></span> <span class='ocrx_word' id='word_1_663' title='bbox 2679 4061 2876 4132; x_wconf 90' lang='grc' dir='ltr'>τρόπον</span> <span class='ocrx_word' id='word_1_664' title='bbox 2896 4064 3195 4130; x_wconf 80' lang='grc' dir='ltr'>εὐσεϐείας,</span> <span class='ocrx_word' id='word_1_665' title='bbox 3219 4067 3350 4136; x_wconf 76' lang='grc' dir='ltr'>ἡμῖν</span> <span class='ocrx_word' id='word_1_666' title='bbox 3377 4085 3435 4120; x_wconf 89' lang='grc' dir='ltr'><strong>τε</strong></span> <span class='ocrx_word' id='word_1_667' title='bbox 3469 4071 3580 4130; x_wconf 84' lang='grc' dir='ltr'>τοῖς</span> <span class='ocrx_word' id='word_1_668' title='bbox 3603 4070 3713 4122; x_wconf 82' lang='grc' dir='ltr'>ἀπὸ</span> 
     </span>
    </p>
   </div>
   <div class='ocr_carea' id='block_1_87' title="bbox 2138 4150 3711 4227">
    <p class='ocr_par' dir='ltr' id='par_1_87' title="bbox 2138 4150 3711 4227">
     <span class='ocr_line' id='line_1_87' title="bbox 2138 4150 3711 4227; baseline 0.006 -26"><span class='ocrx_word' id='word_1_669' title='bbox 2138 4150 2375 4219; x_wconf 84' lang='grc' dir='ltr'>Χριστοῦ</span> <span class='ocrx_word' id='word_1_670' title='bbox 2419 4151 2512 4204; x_wconf 76' lang='grc' dir='ltr'><strong>καὶ</strong></span> <span class='ocrx_word' id='word_1_671' title='bbox 2563 4155 2675 4214; x_wconf 89' lang='grc' dir='ltr'>τοῖς</span> <span class='ocrx_word' id='word_1_672' title='bbox 2731 4153 3006 4222; x_wconf 86' lang='grc' dir='ltr'>πρόπαλαι</span> <span class='ocrx_word' id='word_1_673' title='bbox 3047 4153 3351 4225; x_wconf 79' lang='grc' dir='ltr'>θεοφιλέσιν</span> <span class='ocrx_word' id='word_1_674' title='bbox 3395 4157 3711 4227; x_wconf 79' lang='grc' dir='ltr'>ὁμολογεῖν;</span> 
     </span>
    </p>
   </div>
   <div class='ocr_carea' id='block_1_88' title="bbox 2139 4242 3712 4319">
    <p class='ocr_par' dir='ltr' id='par_1_88' title="bbox 2139 4242 3712 4319">
     <span class='ocr_line' id='line_1_88' title="bbox 2139 4242 3712 4319; baseline 0.004 -25"><span class='ocrx_word' id='word_1_675' title='bbox 2139 4242 2279 4296; x_wconf 75' lang='grc' dir='ltr'>ὥστε</span> <span class='ocrx_word' id='word_1_676' title='bbox 2341 4248 2414 4315; x_wconf 83' lang='grc' dir='ltr'>μὴ</span> <span class='ocrx_word' id='word_1_677' title='bbox 2463 4243 2589 4295; x_wconf 86' lang='grc' dir='ltr'>νέαν</span> <span class='ocrx_word' id='word_1_678' title='bbox 2631 4244 2724 4296; x_wconf 68' lang='grc' dir='ltr'><strong>καὶ</strong></span> <span class='ocrx_word' id='word_1_679' title='bbox 2777 4244 2956 4315; x_wconf 82' lang='grc' dir='ltr'>ξένην,</span> <span class='ocrx_word' id='word_1_680' title='bbox 2985 4246 3195 4312; x_wconf 82' lang='grc' dir='ltr'>ἁλλ’,εί</span> <span class='ocrx_word' id='word_1_681' title='bbox 3225 4249 3304 4300; x_wconf 86' lang='grc' dir='ltr'>δεῖ</span> <span class='ocrx_word' id='word_1_682' title='bbox 3355 4249 3522 4316; x_wconf 80' lang='grc' dir='ltr'>φάναι</span> <span class='ocrx_word' id='word_1_683' title='bbox 3577 4249 3712 4319; x_wconf 77' lang='grc' dir='ltr'>ἀλη-</span> 
     </span>
    </p>
   </div>
   <div class='ocr_carea' id='block_1_89' title="bbox 2139 4333 3716 4411">
    <p class='ocr_par' dir='ltr' id='par_1_89' title="bbox 2139 4333 3716 4411">
     <span class='ocr_line' id='line_1_89' title="bbox 2139 4333 3716 4411; baseline 0.005 -25"><span class='ocrx_word' id='word_1_684' title='bbox 2139 4335 2382 4398; x_wconf 84' lang='grc' dir='ltr'>θεύοντα,</span> <span class='ocrx_word' id='word_1_685' title='bbox 2405 4333 2625 4405; x_wconf 82' lang='grc' dir='ltr'>πρώτην</span> <span class='ocrx_word' id='word_1_686' title='bbox 2651 4335 2913 4406; x_wconf 82' lang='grc' dir='ltr'>ὑπάρχειν</span> <span class='ocrx_word' id='word_1_687' title='bbox 2939 4339 3031 4391; x_wconf 73' lang='grc' dir='ltr'><strong>καὶ</strong></span> <span class='ocrx_word' id='word_1_688' title='bbox 3055 4339 3222 4410; x_wconf 78' lang='grc' dir='ltr'>μόνην</span> <span class='ocrx_word' id='word_1_689' title='bbox 3249 4340 3341 4392; x_wconf 74' lang='grc' dir='ltr'><strong>καὶ</strong></span> <span class='ocrx_word' id='word_1_690' title='bbox 3377 4340 3550 4411; x_wconf 77' lang='grc' dir='ltr'>ἁληθῆ</span> <span class='ocrx_word' id='word_1_691' title='bbox 3579 4358 3716 4394; x_wconf 81' lang='grc' dir='ltr'>κατ-</span> 
     </span>
    </p>
   </div>
   <div class='ocr_carea' id='block_1_90' title="bbox 2137 4423 3718 4502">
    <p class='ocr_par' dir='ltr' id='par_1_90' title="bbox 2137 4423 3718 4502">
     <span class='ocr_line' id='line_1_90' title="bbox 2137 4423 3718 4502; baseline 0.005 -26"><span class='ocrx_word' id='word_1_692' title='bbox 2137 4423 2365 4494; x_wconf 80' lang='grc' dir='ltr'>όρθωσιν</span> <span class='ocrx_word' id='word_1_693' title='bbox 2423 4425 2724 4488; x_wconf 81' lang='grc' dir='ltr'>εὐσεϐείας,</span> <span class='ocrx_word' id='word_1_694' title='bbox 2755 4425 2854 4498; x_wconf 80' lang='grc' dir='ltr'>τὴν</span> <span class='ocrx_word' id='word_1_695' title='bbox 2892 4429 2980 4483; x_wconf 78' lang='grc' dir='ltr'><strong>διὰ</strong></span> <span class='ocrx_word' id='word_1_696' title='bbox 3011 4433 3107 4500; x_wconf 79' lang='grc' dir='ltr'>τῆς</span> <span class='ocrx_word' id='word_1_697' title='bbox 3137 4431 3230 4483; x_wconf 86' lang='grc' dir='ltr'><strong>τοῦ</strong></span> <span class='ocrx_word' id='word_1_698' title='bbox 3285 4431 3520 4502; x_wconf 80' lang='grc' dir='ltr'>Χριστοῦ</span> <span class='ocrx_word' id='word_1_699' title='bbox 3570 4431 3718 4484; x_wconf 83' lang='grc' dir='ltr'>διδα-</span> 
     </span>
    </p>
   </div>
   <div class='ocr_carea' id='block_1_91' title="bbox 461 4513 2045 4592">
    <p class='ocr_par' dir='ltr' id='par_1_91' title="bbox 461 4513 2031 4592">
     <span class='ocr_line' id='line_1_91' title="bbox 461 4513 2031 4592; baseline -0.01 -9"><span class='ocrx_word' id='word_1_700' title='bbox 461 4528 677 4583; x_wconf 86' lang='lat' dir='ltr'><strong>Christo</strong></span> <span class='ocrx_word' id='word_1_701' title='bbox 705 4530 1121 4592; x_wconf 78' lang='lat' dir='ltr'><strong>cognomentum</strong></span> <span class='ocrx_word' id='word_1_702' title='bbox 1159 4516 1444 4581; x_wconf 79' lang='lat' dir='ltr'><strong>traximus,</strong></span> <span class='ocrx_word' id='word_1_703' title='bbox 1490 4526 1600 4568; x_wconf 91' lang='lat' dir='ltr'><strong>tum</strong></span> <span class='ocrx_word' id='word_1_704' title='bbox 1642 4513 2031 4568; x_wconf 75' lang='lat' dir='ltr'><strong>vetustissimis</strong></span> 
     </span>
    </p>
   </div>
   <div class='ocr_carea' id='block_1_92' title="bbox 2147 4513 3714 4592">
    <p class='ocr_par' dir='ltr' id='par_1_92' title="bbox 2147 4515 3714 4588">
     <span class='ocr_line' id='line_1_92' title="bbox 2147 4515 3714 4588; baseline 0.006 -22"><span class='ocrx_word' id='word_1_705' title='bbox 2147 4515 2360 4577; x_wconf 71' lang='grc' dir='ltr'>πκαλίας</span> <span class='ocrx_word' id='word_1_706' title='bbox 2393 4515 2787 4587; x_wconf 83' lang='grc' dir='ltr'>παραδοθεῖσαν</span> <span class='ocrx_word' id='word_1_707' title='bbox 2807 4519 2937 4588; x_wconf 76' lang='grc' dir='ltr'>ἡμῖν</span> <span class='ocrx_word' id='word_1_708' title='bbox 2963 4520 3391 4576; x_wconf 82' lang='grc' dir='ltr'>ἀποδείκνυσθαι.</span> <span class='ocrx_word' id='word_1_709' title='bbox 3415 4522 3523 4576; x_wconf 83' lang='grc' dir='ltr'><strong>Καὶ</strong></span> <span class='ocrx_word' id='word_1_710' title='bbox 3539 4522 3714 4576; x_wconf 83' lang='grc' dir='ltr'>ταῦτα</span> 
     </span>
    </p>
   </div>
   <div class='ocr_carea' id='block_1_93' title="bbox 461 4604 2016 4684">
    <p class='ocr_par' dir='ltr' id='par_1_93' title="bbox 461 4604 2016 4684">
     <span class='ocr_line' id='line_1_93' title="bbox 461 4604 2016 4684; baseline -0.012 -9"><span class='ocrx_word' id='word_1_711' title='bbox 461 4621 566 4675; x_wconf 88' lang='lat' dir='ltr'><strong>illis</strong></span> <span class='ocrx_word' id='word_1_712' title='bbox 591 4619 700 4672; x_wconf 86' lang='lat' dir='ltr'><strong>Deo</strong></span> <span class='ocrx_word' id='word_1_713' title='bbox 726 4613 992 4684; x_wconf 87' lang='lat' dir='ltr'><strong>imprimis</strong></span> <span class='ocrx_word' id='word_1_714' title='bbox 1026 4609 1264 4680; x_wconf 87' lang='lat' dir='ltr'><strong>acceptis</strong></span> <span class='ocrx_word' id='word_1_715' title='bbox 1295 4607 1612 4662; x_wconf 87' lang='lat' dir='ltr'><strong>hominibus</strong></span> <span class='ocrx_word' id='word_1_716' title='bbox 1643 4605 1812 4659; x_wconf 73' lang='lat' dir='ltr'><strong>fuisse</strong></span> <span class='ocrx_word' id='word_1_717' title='bbox 1851 4604 2016 4658; x_wconf 78' lang='lat' dir='ltr'><strong>fatea-</strong></span> 
     </span>
    </p>
   </div>
   <div class='ocr_carea' id='block_1_94' title="bbox 2132 4601 2587 4677">
    <p class='ocr_par' dir='ltr' id='par_1_94' title="bbox 2132 4601 2587 4677">
     <span class='ocr_line' id='line_1_94' title="bbox 2132 4601 2587 4677; baseline 0.013 -21"><span class='ocrx_word' id='word_1_718' title='bbox 2132 4605 2230 4676; x_wconf 76' lang='grc' dir='ltr'>μὲν</span> <span class='ocrx_word' id='word_1_719' title='bbox 2262 4601 2362 4659; x_wconf 84' lang='grc' dir='ltr'>ὧδε</span> <span class='ocrx_word' id='word_1_720' title='bbox 2396 4609 2587 4677; x_wconf 75' lang='grc' dir='ltr'>ἐχέτω.</span> 
     </span>
    </p>
   </div>
   <div class='ocr_carea' id='block_1_95' title="bbox 463 4699 3716 4780">
    <p class='ocr_par' dir='ltr' id='par_1_95' title="bbox 463 4699 3716 4780">
     <span class='ocr_line' id='line_1_95' title="bbox 463 4699 3716 4780; baseline -0.004 -10"><span class='ocrx_word' id='word_1_721' title='bbox 463 4731 602 4770; x_wconf 87' lang='lat' dir='ltr'><strong>mur.</strong></span> <span class='ocrx_word' id='word_1_722' title='bbox 634 4710 867 4768; x_wconf 79' lang='lat' dir='ltr'><strong>Proinde</strong></span> <span class='ocrx_word' id='word_1_723' title='bbox 887 4705 1184 4780; x_wconf 78' lang='lat' dir='ltr'><strong>perfectam</strong></span> <span class='ocrx_word' id='word_1_724' title='bbox 1210 4703 1358 4758; x_wconf 87' lang='lat' dir='ltr'><strong>illam</strong></span> <span class='ocrx_word' id='word_1_725' title='bbox 1391 4702 1706 4770; x_wconf 80' lang='lat' dir='ltr'><strong>religionem</strong></span> <span class='ocrx_word' id='word_1_726' title='bbox 1729 4715 1850 4769; x_wconf 65' lang='lat' dir='ltr'><strong>quae</strong></span> <span class='ocrx_word' id='word_1_727' title='bbox 1903 4699 2110 4753; x_wconf 85' lang='lat' dir='ltr'><strong>Christi</strong></span> <span class='ocrx_word' id='word_1_728' title='bbox 2166 4702 2546 4770; x_wconf 67' lang='lat' dir='ltr'><strong>praedicatione</strong></span> <span class='ocrx_word' id='word_1_729' title='bbox 2600 4702 2756 4759; x_wconf 82' lang='lat' dir='ltr'><strong>nobis</strong></span> <span class='ocrx_word' id='word_1_730' title='bbox 2808 4705 3004 4760; x_wconf 85' lang='lat' dir='ltr'><strong>tradita</strong></span> <span class='ocrx_word' id='word_1_731' title='bbox 3060 4712 3141 4761; x_wconf 89' lang='lat' dir='ltr'><strong>est</strong></span> <span class='ocrx_word' id='word_1_732' title='bbox 3199 4718 3304 4758; x_wconf 92' lang='lat' dir='ltr'><strong>non</strong></span> <span class='ocrx_word' id='word_1_733' title='bbox 3373 4718 3568 4758; x_wconf 86' lang='lat' dir='ltr'><strong>novam</strong></span> <span class='ocrx_word' id='word_1_734' title='bbox 3617 4714 3716 4759; x_wconf 80' lang='lat' dir='ltr'><strong>aut</strong></span> 
     </span>
    </p>
   </div>
   <div class='ocr_carea' id='block_1_96' title="bbox 461 4791 3713 4884">
    <p class='ocr_par' dir='ltr' id='par_1_96' title="bbox 461 4791 3713 4884">
     <span class='ocr_line' id='line_1_96' title="bbox 461 4791 3713 4884; baseline -0.003 -22"><span class='ocrx_word' id='word_1_735' title='bbox 461 4809 828 4884; x_wconf 85' lang='lat' dir='ltr'><strong>peregrinam,</strong></span> <span class='ocrx_word' id='word_1_736' title='bbox 865 4803 980 4868; x_wconf 83' lang='lat' dir='ltr'><strong>sed,</strong></span> <span class='ocrx_word' id='word_1_737' title='bbox 1017 4801 1062 4854; x_wconf 90' lang='lat' dir='ltr'><strong>si</strong></span> <span class='ocrx_word' id='word_1_738' title='bbox 1097 4813 1282 4852; x_wconf 85' lang='lat' dir='ltr'><strong>verum</strong></span> <span class='ocrx_word' id='word_1_739' title='bbox 1318 4797 1503 4851; x_wconf 89' lang='lat' dir='ltr'><strong>dicere</strong></span> <span class='ocrx_word' id='word_1_740' title='bbox 1563 4803 1801 4864; x_wconf 88' lang='lat' dir='ltr'><strong>oportet,</strong></span> <span class='ocrx_word' id='word_1_741' title='bbox 1834 4791 2090 4863; x_wconf 87' lang='lat' dir='ltr'><strong>primam,</strong></span> <span class='ocrx_word' id='word_1_742' title='bbox 2128 4791 2327 4856; x_wconf 83' lang='lat' dir='ltr'><strong>solam,</strong></span> <span class='ocrx_word' id='word_1_743' title='bbox 2389 4810 2684 4865; x_wconf 80' lang='lat' dir='ltr'><strong>veramque</strong></span> <span class='ocrx_word' id='word_1_744' title='bbox 2728 4811 2850 4851; x_wconf 85' lang='lat' dir='ltr'><strong>esse</strong></span> <span class='ocrx_word' id='word_1_745' title='bbox 2888 4796 3091 4866; x_wconf 91' lang='lat' dir='ltr'><strong>liquido</strong></span> <span class='ocrx_word' id='word_1_746' title='bbox 3139 4805 3379 4866; x_wconf 87' lang='lat' dir='ltr'><strong>apparet.</strong></span> <span class='ocrx_word' id='word_1_747' title='bbox 3415 4795 3484 4850; x_wconf 89' lang='lat' dir='ltr'><strong>Et</strong></span> <span class='ocrx_word' id='word_1_748' title='bbox 3519 4797 3585 4850; x_wconf 89' lang='lat' dir='ltr'><strong>de</strong></span> <span class='ocrx_word' id='word_1_749' title='bbox 3627 4797 3713 4851; x_wconf 81' lang='lat' dir='ltr'><strong>his</strong></span> 
     </span>
    </p>
   </div>
   <div class='ocr_carea' id='block_1_97' title="bbox 460 4901 998 4978">
    <p class='ocr_par' dir='ltr' id='par_1_97' title="bbox 460 4901 998 4978">
     <span class='ocr_line' id='line_1_97' title="bbox 460 4901 998 4978; baseline -0.02 -17"><span class='ocrx_word' id='word_1_750' title='bbox 460 4905 680 4978; x_wconf 82' lang='lat' dir='ltr'><strong>quidem</strong></span> <span class='ocrx_word' id='word_1_751' title='bbox 710 4901 998 4955; x_wconf 86' lang='lat' dir='ltr'><strong>hactenus.</strong></span> 
     </span>
    </p>
   </div>
   <div class='ocr_carea' id='block_1_98' title="bbox 1057 4988 1432 5046">
    <p class='ocr_par' dir='ltr' id='par_1_98' title="bbox 1057 4988 1432 5046">
     <span class='ocr_line' id='line_1_98' title="bbox 1057 4988 1432 5046; baseline -0.016 0"><span class='ocrx_word' id='word_1_752' title='bbox 1057 4989 1306 5046; x_wconf 78' lang='lat' dir='ltr'><strong>CAPUT.</strong></span> <span class='ocrx_word' id='word_1_753' title='bbox 1369 4988 1432 5041; x_wconf 77' lang='grc' dir='ltr'><strong>ν.</strong></span> 
     </span>
    </p>
   </div>
   <div class='ocr_carea' id='block_1_99' title="bbox 605 5077 1889 5160">
    <p class='ocr_par' dir='ltr' id='par_1_99' title="bbox 605 5077 1889 5160">
     <span class='ocr_line' id='line_1_99' title="bbox 605 5077 1889 5160; baseline -0.014 -14"><span class='ocrx_word' id='word_1_754' title='bbox 605 5093 680 5147; x_wconf 77' lang='lat' dir='ltr'><strong>De</strong></span> <span class='ocrx_word' id='word_1_755' title='bbox 715 5086 1032 5159; x_wconf 77' lang='lat' dir='ltr'><strong>temporibus</strong></span> <span class='ocrx_word' id='word_1_756' title='bbox 1073 5085 1264 5153; x_wconf 73' lang='lat' dir='ltr'><strong>quibus</strong></span> <span class='ocrx_word' id='word_1_757' title='bbox 1312 5095 1539 5160; x_wconf 76' lang='lat' dir='ltr'><strong>prwsens</strong></span> <span class='ocrx_word' id='word_1_758' title='bbox 1588 5077 1889 5130; x_wconf 72' lang='lat' dir='ltr'><strong>hominibus</strong></span> 
     </span>
    </p>
   </div>
   <div class='ocr_carea' id='block_1_100' title="bbox 1114 5163 1382 5222">
    <p class='ocr_par' dir='ltr' id='par_1_100' title="bbox 1114 5163 1382 5222">
     <span class='ocr_line' id='line_1_100' title="bbox 1114 5163 1382 5222; baseline -0.015 -16"><span class='ocrx_word' id='word_1_759' title='bbox 1114 5163 1382 5222; x_wconf 69' lang='lat' dir='ltr'><strong>apparuit.</strong></span> 
     </span>
    </p>
   </div>
   <div class='ocr_carea' id='block_1_101' title="bbox 532 5236 2029 5318">
    <p class='ocr_par' dir='ltr' id='par_1_101' title="bbox 532 5236 2029 5318">
     <span class='ocr_line' id='line_1_101' title="bbox 532 5236 2029 5318; baseline -0.013 -8"><span class='ocrx_word' id='word_1_760' title='bbox 532 5257 664 5310; x_wconf 87' lang='lat' dir='ltr'><strong>Cum</strong></span> <span class='ocrx_word' id='word_1_761' title='bbox 697 5266 826 5306; x_wconf 88' lang='lat' dir='ltr'><strong>vero</strong></span> <span class='ocrx_word' id='word_1_762' title='bbox 874 5259 1210 5318; x_wconf 87' lang='lat' dir='ltr'><strong>quaecunque</strong></span> <span class='ocrx_word' id='word_1_763' title='bbox 1251 5243 1318 5295; x_wconf 88' lang='lat' dir='ltr'><strong>ad</strong></span> <span class='ocrx_word' id='word_1_764' title='bbox 1349 5239 1732 5295; x_wconf 69' lang='lat' dir='ltr'><strong>ecclesiastica:</strong></span> <span class='ocrx_word' id='word_1_765' title='bbox 1787 5236 2029 5292; x_wconf 72' lang='lat' dir='ltr'><strong>historia:</strong></span> 
     </span>
    </p>
   </div>
   <div class='ocr_carea' id='block_1_102' title="bbox 459 5332 2026 5422">
    <p class='ocr_par' dir='ltr' id='par_1_102' title="bbox 459 5332 2026 5422">
     <span class='ocr_line' id='line_1_102' title="bbox 459 5332 2026 5422; baseline -0.014 -18"><span class='ocrx_word' id='word_1_766' title='bbox 459 5365 622 5422; x_wconf 86' lang='lat' dir='ltr'><strong>quam</strong></span> <span class='ocrx_word' id='word_1_767' title='bbox 667 5341 1003 5399; x_wconf 86' lang='lat' dir='ltr'><strong>tractandam</strong></span> <span class='ocrx_word' id='word_1_768' title='bbox 1033 5336 1392 5406; x_wconf 86' lang='lat' dir='ltr'><strong>susceplmus,</strong></span> <span class='ocrx_word' id='word_1_769' title='bbox 1430 5332 1676 5386; x_wconf 89' lang='lat' dir='ltr'><strong>notitiam</strong></span> <span class='ocrx_word' id='word_1_770' title='bbox 1723 5341 1880 5384; x_wconf 89' lang='lat' dir='ltr'><strong>erant</strong></span> <span class='ocrx_word' id='word_1_771' title='bbox 1925 5346 2026 5383; x_wconf 84' lang='lat' dir='ltr'><strong>ne-</strong></span> 
     </span>
    </p>
   </div>
   <div class='ocr_carea' id='block_1_103' title="bbox 535 5466 1764 5536">
    <p class='ocr_par' dir='ltr' id='par_1_103' title="bbox 535 5466 1764 5536">
     <span class='ocr_line' id='line_1_103' title="bbox 535 5466 1764 5536; baseline -0.014 1"><span class='ocrx_word' id='word_1_772' title='bbox 535 5481 580 5513; x_wconf 84' lang='lat'>&quot;</span> <span class='ocrx_word' id='word_1_773' title='bbox 606 5476 750 5536; x_wconf 86' lang='lat' dir='ltr'><strong>Psal.</strong></span> <span class='ocrx_word' id='word_1_774' title='bbox 799 5491 910 5532; x_wconf 75' lang='grc' dir='ltr'>ειν.</span> <span class='ocrx_word' id='word_1_775' title='bbox 988 5473 1030 5507; x_wconf 80' lang='grc'><strong>³⁷</strong></span> <span class='ocrx_word' id='word_1_776' title='bbox 1055 5471 1194 5528; x_wconf 83' lang='lat' dir='ltr'><strong>Gen.</strong></span> <span class='ocrx_word' id='word_1_777' title='bbox 1221 5485 1313 5525; x_wconf 79' lang='lat' dir='ltr'><strong>xv.</strong></span> <span class='ocrx_word' id='word_1_778' title='bbox 1392 5466 1590 5524; x_wconf 81' lang='lat' dir='ltr'><strong>&quot;Gen.</strong></span> <span class='ocrx_word' id='word_1_779' title='bbox 1625 5480 1764 5522; x_wconf 73' lang='lat' dir='ltr'><strong>uti.</strong></span> 
     </span>
    </p>
   </div>
   <div class='ocr_carea' id='block_1_104' title="bbox 543 5589 2040 5667">
    <p class='ocr_par' dir='ltr' id='par_1_104' title="bbox 543 5589 2040 5667">
     <span class='ocr_line' id='line_1_104' title="bbox 543 5589 2040 5667; baseline -0.005 -15"><span class='ocrx_word' id='word_1_780' title='bbox 543 5597 655 5667; x_wconf 86' lang='lat'><strong>(70)</strong></span> <span class='ocrx_word' id='word_1_781' title='bbox 694 5593 848 5665; x_wconf 79' lang='lat' dir='ltr'><strong>Vulg.</strong></span> <span class='ocrx_word' id='word_1_782' title='bbox 871 5592 1024 5667; x_wconf 52' lang='grc' dir='ltr'>φέρε</span> <span class='ocrx_word' id='word_1_783' title='bbox 1054 5591 1321 5667; x_wconf 45' lang='grc' dir='ltr'>δὴ--μετὰ</span> <span class='ocrx_word' id='word_1_784' title='bbox 1363 5591 1478 5667; x_wconf 62' lang='grc' dir='ltr'><strong>τὴν</strong></span> <span class='ocrx_word' id='word_1_785' title='bbox 1507 5589 1942 5667; x_wconf 32' lang='grc' dir='ltr'>δέρυσρνμῇὃη.</span> <span class='ocrx_word' id='word_1_786' title='bbox 1981 5593 2040 5667; x_wconf 82' lang='lat' dir='ltr'><strong>In</strong></span> 
     </span>
    </p>
   </div>
   <div class='ocr_carea' id='block_1_105' title="bbox 471 5660 2041 5740">
    <p class='ocr_par' dir='ltr' id='par_1_105' title="bbox 471 5660 2041 5740">
     <span class='ocr_line' id='line_1_105' title="bbox 471 5660 2041 5740; baseline -0.004 -19"><span class='ocrx_word' id='word_1_787' title='bbox 471 5660 831 5740; x_wconf 25' lang='lat' dir='ltr'><strong>coddiMedf,</strong></span> <span class='ocrx_word' id='word_1_788' title='bbox 867 5660 1001 5718; x_wconf 74' lang='lat' dir='ltr'><strong>Maz.</strong></span> <span class='ocrx_word' id='word_1_789' title='bbox 1044 5673 1096 5716; x_wconf 83' lang='lat' dir='ltr'><strong>et</strong></span> <span class='ocrx_word' id='word_1_790' title='bbox 1127 5664 1260 5740; x_wconf 76' lang='lat' dir='ltr'><strong>Fuk_.</strong></span> <span class='ocrx_word' id='word_1_791' title='bbox 1290 5662 1484 5740; x_wconf 59' lang='lat' dir='ltr'><strong>legitur:</strong></span> <span class='ocrx_word' id='word_1_792' title='bbox 1516 5662 1646 5732; x_wconf 79' lang='grc' dir='ltr'>φέρε</span> <span class='ocrx_word' id='word_1_793' title='bbox 1680 5660 1866 5740; x_wconf 39' lang='lat' dir='ltr'><strong>esse),</strong></span> <span class='ocrx_word' id='word_1_794' title='bbox 1905 5662 2041 5731; x_wconf 80' lang='grc' dir='ltr'><strong>μετὰ</strong></span> 
     </span>
    </p>
   </div>
   <div class='ocr_carea' id='block_1_106' title="bbox 468 5731 2036 5807">
    <p class='ocr_par' dir='ltr' id='par_1_106' title="bbox 468 5731 2036 5807">
     <span class='ocr_line' id='line_1_106' title="bbox 468 5731 2036 5807; baseline -0.007 -17"><span class='ocrx_word' id='word_1_795' title='bbox 468 5739 567 5807; x_wconf 79' lang='grc' dir='ltr'>τὴν</span> <span class='ocrx_word' id='word_1_796' title='bbox 599 5738 820 5791; x_wconf 78' lang='grc' dir='ltr'>δέουσαν</span> <span class='ocrx_word' id='word_1_797' title='bbox 843 5733 1308 5807; x_wconf 71' lang='grc' dir='ltr'>προκατασκευὴν,</span> <span class='ocrx_word' id='word_1_798' title='bbox 1334 5743 1436 5786; x_wconf 83' lang='lat' dir='ltr'><strong>etc.</strong></span> <span class='ocrx_word' id='word_1_799' title='bbox 1461 5733 1524 5807; x_wconf 81' lang='lat' dir='ltr'><strong>lo</strong></span> <span class='ocrx_word' id='word_1_800' title='bbox 1547 5731 1836 5799; x_wconf 59' lang='lat' dir='ltr'><strong>esetuplari</strong></span> <span class='ocrx_word' id='word_1_801' title='bbox 1860 5741 2036 5807; x_wconf 61' lang='lat' dir='ltr'><strong>autern</strong></span> 
     </span>
    </p>
   </div>
   <div class='ocr_carea' id='block_1_107' title="bbox 472 5800 2035 5880">
    <p class='ocr_par' dir='ltr' id='par_1_107' title="bbox 472 5800 2035 5880">
     <span class='ocr_line' id='line_1_107' title="bbox 472 5800 2035 5880; baseline -0.005 -18"><span class='ocrx_word' id='word_1_802' title='bbox 472 5800 642 5880; x_wconf 72' lang='lat' dir='ltr'><strong>Regio</strong></span> <span class='ocrx_word' id='word_1_803' title='bbox 671 5819 725 5866; x_wconf 73' lang='lat' dir='ltr'><strong>et</strong></span> <span class='ocrx_word' id='word_1_804' title='bbox 749 5808 803 5863; x_wconf 82' lang='lat' dir='ltr'><strong>iu</strong></span> <span class='ocrx_word' id='word_1_805' title='bbox 834 5800 1105 5865; x_wconf 71' lang='lat' dir='ltr'><strong>Veteribus</strong></span> <span class='ocrx_word' id='word_1_806' title='bbox 1128 5800 1341 5862; x_wconf 73' lang='lat' dir='ltr'><strong>schedis</strong></span> <span class='ocrx_word' id='word_1_807' title='bbox 1365 5805 1624 5870; x_wconf 80' lang='lat' dir='ltr'><strong>scriptum</strong></span> <span class='ocrx_word' id='word_1_808' title='bbox 1660 5813 1741 5856; x_wconf 82' lang='lat' dir='ltr'><strong>est</strong></span> <span class='ocrx_word' id='word_1_809' title='bbox 1771 5819 1782 5853; x_wconf 83' lang='lat'>;</span> <span class='ocrx_word' id='word_1_810' title='bbox 1821 5800 1950 5864; x_wconf 69' lang='grc' dir='ltr'>φέρε</span> <span class='ocrx_word' id='word_1_811' title='bbox 1983 5801 2035 5854; x_wconf 74' lang='grc' dir='ltr'>δὲ</span> 
     </span>
    </p>
   </div>
   <div class='ocr_carea' id='block_1_108' title="bbox 1843 5465 2234 5522">
    <p class='ocr_par' dir='ltr' id='par_1_108' title="bbox 1843 5465 2234 5522">
     <span class='ocr_line' id='line_1_108' title="bbox 1843 5465 2234 5522; baseline 0 0"><span class='ocrx_word' id='word_1_812' title='bbox 1843 5466 1885 5498; x_wconf 87' lang='grc'><strong>¹⁹</strong></span> <span class='ocrx_word' id='word_1_813' title='bbox 1909 5465 2046 5522; x_wconf 86' lang='lat' dir='ltr'><strong>Gen.</strong></span> <span class='ocrx_word' id='word_1_814' title='bbox 2081 5483 2234 5522; x_wconf 80' lang='lat' dir='ltr'><strong>xvttt.</strong></span> 
     </span>
    </p>
   </div>
   <div class='ocr_carea' id='block_1_109' title="bbox 2667 4978 3180 5033">
    <p class='ocr_par' dir='ltr' id='par_1_109' title="bbox 2667 4978 3180 5033">
     <span class='ocr_line' id='line_1_109' title="bbox 2667 4978 3180 5033; baseline -0.002 0"><span class='ocrx_word' id='word_1_815' title='bbox 2667 4979 3059 5033; x_wconf 81' lang='grc' dir='ltr'><strong>ΚΕΦΑΛΑΙΟΝ</strong></span> <span class='ocrx_word' id='word_1_816' title='bbox 3106 4978 3180 5032; x_wconf 89' lang='lat' dir='ltr'><strong>E&#39;.</strong></span> 
     </span>
    </p>
   </div>
   <div class='ocr_carea' id='block_1_110' title="bbox 2140 5066 3716 5143">
    <p class='ocr_par' dir='ltr' id='par_1_110' title="bbox 2140 5066 3716 5143">
     <span class='ocr_line' id='line_1_110' title="bbox 2140 5066 3716 5143; baseline -0.005 -15"><span class='ocrx_word' id='word_1_817' title='bbox 2140 5079 2278 5143; x_wconf 72' lang='grc' dir='ltr'>Περ.</span> <span class='ocrx_word' id='word_1_818' title='bbox 2303 5073 2420 5126; x_wconf 76' lang='grc' dir='ltr'>τὼν</span> <span class='ocrx_word' id='word_1_819' title='bbox 2457 5075 2690 5140; x_wconf 70' lang='grc' dir='ltr'>χρόνων</span> <span class='ocrx_word' id='word_1_820' title='bbox 2735 5071 2842 5139; x_wconf 78' lang='grc' dir='ltr'>τῆς</span> <span class='ocrx_word' id='word_1_821' title='bbox 2878 5071 3226 5143; x_wconf 58' lang='grc' dir='ltr'>ἐπιμᾳιοείᾳς</span> <span class='ocrx_word' id='word_1_822' title='bbox 3258 5068 3444 5143; x_wconf 63' lang='grc' dir='ltr'>αὑτοῦ</span> <span class='ocrx_word' id='word_1_823' title='bbox 3467 5066 3578 5137; x_wconf 82' lang='grc' dir='ltr'>τῆς</span> <span class='ocrx_word' id='word_1_824' title='bbox 3625 5069 3716 5134; x_wconf 77' lang='grc' dir='ltr'>εις</span> 
     </span>
    </p>
   </div>
   <div class='ocr_carea' id='block_1_111' title="bbox 2487 5140 3380 5211">
    <p class='ocr_par' dir='ltr' id='par_1_111' title="bbox 2487 5140 3380 5211">
     <span class='ocr_line' id='line_1_111' title="bbox 2487 5140 3380 5211; baseline -0.006 -15"><span class='ocrx_word' id='word_1_825' title='bbox 2487 5144 2833 5210; x_wconf 54' lang='grc' dir='ltr'>ἀνθρώπους</span> <span class='ocrx_word' id='word_1_826' title='bbox 2866 5144 3004 5211; x_wconf 70' lang='lat' dir='ltr'><strong>(Mc.</strong></span> <span class='ocrx_word' id='word_1_827' title='bbox 3039 5141 3110 5194; x_wconf 86' lang='grc' dir='ltr'>Η.</span> <span class='ocrx_word' id='word_1_828' title='bbox 3147 5140 3212 5194; x_wconf 78' lang='grc' dir='ltr'>Ε.</span> <span class='ocrx_word' id='word_1_829' title='bbox 3241 5157 3279 5201; x_wconf 90' lang='lat' dir='ltr'><strong>I,</strong></span> <span class='ocrx_word' id='word_1_830' title='bbox 3303 5141 3380 5210; x_wconf 81' lang='lat'><strong>6).</strong></span> 
     </span>
    </p>
   </div>
   <div class='ocr_carea' id='block_1_112' title="bbox 2208 5228 3712 5308">
    <p class='ocr_par' dir='ltr' id='par_1_112' title="bbox 2208 5228 3712 5308">
     <span class='ocr_line' id='line_1_112' title="bbox 2208 5228 3712 5308; baseline -0.007 -18"><span class='ocrx_word' id='word_1_831' title='bbox 2208 5237 2342 5308; x_wconf 71' lang='grc' dir='ltr'><strong>⁴ιιέρε</strong></span> <span class='ocrx_word' id='word_1_832' title='bbox 2377 5237 2434 5290; x_wconf 76' lang='grc' dir='ltr'>δὲ</span> <span class='ocrx_word' id='word_1_833' title='bbox 2468 5234 2603 5305; x_wconf 76' lang='grc' dir='ltr'>μετὰ</span> <span class='ocrx_word' id='word_1_834' title='bbox 2629 5233 2724 5304; x_wconf 80' lang='grc' dir='ltr'><strong>τὴν</strong></span> <span class='ocrx_word' id='word_1_835' title='bbox 2757 5232 2983 5285; x_wconf 79' lang='grc' dir='ltr'>δέουσαν</span> <span class='ocrx_word' id='word_1_836' title='bbox 3009 5229 3118 5302; x_wconf 83' lang='lat'><strong>(70)</strong></span> <span class='ocrx_word' id='word_1_837' title='bbox 3149 5228 3598 5300; x_wconf 79' lang='grc' dir='ltr'>προκατασκευὴν</span> <span class='ocrx_word' id='word_1_838' title='bbox 3614 5229 3712 5298; x_wconf 77' lang='grc' dir='ltr'>τῆς</span> 
     </span>
    </p>
   </div>
   <div class='ocr_carea' id='block_1_113' title="bbox 2135 5321 3711 5401">
    <p class='ocr_par' dir='ltr' id='par_1_113' title="bbox 2135 5321 3711 5401">
     <span class='ocr_line' id='line_1_113' title="bbox 2135 5321 3711 5401; baseline -0.006 -18"><span class='ocrx_word' id='word_1_839' title='bbox 2135 5329 2493 5401; x_wconf 85' lang='grc' dir='ltr'>προτεθείσης</span> <span class='ocrx_word' id='word_1_840' title='bbox 2530 5330 2660 5399; x_wconf 81' lang='grc' dir='ltr'>ἡμῖν</span> <span class='ocrx_word' id='word_1_841' title='bbox 2701 5325 3155 5397; x_wconf 75' lang='grc' dir='ltr'>ἐκκλησιαπικῆς</span> <span class='ocrx_word' id='word_1_842' title='bbox 3183 5323 3440 5394; x_wconf 85' lang='grc' dir='ltr'>ἱστορίας,</span> <span class='ocrx_word' id='word_1_843' title='bbox 3479 5321 3579 5393; x_wconf 66' lang='grc' dir='ltr'>ἤδη</span> <span class='ocrx_word' id='word_1_844' title='bbox 3600 5321 3711 5374; x_wconf 84' lang='grc' dir='ltr'>λοι-</span> 
     </span>
    </p>
   </div>
   <div class='ocr_carea' id='block_1_114' title="bbox 2327 5467 2656 5523">
    <p class='ocr_par' dir='ltr' id='par_1_114' title="bbox 2327 5467 2656 5523">
     <span class='ocr_line' id='line_1_114' title="bbox 2327 5467 2656 5523; baseline -0.006 -1"><span class='ocrx_word' id='word_1_845' title='bbox 2327 5469 2371 5500; x_wconf 81' lang='grc'><strong>²⁰</strong></span> <span class='ocrx_word' id='word_1_846' title='bbox 2395 5467 2531 5523; x_wconf 82' lang='lat' dir='ltr'><strong>Gen.</strong></span> <span class='ocrx_word' id='word_1_847' title='bbox 2561 5483 2656 5521; x_wconf 67' lang='lat' dir='ltr'><strong>au.</strong></span> 
     </span>
    </p>
   </div>
   <div class='ocr_carea' id='block_1_115' title="bbox 2142 5571 3712 5657">
    <p class='ocr_par' dir='ltr' id='par_1_115' title="bbox 2142 5571 3712 5657">
     <span class='ocr_line' id='line_1_115' title="bbox 2142 5571 3712 5657; baseline -0.01 -18"><span class='ocrx_word' id='word_1_848' title='bbox 2142 5585 2280 5657; x_wconf 77' lang='grc' dir='ltr'>μετὰ</span> <span class='ocrx_word' id='word_1_849' title='bbox 2304 5584 2402 5656; x_wconf 85' lang='grc' dir='ltr'><strong>τὴν</strong></span> <span class='ocrx_word' id='word_1_850' title='bbox 2439 5583 2660 5657; x_wconf 84' lang='grc' dir='ltr'>δέουσαν</span> <span class='ocrx_word' id='word_1_851' title='bbox 2685 5582 2817 5653; x_wconf 80' lang='grc' dir='ltr'>ἡμῖν</span> <span class='ocrx_word' id='word_1_852' title='bbox 2857 5575 3330 5657; x_wconf 40' lang='grc' dir='ltr'>πρρκατασκειῇινί</span> <span class='ocrx_word' id='word_1_853' title='bbox 3361 5571 3464 5628; x_wconf 86' lang='lat' dir='ltr'><strong>Sed</strong></span> <span class='ocrx_word' id='word_1_854' title='bbox 3505 5582 3712 5657; x_wconf 51' lang='lat' dir='ltr'><strong>ultu!!-</strong></span> 
     </span>
    </p>
   </div>
   <div class='ocr_carea' id='block_1_116' title="bbox 2137 5640 3708 5726">
    <p class='ocr_par' dir='ltr' id='par_1_116' title="bbox 2137 5640 3708 5726">
     <span class='ocr_line' id='line_1_116' title="bbox 2137 5640 3708 5726; baseline -0.01 -15"><span class='ocrx_word' id='word_1_855' title='bbox 2137 5640 2242 5726; x_wconf 69' lang='lat' dir='ltr'><strong>que</strong></span> <span class='ocrx_word' id='word_1_856' title='bbox 2281 5640 2612 5726; x_wconf 76' lang='lat' dir='ltr'><strong>superﬂuum</strong></span> <span class='ocrx_word' id='word_1_857' title='bbox 2656 5640 2740 5705; x_wconf 57' lang='lat' dir='ltr'><strong>es&#39;t&#39;</strong></span> <span class='ocrx_word' id='word_1_858' title='bbox 2767 5640 2998 5726; x_wconf 62' lang='lat' dir='ltr'><strong>tatIrﬁSq</strong></span> <span class='ocrx_word' id='word_1_859' title='bbox 3029 5664 3192 5716; x_wconf 90' lang='lat' dir='ltr'><strong>quam</strong></span> <span class='ocrx_word' id='word_1_860' title='bbox 3223 5640 3373 5716; x_wconf 75' lang='grc' dir='ltr'>ἡμῖν,</span> <span class='ocrx_word' id='word_1_861' title='bbox 3402 5659 3524 5699; x_wconf 81' lang='lat' dir='ltr'><strong>cum</strong></span> <span class='ocrx_word' id='word_1_862' title='bbox 3567 5640 3708 5698; x_wconf 79' lang='lat' dir='ltr'><strong>infra</strong></span> 
     </span>
    </p>
   </div>
   <div class='ocr_carea' id='block_1_117' title="bbox 2139 5719 3142 5794">
    <p class='ocr_par' dir='ltr' id='par_1_117' title="bbox 2139 5719 3142 5794">
     <span class='ocr_line' id='line_1_117' title="bbox 2139 5719 3142 5794; baseline -0.011 -12"><span class='ocrx_word' id='word_1_863' title='bbox 2139 5719 2190 5782; x_wconf 71' lang='lat' dir='ltr'><strong>ib</strong></span> <span class='ocrx_word' id='word_1_864' title='bbox 2215 5719 2401 5784; x_wconf 75' lang='lat' dir='ltr'><strong>eadem</strong></span> <span class='ocrx_word' id='word_1_865' title='bbox 2429 5723 2650 5794; x_wconf 88' lang='lat' dir='ltr'><strong>periodo</strong></span> <span class='ocrx_word' id='word_1_866' title='bbox 2677 5722 2849 5792; x_wconf 80' lang='lat' dir='ltr'><strong>posita</strong></span> <span class='ocrx_word' id='word_1_867' title='bbox 2876 5719 3142 5789; x_wconf 82' lang='lat' dir='ltr'><strong>legantur.</strong></span> 
     </span>
    </p>
   </div>
  </div>
