4054 6456
269 366 336 422 81
1309 360 1657 419 ΗῙΒΤΟΒΙΞ.
1700 358 2261 416 ECCLES!.\STICA§
2305 360 2430 414 LIB.
2473 359 2512 415 Ι.

3459 363 3532 415 8?.

268 485 369 536 πὺν
392 482 507 536 ἀπὸ
539 487 639 556 τῆς
661 485 922 557 ἐνσὰρκου
947 485 1040 538 τοῦ
1069 483 1318 555 Σωτῆρος
1339 483 1494 554 ἡμῶν
1523 481 1834 550 ἐπιφανείας

1969 480 2229 545 cessaria,
2258 479 2369 550 jam
2403 480 2679 550 prtemissa
2731 480 2862 543 sint,
2909 490 3157 550 superest
3192 490 3245 533 ut
3277 497 3302 534 ει
3335 495 3524 548 carpo-

264 569 356 628 οἷά
412 593 568 639 τινος
620 577 921 647 ὁδοιπορίας
981 573 1336 645 ὲφαψὼμεθα,
1387 574 1478 627 τὸν
1533 572 1626 626 τοῦ
1686 573 1857 640 Λόγου

265 666 496 737 Πατέρα
531 666 686 730 Θεὸν,
719 668 812 719 καὶ
841 667 928 719 τὸν
954 666 1274 736 δηλούμενον
1302 664 1462 718 αὑτὸν
1504 661 1706 734 Ἰησοῦν
1729 665 1859 734 Χρι-

264 755 391 809 στὸν
422 757 521 810 τὸν
559 758 794 826 Σωτῆρα
823 758 915 810 καὶ
949 757 1152 826 Κύριον
1183 759 1214 827 ἡ
1226 757 1339 828 μῶν
1362 757 1452 809 τὸν
1481 756 1727 830 οὐράνιον
1763 756 1858 809 τοῦ

262 848 400 901 Θεοῦ
428 849 632 918 Λόγον,
668 850 858 921 βοηθὸν
892 853 1022 922 ἡμῖν
1055 851 1147 904 καὶ
1180 849 1435 921 συνεργὸν
1467 851 1564 920 τῆς
1597 847 1736 903 κατὰ
1759 851 1858 921 τὴν

257 941 525 1011 διήγησιν
570 941 828 1013 ἀληθείας
853 941 1327 1011 ἐπικαλεσάμενοι.
1353 937 1459 992 Ἦν
1479 940 1542 1011 δὴ
1570 937 1661 993 οὖν
1699 940 1858 994 τοῦτο

259 1033 525 1104 δεύτερον
559 1037 653 1088 καὶ
674 1037 1106 1106 τεσσαρακοστὸν
1140 1034 1256 1097 ἔτος
1282 1034 1391 1106 (71)
1424 1035 1523 1104 τῆς
1550 1033 1855 1102 Αὐγούστου

260 1126 584 1196 βασιλείας,
631 1127 906 1197 Αἰγύπτου
940 1129 984 1181 δ’
1017 1131 1292 1200 ὑποταγῆς
1339 1128 1432 1182 καὶ
1483 1128 1579 1196 τῆς
1603 1127 1855 1198 τελευτῆς

269 1219 576 1272 Ἀντωνίου
619 1221 714 1274 καὶ
755 1206 1130 1293 Κλεοπάτρας,
1169 1225 1246 1285 εἰς
1288 1222 1352 1293 ἣν
1399 1221 1692 1292 ύστάτηνή
1733 1223 1853 1275 κατ’

257 1309 547 1375 Αἴγυπτον
569 1308 676 1361 τῶν
698 1310 864 1362 Πτολε
874 1311 1046 1380 μαίων
1063 1311 1323 1381 κατέληξε
1349 1311 1652 1374 δυναστεία,
1671 1311 1852 1379 ὄγδοον

261 1398 381 1461 ἔτος
413 1399 516 1452 καὶ
546 1400 810 1463 εἰκοστὸν,
831 1401 1066 1471 ὁπηνίκα
1097 1403 1124 1455 6
1152 1401 1339 1472 Σωτὴρ
1365 1401 1459 1454 καὶ
1481 1400 1853 1472 Κύριοςήμῶν

273 1489 490 1561 Ἰησοῦς
542 1491 776 1563 Χριστὸς
809 1492 899 1544 ἐπὶ
939 1492 1036 1562 τῆς
1086 1491 1203 1545 τότε
1244 1491 1462 1564 πρώτης
1505 1492 1849 1561 ἀπογραφῆς,

251 1583 538 1656 Κυρηνίου
563 1581 986 1654 ἡγεμονεύοντος
1023 1585 1121 1656 τῆς
1151 1585 1350 1656 Συρίας
1379 1586 1512 1655 (7'2),
1546 1585 1852 1648 ἀκολούθως

258 1677 377 1737 ταῖς
416 1675 556 1745 περὶ
602 1675 766 1728 αὐτοῦ
818 1675 1193 1747 προφητείαις,
1236 1677 1293 1729 ἐν
1323 1675 1569 1747 Βηθλεὲμ
1598 1677 1850 1744 γεννᾶται

259 1762 357 1833 τῆς
397 1764 685 1828 Ἰουδαίας.
707 1765 918 1836 Ταύτης
940 1766 996 1818 δὲ
1029 1767 1126 1836 τῆς
1153 1766 1294 1820 κατὰ
1322 1768 1589 1838 Κυρήνιον
1608 1768 1852 1840 ἀπογρα-

262 1856 367 1925 φῆς
395 1857 495 1909 καὶ
525 1859 557 1910 6
587 1858 693 1910 τῶν
736 1860 864 1931 παρ’
915 1859 1181 1932 Ἑϐραίοις
1223 1860 1620 1930 ἐπισημότατος
1648 1862 1847 1931 ἱστορι-

261 1946 371 1998 κῶν
410 1946 645 2013 Φλαύῖος
697 1949 952 2019 Ἰώσηπος
981 1949 1306 2022 μνημονεύει
1357 1950 1492 2021 (75),
1527 1952 1621 2004 καὶ
1679 1950 1843 2023 ἄλλην

260 2039 652 2094 ὲπισυνάπτων
684 2042 922 2114 ἱστορίαν
945 2043 1072 2114 περὶ
1100 2044 1197 2113 τῆς
1227 2043 1334 2097 τῶν
1375 2042 1670 2098 Γαλιλαίων
1706 2043 1846 2098 κατὰ

259 2132 384 2195 τοὺς
433 2133 638 2196 αὐτοὺς
685 2135 1007 2205 ἐπιφυείσης
1044 2136 1268 2206 χρόνους
1313 2135 1594 2206 αἱρέσεως,
1638 2131 1704 2207 ἦς
1749 2136 1844 2190 καὶ

262 2225 387 2296 παρ’
428 2227 568 2297 ἡμῖν
590 2228 618 2279 6
643 2227 853 2292 Λουκᾶς
877 2229 933 2280 ἐν
953 2230 1071 2292 ταῖς
1093 2227 1328 2300 Πράξεσι.
1354 2228 1572 2300 μνήμην
1602 2221 1702 2282 ὧδὲ
1725 2246 1842 2292 πως

257 2314 430 2384 λέγων
477 2317 796 2390 πεποίηται’
836 2337 854 2372 ι
886 2317 1040 2372 Μετὰ
1087 2318 1273 2372 τοῦτον
1323 2317 1518 2389 ἀνέστη
1575 2316 1770 2382 Ἰούδας
1810 2320 1838 2371 6

327 2411 368 2442 εί
396 2408 535 2481 Cap.
577 2426 631 2468 v.

326 2528 440 2598 (Ἠ)
482 2529 772 2596 Δεύτερον
817 2527 917 2581 καὶ
964 2527 1454 2597 τεσσαρακοστὸν
1496 2527 1647 2594 ἔτος.
1700 2526 1841 2582 Idem

265 2597 523 2652 ltmnerns
565 2601 792 2651 habetur
818 2599 870 2651 in
903 2597 1162 2652 Chronico
1193 2598 1518 2652 Eusebiano.
1548 2598 1700 2652 Auno
1730 2613 1840 2652 xui

265 2670 486 2733 Augusti
542 2668 699 2722 Jesus
752 2666 992 2722 Christus
1037 2667 1212 2722 Filius
1267 2671 1360 2722 Dei
1430 2669 1484 2722 in
1536 2667 1838 2722 Bethlehem

262 2739 414 2792 Iuda:
443 2742 711 2793 nascitur.
727 2740 937 2809 Aunus
982 2754 1144 2809 porro
1175 2739 1377 2809 primus
1420 2737 1644 2809 Augusti
1663 2738 1835 2809 juxta

268 2810 702 2878 supputationem
726 2808 943 2863 Eusebii
983 2807 1043 2863 is
1069 2807 1187 2875 est,
1213 2825 1318 2878 quo
1345 2808 1550 2864 Hirtius
1581 2817 1637 2863 et
1662 2807 1835 2865 Pansa

268 2879 517 2932 consules
569 2877 803 2933 luerunt.
839 2879 1076 2934 Proinde
1126 2877 1393 2934 secumlus
1437 2890 1491 2932 et
1538 2880 1838 2948 quadrage-

266 2949 434 3002 simus
457 2950 689 3017 Augusti
735 2965 909 3003 annus
943 2950 1088 3004 cadit
1121 2950 1172 3003 in
1207 2950 1548 3003 consulatum
1595 2948 1834 3017 ejusdem

267 3019 488 3086 Augusti
553 3021 766 3073 tertium
822 3019 1116 3074 decimum.
1174 3019 1300 3074 Haec
1351 3019 1419 3072 de
1469 3033 1610 3073 anno
1669 3019 1836 3074 natali

266 3087 485 3144 Christi.
541 3089 688 3144 Diem
742 3105 868 3144 vero
914 3089 1170 3144 neutrubi
1219 3090 1488 3158 expressit
1545 3089 1834 3145 Eusebius.

1966 572 2061 624 rali
2091 570 2402 625 Servatoris
2451 572 2623 624 nostri
2675 573 2988 638 pra'sentia,
3020 583 3272 641 tanquam
3312 576 3525 630 itineris

1963 664 2128 716 nostri
2152 679 2428 718 sumamus
2474 663 2706 721 initium.
2776 663 2990 719 Patrem
3029 665 3185 720 Verbi
3220 667 3407 730 Deum,
3443 668 3524 736 ip-

1959 764 2188 824 sumque
2225 755 2290 810 de
2327 769 2434 824 quo
2473 754 2706 826 agimus,
2750 753 2932 809 Jesum
2984 756 3285 820 Christum,
3332 759 3518 812 Domi—

1960 862 2086 900 num
2117 863 2180 902 ac
2211 847 2560 906 Servatorem
2597 864 2865 918 nostrum,
2893 853 3117 907 cmleste
3152 853 3243 908 Dei
3289 854 3520 911 Verbum

1961 939 2215 1007 precibus
2249 940 2588 1011 invocantes,
2619 953 2678 999 ut
2705 946 2770 998 ad
2813 946 3243 1016 prosequendum
3275 945 3521 1000 ordinem

1956 1029 2210 1084 veritatis
2245 1032 2546 1090 auxiliator
2588 1035 2741 1090 nobis
2774 1047 2940 1106 atque
2969 1037 3183 1104 adiutor
3204 1039 3294 1093 sit.
3330 1037 3524 1092 Annus

1950 1121 2062 1190 jam
2090 1121 2353 1193 agebatur
2386 1126 2659 1182 secundus
2709 1139 2763 1183 et
2811 1130 3263 1199 quadragesimus
3310 1129 3524 1198 imperii

1954 1218 2208 1290 Augusti,
2247 1235 2276 1272 a
2339 1221 2562 1277 subacta
2604 1233 2784 1278 autem
2843 1222 3099 1294 Egypto,
3126 1233 3179 1277 et
3208 1224 3275 1277 ab
3301 1223 3523 1276 interitu

1953 1311 2177 1367 Antonii
2230 1317 2284 1366 et
2325 1309 2649 1382 Cleopatrae,
2702 1313 2757 1367 in
2824 1329 2928 1384 qua
2989 1312 3399 1368 Ptolemaeorum
3465 1313 3520 1367 in

1955 1402 2189 1474 Egypto
2240 1402 2534 1458 dominatio
2587 1403 2768 1470 desiit,
2823 1413 3048 1459 octavus
3095 1419 3158 1458 ac
3186 1402 3519 1458 vicesimus:

1954 1510 2074 1550 cum
2124 1493 2386 1550 Servatur
2432 1506 2486 1551 et
2538 1496 2798 1552 Dominus
2850 1504 3034 1552 noster
3089 1493 3248 1550 Jesus
3272 1493 3522 1548 Christus

1955 1587 2132 1655 prima
2167 1587 2258 1641 illa
2295 1588 2659 1654 descriptione
2689 1602 2891 1644 census
2920 1602 3040 1656 qua:
3067 1586 3211 1642 facta
3262 1596 3346 1641 est
3385 1586 3517 1654 Qui-

1953 1677 2096 1732 rinio
2124 1677 2298 1749 Syriae
2328 1679 2675 1746 praesidente,
2707 1679 3004 1733 secundum
3039 1679 3424 1748 prophetarum
3454 1676 3522 1730 de

1957 1769 2047 1824 illo
2075 1771 2358 1834 vaticinia,
2395 1773 2445 1824 in
2475 1769 2786 1825 Bethlebem
2832 1768 3028 1828 Iudaea).
3062 1781 3222 1826 natus
3254 1780 3355 1824 est.
3405 1768 3517 1822 Hu-

1947 1858 2038 1928 jus
2087 1875 2248 1929 porro
2297 1859 2678 1928 descriptionis
2719 1875 2838 1930 quae
2885 1858 3115 1925 Quirinii
3183 1860 3518 1927 temporibus

1954 1948 2094 2004 facta
2147 1958 2254 2012 est,
2303 1948 2693 2004 celeberrimus
2725 1949 2865 2017 apud
2911 1949 3124 2004 .lndzeos
3170 1950 3515 2003 historiarum

1948 2040 2186 2110 scriptor
2216 2041 2437 2096 Flavius
2483 2040 2752 2110 Josephus
2787 2043 3120 2098 mentionem
3149 2043 3276 2095 facit
3307 2059 3327 2094 τ-
3350 2039 3514 2093 aliam

1949 2147 2163 2202 quoque
2222 2133 2587 2187 narrationem
2634 2133 2701 2188 de
2760 2132 3108 2189 Galilaeorum
3174 2141 3342 2196 secta,
3392 2145 3516 2200 quas

1948 2226 2138 2279 iisdem
2178 2227 2513 2295 temporibus
2545 2228 2770 2282 emersit
2813 2227 2992 2282 statim
3045 2225 3412 2288 subnectens;
3449 2225 3516 2276 de

1947 2332 2052 2388 qua
2087 2328 2270 2374 nOSter
2303 2319 2468 2375 etiam
2521 2317 2693 2376 Lucas
2723 2319 2779 2374 in
2807 2319 3032 2375 Actibus
3069 2316 3436 2386 apostolorum
3467 2315 3511 2345 “

1950 2527 2078 2586 facit
2099 2529 2634 2602 descriptionisillius
2651 2544 2772 2602 qua:
2788 2544 2815 2583 a
2835 2527 3077 2596 Quirinio
3097 2527 3234 2602 facta
3249 2526 3513 2602 est_in_Sy7

1950 2602 2026 2654 ria
2051 2616 2114 2655 ac
2136 2597 2317 2656 Iudaea
2341 2603 2521 2655 statim
2555 2597 2682 2670 post
2695 2600 3082 2670 relegationem
3106 2597 3377 2670 Archelai.
3403 2597 3511 2670 Sed

1946 2671 2102 2739 hujus
2147 2672 2474 2741 scriptionis,
2503 2667 2662 2739 quam
2693 2667 2868 2724 Lucas
2899 2679 3159 2741 regnante
3183 2668 3378 2741 adhuc
3402 2667 3508 2741 lle-

1945 2737 2072 2796 rode
2100 2737 2297 2796 factam
2327 2756 2447 2795 esse
2471 2737 2569 2805 ait,
2597 2756 2700 2795 non
2731 2737 3000 2797 meminit.
3024 2739 3101 2792 At:
3128 2737 3257 2792 mihi
3291 2738 3505 2803 quidem

1943 2811 2158 2865 videtur
2188 2811 2410 2866 errorin
2444 2821 2648 2865 textum
2689 2811 2847 2866 Lucas
2882 2810 3168 2879 irrepsisse
3197 2807 3246 2860 in
3277 2806 3505 2873 Quirinii

1944 2881 2190 2951 nomine,
2211 2891 2265 2935 et
2294 2897 2392 2951 pro
2419 2881 2664 2947 Quirinio
2696 2881 3088 2951 restituendum
3109 2949 3117 2951 _
3136 2892 3278 2951 esse‘
3305 2892 3499 2951 nomen

1945 2952 2117 3006 Sentii
2172 2947 2471 3005 Saturnini.
2509 2951 2606 3005 Hic
2635 2953 2780 3004 enim
2814 2965 3014 3018 praeses
3046 2949 3179 3018 initi
3198 2947 3504 3018 subﬂfinem

1947 3022 2097 3090 regni
2153 3020 2381 3076 Herodis
2431 3031 2591 3090 teste,
2628 3017 2885 3090 Josepho.
2930 3021 3090 3075 Certe
3140 3017 3506 3090 Tertullianns

1949 3085 2136 3149 in'lib.
2172 3107 2246 3154 tv,
2279 3095 2528 3147 adversus
2575 3085 2922 3155 Marcionem,
2971 3103 3165 3142 census
3213 3088 3263 3140 in
3319 3085 3504 3141 Judtca

267 3160 486 3213 Orosius
525 3162 740 3228 quidem
768 3161 820 3213 in
866 3159 960 3214 lib.
989 3174 1082 3225 vn,
1108 3174 1226 3227 cap.
1252 3157 1310 3223 2,
1347 3171 1632 3229 postquam
1681 3158 1831 3231 juxta
1861 3170 1906 3231 ο
1938 3173 2091 3218 artos
2123 3163 2318 3221 scribit
2352 3178 2448 3231 per
2478 3163 2728 3217 Sentium
2756 3159 3140 3231 Saturninum.
3170 3157 3248 3231 ΕΞ
3278 3171 3384 3224 quo
3407 3171 3504 3231 ap-

268 3232 588 3284 sentemiam
632 3231 880 3293 Eusebii,
920 3244 1079 3298 quem
1123 3232 1322 3298 ubique
1368 3232 1635 3298 sequitur,
1674 3230 1833 3284 Chri-

269 3309 400 3370 stum
446 3312 638 3354 natum
672 3314 793 3370 esse
821 3300 1137 3370 dixitganno
1171 3299 1383 3370 imperii
1415 3301 1646 3369 Augusti
1689 3317 1831 3367 XLII,

268 3369 405 3440 addit
429 3371 533 3440 die,
559 3385 632 3424 vtt
665 3369 936 3425 Kalendas
968 3368 1277 3434 Ianuarias.
1310 3370 1420 3425 Nec
1457 3368 1613 3425 aliter
1639 3371 1836 3440 legitur

268 3438 324 3510 in
350 3439 812 3510 veteribusl'astis
847 3455 982 3506 quos
1017 3442 1119 3510 sub
1165 3441 1323 3494 ldacii
1367 3442 1585 3495 nomine
1628 3438 1834 3510 primus

269 3509 430 3580 edidit
467 3509 587 3564 Jac.
621 3509 969 3580 Sirmondus;
1007 3508 1216 3578 fuitque
1241 3508 1687 3580 barccommunis
1716 3511 1833 3580 opi-

273 3579 356 3634 nio
379 3580 744 3635 Occidentalis
769 3579 1042 3636 Ecclesiae.
1069 3580 1175 3634 Sed
1205 3596 1326 3634 cum
1351 3578 1652 3636 Orientales
1674 3578 1834 3634 aliter

273 3651 568 3714 senserint,
617 3651 891 3708 Cbristmn
923 3651 1130 3706 scilicet
1175 3660 1359 3703 natum
1405 3665 1524 3705 esse
1571 3665 1665 3704 vui
1711 3651 1833 3706 ldus

269 3713 573 3781 Ianuarias,
602 3721 653 3772 in
689 3721 788 3775 hac
813 3735 1026 3790 quoque
1051 3721 1318 3774 sententia
1346 3721 1632 3775 Eusebium
1663 3720 1830 3775 fuisse

275 3791 481 3844 minime
514 3790 872 3845 dubitandum
899 3800 1006 3845 est.
1038 3791 1224 3858 Itaque
1262 3805 1324 3844 ex
1359 3794 1624 3845 sententia
1665 3791 1832 3844 Euse-

273 3859 362 3928 bii,
387 3863 593 3928 primus
613 3859 819 3914 Christi
857 3875 1034 3916 annus
1069 3862 1344 3915 concurrit
1382 3876 1502 3914 cum
1545 3875 1686 3914 anno
1720 3877 1830 3914 xm

272 3927 468 4000 imperii
520 3932 766 4000 Augusti.
820 3931 911 3985 Sic
948 3939 1098 3986 certe
1137 3932 1191 3985 in
1255 3931 1637 4000 vetustissimis
1680 3931 1831 4000 codi-

272 3998 415 4053 cibus
448 3998 739 4055 Eusebiani
788 3999 1058 4064 Cltrom'ct',
1091 4001 1384 4061 Acutiano,
1421 3999 1590 4066 Lipsii
1633 4011 1688 4056 et
1732 3999 1834 4056 Or-

273 4069 375 4140 telii
412 4075 673 4140 scriptum
704 4073 957 4134 habetur,
989 4082 1045 4125 ut
1089 4082 1316 4125 testatus
1353 4080 1432 4125 est
1480 4070 1711 4125 Miratus.
1742 4072 1832 4126 Sic

272 4137 321 4212 in
361 4137 733 4212 antiquissima
780 4143 1015 4195 editione
1059 4140 1467 4212 Mediolanensi,
1496 4156 1676 4212 quam
1730 4156 1830 4196 nec

273 4210 507 4281 Scaliger
541 4227 640 4266 nec
685 4212 954 4265 Pontacus
1002 4213 1276 4266 viderunt.
1311 4211 1447 4265 Male
1491 4211 1544 4264 in
1592 4212 1832 4265 editione

275 4278 521 4350 Scaligeri
570 4284 775 4351 primus
832 4282 1033 4336 Christi
1081 4297 1260 4336 annus
1315 4281 1662 4350 componitur
1706 4295 1829 4335 cum

276 4365 404 4404 anno
440 4369 575 4406 xum
623 4353 871 4422 Augusti,
899 4363 1084 4406 contra
1137 4352 1292 4422 (idem
1329 4355 1651 4421 scriptorum
1684 4352 1831 4406 codi-

278 4436 409 4492 eum,
456 4421 939 4492 adeoquetoutra
992 4423 1158 4491 ipsius
1210 4421 1425 4475 Eusubii
1482 4423 1826 4492 sententiam.

277 4486 472 4545 Etenim
516 4486 778 4546 Eusebius
814 4493 864 4544 in
902 4486 1140 4546 line-lib.
1169 4507 1241 4544 vit
1285 4492 1364 4546 ait
1405 4491 1687 4545 historiam
1736 4507 1826 4545 ec-

279 4559 581 4630 clesiasticae
626 4563 990 4617 successionis
1018 4578 1047 4615 a
1086 4578 1144 4615 se
1180 4562 1567 4630 conscriptam,
1603 4577 1632 4614 a
1658 4562 1826 4614 natali

277 4629 460 4686 Christi
504 4635 568 4685 ad
613 4649 780 4700 usque
820 4633 1227 4687 subversionem
1273 4629 1654 4696 Ecclesiarum,
1681 4647 1830 4686 com-

276 4699 417 4772 plecti
458 4719 630 4757 annos
653 4699 891 4772 quinque
923 4717 988 4756 ac
1027 4711 1320 4772 trecentos.
1347 4701 1510 4770 Atqui
1543 4701 1586 4752 si
1623 4703 1831 4769 primus

277 4770 460 4824 Christi
502 4770 768 4826 annns'ab
805 4787 948 4825 anno
983 4787 1112 4825 xum
1155 4770 1383 4839 Augusti
1427 4772 1663 4830 ducitur,
1707 4773 1831 4825 inde

279 4841 336 4912 ad
371 4856 455 4896 xix
495 4843 808 4896 Diocletiani
844 4857 1047 4896 annum
1087 4857 1195 4912 quo
1240 4843 1532 4896 destructa:
1570 4851 1697 4912 sunt
1741 4841 1834 4896 Ec-

280 4908 462 4980 clesiae,
489 4923 720 4980 quatuor
759 4921 962 4964 tantum
1000 4928 1064 4968 ac
1103 4908 1333 4966 trecenti
1369 4921 1494 4965 sunt
1532 4911 1683 4966 anni.
1729 4912 1832 4966 Ve-

285 4979 541 5052 rissrinmm
588 4983 750 5050 igitur
791 4991 905 5045 est,
949 4983 1089 5052 quod
1138 4998 1298 5050 supra
1344 4984 1488 5047 dixi,
1542 4982 1829 5036 Eusebium

283 5049 474 5119 initium
503 5049 767 5105 annorum
794 5049 995 5108 Christi
1026 5067 1167 5107 anno
1198 5049 1302 5106 xm
1337 5053 1597 5119 Augusti,
1651 5068 1833 5107 mense

281 5115 525 5176 Januario
597 5123 966 5178 collocavisse.
1042 5122 1109 5176 E‘t
1181 5124 1259 5192 sic
1327 5115 1664 5192 Epiphanius
1727 5124 1830 5177 ad-

283 5201 452 5270 ventus
483 5194 731 5247 haeresim
776 5193 1068 5264 Alogorum
1107 5208 1175 5249 ex
1208 5190 1740 5259 Eusebii'CItronico,
1776 5203 1832 5248 ut

279 5272 469 5326 Opinor.

341 5330 440 5403 (72)
477 5334 777 5402 Κυρηνίου
828 5335 1294 5407 ἡγεμονεύοντος
1332 5330 1750 5407 τῆς-Συρίας..
1773 5334 1830 5389 Id

282 5410 371 5481 εει,
398 5419 510 5481 cunt
540 5407 796 5481 Quirinus
827 5403 1028 5481 legatus
1052 5416 1185 5481 esset
1228 5403 1422 5481 δεμ-ξω.
1457 5403 1686 5481 begatos
1713 5404 1831 5481 Ca2-

282 5475 399 5544 saris
423 5477 511 5543 qui
537 5481 589 5528 in
624 5479 934 5544 provincias
963 5477 1334 5538 mittebantur,
1371 5475 1546 5528 civilia
1581 5477 1740 5529 simul
1775 5484 1832 5530 et

285 5540 522 5621 militaria.
552 5540 979 5621 re_cturi,_Grteci
1025 5547 1140 5621 fere
1187 5545 1458 5621 ἡγεμόνας
1503 5555 1714 5600 vocant.
1741 5547 1831 5621 ita

284 5606 457 5670 Strabo
509 5615 562 5670 in
593 5616 701 5671 line
744 5606 836 5672 lib.
890 5633 1020 5683 xvn,
1067 5617 1161 5672 Dio
1209 5606 1650 5687 ChrysOStomus,
1703 5617 1830 5671 alti-

286 5694 390 5743 que.

342 5749 440 5828 £73)
483 5755 707 5825 Ταύτης
737 5756 805 5811 δὲ
830 5755 939 5825 τῆς
970 5757 1118 5828 κατὰ
1144 5759 1443 5828 Κυρήνιον
1479 5756 1831 5827 ἀπογραφῆς

296 5817 550 5894 ἰὡσιξπίις
572 5817 950 5899 μνῆμα-δέτι.
970 5817 1240 5901 Ιοεειιιιιιὲ
1259 5817 1472 5901 quidem
1503 5817 1831 5886 meniioueiu
1862 5824 1874 5853 ³

1940 3241 2113 3296 paret,
2146 3227 2465 3287 Tertulliani
2518 3241 2761 3300 tempore
2809 3232 3071 3299 quosdam
3122 3229 3175 3282 in
3210 3227 3505 3300 Evangelio

1937 3302 2094 3356 Lucae
2149 3317 2248 3373 pro
2275 3303 2523 3370 Quirinio
2572 3296 2933 3373 saturniuutn
2984 3299 3202 3373 legisse.
3237 3296 3505 3373 caeterum

1937 3365 2253 3428 mirum-est
2286 3365 2443 3428 illanc
2476 3373 2706 3440 primam
2753 3365 3179 3440 descriptionem
3209 3382 3236 3419 a
3267 3365 3504 3440 Josepho

1936 3445 2358 3511 prtetcrmissam
2396 3437 2583 3506 fuisse,
2622 3443 2712 3511 qui
2742 3453 2920 3496 tamen
2939 3437 3147 3510 patriae
3173 3446 3283 3491 sua:
3327 3437 3502 3511 histo-

1937 3507 2076 3566 riam
2114 3523 2262 3568 tanta
2297 3513 2575 3582 diligentia
2612 3507 2928 3582 persecutus
2959 3507 3081 3576 ’est,
3128 3519 3189 3582 ιιι
3223 3516 3277 3582 et
3311 3507 3500 3582 praesi-

1934 3582 2029 3638 des
2062 3583 2234 3658 Syriae
2263 3577 2453 3639 omnes
2484 3577 2841 3658 recensucrit.
2877 3580 3009 3634 Nam
3037 3589 3092 3634 ct
3121 3579 3368 3658 Sentium
3403 3577 3504 3658 Sa-

1937 3649 2210 3708 turninum
2241 3663 2650 3719 commemorat,
2679 3653 2905 3720 ejusque
2928 3665 3301 3706 successorem
3330 3649 3502 3714 Quiri-

1937 3722 2110 3776 tilium
2144 3723 2371 3778 Varum.
2398 3722 2525 3778 Haec
2560 3739 2682 3778 cum
2710 3719 3056 3792 intelligeret
3088 3719 3392 3792 Eusebius,
3421 3720 3504 3775 sit:

1935 3793 2178 3861 censuit:
2208 3809 2370 3848 unam
2405 3795 2758 3861 eamdemque
2785 3807 2903 3846 esse
2916 3791 3383 3861 descriptionem,
3402 3804 3501 3843 cu-

1929 3860 2019 3930 jus
2049 3863 2219 3918 Lucas
2246 3874 2300 3917 et
2332 3863 2599 3932 Josephus
2629 3858 3036 3925 niendnissent;
3082 3858 3502 3932 sedAJosephum

1935 3928 2045 3986 l'alli
2080 3935 2171 4002 qui
2202 3948 2320 3987 eam
2351 3928 2775 4001 descriptionem
2821 3943 2941 3999 post
2980 3928 3502 4002 relegationemAr-

1935 3997 2122 4077 chelai
2149 4004 2442 4077 contigisse
2488 3997 2774 4077 scriberet.
2814 3997 2999 4077 Itaque
3038 3997 3186 4077 idem
3225 3997 3502 4077 Eusebius

1937 4077 1990 4127 in
2027 4068 2326 4136 Chronico:
2348 4072 2634 4126 tumultum
2674 4073 2820 4125 illmn
2852 4068 3004 4124 Jtida:
3031 4069 3262 4129 Galilaei,
3291 4068 3380 4136 qui
3415 4068 3503 4120 de-

1935 4143 2284 4212 scriptionem
2310 4143 2453 4196 illam
2481 4158 2512 4195 a
2542 4143 2795 4208 Quirinio
2823 4142 3023 4212 factam
3050 4141 3370 4212 subsecutus
3392 4145 3496 4196 est,

1933 4210 2260 4266 sub‘ortum
2307 4212 2508 4267 Christi
2558 4221 2612 4266 et
2662 4222 2905 4266 extrema
2966 4210 3198 4264 Herodis
3252 4219 3499 4276 tempora

1934 4282 2183 4338 collocat.
2217 4282 2400 4352 Neque
2434 4283 2578 4337 enim
2615 4282 3028 4352 adeostupidus
3063 4280 3164 4352 fuit
3211 4277 3499 4352 Eusebius,

1934 4363 1993 4406 ιιι
2022 4367 2128 4407 non
2165 4350 2372 4407 videret
2401 4353 2600 4406 Lucam
2647 4361 2703 4405 et
2745 4351 3040 4420 Josephum
3068 4351 3132 4412 in
3175 4350 3501 4416 assignandu

1936 4421 2322 4492 descriptionis
2378 4432 2620 4492 tempore
2670 4423 2813 4477 inter
2848 4437 2907 4477 se
2936 4421 3244 4476 dissentire.
3288 4421 3500 4492 Quippe

1939 4493 1988 4545 id
2021 4489 2238 4561 patebat
2271 4492 2433 4546 etiam
2459 4489 2624 4546 casco.
2668 4491 2774 4547 Sed
2810 4495 2860 4546 in
2903 4493 3006 4546 hac
3036 4489 3498 4561 dissonantia,_ob

1939 4555 2213 4632 Evangelii
2240 4564 2598 4616 reverentiam
2634 4561 2831 4616 Lucam
2881 4561 3034 4633 sequi
3080 4560 3291 4624 maluit,
3327 4555 3500 4633 etJo-

1934 4628 2111 4700 sepbo'
2126 4635 2282 4685 tidem
2315 4634 2599 4702 abrOgare.
2631 4634 2761 4699 Quae
2776 4628 2997 4702 quidem
3023 4635 3293 4702 sententia
3316 4628 3499 4702 longe

1934 4696 2271 4758 commodior
2306 4713 2389 4756 est
2420 4696 2478 4756 ei
2498 4696 2826 4770 expeditior,
2877 4717 3039 4770 quam
3079 4700 3164 4753 illa
3205 4696 3493 4766 Scaligert,

1933 4773 2025 4842 qui
2091 4773 2228 4827 duas
2299 4772 2467 4826 fuisse
2522 4783 2707 4826 censet
2781 4772 2981 4827 Judaeze
3047 4771 3493 4842 descriptiones;

1934 4838 2224 4912 utramque
2248 4857 2277 4897 a
2313 4843 2560 4909 Quirinio
2595 4847 2809 4896 tactam.
2855 4843 2961 4896 Sed
2999 4843 3049 4893 in
3086 4838 3496 4912 hacdSca‘ligeri

1933 4907 2200 4967 sententia
2232 4907 2395 4966 multa
2419 4922 2922 4980 occurruntparum
2951 4910 3287 4966 verisimilia.
3312 4907 3497 4962 Prnnu

1933 4984 2075 5036 enim
2107 4982 2413 5049 Quirinium
2447 4984 2529 5036 bis
2557 4986 2779 5036 missum
2814 4982 2983 5037 fuisse
3016 4989 3230 5049 oportet
3255 4981 3493 5047 legatqu

1936 5054 1987 5105 in
2023 5051 2236 5123 Syriam
2264 5070 2278 5116 ;
2311 5053 2391 5107 bis
2424 5055 2494 5108 ad
2526 5054 2768 5107 eamdem
2810 5068 2944 5114 rem,
2975 5051 3228 5106 videlicet
3258 5057 3330 5123 ad
3360 5064 3494 5123 cen-

1931 5137 2024 5176 sus
2047 5121 2283 5192 agendos
2313 5137 2327 5175 :
2353 5125 2584 5191 primum
2619 5124 2833 5191 quidem
2858 5125 3005 5177 circa
3036 5130 3214 5175 ortum
3246 5121 3490 5192 Christi:

1933 5190 2126 5246 deinde
2161 5206 2287 5247 vero
2321 5190 2509 5249 decem
2539 5190 2760 5248 circiter
2810 5203 2931 5262 post
2972 5193 3151 5257 annis,
3184 5208 3305 5246 cum
3359 5190 3494 5262 rele-

1933 5271 2090 5329 gatus
2124 5262 2314 5317 fuisset
2340 5264 2657 5319 Archelaus.
2703 5260 2868 5332 Atqui
2913 5277 3017 5317 non
3063 5273 3149 5316 est
3190 5260 3493 5332 probabile,

1934 5334 2181 5387 eumdem
2218 5335 2491 5390 hmninem
2539 5336 2622 5388 bis
2657 5331 2880 5388 missum
2908 5333 3076 5388 fuisse
3105 5333 3172 5387 ad
3202 5331 3493 5400 regendam

1932 5403 2294 5482 provinciam.
2328 5403 2516 5482 Certe
2549 5404 2830 5482 losepbns
2861 5399 3311 5482 diligentissimus
3339 5399 3496 5482 _scri-

1930 5470 2072 5541 ptor,
2099 5489 2221 5528 cum
2243 5475 2471 5545 Quirinii
2503 5470 2790 5545 adventum
2817 5474 2871 5528 in
2899 5470 3113 5545 Syriam
3129 5470 3213 5528 'ac
3249 5470 3493 5545 Judaeum

1932 5553 2136 5607 narrat,
2165 5559 2286 5599 eum
2310 5544 2421 5612 jam
2445 5559 2603 5600 antea
2634 5550 2686 5598 in
2711 5542 3168 5613 Syriam'venisse
3197 5559 3304 5596 non
3337 5542 3492 5613 dicit,

1932 5629 2034 5684 nec
2065 5616 2486 5684 descriptionem
2509 5627 2602 5670 aut
2624 5618 2691 5669 ab
2727 5612 2835 5680 illo,
2869 5625 2963 5668 aut
2994 5618 3060 5668 ab
3091 5615 3200 5668 alio
3234 5612 3492 5684 quopiam

1933 5683 2178 5756 iiomanu
2202 5683 2382 5753 judice
2417 5688 2526 5756 jam
2565 5696 2722 5738 antea
2779 5690 2975 5740 iactant
3015 5685 3200 5738 luisse.
3248 5684 3404 5750 Quod
3447 5683 3494 5736 si

1926 5753 2037 5822 jam
2083 5754 2226 5810 facta
2284 5753 2461 5809 fuerat
2509 5757 2821 5825 descriptio,
2883 5771 2981 5809 cur
3057 5758 3250 5810 iterum
3297 5760 3357 5808 lit
3399 5769 3493 5824 per

1932 5829 2182 5884 eumdem
2212 5825 2430 5884 virum?
2476 5827 2612 5885 Nam
2646 5830 2692 5882 si
2722 5836 2870 5884 recte
2901 5838 2954 5884 et
2982 5829 3099 5886 sine
3137 5829 3332 5885 fraude
3353 5825 3496 5882 iacta
