4054 6456
491 385 562 444 87
1199 381 1470 439 EUSEBH
1509 378 1993 436 CESARIENSIS
2031 378 2182 435 OPP.
2225 378 2406 435 PARS
2446 374 2487 432 l.
2528 408 2594 417 —
2635 375 3022 433 HISTORICA.
3679 375 3752 430 88

489 504 602 556 tius
631 501 792 567 vixit,
826 515 892 556 eo
924 500 1066 571 quod
1115 509 1271 570 paler
1319 515 1418 566 pro
1469 499 1838 569 redemptione
1894 499 2061 569 ipsius

2169 496 2397 560 ἐκείνοις
2427 491 2516 567 ἦν,
2557 496 2644 548 διά
2676 496 2736 548 τὸ
2770 495 2843 568 μὴ
2881 495 3139 550 δύνασθαι
3180 494 3271 549 τὸν
3303 494 3514 568 πατέρα
3537 501 3744 573 πένητα,

488 593 725 664 pretium
761 591 974 649 solvere
1023 608 1135 662 prae
1180 593 1361 663 inapia
1405 607 1512 648 non
1549 591 1773 647 valeret.
1826 589 2069 647 Moribus

490 689 661 758 igitur
702 688 1078 759 institutisque
1123 703 1313 744 eorum
1367 686 1688 752 innutritus,
1746 685 1964 740 tandem
2012 687 2064 740 in

492 778 743 834 notitiam
779 777 1006 833 Hircani
1034 777 1346 834 Judaaorum
1393 776 1697 834 sacerdotis
1742 776 2067 832 amicitiam-

489 884 597 937 que
635 870 910 939 pervenit.
942 869 1113 937 llujus
1145 869 1286 925 ﬁlius
1319 869 1422 923 fuit
1455 867 1696 924 Herodes
1730 869 1774 923 is
1814 870 1906 937 qui
1939 869 2068 924 Ser-

487 961 697 1015 vatoris
747 963 918 1016 nostri
965 963 1306 1032 temporibus
1334 961 1487 1016 vixit.
1520 959 1704 1030 itaque
1730 977 1852 1016 cum
1888 959 2068 1017 Judae-

489 1066 646 1105 orum
677 1067 900 1120 regnum
938 1051 1003 1105 ad
1045 1052 1188 1106 hunc
1239 1051 1503 1107 llerodem
1567 1052 1901 1116 devenisset,
1949 1061 2068 1107 erat

483 1140 595 1209 jam
632 1141 1034 1208 quodammodo
1060 1156 1158 1211 pro
1184 1141 1392 1197 foribus
1422 1142 1665 1211 gentium
1701 1141 2064 1210 exspectatio,

488 1241 648 1299 prout
679 1247 707 1284 a
747 1232 1030 1302 pr0pbetis
1063 1233 1378 1302 praedictum
1425 1233 1608 1287 fuerat
1649 1249 1665 1286 :
1702 1232 1905 1302 quippe
1939 1249 2064 1288 cum

485 1339 552 1378 ex
589 1339 655 1377 eo
685 1333 935 1394 tempore
969 1324 1300 1380 defecissent
1348 1332 1590 1378 rectores
1637 1333 1695 1379 et
1743 1323 1929 1390 duces,
1973 1324 2063 1391 qui

479 1415 593 1484 jam
627 1417 752 1471 inde
773 1417 841 1471 ab
869 1415 984 1484 ipso
1001 1415 1181 1487 Moyse
1208 1431 1303 1488 per
1332 1417 1643 1472 continuam
1663 1417 2064 1472 successionem

486 1507 629 1574 apud
657 1521 755 1562 eos
794 1506 1158 1576 principatum
1195 1518 1506 1562 tenuerant.
1546 1506 1681 1561 Nam
1731 1517 1857 1562 ante
1881 1505 2066 1576 'capti-

469 1601 712 1657 ..vitatem
765 1600 1005 1670 quidem,
1036 1610 1090 1654 et
1139 1601 1454 1670 priusquam
1506 1599 1834 1670 Babylonem
1887 1609 2065 1654 trans-

483 1693 682 1760 portati
729 1691 980 1755 l'uissent,
1029 1706 1218 1762 regum
1264 1692 1494 1760 imperio
1545 1692 1888 1762 agebantur:
1938 1697 2051 1761 pri-

483 1785 669 1855 mique
697 1783 823 1840 Saul
851 1791 906 1839 et
947 1782 1115 1838 David
1163 1795 1318 1853 reges
1361 1782 1607 1838 fuerunt.
1645 1786 1819 1838 Antea
1868 1800 2002 1840 vero
2033 1801 2063 1841 a

2168 588 2300 641 ὄντα
2327 587 2438 658 (82)
2469 587 2641 660 λύτρα
2655 587 3003 641 καταθέσθαι
3031 589 3170 662 ὑπὲρ
3199 589 3386 643 αὐτοῦ.
3434 590 3755 662 Ἐντραιρεὶς

2168 678 2226 732 δὲ
2278 682 2391 744 τοῖς
2443 680 2664 733 ἐκείνων
2698 679 2906 750 ἤθεσιν,
2958 679 3184 751 ὕστερον
3223 681 3474 752 ’Υρκανῷ
3501 681 3581 752 τῷ
3620 683 3755 736 Ἰου-

2167 771 2332 824 δαίων
2364 773 2612 842 ἀρχιερεῖ
2640 771 2910 840 φιλιοῦται
2941 771 3073 841 (83).
3105 771 3292 843 Τούτῳ
3326 775 3456 837 παῖς
3488 773 3694 842 γίνεται
3725 775 3755 828 ό

2168 861 2259 914 ἐπί
2308 860 2402 914 τοῦ
2452 862 2705 933 Σωτῆρος
2750 861 2907 933 ἡμῶν
2952 862 3216 934 Ἡρώδης.
3272 866 3366 928 Et;
3403 865 3466 936 δὴ
3512 863 3606 920 οὖν
3660 866 3754 919 τὸν

2167 954 2405 1007 τοιοῦτον
2450 955 2551 1025 τῆς
2609 955 2875 1008 Ἰουδαίων
2908 955 3298 1027 περιελθούσης
3325 957 3622 1027 βασιλείας,
3657 959 3756 1012 ἐπὶ

2168 1045 2360 1116 θύραις
2387 1046 2487 1118 ἤδη
2509 1047 2601 1100 καὶ
2623 1049 2656 1118 ἡ
2681 1047 2788 1100 τῶν
2817 1046 2982 1100 ἐθνῶν
3013 1047 3320 1113 ἀκολούθως
3343 1052 3409 1121 τῇ
3446 1052 3755 1122 προφητείᾳ

2168 1139 2465 1210 προσδοκία
2497 1140 2700 1212 παρῆν,
2735 1141 2829 1194 ἆτε
2861 1141 3275 1194 διαλελοιπότων
3307 1141 3365 1207 ἐξ
3397 1142 3605 1196 ἐκείνου
3642 1145 3756 1198 τῶν

2169 1232 2299 1303 παρ’
2334 1232 2514 1296 αὐτοῖς
2534 1230 2593 1296 ἐξ
2625 1231 2786 1286 αὑτοῦ
2813 1233 3089 1297 Μωῦσέως
3113 1232 3252 1286 κατά
3279 1232 3527 1305 διαδοχὴν
3551 1235 3757 1307 ἀρξάν-

2167 1341 2273 1377 των
2304 1341 2362 1376 τε
2397 1324 2490 1378 καὶ
2534 1323 2914 1395 ἡγησαμένων.
2954 1325 3069 1396 Πρὸ
3131 1323 3380 1394 μέντοιγε
3423 1325 3520 1398 τῆς
3549 1327 3756 1395 αίχμα-

2167 1417 2365 1480 λωσίας
2396 1415 2573 1470 αὐτῶν
2604 1417 2698 1470 καὶ
2724 1416 2824 1485 τῆς
2857 1418 2935 1480 είς
2952 1415 3244 1468 Βαϐυλῶνα
3276 1419 3752 1486 μεταναστάσεως,

2168 1506 2544 1560 ἐϐασιλεύοντο
2585 1505 2694 1559 ἀπὸ
2720 1506 2892 1560 Σαοὺλ
2921 1505 3140 1578 πρώτου
3176 1506 3270 1560 καὶ
3313 1507 3476 1560 Δαὸὶδ
3509 1507 3757 1581 ἀρξάμεο

2167 1618 2265 1654 νοιο
2296 1600 2402 1672 πρὸ
2442 1600 2498 1653 δὲ
2541 1598 2646 1653 τῶν
2681 1598 2965 1670 βασιλέων,
3003 1599 3262 1672 ἄρχοντες
3295 1601 3490 1664 αὐτοὺς
3519 1601 3751 1664 διεῖπον,

2165 1693 2211 1745 οί
2249 1691 2772 1764 προσαγορευόμενοι
2791 1692 2994 1763 κριταί·
3027 1692 3288 1763 ἄρξαντες
3312 1692 3404 1746 καὶ
3427 1694 3578 1745 αὐτοὶ
3612 1693 3755 1763 μετά

2167 1785 2403 1840 Μωῦσέα
2459 1785 2552 1838 καὶ
2587 1785 2678 1838 τὸν
2717 1785 2909 1838 τούτου
2949 1786 3190 1857 διάδοχον
3237 1787 3461 1857 Ἰησοῦν.
3511 1786 3668 1840 Μετά
3693 1787 3754 1841 δὲ

485 1876 920 1944 magistratibus,
946 1876 1036 1944 qui
1075 1874 1287 1945 iudices
1325 1876 1457 1931 dicti
1502 1883 1650 1943 sunt,
1694 1876 2060 1947 regebantur;

2169 1877 2263 1948 τὴν
2316 1877 2423 1930 ἀπὸ
2475 1875 2794 1942 Βαϐυλῶνος
2848 1877 3105 1931 ἐπάνοδον
3136 1877 3198 1930 ού
3235 1877 3471 1930 διέλιπον
3507 1877 3755 1950 πολιτείᾳ

485 1967 575 2034 qni
603 1967 819 2036 quidem
862 1967 1043 2020 statim
1077 1977 1197 2035 post
1240 1964 1475 2035 Moysen)
1517 1963 1740 2035 ejusque
1783 1983 2064 2022 successo-

487 2074 602 2113 rem
655 2056 839 2112 Jesnm
897 2057 1094 2128 populo
1149 2056 1435 2127 praefuere.
1491 2056 1716 2112 Reversi
1772 2057 1988 2115 demum
2033 2073 2064 2114 e

483 2151 815 2222 Babylonia,
849 2151 1171 2220 optimatum
1205 2149 1433 2220 imperio
1461 2158 1515 2206 et
1539 2165 1836 2220 paucorum
1885 2151 2061 2206 domi-

485 2253 614 2299 natu
651 2245 909 2314 deinceps
937 2243 1012 2297 uti
1041 2257 1281 2313 cmpere.
1319 2242 1522 2297 Rerum
1553 2243 1698 2298 enim
1731 2259 1941 2298 summa
1969 2259 2065 2315 pe-

483 2353 581 2392 nes
605 2337 888 2406 pontiﬁces
920 2343 1076 2391 erat:
1113 2334 1288 2390 donec
1320 2334 1613 2406 Pompeius
1643 2336 1935 2405 proconsul
1969 2352 2064 2406 po-

482 2429 596 2499 puli
632 2429 866 2483 Romani
896 2441 964 2483 eo
996 2427 1315 2492 adveniens,
1346 2421 1790 2498 Hierosolymam
1844 2429 2060 2498 quidem

485 2519 652 2574 armis
685 2518 1034 2590 expugnavit,
1071 2525 1126 2572 et
1152 2516 1219 2571 ad
1247 2515 1501 2573 intimum
1529 2531 1702 2586 usque
1757 2518 2060 2572 sacrarium

481 2625 806 2682 progressus
833 2610 1089 2680 templum
1129 2609 1366 2680 polluit:
1399 2609 1771 2665 Aristobulum
1803 2624 1932 2664 vero
1969 2609 2062 2679 qui

485 2719 584 2774 per
618 2705 820 2759 avitam
850 2703 1251 2759 successionem
1281 2701 1348 2755 ad
1389 2701 1441 2756 id
1479 2716 1652 2770 usque
1709 2710 1924 2770 tempus
1965 2715 2062 2755 rex

486 2797 646 2852 simul
675 2807 728 2853 et
755 2798 1012 2853 sacerdos
1056 2804 1455 2864 permanserat,
1483 2793 1725 2848 vinctum
1761 2808 1885 2848 cum
1927 2794 2063 2848 lihee-

488 2892 562 2945 ris
595 2891 820 2944 Romam
871 2888 1061 2943 misit:
1111 2897 1166 2943 et
1215 2886 1456 2942 Ilircano
1489 2885 1707 2955 quidem
1746 2885 1864 2953 ejus
1900 2883 2060 2941 fratri

482 2977 854 3033 sacerdOtium
889 2977 1131 3042 tradidit,
1157 2976 1471 3030 universam
1527 2983 1708 3029 autem
1749 2973 2060 3032 Judzeorum

483 3075 696 3134 gentem
752 3066 951 3122 exinde
999 3065 1260 3120 Romanis
1313 3064 1658 3119 tributariam
1707 3063 1856 3120 fecit.
1905 3065 2058 3120 Haud

483 3159 654 3212 multo
678 3167 804 3230 post
841 3156 1097 3222 Hircano,
1128 3158 1178 3210 in
1207 3171 1366 3227 quem
1415 3155 1664 3210 ultimum
1715 3158 2058 3210 sacerdotum

484 3252 774 3320 progenies
804 3259 926 3305 erat
958 3249 1235 3314 devoluta,
1271 3265 1300 3302 a
1334 3248 1554 3303 Parthis
1594 3247 1920 3319 intercepto,
1952 3251 2062 3319 pri-

484 3361 631 3408 mus,
659 3354 717 3397 nt
748 3345 882 3408 dixi,
933 3359 999 3398 ex
1059 3344 1374 3414 alienigenis
1423 3341 1666 3397 Herodes
1713 3359 1740 3396 a
1789 3351 1978 3396 senatu
2008 3353 2064 3396 et

481 3441 729 3506 Augusto
751 3434 952 3489 Judzere
991 3449 1216 3502 regnum
1248 3435 1478 3504 accepit.
1511 3433 1628 3500 Quo
1659 3443 1903 3503 tempore
1938 3451 2062 3490 cum

482 3519 689 3580 Christi
723 3521 1023 3595 corporalis
1058 3525 1346 3594 praesentia
1393 3524 1512 3579 orbi
1567 3525 1927 3593 illucescerct,
1969 3542 2064 3581 εις

483 3627 726 3687 spectata
758 3619 842 3673 illa
867 3620 1104 3689 gentium
1139 3619 1286 3673 salus
1316 3619 1520 3672 exitum
1550 3618 1740 3672 sortita
1759 3629 1861 3686 est,
1885 3629 1940 3673 et
1967 3636 2064 3672 na-

483 3712 692 3765 tionum
723 3712 960 3780 vocatio,
995 3721 1154 3780 prout
1182 3711 1567 3782 prophetarum
1598 3712 1836 3766 oraculis
1869 3712 2057 3782 prmdi-

484 3810 633 3854 ctum
684 3799 884 3868 fuerat,
935 3801 1248 3857 subsecuta.
1313 3801 1388 3855 Ex
1441 3816 1550 3870 quo
1600 3801 1764 3856 etiam
1823 3812 2066 3870 tempore

491 3909 615 3946 cum
668 3895 946 3964 principes
980 3903 1034 3950 et
1072 3895 1236 3950 duces
1267 3911 1333 3949 ex
1362 3893 1525 3961 Juda,
1562 3895 1613 3949 id
1647 3905 1732 3950 est
1761 3909 1826 3950 ex
1851 3894 2068 3955 ludam-

481 4005 602 4044 ruIm
627 3997 790 4058 gente
819 3987 1170 4054 defecissent,
1206 3987 1483 4042 successio
1517 3989 1717 4041 summi
1747 3987 2064 4054 sacerdotii,

437 4070 440 4072 ’
482 4081 629 4149 quod
667 4095 763 4150 per
795 4081 1011 4151 generis
1051 4080 1365 4135 continuam
1413 4083 1611 4134 seriem
1665 4080 1917 4147 proximo
1946 4081 2065 4136 cui-

417 4225 422 4234 ,
481 4187 589 4242 que
626 4173 890 4226 hactenus
915 4171 1356 4226 constantissime
1382 4171 1621 4226 delatum
1652 4171 1853 4232 fuerat,
1876 4187 2067 4226 conse-

481 4273 717 4334 quenter
765 4262 975 4316 turbari
1021 4272 1203 4331 coapta
1237 4263 1344 4331 20
1371 4273 1470 4317 est.
1519 4261 1690 4330 Hujus
1719 4264 1796 4318 rei
1828 4262 2068 4333 locuple-

483 4357 758 4411 tissimum
815 4363 1009 4409 testem
1056 4355 1227 4408 habes
1273 4353 1590 4423 Josephutn,
1645 4355 1736 4424 qui
1798 4353 2066 4410 Herodem

424 4459 434 4468 ‘
482 4449 699 4513 scribit,
734 4459 1021 4517 postquam
1075 4461 1170 4500 rex
1205 4443 1404 4500 Judaeae
1433 4461 1464 4499 a
1492 4445 1756 4501 Romanis
1804 4447 2068 4502 constitu-

2166 1967 2434 2039 χρώμενοι
2454 1969 2880 2042 ἀριστοκρατικῇ
2907 1969 3045 2039 μετά
3071 1969 3406 2041 ὀλιγαρχίας.
3433 1971 3494 2024 Oi
3521 1971 3628 2041 γὰρ
3652 1971 3755 2042 ἀρ-

2166 2063 2371 2130 χιερεῖς
2433 2062 2864 2132 προεστήκεισαν
2912 2061 3022 2115 τῶν
3057 2063 3418 2133 πραγμάτων,
3477 2063 3636 2134 ἄχρις
3687 2056 3751 2118 οὗ

2165 2149 2448 2221 Πομπήϊος
2508 2149 2792 2220 Ῥωμαίων
2850 2151 3155 2223 στρατηγὸς
3216 2153 3464 2216 ἐπιστὰς,
3513 2153 3612 2224 τὴν
3650 2153 3752 2224 μὲν

2179 2239 2531 2312 Ἰερουσαλὴμ
2578 2240 2858 2314 πολιορκεῖ
2910 2243 3277 2314 κατακράτος,
3332 2243 3530 2314 μιαίνει
3578 2261 3638 2297 τε
3682 2243 3753 2298 τά

2165 2329 2296 2399 ἅγια
2333 2331 2496 2403 μέχρι
2529 2331 2637 2384 τῶν
2685 2331 2895 2386 ἀδύτων
2920 2332 3014 2386 τοῦ
3049 2333 3194 2406 ἱεροῦ
3226 2333 3522 2405 προελθών.
3560 2336 3664 2388 Τὸν
3693 2336 3752 2390 δέ

2165 2424 2229 2476 ἐκ
2260 2423 2539 2494 προγόνων
2571 2424 2821 2496 διαδοχῆς
2864 2427 2944 2489 είς
2982 2429 3156 2481 ἐκεῖνο
3184 2427 3276 2480 τοῦ
3304 2428 3498 2500 καιροῦ
3531 2429 3752 2501 διαρκέ-

2167 2529 2332 2566 σαντα
2357 2513 2579 2583 βασιλέα
2611 2531 2669 2567 τε
2710 2514 2848 2586 ὁμοῦ
2890 2516 2982 2570 καὶ
3019 2519 3304 2589 ἀρχιερέα,
3343 2518 3754 2590 Ἀριστόϐουλος

2163 2605 2334 2676 ὄνομα
2359 2603 2426 2677 ἦν
2454 2605 2622 2677 αὐτῷ,
2657 2606 2877 2677 δέσμιον
2906 2607 3000 2662 ἐπὶ
3036 2608 3253 2680 Ῥώμην
3276 2609 3392 2679 ἅμα
3418 2609 3628 2673 τέκνοις
3658 2611 3755 2663 ἐκ·

2165 2698 2405 2768 πέμψας,
2449 2697 2699 2770 Ὑρκανῷ
2734 2699 2832 2770 μὲν
2862 2699 2939 2771 τῷ
2981 2700 3169 2754 τούτου
3204 2700 3417 2772 ἀδελφῷ
3448 2700 3544 2773 τὴν
3563 2701 3755 2774 ἀρχιε-

2176 2798 2424 2876 ρωσύνην
2478 2793 2811 2868 παραδίδωσί
2864 2810 2923 2846 τε
2972 2791 3068 2845 καὶ
3118 2792 3225 2844 πᾶν
3285 2790 3550 2843 Ἰουδαίων
3601 2790 3758 2853 ἔθνος

2175 2895 2235 2962 ἐξ
2278 2893 2486 2947 ἐκείνου
2545 2888 2833 2960 Ῥωμαίοις
2879 2886 3148 2957 ὑπόφορον
3199 2884 3586 2955 κατεστήσατο.
3642 2884 3756 2936 Αύ-

2174 2991 2303 3044 τίκα
2326 2987 2454 3056 γοῦν
2485 2985 2579 3039 καὶ
2619 2979 2908 3054 Ὑρκανοῦ,
2942 2981 3021 3042 είς
3051 2980 3110 3032 ὃν
3153 2977 3379 3030 ὕστατον
3414 2976 3484 3028 τὰ
3515 2975 3615 3044 τῆς
3645 2975 3758 3027 τῶν

2173 3077 2477 3150 ἀρχιερέων
2514 3073 2772 3146 περιέστη
2817 3071 3084 3141 διαδοχῆς,
3131 3069 3235 3121 ὑπὸ
3274 3067 3506 3138 Πάρθων
3551 3069 3758 3136 αίχμα-

2174 3173 2345 3229 λώτου
2385 3169 2702 3243 ληφθέντος,
2743 3167 2989 3240 πρῶτος,
3029 3164 3104 3227 ὼς
3141 3161 3270 3232 γοῦν
3311 3161 3481 3232 ἔφην,
3521 3160 3758 3228 ἀλλόφυ-

2172 3268 2262 3330 λος
2312 3262 2560 3337 Ἥρώδης
2601 3263 2704 3314 ὑπὸ
2729 3261 2827 3332 τῆς
2866 3257 3168 3329 συγκλήτου
3212 3255 3496 3326 Ῥωμαίων
3529 3254 3620 3306 καὶ
3657 3255 3760 3306 Αύ-

2175 3357 2408 3428 γούστου
2451 3353 2712 3425 βασιλέως
2748 3351 2808 3404 τὸ
2857 3349 3127 3404 Ἰουδαίων
3179 3346 3330 3411 ἔθνος
3367 3345 3755 3417 ἐγχειρίζεται.

2176 3449 2312 3505 Καθ’
2349 3448 2409 3504 ὃν
2447 3445 2722 3519 ἐναργῶς,
2761 3443 2861 3513 τῆς
2909 3441 3004 3495 τοῦ
3051 3439 3286 3512 Χριστοῦ
3326 3439 3626 3510 παρουσίας
3664 3440 3756 3492 ἐν-

2179 3541 2415 3610 στάσης,
2475 3539 2582 3590 τῶν
2634 3536 2801 3589 ἐθνῶν
2848 3537 2881 3605 ή
2924 3533 3349 3606 προσδοκωμένη
3405 3531 3644 3603 σωτηρία
3691 3548 3755 3584 τε

2174 3634 2268 3688 καὶ
2315 3632 2510 3703 κλῆσις
2551 3631 2659 3701 (84)
2699 3628 3005 3691 ἀκολούθως
3052 3629 3120 3698 τῇ
3161 3625 3467 3697 προφητεία
3506 3643 3757 3697 παρηκο-

2171 3723 2459 3796 λούθησεν·
2493 3724 2550 3790 ἐξ
2578 3719 2640 3776 οῦ
2685 3722 2749 3794 δὴ
2792 3722 2984 3792 χρόνου
3025 3719 3136 3773 τῶν
3168 3719 3227 3784 ἐξ
3271 3719 3440 3773 Ἰούδα
3474 3719 3754 3790 ἀρχόντων

2171 3835 2231 3871 τε
2273 3818 2366 3871 καί
2404 3817 2758 3888 ἡγουμένων,
2795 3815 2940 3884 λέγω
2984 3815 3041 3868 δέ
3079 3814 3190 3867 τῶν
3234 3815 3298 3866 ἐκ
3343 3811 3437 3865 τοῦ
3483 3812 3752 3864 Ἰουδαίων

2173 3908 2358 3972 ἔθνους
2390 3908 2823 3972 διαλελοιπότων,
2853 3906 3078 3970 εἰκότως
3102 3905 3282 3969 αὐτοῖς
3311 3905 3406 3958 καὶ
3437 3903 3505 3958 τὰ
3550 3905 3648 3974 τῆς
3686 3905 3754 3957 ἐκ

2174 3997 2453 4069 προγόνων
2506 3996 2780 4061 εὐσταθῶς
2838 3996 2929 4053 ἐπὶ
3001 3997 3128 4059 τοὺς
3191 3996 3416 4064 ἔγγιστα
3475 3991 3752 4063 διαδόχους

2174 4091 2314 4144 κατὰ
2353 4088 2544 4157 γενεὰν
2595 4089 2888 4160 προϊούσης
2925 4088 3367 4160 ἀρχιερωσύνης,
3409 4088 3748 4158 παραχρῆμα

2176 4185 2468 4254 συγχεῖται.
2518 4183 2702 4252 Ἔχεις
2741 4181 2835 4234 καὶ⁷
2877 4181 3082 4234 τούτων
3132 4181 3395 4252 ἀξιόχρεω
3435 4180 3526 4232 τὸν
3558 4179 3750 4250 Ἰώση-

2176 4292 2273 4328 πον
2299 4275 2570 4345 μάρτυρα,
2597 4272 2859 4340 δηλοῦντα
2889 4273 2965 4337 ὡς
2991 4273 3089 4344 τῆν
3121 4273 3392 4342 βασιλείαν
3427 4273 3577 4343 παρὰ
3615 4273 3750 4324 Ῥω⁹

2176 4365 2349 4434 μαίων
2383 4365 2704 4434 ἐπιτραπεὶς
2749 4365 3015 4436 Ἡρώδης,
3046 4365 3226 4420 οὐκέτι
3261 4366 3387 4429 τοὺς
3425 4366 3484 4430 ἐξ
3516 4363 3743 4436 ἀρχαίου

2173 4453 2364 4522 γένους
2420 4451 2737 4524 καθίστησιν
2790 4456 3063 4528 ἀρχιερεῖς
3089 4495 3104 4520 ,
3143 4456 3276 4510 ἀλλά
3328 4474 3468 4510 τισιν
3507 4457 3745 4526 ἀσήμοις

483 4555 573 4600 tus
601 4552 708 4611 est,
744 4559 850 4598 non
882 4542 1114 4611 amplius
1147 4555 1213 4598 ex
1246 4542 1468 4610 antiqua
1519 4541 1834 4612 pontificum
1890 4543 2061 4610 stirpe

2170 4543 2268 4615 τὴν
2301 4545 2464 4618 τιμὴν
2497 4548 2785 4621 ἀπένεμεν·
2818 4550 2885 4604 τά
2917 4552 3077 4622 ὅμοια
3105 4552 3162 4606 δὲ
3195 4551 3396 4624 πρᾶξαι
3429 4553 3504 4624 τῷ
3536 4554 3750 4626 Ἡρώδῃ

484 4652 734 4693 summos
787 4638 1103 4692 sacerdotes
1155 4635 1446 4698 crcavisse,
1494 4633 1590 4688 sed
1633 4633 1959 4702 ignobilibus
2008 4642 2064 4689 et

485 4729 739 4784 obscuris
766 4727 1090 4798 quibusdam
1125 4725 1435 4781 hominibus
1459 4725 1719 4781 honorem
1745 4723 1896 4778 illum
1927 4737 2061 4779 con-

541 5001 673 5072 (82),
692 5000 1126 5072 Vulg.:zrwxdr
1167 5002 1332 5056 ὄντα.
1381 5003 1454 5056 ita
1488 5004 1705 5072 quidem
1747 5005 1915 5059 codex
1947 5005 2052 5061 Re-

467 5072 611 5142 gius.
642 5071 746 5126 Sed
780 5071 972 5142 reliqui
1006 5088 1220 5138 omnes,
1247 5072 1386 5128 Med.
1418 5071 1624 5128 scilicet
1661 5084 1714 5129 et
1751 5075 1886 5128 Maz.
1929 5091 2052 5130 cum

468 5142 608 5217 Fuk.
637 5158 701 5198 ac
726 5142 901 5217 _S_avil.
943 5144 1206 5217 scriptum
1243 5144 1443 5217 habent
1470 5145 1677 5217 πένητα
1719 5145 1869 5208 ὄντα,
1895 5147 2056 5217 longe

468 5212 692 5286 rectius.
724 5212 860 5268 Nam
902 5214 1117 5284 πτωχός
1156 5215 1372 5284 proprie
1404 5212 1712 5270 mendicum
1761 5212 2052 5286 signiﬁcat,

467 5283 563 5354 qni
595 5285 796 5356 stipem
821 5286 994 5356 poscit
1022 5283 1091 5339 ab
1135 5283 1585 5350 occurrentibus;
1619 5283 1929 5356 cuiusmodi
1959 5303 2056 5343 ne-

465 5369 743 5425 quaquam
777 5354 876 5408 t‘uit
910 5354 1152 5425 Herodes
1181 5367 1330 5424 pater
1356 5356 1642 5425 Antipatri.

539 5423 653 5496 (83)
686 5426 1009 5480 Φιλιοῦται.
1045 5423 1250 5480 Omnes
1298 5423 1736 5496 nosti-{codices
1772 5445 1884 5485 uno
1919 5445 2052 5485 con-

465 5509 629 5550 sensu
688 5498 977 5570 scrip_tum_
1004 5497 1260 5550 exhibent
1299 5495 1568 5570 φιλοῦται.
1611 5496 1780 5562 Quem
1832 5502 2052 5570 quidem

465 5580 796 5622 consensum
836 5567 1263 5639 haudquaquam
1289 5567 1667 5639 negligendum
1702 5567 2066 5639 putol'l‘otus.

465 5647 646 5710 autem
678 5637 909 5710 locusin
941 5637 1792 5710 vetustissiinodcoiliceVMaz.rita
1826 5641 2049 5710 legitur:

465 5705 784 5782 Ἶξντρ-αςρείς
813 5707 868 5782 δὲ
899 5710 1014 5782 τοῖς
1032 5707 1279 5782 ἐκείνων
1307 5708 1505 5782 ἔθεσιν,
1534 5709 1758 5781 ὕστερον
1802 5705 2052 5782 ’Υρκανῴ

465 5776 543 5846 τῷ
573 5777 678 5853 τῶν
701 5777 987 5853 -Ἰουδαίων
1019 5779 1265 5853 ἀρχιερεῖ
1287 5779 1547 5853 *φιλοῦται
1569 5820 1582 5840 ,
1623 5776 1785 5850 quam
1817 5776 2051 5853 scriptu;

466 5863 578 5903 tam
611 5848 662 5902 in
699 5847 832 5904 Med.
872 5847 1088 5918 quoque
1123 5847 1339 5907 ctrl’uk.
1374 5847 1652 5910 codicibus
1676 5854 1867 5912 τοιδέ-ἠ.

2173 4653 2238 4688 πε
2249 4636 2302 4708 ρὶ
2326 4639 2426 4708 τῆς
2459 4641 2842 4706 καταστάσεως
2873 4641 2980 4694 τῶν
3009 4643 3328 4714 ἀρχιερέων,
3371 4645 3660 4716 Ἀρχέλαόν
3689 4663 3751 4698 τε

2170 4727 2261 4783 τὸν
2292 4730 2454 4785 παῖδα
2475 4731 2660 4796 αὑτοῦ,
2682 4733 2775 4789 καὶ
2803 4733 2938 4804 μετά
2959 4732 3147 4788 τοῦτον
3184 4736 3505 4806 Ῥωμαίους,
3526 4737 3626 4807 τὴν
3653 4738 3753 4808 ἀρο

2237 5005 2349 5074 (84)
2384 5002 2542 5074 Vulg.
2580 5003 2843 5074 σωτηρία
2871 5004 3044 5074 τέλος
3073 4998 3519 5074 ἐλάμϐανεζηκιξί
3550 4999 3588 5067 ἡ
3625 4997 3748 5074 τῶν

2163 5069 2356 5130 soi-oi»
2383 5069 2626 5143 κλῆσις.
2657 5073 2711 5127 In
2729 5069 2928 5130 ‘codice
2957 5071 3136 5143 Regio
3177 5069 3323 5127 totus
3367 5069 3639 5143 hicAlocus
3663 5070 3742 5143 ita

2165 5149 2370 5225 legitur
2402 5164 2414 5200 :
2464 5140 2528 5199 .L.
2564 5145 2851 5225 ἐνστάσης,
2896 5142 3005 5225 τῶν
3041 5143 3212 5225 ἐθνῶν
3250 5143 3282 5213 ἡ
3320 5140 3745 5225 προσδοκωμένη

2166 5209 2407 5287 σωτηρία
2455 5232 2516 5287 τε
2565 5215 2658 5268 καὶ
2707 5209 2900 5287 κλῆσις
2938 5209 3392 5287 ἀκουλούθως-τῇ
3440 5209 3747 5287 προφητεία

2164 5281 2664 5358 παρηκολούθησεν.
2706 5281 2882 5358 Quam
2927 5285 3142 5358 quidem
3186 5281 3492 5358 lect_ionem_
3517 5281 3750 5350 vulgata:

2053 5369 2062 5387 ’
2163 5349 2446 5436 scriptura;
2502 5349 2660 5436 longe
2703 5349 3093 5436 p'rmferendam
3135 5354 3414 5436 existimo.
3450 5349 3548 5432 ⁸Ιιιι
3581 5349 3752 5436 certe

2164 5421 2290 5497 legit.
2324 5426 2575 5489 Rutinus,
2598 5421 2684 5480 sic
2704 5421 2858 5480 cnim
2885 5425 3050 5480 vertit
3080 5440 3092 5476 :
3130 5422 3236 5497 Sub_
3272 5439 3374 5492 quo
3396 5461 3410 5483 ,
3443 5421 3751 5497 imminente

2157 5492 2273 5568 join
2306 5497 2601 5552 Saluatoris
2630 5497 2877 5561 adventu,
2908 5496 3071 5568 etiam
3099 5495 3329 5564 gentium
3369 5492 3516 5548 salus
3539 5533 3551 5550 .
3575 5501 3633 5568 et_
3654 5506 3749 5543 vo-

2164 5561 2301 5622 ratio
2347 5576 2649 5637 exspectata
2698 5568 2830 5630 illa,
2881 5561 3162 5637 secundum
3211 5581 3272 5616 ea
3319 5579 3436 5632 qua:
3481 5561 3750 5637 prop/tem;

2162 5630 2543 5709 prwdixeront,
2577 5648 2854 5709 consecuta
2881 5645 2978 5709 est.
3012 5635 3242 5709 Vulgata
3279 5630 3459 5688 tamen
3494 5633 3652 5686 lectio
3676 5630 3747 5709 ad

2160 5703 2310 5764 oram
2349 5708 2556 5763 codicis
2585 5706 2734 5774 Regii
2765 5707 3003 5775 ascripta
3026 5703 3330 5760 est—eadem
3363 5717 3525 5760 manu
3553 5718 3567 5770 ;
3601 5711 3656 5758 et
3687 5703 3744 5758 in

2162 5779 2440 5837 codicibus
2473 5777 2634 5846 Maz.,
2662 5777 2799 5836 Med.
2837 5793 2900 5834 ac
2925 5776 3061 5834 Fuk.
3089 5775 3338 5834 habetur.
