4034 6450
320 331 387 385 89
1355 329 1705 386 ﬂlSTORl/E
1748 327 2303 384 ECCl.ESl.\STlC..-E
2345 330 2473 385 LIB.
2518 329 2557 383 Ι.
2667 399 2672 402 _
3502 333 3566 394 9C

318 450 414 520 χὴν
437 448 550 500 τῶν
585 447 867 502 Ἰουδαίων
897 449 1322 521 παρειληφότας.
1367 451 1424 504 Ὀ
1466 451 1510 503 δ’
1545 448 1706 509 αὐτὸς
1739 446 1879 516 δηλοῖ

2016 445 2222 500 tulisse.
2253 445 2450 500 Eadem
2481 448 2532 500 iu
2569 445 2917 515 designandis
2963 447 3340 504 sacerdotibus
3387 450 3576 506 obsera

316 543 386 604 ὡς
415 541 522 608 ἀρα
556 540 655 592 καὶ
684 542 783 612 τὴν
813 543 964 612 ἱερὰν
997 541 1187 614 στολὴν
1214 542 1306 596 τοῦ
1353 543 1674 614 ἀρχιερέως,
1694 539 1906 610 πρῶτος

325 630 571 701 Ἡρώδης
589 632 955 698 ἀποκλείσας,
986 635 1092 687 ὑπὸ
1126 634 1258 687 ίδίαν
1290 634 1560 705 σφραγῖδα
1589 631 1900 701 πεποίηται,

313 723 502 793 μηκέτ’
539 724 725 792 αὐτὴν
745 727 855 788 τοῖς
889 726 1233 798 ἀρχιερεῦσιν
1261 726 1400 796 ἔχειν
1421 726 1508 793 ὑφ’
1537 725 1758 787 ἑαυτοὺς
1785 726 1904 776 ἐπι-

307 816 533 887 τρέψας·
567 818 747 869 ταύτὸ
773 818 828 870 δὲ
863 819 956 872 καὶ
991 819 1083 872 τὸν
1117 820 1232 889 μετ’
1268 819 1430 872 αὑτὸν
1466 817 1771 888 Ἀρχέλαον,
1809 817 1902 868 καὶ

307 906 441 976 μετά
471 906 676 960 τοῦτον
716 910 1018 978 Ῥωμαίους
1067 909 1485 981 διαπράξασθαι.
1521 908 1632 962 Καὶ
1661 907 1831 960 ταῦτα
1856 908 1900 960 δ’

305 998 432 1066 ημῖν
461 997 742 1068 εἰρήσθω,
775 1000 854 1062 εἱς
887 1000 1078 1069 ἐτέρας
1105 999 1372 1063 ἀπόδειξιν
1399 996 1734 1070 προφητείας
1761 996 1901 1050 κατὰ

301 1088 396 1158 τὴν
445 1089 788 1156 ἐπιφάνειαν
815 1091 908 1143 τοῦ
953 1093 1216 1163 Σωτῆρως
1259 1091 1413 1162 ἡμῶν
1456 1089 1632 1163 Ἰησοῦ
1666 1088 1898 1159 Χριστοῦ

301 1183 762 1254 πεπερασμένης.
805 1185 1124 1250 Σαφέστατα
1153 1184 1280 1252 γοῦν
1329 1185 1386 1236 ὲν
1427 1183 1505 1252 τῷ
1536 1181 1728 1251 Δανιὴλ
1756 1181 1901 1232 ἐϐδο-

305 1272 486 1340 μάδων
534 1273 712 1326 τινῶν
752 1274 982 1345 ἀριθμὸν
1026 1275 1280 1344 ὀνομαστὶ
1322 1274 1426 1336 ἓως
1470 1270 1706 1343 Χριστοῦ
1738 1273 1899 1339 ἡγου-

303 1361 464 1432 μένου
496 1365 822 1434 περιλαϐὼν
855 1368 884 1418 ὁ
932 1366 1109 1434 λόγος,
1154 1366 1279 1435 περὶ
1320 1359 1394 1418 ὧν
1439 1367 1495 1417 ἐν
1539 1363 1745 1434 ἑτέροις
1770 1363 1898 1414 διει-

303 1453 550 1521 λήφαμεν
596 1455 746 1525 (85),
794 1456 932 1526 μετὰ
966 1457 1026 1509 τὸ
1066 1457 1269 1510 τούτων
1311 1456 1685 1526 συμπέρασμα
1723 1453 1898 1519 ἐξολο-

301 1538 711 1611 Θρευθήσεσθ-αι
751 1546 812 1598 τὸ
850 1546 1000 1618 παρὰ
1035 1546 1303 1608 Ἰουδαίοις
1318 1549 1521 1616 χρῖσμα
1545 1542 1892 1615 προφητεύει.

301 1634 405 1685 Καὶ
430 1635 597 1688 τοῦτο
631 1637 692 1689 δὲ
732 1637 918 1705 σαφῶς
946 1637 1084 1691 κατὰ
1114 1639 1202 1691 τὸν
1234 1638 1421 1708 καιρὸν
1462 1637 1560 1707 τῆς
1598 1635 1691 1689 τοῦ
1723 1637 1899 1706 Σωτῆ-

301 1737 386 1793 ρος
423 1725 592 1795 ἡμῶν
655 1728 833 1798 ’ῐησοῦ
876 1728 1116 1800 Χριστοῦ
1165 1731 1466 1797 γεννήσεως
1515 1728 1893 1782 ἀποδείκνυται

2011 553 2170 590 vasse
2203 539 2280 591 ait
2315 539 2641 593 Archelaum
2674 538 2909 593 lleroilis
2942 539 3130 602 lilium,
3160 555 3224 594 ac
3253 541 3445 594 deinde
3469 539 3578 595 Ro-

2011 643 2221 690 manos,
2268 630 2357 696 qui
2417 638 2537 696 post
2589 629 2736 682 illum
2779 626 2977 681 Judreaa
3023 630 3304 697 imperium
3347 645 3578 697 occupa-

2011 729 2157 776 runt.
2198 721 2338 774 Idem
2373 721 2488 788 ipse
2537 719 2808 789 Josephus
2854 721 3021 774 tradit
3051 722 3286 789 primum
3336 723 3574 777 omnium

2013 812 2276 866 Herodem
2303 827 2515 865 sacram
2545 812 2848 866 sacerdotis
2875 820 3080 866 vestem
3129 812 3228 866 sub
3259 812 3468 881 privato
3497 814 3574 867 si-

2008 903 2134 973 gillo
2183 903 2420 958 tenuisse
2464 902 2796 967 conclusam,
2838 918 2938 957 nec
2973 903 3231 972 deinceps
3273 904 3576 959 sacerdoti-

2009 997 2110 1048 bus
2138 995 2449 1064 permisisse
2498 1004 2557 1048 ut
2601 995 2748 1048 illam
2797 1010 2962 1063 penes
2987 1011 3045 1050 se
3074 996 3338 1050 haberent
3366 1015 3378 1050 :
3408 997 3577 1051 idem-

2006 1099 2110 1155 que
2139 1085 2206 1138 ab
2269 1085 2537 1140 Archelao
2596 1087 2711 1156 ejus
2774 1102 3084 1143 successore
3133 1097 3188 1142 et
3245 1104 3274 1141 a
3316 1086 3574 1144 Romanis

2006 1185 2194 1246 postea
2226 1175 2428 1229 factum
2476 1175 2662 1231 fuisse.
2687 1177 2862 1245 Atque
2890 1177 3006 1231 haec
3039 1193 3065 1231 a
3098 1178 3254 1233 nobis
3281 1178 3426 1233 dicta
3465 1178 3574 1234 sint

2004 1268 2070 1321 ad
2121 1268 2580 1337 comprobandam
2639 1269 2925 1323 veritatem
2983 1269 3202 1324 alterius
3255 1270 3569 1339 prophetiae,

2004 1375 2125 1426 qum
2187 1359 2239 1412 iu
2289 1358 2526 1412 adventu
2602 1358 2911 1414 Servatoris
2962 1360 3173 1415 Domini
3221 1364 3387 1416 nostri
3445 1360 3570 1416 Jesu

2002 1452 2208 1508 Christi
2241 1453 2447 1506 exitum
2481 1453 2675 1505 sortita
2714 1461 2817 1506 est.
2861 1453 3071 1506 Etenim
3108 1454 3159 1506 in
3202 1454 3342 1508 libro
3374 1454 3569 1508 Danie-

2005 1545 2088 1607 lis,
2119 1555 2401 1614 pOStquam
2432 1555 2640 1599 certum
2672 1559 2956 1599 numerum
3007 1547 3430 1614 septimauarum
3481 1561 3569 1600 us-

2003 1651 2108 1704 que
2138 1635 2203 1688 ad
2232 1635 2438 1688 Christi
2477 1634 2841 1704 principatum
2875 1649 3028 1689 saera
3067 1635 3345 1705 Scriptura
3395 1637 3570 1690 nomi-

2006 1729 2171 1781 natim
2203 1727 2540 1794 percensuit,
2575 1726 2641 1780 de
2676 1727 2872 1795 quibus
2899 1727 3027 1783 alibi
3061 1729 3439 1792 disseruimus,
3482 1731 3567 1784 his

300 1816 883 1888 συμπεπληρωμένον.
915 1819 1100 1874 Ταῦτα
1119 1821 1161 1874 δ’
1190 1823 1318 1890 ἡμῖν
1338 1819 1651 1887 ἀναγκαίως
1684 1821 1763 1882 είς
1797 1836 1879 1872 πα·

2000 1820 2216 1871 demum
2261 1817 2570 1886 completis,
2618 1818 2759 1872 sacri
2793 1820 2897 1874 olei
2939 1820 3251 1874 unctionem
3289 1819 3427 1888 apud
3469 1819 3565 1874 Ju-

301 1905 562 1975 ράττασιν
578 1909 690 1978 τῆς
719 1910 825 1963 τῶν
850 1912 1056 1982 χρόνων
1089 1911 1345 1983 ἀληθείας
1377 1909 1822 1983 προτετηρήσθω.

2006 1909 2148 1963 δάιος
2190 1907 2510 1963 abolendam
2565 1924 2687 1964 esse
2737 1910 2998 1979 prmdicit.
3053 1911 3203 1977 Quod
3250 1911 3465 1979 quidem
3500 1926 3564 1964 eo

300 1999 415 2068 ipso
445 2018 561 2069 quo
595 2004 870 2060 Servator
900 2017 1082 2061 noster
1113 2006 1270 2062 Jesus
1313 2006 1566 2062 Christus
1606 2016 1765 2059 natus
1791 2012 1875 2059 est
1907 2012 2168 2075 tempore,
2207 2003 2494 2058 manifeste
2527 2005 2804 2084 impletum
2833 2021 2955 2062 esse
2983 2007 3342 2062 convincitur.
3389 2008 3600 2077 Atque‘

299 2092 410 2149 haec
435 2096 508 2151 ad
543 2101 950 2155 ostendendam
997 2110 1296 2170 temporum
1330 2101 1612 2156 veritatem
1646 2099 1952 2155 necessario
1974 2114 2002 2153 a
2034 2099 2186 2154 nobis
2213 2099 2489 2170 praemissa
2529 2099 2659 2152 sint.

851 2243 1245 2296 ΚΕΦΑΛΑῘΟΝ
1289 2243 1364 2298 Z‘.

301 2371 435 2439 Περὶ
505 2371 627 2439 τῆς
686 2372 758 2426 ἐν
811 2373 955 2442 τοῖς
1042 2373 1428 2442 Εὑαγγελίοις
1503 2370 1888 2442 νομιζομένης

1198 2444 1222 2454 ~

367 2443 710 2514 διαφωνίας
745 2441 889 2514 -ζῆςψ
926 2443 1056 2510 περὶ
1119 2441 1225 2514 ¹ζοῦ
1291 2443 1549 2512 Χριστοῦ
1610 2441 1887 2514 γενεαλο-

366 2514 500 2582 τίας
539 2513 695 2576 (Nic.
737 2511 808 2564 11.
847 2513 983 2576 [5.1,
1009 2515 1062 2578 7,
1095 2513 1204 2583 1-1).

375 2604 602 2674 Ἐπειδὴ
630 2604 692 2657 δὲ
723 2603 822 2675 τὴν
851 2604 978 2675 περὶ
1007 2603 1100 2657 τοῦ
1125 2601 1359 2674 Χριστοῦ
1399 2605 1747 2674 γενεαλογίαν
1775 2607 1888 2660 δια-

300 2695 474 2767 φόρως
502 2698 645 2766 ἡμῖν
678 2698 706 2749 ὅ
744 2715 803 2749 τε
848 2697 1123 2761 Ματθαίος
1155 2699 1248 2752 καὶ
1300 2703 1328 2753 ὁ
1359 2701 1568 2761 Λουκᾶς
1603 2701 1885 2770 εὐαγγελι-

301 2785 509 2856 ζόμενοι
539 2785 992 2858 παραδεδώκασι,
1022 2787 1307 2856 διαφωνεῖν
1339 2807 1396 2841 τε
1430 2790 1735 2860 νομίζονται
1771 2795 1884 2856 τοῖς

299 2878 529 2941 πολλοῖς,
565 2879 684 2931 τῶν
707 2878 762 2931 δὲ
792 2880 997 2932 πιστῶν
1041 2879 1266 2944 ἕκαστος
1304 2881 1411 2952 (86)
1452 2883 1642 2953 ἀγνοίᾳ
1674 2886 1720 2936 τ’
1755 2885 1884 2956 ἀλη-

301 2964 418 3027 Θοῦς
474 2966 852 3037 εὑρεσιλογεῖν
903 2971 982 3031 εἰς
1026 2970 1150 3032 τοὺς
1197 2971 1396 3034 τόπους
1439 2973 1882 3046 πεφιλοτίμηται,

300 3059 425 3127 ιξέρε
477 3060 578 3111 καὶ
625 3060 728 3129 τὴν
771 3061 899 3132 περὶ
942 3061 1144 3113 τούτων
1197 3063 1559 3116 κατελθοῦσαν
1606 3067 1686 3128 είς
1739 3069 1884 3137 ἡμᾶς

303 3151 540 3220 ἱστορίαν
589 3151 990 3222 παραθῶμεθα,
1038 3153 1103 3224 ἢν
1135 3152 1199 3205 δι’
1232 3153 1518 3223 ἐπιστολῆς
1578 3155 1882 3231 Ἀριστείδῃ

299 3245 522 3314 γράφων
574 3247 708 3317 περὶ
753 3246 1066 3315 συμφωνίας
1118 3245 1217 3315 τῆς
1260 3247 1316 3298 ἐν
1364 3249 1476 3311 τοῖς
1530 3247 1881 3317 Εὑαγγελίοις

303 3339 677 3406 γενεαλογίας,
705 3341 732 3390 ὁ
764 3338 942 3409 μικρῷ
973 3337 1204 3409 πρόσθεν
1233 3340 1363 3410 ἡμῖν
1391 3340 1652 3411 δηλωοεὶς
1690 3341 1878 3411 Ἀφρι-

303 3431 456 3493 κανδς
498 3432 906 3501 ἐμνημόνευσε,
943 3429 1042 3492 τὰς
1083 3431 1180 3500 μὲν
1223 3430 1286 3503 δὴ
1333 3431 1441 3483 τῶν
1486 3431 1685 3485 λοιπῶν
1725 3433 1881 3498 δόξας

2587 2239 2816 2297 CAPUT
2860 2242 2968 2298 VH.

1993 2375 2072 2431 De
2115 2377 2354 2431 dissensu
2403 2377 2493 2446 qui
2538 2376 2774 2448 creditur
2792 2393 2936 2448 _esse
2987 2378 3124 2431 inter
3166 2377 3452 2448 Evangelia
3508 2378 3562 2432 in

2573 2447 2736 2515 stirpe
2776 2445 3000 2500 Christi.

2065 2606 2171 2663 Sed
2213 2605 2466 2675 quoniam
2511 2605 2800 2662 Matthteus
2835 2613 2887 2662 et
2923 2605 3098 2663 Lucas
3140 2608 3194 2662 in
3242 2608 3562 2678 Evangelio—

1991 2718 2111 2757 rum
2135 2703 2289 2758 libris
2313 2699 2512 2759 Christi
2544 2721 2715 2775 genus
2739 2721 2803 2760 ac
2834 2705 3057 2776 stirpem
3089 2707 3236 2762 varie
3265 2709 3421 2763 nobis
3452 2719 3561 2763 tra-

1991 2796 2263 2860 diderunt,
2311 2807 2366 2851 et
2427 2797 2720 2866 plurimum
2768 2800 2911 2854 inter
2957 2813 3014 2853 se
3060 2799 3353 2854 dissentire
3396 2802 3558 2868 vulgo

1990 2888 2394 2952 existimantur,
2423 2890 2558 2945 adeo
2593 2899 2650 2944 ut
2679 2891 2881 2959 singuli
2914 2890 3153 2945 ﬁdelium
3197 2891 3266 2945 ob
3310 2891 3560 2947 veritatis

1992 2981 2413 3050 ignorationem,
2444 2982 2626 3036 varias
2660 2997 2846 3036 eorum
2876 2981 3119 3036 locorum
3166 2982 3558 3051 explicationes

1989 3073 2238 3125 certatim
2265 3074 2701 3144 excogitaverint
2742 3091 2754 3127 :
2801 3074 2866 3127 de
2917 3074 3001 3128 his
3047 3075 3391 3130 traditionem
3436 3093 3557 3145 quze

1989 3162 2054 3214 ad
2085 3179 2183 3217 nos
2214 3179 2382 3233 ttsque
2410 3165 2635 3218 deducta
2666 3175 2751 3218 est
2790 3179 3178 3232 proponamus.
3209 3180 3368 3233 quam
3405 3165 3450 3219 is
3491 3165 3558 3220 de

1989 3269 2098 3322 quo
2130 3257 2290 3324 paulo
2336 3267 2462 3310 aute
2508 3256 2741 3310 diximus
2790 3255 3100 3320 Africanus,
3131 3257 3182 3310 in
3223 3256 3460 3325 Epistula
3488 3257 3558 3310 ad

1988 3345 2277 3401 Aristidem
2326 3347 2391 3400 de
2450 3363 2717 3401 consensu
2782 3347 3201 3417 Evangeliorum
3268 3347 3321 3400 in
3385 3348 3556 3417 stirpe

1988 3437 2190 3493 Christi
2242 3441 2548 3506 narranda,
2611 3440 3079 3494 commemoravit.
3154 3439 3256 3494 Ubi
3327 3440 3554 3496 aliorum

301 3523 372 3585 ὡς
407 3522 471 3576 ἂν
512 3524 728 3593 βιαίους
761 3525 855 3576 καὶ
899 3523 1288 3594 διεψευσμένας
1323 3524 1623 3592 ἀπελέγξας
1649 3525 1782 3596 (87),
1813 3528 1877 3597 ἣν

1989 3530 2205 3599 quidem
2245 3531 2530 3599 opiniones
2573 3542 2830 3601 tanquam
2861 3531 3130 3586 violentas
3159 3541 3212 3585 et
3248 3530 3386 3586 falso
3418 3548 3553 3588 con-

301 3611 341 3666 6‘
361 3615 521 3677 αὺτὶς
545 3614 883 3685 παρείληφεν
915 3615 1176 3686 ἱστορίαν,
1206 3613 1416 3678 τούτοις
1448 3616 1630 3678 αὐτοῖς
1671 3617 1880 3670 ἐκτιθέ-

307 3723 455 3776 μενος
482 3709 597 3769 τοῖς
645 3707 710 3776 ρή
722 3722 914 3776 μασιν·
957 3725 974 3756 ‹
1020 3706 1237 3776 Ἐπειδὴ
1263 3705 1371 3776 γὰρ
1405 3707 1471 3760 τὰ
1499 3707 1737 3778 ὀνόματα
1769 3707 1876 3778 (88)

303 3799 400 3850 τῶν
428 3800 608 3867 γενῶν
649 3800 708 3850 ὲν
767 3797 981 3868 Ἰσραὴλ
1018 3798 1304 3869 ἠριθμεῖτο
1343 3799 1375 3868 ἦ
1419 3798 1598 3866 φύσει,
1643 3799 1675 3868 ἢ
1708 3798 1876 3869 νόμῳ,

305 3890 453 3956 φύσει
503 3892 631 3960 μὲν,
673 3889 894 3960 γνησίου
945 3890 1260 3960 σπέρματος
1316 3890 1556 3962 διαδοχῇ,
1608 3893 1757 3962 νόμῳ
1799 3892 1876 3955 δὲ,

302 3980 478 4050 ἐτέρου
541 3981 1024 4051 παιδοποιουμένου
1086 3983 1166 4044 είς
1225 3982 1394 4053 δνομα
1459 3984 1878 4054 τελευτήσαντος

303 4072 522 4141 ἀδελφοῦ
559 4074 789 4127 ἀτέκνου
811 4090 823 4103 ·
856 4074 936 4126 ὅτι
971 4073 1077 4144 γὰρ
1103 4074 1315 4126 οὐδέπω
1354 4073 1531 4126 δέδοτο
1569 4074 1721 4137 ἐλπὶς
1749 4076 1878 4126 ἀνα-

303 4165 538 4228 στάσεως
572 4163 771 4233 σαφὴς,
799 4163 896 4234 τὴν
919 4163 1218 4234 μέλλουσαν
1265 4163 1594 4231 ἐπαγγελίαν
1640 4164 1876 4217 ἀναστά-

1459 4256 1593 4326 μὲνῃ
1620 4256 1681 4306 τὸ
1709 4255 1797 4308 ovo
1804 4274 1878 4325 μα

305 4271 380 4309 σει
403 4257 704 4326 ἐμιμοῦντο
731 4257 920 4326 ῦνητῇ,
954 4256 1038 4308 ἵνα
1071 4255 1422 4309 ἀνέκλειπτον

302 4349 388 4401 τοῦ
421 4350 852 4422 μετηλλαχότοςο
891 4349 1012 4402 ἐπεὶ
1043 4344 1134 4402 οῦν
1165 4349 1214 4400 οἱ
1256 4350 1319 4418 τῇ
1353 4346 1669 4418 γενεαλογίᾳ
1707 4349 1879 4422 ταύτῃ

1985 3621 2137 3674 iictas
2157 3621 2577 3688 coarguit;ipse
2614 3635 2743 3674 vero
2788 3635 2947 3688 quam
2997 3629 3338 3686 compererat
3386 3619 3556 3671 histo-

1983 3711 2142 3777 riam,
2176 3711 2260 3765 his
2280 3710 2447 3765 refert
2471 3712 2649 3766 verbis
2677 3710 2864 3764 :«Nam
2892 3712 3169 3779 quoniam,
3200 3709 3392 3778 inquit,
3414 3711 3553 3777 apud

1980 3801 2251 3856 lsraelitas
2275 3803 2681 3870 generationum
2706 3801 2942 3863 nomina,
2974 3801 3076 3868 21
3123 3799 3203 3854 vel
3223 3814 3287 3851 ex
3325 3810 3549 3863 naturae,

1980 3893 2064 3946 vel
2093 3907 2158 3946 ex
2199 3892 2328 3959 legis
2367 3892 2559 3946 ordine
2586 3890 3012 3944 numerabantur
3039 3909 3052 3944 :
3080 3900 3284 3943 natura:
3307 3889 3548 3958 quidem,

1979 3999 2100 4039 cum
2137 3984 2362 4052 legitimi
2401 3981 2494 4036 filii
2521 3982 2840 4050 parentibus
2873 3981 3207 4044 succedunt;
3238 3979 3369 4048 legis
3397 3993 3548 4042 vero,

1977 4077 2190 4145 quoties
2241 4075 2363 4143 quis
2415 4077 2466 4129 in
2512 4089 2710 4130 nomen
2775 4088 2840 4127 ac
2890 4073 3149 4126 familiam
3198 4071 3384 4124 fratris
3430 4070 3551 4124 siue

1976 4168 2161 4221 liberis
2217 4167 2454 4221 defuncti
2506 4167 2646 4220 lilios
2697 4164 2941 4220 sustulit.
2995 4165 3130 4219 Cum
3185 4164 3328 4216 enim
3400 4172 3549 4216 certa

1979 4272 2101 4324 spes
2134 4256 2546 4310 resurrectionis
2587 4239 2821 4310 nondum
2855 4256 2934 4308 eis
2965 4255 3087 4308 data
3115 4263 3280 4315 esset.
3309 4252 3547 4307 futuram

1980 4347 2100 4415 ejus
2137 4349 2549 4417 promissionem
2598 4346 2816 4403 mortali
2871 4348 3100 4416 quadam
3151 4346 3549 4400 resurrectione

367 4547 473 4620 (83)
509 4549 652 4617 Περὶ
690 4541 777 4602 ὧν
818 4549 888 4602 ἐν
917 4547 1139 4616 ἑτέροις
1184 4545 1588 4620 διειλήραμεν.
1621 4547 1873 4618 Intelligit
1904 4553 1946 4607 D
1973 4548 2035 4620 δὴ
2062 4548 2177 4620 τῶν
2219 4547 2419 4620 λοιπῶν
2447 4547 2602 4620 δόξας
2645 4545 2853 4616 βιαίους
2882 4545 3545 4620 καὶίδιεψεζδρμέναςᾲπο-

305 4616 464 4673 libros
487 4616 963 4673 Demonstrationis
993 4619 1321 4686 evangelica’.
1349 4617 1560 4670 Etenim
1588 4620 1637 4671 in
1673 4616 1868 4674 octavo

310 4687 412 4746 eius
462 4691 648 4756 operis
702 4690 841 4743 libro
886 4689 995 4757 agit
1041 4690 1104 4740 de
1133 4688 1560 4741 hebdomadibus
1607 4689 1864 4752 Danielis,

306 4769 429 4824 Quas
455 4764 691 4812 adventu
720 4759 917 4812 Christi
941 4757 1234 4825 completas
1265 4772 1384 4811 esse
1407 4758 1688 4810 contendit
1710 4760 1863 4827 juxta

309 4830 616 4882 sementium
637 4827 895 4881 Africani.
925 4827 1183 4880 Eumdem
1230 4828 1446 4881 Eusebii
1479 4828 1652 4880 locum
1677 4843 1743 4882 ex
1768 4831 1862 4883 lib.

307 4912 413 4969 _\'ttl_
445 4898 935 4969 Demonstrationis
971 4897 1283 4969 evangelij
1332 4898 1464 4952 citat
1503 4896 1863 4969 Hieronymus

309 4967 352 5018 in
377 4967 775 5020 Commentariis
811 4968 863 5019 in
903 4966 1189 5019 Danielem.

369 5037 472 5107 (86)
495 5037 633 5107 ,Τῶν
656 5038 723 5090 δὲ
752 5038 981 5090 πιστῶν
1008 5036 1284 5107 ἕκαστος.
1313 5037 1554 5101 Quatuor
1579 5039 1868 5107 nostrico-

310 5104 462 5172 dices,
486 5106 686 5175 Regius
717 5107 923 5160 scilicet
964 5122 1027 5159 ac
1080 5106 1241 5168 Mar...
1273 5123 1394 5161 cum
1447 5108 1584 5160 Med.
1616 5120 1668 5161 et
1704 5106 1861 5172 Fuk.,

313 5178 555 5245 scriptum
585 5179 785 5231 habent
813 5177 921 5229 τῶν
952 5194 1010 5229 τε
1037 5177 1263 5238 πιστῶν,
1300 5187 1405 5230 etc.
1438 5176 1543 5230 Sed
1575 5177 1707 5232 Rob.
1740 5179 1862 5232 Ste-

315 5247 506 5311 phanus
536 5263 658 5300 cum
695 5247 1158 5313 hancparticnlam
1186 5245 1293 5311 jam
1324 5255 1478 5299 antea
1504 5249 1555 5300 in
1585 5251 1861 5316 superiore

309 5319 533 5386 tneiubro
559 5318 789 5386 positam
819 5318 1044 5378 videret,
1072 5317 1170 5369 hoc
1199 5317 1313 5369 loco
1339 5316 1395 5368 δέ
1421 5319 1728 5383 substituit;
1763 5335 1854 5374 uo-

306 5381 379 5438 bis
407 5381 581 5441 tamen
616 5387 814 5441 rectior
843 5388 1055 5440 videtur
1073 5387 1271 5453 scripta
1299 5387 1474 5440 lectio.

371 5455 664 5528 (_871Vulg.
698 5457 1146 5528 διεψευσμένος
1185 5461 1530 5528 ἀποδείξας.
1580 5461 1694 5518 Hoc
1740 5464 1862 5518 loco

309 5517 428 5600 Rob.
450 5517 706 5600 Stephani
731 5517 1014 5582 consiliu'm
1039 5517 1255 5584 laudare
1277 5517 1598 5586 nullorn'odo
1616 5517 1858 5600 possum,

312 5593 387 5672 qui
410 5609 527 5648 cum
553 5594 778 5665 Regium
804 5600 1040 5672 codicem
1072 5601 1170 5653 sibi
1197 5603 1527 5672 sequendum
1556 5593 1861 5672 proposuis;

312 5671 536 5741 Sl‘l.,_ellill
564 5677 808 5741 exdparte
830 5670 1088 5722 duntaxat.
1112 5672 1394 5735 expressit.
1426 5670 1568 5726 Nam
1600 5670 1668 5726 iu"
1696 5674 1859 5738 Hegio

307 5735 499 5798 quidem
538 5737 724 5792 codice
754 5746 898 5794 lotus
941 5741 1026 5794 hic
1073 5741 1220 5794 locns:
1253 5744 1320 5796 ita
1357 5743 1588 5807 legitur:
1626 5744 1721 5808 τὰς
1754 5735 1853 5804 μὲν

1972 4616 2172 4682 δείξας.
2222 4620 2278 4672 In
2331 4619 2555 4680 reliquis
2603 4627 2782 4670 autem
2817 4616 3110 4678 codicibus,
3148 4616 3286 4670 Med.
3339 4617 3545 4671 scilicet

1971 4700 2024 4742 et
2058 4689 2197 4742 Maz.
2249 4704 2313 4740 ac
2366 4687 2524 4746 Fuk.,
2577 4687 2648 4739 ita
2691 4686 2927 4753 scriptus
2960 4695 3043 4740 est
3075 4705 3088 4739 :
3119 4686 3216 4749 τὰς
3279 4685 3378 4753 μὲν
3437 4687 3546 4738 τῶν

1969 4757 2170 4810 λοιπῶν
2206 4757 2360 4821 δόξας
2407 4756 2552 4808 ὼσὰν
2603 4756 2807 4826 βιαίους
2851 4756 2954 4826 ,καὶ
2999 4756 3384 4826 διεψευσμένας
3412 4758 3546 4810 ἀπε-

1969 4827 2184 4896 λέγξας.
2232 4829 2405 4894 Atque
2447 4829 2517 4878 ita
2557 4825 2754 4894 legitur
2787 4825 2950 4896 etiam
2982 4829 3119 4893 apud
3159 4825 3540 4896 Nicephortun.

1971 4895 2172 4964 Duplex
2197 4899 2362 4964 igitur
2386 4897 2485 4948 l'uit
2516 4899 2781 4961 scriptura
2822 4895 2981 4963 hujus
3005 4897 3124 4952 loci.
3146 4911 3267 4947 cum
3289 4895 3377 4948 alii
3411 4896 3545 4948 ἀπο-

1965 4967 2142 5033 δείξας
2167 4968 2416 5032 legerent.
2445 4966 2532 5017 alii
2551 4965 2873 5032 ἀπελέγξας.
2901 4966 3002 5018 Sed
3031 4966 3122 5033 qui
3147 4965 3392 5032 legebant
3414 4967 3544 5017 ἀπο-

1973 5035 2171 5103 δείξας,
2204 5039 2236 5088 ii
2257 5037 2568 5089 adverbium
2607 5037 2733 5088 illud
2763 5035 3324 5104 tbsdtvexpungebant,
3345 5037 3541 5102 quippe

1971 5111 2110 5176 quod
2146 5107 2294 5176 nullo
2345 5107 2500 5176 modo
2529 5107 2816 5158 convenire
2851 5106 3018 5171 possit
3055 5120 3175 5156 cuin
3208 5104 3370 5176 verbo
3401 5106 3539 5176 ἀποι-

1968 5174 2167 5242 δείξας.
2204 5175 2310 5228 Nos
2358 5175 2662 5242 ἀπελέγξας
2702 5176 3053 5242 ρτειιιυιίιιιιιε,
3087 5185 3196 5225 tum
3241 5175 3364 5239 quia
3415 5174 3536 5239 plu-

1969 5249 2107 5300 rium
2154 5246 2544 5314 exemplarium
2581 5246 2912 5314 auctoritate
2949 5245 3218 5304 ﬁrmatur,
3252 5254 3360 5294 lunt
3390 5242 3532 5314 quod

1969 5315 2218 5369 Ruliuum
2267 5312 2339 5369 ita
2398 5316 2589 5384 legisse
2647 5331 2712 5368 ex
2772 5313 2886 5379 ejus
2942 5315 3191 5368 versione
3256 5312 3531 5378 comperi-

1965 5404 2104 5441 "IIIS.

2033 5454 2144 5528 (88)
2198 5456 2432 5524 Ἐπειδὴ
2486 5459 2593 5526 γὰρ
2639 5453 3045 5528 τεο-ὀνόματα.
3095 5447 3368 5528 _l_‘a_rticula
3416 5449 3525 5528 γᾴρ

1961 5517 2166 5580 δὺὸειῖι
2196 5528 2394 5579 nostris
2418 5517 2696 5580 codicibus
2727 5517 2886 5586 illum,
2909 5525 3066 5585 Mem,
3095 5519 3224 5575 Fuk.
3254 5529 3308 5572 et
3330 5517 3522 5585 Savil.,

1959 5611 2060 5650 nec
2114 5597 2344 5649 habetur
2388 5598 2438 5648 in
2479 5593 3168 5664 interpretatione_ltutiui.
3216 5589 3402 5664 Exstat
3439 5599 3524 5642 ta-

1960 5681 2080 5738 men
2127 5667 2179 5720 in
2224 5668 2409 5722 codice
2448 5659 2700 5738 Regio'et
2732 5664 2870 5734 apud
2918 5661 3278 5731 Nicephorum
3312 5659 3365 5714 in
3403 5675 3522 5729 cap.

1959 5737 2014 5791 il
2050 5738 2136 5793 lib.
2174 5750 2212 5791 ι,
