4054 6456
444 322 510 379 9i
1161 321 1434 381 EL'SEBll
1473 323 1952 380 CAESARIENSIS
1993 322 2143 379 OPP.
2183 321 2386 378 PARS.
2431 315 2470 372 1.
2511 343 2577 360 κ-
2622 320 3009 376 lllSTORlCA.
3639 311 3711 367 τι

444 441 819 507 delineabant,
853 450 911 496 ut
957 441 1157 496 mortui
1194 458 1390 496 nomen
1423 442 1586 496 nullis
1621 459 1858 512 unquam
1890 442 2026 496 obli-

2133 440 2518 513 ἐμφερόμενοι,
2572 437 2622 490 οἱ
2657 437 2755 508 μὲν
2786 436 3086 502 διεδέξαντο
3115 434 3298 499 παῖδες
3325 433 3535 504 πατέρα
3579 448 3716 501 γνη-

444 531 728 587 terandum
765 531 981 584 sacculis
1017 541 1382 600 permaneret.
1418 530 1683 596 Quoniam
1729 533 1898 600 igitur
1929 547 2021 585 eo-

444 635 560 673 rum
600 619 689 687 qui
717 618 860 672 inter
889 618 1124 684 majores
1161 620 1368 673 Christi
1401 628 1772 683 recensentur,
1808 620 1899 674 alii
1928 635 2021 672 na-

443 710 601 764 turali
635 707 778 777 jure,
825 719 882 764 ut
929 709 1045 769 ﬁlii.
1074 711 1395 778 parentibus
1435 720 1844 774 successerunt,
1889 728 2021 764 non-

445 802 575 856 nulli
609 818 739 856 vero
767 819 887 854 eum
922 803 989 856 ab
1017 803 1138 866 aliis
1164 804 1436 870 procreati
1468 814 1672 868 essent,
1697 803 1819 856 aliis
1847 803 2019 856 ascri-

442 895 516 965 pti
555 906 683 949 sunt
717 913 729 950 :
763 895 881 949 ideo
927 905 1285 963 utrorumque
1341 896 1542 948 mentio
1585 895 1727 949 facta
1767 904 1871 958 est,
1913 905 2019 949 tam

442 998 630 1035 eorum
680 983 774 1051 qui
825 997 956 1037 vere
997 994 1202 1053 patres,
1249 1000 1411 1053 quam
1461 985 1675 1038 illorum
1736 986 1825 1054 qui
1866 986 2019 1054 quasi

443 1088 625 1145 patres
668 1076 905 1136 fuerunt.
945 1079 1016 1132 Ita
1067 1078 1142 1141 ﬁt,
1185 1088 1242 1133 ut
1290 1089 1544 1133 neutrum
1598 1079 2020 1149 Evangeliornm

444 1167 637 1223 falsqu
673 1170 764 1237 sit,
802 1185 924 1224 cum
971 1171 1204 1226 alterum
1262 1182 1538 1234 naturam,
1578 1172 1807 1226 altermn
1849 1172 2020 1240 legem

444 1262 496 1316 in
540 1261 833 1329 majoribus
877 1265 1260 1319 enumerandis
1310 1274 1591 1333 sequatur.
1641 1263 1773 1317 Nam
1810 1264 2024 1317 familia:

443 1369 562 1423 qua:
603 1372 722 1409 cum
754 1372 782 1410 a
825 1355 1138 1420 Salomone,
1176 1365 1290 1412 tum
1340 1373 1369 1410 a
1419 1356 1630 1411 Nathau
1662 1357 2022 1420 deducuntur,

444 1449 581 1501 adeo
632 1448 774 1503 inter
817 1464 877 1504 se
931 1450 1210 1520 permistae
1257 1459 1406 1517 sunt,
1440 1449 1639 1520 partim
1683 1450 2026 1518 reparatione

444 1539 683 1592 nominis
725 1556 915 1594 eorum
969 1542 1062 1611 qui
1111 1543 1230 1596 sine
1269 1540 1421 1610 prole
1465 1541 1854 1606 decessissent,
1896 1556 2024 1609 par-

444 1631 537 1682 tim
574 1633 833 1686 s'ecundis
867 1634 1088 1702 nuptiis,
1115 1633 1316 1703 partim
1347 1633 1510 1686 etiam
1544 1633 1770 1688 seminis
1797 1633 2027 1686 suscita-

446 1721 608 1783 tione,
655 1731 714 1775 ut
752 1723 914 1777 iidem
953 1723 1203 1778 homines
1247 1723 1499 1778 diversos
1546 1732 1729 1794 patres
1765 1724 2027 1778 habuisse

2128 538 2277 602 σὶως,
2323 539 2371 590 0i
2415 536 2472 588 δὲ
2516 533 2726 606 ἑτέροις
2788 534 2885 604 μὲν
2948 529 3336 601 ἐγεννήθησαν,
3391 530 3597 600 ἐτέρους
3655 530 3712 581 δὲ

2126 627 2534 700 προσετέθησαν
2568 626 2774 696 κλήσει,
2814 624 3138 695 ἀμφοτέρων
3181 623 3399 691 γέγονεν
3429 624 3462 692 ὴ
3501 623 3712 691 μνήμη,

2124 721 2216 773 καὶ
2251 719 2358 771 τῶν
2404 717 2827 787 γεγεννηκότων,
2877 718 2968 768 καὶ
3021 716 3126 768 τῶν
3163 717 3238 778 ὡς
3286 713 3714 783 γεγεννηκότων.

2125 807 2306 873 Οὕτως
2329 809 2607 880 οὐδέτερον
2641 807 2746 860 τῶν
2781 806 3128 874 Εὒαγγελίων
3169 806 3438 873 ψεύδεται,
3487 805 3580 856 καὶ
3611 803 3717 871 φύ-

2125 916 2209 952 σιν
2241 897 2505 968 ἁριθμοῦν
2551 897 2646 949 καὶ
2689 897 2848 965 νόμον
2870 913 2882 925 σ
2922 893 3300 962 συνεπεπλάκη
3331 891 3438 961 γάρ
3470 890 3716 958 ἀλλήλοις

2120 991 2190 1044 τὰ
2211 991 2340 1060 γένη
2373 989 2502 1060 (89),
2539 989 2599 1041 τό
2647 1006 2705 1041 τε
2736 989 2842 1042 ἀπὸ
2882 986 2972 1040 τοῦ
2997 986 3359 1054 Σολομῶντος,
3393 984 3485 1036 καὶ
3517 983 3575 1034 τὸ
3606 981 3717 1034 ἀπο

2122 1083 2215 1135 τοῦ
2241 1081 2446 1140 Νάθαν,
2471 1079 2828 1132 ἀναστάσεσιν
2862 1077 3101 1130 ἀτέκνων
3122 1077 3250 1142 (90).
3270 1076 3363 1128 καὶ
3390 1075 3718 1145 δευτερογα-

2128 1174 2298 1245 μίαις,
2319 1171 2410 1225 καὶ
2429 1171 2752 1225 άναστάσεσι
2771 1169 3098 1241 σπερμάτων
3115 1167 3244 1234 (9|),
3264 1168 3337 1230 ὡς
3352 1166 3573 1228 δικαίως
3591 1167 3718 1228 τοὺς

2124 1267 2320 1328 αὐτοὺς
2342 1264 2526 1318 ἄλλοτε
2558 1263 2729 1317 ἄλλων
2752 1261 3065 1332 νομίζεσθαι
3103 1260 3236 1330 (92),
3255 1261 3361 1312 τῶν
3383 1259 3480 1330 μὲν
3496 1257 3714 1311 δοκούν-

2124 1374 2230 1410 των
2255 1355 2528 1428 πατέρων,
2569 1353 2676 1407 τῶν
2693 1354 2748 1406 δὲ
2774 1351 3128 1423 ὑπαρχόντων
3149 1367 3162 1380 '
3197 1351 3270 1412 ὡς
3290 1349 3601 1419 ἀμφοτέρας
3618 1347 3718 1410 τὰς

2124 1449 2402 1518 διηγήσεις
2447 1445 2669 1517 ἀληθεῖς
2704 1444 2892 1507 οὓσας,
2937 1444 3027 1496 ἐπί
3061 1443 3151 1496 τὸν
3202 1442 3401 1511 Ἰωσὴφ
3445 1439 3718 1492 πολυπλό-

2127 1556 2238 1602 κως
2283 1538 2402 1610 μὲν,
2461 1538 2576 1590 ἁλλ’
2629 1535 2870 1609 ἀκριϐῶς
2923 1533 3224 1588 κατελθεῖν.
3284 1534 3398 1586 Ἵνα
3443 1532 3498 1585 δέ
3547 1533 3720 1600 σαφὲς

2130 1627 2163 1706 ᾖ
2196 1628 2591 1699 τὸλεγόμενον,
2623 1627 2721 1699 τὴν
2759 1626 3068 1697 ἐπαλλαγὴν
3117 1624 3224 1678 τῶν
3257 1623 3428 1692 γενῶν
3461 1623 3568 1692 (95)
3597 1621 3720 1693 διη-

2126 1724 2384 1795 γήσομαι.
2429 1721 2560 1774 ’Λπδ
2588 1721 2682 1774 τοῦ
2705 1716 2869 1773 Δαϐἶδ
2904 1719 2990 1772 διὰ
3024 1716 3368 1786 Σολομῶντος
3398 1714 3494 1778 τὰς
3524 1713 3720 1781 γενεὰς

445 1815 640 1868 merito
676 1815 1011 1882 credantur;
1055 1817 1153 1872 hos
1194 1818 1413 1887 quidem
1449 1817 1696 1882 ﬁctitios,
1743 1817 1862 1870 illos
1893 1831 2024 1869 vero

2131 1811 2702 1884 καταριθμουμένοις,
2773 1809 2956 1880 τρίτος
3009 1807 3118 1861 ἀπὸ
3167 1807 3356 1868 τέλους
3403 1805 3719 1875 εὑρίσκεται

445 1908 742 1962 naturales.
784 1908 902 1974 Quo
946 1909 1022 1971 ﬁt,
1059 1920 1116 1962 ιιι
1149 1909 1431 1979 Evangelii
1470 1909 1752 1977 utriusque
1782 1906 2024 1960 narratio

445 1999 690 2053 absolute
737 2001 1046 2064 verissima,
1101 2003 1256 2055 vario
1301 2001 1520 2070 quidem
1578 1999 1842 2054 linearum
1894 2014 2024 2052 coa-

453 2099 627 2152 textu,
661 2092 756 2144 sed
790 2103 1045 2147 accurate
1083 2092 1149 2146 ad
1176 2090 1472 2161 Josephum
1502 2106 1673 2161 usque
1705 2089 2021 2144 descendat.

449 2181 646 2237 Verum
684 2189 742 2236 ut
785 2183 835 2238 id
873 2184 1018 2254 quod
1060 2183 1322 2247 diximus,
1351 2183 1558 2237 clarius
1587 2183 1700 2244 ﬁat,
1742 2181 2024 2248 utriusque

447 2275 633 2344 stirpis
675 2275 872 2329 seriem
921 2290 1309 2345 proponemus.
1343 2273 1515 2344 lgitur
1550 2273 1593 2328 si
1633 2289 1663 2327 a
1697 2272 1898 2326 Davide
1931 2286 2026 2340 per

522 2385 824 2461 (89)‘Yulg.
875 2390 1229 2458 συνεπλάκη
1281 2392 1390 2460 γὰρ
1422 2391 1719 2459 ἀλλήλοις
1752 2391 1823 2444 τὰ
1858 2390 2021 2461 γένη.

450 2453 537 2507 Ita
560 2453 867 2529 quidenrex
902 2461 1086 2514 codice
1127 2453 1378 2516 Medicis-t3
1409 2453 1579 2514 edidit
1625 2453 1759 2514 Rob.
1795 2453 2028 2529 Stepha-

450 2541 576 2599 nus.
606 2528 661 2579 In
697 2527 861 2599 Regio
904 2531 1196 2597 exemplari
1271 2533 1420 2599 prius
1465 2533 1726 2599 scriptum
1773 2527 1901 2583 erat
1931 2532 2030 2584 ἐπ-

447 2595 678 2667 επλάκη.
709 2595 903 2670 Ροὲιιξα
923 2615 1050 2670 vero
1067 2595 1412 2654 emendatum
1432 2610 1513 2656 est
1542 2595 1700 2670 paulo
1731 2601 2027 2655 recentiore

405 2707 410 2713 .
447 2681 609 2740 manu
651 2668 1053 2740 συνεπεπλάκη.
1096 2670 1337 2724 Priorem
1382 2668 1555 2723 illanf
1584 2671 1868 2740 lectionem
1895 2671 2026 2740 ηέπ-

444 2735 658 2805 επλάκη
675 2739 892 2790 retinuit
909 2735 1259 2808 Nicephorus.
1281 2742 1634 2797 Codd.autem
1657 2739 1791 2792 Maz.
1815 2750 1865 2792 et
1889 2739 2023 2796 Fuk.

447 2808 710 2879 scriptum
737 2808 954 2879 habent
990 2811 1407 2873 συνεπεπλάκει,
1440 2812 1542 2870 vel,
1573 2813 1716 2879 quod
1744 2811 1881 2862 idem
1922 2819 2021 2873 est,

445 2877 847 2948 συνεπεπλάκη.
868 2880 1050 2949 ᾼιηιιιξ
1078 2883 1149 2934 ita
1179 2881 1372 2949 legisse
1396 2877 1607 2934 videtur
1638 2878 1866 2933 Ruﬁnus
1898 2898 1911 2932 :
1945 2880 2025 2933 sic

449 2953 591 3003 enim
628 2949 788 3002 vertit
817 2965 830 3001 :
860 2947 1270 3018 Reconjunclunt
1309 2966 1531 3018 namque
1569 2958 1642 3003 est
1677 2951 1777 3002 sibi
1808 2951 2026 3004 invicem

446 3036 631 3090 genus,
657 3030 704 3073 el
740 3020 870 3071 illud
912 3017 1050 3089 quod
1090 3035 1182 3088 per
1219 3017 1574 3090 Salomonem,
1617 3031 1664 3072 et
1697 3021 1831 3073 illud

446 3106 535 3159 per
556 3089 773 3142 Nathan
801 3090 1100 3151 deducitur,
1129 3099 1234 3143 etc.
1275 3089 1371 3142 Ubi
1413 3091 1562 3142 vides
1606 3089 1856 3143 Rttﬁnttm
1892 3089 2027 3144 duas

454 3161 572 3214 illas
605 3161 1007 3226 przepositiones
1037 3161 1186 3214 verbi
1217 3159 1610 3213 συνεπεπλάκει
1643 3162 1860 3214 totidem
1880 3159 2029 3213 Lati—

452 3233 536 3284 nis
575 3230 877 3298 exprimere
909 3229 1160 3286 voluisse.
1219 3231 1272 3282 In
1314 3232 1544 3299 Vulgatis
1593 3232 1810 3300 quidem
1847 3231 2024 3284 Rulini

452 3301 777 3354 editionibus
801 3299 1018 3368 legitur,
1047 3301 1383 3368 conjunctum
1401 3299 1622 3368 namque
1659 3309 1734 3353 est
1759 3301 1855 3353 sibi
1896 3302 2029 3354 invi-

450 3386 561 3424 cem
584 3386 766 3439 genus,
786 3379 892 3428 etc.
924 3370 1115 3423 Verum
1151 3371 1200 3423 in
1237 3372 1444 3425 duobus
1472 3370 1852 3439 ιιιειιιιιεςι-ἰριίε
1881 3371 2029 3424 codi-

447 3439 619 3503 cibus,
673 3439 846 3494 altero
879 3439 1221 3493 bibliotheca:
1245 3439 1447 3509 Regiae.
1497 3442 1669 3493 altero
1700 3439 2027 3496 Parisiensis

381 3537 386 3541 -
450 3509 726 3573 Ecclesize,
756 3519 812 3562 et
843 3511 894 3562 in
931 3510 1314 3564 vetustissimis
1359 3510 1689 3564 editionibus
1722 3509 1916 3578 legitur
1941 3528 2020 3563 re-

441 3580 810 3644 coniunctum.
850 3579 957 3634 Nec
983 3589 1159 3633 tamen
1189 3580 1419 3647 probare
1453 3595 1668 3648 possunt
1704 3581 2028 3648 interpreta-

447 3651 654 3702 tionem
717 3648 915 3720 Ruﬁni.
968 3649 1101 3703 Nam
1151 3651 1470 3720 reconjungi
1505 3651 1722 3718 quidem
1772 3651 2028 3703 dicuntur

448 3722 566 3774 dua:
608 3719 841 3785 l'atuilizl‘,
877 3735 996 3789 qua:
1040 3736 1163 3774 cum
1203 3734 1266 3773 ex
1303 3722 1488 3774 eadem
1532 3729 1691 3788 gente
1725 3730 1856 3773 orta:
1897 3722 2024 3780 sint.

448 3790 653 3844 mutuis
683 3799 799 3856 post
826 3807 888 3843 ea
926 3790 1215 3846 connubiis
1248 3791 1388 3860 inter
1416 3805 1474 3845 se
1506 3792 1886 3860 rejnnguntur.
1918 3791 2026 3845 Sed

448 3861 502 3915 in
541 3861 643 3914 hoc
671 3861 788 3914 loco
819 3860 977 3928 longe
1013 3860 1116 3914 alia
1145 3859 1389 3914 Africani
1418 3859 1572 3915 meus
1602 3859 1704 3914 est.
1740 3860 1854 3914 Non
1881 3861 2024 3913 enim

447 3931 579 3984 dicit
617 3929 905 3984 Atrieanus
956 3931 1283 3984 Nathanceos
1330 3945 1393 3984 ac
1430 3931 1770 3986 Salomonios
1808 3933 1897 3998 qui
1958 3947 2025 3984 ex

447 4001 635 4054 eadem
679 4011 838 4068 gente
891 4001 1144 4055 Davidica
1185 4001 1451 4070 originem
1491 4003 1780 4066 ducebant,
1827 4003 2026 4056 nuuuis

449 4071 591 4140 inter
618 4086 676 4123 se
727 4071 1013 4124 connubiis
1060 4079 1245 4138 postea
1296 4072 1568 4140 rejunetos
1611 4073 1794 4126 fuisse.
1823 4070 2024 4125 Verum

449 4139 552 4196 hoc
581 4141 732 4204 dicit,
790 4142 1169 4208 generationes
1215 4139 1361 4205 illas,
1386 4151 1494 4193 tum
1537 4158 1659 4208 qua:
1693 4161 1721 4194 a
1755 4141 2022 4205 Nathane,

449 4221 560 4264 tum
591 4226 708 4278 qtae
732 4226 760 4260 ιι
799 4210 1086 4265 Salomone
1109 4213 1398 4274 ducuntur,
1442 4210 1702 4279 implean
1726 4223 2028 4279 essentque

449 4280 751 4344 intricatas,
784 4281 852 4334 ob
883 4282 1150 4334 secundas
1181 4280 1389 4333 scilicet
1422 4287 1638 4349 nuptias
1669 4283 1946 4334 viduarum
1972 4290 2027 4335 et

449 4351 718 4404 seminum
745 4350 1148 4416 suseitatiunes,
1179 4366 1300 4420 qum
1323 4351 1374 4401 in
1405 4353 1586 4405 nniltis
1613 4352 2022 4420 generationum

447 4421 657 4474 illarum
677 4421 932 4488 gradibus
948 4419 1258 4490 occurrunt.
1274 4419 1504 4473 Proinde
1523 4419 1826 4490 praepositio
1841 4421 1925 4473 illa
1940 4423 2030 4474 ἐπί

446 4491 502 4543 in
538 4490 702 4544 verbo
735 4489 1156 4553 συνεπεπλάκει,
1195 4506 1298 4544 non
1331 4489 1644 4558 exponenda
1677 4502 1795 4546 erat
1825 4506 1917 4560 per
1974 4509 2028 4545 re

449 4568 508 4612 ut
537 4560 662 4614 fecit
725 4560 973 4623 Ruﬁnus,
1033 4562 1125 4615 sed
1197 4563 1535 4631 potiusper
1588 4563 2026 4631 prmpositionem

446 4647 621 4698 super.
687 4631 767 4684 Ad
824 4632 1070 4698 verbum,
1110 4629 1531 4696 συνεπεπλάκει,
1585 4629 2030 4702 superimplexum

445 4713 543 4754 εει.

519 4770 629 4842 (90)
695 4770 1126 4842 ᾊνιιστάσεσιν
1177 4771 1464 4826 ἀτέκνων.
1533 4771 1627 4826 Vir
1681 4772 2029 4828 doctissimus

443 4838 682 4896 Joannes
713 4841 951 4911 Langus,
975 4843 1064 4910 qui
1095 4842 1458 4912 Nicephorum
1490 4842 1682 4898 Latine
1713 4845 2035 4912 interpreta-

448 4922 534 4965 tus
568 4923 671 4973 est.
703 4915 844 4966 hunc
879 4914 1052 4968 locum
1080 4913 1151 4966 ita
1180 4917 1380 4967 vertit:
1416 4915 1698 4982 [inplicata
1721 4914 1858 4966 enim
1890 4914 2032 4966 inter

446 4998 500 5034 se
531 4991 653 5035 sunt
681 4999 893 5050 genera,
914 4992 961 5036 el
987 4986 1124 5050 quod
1144 5002 1174 5036 (ι
1200 4983 1485 5037 Salomone
1514 4995 1558 5037 cl
1577 4989 1717 5054 quod
1747 5000 1780 5036 a
1812 4982 2030 5036 Nat/ian

446 5053 735 5114 descendit,
789 5062 1244 5120 reprwsentattone
1293 5070 1474 5107 eorum
1533 5053 1622 5123 qui
1675 5056 1863 5107 liberos
1928 5071 2032 5107 non

449 5132 718 5193 creassent
754 5125 1098 5193 secundisque
1149 5125 1346 5189 nuptiis
1399 5142 1461 5177 ac
1511 5126 1914 5178 resuscitationc
1946 5141 2028 5176 se-

449 5195 673 5246 minum.
707 5192 935 5246 Rulinus
963 5192 1093 5250 vero
1127 5193 1350 5246 liberius
1387 5196 1630 5263 quidem,
1659 5198 1752 5249 sed
1779 5211 1885 5247 non
1915 5195 2033 5249 sine

449 5263 717 5331 elegantia
752 5264 824 5316 ita
860 5265 1058 5318 vertit:
1101 5263 1515 5332 Reconjuncmnt
1549 5281 1770 5333 namque
1795 5266 1898 5318 sibi
1953 5273 2029 5317 est

446 5333 666 5386 invicem
691 5349 872 5402 genus,
897 5344 945 5387 et
971 5334 1103 5386 illud
1137 5337 1275 5402 quod
1300 5351 1393 5402 per
1423 5333 1779 5392 Salomonem.
1815 5347 1861 5387 et
1899 5335 2032 5388 illud

445 5407 584 5470 quod
614 5401 706 5471 per
735 5401 953 5457 Nathan
986 5401 1289 5469 deducitur,
1322 5420 1413 5469 per
1455 5407 1645 5474 legales
1688 5407 2030 5458 substitutioo

447 5489 536 5526 nes
557 5490 676 5544 qua:
705 5475 900 5542 ﬁebant
929 5474 1011 5527 his
1043 5476 1134 5542 qui
1165 5475 1278 5528 sine
1306 5475 1483 5528 liberis
1509 5474 1846 5541 decedebant,
1871 5487 1917 5528 et
1941 5491 2034 5542 per

445 5545 703 5597 secundas
758 5545 1104 5598 nihilominus
1157 5545 1393 5612 nuptias,
1441 5547 1630 5614 quibus
1688 5562 1823 5598 unus
1875 5560 2034 5614 atque

444 5615 584 5668 idem
611 5617 734 5669 aliis
777 5616 1084 5684 parentibus
1119 5615 1447 5684 progenitus,
1485 5617 1714 5668 aliorum
1744 5632 1857 5669 esse
1888 5618 2032 5679 (ilius

446 5687 736 5741 videbatur.
781 5685 977 5742 Omisit
1013 5684 1242 5738 Ruﬁnus
1289 5685 1451 5738 verba
1478 5686 1565 5739 illa
1601 5687 1840 5740 Africani
1886 5705 1898 5738 :
1939 5687 2033 5739 καὶ

447 5759 480 5809 ἀ
496 5759 771 5814 ιαστάσεσι
802 5757 1151 5830 σπερμάτων,
1177 5771 1294 5826 qua:
1312 5767 1455 5811 certe
1474 5755 1739 5826 superﬂua
1764 5759 2027 5812 videntur.

2129 1904 2376 1968 Ματθάν,
2410 1903 2468 1966 ὃς
2514 1903 2769 1973 ἐγέννησε
2828 1899 2919 1953 τὸν
2984 1899 3174 1952 Ἰακὼϐ
3229 1897 3323 1951 τοῦ
3385 1898 3583 1968 Ἰωσὴφ
3627 1896 3718 1949 τὸν

2130 1996 2381 2066 πατέρα·
2433 1993 2541 2047 ἀπὸ
2584 1993 2642 2046 δὲ
2690 1991 2875 2045 Νάθαν
2927 1991 3023 2044 τοῦ
3072 1989 3236 2043 Δαὸιδ
3288 1989 3427 2043 κατᾶ
3479 1990 3716 2052 Λουκᾶν,

2129 2087 2335 2158 ὁμοίως
2367 2085 2549 2158 τρίτος
2590 2083 2698 2136 ἀπὸ
2735 2083 2921 2144 τέλους
2967 2082 3164 2152 Μελχὶ,
3203 2077 3264 2135 οὗ
3300 2081 3412 2144 υἱὸς
3461 2081 3489 2132 ὑ
3539 2080 3657 2132 Ἠλὶ
3690 2081 3721 2132 ὁ

2127 2178 2222 2232 τοῦ
2293 2177 2490 2246 Ἰωσὴφ
2543 2177 2757 2246 πατὴρ’
2829 2174 3025 2245 Ἰωσὴφ
3097 2173 3208 2245 γὰρ
3272 2173 3386 2237 υἱὸς
3452 2173 3573 2225 Ἠλὶ
3621 2171 3718 2224 τοῦ

2130 2271 2323 2340 Μελχί.
2367 2269 2578 2323 Σκοποῦ
2619 2270 2796 2322 τοίνυν
2841 2271 2973 2340 ἡμῖν
3033 2269 3287 2339 κειμένου
3342 2266 3433 2320 τοῦ
3499 2265 3718 2336 Ἰωσὴφ,

2131 2390 2264 2445 Cum
2296 2390 2440 2444 enim
2481 2388 2591 2455 jam
2634 2397 2790 2442 antea
2824 2387 3024 2441 dixerit
3062 2385 3422 2440 ἀναστάσεσιν
3469 2384 3717 2440 ἀτέκνων

2134 2461 2410 2529 rejuuctas
2459 2460 2636 2529 fuisse,
2668 2459 2920 2521 fatnilias,
2943 2459 3066 2526 quid
3089 2473 3221 2529 opus
3249 2467 3332 2510 est
3358 2456 3555 2508 addere
3589 2457 3720 2509 ἁνα-

2133 2528 2387 2582 στάσεσιν
2426 2528 2776 2600 σπερμάτων,
2808 2530 2961 2600 ιιιιυιΙλ
2992 2544 3153 2580 ιιιιιιηι
3194 2528 3555 2600 idemque‘est
3582 2538 3724 2580 teste-

2128 2600 2385 2653 Africauo
2417 2601 2468 2654 in
2505 2594 2605 2653 hac
2629 2601 2738 2667 ipsa
2773 2594 2840 2651 ad
2869 2598 3155 2650 Aristidem
3173 2597 3412 2664 epistola.
3447 2594 3712 2648 C-rtcrnm

2129 2670 2419 2725 obscurum
2467 2681 2551 2722 est
2595 2670 2735 2738 quod
2769 2670 2855 2721 hic
2910 2669 2984 2720 ait
3020 2667 3327 2728 Africanus,
3374 2667 3720 2734 reparatione

2129 2741 2335 2795 scilicet
2365 2740 2589 2793 seminis
2607 2737 2794 2792 eorum
2829 2740 2917 2803 qui
2953 2740 3069 2791 sine
3112 2737 3296 2790 liberis
3333 2738 3712 2802 deet-ssisseul,

2135 2810 2351 2864 misceri
2377 2811 2566 2863 solitas
2594 2825 2714 2862 esse
2741 2810 2994 2862 fatuilias.
3027 2805 3158 2858 Nam
3179 2809 3394 2874 quoties
3427 2809 3593 2860 fralcr
3622 2824 3710 2860 eo-

2135 2882 2256 2933 dem
2301 2889 2453 2948 patre
2481 2889 2641 2932 natus
2688 2879 2930 2931 relictam
2970 2878 3155 2931 fratris
3195 2880 3273 2930 sui
3319 2879 3369 2929 in
3400 2877 3710 2945 conjugium

2133 2949 2382 3012 ducebat,
2415 2951 2556 3003 nttlla
2585 2957 2706 3003 erat
2742 2952 3048 3018 agnationis
3081 2949 3325 3000 mutatio.
3355 2948 3459 3000 Sed
3488 2950 3530 2998 si
3576 2950 3714 3003 forte

1889 3020 2028 3090 quod
2055 3025 2098 3083 C
2134 3018 2567 3090 fratcnuterinus
2616 3021 2832 3070 viduam
2867 3019 3053 3072 fratris
3093 3019 3181 3090 sui
3209 3033 3430 3090 uxorem
3466 3019 3712 3082 duceret,

2138 3100 2266 3143 tunc
2310 3091 2486 3158 aliqua
2546 3088 2876 3142 familiarum
2945 3089 3223 3156 permistio
3273 3088 3417 3158 nasci
3480 3097 3712 3152 poterat.

2133 3161 2318 3226 Itaque
2381 3157 2575 3213 merito
2623 3161 2826 3212 addidit
2881 3161 3185 3220 Africanus,
3239 3158 3332 3212 καὶ
3385 3157 3709 3229 δευτερογα-

2137 3231 2308 3298 μίαις.
2345 3230 2468 3284 "me
2499 3231 2644 3282 enim
2694 3232 2962 3296 praecipua
3008 3230 3103 3282 fuit
3151 3244 3312 3282 emisa
3341 3230 3712 3296 pet‘tttistioltis

2135 3303 2489 3361 l'atuiliarutn,
2519 3300 2735 3368 quoties
2781 3301 2972 3354 mulier
3002 3301 3267 3367 susceptis
3301 3299 3413 3363 jam
3441 3299 3620 3351 liberis
3641 3314 3711 3353 ex

2135 3372 2316 3439 priore
2344 3371 2713 3430 matrimonio,
2742 3372 2806 3420 ad
2851 3372 3118 3424 secundas
3151 3371 3366 3436 nuptias
3410 3370 3714 3421 trausmla—

2135 3443 2246 3504 hat,
2295 3452 2348 3494 et
2379 3442 2515 3494 ﬁlios
2538 3456 2602 3493 ex
2631 3441 2929 3506 posteriore
2958 3442 3122 3492 etiam
3148 3440 3265 3492 viro
3303 3439 3562 3508 pariebat.
3592 3442 3710 3504 Quo

2133 3510 2300 3572 facto,
2328 3513 2496 3564 ﬁlium
2524 3526 2586 3562 ex
2624 3511 2804 3576 priore
2838 3511 3183 3562 matrimonio
3234 3520 3439 3569 uatum,
3484 3525 3708 3562 uxorem

2132 3583 2376 3645 duxisse,
2405 3591 2456 3632 et
2486 3580 2766 3648 imprulem
2799 3589 2981 3648 postea
3007 3580 3204 3633 obiissc
3232 3581 3518 3648 ﬁngamus.
3557 3578 3713 3635 Tunc

2133 3652 2175 3703 si
2213 3653 2383 3705 frater
2405 3651 2548 3703 illius
2578 3651 2822 3704 uterinus
2858 3651 3070 3703 viduam
3110 3651 3160 3702 in
3192 3650 3498 3717 conjugiuin
3537 3651 3711 3703 duxe-

2133 3722 2224 3785 rit,
2254 3734 2306 3775 et
2338 3738 2404 3774 ex
2445 3737 2504 3773 ca
2545 3721 2745 3773 liberos
2798 3719 3100 3784 sustulerit,
3160 3722 3210 3774 in
3242 3736 3469 3787 persona
3507 3720 3711 3773 libero-

2132 3807 2248 3843 rum
2282 3792 2386 3845 erit
2422 3792 2602 3858 aliqua
2652 3789 2981 3843 familiarum
3017 3791 3285 3850 confusio.
3321 3793 3389 3843 ita
3421 3799 3478 3841 ut
3517 3801 3710 3844 natura

2130 3863 2343 3930 quidem
2383 3862 2561 3926 hujus.
2601 3861 2714 3930 lege
2741 3871 2918 3914 :mtem
2951 3861 3213 3930 illiusﬁlii
3244 3863 3512 3930 dicantur.

2202 3931 2312 4001 (9|)
2342 3931 2450 3984 Καὶ
2477 3928 2854 4001 dirae-edocet
2875 3929 3249 3998 σπερμάτων.
3270 3933 3423 3997 Apud
3447 3928 3716 3999 Nicepho-

2133 3999 2248 4053 rum
2279 4003 2471 4069 legitur
2487 3999 2804 4061 ἀναστάσει,
2825 4013 2986 4070 atque
3012 4005 3084 4053 ita
3105 4004 3154 4053 in
3173 4001 3357 4055 codice
3381 4001 3542 4069 Regio
3564 4004 3712 4066 prius

2131 4073 2391 4137 srt'ipluut
2444 4072 2637 4130 fuerat,
2691 4082 2875 4139 postea
2908 4086 3036 4124 vero
3069 4070 3432 4139 emendatum
3475 4080 3557 4124 est
3601 4072 3707 4125 alia

2133 4159 2292 4193 manu
2351 4138 2700 4195 ἁναστᾶσεσιέ
2764 4138 2963 4193 Verum
3033 4138 3321 4209 Nicephori
3378 4142 3537 4193 lectio
3593 4159 3710 4194 ma~

2131 4213 2213 4278 gis
2267 4211 2463 4279 placet,
2522 4227 2644 4265 cum
2680 4213 2840 4279 paulo
2886 4220 3009 4265 ante
3056 4213 3288 4278 positum
3352 4213 3423 4264 sit
3476 4210 3715 4266 ἀναστά-

2133 4297 2268 4333 σεσι.

2208 4351 2318 4420 (92)
2371 4353 2616 4405 "Addere
2644 4350 2851 4405 ἄλλων
2905 4348 3261 4419 νομίζεσθαι.
3319 4348 3443 4404 ll.ec
3464 4361 3546 4404 est
3576 4352 3715 4406 scri-

2137 4431 2291 4487 ptura
2332 4423 2478 4488 Regii
2526 4425 2747 4488 codicis,
2796 4437 2960 4492 quam
3008 4421 3341 4492 Nicephorus
3366 4423 3526 4475 etiam
3553 4439 3709 4492 icon.

2139 4493 2335 4546 ﬁrmat.
2384 4492 2564 4546 Nostri
2614 4491 3062 4545 tamen’codices
3107 4491 3270 4557 Μαι,
3339 4492 3499 4558 Maz.,
3547 4491 3708 4560 ΗΚ..

2131 4564 2387 4624 scriptum
2415 4565 2608 4614 habent
2630 4561 2819 4616 ἄλλοτε
2845 4560 3036 4624 ἄλλως.

2206 4620 2317 4702 (95)
2351 4630 2512 4702 Vulg.
2526 4620 3042 4702 τὶιφχάκρλουθιά)
3082 4623 3198 4677 τῶν
3223 4623 3432 4702 γενῶζ.
3467 4620 3590 4702 Πξυο
3627 4635 3706 4674 est

2134 4691 2400 4770 scriptura
2420 4691 2621 4754 codicis
2641 4699 2812 4768 chii,
2834 4713 2993 4767 quem
3013 4691 3329 4750 secutus—est
3382 4691 3691 4759 Stephanus

2129 4763 2433 4827 Nec'aliter
2482 4772 2673 4840 legisse
2718 4763 2930 4825 videtur
2977 4771 3200 4824 Ruﬁnus
3255 4771 3343 4838 qui
3391 4773 3469 4822 sic
3501 4770 3702 4840 yertit,

2132 4845 2269 4911 ipsus
2285 4838 2677 4914 generationum
2691 4841 3480 4914 conseqnenliasenarruliimus.
3500 4838 3707 4914 Reliqui

2133 4909 2313 4968 tamen
2345 4915 2558 4966 codices
2585 4914 2743 4974 .\|az.,
2793 4909 2955 4973 ιιαι..
3003 4910 3140 4964 Fuk.
3179 4926 3240 4963 ac
3277 4911 3484 4973 Savilii,
3525 4909 3712 4978 praefe-

2135 4995 2258 5037 runt
2302 4983 2398 5055 τὴν
2441 4982 2751 5054 ἐπαλλαγὴν
2782 4981 2889 5036 τῶν
2933 4981 3148 5055 γενῶντλ
3179 4982 3351 5055 Quam
3391 4982 3606 5055 quidem
3624 4981 3713 5055 le-

2133 5051 2370 5108 ctioneni
2394 5056 2553 5107 etiam
2602 5059 2668 5106 ad
2711 5051 2850 5105 latus
2877 5056 3084 5107 codicis
3116 5051 3590 5120 Regiiascriptam
3623 5052 3710 5102 in-

2132 5125 2278 5177 veni.
2328 5126 2662 5192 hiccpltorus
2712 5135 2889 5176 autem
2943 5124 3102 5175 habet
3155 5119 3475 5192 ἐναλλαγήν,
3529 5121 3578 5172 id
3627 5130 3712 5173 est

2134 5195 2614 5248 commutationem.
2658 5195 2722 5248 Et
2764 5194 3287 5259 ChristOphorsonus
3324 5193 3540 5259 quidem
3587 5193 3708 5242 vul-

2133 5276 2312 5334 gatam
2341 5283 2368 5317 a
2397 5264 2535 5320 Rob.
2569 5266 2846 5334 Stephano
2887 5265 3171 5317 lectionem
3217 5273 3436 5316 secutus
3464 5272 3567 5315 est.
3603 5261 3712 5324 Ego

2135 5350 2262 5387 vero
2287 5335 2512 5388 alteram
2535 5336 2820 5389 lectionem
2851 5335 3127 5403 amplexus
3159 5348 3301 5395 smn,
3333 5334 3530 5403 quippe
3547 5347 3709 5403 quam

2133 5405 2322 5472 plures
2351 5414 2405 5458 et
2436 5407 2689 5460 meliores
2711 5402 3305 5458 codiccsexhiherent.
3343 5402 3543 5456 Deinde
3566 5402 3710 5454 Afri-

2135 5491 2306 5529 canus
2333 5475 2435 5528 hoc
2460 5476 2576 5529 loco
2610 5489 2947 5543 nequaquam
2989 5485 3237 5527 recenset
3267 5475 3465 5527 seriem
3499 5473 3709 5526 utrius-

2133 5560 2240 5611 que
2287 5547 2674 5614 generationis.
2741 5544 2922 5612 Neque
2945 5546 3090 5597 enim
3161 5545 3508 5611 progreditur
3564 5544 3703 5614 ultra

2139 5611 2378 5668 Mattlian
2425 5627 2480 5669 et
2527 5616 2738 5668 Melchi.
2795 5611 2900 5668 Sed
2956 5624 3159 5667 tantum
3207 5615 3428 5680 exponit
3475 5611 3708 5666 ἐπαλλα·

2135 5688 2258 5756 γῆν,
2292 5687 2339 5738 id
2373 5696 2460 5739 est
2505 5686 2921 5738 commistioneni
2973 5701 3065 5736 seu
3103 5687 3553 5750 romplicationcm
3579 5685 3706 5737 dua-

2136 5774 2255 5813 tum
2285 5759 2610 5812 l'atntliat‘mn
2639 5759 2690 5810 in
2733 5756 3044 5825 genealogia
3082 5756 3305 5810 Christi.
