4054 6456
426 390 497 459 95
1151 400 1423 458 EUSEBII
1464 400 1948 458 CAESARIENSIS
1985 400 2136 458 OPP.
2178 401 2363 458 rans
2400 400 2446 457 ι.
2485 429 2559 445 -
2598 401 2991 461 ms'romca.

3636 403 3710 459 96

429 522 553 597 dit),
584 522 727 580 filius
771 520 972 594 Ioseph
1029 523 1122 594 qui
1178 523 1280 577 luit
1319 522 1458 586 Ileli,
1491 525 1584 593 qui
1631 523 1735 579 fuit
1787 524 1985 581 Melchi

2114 543 2226 591 τες,
2272 525 2581 597 παρέδοσαν
2630 527 2725 582 καὶ
2769 527 2945 581 ταῦτα
2967 558 2985 585 ,
3039 523 3113 591 ὡς
3172 526 3460 598 Ἰδουμαῖοι
3510 526 3711 599 λῃσταὶ

426 615 617 686 Neque
651 616 799 672 enim
834 625 1049 687 poterat
1100 614 1362 670 disertius
1403 616 1637 686 exprimi
1687 615 1880 672 ﬁctitia
1926 617 2016 671 illa

424 706 724 777 generandi
768 707 908 762 ratio
947 720 1067 776 quae
1119 720 1188 762 ex
1232 705 1352 775 lege
1381 705 1626 776 profecta
1654 718 1759 763 est.
1792 706 1919 763 ideo
1963 709 2017 763 in

425 796 743 868 hujusmodi
801 796 1101 855 liberorum
1158 799 1535 868 generatione,
1571 799 1799 853 verbum
1860 799 2015 865 illud,

425 890 633 960 genuit,
675 890 744 945 ad
788 890 950 945 linem
993 903 1167 961 usque
1212 889 1452 954 reticuit,
1484 904 1604 945 cum
1632 892 1699 946 ad
1732 892 1909 960 ipsum
1934 907 2019 947 us-

424 997 530 1053 que
553 983 843 1046 Adamum,
871 981 963 1050 qui
986 981 1088 1037 fuit
1107 980 1226 1049 Dei,
1258 982 1524 1052 gradatim
1543 985 1907 1051 ascendendo,
1936 992 2016 1039 to-

426 1074 534 1131 tius
550 1075 767 1147 generis
794 1075 991 1130 seriem
1020 1074 1389 1143 perduxisset.
1414 1073 1601 1144 Neque
1616 1090 1746 1130 vero
1778 1076 1832 1130 id
1861 1083 2013 1130 certa

423 1167 636 1224 ratione
666 1168 982 1223 destitutum
1011 1177 1104 1221 aut
1132 1175 1338 1222 temere
1363 1167 1654 1223 conlictum
1675 1176 1775 1222 est.
1799 1167 2012 1238 Cogna-

425 1262 465 1316 ti
497 1263 643 1317 enim
674 1260 983 1317 Servatoris
1018 1261 1212 1325 nostri,
1246 1261 1360 1316 sive
1390 1260 1456 1315 ad
1503 1260 1890 1315 ostendendam
1919 1276 2013 1332 ge-

421 1356 575 1411 neris
602 1356 684 1410 sui
710 1354 1075 1421 nobilitatem,
1102 1353 1216 1409 sive
1245 1364 1305 1408 ut
1342 1353 1667 1421 simpliciter
1703 1367 1821 1408 rem
1849 1354 2010 1409 doce-

420 1455 568 1514 rent,
606 1446 796 1502 veraci
843 1446 1032 1515 utique
1086 1459 1345 1499 sermone
1395 1446 1509 1498 hac
1553 1443 1709 1499 nobis
1768 1444 2008 1499 tradide—

418 1548 552 1594 runt
602 1558 616 1594 :
670 1539 915 1595 latrones
960 1539 1175 1593 scilicet
1229 1534 1516 1600 Idumaeos,
1575 1552 1696 1592 cum
1752 1537 2006 1593 Ascaloni

421 1630 728 1686 Palaestinae
759 1630 965 1685 civitati
1006 1629 1476 1700 supervenissent,
1515 1644 1582 1683 ex
1616 1626 1846 1684 delubro
1875 1643 2006 1697 quo-

419 1724 544 1778 dam
575 1722 846 1793 Apollinis
876 1724 1020 1793 quod
1048 1723 1114 1776 ad
1160 1723 1310 1792 ipsos
1360 1722 1516 1777 urbis
1551 1735 1738 1775 muros
1769 1722 2002 1790 positum

416 1823 559 1882 erat,
590 1815 939 1885 Antipatrum
984 1814 1215 1869 Herodis
1276 1811 1562 1883 cujusdam
1616 1813 1884 1868 hieroduli
1941 1812 2000 1866 fi-

416 1905 547 1962 lium
580 1907 741 1962 simul
778 1924 899 1962 cum
935 1908 1138 1977 reliqua
1174 1923 1329 1962 sacra
1366 1909 1545 1977 praeda
1600 1907 1873 1977 captivum
1901 1906 2003 1960 du-

418 1999 590 2053 xisse.
622 1998 755 2053 Cum
788 2013 920 2053 vero
952 2014 1050 2069 pro
1078 1999 1452 2068 redemptione
1477 1997 1570 2051 filii
1594 1998 1842 2053 minister
1864 2006 2001 2052 tem-

415 2090 486 2158 pli
515 2090 747 2159 pretium
777 2091 990 2146 solvere
1023 2106 1129 2145 non
1163 2090 1393 2156 valeret,
1428 2090 1713 2160 Antipater
1739 2089 2000 2143 Idumaeo-

415 2194 533 2233 rmn
565 2190 716 2234 more
760 2180 1121 2250 institutoque
1174 2182 1460 2246 educatus,
1490 2181 1833 2251 postmodum
1862 2181 1996 2235 Hir-

410 2268 533 2320 cani
587 2270 785 2323 summi
830 2269 1140 2326 Iudaeorum
1194 2273 1471 2341 pontiﬁcis
1525 2273 1738 2328 amicus
1767 2273 1992 2329 effectus

409 2368 514 2415 est.
547 2358 669 2414 Mox
702 2361 917 2431 legatus
945 2362 1014 2417 ad
1045 2362 1363 2434 Pompeium
1398 2365 1597 2419 missus
1631 2365 1697 2418 ab
1727 2362 1992 2432 Hircano,

410 2468 535 2506 cum
565 2452 613 2508 ei
650 2469 874 2525 regnum
908 2455 1053 2525 quod
1080 2456 1431 2513 Aristobulus
1461 2456 1702 2512 maxima
1734 2472 1802 2512 ex
1836 2466 1995 2526 parte

409 2556 797 2617 occupaverat,
830 2548 1061 2604 liberum
1087 2549 1440 2612 restituisset.
1473 2552 1539 2604 ad
1565 2565 1832 2605 summam
1870 2551 1993 2606 feli-

407 2637 632 2692 citatem
701 2641 972 2708 pervenit,
1032 2649 1253 2695 curator
1325 2641 1630 2697 Palaestinae
1685 2652 1991 2711 promotus.

409 2720 652 2776 Tandem
694 2725 761 2779 ab
801 2725 867 2781 iis
911 2726 1003 2797 qui
1052 2726 1305 2784 felicitati
1348 2731 1463 2801 ejus
1508 2732 1851 2797 invidebant,
1893 2748 1989 2802 per

409 2812 638 2869 insidias
688 2815 1031 2885 interfectus,
1083 2818 1355 2875 Herodem
1403 2822 1572 2876 lilium
1607 2837 1985 2878 successorem

409 2903 652 2973 reliquit,
707 2908 792 2961 cui
845 2918 1035 2978 postea
1087 2910 1359 2966 Antonius
1390 2912 1495 2983 23
1525 2923 1581 2968 et
1618 2914 1895 2983 Augustus
1920 2929 1987 2969 ex

405 2997 882 3051 senatusronsulto
910 3014 1137 3067 regnum
1164 2997 1366 3054 Iudara:
1391 3001 1791 3071 adjudicarunt.
1819 2999 1989 3070 Hujus

405 3084 638 3143 Herodis
678 3086 825 3143 ﬁlius
880 3088 984 3144 fuit
1021 3089 1264 3147 Herodes
1305 3092 1507 3162 aliique
1556 3092 1868 3147 tetrarchae.
1920 3091 1987 3147 Et

473 3245 588 3318 (98)
644 3246 1033 3317 Ἀντίπατρον
1083 3247 1333 3317 Ἡρώδου
1379 3250 1563 3315 τινός.
1607 3248 1729 3303 Haec
1747 3247 1984 3303 narratio
2010 3251 2057 3316 C

400 3332 630 3387 prorsus
666 3318 904 3373 fabulosa
951 3328 1034 3372 est
1066 3328 1119 3373 et
1159 3321 1554 3373 commentitia.
1593 3317 1721 3371 Nam
1758 3319 1982 3385 Antipa-

400 3396 487 3443 ter
509 3397 716 3454 patrem
747 3389 931 3442 habuit
968 3406 1071 3442 non
1105 3388 1395 3450 Herodem,
1430 3389 1767 3443 hicroduluiu
1796 3388 1981 3455 templi

400 3457 688 3528 Apollinis,
726 3461 819 3529 sed
854 3459 1202 3529 Antipatrum
1241 3458 1556 3523 ldutnaium,
1585 3469 1641 3512 ut
1668 3459 1861 3512 scribit
1890 3457 1983 3512 Io-

400 3528 602 3598 sophus
642 3528 695 3598 in
730 3527 824 3583 lib.
877 3527 999 3594 xw,
1031 3546 1152 3597 cap.
1183 3529 1238 3582 2.
1277 3530 1446 3595 Quem
1482 3530 1824 3598 Antipatrum
1854 3528 1980 3582 Ale-

401 3596 610 3654 xander
656 3596 965 3653 Iuda-orum
1026 3596 1116 3655 rex
1168 3599 1479 3665 praefectum
1527 3601 1690 3652 totius
1732 3597 1980 3652 ldumazze

400 3668 699 3738 constituit.
759 3668 1079 3737 Primusque
1125 3670 1212 3722 hic
1254 3670 1540 3738 Antipater
1579 3680 1768 3721 auctor
1815 3667 1983 3723 luisse

398 3737 613 3791 videtur
643 3738 803 3803 hujus
836 3741 1111 3806 potentiae,
1139 3740 1204 3791 ad
1223 3737 1609 3807 quampoSIeri
1636 3739 1806 3807 ipsius
1832 3748 1982 3804 posto

398 3820 463 3861 ea
501 3818 886 3876 pervenerunt.
915 3808 1048 3862 Nam
1074 3820 1129 3864 et
1169 3809 1550 3878 praefecturam
1578 3809 1831 3863 Idumam:
1859 3824 1981 3878 ges-

397 3879 472 3930 sit
493 3878 801 3933 Alexandro
829 3889 881 3932 et
915 3880 1224 3935 Alexandra
1269 3879 1651 3947 regnantibus;
1686 3889 1740 3931 et
1792 3879 1977 3947 hospi.-

400 3947 477 4017 tio
523 3958 687 4017 atque
738 3950 979 4003 amicitia
1029 3967 1150 4005 eum
1200 3950 1527 4004 Αεοιιιοιιὶιὶε
1577 3960 1630 4003 et
1671 3947 1881 4005 Gazaeis
1924 3959 1979 4005 et

396 4016 667 4088 Arabibus
704 4018 855 4080 inita,
881 4022 1144 4074 maximas
1171 4021 1271 4075 sibi
1302 4034 1433 4088 opes
1456 4021 1811 4085 comparavit.

472 4086 584 4158 (99)
618 4088 735 4161 Τὸν
767 4088 944 4161 ἱερέα,
993 4090 1291 4159 lmpmprie
1320 4086 1669 4161 sacerdotem
1702 4099 1857 4161 vocat
1882 4090 1975 4161 qui

399 4167 517 4211 erat
553 4160 883 4215 bierbdulus.
925 4160 1103 4229 Longe
1137 4162 1281 4214 enim
1315 4160 1586 4213 hmcinter
1608 4175 1667 4213 se
1695 4159 1973 4229 differunt,

398 4234 459 4280 ut
507 4243 669 4297 supra
701 4231 906 4285 notavi.
940 4229 1080 4283 Fieri
1120 4240 1297 4283 tamen
1338 4230 1531 4298 potuit,
1564 4239 1623 4282 ut
1655 4228 1794 4283 idem
1835 4241 1983 4286 esset

396 4301 659 4353 sacerdos
690 4308 744 4352 et
798 4300 1150 4362 bierodulus;
1190 4309 1318 4368 puta
1358 4301 1404 4352 si
1440 4300 1555 4352 haec
1589 4309 1707 4353 erat
1738 4301 1979 4356 conditio

397 4370 712 4432 sacerdotii,
755 4378 814 4423 ut
858 4385 965 4425 non
1018 4370 1123 4424 nisi
1165 4380 1329 4424 exuta
1381 4369 1633 4431 libertate
1668 4372 1979 4426 sacerdotes

397 4448 746 4504 caperentur.
764 4454 783 4471 κ

467 4506 545 4580 (l)
579 4508 838 4577 Ὑρκανῷ
865 4509 1183 4580 φιλιοῦται.
1215 4509 1330 4563 Hoc
1352 4524 1566 4578 quoque
1585 4512 1636 4564 in
1667 4510 1783 4563 loco
1806 4510 1973 4564 nostri

394 4579 613 4632 codices
645 4580 863 4649 Regius,
890 4582 1213 4645 Mazarinus,
1248 4580 1533 4634 Medicmus
1549 4596 1613 4634 ac
1643 4580 1973 4636 Fnketianus

396 4659 711 4703 c0nstanter
739 4651 1000 4719 scriptum
1026 4651 1227 4705 habent
1247 4649 1514 4719 φιλοῦται.
1537 4652 1708 4717 Quam
1740 4650 1977 4718 scriptu-

399 4732 511 4791 ram
544 4721 854 4782 nesciocur
889 4720 1160 4774 Robertus
1185 4722 1494 4787 Stephanus
1532 4723 1861 4791 repudiavit.
1885 4722 1978 4774 Φιο

395 4786 754 4864 λοῦται-οιιίιιι
791 4791 989 4864 dicitur
1022 4802 1078 4842 ιιι
1099 4786 1410 4864 ἐχθροῦται.

468 4858 545 4928 (2)
598 4859 1000 4929 Ἐπιμελητὴς
1048 4858 1166 4929 τῆξ
1180 4858 1597 4930 Παλαιστίνης
1635 4863 1973 4930 προκόψας.

394 4927 683 4995 Antipater
717 4927 946 4984 llerodis
996 4927 1211 4999 parens,
1249 4933 1350 4986 sub
1400 4927 1638 4988 Hircano
1662 4927 1974 4986 Iuda‘oruin

396 5003 976 5072 regeprocurationem
1001 5002 1165 5056 totius
1190 5004 1336 5071 regni
1355 5003 1614 5072 gessit,et
1632 5003 1842 5072 negotia
1865 5015 1974 5056 tam

395 5069 576 5142 civilia
611 5086 773 5142 quam
804 5072 1061 5142 militaria
1102 5069 1527 5125 administravit.
1567 5069 1754 5142 Itaque
1780 5074 1978 5142 smps-

392 5135 561 5213 λητῂς
591 5140 693 5213 τῆς
712 5139 979 5213 ,Ἰουδαίας
1023 5150 1076 5194 et
1112 5142 1405 5213 ἐπίτροπος
1434 5135 1701 5196 νυειιιιιι-Ξι
1737 5135 1976 5212 Ioseplio

396 5207 457 5284 in
488 5207 826 5284 d‘icto'libro.
858 5210 1033 5284 l’orro
1078 5207 1252 5266 coderi
1301 5213 1437 5284 Med.
1475 5225 1528 5267 et
1561 5214 1728 5284 pay/il.
1762 5207 1977 5284 χρημα-

389 5276 834 5354 sisggscriptum
858 5280 1076 5345 habent,
1096 5298 1205 5354 ιιιιιι
1240 5283 1535 5354 προκόψας.
1565 5282 1619 5336 In
1638 5276 1973 5339 Μιιῑξὶὶιιῒειη

392 5358 449 5425 et
471 5348 605 5404 Fuk.
629 5348 833 5425 legitur
863 5353 1218 5424 χρηματίσαι.
1260 5348 1805 5425 Quaniscripturam
1846 5370 1975 5407 con-

396 5418 580 5494 firmat
626 5418 1022 5494 Nicephorius;
1044 5427 1136 5475 Sic
1178 5418 1322 5476 enim
1382 5424 1541 5476 habet
1590 5418 1714 5494 cap.
1770 5440 1822 5477 ix
1878 5425 1970 5478 lib.

392 5489 575 5567 primi,
626 5491 933 5568 nominasti
967 5486 1121 5557 οὗτος
1178 5493 1511 5568 ἐπιμελητὴς
1537 5496 1637 5568 τῆς
1662 5486 1978 5568 ’,Παλαιστίς-

393 5561 818 5683 νηςέσζενέσθαι.
852 5564 1141 5634 Eleganter
1194 5561 1368 5620 Graeci
1399 5561 1604 5634 dicunt,
1633 5567 1874 5637 εὐτυχεῖν
1912 5564 1975 5618 τὸ

394 5642 490 5683 γεν
589 5648 668 5683 αι.

394 5642 668 5697 γενεσθαι.

466 5701 540 5773 (ὅ)
564 5700 835 5773 Tagi-dy);
864 5704 1283 5772 προσηλύτων.
1303 5705 1494 5759 Mirum
1515 5717 1595 5761 est
1623 5706 1674 5759 in
1699 5706 1974 5762 codicibus

395 5770 600 5848 nostris
627 5770 795 5848 Mam,
824 5770 991 5848 ﬁed”
1019 5770 1154 5848 Fuit.
1188 5790 1250 5829 ac
1285 5776 1452 5830 Savil.
1483 5777 1648 5832 scribi
1673 5777 1779 5830 τῶν
1816 5780 1973 5848 ἀρχι-

396 5840 771 5909 προσηλύτων.
824 5843 974 5900 Unde
1006 5844 1275 5915 conjicere
1304 5848 1427 5917 quis
1475 5858 1653 5919 posset
1682 5840 1970 5919 legentium

2135 617 2434 674 Ἀσκάλωνι
2476 619 2631 673 πόλει
2673 620 2776 691 τῆς
2836 618 3202 691 Παλαιστίνης
3245 618 3599 684 ἐπελθόντες,
3648 619 3709 687 ἐξ

2120 709 2388 765 εἰδωλείου
2435 710 2786 777 Ἀπόλλωνος,
2825 710 2854 763 ὃ
2882 710 3016 783 πρὸς
3062 710 3177 773 τοῖς
3219 708 3455 781 τείχεσιν
3500 710 3706 782 ἵδρυτο,

2132 804 2487 876 Ἀντίπατρον
2542 803 2784 875 Ἡρώδου
2818 802 2963 868 τινὸς
3014 802 3123 874 (98)
3166 803 3467 875 ίεροδούλου
3514 802 3706 869 παῖδα,

2118 896 2256 968 πρὸς
2289 901 2403 961 τοῖς
2436 896 2615 961 ἄλλοις
2661 895 2839 959 σύλοις
2878 894 3227 966 αἰχμάλωτον
3265 896 3510 966 ἀπῆγονο
3542 894 3620 965 τῷ
3643 894 3704 948 δὲ

2115 988 2289 1061 λύτρα
2323 989 2464 1058 ὑπὲρ
2503 986 2596 1041 τοῦ
2651 986 2769 1041 υίοῦ
2813 985 3144 1041 καταθέσθαι
3187 986 3265 1058 μὴ
3300 985 3557 1040 δύνασθαι
3605 984 3702 1040 τὸν

2118 1081 2269 1153 ἱερέα
2294 1072 2426 1153 (99),
2457 1082 2487 1133 ὁ
2528 1081 2885 1151 Ἀντίπατρος
2904 1082 3018 1143 τοῖς
3039 1078 3147 1132 τῶν
3183 1078 3495 1148 Ἰδουμαίων
3523 1077 3702 1132 ἔθεσιν

2114 1173 2421 1243 ἐντραφεὶς,
2471 1170 2695 1243 ὕστερον
2755 1169 3006 1243 Ὑρκανῷ
3051 1170 3320 1241 φιλιοῦται
3354 1170 3429 1242 (1)
3472 1170 3554 1242 τῷ
3601 1169 3703 1241 τῆς
3774 1199 3787 1217 .

2125 1265 2383 1328 Ἰουδαίας
2422 1265 2687 1336 ἀρχιερεῖ.
2719 1262 3074 1336 Πρεσὸεύσας
3119 1263 3177 1317 δὲ
3229 1263 3364 1335 πρὸς
3411 1263 3699 1333 Πομπήϊον

2113 1357 2255 1428 ὑπὲρ
2286 1356 2379 1410 τοῦ
2418 1354 2709 1428 Ὑρκανοῦ,
2745 1357 2840 1410 καὶ
2879 1355 2978 1426 τὴν
3012 1355 3290 1427 βασιλείαν
3324 1354 3701 1428 ἐλευθερώσας

2113 1447 2263 1519 αὐτῷ
2300 1448 2407 1502 ὑπὸ
2472 1447 2880 1520 Ἀριστοϐούλου
2937 1448 3029 1501 τοῦ
3076 1446 3307 1518 ἀδελφοῦ
3360 1464 3697 1520 περικοπτο-

2112 1541 2299 1612 μένην,
2333 1540 2496 1604 αὐτὸς
2542 1539 2846 1612 ηύτύχησεν
2889 1539 3223 1612 ἐπιμελητὴς
3255 1539 3357 1610 τῆς
3404 1537 3699 1592 Παλαιστί-

2106 1647 2205 1701 νης
2247 1630 2528 1703 προκόψας
2572 1630 2668 1699 (⁸2)·
2709 1629 3017 1700 διαδέχεται
3067 1629 3124 1682 δὲ
3173 1628 3266 1682 τὸν
3340 1627 3695 1697 Ἀντίπατρον

2107 1720 2287 1793 φθόνῳ
2325 1720 2426 1792 τῆς
2477 1721 2676 1793 πολλῆς
2718 1721 2969 1792 εὐτυχίας
3010 1719 3453 1792 δολοφονηθέντα,
3497 1722 3527 1773 ὁ
3572 1719 3693 1785 υἱὸς

2115 1814 2382 1887 Ἡρώδης,
2433 1814 2492 1878 ὃς
2541 1814 2765 1885 ὕστερον
2812 1814 2903 1867 ὑπ’
2965 1813 3249 1867 Ἀντωνίου
3296 1814 3392 1866 καὶ
3438 1812 3534 1866 τοῦ
3577 1813 3691 1865 Αύ-

2104 1907 2357 1975 γούστου,
2411 1906 2715 1977 συγκλήτου
2749 1905 2979 1977 δόγματι
3024 1904 3132 1958 τῶν
3181 1904 3450 1958 Ἰουδαίων
3493 1904 3691 1977 ἐκρίθη

2108 1997 2443 2069 βασιλεύειν·
2501 1995 2564 2053 οὗ
2619 1997 2857 2062 παῖδες,
2898 1996 3147 2071 Ἡρώδης
3197 1996 3253 2049 οἵ
3293 1997 3341 2049 τ’
3391 1994 3542 2050 ἄλλοι
3593 2013 3687 2049 τε-

2104 2088 2363 2162 τράρχαι.
2403 2088 2591 2143 Ταῦτα
2644 2088 2743 2160 μὲν
2786 2088 2849 2159 δὴ
2904 2086 3061 2141 κολινά
3109 2087 3203 2140 καὶ
3253 2089 3373 2150 ταῖς
3417 2085 3690 2156 Ἐλλήνων

2105 2182 2386 2253 ἱστορίαις.
2432 2180 2823 2253 ’Λναγράπτων
2845 2179 2902 2233 δὲ
2932 2181 3012 2243 εἰς
3037 2178 3159 2232 τότε
3196 2179 3255 2231 ὲν
3296 2180 3408 2241 τοῖς
3442 2177 3689 2248 ἀρχείοις

2098 2272 2268 2327 ὄντων
2289 2272 2397 2327 τῶν
2430 2270 2734 2343 Ἑϐραϊκῶν
2772 2270 2967 2340 γενῶν,
3007 2271 3102 2324 καὶ
3126 2268 3233 2323 τῶν
3262 2268 3391 2341 ἄχρι
3414 2269 3689 2341 προσηλύο

2098 2383 2205 2419 των
2227 2366 2301 2436 (5)
2329 2363 2773 2435 ἀναφερομένων,
2819 2360 2895 2426 ὡς
2935 2359 3134 2433 Ἀχιὼρ
3175 2360 3268 2414 τοῦ
3325 2361 3685 2431 Ἀμμανίτου,

2100 2456 2194 2509 καὶ
2234 2455 2390 2510 Ῥοὺθ
2426 2455 2532 2526 τῆς
2566 2451 2931 2515 Μωαϐίτιδος,
2986 2450 3097 2504 τῶν
3139 2467 3200 2503 τε
3252 2450 3347 2504 ἀπ’
3401 2451 3682 2520 Αἰγύπτου

2100 2545 2541 2599 συνεκπεσόντων
2578 2542 2907 2613 ὲπιμίκτων,
2962 2537 3210 2612 Ἡρώδης
3246 2538 3398 2594 ούδέν
3445 2558 3497 2595 τι
3540 2558 3683 2612 συμ-

2100 2638 2431 2710 ϐαλλομένου
2460 2635 2554 2691 τοῦ
2575 2635 2684 2690 τῶν
2712 2632 3060 2707 Ἰσραηλιτῶν
3076 2631 3266 2701 γένους
3290 2631 3459 2704 αὐτῷ,
3480 2634 3574 2688 καὶ
3599 2631 3680 2704 τῷ

2094 2730 2356 2785 συνειδότι
2377 2729 2478 2801 τῆς
2510 2727 2826 2797 δυσγενείας
2865 2725 3216 2798 κρουόμενος,
3250 2723 3551 2797 ἐνέπρησεν
3582 2727 3682 2780 αὐ·-

2092 2823 2200 2877 τῶν
2244 2821 2342 2886 τὰς
2387 2820 2711 2893 ἀναγραφὰς
2741 2820 2817 2892 (4)
2840 2818 2952 2872 τῶν
2984 2816 3181 2888 γενῶν,
3236 2816 3481 2889 οἰόμενος
3520 2820 3680 2888 εὐγε-

2091 2914 2190 2985 νὴς
2210 2914 2625 2985 ἁναφανεϊσθαι,
2654 2912 2735 2985 τῷ
2775 2910 2909 2981 μηδὲ
2952 2910 3112 2966 ἄλλον
3141 2909 3285 2979 ἔχειν
3315 2912 3380 2963 ὲκ
3413 2910 3679 2982 δημοσίου

2095 3007 2413 3079 συγγραφῆς
2456 3006 2517 3060 τὸ
2553 3006 2712 3075 γένος
2762 3004 2985 3073 ἀνάγειν
3023 3003 3115 3056 ἐπὶ
3166 3000 3292 3065 τοὺς
3330 3004 3679 3076 πατριάρχας

2091 3092 2124 3165 ἢ
2185 3092 2555 3166 προοηλύτους
2621 3094 2718 3167 (ὅ),
2786 3090 2912 3157 τούς
2975 3108 3035 3144 τε
3099 3089 3466 3162 καλουμένους
3514 3095 3679 3165 γειώ-

2087 3261 2206 3326 esse
2232 3248 2603 3326 abvﬁxptstbv
2619 3249 2662 3326 _dt
2671 3251 3133 3326 ρχιπροσηλύτων,
3150 3262 3280 3317 etc..
3299 3265 3356 3309 ut
3370 3257 3677 3326 ἀρχιπροσ-

2087 3318 2271 3398 ήλυτοι
2313 3318 3011 3398 sitt't'princip’esetquasi
3055 3326 3378 3392 patriarcha:
3411 3318 3677 3398 'p'ros'ely-

2092 3388 2304 3449 torum;
2337 3388 2637 3455 cuiusmodi
2679 3390 2779 3445 fuit
2822 3388 3028 3448 Achior
3056 3388 3442 3457 ’Ammanites,
3461 3408 3514 3451 et
3540 3388 3675 3451 coii-

2086 3460 2344 3536 venteilli
2369 3460 2462 3527 qui
2505 3458 2766 3536 Israelitis
2796 3476 2864 3536 es
2891 3461 3127 3534 Egypto
3155 3466 3562 3536 egredientibus
3584 3483 3673 3521 se.

2086 3543 2145 3583 se
2174 3529 2556 3605 adjun‘iterunt.
2576 3529 2706 3605 Quae
2729 3532 2949 3605 quidem
2968 3529 3358 3605 ihterprétatio
3386 3538 3517 3591 mihi
3540 3553 3667 3591 cer-

2088 3607 2276 3675 te_n_on
2311 3599 2579 3675 displicet.
2616 3600 2672 3675 In
2702 3599 2890 3675 codice
2920 3603 3087 3675 Regio
3111 3599 3372 3675 scriptum
3409 3617 3493 3661 est
3517 3619 3575 3659 ut
3612 3609 3665 3661 in

2078 3668 2264 3734 editis,
2318 3670 2854 3745 ιάχριπροσηλύτων.
2917 3668 3254 3745 ῌίιῖερΙιοι-υέι
3306 3691 3521 3745 quoque
3550 3679 3669 3729 vul-

2079 3747 2260 3807 gatam
2318 3738 2606 3794 lectionem
2647 3738 2866 3797 'tuelur.
2927 3738 3096 3797 Paulo
3153 3755 3281 3800 ante
3324 3738 3512 3799 ἰιοείτί
3566 3761 3665 3801 co-

2078 3809 2228 3884 dices
2286 3808 2450 3871 Maz.,
2476 3809 2615 3884 Med.
2677 3825 2740 3865 ac
2770 3810 3199 3884 Fulgscriptum
3249 3814 3452 3870 habent
3490 3817 3571 3880 εις
3600 3817 3663 3873 τὸ

2074 3877 2219 3949 τότε,
2254 3896 2375 3932 cum
2410 3879 2640 3934 articulo
2658 3882 3022 3949 pra-positivo.

2148 3947 2225 4020 (4)
2239 3948 2603 4023 Ὲνέπρησεν
2613 3947 2813 4004 αὐτῶν·
2826 3951 2932 4018 τὰς
2946 3951 3312 4023 ἀναγραφάς.
3328 3953 3405 4008 Ila
3415 3971 3481 4010 nc
3495 3958 3661 4013 etiam

2083 4020 2451 4097 narratiOnem
2477 4036 2668 4097 parum
2705 4032 2913 4097 certam
2947 4020 3369 4097 existimo.Nam
3392 4024 3663 4097 Iosephus

2083 4087 2141 4163 in
2175 4088 2317 4144 libro
2357 4090 2431 4143 De
2452 4092 2557 4144 vita
2582 4108 2683 4144 sua
2717 4091 2981 4163 originem
3016 4101 3080 4163 et
3107 4095 3482 4162 antiquitatem
3523 4087 3661 4153 stir-

2083 4160 2306 4231 pissua:
2333 4175 2791 4223 commemorans,
2812 4160 2882 4215 ex
2903 4162 3130 4231 publicis
3158 4160 3392 4219 archivis
3416 4182 3535 4222 eam
3570 4185 3660 4224 re-

2083 4229 2235 4305 petit.
2258 4228 2423 4305 Igitur
2455 4233 2735 4305 restabant
2767 4228 2945 4305 adhuc
2975 4243 3142 4305 aetate
3177 4232 3397 4303 Iosephi
3442 4240 3658 4305 publica

2083 4298 2367 4378 tabularia,
2400 4302 2453 4355 in
2478 4302 2674 4378 quibus
2698 4300 3044 4378 Iudaicarum
3073 4298 3397 4378 fainiliarjim
3417 4298 3659 4378 origines

2079 4370 2525 4425 continebantur.
2554 4372 2631 4425 Ac
2660 4370 2891 4440 proinde
2931 4373 3123 4428 falsum
3149 4386 3235 4429 εει
3270 4370 3537 4431 Herodem
3591 4396 3655 4434 ea

2078 4440 2469 4518 combussisse.
2502 4441 2671 4518 Porro
2704 4444 2819 4497 haec
2858 4443 3121 4518 tabularia
3168 4456 3325 4499 erant
3367 4446 3419 4500 in
3455 4450 3657 4518 templo

2079 4507 2571 4585 llierosolymjtano
2591 4512 2690 4566 sub
2712 4513 2954 4585 custodia
2979 4515 3302 4585 scribarum,
3322 4525 3380 4570 ut
3402 4507 3654 4585 equidem

2008 4567 2351 4651 Dexistimo'.
2406 4580 2593 4651 Itaque
2646 4567 2857 4650 optime
2905 4567 3375 4639 Rufinus'verba’
3408 4567 3647 4644 Κιέίἑᾷὶίζ

2081 4649 2154 4702 ita
2184 4651 2389 4723 vertit:
2430 4649 2629 4723 Omnes
2671 4651 3013 4707 Hebrazorum
3048 4656 3407 4723 generationes
3449 4659 3654 4713 deseri-

2075 4729 2203 4791 ptw,
2240 4721 2296 4774 in
2325 4722 2551 4775 archim's
2586 4724 2765 4791 templi
2799 4721 3168 4778 secretioribus
3201 4725 3546 4782 habebantur.

2149 4789 2227 4869 (‘5)
2255 4793 2324 4846 Ἢ
2358 4789 2800 4869 προσηλύτρυς.
2830 4792 3037 4869 Mallem
3054 4796 3307 4869 scribere
3345 4796 3651 4869 ἀρχιπροσ-

2077 4859 2312 4943 ηλύτους
2325 4872 2383 4915 ιιι
2416 4877 2609 4943 supra:
2626 4863 2824 4943 .Neque
2843 4864 3010 4943 enim
3034 4864 3100 4943 de
3122 4865 3342 4919 novitiis
3364 4859 3653 4943 a'e'recen-

2080 4932 2222 5003 tibus
2251 4932 2539 5003 proselytis
2585 4932 2675 4986 hic
2712 4934 2949 4999 loquitur
2984 4934 3297 4999 Africanus,
3329 4940 3425 4991 sed
3467 4941 3533 4992 de
3556 4956 3653 4992 no-

2079 4999 2359 5074 bilissimis
2398 4999 2707 5074 quibusque
2748 5014 2803 5058 et
2840 5002 3255 5071 antiquissimis,
3286 5022 3517 5074 quorum
3549 5025 3651 5063 no-

2078 5086 2200 5147 men
2222 5073 2300 5147 _in_
2326 5074 2499 5147 sacris
2520 5071 2675 5127 libris
2700 5084 3183 5147 commemoratum
3215 5071 3328 5141 est’;
3344 5081 3649 5147 cnjnsmodi

2078 5137 2180 5215 fuit
2205 5142 2429 5215 Acliior,
2451 5142 2532 5215 _de
2559 5157 2667 5210 quo
2709 5145 2767 5215 in;
2783 5143 2922 5215 libro
2947 5141 3131 5197 Iudith
3158 5160 3299 5215 saepe
3316 5137 3389 5199 ιιι
3411 5137 3647 5205 ἲιιειιιίο.

2076 5208 2287 5285 Quippe
2316 5212 2420 5267 hoc
2443 5208 2714 5285 locoagit
2744 5212 3036 5285 Africanus
3065 5215 3129 5268 de
3159 5208 3462 5280 nobilitate,
3493 5220 3648 5285 cujus

2076 5284 2408 5403 praecipuum
2440 5282 2655 5351 insigne
2690 5292 2771 5337 est
2796 5284 3087 5352 antiquitas
3109 5287 3346 5354 generis.
3386 5288 3476 5342 Ait
3499 5282 3645 5343 enim

2104 5350 2342 5403 lerodem
2373 5351 2613 5403 origines
2638 5351 2967 5403 familiarum
3007 5354 3127 5403 ideo
3152 5369 3552 5403 concremasse-
3581 5374 3645 5403 nn

2104 5350 2342 5407 lerodem
2373 5350 2613 5423 origines
2638 5350 2967 5407 familiarum
3007 5350 3134 5409 ideo
3152 5369 3554 5423 concremasse,
3579 5374 3648 5414 ne

2075 5423 2197 5495 quis
2237 5437 2303 5477 ex
2337 5422 2569 5495 publicis
2591 5423 2958 5495 monumentis
2987 5426 3217 5493 probare
3246 5438 3428 5495 posset
3471 5422 3547 5482 se
3578 5431 3647 5484 ab

2076 5491 2207 5567 ipsis
2236 5494 2686 5567 patrjarcbisaut
2714 5491 3001 5567 prophetis
3026 5491 3289 5567 originem
3322 5499 3538 5567 generis
3562 5501 3645 5555 sui

2075 5562 2290 5637 dueere.
2335 5562 2489 5637 Quod
2520 5563 2588 5637 ‘si
2614 5563 2858 5637 uovellos
2908 5562 3644 5637 proselytos_int2:lligamus,

2075 5632 2216 5700 perit
2242 5635 2421 5688 omnis
2442 5632 2717 5700 liujusloei
2742 5632 3034 5698 sententia,
3065 5632 3186 5687 cum
3226 5632 3458 5693 Herodis
3481 5632 3645 5694 aetate

2076 5702 2498 5758 innumerabiles
2521 5712 2706 5759 essent
2740 5703 2794 5774 in
2834 5702 3014 5758 Iudaea
3053 5704 3144 5773 qui
3182 5720 3355 5774 genus
3384 5722 3545 5762 suum
3573 5713 3638 5765 ad

2072 5774 2314 5848 novellos
2355 5774 2654 5848 proselytos
2682 5772 2965 5848 referrent.
2998 5772 3311 5848 utpote‘avo
3338 5780 3450 5832 nati
3482 5794 3635 5848 pros-

2074 5846 2236 5918 etyto.
2272 5844 2372 5911 Qui
2413 5845 2655 5914 proiecto
2695 5844 3040 5901 archivorum
3075 5845 3333 5916 suifragio
3365 5844 3500 5919 opus
3534 5866 3618 5904 us:
