4034 6450
463 359 535 415 99
1164 351 1436 409 EUSEBII
1475 349 1952 406 CAESARlENSlS
1992 349 2142 405 OPP.
2184 349 2368 405 PARS
2408 348 2448 404 l.
2491 380 2557 388 —
2597 347 2990 404 lllSTORlCA.

3622 351 3726 404 1υο

464 476 625 532 avitae
646 473 942 531 nobilitatis
974 471 1292 527 memoriam
1328 477 1768 525 conservassem.
1793 467 1870 522 Ex
1896 482 2026 536 quo-

2143 469 2526 530 ἀποθανόντος,
2575 469 2602 520 6
2663 466 2858 520 Ἰακὼϐ
2911 465 3208 538 ἀνέστησεν
3267 467 3414 538 αὐτῷ
3466 467 3722 539 σπέρμα,

466 583 587 622 rum
630 581 862 621 numero
906 575 1063 619 erant
1114 563 1167 617 hi
1219 563 1284 617 de
1335 561 1532 630 quibus
1576 576 1740 628 supra
1797 560 1928 624 dixi,
1973 560 2042 614 ob

467 661 930 730 propinquitatem
959 658 1174 728 generis
1209 671 1313 720 qua
1347 653 1625 708 Servatori
1663 651 2042 720 nostrojuncti

462 761 622 808 erant
666 750 982 804 δεσπόσυνοι
1035 749 1311 817 appellati.
1359 745 1459 812 Qui
1501 760 1532 798 e
1568 743 1798 798 Nazaris
1846 752 1901 795 et
1947 741 2046 795 Co-

463 843 635 898 chaba
681 842 877 897 Judaca:
919 841 1048 895 vicis
1091 840 1143 892 in
1186 837 1365 891 varias
1400 836 1646 906 regiones
1675 832 1927 901 dispersi,
1957 847 2046 886 su-

464 935 767 1004 prauictam
804 933 1019 1003 generis
1055 931 1276 995 seriem,
1329 944 1394 981 ex
1447 924 1864 996 Ephemeridum
1900 922 2039 976 libro

463 1041 624 1096 quam
657 1033 908 1094 poterant
939 1021 1255 1076 fidelissime
1280 1024 1678 1087 exposuerunt.
1716 1012 1848 1068 Sive
1873 1013 2042 1083 igitur

465 1116 535 1167 ita
573 1129 631 1168 se
669 1129 754 1168 res
786 1114 968 1179 habet,
999 1113 1113 1166 sive
1145 1111 1327 1176 aliter,
1376 1108 1676 1178 planiorem
1703 1112 1851 1159 certe
1879 1106 2042 1158 inter-

462 1207 843 1275 pretationem,
890 1219 1011 1258 mco
1054 1203 1275 1274 quidem
1317 1201 1525 1272 judicio
1577 1198 1920 1267 aliorumque
1950 1197 2040 1266 qui

460 1299 598 1368 aequi
637 1312 820 1352 rerum
852 1297 1220 1351 :estimatores
1271 1307 1393 1348 esse
1422 1291 1629 1356 volent,
1685 1305 1842 1343 nemo
1887 1287 2044 1343 facile

389 1435 396 1443 .
461 1389 746 1458 repererit.
816 1386 1050 1441 Proinde
1100 1386 1214 1439 ham
1267 1382 1424 1436 nobis
1482 1380 1754 1445 sulliciat,
1819 1378 2037 1433 tametsi

461 1480 606 1535 nullo
640 1481 953 1534 testimonio
987 1477 1156 1541 fulta;
1195 1474 1413 1544 quando
1433 1488 1532 1528 nec
1562 1471 1843 1528 meliorem
1875 1472 2037 1525 aliam

2143 561 2408 630 γεννήσας
2436 557 2527 611 τὸν
2562 559 2780 628 Ἰωσὴφ,
2822 556 2961 611 κατὰ
3000 557 3161 622 φύσιν
3200 559 3296 628 μὲν
3335 558 3532 629 ἐαυτῷ,
3581 560 3724 614 κατὰ

2143 651 2306 722 νόμον
2331 651 2386 704 δὲ
2411 647 2496 718 τῷ
2529 649 2661 705 Ἦλί.
2700 650 2885 713 Οὕτως
2923 650 3248 722 ἀμφοτέρων
3281 651 3396 714 υἱὸς
3427 648 3494 722 ἦν
3532 654 3561 705 6
3611 653 3725 706 Ἰω-

2145 745 2278 814 σήφ.
2332 763 2349 796 ι
2383 741 2632 796 Τοσαῦτα
2667 742 2731 813 δὴ
2764 744 2791 795 ὁ
2838 742 3181 814 Ἀφρικανός.
3225 743 3334 794 Καὶ
3370 742 3433 813 δὴ
3473 743 3566 795 τοῦ
3616 745 3728 796 Ἰω-

2145 835 2252 907 σὴφ
2273 827 2374 887 ὧδέ
2403 851 2518 898 πως
2544 833 3053 904 γενεαλογουμένου,
3085 833 3310 903 δυνάμει
3346 833 3439 886 καὶ
3467 835 3499 904 ἡ
3534 834 3726 905 Μαρία.

2146 928 2242 980 σὺν
2271 926 2416 996 αὑτῷ
2445 926 2684 996 πέφηνεν
2731 926 2794 978 ἐκ
2835 926 2935 996 τῆς
2983 925 3152 996 αὐτῆς
3184 920 3318 977 οὖσα
3355 925 3547 996 φυλῆς,
3604 926 3721 993 εἴγε

2137 1018 2278 1072 κατὰ
2306 1019 2393 1070 τὸν
2420 1017 2694 1081 Μωῦσέως
2723 1017 2883 1087 νόμον
2911 1018 3009 1069 οὐκ
3032 1017 3154 1086 ἐξῆν
3185 1016 3397 1088 ἑτέραις
3431 1016 3724 1087 ὲπιμίγνιμ

2141 1108 2264 1161 σθαι
2291 1108 2518 1177 φυλαϊςο
2556 1109 2635 1161 ἐνὶ
2662 1106 2772 1179 γὰρ
2799 1108 2908 1162 τῶν
2949 1111 3013 1160 ἐκ
3057 1108 3150 1160 τοῦ
3202 1108 3367 1161 αὑτοῦ
3409 1109 3582 1180 δήμου
3623 1109 3723 1164 καὶ

2141 1201 2375 1272 πατριᾶς
2399 1199 2511 1272 (i5)
2530 1200 2629 1270 τῆς
2655 1201 2823 1271 αὐτῆς
2853 1198 3176 1269 ξεῦγνυσθαι
3216 1200 3350 1272 πρὸς
3393 1202 3569 1271 γάμον
3610 1195 3722 1255 πῖ(-

2146 1291 2516 1363 ρακελεύεται,
2550 1289 2625 1355 ὡς
2664 1291 2729 1345 ἂν
2778 1292 2852 1363 μὴ
2889 1292 3304 1364 περιστρέφοιτο
3352 1292 3461 1364 (llr)
3487 1292 3581 1345 τοῦ
3621 1293 3720 1361 γέ⁵

2145 1399 2268 1445 νους
2290 1384 2316 1435 6
2339 1382 2534 1454 κλῆρος
2564 1381 2671 1436 ἀπὸ
2697 1381 2871 1453 φυλῆς
2911 1383 3004 1436 ἐπὶ
3026 1383 3218 1455 φυλήν.
3259 1383 3366 1436 Ὠδὶ
3397 1385 3493 1454 μὲν
3514 1381 3606 1436 οὖν
3624 1383 3723 1438 καὶ

2145 1471 2317 1526 ταῦτα
2359 1473 2548 1544 ἐχέτω.

461 1587 560 1625 nec
604 1572 870 1625 veriorem
916 1571 1163 1640 proferre
1206 1581 1518 1638 possumus.
1589 1565 1856 1620 Cmterum
1899 1567 2029 1635 quin
2069 1581 2200 1620 vera
2237 1567 2308 1622 sit
2337 1565 2610 1637 Evangelii
2643 1568 2884 1622 narratio
2946 1567 3180 1622 dubitari
3231 1583 3336 1622 non
3378 1577 3574 1638 potest.
3607 1590 3625 1622 ι
3655 1566 3714 1622 In

459 1669 566 1722 fine
605 1676 783 1722 autem
808 1666 1045 1736 ejusdem
1075 1663 1325 1732 Epistula:
1358 1663 1648 1716 Africanus
1688 1660 1804 1715 haec
1841 1662 2027 1715 addit:
2063 1679 2081 1712 ι
2117 1661 2355 1716 Matthan
2383 1677 2410 1715 a
2436 1660 2725 1716 Salomone
2765 1677 2934 1732 genus
2971 1663 3194 1727 ducens,
3217 1661 3476 1717 Jacobum
3509 1662 3715 1730 genuit.

459 1759 674 1815 Mortuo
718 1759 910 1812 deinde
957 1750 1261 1818 Matthaue,
1307 1753 1500 1809 Melchi
1547 1753 1812 1807 oriundus
1840 1769 1906 1807 ex
1937 1751 2199 1808 Nathanis
2255 1755 2446 1820 stirpe,
2488 1770 2556 1808 ex
2591 1755 2778 1809 eadem
2849 1755 3077 1810 muliere
3151 1755 3336 1825 genuit
3383 1754 3522 1808 lleli.
3568 1756 3716 1822 Quo-

459 1858 601 1912 circa
649 1854 880 1908 .lacobus
925 1864 980 1908 et
1025 1851 1138 1906 Heli
1191 1851 1392 1905 fratres
1435 1859 1594 1902 erant
1659 1848 1879 1902 nterini.
1932 1847 2049 1903 lleli
2092 1849 2284 1904 deinde
2312 1849 2429 1904 sine
2456 1848 2637 1904 liberis
2663 1849 2934 1914 defuncto,
2966 1848 3196 1904 Jacobus
3260 1850 3308 1902 ei
3375 1864 3557 1903 semen
3589 1865 3716 1903 sus—

461 1950 668 2012 citavit,
697 1945 932 2014 Josepho
974 1945 1160 2016 genito
1189 1964 1200 1998 :
1231 1944 1322 2014 qui
1354 1953 1548 1998 natura
1573 1942 1790 2012 quidem
1825 1940 2035 2007 Jacobi,
2077 1942 2195 2012 lege
2226 1951 2407 1997 autem
2442 1942 2558 1998 lleli
2601 1943 2746 1997 filius
2810 1943 2930 1997 fuit.
2965 1941 3057 1998 Sic
3114 1951 3342 2012 uterque
3372 1941 3590 2013 Josephi
3618 1959 3716 2012 pa-

463 2053 547 2098 ter
577 2055 723 2098 recte
754 2043 973 2097 dicitur.
1022 2060 1040 2092 ι
1073 2039 1198 2096 llaec
1229 2040 1541 2096 Africanus.
1580 2038 1750 2094 Porro
1814 2041 2081 2094 recensita
2125 2041 2224 2094 hoc
2255 2040 2414 2094 modo
2437 2039 2656 2110 Josephi
2688 2041 2876 2109 stirpe,
2906 2039 3064 2095 simul
3095 2040 3258 2093 etiam
3285 2039 3464 2094 Maria:
3523 2054 3717 2108 genus,

461 2151 580 2206 qua:
605 2153 666 2189 ex
691 2136 877 2191 eadem
915 2135 1057 2189 tribu
1094 2145 1212 2190 erat
1240 2135 1493 2200 oriunda,
1531 2136 1694 2190 tacite
1723 2135 2028 2205 expositum
2069 2135 2178 2208 24
2237 2146 2356 2204 est,
2405 2136 2523 2205 lege
2554 2136 2820 2206 siquidem
2862 2136 3066 2208 Moysis
3104 2136 3245 2192 inter
3285 2137 3510 2190 diversze
3541 2136 3719 2193 tribus

461 2229 706 2283 homines
733 2239 888 2282 erant
925 2229 1089 2283 vetita
1120 2230 1414 2284 connubia.
1451 2228 1553 2284 Uni
1583 2229 1728 2285 enim
1793 2244 1860 2282 ex
1923 2231 2111 2284 eodem
2152 2231 2349 2301 populo
2379 2231 2679 2300 eademque
2709 2241 2870 2302 gente
2914 2232 3107 2286 mulier
3141 2233 3346 2287 nubere
3374 2234 3717 2302 praecipitur,

461 2336 529 2377 ne
561 2324 1036 2391 sorspatrimonii
1089 2323 1142 2378 in
1187 2324 1349 2378 aliam
1388 2324 1589 2378 tribum
1644 2327 2026 2380 transferatur.
2067 2326 2136 2380 Et
2164 2329 2229 2381 de
2271 2327 2357 2383 his
2387 2327 2604 2397 quidem
2637 2329 2926 2383 hactenus.

1046 2467 1273 2524 CAPUT
1315 2468 1452 2524 Vill.

465 2557 539 2614 De
565 2557 792 2614 Herodis
829 2561 1080 2634 adversus
1122 2560 1355 2634 infantes
1384 2562 1724 2629 crudelitate,
1751 2572 1798 2618 et
1825 2560 2035 2634 qualem

883 2633 926 2684 is
946 2631 1144 2684 exitum
1180 2632 1298 2684 vita:
1327 2633 1595 2686 habuerit.

530 2793 749 2849 Christo
797 2791 965 2862 igitur
1018 2791 1313 2848 secundum
1371 2793 1758 2863 prophetarum
1813 2795 2034 2851 oracula

459 2883 517 2942 in
566 2884 884 2940 Bethlehem
927 2882 1128 2939 Judaea:
1183 2895 1312 2940 nato
1356 2885 1422 2939 iis
1464 2886 1665 2956 quibus
1705 2902 1866 2957 supra
1924 2888 2036 2942 dixi

460 2977 818 3046 temporibus,
843 2975 1083 3030 Herodes
1116 2990 1238 3031 cum
1267 2977 1407 3047 magi
1439 2977 1682 3046 quidam.
1702 2993 1766 3033 ex
1809 2978 2034 3033 Oriente

457 3069 736 3124 venientes
766 3067 944 3137 ipsum
974 3068 1408 3139 interrogassent
1434 3071 1655 3124 ubinam
1699 3081 1865 3126 natus
1893 3080 2037 3126 esset

457 3173 554 3216 rex
595 3156 906 3215 Judzeorum
933 3177 947 3214 :
973 3162 1171 3230 quippe
1227 3161 1443 3216 stellam
1497 3162 1616 3232 ejus
1655 3163 1763 3217 sibi
1803 3177 2033 3232 conspe-

455 3266 598 3310 ctam
631 3255 877 3322 aiebant,
929 3255 1178 3326 hancque
1214 3258 1349 3310 tanti
1398 3258 1612 3313 itineris
1665 3259 1770 3312 sibi
1809 3275 2031 3314 causam

454 3349 646 3413 fuisse,
696 3349 840 3418 quod
892 3349 1040 3402 illum
1089 3359 1276 3416 utpote
1310 3350 1476 3405 Deum
1525 3352 1756 3407 adorare
1783 3353 2035 3407 omnibus

455 3444 597 3499 votis
628 3443 885 3498 arderent
919 3458 934 3496 :
961 3458 1023 3496 ea
1052 3459 1111 3498 re
1140 3460 1247 3498 non
1286 3445 1643 3500 mediocriter
1669 3448 2032 3500 conturbatus

455 3535 608 3604 quasi
650 3549 874 3604 regnum
925 3534 1096 3603 ipsius
1129 3533 1182 3587 in
1217 3535 1515 3588 maximum
1565 3535 1856 3591 discrimen
1891 3544 2036 3592 esset

453 3625 767 3686 adductum,
802 3634 1154 3694 percontatus
1201 3634 1284 3679 est
1329 3641 1394 3680 ex
1432 3625 1567 3695 legis
1595 3626 1909 3682 doctoribus
1940 3629 2030 3697 qui

457 3716 510 3770 in
552 3731 650 3769 sua
691 3725 854 3784 gente
900 3727 1093 3782 erant,
1145 3716 1369 3770 ubinam
1407 3716 1690 3771 Christum
1738 3729 1923 3772 natum
1967 3721 2029 3774 iri

2667 2473 3064 2527 ΚΕΦᾹΛΑΙΟΝ
3099 2473 3178 2527 Η’.

2137 2565 2277 2635 Περὶ
2320 2564 2432 2633 τῆς
2467 2565 2727 2634 Ἡρώδου
2767 2565 2915 2619 κατὰ
2951 2564 3068 2618 τῶν
3096 2566 3326 2618 παίδων
3359 2567 3714 2635 ἐπιϐουλῆς,

2207 2633 2436 2762 infigi?
2452 2635 2753 2775 yfgﬁalgfr
2785 2637 2972 2689 αὐτὸν
2997 2633 3381 2706 καταστροφὴ
3395 2638 3539 2700 ,βίου
3568 2633 3712 2709 (Nic.

2220 2797 2378 2851 Ἀλλὰ
2417 2796 2526 2868 γὰρ
2552 2794 2646 2849 τοῦ
2673 2795 2909 2867 Χριστοῦ
2954 2795 3306 2867 γεννηθέντος
3336 2799 3454 2862 ταῖς
3495 2815 3718 2871 προφηη

2136 2891 2304 2956 τείαις
2330 2887 2634 2954 ἀκολούθως
2663 2888 2720 2941 ὲν
2740 2887 2986 2960 Βηθλεὲμ
3017 2889 3117 2959 τῆς
3145 2889 3399 2953 Ἰουδαίας
3421 2892 3562 2946 κατὰ
3591 2893 3720 2948 τοὺς

2135 2981 2537 3056 δεδηλωμένους
2567 2977 3071 3051 χρόνους,Ἡρώδης
3108 2982 3201 3034 ἐπὶ
3225 2984 3292 3052 τῇ
3327 2981 3432 3034 τῶν
3467 2983 3526 3047 ἐξ
3556 2984 3717 3036 Ἀνα-

2136 3077 2293 3149 τολῆς
2332 3077 2520 3147 μάγων
2551 3075 2904 3146 ἀνερωτήσει,
2940 3073 3047 3143 ὅπη
3083 3075 3166 3143 εἴη
3206 3073 3718 3147 διαπυνθανομένων

2133 3171 2163 3224 6
2199 3167 2412 3239 τεχθεὶς
2459 3165 2712 3236 βασιλεὺς
2765 3164 2874 3218 τῶν
2923 3164 3228 3217 Ἰουδαίων·
3273 3167 3574 3238 ἑωρακέναι
3593 3169 3718 3241 γὰρ

2136 3259 2300 3315 αὐτοῦ
2338 3258 2428 3312 τὸν
2471 3255 2704 3329 ἀστέρα,
2751 3257 2845 3309 καὶ
2886 3255 2992 3327 τῆς
3033 3256 3259 3326 τοσῆσδε
3311 3258 3536 3330 πορείας
3567 3260 3716 3314 τοῦτ’

2135 3354 2308 3408 αἴτιον
2350 3353 2533 3416 αὐτοῖς
2567 3349 2870 3420 γεγονέναι,
2916 3344 3005 3402 οἷα
3049 3349 3168 3421 Θεῷ
3214 3351 3586 3423 προσκυνῆσαι
3636 3353 3717 3426 τῷ

2133 3446 2376 3517 τεχθέντι
2406 3444 2494 3498 διὰ
2524 3442 2759 3512 σπουδῆς
2790 3442 3209 3513 πεποιημένοις·
3249 3442 3311 3496 οὐ
3341 3444 3592 3516 σμικρῶς
3619 3446 3714 3499 ἐπὶ

2133 3537 2214 3608 τῷ
2263 3537 2548 3608 πράγματι
2591 3532 2686 3588 ἅτε
2736 3532 3167 3602 κινδυνευούσης,
3223 3533 3298 3597 ὥς
3328 3551 3391 3603 γε
3423 3535 3486 3606 δὴ
3541 3535 3712 3606 ᾤετο,

2134 3627 2281 3698 αὐτῷ
2305 3628 2402 3699 τῆς
2425 3627 2598 3698 ἀρχῆς
2624 3623 2972 3695 διακινηθεὶς,
2992 3624 3293 3696 πυθόμενος
3313 3625 3420 3678 τῶν
3454 3628 3604 3698 παρὰ

2136 3721 2279 3774 ἔθνει
2311 3719 2782 3792 νομοδιδασκάλων
2797 3715 2899 3771 ποῦ
2916 3717 3008 3771 τὸν
3035 3717 3269 3788 Χριστὸν
3286 3719 3716 3790 γεννηθήσεσθαι

453 3817 859 3877 exspectarent.
911 3807 1207 3878 Postquam
1251 3824 1382 3864 vero
1430 3807 1664 3865 Miehteae
1705 3810 2026 3866 vaticinium

2135 3812 2498 3886 προσδοκῷεν,
2553 3811 2626 3875 ὡς
2673 3811 2812 3880 ἔγνω
2852 3809 2950 3882 τὴν
2989 3812 3224 3882 Μιχαίου
3269 3815 3607 3885 προφητείαν
3655 3818 3714 3869 ἐν

452 3990 674 4046 uxorem
705 3975 920 4046 ducere,
945 3983 999 4029 et
1024 3991 1089 4031 ex
1113 3991 1174 4031 ea
1204 3975 1406 4032 liberos
1430 3991 1719 4046 procreare
1742 3978 1794 4031 in
1826 3993 2023 4032 nomen

455 4059 519 4099 ac
554 4044 813 4098 familiam
845 4044 1031 4098 fratris
1061 4048 1142 4099 sui
1186 4044 1535 4101 transituros.
1567 4047 1677 4101 Lex
1713 4049 1856 4101 enim
1885 4047 2026 4100 Deu-

451 4117 739 4187 tcrouomii
768 4131 884 4182 cap.
919 4115 990 4168 25
1025 4116 1263 4183 loquitur
1291 4119 1357 4171 de
1389 4117 1562 4187 fratre
1599 4119 1688 4187 qui
1739 4118 1949 4172 habitat
1977 4117 2027 4170 in

450 4185 639 4257 eadem
691 4185 872 4257 domo,
926 4198 981 4239 et
1027 4187 1116 4254 qui
1171 4196 1255 4239 est
1292 4186 1580 4257 συγγενής.
1616 4185 1769 4254 Quod
1809 4187 2027 4257 quidem

451 4254 582 4307 solis
631 4255 907 4322 germanis
953 4267 1046 4309 aut
1092 4254 1526 4324 consanguineis
1555 4257 1835 4325 competit.
1895 4255 2028 4306 Nam

455 4328 702 4376 utcrinus
747 4325 915 4378 frater
958 4342 1063 4379 nou
1107 4335 1190 4378 est
1233 4342 1298 4378 ex
1326 4327 1514 4378 eadem
1566 4329 1725 4381 domn
1767 4341 1939 4392 neque
1962 4341 2028 4378 ex

452 4393 638 4447 eodem
668 4407 898 4461 genere;
947 4411 1066 4449 cum
1111 4411 1279 4464 genus
1303 4398 1601 4464 praesertim
1638 4396 1778 4461 apud
1815 4393 2028 4448 Judmos

452 4476 519 4515 ex
548 4472 767 4533 paterna
816 4468 983 4533 stirpe
1009 4469 1259 4518 ducatur.
1313 4466 1473 4519 Certe
1511 4466 1801 4518 Africanus
1826 4465 2028 4518 diserte

455 4542 704 4594 testatur,
734 4531 992 4588 Jacohum
1021 4546 1075 4589 et
1097 4535 1208 4588 lleli
1240 4536 1435 4588 fratres
1461 4537 1702 4590 uteriuos
1738 4535 2023 4588 contribu-

454 4601 534 4672 les
561 4603 775 4670 quidem
815 4605 997 4666 fuisse,
1028 4621 1092 4658 ex
1125 4607 1336 4659 diverso
1361 4615 1538 4658 tamen
1574 4620 1793 4672 genere,
1814 4607 1878 4657 ἐκ
1909 4604 2026 4657 δια-

455 4671 636 4743 φόρων
660 4671 762 4744 δύο
794 4675 984 4743 γενῶν.
1023 4675 1272 4729 Sccnudo
1321 4676 1438 4730 loco
1466 4671 1712 4728 dubitare
1745 4677 1869 4744 quis
1919 4691 2024 4730 non

455 4743 728 4814 innuerim
777 4748 948 4814 possit
972 4757 1148 4798 utrum
1179 4747 1228 4798 iu
1270 4747 1710 4814 generationibus
1743 4743 2028 4799 recensen-

455 4813 538 4884 dis
574 4813 711 4884 ratio
740 4831 765 4866 ιι
799 4813 998 4869 Judaeis
1027 4817 1208 4869 habita
1261 4813 1330 4868 sit
1380 4827 1592 4884 patrum
1623 4817 2022 4882 adoptivurntn.

459 4882 771 4955 Exemplum
825 4885 1086 4938 habemus
1116 4887 1324 4939 illustre
1350 4882 1400 4937 in
1428 4886 1598 4948 Ohed,
1649 4886 1801 4955 cujus
1852 4887 1903 4938 in
1934 4901 2026 4950 ge-

455 4951 694 5022 nealogia
723 4955 922 5007 Christi
952 4959 1010 5007 fit
1057 4957 1278 5010 mentio.
1309 4955 1441 5008 Nam
1471 4972 1590 5006 cum
1621 4951 1828 5008 Maalon
1877 4970 2025 5007 mor-

457 5031 579 5092 tuus
623 5023 810 5077 luisset
841 5026 890 5078 in
943 5027 1263 5090 Moabitide,
1309 5037 1357 5078 et
1393 5026 1530 5078 liuth
1562 5027 1777 5078 viduam
1821 5025 2026 5092 absque

456 5089 638 5166 liberis
690 5095 1015 5166 reliquisset,
1048 5094 1187 5149 Buoz
1231 5089 1460 5166 agnatus
1511 5095 1791 5166 Maalonis,
1843 5089 2027 5163 proxi-

454 5163 624 5214 tniore
664 5164 962 5235 aguatujus
989 5182 1142 5220 suum
1175 5163 1288 5235 ipsi
1325 5166 1676 5230 concedente,
1720 5164 1861 5219 Ruth
1889 5180 2023 5218 uxo-

2133 3993 2250 4032 sum
2290 3977 2494 4031 ideirco
2533 3973 2802 4028 nominari
2838 3973 2892 4028 in
2935 3973 3287 4040 generatione
3319 3973 3538 4036 Christi,
3570 3975 3714 4044 quod

2134 4048 2397 4101 illustrior
2422 4048 2724 4100 exstitisset
2750 4060 2909 4113 quam
2938 4044 3170 4100 Maalon.

2201 4116 2313 4185 (l5)
2355 4117 2450 4168 Ἐκ
2496 4115 2601 4169 τοῦ
2646 4112 2832 4168 αὑτοῦ
2877 4114 3072 4183 δήμου
3103 4113 3198 4167 καὶ
3228 4112 3498 4181 πατριᾶς.
3538 4113 3713 4170 Judaei

2132 4188 2290 4242 divisi
2323 4195 2482 4240 erant
2511 4186 2560 4238 itt
2598 4186 2789 4246 tribus,
2831 4200 2950 4253 qua:
2977 4185 3142 4253 φυλαί
3177 4185 3518 4238 dicebantur.
3581 4187 3713 4238 Sin-

2130 4259 2267 4324 gula:
2293 4268 2472 4310 autem
2503 4256 2670 4308 tribus
2696 4255 3078 4324 dividebantur
3106 4256 3157 4308 in
3188 4254 3414 4324 δήμους,
3450 4265 3501 4306 ιιι
3532 4258 3710 4307 mani-

2130 4323 2266 4380 feste
2298 4336 2442 4396 patet
2465 4341 2530 4378 ex
2557 4325 2734 4396 capite
2766 4340 2929 4396 x_xxvr
2963 4323 3347 4396 Numerorum.
3378 4325 3551 4393 Δῆμοι
3580 4340 3710 4396 ergo

2130 4398 2268 4450 idem
2296 4393 2421 4450 sunt
2445 4395 2588 4462 quod
2616 4395 2752 4462 apud
2789 4393 3069 4448 Romanos
3097 4395 3351 4459 familiai;
3381 4397 3521 4448 sicut
3546 4395 3710 4463 φυλαί

2127 4466 2328 4521 Judmis
2373 4477 2497 4517 sunt
2547 4480 2682 4532 quas
2747 4465 2977 4517 Romani
3027 4474 3214 4530 gentes
3253 4466 3542 4519 vocabant.
3589 4465 3708 4517 .lam

2129 4551 2258 4590 vero
2284 4534 2508 4606 πατριαί
2539 4535 2676 4606 idem
2705 4544 2861 4606 erant
2889 4537 3034 4602 quod
3067 4534 3354 4606 6ipo:.__Et
3377 4545 3528 4589 recte
3553 4545 3710 4588 vetus

2129 4602 2412 4674 interpres
2451 4607 2502 4658 in
2540 4605 2680 4657 libro
2725 4604 3089 4674 Numerorum
3117 4602 3356 4674 familias
3388 4607 3566 4664 vertit,
3618 4606 3709 4659 ubi

2126 4673 2272 4730 LXX
2306 4676 2632 4743 Interpretes
2661 4673 2896 4743 πατριάς
2930 4673 3245 4743 posuerant.
3293 4674 3466 4728 ilorns
3517 4674 3713 4728 Gram-

2128 4748 2358 4800 matieus
2380 4739 2956 4816 εΦατρίαὋύνταγμα,
2983 4739 3095 4798 οἷον
3139 4746 3365 4816 πατρία,
3410 4745 3496 4816 ’ὅτ’
3519 4744 3583 4816 ἂν
3615 4745 3707 4814 ἀφ’

2127 4817 2246 4879 ἑνὸς
2279 4818 2370 4869 καὶ⁹
2403 4813 2663 4886 εὐγενοῦς
2685 4813 2897 4886 ἀνδρὸς,
2929 4814 3005 4886 ὡς
3034 4813 3262 4886 πατρὸς,
3295 4814 3434 4867 κατὰ
3459 4813 3708 4886 Stat-501i;

2126 4887 2418 4957 ἐπέκτασιν
2445 4884 2584 4957 λάϐῃ
2615 4885 2681 4938 τὰ
2704 4883 2858 4956 γένη,
2879 4885 2944 4957 τᾷ
2960 4902 3020 4957 τε
3053 4883 3289 4938 ὲπῖτινα
3314 4885 3703 4957 ἀναφέρεσθαι.

2126 4956 2203 5019 ὡς
2226 4953 2592 5028 Ἠρακλεῖδαὶζ
2624 4957 2808 5009 Exstat
2827 4953 3157 5028 hic_illustr_is
3185 4957 3334 5028 locus
3362 4953 3706 5028 lloriGr-ain-

2127 5024 2308 5079 matici
2364 5031 2504 5095 apud
2555 5035 2834 5078 auctorem
2903 5025 3279 5094 Etymolagici.
3351 5024 3707 5095 Atquehinc

2129 5092 2847 5168 πατριάρχάιῄλόετιϋιιηιιιι·
2873 5092 3090 5168 generis
3151 5092 3404 5168 auctores
3429 5093 3566 5162 apud
3611 5092 3706 5145 Ju-

2133 5165 2297 5230 dazds,
2328 5165 2590 5232 aquibus
2619 5181 2955 5235 unaquteque
3009 5165 3219 5221 familia
3253 5181 3445 5226 nomen
3475 5177 3707 5235 pact-epes
3787 5192 3796 5200 -

454 5246 565 5284 rem
591 5233 820 5302 accnpit,
871 5252 979 5303 quo
1001 5233 1440 5290 sctttetrMaalotti
1495 5237 1806 5289 suscitaret.
1857 5235 1932 5288 Ex
1959 5250 2019 5288 ea
2056 5247 2099 5301 ῐ)
2130 5246 2234 5297 rat,
2260 5236 2713 5303 quemadmodum
2742 5233 2924 5289 videre
2947 5247 3032 5290 est
3060 5239 3110 5290 in
3136 5252 3254 5305 cap.
3286 5251 3412 5290 xxvi
3444 5233 3707 5305 Numero-

456 5311 632 5373 tamen
661 5305 873 5373 genitus
900 5307 1135 5369 Obedus,
1190 5323 1294 5360 non
1336 5306 1596 5359 Maalonis
1645 5307 1736 5360 sed
1773 5305 1927 5359 Boosi
1960 5308 2034 5356 ιιοι

454 5372 557 5424 lius
581 5372 778 5428 dicitur
804 5378 871 5427 ab
902 5377 1245 5444 evangelistis
1322 5377 1410 5444 qui
1453 5377 1653 5431 Christi
1707 5377 2018 5444 prosapiam

457 5450 777 5518 terruerunt,
824 5459 878 5499 et
923 5447 972 5499 in
1004 5446 1145 5499 libro
1193 5447 1287 5518 qui
1319 5449 1636 5518 inscribitur
1690 5444 2020 5518 RutII.AScio

454 5513 580 5588 quid
632 5517 942 5588 reSpouderi
990 5518 1160 5588 possit
1185 5513 1220 5569 :'
1246 5517 1482 5588 Moysem
1512 5517 1721 5571 scilicet
1761 5519 1829 5568 de
1858 5513 2022 5588 fratre

455 5581 1018 5641 duntaxat'locutum':
1051 5585 1277 5641 Boosum
1305 5581 1431 5642 vcro
1461 5587 1681 5640 fratrem
1709 5601 1814 5639 non
1858 5586 2022 5637 fuisse

455 5647 730 5727 Maalnuis,
761 5671 823 5708 ac
855 5657 1080 5726 proinde
1108 5658 1277 5725 legem
1313 5673 1415 5727 qua
1439 5659 1750 5723 jubebatur,
1775 5665 1856 5727 _tit
1883 5653 2022 5708 filius

455 5734 518 5796 es
542 5721 728 5796 fratris
755 5721 912 5778 vidua
944 5721 1227 5796 susceptus
1250 5721 1364 5793 eju's
1393 5721 1608 5780 uoininc
1635 5725 2018 5796 appellaretur,

458 5793 518 5843 ad
540 5791 767 5848 Densum
795 5813 898 5852 non
927 5791 1285 5866 pertinuisse.
1309 5800 1508 5852 Deinde
1542 5799 1644 5851 dici
1671 5791 1855 5866 potest
1882 5795 2016 5848 Boo-
2057 5866 2067 5870 ,-

2129 5320 2270 5360 rum.
2289 5305 2702 5374 Chrysostomus
2731 5305 2950 5359 homilia
2975 5307 3002 5358 Ἰ
3027 5309 3080 5360 in
3107 5304 3398 5374 .Epistolam
3429 5307 3495 5359 ad
3534 5304 3702 5374 Ephe-

2127 5376 2256 5438 sios,
2291 5375 2522 5443 πατριάς
2547 5386 2599 5428 et
2623 5375 2754 5446 γένη
2791 5377 2930 5429 idem
2967 5391 3087 5430 esse
3113 5379 3206 5430 ait.

2194 5448 2306 5521 (I4)
2331 5447 2490 5521 yUlg.
2521 5447 2612 5521 ὡς
2644 5445 2848 5521 arpi;
2882 5447 3316 5521 ἑπιστρέφοιζρ.
3356 5445 3430 5502 Ita
3473 5448 3692 5521 quidem

2123 5515 2296 5575 eodcx'
2329 5515 2544 5583 Regius.
2579 5515 2683 5571 Sed
2727 5519 2917 5584 reliqui
2965 5521 3198 5582 codices,
3236 5518 3435 5571 Mazar.
3466 5520 3690 5579 scilicet,

2123 5607 2186 5644 ac
2217 5589 2375 5650 Med.,
2406 5604 2527 5642 cum
2554 5587 2688 5641 Fuk.
2724 5603 2787 5642 ac
2818 5587 2982 5641 Savil.
3018 5590 3278 5655 scriptum
3313 5589 3510 5642 habent
3539 5605 3692 5657 περι-

2125 5659 2676 5731 στρέφοίιτοηιιυὶιιιιε
2710 5660 2977 5731 consentit
3007 5659 3169 5710 etiam
3215 5658 3570 5731 Nicephorus.
3627 5659 3691 5712 Et

2123 5727 2203 5785 sic
2233 5730 2429 5800 legitur
2455 5729 2658 5800 ineap.
2686 5745 2774 5784 χιιι
2809 5727 3194 5796 Numerorum,
3217 5729 3284 5783 ad
3303 5743 3479 5800 quem
3508 5729 3688 5784 locum

2123 5800 2312 5858 alludit
2336 5797 2622 5853 Eusebius.
