4054 6456
415 324 520 381 103
1119 318 1389 377 EUSEBll
1427 313 1910 373 CASSABIENSIS
1948 312 2098 370 OPP.
2143 312 2319 367 PARS
2358 305 2405 360 1.
2447 324 2513 337 υ·-
2555 307 2947 368 lliSTORlCA.

3573 315 3685 368 tnt
3778 276 3783 281 ὑ

414 440 638 501 insidias
670 439 932 496 adversus
958 437 1308 494 Servatorem
1344 434 1691 505 reliquosque
1745 433 1982 487 infantes

2098 431 2341 502 δεήλατος
2372 422 2533 481 αὑτὸν
2554 428 2932 482 καταλαϐοῦσα
2961 426 3156 497 μάστιξ
3175 429 3255 491 είς
3283 426 3517 482 θάνατον
3549 444 3685 481 συν-
3782 492 3785 495 _
3812 434 3823 444 '

414 542 793 605 comparatas,
822 531 1009 586 statim
1054 530 1301 585 immisso
1342 527 1561 581 caelitus
1600 525 1790 580 morbo
1836 525 1991 592 quasi

2098 520 2313 594 ήλασεν,
2354 516 2416 572 οὑ
2454 520 2635 588 χεῖρον
2668 517 2763 570 καὶ
2806 516 2913 569 τῶν
2977 515 3168 585 φωνῶν
3196 515 3290 569 τοῦ
3315 517 3685 588 συγγραφέως

414 624 639 682 verbere
668 624 734 679 ad
769 630 1001 677 mortem
1055 621 1284 674 adactus
1318 627 1421 682 est,
1451 631 1554 670 non
1589 616 1825 671 alienum
1870 615 1995 668 fue-

410 722 485 773 rit
536 731 607 771 ex
653 717 773 786 ipso
814 715 1085 784 scriptore
1129 726 1463 781 cognoscere
1488 749 1503 773 ,
1543 711 1634 778 qui
1674 709 1726 761 in
1759 708 1994 776 septimo

409 807 805 879 Antiquitatum
850 805 989 860 libro
1027 804 1274 858 Herodis
1301 803 1505 857 exitum
1540 800 1710 855 refert
1754 800 1841 854 his
1873 814 1995 853 ver-

409 899 536 955 bis:
571 916 591 950 ι
633 898 901 953 Herodem
952 910 1119 966 porro
1146 933 1162 959 ,
1203 894 1421 962 inquit,
1457 892 1633 947 morbi
1682 892 1765 945 vis
1810 891 1993 945 acrius

411 992 468 1046 in
499 991 616 1046 dies
650 988 967 1059 exagitabat
993 1026 1008 1051 ,
1040 986 1151 1041 Deo
1176 999 1365 1055 pinnas
1395 984 1659 1039 scelerum
1690 982 1836 1039 illius
1877 982 1994 1037 exi-

411 1092 593 1152 gente.
619 1080 765 1149 Ignis
790 1079 1009 1149 quidam
1043 1086 1162 1131 erat
1190 1075 1370 1130 lentus
1400 1075 1492 1144 qui
1532 1089 1637 1129 non
1669 1081 1879 1129 tantum
1906 1089 1994 1129 cu-

412 1184 520 1229 tem
563 1170 1030 1228 contrectantibus
1065 1167 1319 1221 ardorem
1355 1165 1688 1231 nuntiabat,
1723 1173 1989 1232 quantum

414 1263 557 1318 intus
588 1262 804 1317 viscera
838 1255 1255 1328 depascebatur.
1283 1253 1479 1326 Ingens
1525 1263 1789 1324 praeterea
1816 1255 1992 1309 avidi-

412 1363 495 1410 tas
527 1351 824 1421 accipiendi
861 1349 967 1405 cibi
993 1389 1009 1414 ,
1039 1348 1122 1402 cui
1159 1347 1429 1418 denegare
1460 1347 1761 1418 quidquam
1790 1363 1898 1402 non
1926 1347 1993 1400 li-

412 1441 586 1497 cebat.
624 1439 921 1495 Scatebant
952 1437 1226 1491 ulceribus
1275 1437 1533 1491 intestina
1561 1476 1575 1501 ,
1606 1445 1663 1491 et
1699 1438 1992 1492 acerbissi-

411 1534 516 1588 mis
541 1531 645 1588 coli
689 1530 967 1586 doloribus
995 1528 1361 1583 cruciabatur.
1400 1527 1574 1583 Pedes
1618 1529 1855 1584 humore
1882 1528 1996 1596 pel-

413 1626 591 1682 lucido
638 1622 897 1685 distenti,
929 1621 1227 1690 eademque
1272 1620 1419 1675 circa
1466 1619 1829 1674 ventriculum
1865 1619 1992 1674 mali

414 1716 564 1773 labes
592 1727 728 1772 erat.
761 1714 879 1785 Ipsa
906 1729 1118 1784 quoque
1148 1712 1404 1783 genitalia
1439 1711 1746 1782 putrefacta
1794 1713 1992 1768 vermi-

2095 610 2417 669 ἐπακοῦσαι,
2450 609 2593 663 κατά
2639 608 2781 674 λέξιν
2810 612 2866 662 ὲν
2894 608 3336 681 ἑπτακαιδεκάτῃ
3381 608 3485 678 τῆς
3526 609 3682 661 Ἰου-

2084 694 2865 777 δαϊκῆς-Ἀρχαιολογίαςτὴν
2888 699 3270 772 καταστροφὴν
3297 698 3393 752 τοῦ
3425 701 3548 754 κατ’
3578 701 3681 753 αὑ-

2091 789 2183 844 τὸν
2215 789 2329 860 βίου
2367 789 2556 843 τοῦτον
2591 790 2895 861 γράφοντος
2926 786 3018 845 τὸν
3054 788 3275 862 τρόπον·
3313 808 3334 840 ο
3368 788 3585 861 Ἡρώδῃ
3620 789 3681 842 δὲ

2097 880 2356 954 μειζόνως
2377 882 2410 953 ὴ
2436 882 2589 945 νόσος
2613 881 3043 954 ἐνεπικραίνετο,
3066 881 3223 952 δίκην
3247 875 3323 935 ὧν
3352 884 3681 955 παρανομή-

2095 990 2257 1039 σειεν,
2285 969 2731 1045 ἐκπρασσομένου
2762 972 2856 1026 τοῦ
2886 972 3041 1025 Θεοῦ.
3083 972 3202 1045 Πῦρ
3237 972 3336 1043 μὲν
3364 975 3473 1045 γὰρ
3498 973 3680 1045 μαλα-

2093 1063 2187 1119 κὸν
2219 1060 2309 1136 ἦν,
2343 1066 2440 1136 οὑχ
2466 1058 2568 1119 ὧδε
2595 1065 2795 1136 πολλὴν
2836 1066 3209 1135 ἀποσημαῖνον
3235 1066 3349 1127 τοῖς
3375 1066 3679 1137 ἐπαφωμέ-

2092 1173 2205 1219 νοις
2232 1155 2328 1228 την
2359 1155 2649 1225 φλόγωσιν,
2677 1157 2808 1226 ὅσην
2852 1158 2966 1218 τοῖς
3010 1152 3164 1218 ὲντδς
3220 1156 3530 1227 προσετίθει
3578 1156 3679 1228 τὴν

2094 1248 2367 1301 κάκωσιν
2416 1247 2679 1318 ἐπιθυμία
2712 1245 2769 1301 δὲ
2803 1247 3073 1318 δεινὴτοῦ
3121 1247 3374 1313 δέξασθαί
3424 1263 3478 1299 τι
3536 1247 3675 1318 (18),

2092 1339 2213 1392 οὑδὲ
2230 1332 2298 1409 ἦν
2329 1338 2403 1410 μὴ
2425 1338 2522 1410 οὑχ
2552 1339 2864 1410 ὑπουργεῖν⁶
2894 1339 2987 1391 καὶ
3012 1336 3269 1401 έλκώσεις
3301 1338 3408 1391 τῶν
3435 1355 3495 1391 τε
3522 1339 3677 1392 ἐντέ-

2098 1448 2205 1504 ρων
2235 1432 2368 1503 (19),
2403 1431 2496 1485 καὶ
2542 1430 2774 1501 μάλιστα
2806 1429 2900 1483 τοῦ
2928 1427 3102 1483 κώλου
3141 1428 3313 1483 δειναὶ
3341 1429 3638 1502 ἀλγηδόνες
3658 1448 3672 1460 ·

2096 1525 2187 1580 καὶ
2223 1521 2439 1596 φλέγμα
2461 1522 2626 1595 ὑγρὸν
2656 1524 2785 1595 περὶ
2811 1522 2938 1587 τοὺς
2966 1522 3135 1586 πόδας
3158 1522 3250 1576 καὶ
3276 1522 3518 1591 διαυγές.
3561 1524 3680 1577 Πα-

2098 1616 2372 1690 ραπλησία
2404 1616 2458 1668 δὲ
2499 1617 2589 1669 καὶ
2633 1618 2663 1687 ἡ
2695 1616 2822 1688 περὶ¹
2850 1613 2911 1669 τὸ
2950 1612 3116 1688 ἦτρον
3146 1616 3387 1681 κάκωσις
3434 1612 3524 1689 ἦν.
3564 1618 3678 1671 Ναὶ

2100 1710 2205 1783 μὴν
2258 1709 2352 1763 καὶ
2398 1707 2492 1763 τοῦ
2548 1708 2746 1764 αἰδοίου
2796 1706 2959 1779 σῆψις
3011 1709 3299 1782 σκώληκας
3344 1712 3673 1782 ἐμποιοῦσα,

414 1807 551 1865 culis
578 1805 968 1863 scaturiebant.
1004 1803 1318 1858 Accedebat
1362 1801 1636 1857 anhelitus
1678 1801 1986 1866 contentio,

2098 1798 2403 1873 πνεύματός
2460 1818 2518 1854 τε
2567 1800 2723 1872 ὀρθία
2780 1800 2994 1865 ἔντασις
3040 1801 3173 1872 (9.0,,
3218 1798 3312 1855 καὶ
3366 1803 3503 1876 αὑτὴ
3553 1804 3676 1858 λίαν

414 1910 529 1956 tum
561 1900 631 1954 ob
664 1898 893 1952 fetorem
929 1904 1041 1949 tum
1070 1894 1140 1951 ob
1183 1893 1405 1947 nimiam
1447 1892 1796 1948 crebritatem
1826 1893 1996 1948 mole-

416 1991 684 2049 stissima.
725 1990 971 2058 Denique
1000 1985 1386 2043 convulsiones
1435 2000 1533 2056 per
1582 1986 1837 2042 universa
1866 2001 1994 2054 pro-

415 2083 704 2155 pemodum
737 2079 983 2136 membra
1010 2119 1026 2145 ,
1075 2078 1446 2147 insuperabile
1492 2078 1593 2148 ipsi
1640 2079 1807 2133 robur
1836 2075 1997 2131 adde-

417 2175 570 2232 bant.
624 2173 863 2228 Aiebant
910 2185 1076 2242 porro
1127 2169 1295 2224 divini
1346 2178 1402 2223 et
1446 2169 1537 2238 qui
1583 2167 1639 2223 in
1688 2167 1993 2238 huiusmodi

419 2262 747 2318 vaticinandi
793 2260 1023 2317 scientia
1064 2258 1308 2315 studium
1353 2274 1510 2313 suum
1556 2257 1992 2323 collocaverant,

419 2357 561 2412 banc
609 2352 926 2423 multiplicis
976 2352 1276 2424 impietatis
1320 2366 1538 2420 poenam
1589 2351 1756 2405 Deum
1792 2364 1824 2404 a
1870 2365 1996 2421 rege

418 2460 736 2517 exposcere.
763 2463 784 2497 ι
818 2443 942 2500 llaec
971 2451 1099 2499 sunt
1128 2459 1252 2514 qua:
1275 2445 1330 2499 in
1356 2441 1670 2512 supradicto
1699 2441 1841 2497 libro
1861 2442 1996 2496 scri-

419 2550 543 2611 ptor
567 2539 680 2610 jam
715 2554 745 2593 a
773 2538 932 2593 nobis
960 2536 1209 2595 laudatus
1242 2543 1656 2593 commemorat.
1675 2532 1731 2587 In
1759 2532 1998 2588 secundo

420 2640 600 2688 autem
642 2631 781 2687 libro
824 2631 947 2685 belli
971 2632 1193 2687 Iudaici
1241 2634 1433 2687 eadem
1478 2630 1546 2686 de
1587 2629 1680 2684 illo
1718 2626 1885 2683 tradit
1915 2625 1999 2681 bis

420 2722 642 2780 verbis:
672 2741 692 2776 ι
728 2721 860 2779 Post
903 2724 1018 2778 hare
1040 2765 1055 2791 ,
1084 2724 1301 2794 inquit,
1338 2721 1511 2777 morbi
1544 2721 1626 2777 vis
1656 2734 1756 2791 per
1779 2718 1999 2774 univer-

420 2828 544 2871 sum
571 2814 690 2885 ejus
721 2829 920 2885 corpus
949 2814 1164 2880 dill‘usa,
1201 2814 1401 2871 diversi
1445 2812 1668 2883 generis
1712 2810 1999 2866 doloribus

422 2904 726 2961 distrahere
770 2904 903 2960 illud
950 2906 1138 2976 coepit.
1178 2904 1369 2961 Febris
1410 2903 1657 2974 quadam
1698 2909 1818 2957 erat
1866 2901 2000 2969 tepi-

425 2994 584 3061 dior;
615 2994 857 3064 pruritus
888 3010 983 3065 per
1011 2995 1322 3051 universam
1348 2992 1637 3049 cuticulam
1670 2990 1997 3047 intolerabi-

427 3088 522 3155 lis;
558 3089 665 3144 coli
693 3102 909 3159 quoque
958 3087 1174 3143 dolores
1201 3087 1465 3143 continui.
1514 3086 1670 3141 Circa
1717 3084 1881 3155 pedes
1909 3092 1995 3136 tu-

2094 1894 2282 1966 ἀηδὴς.
2317 1890 2567 1965 ἀχθηδόνι
2592 1910 2650 1945 τε
2686 1892 2785 1963 τῆς
2818 1892 3102 1965 ἀποφορᾶς
3124 1895 3217 1947 καὶ
3246 1894 3323 1965 τῷ
3360 1896 3552 1966 πυκνῷ
3575 1886 3674 1951 τοῖ’»

2094 1986 2389 2059 ἄσθματος.
2426 1985 2799 2056 Ἑσπασμένος
2826 2002 2884 2038 τε
2918 1985 3029 2056 (2i)
3063 1985 3188 2058 περὶ
3220 1989 3326 2041 πᾶν
3369 1983 3437 2058 ἦν
3485 1989 3672 2061 μέρος,

2098 2079 2248 2149 ἰσχὺν
2277 2079 2374 2149 οὑχ
2404 2077 2748 2148 ὑπομενητὴν
2778 2078 3222 2149 προστιθέμενος.
3269 2078 3515 2149 Ἑλέγετο
3542 2072 3676 2144 γοιῗν

2095 2171 2199 2223 ὑπὸ
2216 2170 2321 2223 τῶν
2336 2170 2655 2235 θειαζόντων
2684 2170 2778 2223 καὶ
2810 2163 2890 2232 οἷς
2918 2170 3094 2225 ταῦτα
3120 2173 3677 2243 προαποφθέγγεσθαι

2096 2261 2257 2334 σοφίᾳ
2308 2261 2597 2334 προῦκειτο
2622 2303 2637 2325 ,
2687 2261 2875 2334 ποινὴν
2939 2261 3033 2315 τοῦ
3092 2264 3288 2317 πολλοῦ
3340 2266 3435 2319 καὶ
3480 2266 3678 2321 δυσσε-

2096 2353 2224 2428 βοῦς
2276 2356 2385 2425 (2‘2)
2426 2353 2629 2425 ταύτην
2672 2356 2701 2408 ό
2746 2350 2877 2417 Θεὸς
2924 2350 3348 2427 είσπράττεσθαι
3396 2358 3547 2428 παρὰ
3577 2347 3675 2412 τοὺ

2096 2426 2383 2515 ξασιλὲως.
2414 2465 2433 2497 ι
2465 2445 2650 2499 Ταῦτα
2682 2442 2780 2517 μὲν
2812 2441 2905 2499 οὖν
2934 2448 2992 2499 ὲν
3039 2426 3106 2518 τῇ
3143 2443 3444 2519 δηλωθείσῃ
3483 2426 3674 2520 γραφῇ

2098 2534 2571 2608 παρασημαίνεται
2606 2538 2634 2590 ὁ
2670 2531 3083 2608 προειρημένος.
3121 2535 3230 2590 Καὶ
3259 2538 3317 2589 ἐν
3347 2539 3411 2607 τῇ
3446 2537 3677 2610 δευτέρα

2096 2626 2154 2680 δὲ
2181 2626 2286 2680 τῶν
2308 2623 2741 2698 Ἰστοριῶν(25)
2756 2626 2820 2681 τὰ
2844 2627 3200 2700 παραπλήσια
3227 2630 3354 2701 περὶ
3384 2630 3479 2682 τοῦ
3507 2630 3676 2685 αὑτοῦ

2099 2717 2455 2790 παραδίδωσι,
2501 2713 2602 2773 ὦδέ
2648 2737 2765 2784 πως
2817 2718 3076 2789 γράφων·
3110 2738 3129 2771 ι
3173 2720 3367 2774 Ἔνθεν
3413 2721 3577 2775 αὑτοῦ
3616 2716 3676 2776 τδ

2100 2811 2259 2881 σῶμα
2291 2812 2397 2865 πᾶν
2447 2813 2480 2882 ή
2527 2811 2679 2876 νόσος
2716 2810 3066 2876 διαλαϐοῦσα,
3126 2812 3391 2877 ποικίλοις
3444 2815 3676 2870 πάθεσιν

2099 2902 2339 2973 ἐμέριζε.
2374 2903 2614 2973 Πυρετδς
2647 2903 2746 2974 μὲν
2776 2903 2885 2974 γὰρ
2906 2900 2973 2974 ἦν
3007 2904 3227 2975 χλιαρὸς
3256 2905 3403 2975 (24),
3431 2907 3676 2977 κνησμὸς

2097 2992 2143 3046 δ’
2172 2993 2442 3065 ἀφόρητος
2464 2995 2564 3065 τῆς
2592 2995 2911 3064 ἐπιφανείας
2929 2996 3076 3065 ὅλης,
3104 2998 3195 3050 καὶ
3222 2996 3397 3050 κώλου
3433 3001 3677 3069 συνεχεῖς

2099 3084 2407 3158 ἀλγηδόνες,
2442 3086 2568 3158 περί
2600 3102 2658 3139 τε
2689 3087 2815 3149 τοὺς
2844 3085 3012 3150 πόδας
3038 3086 3112 3149 ὡς
3129 3086 3507 3158 ὑδρωπιῶντος
3529 3091 3677 3163 οἰδή-

430 3195 553 3236 mor
591 3158 747 3250 quasi
778 3158 914 3251 aqua
953 3180 1219 3236 intercute
1241 3178 1558 3234 laborantis.
1596 3176 1677 3232 Ad
1702 3177 1815 3230 haec
1845 3173 1997 3231 inﬂa-

2103 3194 2267 3248 ματα,
2301 3177 2394 3231 τοῦ
2425 3194 2486 3230 τε
2524 3179 2689 3250 ἤτρου
2734 3178 3032 3251 φλεγμονὴ,
3074 3180 3168 3233 καὶ
3195 3181 3397 3235 αἰδοίου
3425 3158 3676 3253 σηπεδων

430 3273 507 3329 tio
544 3271 854 3337 ventriculi,
897 3280 950 3327 et
988 3270 1300 3342 genitalium
1342 3270 1617 3325 vermibus
1672 3267 1997 3323 scatentium

433 3365 607 3423 tabes.
636 3364 920 3420 Postremo
955 3364 1235 3419 contentio
1264 3361 1571 3428 anhelitus,
1603 3371 1655 3416 et
1696 3356 1999 3428 respirandi

429 3455 715 3512 dilbcultas
742 3496 758 3522 ,
788 3465 844 3512 et
892 3455 1256 3511 membrorum
1301 3454 1553 3511 omnium
1588 3450 1871 3507 convulsio
1902 3450 2000 3504 ho-

502 3605 755 3679 (i8)rToi3
782 3606 1071 3673 δέξασθαι
1118 3626 1191 3663 τι.
1244 3608 1302 3663 1η
1324 3606 1545 3677 .losephi
1589 3604 1920 3679 editionihus
1946 3614 2003 3660 et

434 3675 987 3749 apud‘lfiicepborum
1022 3689 1141 3749 post
1197 3680 1296 3733 has
1363 3675 1525 3749 voces
1582 3675 2002 3749 addunturbtec

429 3747 713 3818 Verbaﬁn‘
731 3745 924 3818 αὑτοῦ,
947 3745 1067 3818 qnie
1089 3759 1266 3818 tamen
1292 3747 1701 3818 superﬂuaesse
1723 3745 1999 3818 existimo.

504 3788 1067 3896 i_i'§j't§zz'i.i§&5c}'é23
1087 3788 1701 3896 ἓίἕέἷῴἓῗᾘῶῖ
1722 3788 2003 3896 sagitta;

432 3882 639 3941 codicis
666 3886 843 3959 Regii,
868 3896 933 3959 et
952 3904 1015 3943 ea
1034 3882 1257 3959 quidem
1284 3882 1389 3943 non
1417 3882 2002 3959 improbandasﬁostri

431 3963 613 4011 tamen
643 3954 856 4012 codices
888 3957 1024 4012 Maz.
1061 3954 1131 4014 ac
1162 3957 1325 4025 Med.,
1359 3954 1651 4013 cum’Fuk.
1682 3969 1747 4009 ac
1803 3954 2001 4025 savil.,

433 4025 823 4100 aliquantulum
860 4029 1203 4100 discrepant;
1242 4024 1321 4084 sie
1351 4032 1493 4100 enim
1528 4027 1773 4100 habent;
1796 4024 1890 4078 καὶ
1912 4024 2004 4077 ἓλ-

430 4092 602 4171 ᾳωᾴἑις
639 4095 747 4171 τῷν
778 4114 840 4149 τε
872 4092 1124 4171 ἐντέρων,
1152 4092 1251 4171 ,καὶ
1280 4098 1510 4171 μάλιστα
1541 4095 1635 4148 τοῦ
1663 4092 1861 4161 κώλου,
1892 4107 2001 4151 etc.

433 4166 491 4223 in
516 4166 821 4237 Nicephoro
852 4166 1017 4222 etiam
1055 4166 1315 4224 scribitur
1341 4168 1593 4230 ἕλκωσις.

505 4237 618 4307 (20)
650 4234 999 4305 Πνεύματός
1022 4255 1086 4292 τε
1112 4239 1277 4307 ὀρθία
1318 4239 1581 4302 ἔντασις.
1622 4234 2004 4307 Sigismundus

400 4340 406 4345 ~
436 4306 693 4363 Gelenius
733 4309 1033 4375 tentiginem
1063 4306 1452 4377 interpretatus
1480 4318 1582 4361 est.
1618 4306 1848 4361 liutiuus
1878 4323 2004 4361 vero

439 4389 733 4447 utrumque
762 4392 983 4433 sensum
1020 4378 1072 4432 in
1105 4379 1353 4432 versione
1400 4392 1495 4432 sua
1553 4378 1869 4443 complexus
1899 4387 2000 4431 est.

435 4446 672 4515 Spiritus
697 4462 901 4518 quoque
926 4447 1247 4500 incredibilis
1274 4447 1497 4518 inﬂatio,
1529 4457 1575 4500 et
1600 4446 1792 4516 tentigo
1823 4447 2001 4500 obsce-

2102 3267 2388 3340 σκώληκας
2436 3268 2703 3338 γεννῶσα.
2762 3270 2905 3341 Πρὸς
2954 3271 3163 3335 τούτοις
3215 3272 3525 3345 ὀρθόπνοια,
3578 3278 3677 3330 καὶ

2098 3362 2377 3427 δύσπνοια,
2406 3364 2501 3415 καὶ
2551 3362 2791 3432 σπασμοὶ
2824 3362 3077 3416 ἀπάντων
3120 3363 3228 3417 τῶν
3284 3365 3484 3436 μελῶν,
3533 3366 3676 3423 ὥστε

2098 3455 2226 3521 τοὺς
2254 3454 2678 3520 ἐπιθειάζοντας,
2702 3455 2894 3527 ποινὴν
2921 3451 3142 3510 εἶναιτὰ
3157 3459 3459 3529 νοσήματα,
3474 3459 3676 3529 λέγειν.

2102 3608 2264 3680 Mam,
2297 3606 2437 3680 Med2
2472 3616 2529 3662 et
2570 3608 2710 3680 apud
2742 3607 3036 3677 Josephum
3083 3607 3332 3680 habetur.
3389 3609 3449 3663 Et
3479 3625 3676 3680 parum

2102 3677 2557 3753 quide_m_rel'erre
2582 3679 2861 3753 existimo,
2907 3678 3157 3748 σπασμός
3172 3695 3254 3753 ‘ue
3279 3694 3362 3753 _an
3396 3677 3676 3753 ἐσπασμέ-

2102 3764 2191 3812 νος
2222 3749 2310 3802 hic
2337 3748 2600 3817 legamus,
2642 3763 2765 3803 cum
2814 3750 2864 3802 in
2904 3760 3135 3815 utraque
3169 3748 3399 3803 lectione
3432 3748 3675 3805 idem'sit

2103 3833 2311 3872 sensus.
2341 3818 2449 3872 Sed
2478 3818 2767 3872 diﬁicultas
2788 3828 2873 3872 est
2907 3817 2957 3870 in
2991 3818 3055 3870 iis
3081 3818 3260 3870 verbis
3283 3835 3401 3883 qum
3434 3836 3678 3886 sequun-

2105 3896 2229 3959 tur:
2269 3889 2421 3959 ἰσχὺν
2447 3888 2546 3958 οὐχ
2590 3886 2933 3959 ὑπομενητὴν
2972 3886 3431 3959 προστιθέμενος.
3471 3888 3677 3948 Omnis

2102 3957 2245 4011 enim
2282 3932 2601 4025 inderpre'tkes
2656 3932 2770 4012 Itgc
2804 3932 3063 4025 ,ίοέιψιιίΓ
3082 3932 3339 4011 νωικιτιῖο
3366 3932 3431 4011 δι’
3457 3932 3675 4014 a‘ﬂio‘.’

2104 4026 2269 4082 lentia
2292 4027 2462 4082 morbi
2502 4028 2913 4088 intellexerunt,
2945 4042 3065 4095 quae
3115 4037 3258 4082 esset
3291 4029 3670 4086 intolerabilis.

2104 4097 2219 4166 Ego
2250 4113 2378 4153 vero
2409 4097 2476 4152 de
2502 4098 2668 4165 ipsius
2713 4097 2899 4169 aegroti
2924 4097 3135 4151 viribus
3167 4098 3217 4150 id
3260 4100 3464 4153 dictum
3516 4114 3671 4169 puto,

2104 4182 2240 4234 quas
2263 4180 2552 4220 nervorum
2603 4167 2903 4221 contractio
2955 4181 3282 4235 magnopere
3333 4167 3673 4228 intendebat.

2104 4236 2265 4291 Certe
2292 4235 2445 4306 ίσχὺς
2471 4236 2537 4288 de
2563 4237 2611 4288 vi
2656 4238 2829 4291 morbi
2864 4235 2969 4290 dici
3006 4254 3111 4293 non
3149 4247 3348 4305 potest.
3397 4237 3569 4294 Porro
3615 4244 3671 4297 in

2105 4305 2483 4379 codicelicgio
2506 4306 2849 4379 ὑπομονητήν
2872 4306 3132 4375 scriptum
3166 4310 3368 4371 inveni,
3398 4313 3673 4379 quomodo

2105 4375 2266 4430 etiam
2299 4377 2490 4445 legitur
2524 4375 2664 4445 apud
2694 4375 3009 4445 Josepltunt.

2178 4445 2290 4515 (2'2)
2312 4443 2538 4513 Ποινὴν
2561 4443 2667 4500 τοῦ
2692 4443 2927 4499 πολλοῦ
2949 4446 3046 4501 καὶ
3074 4446 3436 4514 δυσσεϐοῦς.
3485 4448 3541 4503 In
3574 4465 3671 4505 co-

438 4498 669 4571 mas;
695 4498 1246 4589 ;.";t.....;.a‘..;sea
1276 4498 1547 4589 manu...“
1571 4498 1999 4589 ..ειηίιιρέείξιι
2031 4498 2074 4553 ο
2104 4498 2223 4589 ᾳίέο
2251 4498 2419 4589 nm,
2441 4498 2577 4589 tu;
2607 4498 2671 4572 ac
2696 4498 2874 4589 sava;
2902 4498 3293 4587 ίηεέιοειτέιέυίαί
3311 4498 3669 4589 πτέρι-,διέτη

439 4597 651 4656 terpres
684 4598 785 4643 est.
818 4588 952 4661 Nam
1005 4588 1060 4661 iu
1090 4587 1212 4661 ιιι),
1259 4605 1287 4661 ιΔ
1323 4584 1558 4640 υέίιθίίο
1592 4584 1821 4642 Judaicb
1846 4587 2003 4661 ὀρθό-

436 4671 628 4727 πνοιαν
660 4673 755 4727 pro
780 4659 968 4712 eodem
998 4658 1146 4712 dicit.
1181 4657 1289 4713 Sed
1320 4667 1375 4712 et
1401 4673 1521 4725 quae
1561 4657 2006 4724 sequuntur’ma-

438 4726 633 4781 nifeste
664 4726 902 4798 arguunt
956 4727 1310 4782 intentionem
1354 4730 1577 4798 spiritus
1610 4729 1697 4798 hic
1751 4728 2002 4798 intelligi,

439 4808 548 4869 non
572 4796 755 4869 autem
769 4800 1063 4869 obscenam
1086 4796 1400 4868 teutigineni
1437 4797 1563 4851 εκαὶ
1591 4796 1727 4869 αὑτὴ
1749 4796 1869 4869 λίαν
1900 4796 2002 4869 ἀηέ

438 4863 604 4940 ςής...
635 4867 885 4938 ἀχθηδόνι
903 4884 969 4940 ,τε
998 4868 1096 4938 τῆς
1123 4863 1407 4940 ,ἀποφορᾶς
1433 4870 1525 4922 καὶ
1556 4866 1635 4937 τῷ
1680 4863 1883 4940 πυκνῷ⁸
1909 4863 2003 4921 τοῦ

438 4934 733 5009 ἄσθματος,
764 4934 857 4992 ubi
887 4934 1169 5009 ἀποφοράν
1198 4934 1595 5006 respirationem
1608 4934 2006 5009 'vertttnt'Lan-

440 5021 558 5075 gus.
586 5008 861 5062 Musculus
891 5020 946 5063 et
974 5008 1522 5078 Christopborsonns.
1574 5012 1645 5063 At
1674 5008 1897 5062 Rutilius
1926 5009 2005 5076 {e-

443 5085 604 5147 torem
631 5079 821 5141 vertit;
850 5093 1011 5147 quem
1044 5094 1140 5133 nos
1162 5094 1283 5134 cum
1324 5078 1550 5133 Gelenio
1592 5082 1763 5147 secuti
1794 5094 1999 5133 smnus.

512 5144 624 5217 (2|)
665 5144 1081 5217 Ἐσπαόιμένος
1106 5164 1192 5203 τε.
1221 5147 1276 5201 ln
1300 5148 1483 5203 codice
1510 5146 1642 5202 Fuk.
1674 5161 1729 5203 et
1755 5148 1924 5203 Savil.
1950 5157 2005 5203 et

443 5217 582 5289 apud
609 5217 965 5285 Nicephorum
995 5220 1188 5289 legitur
1214 5218 1540 5289 σπασμόςτε
1558 5230 1572 5248 ο
1600 5234 1759 5288 quam
1788 5219 2002 5288 quidem

445 5285 770 5355 scripturam
806 5298 1026 5344 secutus
1050 5285 1158 5344 'est
1209 5285 1759 5357 Cltris'topborsonus,
1806 5285 1874 5342 ἰιι
1935 5303 2004 5342 ex

448 5358 697 5433 versione
725 5357 841 5433 ejus
889 5370 1133 5433 apparet.
1181 5357 1473 5433 Nervorum
1500 5368 1752 5433 pra’lcrea
1788 5371 2003 5433 contra-

446 5429 555 5500 ctio
573 5443 666 5495 per
688 5429 866 5500 omnia
890 5431 1117 5500 membra
1145 5432 1391 5500 pervasit,
1417 5444 1532 5500 qua:
1571 5429 1803 5500 quidemA
1826 5431 1926 5481 vim
1953 5436 2002 5481 et

445 5498 792 5571 acrimoniam
839 5499 1031 5571 inflixit
1062 5501 1117 5571 rei
1146 5497 1306 5571 plane
1345 5497 1747 5571 intolerabilem.
1781 5497 2004 5571 Bullinus

440 5573 576 5619 .vero
607 5569 837 5636 pessime
870 5570 1031 5623 vertit
1057 5567 1161 5625 hoc
1208 5571 1364 5624 modo
1395 5585 1407 5618 :
1436 5567 1522 5621 Ita
1568 5584 1632 5621 ea:
1671 5570 1810 5621 omni
1855 5580 2003 5636 parte

446 5638 946 5762 crnciatibusﬁfesso,
982 5639 1142 5695 nullm
1166 5641 1394 5711 suﬁicere
1419 5642 1553 5693 vires
1580 5638 1647 5692 ad
1670 5638 2001 5692 tolerantiam

446 5715 705 5762 Poterant.
806 5725 834 5762 ιι
871 5724 981 5762 uuo
1024 5721 1199 5762 tamen
1234 5721 1455 5762 anuaret
1497 5722 1621 5762 eum
1663 5708 2001 5762 ἐσπασμένος

446 5715 705 5778 poterant.
757 5708 834 5762 Ex
871 5724 981 5778 quo
1024 5721 1199 5765 tamen
1229 5708 1455 5778 apparet
1497 5722 1621 5763 eum
1663 5708 2002 5778 ἐσπασμένος

448 5773 661 5846 legisse,
715 5778 853 5836 sicut
884 5773 936 5836 iu
970 5782 1186 5843 optimis
1230 5773 1509 5837 codicibus
1563 5780 1761 5837 nostris
1793 5773 1999 5842 Regio.

2105 4586 2547 4655 deestparticula
2570 4587 2934 4654 conjunctiva.

2176 4654 2295 4728 (23)
2326 4657 2421 4709 Ἐν
2443 4655 2517 4724 τῇ
2542 4655 2798 4728 6mépgt
2812 4655 2931 4709 τῶν
2966 4656 3287 4726 Ἰστοριῶν.
3310 4656 3484 4712 Verba
3512 4656 3672 4728 lose-

2106 4726 2196 4795 pbi
2233 4726 2391 4797 hodie
2419 4728 2672 4797 leguntur
2698 4730 2750 4781 in
2789 4726 2886 4782 lib.
2923 4741 2962 4791 ι,
2997 4743 3118 4795 cap.
3153 4729 3244 4791 2i,
3280 4728 3355 4781 De
3400 4729 3535 4797 bello
3564 4726 3665 4781 Ju-

2105 4797 2283 4868 daico.
2321 4795 2533 4868 rVeruiu
2588 4798 2642 4851 in
2692 4800 3079 4868 manuscriptis
3108 4800 3387 4868 codicibus
3418 4795 3669 4866 Josepbi,

2105 4867 2209 4919 alia
2242 4867 2360 4938 fiuit
2388 4868 2649 4938 librorum
2693 4866 2994 4933 distinctio,
3043 4882 3206 4936 quam
3252 4867 3481 4921 Ruﬁnus
3517 4886 3557 4921 se
3575 4870 3670 4938 qui

2104 4937 2277 4991 noluit
2305 4938 2427 5007 :qui
2446 4937 2651 5007 librum
2683 4938 2916 5006 primum
2945 4938 3013 4992 ad
3044 4938 3265 4992 nimiam
3308 4939 3502 4991 molem
3540 4937 3671 5006 pro~

2105 5007 2281 5076 duxit,
2308 5006 2367 5061 ut
2391 5006 2458 5061 ad
2482 5006 2713 5062 Herodis
2737 5021 2907 5076 usque
2926 5017 3153 5062 mortem
3179 5022 3301 5061 eum
3325 5007 3665 5076 perduceret.

2104 5074 2291 5145 Itaque
2319 5078 2373 5131 in
2400 5076 2503 5131 hoc
2528 5077 2750 5131 Eusebii
2781 5074 2899 5131 loco
2924 5077 3056 5131 nihil
3082 5074 3398 5131 mutandum
3435 5087 3536 5145 est.
3565 5079 3673 5130 Sa-

2103 5144 2267 5203 vilius
2293 5147 2437 5201 hunc
2464 5146 2682 5201 Eusebii
2710 5147 2886 5199 locum
2934 5148 3090 5203 aliter
3118 5148 3404 5201 intellexit.
3451 5144 3673 5202 Putavit

2054 5270 2057 5273 η
2104 5218 2248 5272 enim
2268 5216 2555 5288 δευτέραν
2584 5217 2691 5270 τῶν
2727 5216 3018 5283 Ἱστοριῶν
3046 5219 3114 5271 ab
3145 5218 3236 5270 illo
3276 5219 3380 5271 dici
3427 5233 3563 5286 opus
3594 5217 3673 5272 De

2104 5287 2310 5341 excidio
2336 5286 2479 5342 urbis
2507 5286 3186 5357 Hierosolymitanaa,quod
3218 5303 3353 5357 opus
3374 5291 3670 5341 secundum

2104 5365 2189 5410 est
2214 5369 2457 5426 respectu
2501 5357 2959 5426 Ἂρχαιολογὶας.
2992 5356 3167 5412 Verba
3198 5356 3322 5411 sunt
3352 5358 3524 5426 ipsius
3566 5359 3668 5411 Sa-

2104 5426 2241 5491 vilii,
2269 5441 2391 5496 quae
2411 5428 2649 5495 profecto
2684 5438 2832 5480 tanto
2861 5429 2977 5496 viro
3011 5428 3276 5481 excidisse
3306 5429 3526 5481 nollem.

2177 5492 2575 5569 (stvapezog
2597 5496 2715 5565 μὲν
2738 5497 2848 5567 γὰρ
2885 5492 2963 5565 ἦν
2987 5498 3253 5569 χλιαρός.
3286 5498 3420 5569 llaec
3453 5496 3669 5569 quidem

2104 5566 2489 5636 estsCriptura
2538 5568 2746 5622 codicis
2794 5566 3124 5634 liegti.‘Sed
3180 5568 3235 5621 in
3284 5566 3671 5631 Maz.,’Med.,

2104 5637 2239 5692 Fuit.
2261 5653 2327 5710 ac
2364 5637 2573 5710 Savilii.
2597 5648 2658 5710 et
2697 5639 2839 5710 apud
2871 5637 3236 5708 Nicephorum
3274 5637 3475 5709 legitur
3504 5652 3674 5710 πυρε-

2102 5710 2193 5775 τὸς
2219 5708 2317 5779 μὲν
2337 5708 2446 5780 γὰρ
2467 5703 2535 5779 ἦν
2557 5708 2619 5761 οὑ
2642 5707 2861 5780 λαὸρρς.
