  <div class='ocr_page' id='page_1' title='image "/cluster/home/n/w/nwhite01/storage/ocr_20150623/20/hvd.32044073501181/066.png"; bbox 0 0 4054 6456; ppageno 0'>
   <div class='ocr_carea' id='block_1_1' title="bbox 262 469 1789 534">
    <p class='ocr_par' dir='ltr' id='par_1_1' title="bbox 262 469 1789 530">
     <span class='ocr_line' id='line_1_1' title="bbox 262 469 1789 530; baseline 0.003 -4"><span class='ocrx_word' id='word_1_1' title='bbox 262 472 349 526; x_wconf 70' lang='lat'><strong>105</strong></span> <span class='ocrx_word' id='word_1_2' title='bbox 1244 470 1597 530; x_wconf 70' lang='lat' dir='ltr'><strong>HISTORUE</strong></span> <span class='ocrx_word' id='word_1_3' title='bbox 1637 469 1789 530; x_wconf 79' lang='lat' dir='ltr'><strong>ECCI</strong></span> 
     </span>
    </p>
   </div>
   <div class='ocr_carea' id='block_1_2' title="bbox 1890 469 2446 534">
    <p class='ocr_par' dir='ltr' id='par_1_2' title="bbox 1890 471 2446 534">
     <span class='ocr_line' id='line_1_2' title="bbox 1890 471 2446 534; baseline 0.013 -7"><span class='ocrx_word' id='word_1_4' title='bbox 1890 471 2195 530; x_wconf 67' lang='grc' dir='ltr'><strong>ὶΙΛΞΊἸΟᾸΞ</strong></span> <span class='ocrx_word' id='word_1_5' title='bbox 2237 477 2363 533; x_wconf 76' lang='lat' dir='ltr'><strong>LIB.</strong></span> <span class='ocrx_word' id='word_1_6' title='bbox 2406 473 2446 534; x_wconf 89' lang='grc'>1.</span> 
     </span>
    </p>
   </div>
   <div class='ocr_carea' id='block_1_3' title="bbox 3360 481 3458 536">
    <p class='ocr_par' dir='ltr' id='par_1_3' title="bbox 3360 481 3458 536">
     <span class='ocr_line' id='line_1_3' title="bbox 3360 481 3458 536; baseline 0.01 -1"><span class='ocrx_word' id='word_1_7' title='bbox 3360 481 3458 536; x_wconf 74' lang='grc'><strong>106</strong></span> 
     </span>
    </p>
   </div>
   <div class='ocr_carea' id='block_1_4' title="bbox 266 588 1789 671">
    <p class='ocr_par' dir='ltr' id='par_1_4' title="bbox 266 588 1789 669">
     <span class='ocr_line' id='line_1_4' title="bbox 266 588 1789 669; baseline 0.011 -33"><span class='ocrx_word' id='word_1_8' title='bbox 266 589 317 644; x_wconf 80' lang='grc' dir='ltr'>’θ</span> <span class='ocrx_word' id='word_1_9' title='bbox 338 589 387 641; x_wconf 77' lang='grc' dir='ltr'>δὲ</span> <span class='ocrx_word' id='word_1_10' title='bbox 415 588 641 643; x_wconf 84' lang='grc' dir='ltr'>παλαίων</span> <span class='ocrx_word' id='word_1_11' title='bbox 675 590 948 659; x_wconf 81' lang='grc' dir='ltr'>τοσούτοις</span> <span class='ocrx_word' id='word_1_12' title='bbox 976 594 1224 657; x_wconf 81' lang='grc' dir='ltr'>πάθεσιν,</span> <span class='ocrx_word' id='word_1_13' title='bbox 1246 597 1395 667; x_wconf 83' lang='grc' dir='ltr'>ὅμως</span> <span class='ocrx_word' id='word_1_14' title='bbox 1419 596 1511 651; x_wconf 74' lang='grc' dir='ltr'>τοῦ</span> <span class='ocrx_word' id='word_1_15' title='bbox 1539 597 1639 669; x_wconf 78' lang='grc' dir='ltr'><strong>ζῇν</strong></span> <span class='ocrx_word' id='word_1_16' title='bbox 1667 600 1789 651; x_wconf 87' lang='grc' dir='ltr'>ἀντ-</span> 
     </span>
    </p>
   </div>
   <div class='ocr_carea' id='block_1_5' title="bbox 1890 588 3458 671">
    <p class='ocr_par' dir='ltr' id='par_1_5' title="bbox 1899 597 3458 671">
     <span class='ocr_line' id='line_1_5' title="bbox 1899 597 3458 671; baseline 0.003 -21"><span class='ocrx_word' id='word_1_17' title='bbox 1899 600 2095 653; x_wconf 87' lang='lat' dir='ltr'><strong>minem</strong></span> <span class='ocrx_word' id='word_1_18' title='bbox 2130 600 2431 667; x_wconf 75' lang='lat' dir='ltr'><strong>cruciabat,</strong></span> <span class='ocrx_word' id='word_1_19' title='bbox 2463 598 2598 654; x_wconf 89' lang='lat' dir='ltr'><strong>adeo</strong></span> <span class='ocrx_word' id='word_1_20' title='bbox 2641 607 2699 654; x_wconf 91' lang='lat' dir='ltr'><strong>ut</strong></span> <span class='ocrx_word' id='word_1_21' title='bbox 2743 599 2935 655; x_wconf 80' lang='lat' dir='ltr'><strong>harioli</strong></span> <span class='ocrx_word' id='word_1_22' title='bbox 2975 597 3279 671; x_wconf 79' lang='lat' dir='ltr'><strong>lmjusmodi</strong></span> <span class='ocrx_word' id='word_1_23' title='bbox 3313 618 3458 657; x_wconf 81' lang='lat' dir='ltr'><strong>mor-</strong></span> 
     </span>
    </p>
   </div>
   <div class='ocr_carea' id='block_1_6' title="bbox 259 681 1787 759">
    <p class='ocr_par' dir='ltr' id='par_1_6' title="bbox 259 681 1787 759">
     <span class='ocr_line' id='line_1_6' title="bbox 259 681 1787 759; baseline 0.005 -25"><span class='ocrx_word' id='word_1_24' title='bbox 259 681 427 750; x_wconf 80' lang='grc' dir='ltr'>είχετο,</span> <span class='ocrx_word' id='word_1_25' title='bbox 459 683 724 752; x_wconf 80' lang='grc' dir='ltr'>σωτηρίαν</span> <span class='ocrx_word' id='word_1_26' title='bbox 755 702 813 737; x_wconf 88' lang='grc' dir='ltr'><strong>τε</strong></span> <span class='ocrx_word' id='word_1_27' title='bbox 865 685 1078 757; x_wconf 76' lang='grc' dir='ltr'>ἤλπιζε,</span> <span class='ocrx_word' id='word_1_28' title='bbox 1119 688 1214 741; x_wconf 75' lang='grc' dir='ltr'><strong>καὶ</strong></span> <span class='ocrx_word' id='word_1_29' title='bbox 1246 686 1536 759; x_wconf 71' lang='grc' dir='ltr'>εεραπείας</span> <span class='ocrx_word' id='word_1_30' title='bbox 1561 690 1787 742; x_wconf 80' lang='grc' dir='ltr'>ἐπενόει.</span> 
     </span>
    </p>
   </div>
   <div class='ocr_carea' id='block_1_7' title="bbox 254 772 1793 853">
    <p class='ocr_par' dir='ltr' id='par_1_7' title="bbox 254 772 1793 853">
     <span class='ocr_line' id='line_1_7' title="bbox 254 772 1793 853; baseline 0.005 -27"><span class='ocrx_word' id='word_1_31' title='bbox 254 773 432 836; x_wconf 79' lang='grc' dir='ltr'>Διαϐὰς</span> <span class='ocrx_word' id='word_1_32' title='bbox 453 772 575 842; x_wconf 76' lang='grc' dir='ltr'>γοῦν</span> <span class='ocrx_word' id='word_1_33' title='bbox 598 775 688 826; x_wconf 82' lang='grc' dir='ltr'><strong>τὸν</strong></span> <span class='ocrx_word' id='word_1_34' title='bbox 722 776 1009 848; x_wconf 77' lang='grc' dir='ltr'><strong>Ἰορδάνην,</strong></span> <span class='ocrx_word' id='word_1_35' title='bbox 1037 781 1147 842; x_wconf 85' lang='grc' dir='ltr'>τοῖς</span> <span class='ocrx_word' id='word_1_36' title='bbox 1176 781 1314 833; x_wconf 69' lang='grc' dir='ltr'>κατὰ</span> <span class='ocrx_word' id='word_1_37' title='bbox 1345 781 1646 853; x_wconf 76' lang='grc' dir='ltr'><strong>Καλλιρόην</strong></span> <span class='ocrx_word' id='word_1_38' title='bbox 1675 781 1793 853; x_wconf 86' lang='grc' dir='ltr'>θερ-</span> 
     </span>
    </p>
   </div>
   <div class='ocr_carea' id='block_1_8' title="bbox 257 865 1790 943">
    <p class='ocr_par' dir='ltr' id='par_1_8' title="bbox 257 865 1790 943">
     <span class='ocr_line' id='line_1_8' title="bbox 257 865 1790 943; baseline 0.008 -29"><span class='ocrx_word' id='word_1_39' title='bbox 257 865 358 934; x_wconf 77' lang='grc' dir='ltr'>μοῖς</span> <span class='ocrx_word' id='word_1_40' title='bbox 393 865 598 935; x_wconf 75' lang='grc' dir='ltr'>ἐχρῆτο.</span> <span class='ocrx_word' id='word_1_41' title='bbox 627 866 809 919; x_wconf 75' lang='grc' dir='ltr'>Ταῦτα</span> <span class='ocrx_word' id='word_1_42' title='bbox 831 868 888 920; x_wconf 84' lang='grc' dir='ltr'><strong>δὲ</strong></span> <span class='ocrx_word' id='word_1_43' title='bbox 912 869 1074 932; x_wconf 74' lang='grc' dir='ltr'>ἔξεισι</span> <span class='ocrx_word' id='word_1_44' title='bbox 1105 870 1202 940; x_wconf 80' lang='grc' dir='ltr'><strong>μὲν</strong></span> <span class='ocrx_word' id='word_1_45' title='bbox 1223 874 1299 934; x_wconf 87' lang='grc' dir='ltr'>εἰς</span> <span class='ocrx_word' id='word_1_46' title='bbox 1325 873 1422 943; x_wconf 82' lang='grc' dir='ltr'><strong>τὴν</strong></span> <span class='ocrx_word' id='word_1_47' title='bbox 1451 873 1790 943; x_wconf 73' lang='grc' dir='ltr'>Ἀσφαλτῖτιν</span> 
     </span>
    </p>
   </div>
   <div class='ocr_carea' id='block_1_9' title="bbox 253 956 1790 1036">
    <p class='ocr_par' dir='ltr' id='par_1_9' title="bbox 253 956 1790 1036">
     <span class='ocr_line' id='line_1_9' title="bbox 253 956 1790 1036; baseline 0.007 -28"><span class='ocrx_word' id='word_1_48' title='bbox 253 956 440 1026; x_wconf 75' lang='grc' dir='ltr'>λίμνην,</span> <span class='ocrx_word' id='word_1_49' title='bbox 476 957 577 1009; x_wconf 73' lang='grc' dir='ltr'>ὑπὸ</span> <span class='ocrx_word' id='word_1_50' title='bbox 609 957 941 1029; x_wconf 73' lang='grc' dir='ltr'>γλυκύτητος</span> <span class='ocrx_word' id='word_1_51' title='bbox 973 961 1029 1014; x_wconf 86' lang='grc' dir='ltr'><strong>δέ</strong></span> <span class='ocrx_word' id='word_1_52' title='bbox 1073 965 1189 1015; x_wconf 78' lang='grc' dir='ltr'>ἐστι</span> <span class='ocrx_word' id='word_1_53' title='bbox 1225 965 1316 1016; x_wconf 74' lang='grc' dir='ltr'><strong>καὶ</strong></span> <span class='ocrx_word' id='word_1_54' title='bbox 1353 966 1577 1036; x_wconf 83' lang='grc' dir='ltr'>πότιμα.</span> <span class='ocrx_word' id='word_1_55' title='bbox 1625 965 1790 1030; x_wconf 82' lang='grc' dir='ltr'>Δόξαν</span> 
     </span>
    </p>
   </div>
   <div class='ocr_carea' id='block_1_10' title="bbox 251 1048 1790 1127">
    <p class='ocr_par' dir='ltr' id='par_1_10' title="bbox 251 1048 1790 1127">
     <span class='ocr_line' id='line_1_10' title="bbox 251 1048 1790 1127; baseline 0.007 -27"><span class='ocrx_word' id='word_1_56' title='bbox 251 1049 296 1100; x_wconf 63' lang='grc' dir='ltr'>δὲ</span> <span class='ocrx_word' id='word_1_57' title='bbox 329 1048 544 1102; x_wconf 74' lang='grc' dir='ltr'>ἐνταῦθα</span> <span class='ocrx_word' id='word_1_58' title='bbox 578 1053 689 1112; x_wconf 90' lang='grc' dir='ltr'>τοῖς</span> <span class='ocrx_word' id='word_1_59' title='bbox 717 1053 941 1123; x_wconf 77' lang='grc' dir='ltr'><strong>ἰατροῖς,</strong></span> <span class='ocrx_word' id='word_1_60' title='bbox 963 1053 1124 1124; x_wconf 83' lang='grc' dir='ltr'>ἐλαίῳ</span> <span class='ocrx_word' id='word_1_61' title='bbox 1142 1055 1326 1127; x_wconf 86' lang='grc' dir='ltr'>θερμῴ</span> <span class='ocrx_word' id='word_1_62' title='bbox 1355 1059 1460 1110; x_wconf 79' lang='grc' dir='ltr'><strong>πᾶν</strong></span> <span class='ocrx_word' id='word_1_63' title='bbox 1486 1057 1790 1126; x_wconf 63' lang='grc' dir='ltr'>ἀναθάλψαι</span> 
     </span>
    </p>
   </div>
   <div class='ocr_carea' id='block_1_11' title="bbox 250 1139 1790 1218">
    <p class='ocr_par' dir='ltr' id='par_1_11' title="bbox 250 1139 1790 1218">
     <span class='ocr_line' id='line_1_11' title="bbox 250 1139 1790 1218; baseline 0.008 -27"><span class='ocrx_word' id='word_1_64' title='bbox 250 1139 300 1192; x_wconf 67' lang='lat'><strong>:5</strong></span> <span class='ocrx_word' id='word_1_65' title='bbox 332 1139 479 1209; x_wconf 84' lang='grc' dir='ltr'>σῶμα</span> <span class='ocrx_word' id='word_1_66' title='bbox 519 1141 782 1210; x_wconf 82' lang='grc' dir='ltr'>χαλασθὲν</span> <span class='ocrx_word' id='word_1_67' title='bbox 821 1145 900 1206; x_wconf 81' lang='grc' dir='ltr'><strong>είς</strong></span> <span class='ocrx_word' id='word_1_68' title='bbox 926 1143 1101 1197; x_wconf 86' lang='grc' dir='ltr'>ἐλαίου</span> <span class='ocrx_word' id='word_1_69' title='bbox 1137 1143 1316 1218; x_wconf 84' lang='grc' dir='ltr'>πλήρη</span> <span class='ocrx_word' id='word_1_70' title='bbox 1369 1145 1581 1212; x_wconf 84' lang='grc' dir='ltr'>πύελον,</span> <span class='ocrx_word' id='word_1_71' title='bbox 1612 1148 1790 1203; x_wconf 83' lang='grc' dir='ltr'>ἐκλύει</span> 
     </span>
    </p>
   </div>
   <div class='ocr_carea' id='block_1_12' title="bbox 247 1231 1787 1312">
    <p class='ocr_par' dir='ltr' id='par_1_12' title="bbox 247 1231 1787 1312">
     <span class='ocr_line' id='line_1_12' title="bbox 247 1231 1787 1312; baseline 0.007 -29"><span class='ocrx_word' id='word_1_72' title='bbox 247 1232 354 1294; x_wconf 74' lang='grc' dir='ltr'>τοὺς</span> <span class='ocrx_word' id='word_1_73' title='bbox 371 1231 671 1303; x_wconf 67' lang='grc' dir='ltr'>ὀφθαλμοὺς</span> <span class='ocrx_word' id='word_1_74' title='bbox 696 1235 790 1288; x_wconf 69' lang='grc' dir='ltr'><strong>καὶ</strong></span> <span class='ocrx_word' id='word_1_75' title='bbox 818 1235 892 1298; x_wconf 84' lang='grc' dir='ltr'>ὡς</span> <span class='ocrx_word' id='word_1_76' title='bbox 921 1236 1147 1301; x_wconf 85' lang='grc' dir='ltr'>τεθνεὼς</span> <span class='ocrx_word' id='word_1_77' title='bbox 1170 1239 1514 1310; x_wconf 61' lang='grc' dir='ltr'>ἀνέστρεψεν.</span> <span class='ocrx_word' id='word_1_78' title='bbox 1550 1240 1787 1312; x_wconf 80' lang='grc' dir='ltr'>Θορύϐου</span> 
     </span>
    </p>
   </div>
   <div class='ocr_carea' id='block_1_13' title="bbox 246 1321 1789 1404">
    <p class='ocr_par' dir='ltr' id='par_1_13' title="bbox 246 1321 1789 1404">
     <span class='ocr_line' id='line_1_13' title="bbox 246 1321 1789 1404; baseline 0.008 -30"><span class='ocrx_word' id='word_1_79' title='bbox 246 1321 290 1374; x_wconf 79' lang='grc' dir='ltr'><strong>δέ</strong></span> <span class='ocrx_word' id='word_1_80' title='bbox 317 1323 412 1374; x_wconf 83' lang='grc' dir='ltr'><strong>τῶν</strong></span> <span class='ocrx_word' id='word_1_81' title='bbox 439 1322 778 1394; x_wconf 70' lang='grc' dir='ltr'>θεραπόντων</span> <span class='ocrx_word' id='word_1_82' title='bbox 814 1328 1124 1397; x_wconf 78' lang='grc' dir='ltr'>γενομένου,</span> <span class='ocrx_word' id='word_1_83' title='bbox 1145 1329 1277 1399; x_wconf 75' lang='grc' dir='ltr'>πρὸς</span> <span class='ocrx_word' id='word_1_84' title='bbox 1306 1331 1401 1400; x_wconf 76' lang='grc' dir='ltr'><strong>μὲν</strong></span> <span class='ocrx_word' id='word_1_85' title='bbox 1423 1332 1520 1401; x_wconf 69' lang='grc' dir='ltr'><strong>τὴν</strong></span> <span class='ocrx_word' id='word_1_86' title='bbox 1544 1333 1789 1404; x_wconf 80' lang='grc' dir='ltr'>κραυγὴν</span> 
     </span>
    </p>
   </div>
   <div class='ocr_carea' id='block_1_14' title="bbox 246 1413 1786 1496">
    <p class='ocr_par' dir='ltr' id='par_1_14' title="bbox 246 1413 1786 1496">
     <span class='ocr_line' id='line_1_14' title="bbox 246 1413 1786 1496; baseline 0.007 -30"><span class='ocrx_word' id='word_1_87' title='bbox 246 1414 537 1484; x_wconf 77' lang='grc' dir='ltr'>ἀνήνεγκεν.</span> <span class='ocrx_word' id='word_1_88' title='bbox 571 1413 663 1480; x_wconf 83' lang='grc' dir='ltr'><strong>Εἰς</strong></span> <span class='ocrx_word' id='word_1_89' title='bbox 695 1417 749 1470; x_wconf 82' lang='grc' dir='ltr'><strong>δὲ</strong></span> <span class='ocrx_word' id='word_1_90' title='bbox 773 1417 834 1471; x_wconf 80' lang='grc' dir='ltr'>τὸ</span> <span class='ocrx_word' id='word_1_91' title='bbox 853 1418 1036 1472; x_wconf 74' lang='grc' dir='ltr'>λοιπὸν</span> <span class='ocrx_word' id='word_1_92' title='bbox 1070 1421 1338 1489; x_wconf 81' lang='grc' dir='ltr'>ἀπογνοὺς</span> <span class='ocrx_word' id='word_1_93' title='bbox 1369 1423 1467 1493; x_wconf 75' lang='grc' dir='ltr'><strong>τὴν</strong></span> <span class='ocrx_word' id='word_1_94' title='bbox 1496 1422 1786 1496; x_wconf 85' lang='grc' dir='ltr'>σωτηρίαν,</span> 
     </span>
    </p>
   </div>
   <div class='ocr_carea' id='block_1_15' title="bbox 245 1509 1791 1586">
    <p class='ocr_par' dir='ltr' id='par_1_15' title="bbox 245 1509 1791 1586">
     <span class='ocr_line' id='line_1_15' title="bbox 245 1509 1791 1586; baseline 0.006 -28"><span class='ocrx_word' id='word_1_95' title='bbox 245 1509 338 1568; x_wconf 76' lang='grc' dir='ltr'>τοῖς</span> <span class='ocrx_word' id='word_1_96' title='bbox 373 1523 427 1559; x_wconf 86' lang='grc' dir='ltr'><strong>τε</strong></span> <span class='ocrx_word' id='word_1_97' title='bbox 474 1511 828 1580; x_wconf 82' lang='grc' dir='ltr'>στρατιώταις</span> <span class='ocrx_word' id='word_1_98' title='bbox 865 1510 966 1563; x_wconf 84' lang='grc' dir='ltr'><strong>ἀνά</strong></span> <span class='ocrx_word' id='word_1_99' title='bbox 1004 1512 1253 1584; x_wconf 80' lang='grc' dir='ltr'>δραχμὰς</span> <span class='ocrx_word' id='word_1_100' title='bbox 1297 1516 1630 1586; x_wconf 80' lang='grc' dir='ltr'>πεντήκοντα</span> <span class='ocrx_word' id='word_1_101' title='bbox 1671 1515 1791 1569; x_wconf 82' lang='grc' dir='ltr'>ἐκέ-</span> 
     </span>
    </p>
   </div>
   <div class='ocr_carea' id='block_1_16' title="bbox 244 1599 1786 1678">
    <p class='ocr_par' dir='ltr' id='par_1_16' title="bbox 244 1599 1786 1678">
     <span class='ocr_line' id='line_1_16' title="bbox 244 1599 1786 1678; baseline 0.008 -30"><span class='ocrx_word' id='word_1_102' title='bbox 244 1607 379 1650; x_wconf 82' lang='grc' dir='ltr'>Αευσε</span> <span class='ocrx_word' id='word_1_103' title='bbox 416 1599 718 1670; x_wconf 83' lang='grc' dir='ltr'>διανεῖμαι.</span> <span class='ocrx_word' id='word_1_104' title='bbox 765 1603 859 1655; x_wconf 69' lang='grc' dir='ltr'><strong>καὶ</strong></span> <span class='ocrx_word' id='word_1_105' title='bbox 906 1603 1077 1656; x_wconf 77' lang='grc' dir='ltr'>πολλὰ</span> <span class='ocrx_word' id='word_1_106' title='bbox 1111 1606 1366 1676; x_wconf 79' lang='grc' dir='ltr'>χρήματα</span> <span class='ocrx_word' id='word_1_107' title='bbox 1412 1610 1524 1670; x_wconf 86' lang='grc' dir='ltr'>τοῖς</span> <span class='ocrx_word' id='word_1_108' title='bbox 1557 1609 1786 1678; x_wconf 80' lang='grc' dir='ltr'>ἡγεμόσι</span> 
     </span>
    </p>
   </div>
   <div class='ocr_carea' id='block_1_17' title="bbox 244 1691 1790 1770">
    <p class='ocr_par' dir='ltr' id='par_1_17' title="bbox 244 1691 1790 1770">
     <span class='ocr_line' id='line_1_17' title="bbox 244 1691 1790 1770; baseline 0.009 -30"><span class='ocrx_word' id='word_1_109' title='bbox 244 1691 322 1741; x_wconf 75' lang='grc' dir='ltr'><strong>καὶ</strong></span> <span class='ocrx_word' id='word_1_110' title='bbox 347 1693 449 1754; x_wconf 82' lang='grc' dir='ltr'>τοῖς</span> <span class='ocrx_word' id='word_1_111' title='bbox 471 1692 660 1759; x_wconf 72' lang='grc' dir='ltr'>φίλοις.</span> <span class='ocrx_word' id='word_1_112' title='bbox 693 1692 861 1758; x_wconf 77' lang='grc' dir='ltr'>Αὐτὸς</span> <span class='ocrx_word' id='word_1_113' title='bbox 892 1696 934 1748; x_wconf 85' lang='grc' dir='ltr'>δ’</span> <span class='ocrx_word' id='word_1_114' title='bbox 958 1695 1318 1769; x_wconf 69' lang='grc' dir='ltr'>ὑποστρέψας,</span> <span class='ocrx_word' id='word_1_115' title='bbox 1346 1699 1424 1762; x_wconf 88' lang='grc' dir='ltr'><strong>είς</strong></span> <span class='ocrx_word' id='word_1_116' title='bbox 1468 1700 1790 1770; x_wconf 81' lang='grc' dir='ltr'>Ἱεριχοῦντα</span> 
     </span>
    </p>
   </div>
   <div class='ocr_carea' id='block_1_18' title="bbox 244 1781 1788 1865">
    <p class='ocr_par' dir='ltr' id='par_1_18' title="bbox 244 1781 1788 1865">
     <span class='ocr_line' id='line_1_18' title="bbox 244 1781 1788 1865; baseline 0.01 -32"><span class='ocrx_word' id='word_1_117' title='bbox 244 1781 594 1852; x_wconf 79' lang='grc' dir='ltr'>παραγίνεται,</span> <span class='ocrx_word' id='word_1_118' title='bbox 633 1785 980 1857; x_wconf 80' lang='grc' dir='ltr'>μελαγχολῶν</span> <span class='ocrx_word' id='word_1_119' title='bbox 1013 1789 1136 1860; x_wconf 74' lang='grc' dir='ltr'>ἤδη,</span> <span class='ocrx_word' id='word_1_120' title='bbox 1183 1789 1275 1842; x_wconf 74' lang='grc' dir='ltr'><strong>καὶ</strong></span> <span class='ocrx_word' id='word_1_121' title='bbox 1324 1792 1602 1863; x_wconf 80' lang='grc' dir='ltr'>μονονουχὶ</span> <span class='ocrx_word' id='word_1_122' title='bbox 1642 1793 1788 1865; x_wconf 82' lang='grc' dir='ltr'>αύτῷ</span> 
     </span>
    </p>
   </div>
   <div class='ocr_carea' id='block_1_19' title="bbox 243 1874 1790 1954">
    <p class='ocr_par' dir='ltr' id='par_1_19' title="bbox 243 1874 1790 1954">
     <span class='ocr_line' id='line_1_19' title="bbox 243 1874 1790 1954; baseline 0.009 -30"><span class='ocrx_word' id='word_1_123' title='bbox 243 1887 285 1924; x_wconf 78' lang='grc' dir='ltr'><strong>τι</strong></span> <span class='ocrx_word' id='word_1_124' title='bbox 305 1874 373 1944; x_wconf 83' lang='grc' dir='ltr'><strong>τῷ</strong></span> <span class='ocrx_word' id='word_1_125' title='bbox 398 1875 609 1947; x_wconf 78' lang='grc' dir='ltr'>Θανάτῳ</span> <span class='ocrx_word' id='word_1_126' title='bbox 630 1879 884 1942; x_wconf 78' lang='grc' dir='ltr'>ἀπειλῶν,</span> <span class='ocrx_word' id='word_1_127' title='bbox 912 1879 1213 1951; x_wconf 54' lang='grc' dir='ltr'>προέκοψεν</span> <span class='ocrx_word' id='word_1_128' title='bbox 1248 1883 1325 1946; x_wconf 89' lang='grc' dir='ltr'>εἰς</span> <span class='ocrx_word' id='word_1_129' title='bbox 1347 1883 1638 1954; x_wconf 75' lang='grc' dir='ltr'>ἐπιϐουλὴν</span> <span class='ocrx_word' id='word_1_130' title='bbox 1665 1885 1790 1938; x_wconf 86' lang='grc' dir='ltr'>ἀθε-</span> 
     </span>
    </p>
   </div>
   <div class='ocr_carea' id='block_1_20' title="bbox 1893 691 3458 762">
    <p class='ocr_par' dir='ltr' id='par_1_20' title="bbox 1893 691 3458 762">
     <span class='ocr_line' id='line_1_20' title="bbox 1893 691 3458 762; baseline 0.003 -19"><span class='ocrx_word' id='word_1_131' title='bbox 1893 691 2017 743; x_wconf 84' lang='lat' dir='ltr'><strong>bum</strong></span> <span class='ocrx_word' id='word_1_132' title='bbox 2064 704 2279 758; x_wconf 75' lang='lat' dir='ltr'><strong>pmnam</strong></span> <span class='ocrx_word' id='word_1_133' title='bbox 2324 705 2444 746; x_wconf 87' lang='lat' dir='ltr'><strong>esse</strong></span> <span class='ocrx_word' id='word_1_134' title='bbox 2487 693 2733 747; x_wconf 81' lang='lat' dir='ltr'><strong>dicerent</strong></span> <span class='ocrx_word' id='word_1_135' title='bbox 2782 692 2996 747; x_wconf 75' lang='lat' dir='ltr'><strong>cmlitus</strong></span> <span class='ocrx_word' id='word_1_136' title='bbox 3041 693 3357 762; x_wconf 79' lang='lat' dir='ltr'><strong>irrogatam.</strong></span> <span class='ocrx_word' id='word_1_137' title='bbox 3391 695 3458 748; x_wconf 84' lang='lat' dir='ltr'><strong>At</strong></span> 
     </span>
    </p>
   </div>
   <div class='ocr_carea' id='block_1_21' title="bbox 1865 782 3454 856">
    <p class='ocr_par' dir='ltr' id='par_1_21' title="bbox 1865 782 3454 856">
     <span class='ocr_line' id='line_1_21' title="bbox 1865 782 3454 856; baseline 0.003 -21"><span class='ocrx_word' id='word_1_138' title='bbox 1865 782 1982 837; x_wconf 62' lang='lat' dir='ltr'><strong>&quot;ille</strong></span> <span class='ocrx_word' id='word_1_139' title='bbox 2030 784 2245 836; x_wconf 56' lang='lat' dir='ltr'><strong>tametsi</strong></span> <span class='ocrx_word' id='word_1_140' title='bbox 2290 800 2410 838; x_wconf 88' lang='lat' dir='ltr'><strong>cum</strong></span> <span class='ocrx_word' id='word_1_141' title='bbox 2451 795 2526 840; x_wconf 92' lang='lat' dir='ltr'><strong>tot</strong></span> <span class='ocrx_word' id='word_1_142' title='bbox 2558 788 2870 842; x_wconf 85' lang='lat' dir='ltr'><strong>morborum</strong></span> <span class='ocrx_word' id='word_1_143' title='bbox 2901 787 3189 856; x_wconf 75' lang='lat' dir='ltr'><strong>generibus</strong></span> <span class='ocrx_word' id='word_1_144' title='bbox 3219 785 3454 840; x_wconf 56' lang='lat' dir='ltr'><strong>luctare;</strong></span> 
     </span>
    </p>
   </div>
   <div class='ocr_carea' id='block_1_22' title="bbox 1895 877 3459 944">
    <p class='ocr_par' dir='ltr' id='par_1_22' title="bbox 1895 877 3459 944">
     <span class='ocr_line' id='line_1_22' title="bbox 1895 877 3459 944; baseline 0.004 -19"><span class='ocrx_word' id='word_1_145' title='bbox 1895 884 2000 933; x_wconf 82' lang='lat' dir='ltr'><strong>tur.</strong></span> <span class='ocrx_word' id='word_1_146' title='bbox 2036 890 2185 944; x_wconf 85' lang='lat' dir='ltr'><strong>spem</strong></span> <span class='ocrx_word' id='word_1_147' title='bbox 2218 885 2393 930; x_wconf 89' lang='lat' dir='ltr'><strong>tamen</strong></span> <span class='ocrx_word' id='word_1_148' title='bbox 2423 878 2600 932; x_wconf 90' lang='lat' dir='ltr'><strong>adhuc</strong></span> <span class='ocrx_word' id='word_1_149' title='bbox 2626 878 2750 932; x_wconf 58' lang='lat' dir='ltr'><strong>vita}</strong></span> <span class='ocrx_word' id='word_1_150' title='bbox 2780 877 3021 932; x_wconf 89' lang='lat' dir='ltr'><strong>retinens</strong></span> <span class='ocrx_word' id='word_1_151' title='bbox 3047 919 3063 942; x_wconf 89' lang='lat'><strong>,</strong></span> <span class='ocrx_word' id='word_1_152' title='bbox 3099 877 3333 932; x_wconf 88' lang='lat' dir='ltr'><strong>remedia</strong></span> <span class='ocrx_word' id='word_1_153' title='bbox 3363 893 3459 932; x_wconf 83' lang='lat' dir='ltr'><strong>cx-</strong></span> 
     </span>
    </p>
   </div>
   <div class='ocr_carea' id='block_1_23' title="bbox 1891 967 3458 1040">
    <p class='ocr_par' dir='ltr' id='par_1_23' title="bbox 1891 967 3458 1040">
     <span class='ocr_line' id='line_1_23' title="bbox 1891 967 3458 1040; baseline 0.001 -21"><span class='ocrx_word' id='word_1_154' title='bbox 1891 967 2189 1034; x_wconf 78' lang='lat' dir='ltr'><strong>cOgitabat.</strong></span> <span class='ocrx_word' id='word_1_155' title='bbox 2228 967 2420 1037; x_wconf 87' lang='lat' dir='ltr'><strong>Itaque</strong></span> <span class='ocrx_word' id='word_1_156' title='bbox 2471 969 2702 1040; x_wconf 81' lang='lat' dir='ltr'><strong>trajectu</strong></span> <span class='ocrx_word' id='word_1_157' title='bbox 2747 969 2981 1024; x_wconf 84' lang='lat' dir='ltr'><strong>Jordane</strong></span> <span class='ocrx_word' id='word_1_158' title='bbox 3008 1009 3022 1029; x_wconf 88' lang='lat'><strong>.</strong></span> <span class='ocrx_word' id='word_1_159' title='bbox 3066 969 3219 1037; x_wconf 88' lang='lat' dir='ltr'><strong>aquis</strong></span> <span class='ocrx_word' id='word_1_160' title='bbox 3266 969 3458 1023; x_wconf 78' lang='lat' dir='ltr'><strong>calidis</strong></span> 
     </span>
    </p>
   </div>
   <div class='ocr_carea' id='block_1_24' title="bbox 1891 1057 3450 1126">
    <p class='ocr_par' dir='ltr' id='par_1_24' title="bbox 1891 1057 3450 1126">
     <span class='ocr_line' id='line_1_24' title="bbox 1891 1057 3450 1126; baseline 0.003 -18"><span class='ocrx_word' id='word_1_161' title='bbox 1891 1073 2010 1126; x_wconf 69' lang='lat' dir='ltr'><strong>qum</strong></span> <span class='ocrx_word' id='word_1_162' title='bbox 2049 1057 2199 1124; x_wconf 82' lang='lat' dir='ltr'><strong>juxta</strong></span> <span class='ocrx_word' id='word_1_163' title='bbox 2234 1059 2539 1115; x_wconf 88' lang='lat' dir='ltr'><strong>Callirhoen</strong></span> <span class='ocrx_word' id='word_1_164' title='bbox 2575 1070 2704 1115; x_wconf 89' lang='lat' dir='ltr'><strong>sunt</strong></span> <span class='ocrx_word' id='word_1_165' title='bbox 2730 1101 2745 1123; x_wconf 90' lang='lat'><strong>,</strong></span> <span class='ocrx_word' id='word_1_166' title='bbox 2794 1076 2923 1115; x_wconf 90' lang='lat' dir='ltr'><strong>usus</strong></span> <span class='ocrx_word' id='word_1_167' title='bbox 2955 1070 3056 1115; x_wconf 85' lang='lat' dir='ltr'><strong>est.</strong></span> <span class='ocrx_word' id='word_1_168' title='bbox 3091 1059 3182 1114; x_wconf 69' lang='lat' dir='ltr'><strong>H92</strong></span> <span class='ocrx_word' id='word_1_169' title='bbox 3215 1059 3450 1115; x_wconf 84' lang='lat' dir='ltr'><strong>inﬂuunt</strong></span> 
     </span>
    </p>
   </div>
   <div class='ocr_carea' id='block_1_25' title="bbox 1891 1149 3455 1220">
    <p class='ocr_par' dir='ltr' id='par_1_25' title="bbox 1891 1149 3455 1220">
     <span class='ocr_line' id='line_1_25' title="bbox 1891 1149 3455 1220; baseline 0.002 -20"><span class='ocrx_word' id='word_1_170' title='bbox 1891 1149 2106 1217; x_wconf 88' lang='lat' dir='ltr'><strong>quidem</strong></span> <span class='ocrx_word' id='word_1_171' title='bbox 2129 1151 2180 1204; x_wconf 89' lang='lat' dir='ltr'><strong>in</strong></span> <span class='ocrx_word' id='word_1_172' title='bbox 2213 1153 2570 1220; x_wconf 80' lang='lat' dir='ltr'><strong>Aspltaltilem</strong></span> <span class='ocrx_word' id='word_1_173' title='bbox 2598 1153 2794 1214; x_wconf 86' lang='lat' dir='ltr'><strong>lacum.</strong></span> <span class='ocrx_word' id='word_1_174' title='bbox 2823 1152 2916 1208; x_wconf 79' lang='lat' dir='ltr'><strong>sed</strong></span> <span class='ocrx_word' id='word_1_175' title='bbox 2947 1153 3081 1206; x_wconf 84' lang='lat' dir='ltr'><strong>adeo</strong></span> <span class='ocrx_word' id='word_1_176' title='bbox 3105 1152 3287 1206; x_wconf 83' lang='lat' dir='ltr'><strong>dulces</strong></span> <span class='ocrx_word' id='word_1_177' title='bbox 3309 1162 3455 1212; x_wconf 83' lang='lat' dir='ltr'><strong>sunt.</strong></span> 
     </span>
    </p>
   </div>
   <div class='ocr_carea' id='block_1_26' title="bbox 1893 1240 3453 1312">
    <p class='ocr_par' dir='ltr' id='par_1_26' title="bbox 1893 1240 3453 1312">
     <span class='ocr_line' id='line_1_26' title="bbox 1893 1240 3453 1312; baseline -0.001 -18"><span class='ocrx_word' id='word_1_178' title='bbox 1893 1249 1951 1294; x_wconf 93' lang='lat' dir='ltr'><strong>ut</strong></span> <span class='ocrx_word' id='word_1_179' title='bbox 1976 1240 2138 1295; x_wconf 86' lang='lat' dir='ltr'><strong>etiam</strong></span> <span class='ocrx_word' id='word_1_180' title='bbox 2171 1243 2319 1312; x_wconf 84' lang='lat' dir='ltr'><strong>potui</strong></span> <span class='ocrx_word' id='word_1_181' title='bbox 2352 1245 2648 1298; x_wconf 70' lang='lat' dir='ltr'><strong>commoda:</strong></span> <span class='ocrx_word' id='word_1_182' title='bbox 2679 1243 2808 1298; x_wconf 89' lang='lat' dir='ltr'><strong>sint.</strong></span> <span class='ocrx_word' id='word_1_183' title='bbox 2839 1241 2913 1297; x_wconf 86' lang='lat' dir='ltr'><strong>Ibi</strong></span> <span class='ocrx_word' id='word_1_184' title='bbox 2945 1257 3066 1296; x_wconf 89' lang='lat' dir='ltr'><strong>cum</strong></span> <span class='ocrx_word' id='word_1_185' title='bbox 3115 1242 3338 1296; x_wconf 82' lang='lat' dir='ltr'><strong>medicis</strong></span> <span class='ocrx_word' id='word_1_186' title='bbox 3372 1243 3453 1292; x_wconf 86' lang='lat' dir='ltr'><strong>vi-</strong></span> 
     </span>
    </p>
   </div>
   <div class='ocr_carea' id='block_1_27' title="bbox 1890 1333 3452 1404">
    <p class='ocr_par' dir='ltr' id='par_1_27' title="bbox 1890 1333 3452 1404">
     <span class='ocr_line' id='line_1_27' title="bbox 1890 1333 3452 1404; baseline 0.001 -19"><span class='ocrx_word' id='word_1_187' title='bbox 1890 1346 2006 1385; x_wconf 91' lang='lat' dir='ltr'><strong>sum</strong></span> <span class='ocrx_word' id='word_1_188' title='bbox 2043 1342 2189 1386; x_wconf 82' lang='lat' dir='ltr'><strong>esset</strong></span> <span class='ocrx_word' id='word_1_189' title='bbox 2235 1345 2293 1387; x_wconf 90' lang='lat' dir='ltr'><strong>ut</strong></span> <span class='ocrx_word' id='word_1_190' title='bbox 2319 1341 2536 1404; x_wconf 74' lang='lat' dir='ltr'><strong>tepente</strong></span> <span class='ocrx_word' id='word_1_191' title='bbox 2586 1337 2705 1390; x_wconf 88' lang='lat' dir='ltr'><strong>oleo</strong></span> <span class='ocrx_word' id='word_1_192' title='bbox 2750 1333 3044 1398; x_wconf 80' lang='lat' dir='ltr'><strong>foveretur,</strong></span> <span class='ocrx_word' id='word_1_193' title='bbox 3086 1334 3355 1389; x_wconf 89' lang='lat' dir='ltr'><strong>demissus</strong></span> <span class='ocrx_word' id='word_1_194' title='bbox 3401 1334 3452 1387; x_wconf 90' lang='lat' dir='ltr'><strong>in</strong></span> 
     </span>
    </p>
   </div>
   <div class='ocr_carea' id='block_1_28' title="bbox 1881 1423 3452 1496">
    <p class='ocr_par' dir='ltr' id='par_1_28' title="bbox 1881 1423 3452 1496">
     <span class='ocr_line' id='line_1_28' title="bbox 1881 1423 3452 1496; baseline 0 -16"><span class='ocrx_word' id='word_1_195' title='bbox 1881 1423 2078 1480; x_wconf 90' lang='lat' dir='ltr'><strong>dolium</strong></span> <span class='ocrx_word' id='word_1_196' title='bbox 2115 1426 2328 1494; x_wconf 89' lang='lat' dir='ltr'><strong>plenum</strong></span> <span class='ocrx_word' id='word_1_197' title='bbox 2355 1427 2478 1490; x_wconf 90' lang='lat' dir='ltr'><strong>olei,</strong></span> <span class='ocrx_word' id='word_1_198' title='bbox 2509 1437 2616 1481; x_wconf 87' lang='lat' dir='ltr'><strong>toto</strong></span> <span class='ocrx_word' id='word_1_199' title='bbox 2639 1442 2864 1496; x_wconf 84' lang='lat' dir='ltr'><strong>corpore</strong></span> <span class='ocrx_word' id='word_1_200' title='bbox 2897 1431 3031 1481; x_wconf 84' lang='lat' dir='ltr'><strong>adeo</strong></span> <span class='ocrx_word' id='word_1_201' title='bbox 3056 1425 3324 1482; x_wconf 85' lang='lat' dir='ltr'><strong>resolutus</strong></span> <span class='ocrx_word' id='word_1_202' title='bbox 3348 1437 3452 1488; x_wconf 85' lang='lat' dir='ltr'><strong>cst,</strong></span> 
     </span>
    </p>
   </div>
   <div class='ocr_carea' id='block_1_29' title="bbox 1891 1516 3448 1572">
    <p class='ocr_par' dir='ltr' id='par_1_29' title="bbox 1891 1516 3448 1572">
     <span class='ocr_line' id='line_1_29' title="bbox 1891 1516 3448 1572; baseline 0.004 -7"><span class='ocrx_word' id='word_1_203' title='bbox 1891 1523 1946 1566; x_wconf 92' lang='lat' dir='ltr'><strong>ut</strong></span> <span class='ocrx_word' id='word_1_204' title='bbox 1979 1516 2142 1569; x_wconf 85' lang='lat' dir='ltr'><strong>etiam</strong></span> <span class='ocrx_word' id='word_1_205' title='bbox 2167 1517 2309 1570; x_wconf 90' lang='lat' dir='ltr'><strong>oculi</strong></span> <span class='ocrx_word' id='word_1_206' title='bbox 2335 1518 2506 1571; x_wconf 87' lang='lat' dir='ltr'><strong>instar</strong></span> <span class='ocrx_word' id='word_1_207' title='bbox 2533 1518 2765 1570; x_wconf 82' lang='lat' dir='ltr'><strong>hominis</strong></span> <span class='ocrx_word' id='word_1_208' title='bbox 2797 1518 2990 1571; x_wconf 83' lang='lat' dir='ltr'><strong>mortui</strong></span> <span class='ocrx_word' id='word_1_209' title='bbox 3025 1518 3448 1572; x_wconf 86' lang='lat' dir='ltr'><strong>revolverentur.</strong></span> 
     </span>
    </p>
   </div>
   <div class='ocr_carea' id='block_1_30' title="bbox 1895 1601 3458 1662">
    <p class='ocr_par' dir='ltr' id='par_1_30' title="bbox 1895 1601 3458 1662">
     <span class='ocr_line' id='line_1_30' title="bbox 1895 1601 3458 1662; baseline 0.005 -10"><span class='ocrx_word' id='word_1_210' title='bbox 1895 1601 2094 1657; x_wconf 87' lang='lat' dir='ltr'><strong>Deinde</strong></span> <span class='ocrx_word' id='word_1_211' title='bbox 2141 1605 2508 1658; x_wconf 90' lang='lat' dir='ltr'><strong>ministrorum</strong></span> <span class='ocrx_word' id='word_1_212' title='bbox 2557 1606 3001 1660; x_wconf 85' lang='lat' dir='ltr'><strong>tumultuantium</strong></span> <span class='ocrx_word' id='word_1_213' title='bbox 3043 1606 3283 1662; x_wconf 81' lang='lat' dir='ltr'><strong>clamore</strong></span> <span class='ocrx_word' id='word_1_214' title='bbox 3309 1608 3458 1662; x_wconf 80' lang='lat' dir='ltr'><strong>exci-</strong></span> 
     </span>
    </p>
   </div>
   <div class='ocr_carea' id='block_1_31' title="bbox 1889 1696 3454 1767">
    <p class='ocr_par' dir='ltr' id='par_1_31' title="bbox 1889 1696 3454 1767">
     <span class='ocr_line' id='line_1_31' title="bbox 1889 1696 3454 1767; baseline 0.003 -20"><span class='ocrx_word' id='word_1_215' title='bbox 1889 1701 2053 1758; x_wconf 83' lang='lat' dir='ltr'><strong>tatus,</strong></span> <span class='ocrx_word' id='word_1_216' title='bbox 2083 1696 2148 1749; x_wconf 90' lang='lat' dir='ltr'><strong>ad</strong></span> <span class='ocrx_word' id='word_1_217' title='bbox 2177 1712 2235 1750; x_wconf 90' lang='lat' dir='ltr'><strong>se</strong></span> <span class='ocrx_word' id='word_1_218' title='bbox 2267 1697 2481 1766; x_wconf 86' lang='lat' dir='ltr'><strong>quidem</strong></span> <span class='ocrx_word' id='word_1_219' title='bbox 2513 1698 2691 1751; x_wconf 82' lang='lat' dir='ltr'><strong>rediit.</strong></span> <span class='ocrx_word' id='word_1_220' title='bbox 2733 1697 2998 1752; x_wconf 65' lang='lat' dir='ltr'><strong>Craterum</strong></span> <span class='ocrx_word' id='word_1_221' title='bbox 3032 1713 3127 1767; x_wconf 78' lang='lat' dir='ltr'><strong>spe</strong></span> <span class='ocrx_word' id='word_1_222' title='bbox 3179 1697 3368 1751; x_wconf 82' lang='lat' dir='ltr'><strong>salutis</strong></span> <span class='ocrx_word' id='word_1_223' title='bbox 3400 1699 3454 1752; x_wconf 91' lang='lat' dir='ltr'><strong>in</strong></span> 
     </span>
    </p>
   </div>
   <div class='ocr_carea' id='block_1_32' title="bbox 1889 1787 3459 1859">
    <p class='ocr_par' dir='ltr' id='par_1_32' title="bbox 1889 1787 3459 1859">
     <span class='ocr_line' id='line_1_32' title="bbox 1889 1787 3459 1859; baseline 0.001 -19"><span class='ocrx_word' id='word_1_224' title='bbox 1889 1797 2160 1854; x_wconf 82' lang='lat' dir='ltr'><strong>posterum</strong></span> <span class='ocrx_word' id='word_1_225' title='bbox 2198 1789 2430 1856; x_wconf 80' lang='lat' dir='ltr'><strong>objecta,</strong></span> <span class='ocrx_word' id='word_1_226' title='bbox 2461 1789 2856 1859; x_wconf 82' lang='lat' dir='ltr'><strong>quinquaginta</strong></span> <span class='ocrx_word' id='word_1_227' title='bbox 2887 1789 3172 1843; x_wconf 79' lang='lat' dir='ltr'><strong>dracltmas</strong></span> <span class='ocrx_word' id='word_1_228' title='bbox 3195 1787 3459 1842; x_wconf 84' lang='lat' dir='ltr'><strong>militibus</strong></span> 
     </span>
    </p>
   </div>
   <div class='ocr_carea' id='block_1_33' title="bbox 1891 1876 3458 1947">
    <p class='ocr_par' dir='ltr' id='par_1_33' title="bbox 1891 1876 3458 1947">
     <span class='ocr_line' id='line_1_33' title="bbox 1891 1876 3458 1947; baseline 0.004 -20"><span class='ocrx_word' id='word_1_229' title='bbox 1891 1876 2093 1929; x_wconf 78' lang='lat' dir='ltr'><strong>viritim</strong></span> <span class='ocrx_word' id='word_1_230' title='bbox 2126 1917 2139 1938; x_wconf 86' lang='lat'><strong>,</strong></span> <span class='ocrx_word' id='word_1_231' title='bbox 2174 1879 2397 1932; x_wconf 90' lang='lat' dir='ltr'><strong>ducibus</strong></span> <span class='ocrx_word' id='word_1_232' title='bbox 2442 1893 2572 1932; x_wconf 89' lang='lat' dir='ltr'><strong>vero</strong></span> <span class='ocrx_word' id='word_1_233' title='bbox 2618 1888 2673 1933; x_wconf 89' lang='lat' dir='ltr'><strong>et</strong></span> <span class='ocrx_word' id='word_1_234' title='bbox 2717 1877 2911 1932; x_wconf 87' lang='lat' dir='ltr'><strong>amicis</strong></span> <span class='ocrx_word' id='word_1_235' title='bbox 2939 1894 3189 1946; x_wconf 81' lang='lat' dir='ltr'><strong>magnam</strong></span> <span class='ocrx_word' id='word_1_236' title='bbox 3219 1878 3458 1947; x_wconf 65' lang='lat' dir='ltr'><strong>pecunia</strong></span> 
     </span>
    </p>
   </div>
   <div class='ocr_carea' id='block_1_34' title="bbox 245 1953 1789 2048">
    <p class='ocr_par' dir='ltr' id='par_1_34' title="bbox 245 1953 1788 2048">
     <span class='ocr_line' id='line_1_34' title="bbox 245 1953 1788 2048; baseline 0.009 -32"><span class='ocrx_word' id='word_1_237' title='bbox 245 1965 380 2036; x_wconf 83' lang='grc' dir='ltr'>μίτου</span> <span class='ocrx_word' id='word_1_238' title='bbox 425 1967 676 2038; x_wconf 79' lang='grc' dir='ltr'>πράξεως</span> <span class='ocrx_word' id='word_1_239' title='bbox 711 1970 844 2042; x_wconf 66' lang='grc'><strong>(25).</strong></span> <span class='ocrx_word' id='word_1_240' title='bbox 891 1972 1030 2035; x_wconf 81' lang='grc' dir='ltr'>Τοὺς</span> <span class='ocrx_word' id='word_1_241' title='bbox 1064 1973 1170 2044; x_wconf 82' lang='grc' dir='ltr'>γὰρ</span> <span class='ocrx_word' id='word_1_242' title='bbox 1214 1973 1305 2041; x_wconf 65' lang='grc' dir='ltr'><strong>ἀφ’</strong></span> <span class='ocrx_word' id='word_1_243' title='bbox 1329 1953 1562 2046; x_wconf 70' lang='grc' dir='ltr'>ἑκάστης</span> <span class='ocrx_word' id='word_1_244' title='bbox 1596 1953 1788 2048; x_wconf 86' lang='grc' dir='ltr'>κώμης</span> 
     </span>
    </p>
   </div>
   <div class='ocr_carea' id='block_1_35' title="bbox 1890 1953 3458 2048">
    <p class='ocr_par' dir='ltr' id='par_1_35' title="bbox 1890 1969 3458 2038">
     <span class='ocr_line' id='line_1_35' title="bbox 1890 1969 3458 2038; baseline 0.003 -19"><span class='ocrx_word' id='word_1_245' title='bbox 1890 1969 1997 2022; x_wconf 92' lang='lat' dir='ltr'><strong>vim</strong></span> <span class='ocrx_word' id='word_1_246' title='bbox 2045 1969 2291 2022; x_wconf 85' lang='lat' dir='ltr'><strong>distribui</strong></span> <span class='ocrx_word' id='word_1_247' title='bbox 2339 1969 2523 2038; x_wconf 84' lang='lat' dir='ltr'><strong>jussit.</strong></span> <span class='ocrx_word' id='word_1_248' title='bbox 2573 1969 2702 2025; x_wconf 87' lang='lat' dir='ltr'><strong>Inde</strong></span> <span class='ocrx_word' id='word_1_249' title='bbox 2756 1969 3156 2025; x_wconf 87' lang='lat' dir='ltr'><strong>llieriehnntcm</strong></span> <span class='ocrx_word' id='word_1_250' title='bbox 3209 1985 3458 2025; x_wconf 84' lang='lat' dir='ltr'><strong>reversus</strong></span> 
     </span>
    </p>
   </div>
   <div class='ocr_carea' id='block_1_36' title="bbox 242 2058 1790 2134">
    <p class='ocr_par' dir='ltr' id='par_1_36' title="bbox 242 2058 1790 2134">
     <span class='ocr_line' id='line_1_36' title="bbox 242 2058 1790 2134; baseline 0.008 -27"><span class='ocrx_word' id='word_1_251' title='bbox 242 2058 515 2127; x_wconf 70' lang='grc' dir='ltr'>ἐπισήμους</span> <span class='ocrx_word' id='word_1_252' title='bbox 555 2060 752 2131; x_wconf 82' lang='grc' dir='ltr'>ἄνδρας</span> <span class='ocrx_word' id='word_1_253' title='bbox 785 2061 844 2125; x_wconf 82' lang='grc' dir='ltr'>ἐξ</span> <span class='ocrx_word' id='word_1_254' title='bbox 877 2062 1005 2131; x_wconf 82' lang='grc' dir='ltr'>ὅλης</span> <span class='ocrx_word' id='word_1_255' title='bbox 1048 2063 1308 2128; x_wconf 80' lang='grc' dir='ltr'>Ἰουδαίας</span> <span class='ocrx_word' id='word_1_256' title='bbox 1335 2064 1675 2134; x_wconf 82' lang='grc' dir='ltr'>συναγαγὼν,</span> <span class='ocrx_word' id='word_1_257' title='bbox 1712 2070 1790 2130; x_wconf 79' lang='grc' dir='ltr'>εἰς</span> 
     </span>
    </p>
   </div>
   <div class='ocr_carea' id='block_1_37' title="bbox 241 2148 1786 2228">
    <p class='ocr_par' dir='ltr' id='par_1_37' title="bbox 241 2148 1786 2228">
     <span class='ocr_line' id='line_1_37' title="bbox 241 2148 1786 2228; baseline 0.008 -29"><span class='ocrx_word' id='word_1_258' title='bbox 241 2149 316 2200; x_wconf 70' lang='grc' dir='ltr'>τὸν</span> <span class='ocrx_word' id='word_1_259' title='bbox 366 2148 691 2220; x_wconf 82' lang='grc' dir='ltr'>καλούμενον</span> <span class='ocrx_word' id='word_1_260' title='bbox 754 2153 1086 2225; x_wconf 75' lang='grc' dir='ltr'>ἱππόδρομον</span> <span class='ocrx_word' id='word_1_261' title='bbox 1139 2155 1392 2209; x_wconf 82' lang='grc' dir='ltr'>ἐκέλευσε</span> <span class='ocrx_word' id='word_1_262' title='bbox 1453 2158 1786 2228; x_wconf 81' lang='grc' dir='ltr'>συγκλεῖσαι.</span> 
     </span>
    </p>
   </div>
   <div class='ocr_carea' id='block_1_38' title="bbox 241 2238 1789 2318">
    <p class='ocr_par' dir='ltr' id='par_1_38' title="bbox 241 2238 1789 2318">
     <span class='ocr_line' id='line_1_38' title="bbox 241 2238 1789 2318; baseline 0.007 -27"><span class='ocrx_word' id='word_1_263' title='bbox 241 2238 732 2312; x_wconf 80' lang='grc' dir='ltr'>Προσκαλεσάμενος</span> <span class='ocrx_word' id='word_1_264' title='bbox 763 2241 817 2297; x_wconf 81' lang='grc' dir='ltr'><strong>δὲ</strong></span> <span class='ocrx_word' id='word_1_265' title='bbox 850 2245 1116 2318; x_wconf 82' lang='grc' dir='ltr'>Σαλώμην</span> <span class='ocrx_word' id='word_1_266' title='bbox 1155 2247 1254 2318; x_wconf 81' lang='grc' dir='ltr'><strong>τὴν</strong></span> <span class='ocrx_word' id='word_1_267' title='bbox 1287 2247 1521 2318; x_wconf 80' lang='grc' dir='ltr'>ἀδελφὴν</span> <span class='ocrx_word' id='word_1_268' title='bbox 1564 2249 1657 2302; x_wconf 78' lang='grc' dir='ltr'><strong>καὶ</strong></span> <span class='ocrx_word' id='word_1_269' title='bbox 1699 2250 1789 2302; x_wconf 76' lang='grc' dir='ltr'>τὸν</span> 
     </span>
    </p>
   </div>
   <div class='ocr_carea' id='block_1_39' title="bbox 239 2332 1788 2411">
    <p class='ocr_par' dir='ltr' id='par_1_39' title="bbox 239 2332 1788 2411">
     <span class='ocr_line' id='line_1_39' title="bbox 239 2332 1788 2411; baseline 0.005 -27"><span class='ocrx_word' id='word_1_270' title='bbox 239 2332 383 2403; x_wconf 71' lang='grc' dir='ltr'>ἀνδρα</span> <span class='ocrx_word' id='word_1_271' title='bbox 398 2335 600 2404; x_wconf 85' lang='grc' dir='ltr'>ταύτης</span> <span class='ocrx_word' id='word_1_272' title='bbox 621 2335 980 2408; x_wconf 58' lang='grc' dir='ltr'>Ἀλέξανδρον</span> <span class='ocrx_word' id='word_1_273' title='bbox 1009 2356 1026 2388; x_wconf 82' lang='grc' dir='ltr'><strong>ι</strong></span> <span class='ocrx_word' id='word_1_274' title='bbox 1046 2334 1194 2401; x_wconf 83' lang='grc' dir='ltr'>Οἶδα,</span> <span class='ocrx_word' id='word_1_275' title='bbox 1235 2338 1358 2411; x_wconf 72' lang='grc' dir='ltr'>ἔφη,</span> <span class='ocrx_word' id='word_1_276' title='bbox 1394 2339 1675 2402; x_wconf 79' lang='grc' dir='ltr'>Ἰουδαίους</span> <span class='ocrx_word' id='word_1_277' title='bbox 1701 2341 1788 2393; x_wconf 68' lang='grc' dir='ltr'>τὸν</span> 
     </span>
    </p>
   </div>
   <div class='ocr_carea' id='block_1_40' title="bbox 239 2423 1789 2502">
    <p class='ocr_par' dir='ltr' id='par_1_40' title="bbox 239 2423 1789 2502">
     <span class='ocr_line' id='line_1_40' title="bbox 239 2423 1789 2502; baseline 0.007 -28"><span class='ocrx_word' id='word_1_278' title='bbox 239 2423 351 2492; x_wconf 74' lang='grc' dir='ltr'>ἐμὸν</span> <span class='ocrx_word' id='word_1_279' title='bbox 382 2425 738 2496; x_wconf 79' lang='grc' dir='ltr'>ἑορτάσοντας</span> <span class='ocrx_word' id='word_1_280' title='bbox 791 2428 1040 2483; x_wconf 86' lang='grc' dir='ltr'>θάνατον.</span> <span class='ocrx_word' id='word_1_281' title='bbox 1101 2429 1345 2502; x_wconf 79' lang='grc' dir='ltr'>Δύναμαι</span> <span class='ocrx_word' id='word_1_282' title='bbox 1397 2432 1451 2486; x_wconf 76' lang='grc' dir='ltr'><strong>δὲ</strong></span> <span class='ocrx_word' id='word_1_283' title='bbox 1483 2432 1789 2486; x_wconf 71' lang='grc' dir='ltr'>πενθεῖσθαι</span> 
     </span>
    </p>
   </div>
   <div class='ocr_carea' id='block_1_41' title="bbox 239 2516 1816 2596">
    <p class='ocr_par' dir='ltr' id='par_1_41' title="bbox 239 2516 1816 2596">
     <span class='ocr_line' id='line_1_41' title="bbox 239 2516 1816 2596; baseline 0.006 -28"><span class='ocrx_word' id='word_1_284' title='bbox 239 2516 504 2590; x_wconf 79' lang='grc' dir='ltr'>δι’έτέρων</span> <span class='ocrx_word' id='word_1_285' title='bbox 544 2522 635 2572; x_wconf 74' lang='grc' dir='ltr'>καὶ</span> <span class='ocrx_word' id='word_1_286' title='bbox 665 2521 915 2593; x_wconf 82' lang='grc' dir='ltr'>λαμπρὸν</span> <span class='ocrx_word' id='word_1_287' title='bbox 965 2523 1248 2594; x_wconf 69' lang='grc' dir='ltr'>ἐπιτάφιον</span> <span class='ocrx_word' id='word_1_288' title='bbox 1291 2529 1456 2596; x_wconf 88' lang='grc' dir='ltr'>σχεῖν,</span> <span class='ocrx_word' id='word_1_289' title='bbox 1516 2526 1582 2580; x_wconf 86' lang='grc' dir='ltr'><strong>ἂν</strong></span> <span class='ocrx_word' id='word_1_290' title='bbox 1633 2527 1816 2596; x_wconf 81' lang='grc' dir='ltr'>ὑμεῖς’</span> 
     </span>
    </p>
   </div>
   <div class='ocr_carea' id='block_1_42' title="bbox 238 2608 1788 2690">
    <p class='ocr_par' dir='ltr' id='par_1_42' title="bbox 238 2608 1788 2690">
     <span class='ocr_line' id='line_1_42' title="bbox 238 2608 1788 2690; baseline 0.006 -30"><span class='ocrx_word' id='word_1_291' title='bbox 238 2608 503 2682; x_wconf 71' lang='grc' dir='ltr'>ἐθελήσητε</span> <span class='ocrx_word' id='word_1_292' title='bbox 533 2617 651 2677; x_wconf 78' lang='grc' dir='ltr'>ταῖς</span> <span class='ocrx_word' id='word_1_293' title='bbox 690 2616 847 2685; x_wconf 81' lang='grc' dir='ltr'>ἐμαῖς</span> <span class='ocrx_word' id='word_1_294' title='bbox 883 2616 1123 2679; x_wconf 82' lang='grc' dir='ltr'>ἐντολαῖς</span> <span class='ocrx_word' id='word_1_295' title='bbox 1171 2617 1531 2690; x_wconf 73' lang='grc' dir='ltr'>ὑπουργῆσαι,</span> <span class='ocrx_word' id='word_1_296' title='bbox 1591 2615 1788 2671; x_wconf 88' lang='grc' dir='ltr'>Τούσδε</span> 
     </span>
    </p>
   </div>
   <div class='ocr_carea' id='block_1_43' title="bbox 239 2700 1784 2779">
    <p class='ocr_par' dir='ltr' id='par_1_43' title="bbox 239 2700 1784 2779">
     <span class='ocr_line' id='line_1_43' title="bbox 239 2700 1784 2779; baseline 0.007 -27"><span class='ocrx_word' id='word_1_297' title='bbox 239 2700 345 2765; x_wconf 76' lang='grc' dir='ltr'>τοὺς</span> <span class='ocrx_word' id='word_1_298' title='bbox 403 2707 840 2776; x_wconf 71' lang='grc' dir='ltr'>φρουρουμένους</span> <span class='ocrx_word' id='word_1_299' title='bbox 896 2708 1133 2779; x_wconf 81' lang='grc' dir='ltr'>ἄνδρας,</span> <span class='ocrx_word' id='word_1_300' title='bbox 1199 2709 1416 2763; x_wconf 78' lang='grc' dir='ltr'>ἐπειδὰν</span> <span class='ocrx_word' id='word_1_301' title='bbox 1469 2709 1784 2774; x_wconf 83' lang='grc' dir='ltr'>ἐκπνεύσω,</span> 
     </span>
    </p>
   </div>
   <div class='ocr_carea' id='block_1_44' title="bbox 238 2792 1786 2871">
    <p class='ocr_par' dir='ltr' id='par_1_44' title="bbox 238 2792 1786 2871">
     <span class='ocr_line' id='line_1_44' title="bbox 238 2792 1786 2871; baseline 0.005 -26"><span class='ocrx_word' id='word_1_302' title='bbox 238 2792 441 2862; x_wconf 57' lang='grc' dir='ltr'>τάκιστα</span> <span class='ocrx_word' id='word_1_303' title='bbox 476 2793 727 2851; x_wconf 82' lang='grc' dir='ltr'>κτείνατε</span> <span class='ocrx_word' id='word_1_304' title='bbox 783 2801 1210 2870; x_wconf 81' lang='grc' dir='ltr'>περιστήσαντες</span> <span class='ocrx_word' id='word_1_305' title='bbox 1259 2801 1383 2866; x_wconf 71' lang='grc' dir='ltr'>τοὺς</span> <span class='ocrx_word' id='word_1_306' title='bbox 1435 2799 1786 2871; x_wconf 86' lang='grc' dir='ltr'>στρατιώτας,</span> 
     </span>
    </p>
   </div>
   <div class='ocr_carea' id='block_1_45' title="bbox 241 2884 1790 2965">
    <p class='ocr_par' dir='ltr' id='par_1_45' title="bbox 241 2884 1790 2965">
     <span class='ocr_line' id='line_1_45' title="bbox 241 2884 1790 2965; baseline 0.006 -29"><span class='ocrx_word' id='word_1_307' title='bbox 241 2884 314 2937; x_wconf 83' lang='grc' dir='ltr'><strong>ἵνα</strong></span> <span class='ocrx_word' id='word_1_308' title='bbox 340 2890 480 2941; x_wconf 76' lang='grc' dir='ltr'>πᾶσα</span> <span class='ocrx_word' id='word_1_309' title='bbox 505 2891 539 2960; x_wconf 81' lang='grc' dir='ltr'>ἡ</span> <span class='ocrx_word' id='word_1_310' title='bbox 574 2890 804 2944; x_wconf 81' lang='grc' dir='ltr'>Ἰουδαία</span> <span class='ocrx_word' id='word_1_311' title='bbox 823 2891 916 2944; x_wconf 69' lang='grc' dir='ltr'><strong>καὶ</strong></span> <span class='ocrx_word' id='word_1_312' title='bbox 947 2894 1052 2956; x_wconf 76' lang='grc' dir='ltr'>πᾶς</span> <span class='ocrx_word' id='word_1_313' title='bbox 1081 2889 1246 2956; x_wconf 82' lang='grc' dir='ltr'>οἶκος,</span> <span class='ocrx_word' id='word_1_314' title='bbox 1281 2895 1374 2946; x_wconf 68' lang='grc' dir='ltr'><strong>καὶ</strong></span> <span class='ocrx_word' id='word_1_315' title='bbox 1404 2893 1550 2948; x_wconf 83' lang='grc' dir='ltr'>ἄκων</span> <span class='ocrx_word' id='word_1_316' title='bbox 1569 2894 1790 2965; x_wconf 79' lang='grc' dir='ltr'>ἐπ’ὲμοὶ</span> 
     </span>
    </p>
   </div>
   <div class='ocr_carea' id='block_1_46' title="bbox 238 2976 1792 3056">
    <p class='ocr_par' dir='ltr' id='par_1_46' title="bbox 238 2976 1792 3056">
     <span class='ocr_line' id='line_1_46' title="bbox 238 2976 1792 3056; baseline 0.006 -27"><span class='ocrx_word' id='word_1_317' title='bbox 238 2976 475 3050; x_wconf 80' lang='grc' dir='ltr'>δακρύσῃ.</span> <span class='ocrx_word' id='word_1_318' title='bbox 508 2999 526 3030; x_wconf 73' lang='grc' dir='ltr'><strong>ι</strong></span> <span class='ocrx_word' id='word_1_319' title='bbox 572 2981 681 3033; x_wconf 74' lang='grc' dir='ltr'><strong>Καὶ</strong></span> <span class='ocrx_word' id='word_1_320' title='bbox 715 2981 854 3051; x_wconf 83' lang='grc' dir='ltr'><strong>μετά</strong></span> <span class='ocrx_word' id='word_1_321' title='bbox 889 2982 1092 3056; x_wconf 81' lang='grc' dir='ltr'>βραχέα</span> <span class='ocrx_word' id='word_1_322' title='bbox 1121 2984 1300 3053; x_wconf 72' lang='grc' dir='ltr'>φησίν·</span> <span class='ocrx_word' id='word_1_323' title='bbox 1335 3004 1352 3034; x_wconf 78' lang='grc' dir='ltr'><strong>ι</strong></span> <span class='ocrx_word' id='word_1_324' title='bbox 1390 2980 1554 3047; x_wconf 81' lang='grc' dir='ltr'>Αὖθις</span> <span class='ocrx_word' id='word_1_325' title='bbox 1589 2983 1664 3044; x_wconf 83' lang='grc' dir='ltr'><strong>δὲ,</strong></span> <span class='ocrx_word' id='word_1_326' title='bbox 1699 2981 1792 3038; x_wconf 68' lang='grc' dir='ltr'><strong>καὶ</strong></span> 
     </span>
    </p>
   </div>
   <div class='ocr_carea' id='block_1_47' title="bbox 241 3071 1787 3149">
    <p class='ocr_par' dir='ltr' id='par_1_47' title="bbox 241 3071 1787 3149">
     <span class='ocr_line' id='line_1_47' title="bbox 241 3071 1787 3149; baseline 0.004 -26"><span class='ocrx_word' id='word_1_327' title='bbox 241 3071 332 3143; x_wconf 68' lang='grc' dir='ltr'>γὰρ</span> <span class='ocrx_word' id='word_1_328' title='bbox 369 3073 540 3145; x_wconf 76' lang='grc' dir='ltr'>ἐνδείᾳ</span> <span class='ocrx_word' id='word_1_329' title='bbox 587 3075 792 3146; x_wconf 69' lang='grc' dir='ltr'>τροφῆς</span> <span class='ocrx_word' id='word_1_330' title='bbox 829 3077 923 3129; x_wconf 74' lang='grc' dir='ltr'><strong>καὶ</strong></span> <span class='ocrx_word' id='word_1_331' title='bbox 958 3075 1084 3149; x_wconf 72' lang='grc' dir='ltr'>βηχὶ</span> <span class='ocrx_word' id='word_1_332' title='bbox 1121 3075 1434 3148; x_wconf 74' lang='grc' dir='ltr'>σπασμώδει</span> <span class='ocrx_word' id='word_1_333' title='bbox 1484 3076 1787 3139; x_wconf 83' lang='grc' dir='ltr'>διετείνετο.</span> 
     </span>
    </p>
   </div>
   <div class='ocr_carea' id='block_1_48' title="bbox 238 3162 1790 3240">
    <p class='ocr_par' dir='ltr' id='par_1_48' title="bbox 238 3162 1790 3240">
     <span class='ocr_line' id='line_1_48' title="bbox 238 3162 1790 3240; baseline 0.006 -27"><span class='ocrx_word' id='word_1_334' title='bbox 238 3162 331 3215; x_wconf 79' lang='grc' dir='ltr'>τῶν</span> <span class='ocrx_word' id='word_1_335' title='bbox 361 3164 665 3236; x_wconf 67' lang='grc' dir='ltr'>ἀλγηδόνων</span> <span class='ocrx_word' id='word_1_336' title='bbox 698 3165 985 3238; x_wconf 63' lang='grc' dir='ltr'>ἡττηθεὶς,</span> <span class='ocrx_word' id='word_1_337' title='bbox 1044 3169 1245 3237; x_wconf 80' lang='grc' dir='ltr'>φθάσαι</span> <span class='ocrx_word' id='word_1_338' title='bbox 1301 3168 1398 3240; x_wconf 82' lang='grc' dir='ltr'>τὴν</span> <span class='ocrx_word' id='word_1_339' title='bbox 1450 3169 1790 3240; x_wconf 87' lang='grc' dir='ltr'>εἱμαρμένην</span> 
     </span>
    </p>
   </div>
   <div class='ocr_carea' id='block_1_49' title="bbox 241 3251 1789 3330">
    <p class='ocr_par' dir='ltr' id='par_1_49' title="bbox 241 3251 1789 3330">
     <span class='ocr_line' id='line_1_49' title="bbox 241 3251 1789 3330; baseline 0.006 -27"><span class='ocrx_word' id='word_1_340' title='bbox 241 3252 528 3307; x_wconf 77' lang='grc' dir='ltr'>ἐπεϐάλετο.</span> <span class='ocrx_word' id='word_1_341' title='bbox 575 3251 770 3308; x_wconf 72' lang='grc' dir='ltr'>Λαϐὼν</span> <span class='ocrx_word' id='word_1_342' title='bbox 791 3256 848 3309; x_wconf 79' lang='grc' dir='ltr'>δὲ</span> <span class='ocrx_word' id='word_1_343' title='bbox 891 3257 1058 3328; x_wconf 76' lang='grc' dir='ltr'>μῆλον</span> <span class='ocrx_word' id='word_1_344' title='bbox 1087 3258 1218 3328; x_wconf 74' lang='grc'><strong>(26).</strong></span> <span class='ocrx_word' id='word_1_345' title='bbox 1268 3257 1435 3328; x_wconf 78' lang='grc' dir='ltr'>ᾔτησε</span> <span class='ocrx_word' id='word_1_346' title='bbox 1467 3258 1560 3311; x_wconf 60' lang='grc' dir='ltr'><strong>καὶ¹</strong></span> <span class='ocrx_word' id='word_1_347' title='bbox 1589 3257 1789 3330; x_wconf 84' lang='grc' dir='ltr'>μαχαί-</span> 
     </span>
    </p>
   </div>
   <div class='ocr_carea' id='block_1_50' title="bbox 243 3345 1790 3421">
    <p class='ocr_par' dir='ltr' id='par_1_50' title="bbox 243 3345 1790 3421">
     <span class='ocr_line' id='line_1_50' title="bbox 243 3345 1790 3421; baseline 0.004 -25"><span class='ocrx_word' id='word_1_348' title='bbox 243 3357 356 3415; x_wconf 80' lang='grc' dir='ltr'>ριον,</span> <span class='ocrx_word' id='word_1_349' title='bbox 391 3345 568 3398; x_wconf 80' lang='grc' dir='ltr'>εἰώθει</span> <span class='ocrx_word' id='word_1_350' title='bbox 615 3346 723 3417; x_wconf 74' lang='grc' dir='ltr'>γὰρ</span> <span class='ocrx_word' id='word_1_351' title='bbox 755 3347 1072 3416; x_wconf 81' lang='grc' dir='ltr'>ἀποτέμνων</span> <span class='ocrx_word' id='word_1_352' title='bbox 1114 3347 1332 3410; x_wconf 86' lang='grc' dir='ltr'>ἐσθίειν,</span> <span class='ocrx_word' id='word_1_353' title='bbox 1369 3348 1558 3402; x_wconf 78' lang='grc' dir='ltr'>ἔπειτα</span> <span class='ocrx_word' id='word_1_354' title='bbox 1599 3366 1790 3421; x_wconf 83' lang='grc' dir='ltr'>περια-</span> 
     </span>
    </p>
   </div>
   <div class='ocr_carea' id='block_1_51' title="bbox 239 3435 1789 3513">
    <p class='ocr_par' dir='ltr' id='par_1_51' title="bbox 239 3435 1789 3513">
     <span class='ocr_line' id='line_1_51' title="bbox 239 3435 1789 3513; baseline 0.003 -26"><span class='ocrx_word' id='word_1_355' title='bbox 239 3435 421 3506; x_wconf 49' lang='lat' dir='ltr'><strong>Opi-‘31;</strong></span> <span class='ocrx_word' id='word_1_356' title='bbox 457 3436 528 3508; x_wconf 91' lang='grc' dir='ltr'>μή</span> <span class='ocrx_word' id='word_1_357' title='bbox 559 3451 644 3501; x_wconf 83' lang='grc' dir='ltr'><strong>τις</strong></span> <span class='ocrx_word' id='word_1_358' title='bbox 667 3439 695 3490; x_wconf 85' lang='grc' dir='ltr'><strong>ὁ</strong></span> <span class='ocrx_word' id='word_1_359' title='bbox 718 3438 940 3492; x_wconf 84' lang='grc' dir='ltr'>κωλύων</span> <span class='ocrx_word' id='word_1_360' title='bbox 963 3440 1120 3492; x_wconf 79' lang='grc' dir='ltr'>αὐτὸν</span> <span class='ocrx_word' id='word_1_361' title='bbox 1152 3442 1256 3512; x_wconf 87' lang='grc' dir='ltr'>εῖη,</span> <span class='ocrx_word' id='word_1_362' title='bbox 1283 3441 1456 3513; x_wconf 76' lang='grc' dir='ltr'>ἐπῆρε</span> <span class='ocrx_word' id='word_1_363' title='bbox 1479 3441 1577 3512; x_wconf 81' lang='grc' dir='ltr'><strong>τὴν</strong></span> <span class='ocrx_word' id='word_1_364' title='bbox 1611 3441 1789 3508; x_wconf 82' lang='grc' dir='ltr'>δεξιὰν</span> 
     </span>
    </p>
   </div>
   <div class='ocr_carea' id='block_1_52' title="bbox 238 3525 1794 3603">
    <p class='ocr_par' dir='ltr' id='par_1_52' title="bbox 238 3525 1794 3603">
     <span class='ocr_line' id='line_1_52' title="bbox 238 3525 1794 3603; baseline 0.006 -27"><span class='ocrx_word' id='word_1_365' title='bbox 238 3525 309 3590; x_wconf 75' lang='grc' dir='ltr'><strong>ὡς·</strong></span> <span class='ocrx_word' id='word_1_366' title='bbox 325 3525 535 3598; x_wconf 76' lang='grc' dir='ltr'>πλήξων</span> <span class='ocrx_word' id='word_1_367' title='bbox 565 3526 777 3581; x_wconf 81' lang='grc' dir='ltr'>ἑαυτόν.</span> <span class='ocrx_word' id='word_1_368' title='bbox 817 3546 835 3578; x_wconf 74' lang='grc' dir='ltr'><strong>ι</strong></span> <span class='ocrx_word' id='word_1_369' title='bbox 881 3525 1001 3581; x_wconf 76' lang='grc' dir='ltr'>Ἐπὶ</span> <span class='ocrx_word' id='word_1_370' title='bbox 1028 3530 1085 3583; x_wconf 82' lang='grc' dir='ltr'><strong>δὲ</strong></span> <span class='ocrx_word' id='word_1_371' title='bbox 1113 3530 1319 3594; x_wconf 77' lang='grc' dir='ltr'>τούτοις</span> <span class='ocrx_word' id='word_1_372' title='bbox 1338 3535 1366 3584; x_wconf 85' lang='grc' dir='ltr'>ὁ</span> <span class='ocrx_word' id='word_1_373' title='bbox 1398 3532 1560 3595; x_wconf 80' lang='grc' dir='ltr'>αὐτὸς</span> <span class='ocrx_word' id='word_1_374' title='bbox 1594 3533 1794 3603; x_wconf 83' lang='grc' dir='ltr'>ἱστορεῖ</span> 
     </span>
    </p>
   </div>
   <div class='ocr_carea' id='block_1_53' title="bbox 239 3616 1791 3694">
    <p class='ocr_par' dir='ltr' id='par_1_53' title="bbox 239 3616 1791 3694">
     <span class='ocr_line' id='line_1_53' title="bbox 239 3616 1791 3694; baseline 0.008 -30"><span class='ocrx_word' id='word_1_375' title='bbox 239 3616 590 3684; x_wconf 62' lang='grc' dir='ltr'>συγγραφεὺς,</span> <span class='ocrx_word' id='word_1_376' title='bbox 651 3617 838 3688; x_wconf 78' lang='grc' dir='ltr'>ἕτερον</span> <span class='ocrx_word' id='word_1_377' title='bbox 870 3618 1034 3671; x_wconf 77' lang='grc' dir='ltr'>αὐτοῦ</span> <span class='ocrx_word' id='word_1_378' title='bbox 1075 3621 1296 3688; x_wconf 78' lang='grc' dir='ltr'>γνήσιον</span> <span class='ocrx_word' id='word_1_379' title='bbox 1341 3622 1506 3674; x_wconf 80' lang='grc' dir='ltr'>παῖδα</span> <span class='ocrx_word' id='word_1_380' title='bbox 1558 3622 1664 3694; x_wconf 76' lang='grc' dir='ltr'><strong>πρὸ</strong></span> <span class='ocrx_word' id='word_1_381' title='bbox 1693 3623 1791 3694; x_wconf 82' lang='grc' dir='ltr'>τῆς</span> 
     </span>
    </p>
   </div>
   <div class='ocr_carea' id='block_1_54' title="bbox 239 3703 1787 3786">
    <p class='ocr_par' dir='ltr' id='par_1_54' title="bbox 239 3703 1787 3786">
     <span class='ocr_line' id='line_1_54' title="bbox 239 3703 1787 3786; baseline 0.006 -30"><span class='ocrx_word' id='word_1_382' title='bbox 239 3703 447 3776; x_wconf 76' lang='grc' dir='ltr'>ἐσχάτης</span> <span class='ocrx_word' id='word_1_383' title='bbox 489 3707 585 3760; x_wconf 78' lang='grc' dir='ltr'>τοῦ</span> <span class='ocrx_word' id='word_1_384' title='bbox 632 3707 745 3778; x_wconf 79' lang='grc' dir='ltr'>βίου</span> <span class='ocrx_word' id='word_1_385' title='bbox 792 3709 1066 3780; x_wconf 81' lang='grc' dir='ltr'>τελευτῆς,</span> <span class='ocrx_word' id='word_1_386' title='bbox 1111 3711 1288 3783; x_wconf 86' lang='grc' dir='ltr'>τρίτον</span> <span class='ocrx_word' id='word_1_387' title='bbox 1335 3713 1425 3765; x_wconf 73' lang='grc' dir='ltr'><strong>ἐπὶ</strong></span> <span class='ocrx_word' id='word_1_388' title='bbox 1486 3713 1636 3765; x_wconf 74' lang='grc' dir='ltr'>δυσὶν</span> <span class='ocrx_word' id='word_1_389' title='bbox 1688 3714 1787 3786; x_wconf 74' lang='grc' dir='ltr'>ἠδη</span> 
     </span>
    </p>
   </div>
   <div class='ocr_carea' id='block_1_55' title="bbox 238 3799 1789 3875">
    <p class='ocr_par' dir='ltr' id='par_1_55' title="bbox 238 3799 1789 3875">
     <span class='ocr_line' id='line_1_55' title="bbox 238 3799 1789 3875; baseline 0.01 -28"><span class='ocrx_word' id='word_1_390' title='bbox 238 3799 689 3870; x_wconf 74' lang='grc' dir='ltr'>προανῃρημένοις</span> <span class='ocrx_word' id='word_1_391' title='bbox 718 3800 787 3853; x_wconf 86' lang='grc' dir='ltr'>δι’</span> <span class='ocrx_word' id='word_1_392' title='bbox 811 3801 1111 3865; x_wconf 80' lang='grc' dir='ltr'>ἐπιτάξεως</span> <span class='ocrx_word' id='word_1_393' title='bbox 1145 3802 1420 3866; x_wconf 81' lang='grc' dir='ltr'>ἀνελόντα,</span> <span class='ocrx_word' id='word_1_394' title='bbox 1454 3804 1789 3875; x_wconf 80' lang='grc' dir='ltr'>παραχρῆμα</span> 
     </span>
    </p>
   </div>
   <div class='ocr_carea' id='block_1_56' title="bbox 235 3885 1790 3964">
    <p class='ocr_par' dir='ltr' id='par_1_56' title="bbox 235 3885 1790 3964">
     <span class='ocr_line' id='line_1_56' title="bbox 235 3885 1790 3964; baseline 0.007 -28"><span class='ocrx_word' id='word_1_395' title='bbox 235 3885 320 3955; x_wconf 76' lang='grc' dir='ltr'>τὴν</span> <span class='ocrx_word' id='word_1_396' title='bbox 342 3885 478 3959; x_wconf 76' lang='grc' dir='ltr'>ζωὴν</span> <span class='ocrx_word' id='word_1_397' title='bbox 502 3890 564 3941; x_wconf 85' lang='grc' dir='ltr'><strong>ού</strong></span> <span class='ocrx_word' id='word_1_398' title='bbox 590 3889 725 3960; x_wconf 86' lang='grc' dir='ltr'><strong>μετά</strong></span> <span class='ocrx_word' id='word_1_399' title='bbox 748 3889 992 3962; x_wconf 82' lang='grc' dir='ltr'>σμικρῶν</span> <span class='ocrx_word' id='word_1_400' title='bbox 1012 3890 1314 3961; x_wconf 81' lang='grc' dir='ltr'>ἀλγηδόνων</span> <span class='ocrx_word' id='word_1_401' title='bbox 1335 3890 1656 3964; x_wconf 69' lang='grc' dir='ltr'>ἀπορρῆξαι.</span> <span class='ocrx_word' id='word_1_402' title='bbox 1679 3892 1790 3947; x_wconf 71' lang='grc' dir='ltr'>Καὶ</span> 
     </span>
    </p>
   </div>
   <div class='ocr_carea' id='block_1_57' title="bbox 237 3965 1788 4054">
    <p class='ocr_par' dir='ltr' id='par_1_57' title="bbox 237 3965 1788 4054">
     <span class='ocr_line' id='line_1_57' title="bbox 237 3965 1788 4054; baseline 0.005 -26"><span class='ocrx_word' id='word_1_403' title='bbox 237 3978 423 4032; x_wconf 71' lang='grc' dir='ltr'>τοιοῦτο</span> <span class='ocrx_word' id='word_1_404' title='bbox 447 3981 550 4050; x_wconf 77' lang='grc' dir='ltr'>μὲν</span> <span class='ocrx_word' id='word_1_405' title='bbox 587 3981 646 4033; x_wconf 86' lang='grc' dir='ltr'><strong>τὸ</strong></span> <span class='ocrx_word' id='word_1_406' title='bbox 696 3982 870 4052; x_wconf 83' lang='grc' dir='ltr'>πέρας</span> <span class='ocrx_word' id='word_1_407' title='bbox 901 3983 1003 4052; x_wconf 82' lang='grc' dir='ltr'><strong>τῆς</strong></span> <span class='ocrx_word' id='word_1_408' title='bbox 1041 3979 1278 4054; x_wconf 85' lang='grc' dir='ltr'>Ἡρώδου</span> <span class='ocrx_word' id='word_1_409' title='bbox 1301 3983 1485 4051; x_wconf 81' lang='grc' dir='ltr'>γέγονε</span> <span class='ocrx_word' id='word_1_410' title='bbox 1512 3965 1788 4054; x_wconf 60' lang='grc' dir='ltr'>τελευτῆς,</span> 
     </span>
    </p>
   </div>
   <div class='ocr_carea' id='block_1_58' title="bbox 237 4068 1790 4146">
    <p class='ocr_par' dir='ltr' id='par_1_58' title="bbox 237 4068 1790 4146">
     <span class='ocr_line' id='line_1_58' title="bbox 237 4068 1790 4146; baseline 0.005 -28"><span class='ocrx_word' id='word_1_411' title='bbox 237 4068 405 4139; x_wconf 74' lang='grc' dir='ltr'>ποινὴν</span> <span class='ocrx_word' id='word_1_412' title='bbox 440 4069 656 4124; x_wconf 86' lang='grc' dir='ltr'>δικαίαν</span> <span class='ocrx_word' id='word_1_413' title='bbox 706 4071 1020 4136; x_wconf 85' lang='grc' dir='ltr'>ἐκτίσαντος</span> <span class='ocrx_word' id='word_1_414' title='bbox 1076 4068 1149 4126; x_wconf 82' lang='grc' dir='ltr'>ὧν</span> <span class='ocrx_word' id='word_1_415' title='bbox 1202 4074 1346 4144; x_wconf 67' lang='grc' dir='ltr'>ἀμφὶ</span> <span class='ocrx_word' id='word_1_416' title='bbox 1388 4074 1485 4146; x_wconf 82' lang='grc' dir='ltr'><strong>τὴν</strong></span> <span class='ocrx_word' id='word_1_417' title='bbox 1541 4073 1790 4145; x_wconf 85' lang='grc' dir='ltr'>Βηθλεὲμ</span> 
     </span>
    </p>
   </div>
   <div class='ocr_carea' id='block_1_59' title="bbox 236 4159 1788 4238">
    <p class='ocr_par' dir='ltr' id='par_1_59' title="bbox 236 4159 1788 4238">
     <span class='ocr_line' id='line_1_59' title="bbox 236 4159 1788 4238; baseline 0.003 -26"><span class='ocrx_word' id='word_1_418' title='bbox 236 4159 391 4214; x_wconf 64' lang='grc' dir='ltr'>ἀνεῖλε</span> <span class='ocrx_word' id='word_1_419' title='bbox 439 4162 664 4225; x_wconf 85' lang='grc' dir='ltr'>παίδων,</span> <span class='ocrx_word' id='word_1_420' title='bbox 719 4165 817 4234; x_wconf 83' lang='grc' dir='ltr'>τῆς</span> <span class='ocrx_word' id='word_1_421' title='bbox 852 4164 944 4216; x_wconf 79' lang='grc' dir='ltr'><strong>τού</strong></span> <span class='ocrx_word' id='word_1_422' title='bbox 987 4165 1237 4238; x_wconf 81' lang='grc' dir='ltr'>Σωτῆρος</span> <span class='ocrx_word' id='word_1_423' title='bbox 1287 4165 1442 4236; x_wconf 80' lang='grc' dir='ltr'>ἡμῶν</span> <span class='ocrx_word' id='word_1_424' title='bbox 1497 4165 1788 4235; x_wconf 74' lang='grc' dir='ltr'>ἐπιϐουλῆς</span> 
     </span>
    </p>
   </div>
   <div class='ocr_carea' id='block_1_60' title="bbox 237 4250 1786 4327">
    <p class='ocr_par' dir='ltr' id='par_1_60' title="bbox 237 4250 1786 4327">
     <span class='ocr_line' id='line_1_60' title="bbox 237 4250 1786 4327; baseline 0.004 -24"><span class='ocrx_word' id='word_1_425' title='bbox 237 4250 398 4306; x_wconf 71' lang='grc' dir='ltr'>ἕνεκα.</span> <span class='ocrx_word' id='word_1_426' title='bbox 442 4254 581 4307; x_wconf 82' lang='grc' dir='ltr'>Μεθ’</span> <span class='ocrx_word' id='word_1_427' title='bbox 616 4255 682 4326; x_wconf 78' lang='grc' dir='ltr'>ἢν</span> <span class='ocrx_word' id='word_1_428' title='bbox 734 4255 963 4324; x_wconf 76' lang='grc' dir='ltr'>ἄγγελος</span> <span class='ocrx_word' id='word_1_429' title='bbox 995 4255 1128 4327; x_wconf 81' lang='grc' dir='ltr'>ὄναρ</span> <span class='ocrx_word' id='word_1_430' title='bbox 1176 4257 1402 4320; x_wconf 84' lang='grc' dir='ltr'>ἐπιστὰς</span> <span class='ocrx_word' id='word_1_431' title='bbox 1433 4258 1488 4309; x_wconf 84' lang='grc' dir='ltr'><strong>ἐν</strong></span> <span class='ocrx_word' id='word_1_432' title='bbox 1526 4256 1786 4326; x_wconf 71' lang='grc' dir='ltr'>Αἰγύπτῳ</span> 
     </span>
    </p>
   </div>
   <div class='ocr_carea' id='block_1_61' title="bbox 235 4340 1784 4420">
    <p class='ocr_par' dir='ltr' id='par_1_61' title="bbox 235 4340 1784 4420">
     <span class='ocr_line' id='line_1_61' title="bbox 235 4340 1784 4420; baseline 0.005 -28"><span class='ocrx_word' id='word_1_433' title='bbox 235 4340 537 4414; x_wconf 78' lang='grc' dir='ltr'>διατρίϐοντι</span> <span class='ocrx_word' id='word_1_434' title='bbox 566 4345 644 4415; x_wconf 84' lang='grc' dir='ltr'>τῷ</span> <span class='ocrx_word' id='word_1_435' title='bbox 686 4347 903 4416; x_wconf 78' lang='grc' dir='ltr'>Ἰωσὴφ,</span> <span class='ocrx_word' id='word_1_436' title='bbox 929 4348 1136 4419; x_wconf 79' lang='grc' dir='ltr'>ἀπᾶραι</span> <span class='ocrx_word' id='word_1_437' title='bbox 1171 4347 1286 4418; x_wconf 73' lang='grc' dir='ltr'><strong>ἅμα</strong></span> <span class='ocrx_word' id='word_1_438' title='bbox 1317 4347 1393 4419; x_wconf 76' lang='grc' dir='ltr'>τῷ</span> <span class='ocrx_word' id='word_1_439' title='bbox 1416 4349 1564 4402; x_wconf 79' lang='grc' dir='ltr'>παιδὶ</span> <span class='ocrx_word' id='word_1_440' title='bbox 1598 4349 1692 4400; x_wconf 65' lang='grc' dir='ltr'><strong>καὶ</strong></span> <span class='ocrx_word' id='word_1_441' title='bbox 1721 4351 1784 4420; x_wconf 85' lang='grc' dir='ltr'>τῇ</span> 
     </span>
    </p>
   </div>
   <div class='ocr_carea' id='block_1_62' title="bbox 236 4435 1784 4512">
    <p class='ocr_par' dir='ltr' id='par_1_62' title="bbox 236 4435 1784 4512">
     <span class='ocr_line' id='line_1_62' title="bbox 236 4435 1784 4512; baseline 0.005 -27"><span class='ocrx_word' id='word_1_442' title='bbox 236 4435 403 4489; x_wconf 84' lang='grc' dir='ltr'>τούτου</span> <span class='ocrx_word' id='word_1_443' title='bbox 460 4440 628 4510; x_wconf 75' lang='grc' dir='ltr'>μητρὶ</span> <span class='ocrx_word' id='word_1_444' title='bbox 690 4439 782 4491; x_wconf 79' lang='grc' dir='ltr'>ἐπὶ</span> <span class='ocrx_word' id='word_1_445' title='bbox 833 4441 933 4510; x_wconf 80' lang='grc' dir='ltr'><strong>τὴν</strong></span> <span class='ocrx_word' id='word_1_446' title='bbox 1001 4440 1260 4494; x_wconf 86' lang='grc' dir='ltr'>Ἰουδαίαν</span> <span class='ocrx_word' id='word_1_447' title='bbox 1316 4440 1784 4512; x_wconf 80' lang='grc' dir='ltr'>παρακελεύεται,</span> 
     </span>
    </p>
   </div>
   <div class='ocr_carea' id='block_1_63' title="bbox 234 4524 1785 4603">
    <p class='ocr_par' dir='ltr' id='par_1_63' title="bbox 234 4524 1785 4603">
     <span class='ocr_line' id='line_1_63' title="bbox 234 4524 1785 4603; baseline 0.006 -29"><span class='ocrx_word' id='word_1_448' title='bbox 234 4524 528 4596; x_wconf 85' lang='grc' dir='ltr'>τεθνηκέναι</span> <span class='ocrx_word' id='word_1_449' title='bbox 553 4528 725 4598; x_wconf 85' lang='grc' dir='ltr'>δηλῶν</span> <span class='ocrx_word' id='word_1_450' title='bbox 762 4531 887 4593; x_wconf 78' lang='grc' dir='ltr'>τοὺς</span> <span class='ocrx_word' id='word_1_451' title='bbox 920 4531 1316 4603; x_wconf 76' lang='grc' dir='ltr'>ἀναζητοῦντας</span> <span class='ocrx_word' id='word_1_452' title='bbox 1343 4531 1440 4602; x_wconf 79' lang='grc' dir='ltr'><strong>τὴν</strong></span> <span class='ocrx_word' id='word_1_453' title='bbox 1465 4531 1640 4602; x_wconf 74' lang='grc' dir='ltr'>ψυχὴν</span> <span class='ocrx_word' id='word_1_454' title='bbox 1692 4531 1785 4585; x_wconf 77' lang='grc' dir='ltr'>τοῦ</span> 
     </span>
    </p>
   </div>
   <div class='ocr_carea' id='block_1_64' title="bbox 1891 2061 3458 2131">
    <p class='ocr_par' dir='ltr' id='par_1_64' title="bbox 1891 2061 3458 2131">
     <span class='ocr_line' id='line_1_64' title="bbox 1891 2061 3458 2131; baseline 0.002 -18"><span class='ocrx_word' id='word_1_455' title='bbox 1891 2074 1992 2125; x_wconf 88' lang='lat' dir='ltr'><strong>cst,</strong></span> <span class='ocrx_word' id='word_1_456' title='bbox 2016 2061 2238 2129; x_wconf 81' lang='lat' dir='ltr'><strong>jamque</strong></span> <span class='ocrx_word' id='word_1_457' title='bbox 2274 2071 2391 2114; x_wconf 91' lang='lat' dir='ltr'><strong>atra</strong></span> <span class='ocrx_word' id='word_1_458' title='bbox 2430 2062 2536 2116; x_wconf 88' lang='lat' dir='ltr'><strong>bile</strong></span> <span class='ocrx_word' id='word_1_459' title='bbox 2562 2071 2861 2130; x_wconf 88' lang='lat' dir='ltr'><strong>correptus,</strong></span> <span class='ocrx_word' id='word_1_460' title='bbox 2897 2072 2952 2116; x_wconf 90' lang='lat' dir='ltr'><strong>et</strong></span> <span class='ocrx_word' id='word_1_461' title='bbox 2977 2061 3075 2131; x_wconf 89' lang='lat' dir='ltr'><strong>ipsi</strong></span> <span class='ocrx_word' id='word_1_462' title='bbox 3103 2063 3458 2131; x_wconf 89' lang='lat' dir='ltr'><strong>quodammo-</strong></span> 
     </span>
    </p>
   </div>
   <div class='ocr_carea' id='block_1_65' title="bbox 1890 2152 3457 2222">
    <p class='ocr_par' dir='ltr' id='par_1_65' title="bbox 1890 2152 3457 2222">
     <span class='ocr_line' id='line_1_65' title="bbox 1890 2152 3457 2222; baseline 0.001 -16"><span class='ocrx_word' id='word_1_463' title='bbox 1890 2153 1956 2206; x_wconf 89' lang='lat' dir='ltr'><strong>do</strong></span> <span class='ocrx_word' id='word_1_464' title='bbox 1987 2152 2143 2206; x_wconf 87' lang='lat' dir='ltr'><strong>morti</strong></span> <span class='ocrx_word' id='word_1_465' title='bbox 2191 2152 2452 2205; x_wconf 81' lang='lat' dir='ltr'><strong>minitans</strong></span> <span class='ocrx_word' id='word_1_466' title='bbox 2477 2192 2491 2219; x_wconf 95' lang='lat'><strong>,</strong></span> <span class='ocrx_word' id='word_1_467' title='bbox 2531 2154 2865 2207; x_wconf 85' lang='lat' dir='ltr'><strong>teterrimum</strong></span> <span class='ocrx_word' id='word_1_468' title='bbox 2900 2152 3110 2207; x_wconf 79' lang='lat' dir='ltr'><strong>facinus</strong></span> <span class='ocrx_word' id='word_1_469' title='bbox 3145 2161 3457 2222; x_wconf 86' lang='lat' dir='ltr'><strong>perpetrare</strong></span> 
     </span>
    </p>
   </div>
   <div class='ocr_carea' id='block_1_66' title="bbox 1890 2243 3457 2314">
    <p class='ocr_par' dir='ltr' id='par_1_66' title="bbox 1890 2243 3457 2314">
     <span class='ocr_line' id='line_1_66' title="bbox 1890 2243 3457 2314; baseline 0.003 -18"><span class='ocrx_word' id='word_1_470' title='bbox 1890 2245 2091 2298; x_wconf 79' lang='lat' dir='ltr'><strong>statuit.</strong></span> <span class='ocrx_word' id='word_1_471' title='bbox 2135 2244 2344 2297; x_wconf 80' lang='lat' dir='ltr'><strong>Etenim</strong></span> <span class='ocrx_word' id='word_1_472' title='bbox 2371 2244 2771 2298; x_wconf 82' lang='lat' dir='ltr'><strong>illustrissimos</strong></span> <span class='ocrx_word' id='word_1_473' title='bbox 2788 2259 3034 2314; x_wconf 84' lang='lat' dir='ltr'><strong>quosque</strong></span> <span class='ocrx_word' id='word_1_474' title='bbox 3063 2244 3229 2299; x_wconf 88' lang='lat' dir='ltr'><strong>totius</strong></span> <span class='ocrx_word' id='word_1_475' title='bbox 3261 2243 3457 2299; x_wconf 68' lang='lat' dir='ltr'><strong>Judwtc</strong></span> 
     </span>
    </p>
   </div>
   <div class='ocr_carea' id='block_1_67' title="bbox 1890 2333 3457 2406">
    <p class='ocr_par' dir='ltr' id='par_1_67' title="bbox 1890 2333 3457 2406">
     <span class='ocr_line' id='line_1_67' title="bbox 1890 2333 3457 2406; baseline 0.001 -20"><span class='ocrx_word' id='word_1_476' title='bbox 1890 2337 2034 2388; x_wconf 81' lang='lat' dir='ltr'><strong>viros</strong></span> <span class='ocrx_word' id='word_1_477' title='bbox 2079 2350 2145 2388; x_wconf 70' lang='lat' dir='ltr'><strong>ex</strong></span> <span class='ocrx_word' id='word_1_478' title='bbox 2199 2335 2422 2406; x_wconf 73' lang='lat' dir='ltr'><strong>singulis</strong></span> <span class='ocrx_word' id='word_1_479' title='bbox 2457 2336 2593 2390; x_wconf 91' lang='lat' dir='ltr'><strong>vicis</strong></span> <span class='ocrx_word' id='word_1_480' title='bbox 2647 2335 2901 2389; x_wconf 73' lang='lat' dir='ltr'><strong>collectos</strong></span> <span class='ocrx_word' id='word_1_481' title='bbox 2931 2376 2946 2397; x_wconf 88' lang='lat'><strong>,</strong></span> <span class='ocrx_word' id='word_1_482' title='bbox 2993 2335 3045 2388; x_wconf 93' lang='lat' dir='ltr'><strong>in</strong></span> <span class='ocrx_word' id='word_1_483' title='bbox 3095 2333 3457 2404; x_wconf 78' lang='lat' dir='ltr'><strong>Hippodromo</strong></span> 
     </span>
    </p>
   </div>
   <div class='ocr_carea' id='block_1_68' title="bbox 1889 2423 3455 2495">
    <p class='ocr_par' dir='ltr' id='par_1_68' title="bbox 1889 2423 3455 2495">
     <span class='ocr_line' id='line_1_68' title="bbox 1889 2423 3455 2495; baseline 0 -16"><span class='ocrx_word' id='word_1_484' title='bbox 1889 2426 2130 2480; x_wconf 88' lang='lat' dir='ltr'><strong>concludi</strong></span> <span class='ocrx_word' id='word_1_485' title='bbox 2179 2426 2458 2495; x_wconf 69' lang='lat' dir='ltr'><strong>prmcepit.</strong></span> <span class='ocrx_word' id='word_1_486' title='bbox 2485 2425 2621 2479; x_wconf 89' lang='lat' dir='ltr'><strong>Tum</strong></span> <span class='ocrx_word' id='word_1_487' title='bbox 2666 2425 2930 2479; x_wconf 83' lang='lat' dir='ltr'><strong>accersita</strong></span> <span class='ocrx_word' id='word_1_488' title='bbox 2966 2423 3455 2493; x_wconf 83' lang='lat' dir='ltr'><strong>Salomeviroque</strong></span> 
     </span>
    </p>
   </div>
   <div class='ocr_carea' id='block_1_69' title="bbox 1889 2515 3455 2588">
    <p class='ocr_par' dir='ltr' id='par_1_69' title="bbox 1889 2515 3455 2588">
     <span class='ocr_line' id='line_1_69' title="bbox 1889 2515 3455 2588; baseline 0.001 -18"><span class='ocrx_word' id='word_1_489' title='bbox 1889 2517 2004 2588; x_wconf 80' lang='lat' dir='ltr'><strong>ejus</strong></span> <span class='ocrx_word' id='word_1_490' title='bbox 2032 2519 2338 2572; x_wconf 80' lang='lat' dir='ltr'><strong>Alexandro</strong></span> <span class='ocrx_word' id='word_1_491' title='bbox 2366 2536 2378 2572; x_wconf 74' lang='grc' dir='ltr'>ε</span> <span class='ocrx_word' id='word_1_492' title='bbox 2422 2535 2441 2568; x_wconf 75' lang='grc' dir='ltr'><strong>ε</strong></span> <span class='ocrx_word' id='word_1_493' title='bbox 2473 2517 2606 2572; x_wconf 80' lang='lat' dir='ltr'><strong>Novi</strong></span> <span class='ocrx_word' id='word_1_494' title='bbox 2635 2556 2652 2580; x_wconf 87' lang='lat'><strong>,</strong></span> <span class='ocrx_word' id='word_1_495' title='bbox 2686 2518 2878 2588; x_wconf 83' lang='lat' dir='ltr'><strong>inquit,</strong></span> <span class='ocrx_word' id='word_1_496' title='bbox 2901 2515 3114 2572; x_wconf 69' lang='lat' dir='ltr'><strong>Judazos</strong></span> <span class='ocrx_word' id='word_1_497' title='bbox 3139 2526 3312 2570; x_wconf 88' lang='lat' dir='ltr'><strong>morte</strong></span> <span class='ocrx_word' id='word_1_498' title='bbox 3338 2533 3455 2571; x_wconf 82' lang='lat' dir='ltr'><strong>mea</strong></span> 
     </span>
    </p>
   </div>
   <div class='ocr_carea' id='block_1_70' title="bbox 1887 2609 3458 2682">
    <p class='ocr_par' dir='ltr' id='par_1_70' title="bbox 1887 2609 3458 2682">
     <span class='ocr_line' id='line_1_70' title="bbox 1887 2609 3458 2682; baseline -0.001 -17"><span class='ocrx_word' id='word_1_499' title='bbox 1887 2611 2273 2666; x_wconf 73' lang='lat' dir='ltr'><strong>exsultaturos.</strong></span> <span class='ocrx_word' id='word_1_500' title='bbox 2305 2612 2408 2666; x_wconf 85' lang='lat' dir='ltr'><strong>Sed</strong></span> <span class='ocrx_word' id='word_1_501' title='bbox 2439 2611 2607 2682; x_wconf 81' lang='lat' dir='ltr'><strong>lugeri</strong></span> <span class='ocrx_word' id='word_1_502' title='bbox 2644 2611 2872 2665; x_wconf 81' lang='lat' dir='ltr'><strong>aliorum</strong></span> <span class='ocrx_word' id='word_1_503' title='bbox 2901 2625 3088 2675; x_wconf 85' lang='lat' dir='ltr'><strong>causa,</strong></span> <span class='ocrx_word' id='word_1_504' title='bbox 3135 2620 3192 2665; x_wconf 90' lang='lat' dir='ltr'><strong>et</strong></span> <span class='ocrx_word' id='word_1_505' title='bbox 3226 2609 3458 2664; x_wconf 86' lang='lat' dir='ltr'><strong>illustres</strong></span> 
     </span>
    </p>
   </div>
   <div class='ocr_carea' id='block_1_71' title="bbox 1889 2703 3456 2772">
    <p class='ocr_par' dir='ltr' id='par_1_71' title="bbox 1889 2703 3456 2772">
     <span class='ocr_line' id='line_1_71' title="bbox 1889 2703 3456 2772; baseline -0.001 -16"><span class='ocrx_word' id='word_1_506' title='bbox 1889 2704 2173 2772; x_wconf 80' lang='lat' dir='ltr'><strong>exsequias</strong></span> <span class='ocrx_word' id='word_1_507' title='bbox 2208 2704 2468 2772; x_wconf 83' lang='lat' dir='ltr'><strong>consequi</strong></span> <span class='ocrx_word' id='word_1_508' title='bbox 2503 2719 2724 2771; x_wconf 91' lang='lat' dir='ltr'><strong>possum</strong></span> <span class='ocrx_word' id='word_1_509' title='bbox 2753 2744 2768 2768; x_wconf 90' lang='lat'><strong>,</strong></span> <span class='ocrx_word' id='word_1_510' title='bbox 2805 2704 3100 2758; x_wconf 90' lang='lat' dir='ltr'><strong>dummodo</strong></span> <span class='ocrx_word' id='word_1_511' title='bbox 3131 2703 3267 2757; x_wconf 88' lang='lat' dir='ltr'><strong>meis</strong></span> <span class='ocrx_word' id='word_1_512' title='bbox 3299 2717 3456 2754; x_wconf 85' lang='lat' dir='ltr'><strong>man-</strong></span> 
     </span>
    </p>
   </div>
   <div class='ocr_carea' id='block_1_72' title="bbox 1890 2795 3458 2867">
    <p class='ocr_par' dir='ltr' id='par_1_72' title="bbox 1890 2795 3458 2867">
     <span class='ocr_line' id='line_1_72' title="bbox 1890 2795 3458 2867; baseline 0.001 -20"><span class='ocrx_word' id='word_1_513' title='bbox 1890 2795 2028 2850; x_wconf 85' lang='lat' dir='ltr'><strong>datis</strong></span> <span class='ocrx_word' id='word_1_514' title='bbox 2044 2797 2268 2867; x_wconf 87' lang='lat' dir='ltr'><strong>obscqui</strong></span> <span class='ocrx_word' id='word_1_515' title='bbox 2301 2797 2501 2854; x_wconf 79' lang='lat' dir='ltr'><strong>velitis.</strong></span> <span class='ocrx_word' id='word_1_516' title='bbox 2541 2797 2648 2853; x_wconf 88' lang='lat' dir='ltr'><strong>Hos</strong></span> <span class='ocrx_word' id='word_1_517' title='bbox 2675 2798 2823 2852; x_wconf 89' lang='lat' dir='ltr'><strong>viros</strong></span> <span class='ocrx_word' id='word_1_518' title='bbox 2851 2810 2989 2866; x_wconf 90' lang='lat' dir='ltr'><strong>quos</strong></span> <span class='ocrx_word' id='word_1_519' title='bbox 3019 2796 3275 2850; x_wconf 68' lang='lat' dir='ltr'><strong>custodia:</strong></span> <span class='ocrx_word' id='word_1_520' title='bbox 3303 2809 3458 2848; x_wconf 87' lang='lat' dir='ltr'><strong>man-</strong></span> 
     </span>
    </p>
   </div>
   <div class='ocr_carea' id='block_1_73' title="bbox 1890 2885 3458 2959">
    <p class='ocr_par' dir='ltr' id='par_1_73' title="bbox 1890 2885 3458 2959">
     <span class='ocr_line' id='line_1_73' title="bbox 1890 2885 3458 2959; baseline 0.001 -18"><span class='ocrx_word' id='word_1_521' title='bbox 1890 2886 2014 2941; x_wconf 80' lang='lat' dir='ltr'><strong>davi</strong></span> <span class='ocrx_word' id='word_1_522' title='bbox 2043 2929 2058 2952; x_wconf 87' lang='lat'><strong>,</strong></span> <span class='ocrx_word' id='word_1_523' title='bbox 2110 2889 2270 2943; x_wconf 90' lang='lat' dir='ltr'><strong>simul</strong></span> <span class='ocrx_word' id='word_1_524' title='bbox 2321 2900 2484 2959; x_wconf 82' lang='lat' dir='ltr'><strong>atque</strong></span> <span class='ocrx_word' id='word_1_525' title='bbox 2531 2890 2769 2944; x_wconf 91' lang='lat' dir='ltr'><strong>animam</strong></span> <span class='ocrx_word' id='word_1_526' title='bbox 2823 2887 3152 2942; x_wconf 80' lang='lat' dir='ltr'><strong>exbalavero</strong></span> <span class='ocrx_word' id='word_1_527' title='bbox 3197 2885 3458 2942; x_wconf 83' lang='lat' dir='ltr'><strong>militibus</strong></span> 
     </span>
    </p>
   </div>
   <div class='ocr_carea' id='block_1_74' title="bbox 1890 2976 3456 3048">
    <p class='ocr_par' dir='ltr' id='par_1_74' title="bbox 1890 2976 3456 3048">
     <span class='ocr_line' id='line_1_74' title="bbox 1890 2976 3456 3048; baseline -0.003 -11"><span class='ocrx_word' id='word_1_528' title='bbox 1890 2981 2274 3044; x_wconf 90' lang='lat' dir='ltr'><strong>circumdatos,</strong></span> <span class='ocrx_word' id='word_1_529' title='bbox 2310 2996 2499 3038; x_wconf 87' lang='lat' dir='ltr'><strong>omnes</strong></span> <span class='ocrx_word' id='word_1_530' title='bbox 2532 2980 2960 3048; x_wconf 83' lang='lat' dir='ltr'><strong>interﬁcite,quo</strong></span> <span class='ocrx_word' id='word_1_531' title='bbox 2986 2989 3042 3034; x_wconf 87' lang='lat' dir='ltr'><strong>et</strong></span> <span class='ocrx_word' id='word_1_532' title='bbox 3077 2979 3332 3032; x_wconf 86' lang='lat' dir='ltr'><strong>universa</strong></span> <span class='ocrx_word' id='word_1_533' title='bbox 3360 2976 3456 3033; x_wconf 81' lang='lat' dir='ltr'><strong>Ju-</strong></span> 
     </span>
    </p>
   </div>
   <div class='ocr_carea' id='block_1_75' title="bbox 1891 3071 3460 3142">
    <p class='ocr_par' dir='ltr' id='par_1_75' title="bbox 1891 3071 3460 3142">
     <span class='ocr_line' id='line_1_75' title="bbox 1891 3071 3460 3142; baseline -0.003 -15"><span class='ocrx_word' id='word_1_534' title='bbox 1891 3075 2002 3128; x_wconf 69' lang='lat' dir='ltr'><strong>data</strong></span> <span class='ocrx_word' id='word_1_535' title='bbox 2037 3081 2092 3127; x_wconf 90' lang='lat' dir='ltr'><strong>et</strong></span> <span class='ocrx_word' id='word_1_536' title='bbox 2135 3071 2363 3142; x_wconf 73' lang='lat' dir='ltr'><strong>singulae</strong></span> <span class='ocrx_word' id='word_1_537' title='bbox 2393 3073 2585 3128; x_wconf 89' lang='lat' dir='ltr'><strong>domus</strong></span> <span class='ocrx_word' id='word_1_538' title='bbox 2626 3071 2712 3125; x_wconf 82' lang='lat' dir='ltr'><strong>vel</strong></span> <span class='ocrx_word' id='word_1_539' title='bbox 2763 3073 2943 3126; x_wconf 70' lang='lat' dir='ltr'><strong>invita:</strong></span> <span class='ocrx_word' id='word_1_540' title='bbox 2979 3085 3094 3125; x_wconf 82' lang='lat' dir='ltr'><strong>mea</strong></span> <span class='ocrx_word' id='word_1_541' title='bbox 3126 3078 3301 3126; x_wconf 89' lang='lat' dir='ltr'><strong>morte</strong></span> <span class='ocrx_word' id='word_1_542' title='bbox 3342 3071 3460 3123; x_wconf 71' lang='lat' dir='ltr'><strong>illa-</strong></span> 
     </span>
    </p>
   </div>
   <div class='ocr_carea' id='block_1_76' title="bbox 1891 3163 3454 3239">
    <p class='ocr_par' dir='ltr' id='par_1_76' title="bbox 1891 3163 3454 3239">
     <span class='ocr_line' id='line_1_76' title="bbox 1891 3163 3454 3239; baseline -0.004 -16"><span class='ocrx_word' id='word_1_543' title='bbox 1891 3175 2225 3239; x_wconf 84' lang='lat' dir='ltr'><strong>crymentur.</strong></span> <span class='ocrx_word' id='word_1_544' title='bbox 2279 3187 2298 3220; x_wconf 75' lang='grc' dir='ltr'><strong>ι</strong></span> <span class='ocrx_word' id='word_1_545' title='bbox 2333 3167 2398 3221; x_wconf 86' lang='lat' dir='ltr'><strong>Et</strong></span> <span class='ocrx_word' id='word_1_546' title='bbox 2449 3165 2609 3234; x_wconf 90' lang='lat' dir='ltr'><strong>paulo</strong></span> <span class='ocrx_word' id='word_1_547' title='bbox 2659 3172 2780 3234; x_wconf 91' lang='lat' dir='ltr'><strong>post</strong></span> <span class='ocrx_word' id='word_1_548' title='bbox 2812 3179 2827 3217; x_wconf 91' lang='lat'><strong>:</strong></span> <span class='ocrx_word' id='word_1_549' title='bbox 2869 3181 2888 3216; x_wconf 80' lang='grc' dir='ltr'><strong>ι</strong></span> <span class='ocrx_word' id='word_1_550' title='bbox 2945 3163 3153 3218; x_wconf 83' lang='lat' dir='ltr'><strong>Rursus</strong></span> <span class='ocrx_word' id='word_1_551' title='bbox 3180 3200 3196 3228; x_wconf 86' lang='lat'><em>.</em></span> <span class='ocrx_word' id='word_1_552' title='bbox 3234 3163 3454 3232; x_wconf 88' lang='lat' dir='ltr'><strong>inquit.</strong></span> 
     </span>
    </p>
   </div>
   <div class='ocr_carea' id='block_1_77' title="bbox 1892 3253 3450 3327">
    <p class='ocr_par' dir='ltr' id='par_1_77' title="bbox 1892 3253 3450 3327">
     <span class='ocr_line' id='line_1_77' title="bbox 1892 3253 3450 3327; baseline -0.003 -16"><span class='ocrx_word' id='word_1_553' title='bbox 1892 3272 2016 3311; x_wconf 91' lang='lat' dir='ltr'><strong>cum</strong></span> <span class='ocrx_word' id='word_1_554' title='bbox 2045 3257 2238 3327; x_wconf 85' lang='lat' dir='ltr'><strong>partim</strong></span> <span class='ocrx_word' id='word_1_555' title='bbox 2284 3257 2480 3318; x_wconf 89' lang='lat' dir='ltr'><strong>inedia,</strong></span> <span class='ocrx_word' id='word_1_556' title='bbox 2516 3254 2712 3324; x_wconf 88' lang='lat' dir='ltr'><strong>partim</strong></span> <span class='ocrx_word' id='word_1_557' title='bbox 2751 3253 2914 3307; x_wconf 83' lang='lat' dir='ltr'><strong>tussis</strong></span> <span class='ocrx_word' id='word_1_558' title='bbox 2947 3253 3200 3322; x_wconf 71' lang='lat' dir='ltr'><strong>violentia</strong></span> <span class='ocrx_word' id='word_1_559' title='bbox 3232 3253 3450 3306; x_wconf 81' lang='lat' dir='ltr'><strong>crucia-</strong></span> 
     </span>
    </p>
   </div>
   <div class='ocr_carea' id='block_1_78' title="bbox 1894 3345 3454 3414">
    <p class='ocr_par' dir='ltr' id='par_1_78' title="bbox 1894 3345 3454 3414">
     <span class='ocr_line' id='line_1_78' title="bbox 1894 3345 3454 3414; baseline -0.003 -13"><span class='ocrx_word' id='word_1_560' title='bbox 1894 3359 2064 3414; x_wconf 89' lang='lat' dir='ltr'><strong>retur,</strong></span> <span class='ocrx_word' id='word_1_561' title='bbox 2093 3349 2271 3404; x_wconf 91' lang='lat' dir='ltr'><strong>victus</strong></span> <span class='ocrx_word' id='word_1_562' title='bbox 2318 3347 2592 3401; x_wconf 88' lang='lat' dir='ltr'><strong>doloribus</strong></span> <span class='ocrx_word' id='word_1_563' title='bbox 2640 3346 2808 3401; x_wconf 80' lang='lat' dir='ltr'><strong>fatum</strong></span> <span class='ocrx_word' id='word_1_564' title='bbox 2846 3353 3195 3400; x_wconf 76' lang='lat' dir='ltr'><strong>antevenere</strong></span> <span class='ocrx_word' id='word_1_565' title='bbox 3241 3345 3454 3398; x_wconf 82' lang='lat' dir='ltr'><strong>statuit.</strong></span> 
     </span>
    </p>
   </div>
   <div class='ocr_carea' id='block_1_79' title="bbox 1888 3433 3459 3507">
    <p class='ocr_par' dir='ltr' id='par_1_79' title="bbox 1888 3433 3459 3507">
     <span class='ocr_line' id='line_1_79' title="bbox 1888 3433 3459 3507; baseline -0.004 -15"><span class='ocrx_word' id='word_1_566' title='bbox 1888 3434 2117 3507; x_wconf 76' lang='lat' dir='ltr'><strong>Sumpto</strong></span> <span class='ocrx_word' id='word_1_567' title='bbox 2167 3437 2332 3506; x_wconf 75' lang='lat' dir='ltr'><strong>igitur</strong></span> <span class='ocrx_word' id='word_1_568' title='bbox 2378 3451 2537 3504; x_wconf 90' lang='lat' dir='ltr'><strong>pomo</strong></span> <span class='ocrx_word' id='word_1_569' title='bbox 2565 3476 2580 3500; x_wconf 90' lang='lat'><strong>,</strong></span> <span class='ocrx_word' id='word_1_570' title='bbox 2611 3435 2886 3490; x_wconf 88' lang='lat' dir='ltr'><strong>cultellum</strong></span> <span class='ocrx_word' id='word_1_571' title='bbox 2933 3434 3199 3504; x_wconf 86' lang='lat' dir='ltr'><strong>poposcit.</strong></span> <span class='ocrx_word' id='word_1_572' title='bbox 3256 3433 3459 3488; x_wconf 80' lang='lat' dir='ltr'><strong>Solitos</strong></span> 
     </span>
    </p>
   </div>
   <div class='ocr_carea' id='block_1_80' title="bbox 1890 3523 3456 3595">
    <p class='ocr_par' dir='ltr' id='par_1_80' title="bbox 1890 3523 3456 3595">
     <span class='ocr_line' id='line_1_80' title="bbox 1890 3523 3456 3595; baseline -0.002 -15"><span class='ocrx_word' id='word_1_573' title='bbox 1890 3527 2034 3580; x_wconf 84' lang='lat' dir='ltr'><strong>enim</strong></span> <span class='ocrx_word' id='word_1_574' title='bbox 2077 3536 2194 3581; x_wconf 87' lang='lat' dir='ltr'><strong>erat</strong></span> <span class='ocrx_word' id='word_1_575' title='bbox 2230 3541 2390 3595; x_wconf 89' lang='lat' dir='ltr'><strong>poma</strong></span> <span class='ocrx_word' id='word_1_576' title='bbox 2453 3542 2610 3580; x_wconf 89' lang='lat' dir='ltr'><strong>tnauu</strong></span> <span class='ocrx_word' id='word_1_577' title='bbox 2647 3541 2740 3580; x_wconf 83' lang='lat' dir='ltr'><strong>sna</strong></span> <span class='ocrx_word' id='word_1_578' title='bbox 2775 3526 2944 3580; x_wconf 88' lang='lat' dir='ltr'><strong>incisa</strong></span> <span class='ocrx_word' id='word_1_579' title='bbox 2982 3526 3285 3579; x_wconf 87' lang='lat' dir='ltr'><strong>comedere.</strong></span> <span class='ocrx_word' id='word_1_580' title='bbox 3319 3523 3456 3578; x_wconf 88' lang='lat' dir='ltr'><strong>Tum</strong></span> 
     </span>
    </p>
   </div>
   <div class='ocr_carea' id='block_1_81' title="bbox 1891 3616 3456 3688">
    <p class='ocr_par' dir='ltr' id='par_1_81' title="bbox 1891 3616 3456 3688">
     <span class='ocr_line' id='line_1_81' title="bbox 1891 3616 3456 3688; baseline -0.001 -16"><span class='ocrx_word' id='word_1_581' title='bbox 1891 3618 2335 3688; x_wconf 72' lang='lat' dir='ltr'><strong>circumSpiciens</strong></span> <span class='ocrx_word' id='word_1_582' title='bbox 2367 3633 2433 3673; x_wconf 90' lang='lat' dir='ltr'><strong>ne</strong></span> <span class='ocrx_word' id='word_1_583' title='bbox 2462 3617 2583 3688; x_wconf 89' lang='lat' dir='ltr'><strong>quis</strong></span> <span class='ocrx_word' id='word_1_584' title='bbox 2628 3627 2774 3672; x_wconf 89' lang='lat' dir='ltr'><strong>esset</strong></span> <span class='ocrx_word' id='word_1_585' title='bbox 2817 3618 2910 3687; x_wconf 91' lang='lat' dir='ltr'><strong>qui</strong></span> <span class='ocrx_word' id='word_1_586' title='bbox 2962 3616 3268 3686; x_wconf 78' lang='lat' dir='ltr'><strong>impediret,</strong></span> <span class='ocrx_word' id='word_1_587' title='bbox 3336 3626 3456 3670; x_wconf 85' lang='lat' dir='ltr'><strong>tan-</strong></span> 
     </span>
    </p>
   </div>
   <div class='ocr_carea' id='block_1_82' title="bbox 1889 3709 3458 3780">
    <p class='ocr_par' dir='ltr' id='par_1_82' title="bbox 1889 3709 3458 3780">
     <span class='ocr_line' id='line_1_82' title="bbox 1889 3709 3458 3780; baseline 0.001 -19"><span class='ocrx_word' id='word_1_588' title='bbox 1889 3725 2053 3779; x_wconf 83' lang='lat' dir='ltr'><strong>quam</strong></span> <span class='ocrx_word' id='word_1_589' title='bbox 2095 3727 2155 3766; x_wconf 89' lang='lat' dir='ltr'><strong>se</strong></span> <span class='ocrx_word' id='word_1_590' title='bbox 2182 3727 2540 3780; x_wconf 81' lang='lat' dir='ltr'><strong>percussurus</strong></span> <span class='ocrx_word' id='word_1_591' title='bbox 2574 3712 2818 3766; x_wconf 79' lang='lat' dir='ltr'><strong>dextram</strong></span> <span class='ocrx_word' id='word_1_592' title='bbox 2862 3711 3080 3766; x_wconf 90' lang='lat' dir='ltr'><strong>levavit.</strong></span> <span class='ocrx_word' id='word_1_593' title='bbox 3121 3729 3140 3762; x_wconf 80' lang='grc' dir='ltr'><strong>ι</strong></span> <span class='ocrx_word' id='word_1_594' title='bbox 3175 3709 3458 3765; x_wconf 86' lang='lat' dir='ltr'><strong>Postremo</strong></span> 
     </span>
    </p>
   </div>
   <div class='ocr_carea' id='block_1_83' title="bbox 1892 3799 3454 3871">
    <p class='ocr_par' dir='ltr' id='par_1_83' title="bbox 1892 3799 3454 3871">
     <span class='ocr_line' id='line_1_83' title="bbox 1892 3799 3454 3871; baseline 0 -17"><span class='ocrx_word' id='word_1_595' title='bbox 1892 3799 2031 3854; x_wconf 88' lang='lat' dir='ltr'><strong>idem</strong></span> <span class='ocrx_word' id='word_1_596' title='bbox 2057 3801 2290 3870; x_wconf 85' lang='lat' dir='ltr'><strong>scriptor</strong></span> <span class='ocrx_word' id='word_1_597' title='bbox 2319 3811 2529 3868; x_wconf 87' lang='lat' dir='ltr'><strong>narrat,</strong></span> <span class='ocrx_word' id='word_1_598' title='bbox 2559 3816 2664 3870; x_wconf 90' lang='lat' dir='ltr'><strong>quo</strong></span> <span class='ocrx_word' id='word_1_599' title='bbox 2699 3811 2858 3869; x_wconf 90' lang='lat' dir='ltr'><strong>pacto</strong></span> <span class='ocrx_word' id='word_1_600' title='bbox 2884 3801 3044 3871; x_wconf 89' lang='lat' dir='ltr'><strong>paulo</strong></span> <span class='ocrx_word' id='word_1_601' title='bbox 3095 3810 3221 3854; x_wconf 89' lang='lat' dir='ltr'><strong>ante</strong></span> <span class='ocrx_word' id='word_1_602' title='bbox 3249 3803 3454 3856; x_wconf 80' lang='lat' dir='ltr'><strong>exitum</strong></span> 
     </span>
    </p>
   </div>
   <div class='ocr_carea' id='block_1_84' title="bbox 1891 3891 3459 3963">
    <p class='ocr_par' dir='ltr' id='par_1_84' title="bbox 1891 3891 3459 3963">
     <span class='ocr_line' id='line_1_84' title="bbox 1891 3891 3459 3963; baseline 0.001 -20"><span class='ocrx_word' id='word_1_603' title='bbox 1891 3891 2014 3945; x_wconf 65' lang='lat' dir='ltr'><strong>vitae</strong></span> <span class='ocrx_word' id='word_1_604' title='bbox 2040 3897 2319 3962; x_wconf 86' lang='lat' dir='ltr'><strong>proprium</strong></span> <span class='ocrx_word' id='word_1_605' title='bbox 2351 3893 2517 3947; x_wconf 81' lang='lat' dir='ltr'><strong>ﬁlium</strong></span> <span class='ocrx_word' id='word_1_606' title='bbox 2545 3935 2560 3958; x_wconf 92' lang='lat'><strong>,</strong></span> <span class='ocrx_word' id='word_1_607' title='bbox 2597 3902 2719 3963; x_wconf 92' lang='lat' dir='ltr'><strong>post</strong></span> <span class='ocrx_word' id='word_1_608' title='bbox 2747 3896 2881 3948; x_wconf 92' lang='lat' dir='ltr'><strong>duos</strong></span> <span class='ocrx_word' id='word_1_609' title='bbox 2909 3908 3043 3960; x_wconf 90' lang='lat' dir='ltr'><strong>quos</strong></span> <span class='ocrx_word' id='word_1_610' title='bbox 3068 3892 3181 3963; x_wconf 84' lang='lat' dir='ltr'><strong>jam</strong></span> <span class='ocrx_word' id='word_1_611' title='bbox 3211 3904 3334 3947; x_wconf 90' lang='lat' dir='ltr'><strong>ante</strong></span> <span class='ocrx_word' id='word_1_612' title='bbox 3366 3909 3459 3946; x_wconf 75' lang='lat' dir='ltr'><strong>ne-</strong></span> 
     </span>
    </p>
   </div>
   <div class='ocr_carea' id='block_1_85' title="bbox 1891 3983 3456 4054">
    <p class='ocr_par' dir='ltr' id='par_1_85' title="bbox 1891 3983 3456 4054">
     <span class='ocr_line' id='line_1_85' title="bbox 1891 3983 3456 4054; baseline 0 -18"><span class='ocrx_word' id='word_1_613' title='bbox 1891 3993 2130 4048; x_wconf 88' lang='lat' dir='ltr'><strong>caverat,</strong></span> <span class='ocrx_word' id='word_1_614' title='bbox 2164 3985 2326 4053; x_wconf 91' lang='lat' dir='ltr'><strong>impie</strong></span> <span class='ocrx_word' id='word_1_615' title='bbox 2353 3983 2517 4052; x_wconf 90' lang='lat' dir='ltr'><strong>jussit</strong></span> <span class='ocrx_word' id='word_1_616' title='bbox 2560 3986 2764 4050; x_wconf 90' lang='lat' dir='ltr'><strong>occidi,</strong></span> <span class='ocrx_word' id='word_1_617' title='bbox 2799 3994 2960 4054; x_wconf 89' lang='lat' dir='ltr'><strong>atque</strong></span> <span class='ocrx_word' id='word_1_618' title='bbox 3005 3985 3076 4038; x_wconf 90' lang='lat' dir='ltr'><strong>ita</strong></span> <span class='ocrx_word' id='word_1_619' title='bbox 3105 3984 3318 4039; x_wconf 89' lang='lat' dir='ltr'><strong>demum</strong></span> <span class='ocrx_word' id='word_1_620' title='bbox 3350 3999 3456 4038; x_wconf 91' lang='lat' dir='ltr'><strong>non</strong></span> 
     </span>
    </p>
   </div>
   <div class='ocr_carea' id='block_1_86' title="bbox 1889 4067 3458 4146">
    <p class='ocr_par' dir='ltr' id='par_1_86' title="bbox 1889 4067 3458 4146">
     <span class='ocr_line' id='line_1_86' title="bbox 1889 4067 3458 4146; baseline 0.001 -18"><span class='ocrx_word' id='word_1_621' title='bbox 1889 4067 2008 4130; x_wconf 79' lang='lat' dir='ltr'><strong>sine</strong></span> <span class='ocrx_word' id='word_1_622' title='bbox 2042 4075 2294 4128; x_wconf 86' lang='lat' dir='ltr'><strong>maximis</strong></span> <span class='ocrx_word' id='word_1_623' title='bbox 2341 4076 2675 4131; x_wconf 78' lang='lat' dir='ltr'><strong>cruciatibus</strong></span> <span class='ocrx_word' id='word_1_624' title='bbox 2723 4078 2956 4131; x_wconf 88' lang='lat' dir='ltr'><strong>animam</strong></span> <span class='ocrx_word' id='word_1_625' title='bbox 2987 4074 3201 4131; x_wconf 81' lang='lat' dir='ltr'><strong>eﬂlavit.</strong></span> <span class='ocrx_word' id='word_1_626' title='bbox 3257 4076 3458 4146; x_wconf 86' lang='lat' dir='ltr'><strong>Hujus-</strong></span> 
     </span>
    </p>
   </div>
   <div class='ocr_carea' id='block_1_87' title="bbox 1892 4167 3459 4236">
    <p class='ocr_par' dir='ltr' id='par_1_87' title="bbox 1892 4167 3459 4236">
     <span class='ocr_line' id='line_1_87' title="bbox 1892 4167 3459 4236; baseline -0.001 -15"><span class='ocrx_word' id='word_1_627' title='bbox 1892 4168 2035 4222; x_wconf 67' lang='lat' dir='ltr'><strong>nrodi</strong></span> <span class='ocrx_word' id='word_1_628' title='bbox 2092 4169 2298 4221; x_wconf 73' lang='lat' dir='ltr'><strong>exitum</strong></span> <span class='ocrx_word' id='word_1_629' title='bbox 2331 4169 2455 4222; x_wconf 70' lang='lat' dir='ltr'><strong>vitm</strong></span> <span class='ocrx_word' id='word_1_630' title='bbox 2482 4167 2671 4222; x_wconf 83' lang='lat' dir='ltr'><strong>habuit</strong></span> <span class='ocrx_word' id='word_1_631' title='bbox 2704 4168 2979 4232; x_wconf 85' lang='lat' dir='ltr'><strong>Herodes,</strong></span> <span class='ocrx_word' id='word_1_632' title='bbox 3010 4171 3198 4224; x_wconf 88' lang='lat' dir='ltr'><strong>merita</strong></span> <span class='ocrx_word' id='word_1_633' title='bbox 3231 4183 3459 4236; x_wconf 78' lang='lat' dir='ltr'><strong>perpes-</strong></span> 
     </span>
    </p>
   </div>
   <div class='ocr_carea' id='block_1_88' title="bbox 1891 4255 3456 4325">
    <p class='ocr_par' dir='ltr' id='par_1_88' title="bbox 1891 4255 3456 4325">
     <span class='ocr_line' id='line_1_88' title="bbox 1891 4255 3456 4325; baseline -0.001 -15"><span class='ocrx_word' id='word_1_634' title='bbox 1891 4272 1983 4310; x_wconf 87' lang='lat' dir='ltr'><strong>sus</strong></span> <span class='ocrx_word' id='word_1_635' title='bbox 2027 4255 2290 4325; x_wconf 87' lang='lat' dir='ltr'><strong>supplicia</strong></span> <span class='ocrx_word' id='word_1_636' title='bbox 2321 4271 2419 4322; x_wconf 92' lang='lat' dir='ltr'><strong>pro</strong></span> <span class='ocrx_word' id='word_1_637' title='bbox 2467 4255 2673 4310; x_wconf 86' lang='lat' dir='ltr'><strong>scelere</strong></span> <span class='ocrx_word' id='word_1_638' title='bbox 2717 4259 2856 4325; x_wconf 89' lang='lat' dir='ltr'><strong>quod</strong></span> <span class='ocrx_word' id='word_1_639' title='bbox 2904 4257 3166 4312; x_wconf 88' lang='lat' dir='ltr'><strong>adversus</strong></span> <span class='ocrx_word' id='word_1_640' title='bbox 3218 4257 3456 4311; x_wconf 82' lang='lat' dir='ltr'><strong>infantes</strong></span> 
     </span>
    </p>
   </div>
   <div class='ocr_carea' id='block_1_89' title="bbox 1889 4347 3458 4415">
    <p class='ocr_par' dir='ltr' id='par_1_89' title="bbox 1889 4347 3458 4415">
     <span class='ocr_line' id='line_1_89' title="bbox 1889 4347 3458 4415; baseline 0.002 -14"><span class='ocrx_word' id='word_1_641' title='bbox 1889 4347 2310 4402; x_wconf 82' lang='lat' dir='ltr'><strong>Betltlebemitas</strong></span> <span class='ocrx_word' id='word_1_642' title='bbox 2342 4348 2656 4415; x_wconf 88' lang='lat' dir='ltr'><strong>admiserat,</strong></span> <span class='ocrx_word' id='word_1_643' title='bbox 2689 4348 2812 4402; x_wconf 90' lang='lat' dir='ltr'><strong>dum</strong></span> <span class='ocrx_word' id='word_1_644' title='bbox 2851 4350 3130 4404; x_wconf 86' lang='lat' dir='ltr'><strong>Servatori</strong></span> <span class='ocrx_word' id='word_1_645' title='bbox 3164 4359 3351 4404; x_wconf 89' lang='lat' dir='ltr'><strong>nostro</strong></span> <span class='ocrx_word' id='word_1_646' title='bbox 3379 4349 3458 4404; x_wconf 85' lang='lat' dir='ltr'><strong>in-</strong></span> 
     </span>
    </p>
   </div>
   <div class='ocr_carea' id='block_1_90' title="bbox 1890 4437 3458 4509">
    <p class='ocr_par' dir='ltr' id='par_1_90' title="bbox 1890 4437 3458 4509">
     <span class='ocr_line' id='line_1_90' title="bbox 1890 4437 3458 4509; baseline -0.001 -17"><span class='ocrx_word' id='word_1_647' title='bbox 1890 4441 2058 4493; x_wconf 87' lang='lat' dir='ltr'><strong>sidias</strong></span> <span class='ocrx_word' id='word_1_648' title='bbox 2108 4447 2470 4508; x_wconf 88' lang='lat' dir='ltr'><strong>compararet.</strong></span> <span class='ocrx_word' id='word_1_649' title='bbox 2522 4437 2647 4491; x_wconf 87' lang='lat' dir='ltr'><strong>Post</strong></span> <span class='ocrx_word' id='word_1_650' title='bbox 2699 4438 2856 4507; x_wconf 89' lang='lat' dir='ltr'><strong>cujus</strong></span> <span class='ocrx_word' id='word_1_651' title='bbox 2903 4441 3184 4494; x_wconf 88' lang='lat' dir='ltr'><strong>interitum</strong></span> <span class='ocrx_word' id='word_1_652' title='bbox 3235 4439 3458 4509; x_wconf 82' lang='lat' dir='ltr'><strong>angelus</strong></span> 
     </span>
    </p>
   </div>
   <div class='ocr_carea' id='block_1_91' title="bbox 1890 4529 3458 4602">
    <p class='ocr_par' dir='ltr' id='par_1_91' title="bbox 1890 4529 3458 4602">
     <span class='ocr_line' id='line_1_91' title="bbox 1890 4529 3458 4602; baseline -0.001 -16"><span class='ocrx_word' id='word_1_653' title='bbox 1890 4531 2125 4602; x_wconf 83' lang='lat' dir='ltr'><strong>Josepbo</strong></span> <span class='ocrx_word' id='word_1_654' title='bbox 2154 4533 2316 4585; x_wconf 88' lang='lat' dir='ltr'><strong>etiam</strong></span> <span class='ocrx_word' id='word_1_655' title='bbox 2356 4539 2468 4586; x_wconf 92' lang='lat' dir='ltr'><strong>tum</strong></span> <span class='ocrx_word' id='word_1_656' title='bbox 2516 4532 2571 4584; x_wconf 93' lang='lat' dir='ltr'><strong>in</strong></span> <span class='ocrx_word' id='word_1_657' title='bbox 2615 4529 2853 4602; x_wconf 64' lang='lat' dir='ltr'><strong>Egypto</strong></span> <span class='ocrx_word' id='word_1_658' title='bbox 2897 4533 3128 4586; x_wconf 91' lang='lat' dir='ltr'><strong>moranti</strong></span> <span class='ocrx_word' id='word_1_659' title='bbox 3163 4533 3212 4586; x_wconf 89' lang='lat' dir='ltr'><strong>in</strong></span> <span class='ocrx_word' id='word_1_660' title='bbox 3250 4533 3458 4587; x_wconf 79' lang='lat' dir='ltr'><strong>somnis</strong></span> 
     </span>
    </p>
   </div>
   <div class='ocr_carea' id='block_1_92' title="bbox 235 4617 1789 4711">
    <p class='ocr_par' dir='ltr' id='par_1_92' title="bbox 235 4617 1780 4695">
     <span class='ocr_line' id='line_1_92' title="bbox 235 4617 1780 4695; baseline 0.008 -31"><span class='ocrx_word' id='word_1_661' title='bbox 235 4617 446 4672; x_wconf 74' lang='grc' dir='ltr'>παιδίου.</span> <span class='ocrx_word' id='word_1_662' title='bbox 481 4620 704 4683; x_wconf 76' lang='grc' dir='ltr'>Τούτοις</span> <span class='ocrx_word' id='word_1_663' title='bbox 741 4621 785 4675; x_wconf 79' lang='grc' dir='ltr'>δ’</span> <span class='ocrx_word' id='word_1_664' title='bbox 811 4624 838 4675; x_wconf 87' lang='grc' dir='ltr'>ὁ</span> <span class='ocrx_word' id='word_1_665' title='bbox 870 4623 1259 4695; x_wconf 76' lang='grc' dir='ltr'>εὐαγγελιστης</span> <span class='ocrx_word' id='word_1_666' title='bbox 1304 4625 1553 4694; x_wconf 75' lang='grc' dir='ltr'>ἐπιφέρει</span> <span class='ocrx_word' id='word_1_667' title='bbox 1586 4624 1780 4691; x_wconf 79' lang='grc' dir='ltr'>λέγων’</span> 
     </span>
    </p>
   </div>
   <div class='ocr_carea' id='block_1_93' title="bbox 1890 4617 3459 4711">
    <p class='ocr_par' dir='ltr' id='par_1_93' title="bbox 1894 4623 3459 4696">
     <span class='ocr_line' id='line_1_93' title="bbox 1894 4623 3459 4696; baseline 0.001 -19"><span class='ocrx_word' id='word_1_668' title='bbox 1894 4639 2159 4696; x_wconf 85' lang='lat' dir='ltr'><strong>apparens</strong></span> <span class='ocrx_word' id='word_1_669' title='bbox 2186 4663 2201 4688; x_wconf 91' lang='lat'><strong>,</strong></span> <span class='ocrx_word' id='word_1_670' title='bbox 2235 4639 2356 4678; x_wconf 89' lang='lat' dir='ltr'><strong>eum</strong></span> <span class='ocrx_word' id='word_1_671' title='bbox 2404 4626 2455 4678; x_wconf 91' lang='lat' dir='ltr'><strong>in</strong></span> <span class='ocrx_word' id='word_1_672' title='bbox 2506 4623 2744 4680; x_wconf 67' lang='lat' dir='ltr'><strong>Judaeum</strong></span> <span class='ocrx_word' id='word_1_673' title='bbox 2779 4624 2954 4679; x_wconf 87' lang='lat' dir='ltr'><strong>redire</strong></span> <span class='ocrx_word' id='word_1_674' title='bbox 2986 4640 3093 4678; x_wconf 88' lang='lat' dir='ltr'><strong>una</strong></span> <span class='ocrx_word' id='word_1_675' title='bbox 3117 4623 3259 4678; x_wconf 83' lang='lat' dir='ltr'><strong>cum</strong></span> <span class='ocrx_word' id='word_1_676' title='bbox 3292 4639 3459 4694; x_wconf 88' lang='lat' dir='ltr'><strong>puero</strong></span> 
     </span>
    </p>
   </div>
   <div class='ocr_carea' id='block_1_94' title="bbox 239 4710 1784 4785">
    <p class='ocr_par' dir='ltr' id='par_1_94' title="bbox 239 4710 1784 4785">
     <span class='ocr_line' id='line_1_94' title="bbox 239 4710 1784 4785; baseline 0.005 -24"><span class='ocrx_word' id='word_1_677' title='bbox 239 4726 253 4754; x_wconf 80' lang='grc' dir='ltr'><strong>ι</strong></span> <span class='ocrx_word' id='word_1_678' title='bbox 301 4710 552 4775; x_wconf 80' lang='grc' dir='ltr'>Ἀκούσας</span> <span class='ocrx_word' id='word_1_679' title='bbox 577 4712 621 4765; x_wconf 83' lang='grc' dir='ltr'>δ’</span> <span class='ocrx_word' id='word_1_680' title='bbox 647 4713 727 4765; x_wconf 86' lang='grc' dir='ltr'><strong>δτι</strong></span> <span class='ocrx_word' id='word_1_681' title='bbox 775 4714 1061 4785; x_wconf 83' lang='grc' dir='ltr'>Ἀρχέλαος</span> <span class='ocrx_word' id='word_1_682' title='bbox 1084 4714 1350 4785; x_wconf 86' lang='grc' dir='ltr'>βασιλεύει</span> <span class='ocrx_word' id='word_1_683' title='bbox 1388 4715 1486 4784; x_wconf 86' lang='grc' dir='ltr'><strong>τῆς</strong></span> <span class='ocrx_word' id='word_1_684' title='bbox 1529 4715 1784 4779; x_wconf 88' lang='grc' dir='ltr'>Ἰουδαίας</span> 
     </span>
    </p>
   </div>
   <div class='ocr_carea' id='block_1_95' title="bbox 236 4797 1788 4879">
    <p class='ocr_par' dir='ltr' id='par_1_95' title="bbox 236 4797 1788 4879">
     <span class='ocr_line' id='line_1_95' title="bbox 236 4797 1788 4879; baseline 0.008 -30"><span class='ocrx_word' id='word_1_685' title='bbox 236 4797 338 4851; x_wconf 73' lang='grc' dir='ltr'>ἀντὶ</span> <span class='ocrx_word' id='word_1_686' title='bbox 382 4802 616 4873; x_wconf 82' lang='grc' dir='ltr'>Ἡρώδου</span> <span class='ocrx_word' id='word_1_687' title='bbox 647 4804 742 4857; x_wconf 81' lang='grc' dir='ltr'>τοῦ</span> <span class='ocrx_word' id='word_1_688' title='bbox 766 4806 970 4876; x_wconf 84' lang='grc' dir='ltr'>πατρὸς</span> <span class='ocrx_word' id='word_1_689' title='bbox 995 4807 1181 4867; x_wconf 75' lang='grc' dir='ltr'>αὐτοῦ,</span> <span class='ocrx_word' id='word_1_690' title='bbox 1214 4807 1450 4879; x_wconf 65' lang='grc' dir='ltr'>ἐφοϐήθη</span> <span class='ocrx_word' id='word_1_691' title='bbox 1482 4811 1598 4861; x_wconf 86' lang='grc' dir='ltr'>ἐκεῖ</span> <span class='ocrx_word' id='word_1_692' title='bbox 1622 4809 1788 4861; x_wconf 85' lang='grc' dir='ltr'>ἀπελ-</span> 
     </span>
    </p>
   </div>
   <div class='ocr_carea' id='block_1_96' title="bbox 234 4890 1788 4971">
    <p class='ocr_par' dir='ltr' id='par_1_96' title="bbox 234 4890 1788 4971">
     <span class='ocr_line' id='line_1_96' title="bbox 234 4890 1788 4971; baseline 0.009 -30"><span class='ocrx_word' id='word_1_693' title='bbox 234 4890 351 4947; x_wconf 79' lang='grc' dir='ltr'>Θιῖν.</span> <span class='ocrx_word' id='word_1_694' title='bbox 378 4895 782 4967; x_wconf 78' lang='grc' dir='ltr'>Χρημοιτισθεὶς</span> <span class='ocrx_word' id='word_1_695' title='bbox 807 4898 863 4951; x_wconf 81' lang='grc' dir='ltr'>δὲ</span> <span class='ocrx_word' id='word_1_696' title='bbox 893 4901 1012 4952; x_wconf 75' lang='grc' dir='ltr'>κατ’</span> <span class='ocrx_word' id='word_1_697' title='bbox 1044 4899 1196 4971; x_wconf 79' lang='grc' dir='ltr'>ὄναρ,</span> <span class='ocrx_word' id='word_1_698' title='bbox 1231 4899 1572 4970; x_wconf 84' lang='grc' dir='ltr'>ἀνεχώρησεν</span> <span class='ocrx_word' id='word_1_699' title='bbox 1610 4903 1688 4964; x_wconf 86' lang='grc' dir='ltr'><strong>είς</strong></span> <span class='ocrx_word' id='word_1_700' title='bbox 1718 4899 1788 4955; x_wconf 74' lang='grc' dir='ltr'>τὰ</span> 
     </span>
    </p>
   </div>
   <div class='ocr_carea' id='block_1_97' title="bbox 238 4984 888 5058">
    <p class='ocr_par' dir='ltr' id='par_1_97' title="bbox 238 4984 888 5058">
     <span class='ocr_line' id='line_1_97' title="bbox 238 4984 888 5058; baseline 0.006 -21"><span class='ocrx_word' id='word_1_701' title='bbox 238 4984 360 5056; x_wconf 80' lang='grc' dir='ltr'>μέρη</span> <span class='ocrx_word' id='word_1_702' title='bbox 393 4987 489 5058; x_wconf 80' lang='grc' dir='ltr'>τῆς</span> <span class='ocrx_word' id='word_1_703' title='bbox 522 4987 830 5054; x_wconf 83' lang='grc' dir='ltr'>Γαλιλαίας.</span> <span class='ocrx_word' id='word_1_704' title='bbox 870 5009 888 5041; x_wconf 78' lang='grc' dir='ltr'><strong>ι</strong></span> 
     </span>
    </p>
   </div>
   <div class='ocr_carea' id='block_1_98' title="bbox 1895 4715 3457 4785">
    <p class='ocr_par' dir='ltr' id='par_1_98' title="bbox 1895 4715 3457 4785">
     <span class='ocr_line' id='line_1_98' title="bbox 1895 4715 3457 4785; baseline -0.001 -15"><span class='ocrx_word' id='word_1_705' title='bbox 1895 4727 1950 4770; x_wconf 91' lang='lat' dir='ltr'><strong>et</strong></span> <span class='ocrx_word' id='word_1_706' title='bbox 1985 4727 2159 4770; x_wconf 89' lang='lat' dir='ltr'><strong>matre</strong></span> <span class='ocrx_word' id='word_1_707' title='bbox 2190 4717 2448 4785; x_wconf 80' lang='lat' dir='ltr'><strong>praecepit</strong></span> <span class='ocrx_word' id='word_1_708' title='bbox 2471 4756 2487 4778; x_wconf 88' lang='lat'><strong>,</strong></span> <span class='ocrx_word' id='word_1_709' title='bbox 2518 4726 2760 4770; x_wconf 91' lang='lat' dir='ltr'><strong>mortuos</strong></span> <span class='ocrx_word' id='word_1_710' title='bbox 2793 4715 3045 4769; x_wconf 84' lang='lat' dir='ltr'><strong>nuntians</strong></span> <span class='ocrx_word' id='word_1_711' title='bbox 3071 4754 3088 4780; x_wconf 93' lang='lat'><strong>,</strong></span> <span class='ocrx_word' id='word_1_712' title='bbox 3116 4716 3203 4784; x_wconf 87' lang='lat' dir='ltr'><strong>qui</strong></span> <span class='ocrx_word' id='word_1_713' title='bbox 3234 4730 3457 4784; x_wconf 88' lang='lat' dir='ltr'><strong>puerum</strong></span> 
     </span>
    </p>
   </div>
   <div class='ocr_carea' id='block_1_99' title="bbox 1891 4806 3456 4877">
    <p class='ocr_par' dir='ltr' id='par_1_99' title="bbox 1891 4806 3456 4877">
     <span class='ocr_line' id='line_1_99' title="bbox 1891 4806 3456 4877; baseline -0.002 -13"><span class='ocrx_word' id='word_1_714' title='bbox 1891 4823 1924 4864; x_wconf 88' lang='lat' dir='ltr'><strong>e</strong></span> <span class='ocrx_word' id='word_1_715' title='bbox 1963 4809 2140 4862; x_wconf 86' lang='lat' dir='ltr'><strong>medio</strong></span> <span class='ocrx_word' id='word_1_716' title='bbox 2175 4808 2367 4862; x_wconf 86' lang='lat' dir='ltr'><strong>tollere</strong></span> <span class='ocrx_word' id='word_1_717' title='bbox 2389 4807 2706 4877; x_wconf 87' lang='lat' dir='ltr'><strong>cupiebant.</strong></span> <span class='ocrx_word' id='word_1_718' title='bbox 2738 4806 2944 4874; x_wconf 86' lang='lat' dir='ltr'><strong>Quibus</strong></span> <span class='ocrx_word' id='word_1_719' title='bbox 2976 4810 3091 4862; x_wconf 77' lang='lat' dir='ltr'><strong>lure</strong></span> <span class='ocrx_word' id='word_1_720' title='bbox 3125 4807 3456 4875; x_wconf 75' lang='lat' dir='ltr'><strong>evangelista</strong></span> 
     </span>
    </p>
   </div>
   <div class='ocr_carea' id='block_1_100' title="bbox 1893 4900 3459 4972">
    <p class='ocr_par' dir='ltr' id='par_1_100' title="bbox 1893 4900 3459 4972">
     <span class='ocr_line' id='line_1_100' title="bbox 1893 4900 3459 4972; baseline -0.001 -16"><span class='ocrx_word' id='word_1_721' title='bbox 1893 4901 2207 4972; x_wconf 76' lang='lat' dir='ltr'><strong>subjungit:</strong></span> <span class='ocrx_word' id='word_1_722' title='bbox 2241 4919 2258 4952; x_wconf 80' lang='grc' dir='ltr'><strong>ι</strong></span> <span class='ocrx_word' id='word_1_723' title='bbox 2317 4900 2555 4953; x_wconf 88' lang='lat' dir='ltr'><strong>Audiens</strong></span> <span class='ocrx_word' id='word_1_724' title='bbox 2602 4911 2781 4954; x_wconf 88' lang='lat' dir='ltr'><strong>autem</strong></span> <span class='ocrx_word' id='word_1_725' title='bbox 2828 4902 2978 4970; x_wconf 85' lang='lat' dir='ltr'><strong>quod</strong></span> <span class='ocrx_word' id='word_1_726' title='bbox 3032 4900 3324 4955; x_wconf 78' lang='lat' dir='ltr'><strong>Archelaus</strong></span> <span class='ocrx_word' id='word_1_727' title='bbox 3369 4916 3459 4954; x_wconf 87' lang='lat' dir='ltr'><strong>re-</strong></span> 
     </span>
    </p>
   </div>
   <div class='ocr_carea' id='block_1_101' title="bbox 1895 4992 3462 5064">
    <p class='ocr_par' dir='ltr' id='par_1_101' title="bbox 1895 4992 3462 5064">
     <span class='ocr_line' id='line_1_101' title="bbox 1895 4992 3462 5064; baseline -0.001 -16"><span class='ocrx_word' id='word_1_728' title='bbox 1895 5001 2086 5064; x_wconf 85' lang='lat' dir='ltr'><strong>gnaret</strong></span> <span class='ocrx_word' id='word_1_729' title='bbox 2115 4994 2166 5047; x_wconf 91' lang='lat' dir='ltr'><strong>in</strong></span> <span class='ocrx_word' id='word_1_730' title='bbox 2192 4992 2374 5047; x_wconf 69' lang='lat' dir='ltr'><strong>Judara</strong></span> <span class='ocrx_word' id='word_1_731' title='bbox 2403 5008 2500 5062; x_wconf 88' lang='lat' dir='ltr'><strong>pro</strong></span> <span class='ocrx_word' id='word_1_732' title='bbox 2529 4992 2744 5048; x_wconf 86' lang='lat' dir='ltr'><strong>Herode</strong></span> <span class='ocrx_word' id='word_1_733' title='bbox 2775 5003 2932 5062; x_wconf 86' lang='lat' dir='ltr'><strong>patre</strong></span> <span class='ocrx_word' id='word_1_734' title='bbox 2961 5009 3059 5048; x_wconf 88' lang='lat' dir='ltr'><strong>suo</strong></span> <span class='ocrx_word' id='word_1_735' title='bbox 3082 5029 3099 5057; x_wconf 86' lang='lat'><strong>,</strong></span> <span class='ocrx_word' id='word_1_736' title='bbox 3138 4992 3318 5054; x_wconf 74' lang='lat' dir='ltr'><strong>timuit</strong></span> <span class='ocrx_word' id='word_1_737' title='bbox 3370 4992 3462 5048; x_wconf 85' lang='lat' dir='ltr'><strong>illo</strong></span> 
     </span>
    </p>
   </div>
   <div class='ocr_carea' id='block_1_102' title="bbox 238 5077 1982 5159">
    <p class='ocr_par' dir='ltr' id='par_1_102' title="bbox 238 5077 1982 5159">
     <span class='ocr_line' id='line_1_102' title="bbox 238 5077 1982 5159; baseline 0.007 -30"><span class='ocrx_word' id='word_1_738' title='bbox 238 5077 320 5132; x_wconf 86' lang='lat' dir='ltr'><strong>ire.</strong></span> <span class='ocrx_word' id='word_1_739' title='bbox 349 5081 411 5137; x_wconf 86' lang='lat' dir='ltr'><strong>Et</strong></span> <span class='ocrx_word' id='word_1_740' title='bbox 437 5086 745 5140; x_wconf 86' lang='lat' dir='ltr'><strong>admonitus</strong></span> <span class='ocrx_word' id='word_1_741' title='bbox 775 5086 826 5140; x_wconf 93' lang='lat' dir='ltr'><strong>in</strong></span> <span class='ocrx_word' id='word_1_742' title='bbox 864 5087 1070 5142; x_wconf 87' lang='lat' dir='ltr'><strong>somnis</strong></span> <span class='ocrx_word' id='word_1_743' title='bbox 1114 5090 1338 5143; x_wconf 88' lang='lat' dir='ltr'><strong>secessit</strong></span> <span class='ocrx_word' id='word_1_744' title='bbox 1385 5089 1436 5142; x_wconf 90' lang='lat' dir='ltr'><strong>in</strong></span> <span class='ocrx_word' id='word_1_745' title='bbox 1467 5097 1647 5159; x_wconf 87' lang='lat' dir='ltr'><strong>partes</strong></span> <span class='ocrx_word' id='word_1_746' title='bbox 1669 5087 1926 5144; x_wconf 75' lang='lat' dir='ltr'><strong>Galilteac.</strong></span> <span class='ocrx_word' id='word_1_747' title='bbox 1964 5109 1982 5142; x_wconf 75' lang='grc' dir='ltr'><strong>ι</strong></span> 
     </span>
    </p>
   </div>
   <div class='ocr_carea' id='block_1_103' title="bbox 738 5199 1243 5261">
    <p class='ocr_par' dir='ltr' id='par_1_103' title="bbox 738 5199 1243 5261">
     <span class='ocr_line' id='line_1_103' title="bbox 738 5199 1243 5261; baseline -0.008 -3"><span class='ocrx_word' id='word_1_748' title='bbox 738 5204 1136 5261; x_wconf 80' lang='grc' dir='ltr'><strong>ΚΕΦΑΛΑΙΟΝ</strong></span> <span class='ocrx_word' id='word_1_749' title='bbox 1171 5199 1243 5260; x_wconf 79' lang='lat'><strong>6&#39;.</strong></span> 
     </span>
    </p>
   </div>
   <div class='ocr_carea' id='block_1_104' title="bbox 483 5290 1514 5369">
    <p class='ocr_par' dir='ltr' id='par_1_104' title="bbox 483 5290 1514 5369">
     <span class='ocr_line' id='line_1_104' title="bbox 483 5290 1514 5369; baseline 0.004 -21"><span class='ocrx_word' id='word_1_750' title='bbox 483 5295 624 5365; x_wconf 77' lang='grc' dir='ltr'>Περὶ</span> <span class='ocrx_word' id='word_1_751' title='bbox 647 5290 766 5350; x_wconf 72' lang='grc' dir='ltr'><strong>τῶν</strong></span> <span class='ocrx_word' id='word_1_752' title='bbox 797 5297 949 5350; x_wconf 82' lang='grc' dir='ltr'>κατὰ</span> <span class='ocrx_word' id='word_1_753' title='bbox 974 5297 1236 5352; x_wconf 75' lang='grc' dir='ltr'>Πιλᾶτον</span> <span class='ocrx_word' id='word_1_754' title='bbox 1259 5299 1514 5369; x_wconf 78' lang='grc' dir='ltr'>χρόνων.</span> 
     </span>
    </p>
   </div>
   <div class='ocr_carea' id='block_1_105' title="bbox 296 5381 1788 5461">
    <p class='ocr_par' dir='ltr' id='par_1_105' title="bbox 296 5381 1788 5461">
     <span class='ocr_line' id='line_1_105' title="bbox 296 5381 1788 5461; baseline 0.006 -28"><span class='ocrx_word' id='word_1_755' title='bbox 296 5381 367 5455; x_wconf 77' lang='grc' dir='ltr'><strong>Τῇ</strong></span> <span class='ocrx_word' id='word_1_756' title='bbox 391 5381 434 5436; x_wconf 70' lang='grc' dir='ltr'>δ’</span> <span class='ocrx_word' id='word_1_757' title='bbox 464 5387 554 5439; x_wconf 76' lang='grc' dir='ltr'><strong>ἐπὶ</strong></span> <span class='ocrx_word' id='word_1_758' title='bbox 579 5387 677 5459; x_wconf 75' lang='grc' dir='ltr'>τὴν</span> <span class='ocrx_word' id='word_1_759' title='bbox 705 5388 880 5458; x_wconf 81' lang='grc' dir='ltr'>ἀρχὴν</span> <span class='ocrx_word' id='word_1_760' title='bbox 914 5387 1051 5459; x_wconf 78' lang='grc' dir='ltr'>μετά</span> <span class='ocrx_word' id='word_1_761' title='bbox 1082 5388 1171 5442; x_wconf 85' lang='grc' dir='ltr'><strong>τὸν</strong></span> <span class='ocrx_word' id='word_1_762' title='bbox 1208 5387 1451 5461; x_wconf 82' lang='grc' dir='ltr'>Ἡρώδην</span> <span class='ocrx_word' id='word_1_763' title='bbox 1472 5387 1566 5442; x_wconf 81' lang='grc' dir='ltr'>τοῦ</span> <span class='ocrx_word' id='word_1_764' title='bbox 1596 5386 1788 5460; x_wconf 83' lang='grc' dir='ltr'>Ἀρχε-</span> 
     </span>
    </p>
   </div>
   <div class='ocr_carea' id='block_1_106' title="bbox 299 5504 1786 5578">
    <p class='ocr_par' dir='ltr' id='par_1_106' title="bbox 299 5504 1786 5578">
     <span class='ocr_line' id='line_1_106' title="bbox 299 5504 1786 5578; baseline 0.005 -22"><span class='ocrx_word' id='word_1_765' title='bbox 299 5504 402 5574; x_wconf 78' lang='lat'><strong>(&#39;25)</strong></span> <span class='ocrx_word' id='word_1_766' title='bbox 417 5507 763 5578; x_wconf 74' lang='grc' dir='ltr'>Προέκοψεν</span> <span class='ocrx_word' id='word_1_767' title='bbox 774 5512 859 5576; x_wconf 86' lang='grc' dir='ltr'><strong>εις</strong></span> <span class='ocrx_word' id='word_1_768' title='bbox 868 5509 1196 5577; x_wconf 70' lang='grc' dir='ltr'>ἐπιϐουλὴν</span> <span class='ocrx_word' id='word_1_769' title='bbox 1205 5506 1481 5578; x_wconf 80' lang='grc' dir='ltr'>ἀθεμίτου</span> <span class='ocrx_word' id='word_1_770' title='bbox 1497 5509 1786 5578; x_wconf 79' lang='grc' dir='ltr'>πράξεως.</span> 
     </span>
    </p>
   </div>
   <div class='ocr_carea' id='block_1_107' title="bbox 239 5570 1787 5650">
    <p class='ocr_par' dir='ltr' id='par_1_107' title="bbox 239 5570 1787 5650">
     <span class='ocr_line' id='line_1_107' title="bbox 239 5570 1787 5650; baseline 0.006 -25"><span class='ocrx_word' id='word_1_771' title='bbox 239 5570 938 5650; x_wconf 65' lang='grc' dir='ltr'>ιιεεοείςέπιὸου’λὴν,‹ιῖιοό</span> <span class='ocrx_word' id='word_1_772' title='bbox 952 5582 1068 5634; x_wconf 90' lang='lat' dir='ltr'><strong>sine</strong></span> <span class='ocrx_word' id='word_1_773' title='bbox 1083 5570 1241 5634; x_wconf 84' lang='lat' dir='ltr'><strong>dubio</strong></span> <span class='ocrx_word' id='word_1_774' title='bbox 1274 5570 1473 5650; x_wconf 76' lang='lat' dir='ltr'><strong>rectius</strong></span> <span class='ocrx_word' id='word_1_775' title='bbox 1490 5570 1592 5644; x_wconf 76' lang='lat' dir='ltr'><strong>est,</strong></span> <span class='ocrx_word' id='word_1_776' title='bbox 1628 5570 1787 5650; x_wconf 77' lang='lat' dir='ltr'><strong>quam</strong></span> 
     </span>
    </p>
   </div>
   <div class='ocr_carea' id='block_1_108' title="bbox 241 5649 1789 5725">
    <p class='ocr_par' dir='ltr' id='par_1_108' title="bbox 241 5649 1789 5725">
     <span class='ocr_line' id='line_1_108' title="bbox 241 5649 1789 5725; baseline 0.007 -31"><span class='ocrx_word' id='word_1_777' title='bbox 241 5656 380 5725; x_wconf 75' lang='lat' dir='ltr'><strong>antea</strong></span> <span class='ocrx_word' id='word_1_778' title='bbox 404 5649 604 5725; x_wconf 68' lang='lat' dir='ltr'><strong>editum</strong></span> <span class='ocrx_word' id='word_1_779' title='bbox 626 5649 903 5722; x_wconf 73' lang='grc' dir='ltr'>ἐπιϐολήν.</span> <span class='ocrx_word' id='word_1_780' title='bbox 919 5651 1126 5704; x_wconf 85' lang='lat' dir='ltr'><strong>tametsi</strong></span> <span class='ocrx_word' id='word_1_781' title='bbox 1141 5651 1401 5725; x_wconf 78' lang='lat' dir='ltr'><strong>editiones</strong></span> <span class='ocrx_word' id='word_1_782' title='bbox 1421 5649 1789 5725; x_wconf 21' lang='lat' dir='ltr'><strong>Josephi’niliil</strong></span> 
     </span>
    </p>
   </div>
   <div class='ocr_carea' id='block_1_109' title="bbox 242 5717 1790 5786">
    <p class='ocr_par' dir='ltr' id='par_1_109' title="bbox 242 5717 1790 5786">
     <span class='ocr_line' id='line_1_109' title="bbox 242 5717 1790 5786; baseline 0.01 -25"><span class='ocrx_word' id='word_1_783' title='bbox 242 5717 448 5769; x_wconf 82' lang='lat' dir='ltr'><strong>variant.</strong></span> <span class='ocrx_word' id='word_1_784' title='bbox 479 5717 854 5786; x_wconf 84' lang='lat' dir='ltr'><strong>Conjecturani</strong></span> <span class='ocrx_word' id='word_1_785' title='bbox 893 5731 1131 5774; x_wconf 84' lang='lat' dir='ltr'><strong>nostram</strong></span> <span class='ocrx_word' id='word_1_786' title='bbox 1169 5721 1454 5774; x_wconf 76' lang='lat' dir='ltr'><strong>confirmat</strong></span> <span class='ocrx_word' id='word_1_787' title='bbox 1483 5717 1790 5776; x_wconf 73' lang='lat' dir='ltr'><strong>vetustissi-</strong></span> 
     </span>
    </p>
   </div>
   <div class='ocr_carea' id='block_1_110' title="bbox 241 5788 1790 5860">
    <p class='ocr_par' dir='ltr' id='par_1_110' title="bbox 241 5788 1790 5860">
     <span class='ocr_line' id='line_1_110' title="bbox 241 5788 1790 5860; baseline 0.006 -25"><span class='ocrx_word' id='word_1_788' title='bbox 241 5788 527 5860; x_wconf 62' lang='lat' dir='ltr'><strong>ftmscodex</strong></span> <span class='ocrx_word' id='word_1_789' title='bbox 545 5788 701 5860; x_wconf 84' lang='lat' dir='ltr'><strong>Maz..</strong></span> <span class='ocrx_word' id='word_1_790' title='bbox 723 5791 773 5844; x_wconf 93' lang='lat' dir='ltr'><strong>in</strong></span> <span class='ocrx_word' id='word_1_791' title='bbox 787 5805 893 5859; x_wconf 91' lang='lat' dir='ltr'><strong>quo</strong></span> <span class='ocrx_word' id='word_1_792' title='bbox 915 5791 1072 5854; x_wconf 85' lang='lat' dir='ltr'><strong>plane</strong></span> <span class='ocrx_word' id='word_1_793' title='bbox 1088 5791 1348 5856; x_wconf 89' lang='lat' dir='ltr'><strong>scriptum</strong></span> <span class='ocrx_word' id='word_1_794' title='bbox 1367 5799 1450 5845; x_wconf 85' lang='lat' dir='ltr'><strong>est</strong></span> <span class='ocrx_word' id='word_1_795' title='bbox 1470 5794 1548 5856; x_wconf 77' lang='grc' dir='ltr'>εἰς</span> <span class='ocrx_word' id='word_1_796' title='bbox 1571 5792 1790 5846; x_wconf 79' lang='grc' dir='ltr'>ἐπιϐου-</span> 
     </span>
    </p>
   </div>
   <div class='ocr_carea' id='block_1_111' title="bbox 244 5853 1790 5933">
    <p class='ocr_par' dir='ltr' id='par_1_111' title="bbox 244 5853 1790 5933">
     <span class='ocr_line' id='line_1_111' title="bbox 244 5853 1790 5933; baseline 0.005 -27"><span class='ocrx_word' id='word_1_797' title='bbox 244 5853 339 5933; x_wconf 39' lang='grc' dir='ltr'>λήν.</span> <span class='ocrx_word' id='word_1_798' title='bbox 355 5853 866 5933; x_wconf 76' lang='lat' dir='ltr'><strong>sicutconjeceram.</strong></span> <span class='ocrx_word' id='word_1_799' title='bbox 891 5853 1150 5914; x_wconf 82' lang='lat' dir='ltr'><strong>Facessat</strong></span> <span class='ocrx_word' id='word_1_800' title='bbox 1178 5853 1344 5933; x_wconf 65' lang='lat' dir='ltr'><strong>igitur</strong></span> <span class='ocrx_word' id='word_1_801' title='bbox 1361 5853 1669 5928; x_wconf 83' lang='lat' dir='ltr'><strong>conjectura</strong></span> <span class='ocrx_word' id='word_1_802' title='bbox 1689 5864 1790 5916; x_wconf 82' lang='lat' dir='ltr'><strong>Sa-</strong></span> 
     </span>
    </p>
   </div>
   <div class='ocr_carea' id='block_1_112' title="bbox 245 5927 1788 6003">
    <p class='ocr_par' dir='ltr' id='par_1_112' title="bbox 245 5927 1788 6003">
     <span class='ocr_line' id='line_1_112' title="bbox 245 5927 1788 6003; baseline 0.01 -32"><span class='ocrx_word' id='word_1_803' title='bbox 245 5927 466 5994; x_wconf 79' lang='lat' dir='ltr'><strong>vitii,qui</strong></span> <span class='ocrx_word' id='word_1_804' title='bbox 491 5929 554 5981; x_wconf 88' lang='lat' dir='ltr'><strong>ad</strong></span> <span class='ocrx_word' id='word_1_805' title='bbox 571 5944 721 5980; x_wconf 89' lang='lat' dir='ltr'><strong>oram</strong></span> <span class='ocrx_word' id='word_1_806' title='bbox 744 5929 861 5985; x_wconf 89' lang='lat' dir='ltr'><strong>libri</strong></span> <span class='ocrx_word' id='word_1_807' title='bbox 891 5933 974 5986; x_wconf 73' lang='lat' dir='ltr'><strong>sui</strong></span> <span class='ocrx_word' id='word_1_808' title='bbox 1003 5927 1250 5988; x_wconf 70' lang='lat' dir='ltr'><strong>notarat:</strong></span> <span class='ocrx_word' id='word_1_809' title='bbox 1273 5927 1788 6003; x_wconf 59' lang='lat' dir='ltr'><strong>Eorlescribeudum</strong></span> 
     </span>
    </p>
   </div>
   <div class='ocr_carea' id='block_1_113' title="bbox 541 6021 1129 6090">
    <p class='ocr_par' dir='ltr' id='par_1_113' title="bbox 541 6021 1129 6090">
     <span class='ocr_line' id='line_1_113' title="bbox 541 6021 1129 6090; baseline 0.017 -10"><span class='ocrx_word' id='word_1_810' title='bbox 541 6021 808 6083; x_wconf 64' lang='grc' dir='ltr'>Ριτιιοι..</span> <span class='ocrx_word' id='word_1_811' title='bbox 840 6024 956 6086; x_wconf 80' lang='lat' dir='ltr'><strong>Gn.</strong></span> <span class='ocrx_word' id='word_1_812' title='bbox 986 6029 1129 6090; x_wconf 78' lang='grc' dir='ltr'>ΧΧ.</span> 
     </span>
    </p>
   </div>
   <div class='ocr_carea' id='block_1_114' title="bbox 2423 5202 2934 5275">
    <p class='ocr_par' dir='ltr' id='par_1_114' title="bbox 2423 5202 2934 5275">
     <span class='ocr_line' id='line_1_114' title="bbox 2423 5202 2934 5275; baseline -0.006 -16"><span class='ocrx_word' id='word_1_813' title='bbox 2423 5205 2529 5275; x_wconf 73' lang='lat'><strong>27</strong></span> <span class='ocrx_word' id='word_1_814' title='bbox 2579 5202 2805 5260; x_wconf 80' lang='lat' dir='ltr'><strong>CAPUT</strong></span> <span class='ocrx_word' id='word_1_815' title='bbox 2845 5202 2934 5256; x_wconf 79' lang='lat' dir='ltr'><strong>Ix.</strong></span> 
     </span>
    </p>
   </div>
   <div class='ocr_carea' id='block_1_115' title="bbox 2333 5294 3035 5363">
    <p class='ocr_par' dir='ltr' id='par_1_115' title="bbox 2333 5294 3035 5363">
     <span class='ocr_line' id='line_1_115' title="bbox 2333 5294 3035 5363; baseline 0.001 -15"><span class='ocrx_word' id='word_1_816' title='bbox 2333 5295 2410 5349; x_wconf 86' lang='lat' dir='ltr'><strong>De</strong></span> <span class='ocrx_word' id='word_1_817' title='bbox 2477 5294 2642 5348; x_wconf 83' lang='lat' dir='ltr'><strong>Piluti</strong></span> <span class='ocrx_word' id='word_1_818' title='bbox 2700 5295 3035 5363; x_wconf 78' lang='lat' dir='ltr'><strong>temporibus.</strong></span> 
     </span>
    </p>
   </div>
   <div class='ocr_carea' id='block_1_116' title="bbox 1967 5384 3460 5457">
    <p class='ocr_par' dir='ltr' id='par_1_116' title="bbox 1967 5384 3460 5457">
     <span class='ocr_line' id='line_1_116' title="bbox 1967 5384 3460 5457; baseline -0.004 -12"><span class='ocrx_word' id='word_1_819' title='bbox 1967 5387 2044 5445; x_wconf 89' lang='lat' dir='ltr'><strong>De</strong></span> <span class='ocrx_word' id='word_1_820' title='bbox 2085 5387 2340 5444; x_wconf 76' lang='lat' dir='ltr'><strong>Archelai</strong></span> <span class='ocrx_word' id='word_1_821' title='bbox 2385 5399 2512 5457; x_wconf 86' lang='lat' dir='ltr'><strong>post</strong></span> <span class='ocrx_word' id='word_1_822' title='bbox 2557 5385 2781 5440; x_wconf 87' lang='lat' dir='ltr'><strong>Herodis</strong></span> <span class='ocrx_word' id='word_1_823' title='bbox 2832 5385 3037 5440; x_wconf 89' lang='lat' dir='ltr'><strong>obitum</strong></span> <span class='ocrx_word' id='word_1_824' title='bbox 3095 5384 3460 5440; x_wconf 86' lang='lat' dir='ltr'><strong>dominatione</strong></span> 
     </span>
    </p>
   </div>
   <div class='ocr_carea' id='block_1_117' title="bbox 1892 5505 3459 5635">
    <p class='ocr_par' dir='ltr' id='par_1_117' title="bbox 1892 5505 3459 5635">
     <span class='ocr_line' id='line_1_117' title="bbox 1892 5505 3459 5635; baseline -0.003 -71"><span class='ocrx_word' id='word_1_825' title='bbox 1892 5511 2111 5635; x_wconf 63' lang='grc' dir='ltr'>ἕουλήν.</span> <span class='ocrx_word' id='word_1_826' title='bbox 2144 5509 2314 5563; x_wconf 86' lang='lat' dir='ltr'><strong>Porro</strong></span> <span class='ocrx_word' id='word_1_827' title='bbox 2338 5509 2389 5563; x_wconf 92' lang='lat' dir='ltr'><strong>in</strong></span> <span class='ocrx_word' id='word_1_828' title='bbox 2415 5508 2601 5563; x_wconf 86' lang='lat' dir='ltr'><strong>codice</strong></span> <span class='ocrx_word' id='word_1_829' title='bbox 2625 5508 2761 5575; x_wconf 76' lang='lat' dir='ltr'><strong>Reg.</strong></span> <span class='ocrx_word' id='word_1_830' title='bbox 2795 5509 3053 5578; x_wconf 84' lang='lat' dir='ltr'><strong>scriptum</strong></span> <span class='ocrx_word' id='word_1_831' title='bbox 3083 5515 3166 5562; x_wconf 88' lang='lat' dir='ltr'><strong>est</strong></span> <span class='ocrx_word' id='word_1_832' title='bbox 3187 5505 3459 5580; x_wconf 70' lang='grc' dir='ltr'>προέκοψε</span> 
     </span>
     <span class='ocr_line' id='line_1_118' title="bbox 1923 5578 3459 5635; baseline -0.005 0"><span class='ocrx_word' id='word_1_833' title='bbox 1923 5583 1935 5601; x_wconf 86' lang='lat'><strong>&#39;</strong></span> <span class='ocrx_word' id='word_1_834' title='bbox 1961 5583 2040 5635; x_wconf 82' lang='grc' dir='ltr'><strong>είς</strong></span> <span class='ocrx_word' id='word_1_835' title='bbox 2063 5579 2376 5635; x_wconf 75' lang='grc' dir='ltr'>ἐπιϐουλήν.</span> <span class='ocrx_word' id='word_1_836' title='bbox 2402 5589 2532 5635; x_wconf 86' lang='lat' dir='ltr'><strong>etc..</strong></span> <span class='ocrx_word' id='word_1_837' title='bbox 2564 5595 2683 5635; x_wconf 72' lang='lat' dir='ltr'><strong>ante</strong></span> <span class='ocrx_word' id='word_1_838' title='bbox 2708 5581 2866 5633; x_wconf 87' lang='lat' dir='ltr'><strong>lectio</strong></span> <span class='ocrx_word' id='word_1_839' title='bbox 2901 5578 3222 5632; x_wconf 70' lang='lat' dir='ltr'><strong>conﬁrmare</strong></span> <span class='ocrx_word' id='word_1_840' title='bbox 3249 5579 3459 5630; x_wconf 85' lang='lat' dir='ltr'><strong>videtur</strong></span> 
     </span>
    </p>
   </div>
   <div class='ocr_carea' id='block_1_118' title="bbox 1923 5578 3460 5652">
    <p class='ocr_par' dir='ltr' id='par_1_118' title="bbox 1923 5578 3460 5652">
     <span class='ocr_line' id='line_1_119' title="bbox 1923 5578 3460 5652; baseline -0.003 -18"><span class='ocrx_word' id='word_1_841' title='bbox 1923 5583 1935 5601; x_wconf 87' lang='lat'><strong>&#39;</strong></span> <span class='ocrx_word' id='word_1_842' title='bbox 1961 5578 2532 5652; x_wconf 57' lang='grc' dir='ltr'>είςέπιδουλήν,ριο.,</span> <span class='ocrx_word' id='word_1_843' title='bbox 2564 5581 2866 5652; x_wconf 60' lang='lat' dir='ltr'><strong>quzelectio</strong></span> <span class='ocrx_word' id='word_1_844' title='bbox 2901 5578 3460 5652; x_wconf 37' lang='lat' dir='ltr'><strong>conﬁrmare‘videtur</strong></span> 
     </span>
    </p>
   </div>
   <div class='ocr_carea' id='block_1_119' title="bbox 1893 5647 3459 5719">
    <p class='ocr_par' dir='ltr' id='par_1_119' title="bbox 1893 5647 3459 5719">
     <span class='ocr_line' id='line_1_120' title="bbox 1893 5647 3459 5719; baseline -0.003 -13"><span class='ocrx_word' id='word_1_845' title='bbox 1893 5653 2255 5718; x_wconf 83' lang='lat' dir='ltr'><strong>conjecturam</strong></span> <span class='ocrx_word' id='word_1_846' title='bbox 2277 5647 2489 5719; x_wconf 76' lang='lat' dir='ltr'><strong>Savilii.</strong></span> <span class='ocrx_word' id='word_1_847' title='bbox 2508 5647 2662 5716; x_wconf 80' lang='lat' dir='ltr'><strong>Apud</strong></span> <span class='ocrx_word' id='word_1_848' title='bbox 2686 5649 3044 5719; x_wconf 79' lang='lat' dir='ltr'><strong>Nicephorum</strong></span> <span class='ocrx_word' id='word_1_849' title='bbox 3075 5647 3270 5717; x_wconf 75' lang='lat' dir='ltr'><strong>legilur</strong></span> <span class='ocrx_word' id='word_1_850' title='bbox 3294 5649 3459 5702; x_wconf 75' lang='lat' dir='ltr'><strong>etiam</strong></span> 
     </span>
    </p>
   </div>
   <div class='ocr_carea' id='block_1_120' title="bbox 1893 5718 2678 5793">
    <p class='ocr_par' dir='ltr' id='par_1_120' title="bbox 1893 5718 2678 5793">
     <span class='ocr_line' id='line_1_121' title="bbox 1893 5718 2678 5793; baseline -0.005 -17"><span class='ocrx_word' id='word_1_851' title='bbox 1893 5720 2160 5793; x_wconf 65' lang='grc' dir='ltr'>προέκοψε</span> <span class='ocrx_word' id='word_1_852' title='bbox 2185 5720 2252 5793; x_wconf 20' lang='grc' dir='ltr'><strong>δὲλ</strong></span> <span class='ocrx_word' id='word_1_853' title='bbox 2267 5721 2346 5783; x_wconf 83' lang='grc' dir='ltr'><strong>είς</strong></span> <span class='ocrx_word' id='word_1_854' title='bbox 2368 5718 2678 5793; x_wconf 64' lang='grc' dir='ltr'>ἐπιϐουλήν.</span> 
     </span>
    </p>
   </div>
   <div class='ocr_carea' id='block_1_121' title="bbox 1965 5786 3460 5859">
    <p class='ocr_par' dir='ltr' id='par_1_121' title="bbox 1965 5786 3460 5859">
     <span class='ocr_line' id='line_1_122' title="bbox 1965 5786 3460 5859; baseline -0.004 -13"><span class='ocrx_word' id='word_1_855' title='bbox 1965 5792 2078 5859; x_wconf 69' lang='lat'><strong>(‘26)</strong></span> <span class='ocrx_word' id='word_1_856' title='bbox 2109 5786 2317 5845; x_wconf 67' lang='grc' dir='ltr'>λαϐὼν</span> <span class='ocrx_word' id='word_1_857' title='bbox 2359 5790 2427 5842; x_wconf 86' lang='grc' dir='ltr'>δὲ</span> <span class='ocrx_word' id='word_1_858' title='bbox 2466 5786 2689 5858; x_wconf 78' lang='grc' dir='ltr'>μῆλον.</span> <span class='ocrx_word' id='word_1_859' title='bbox 2739 5788 2970 5843; x_wconf 89' lang='lat' dir='ltr'><strong>Omnino</strong></span> <span class='ocrx_word' id='word_1_860' title='bbox 3000 5786 3346 5842; x_wconf 83' lang='lat' dir='ltr'><strong>scribendum</strong></span> <span class='ocrx_word' id='word_1_861' title='bbox 3375 5794 3460 5840; x_wconf 64' lang='lat' dir='ltr'><strong>est</strong></span> 
     </span>
    </p>
   </div>
   <div class='ocr_carea' id='block_1_122' title="bbox 1893 5859 3460 5932">
    <p class='ocr_par' dir='ltr' id='par_1_122' title="bbox 1893 5859 3460 5932">
     <span class='ocr_line' id='line_1_123' title="bbox 1893 5859 3460 5932; baseline -0.003 -17"><span class='ocrx_word' id='word_1_862' title='bbox 1893 5861 2072 5916; x_wconf 80' lang='grc' dir='ltr'>λαϐὼν</span> <span class='ocrx_word' id='word_1_863' title='bbox 2096 5862 2160 5932; x_wconf 79' lang='grc' dir='ltr'>δὴ</span> <span class='ocrx_word' id='word_1_864' title='bbox 2187 5862 2374 5932; x_wconf 81' lang='grc' dir='ltr'>μῆλον,</span> <span class='ocrx_word' id='word_1_865' title='bbox 2429 5860 2536 5913; x_wconf 83' lang='lat' dir='ltr'><strong>Has</strong></span> <span class='ocrx_word' id='word_1_866' title='bbox 2566 5859 2707 5932; x_wconf 80' lang='lat' dir='ltr'><strong>enim</strong></span> <span class='ocrx_word' id='word_1_867' title='bbox 2741 5861 3035 5927; x_wconf 79' lang='lat' dir='ltr'><strong>particulas</strong></span> <span class='ocrx_word' id='word_1_868' title='bbox 3067 5859 3208 5912; x_wconf 79' lang='lat' dir='ltr'><strong>inter</strong></span> <span class='ocrx_word' id='word_1_869' title='bbox 3240 5873 3297 5913; x_wconf 88' lang='lat' dir='ltr'><strong>se</strong></span> <span class='ocrx_word' id='word_1_870' title='bbox 3329 5873 3460 5913; x_wconf 85' lang='lat' dir='ltr'><strong>cou-</strong></span> 
     </span>
    </p>
   </div>
   <div class='ocr_carea' id='block_1_123' title="bbox 1902 5929 2851 6001">
    <p class='ocr_par' dir='ltr' id='par_1_123' title="bbox 1902 5929 2851 6001">
     <span class='ocr_line' id='line_1_124' title="bbox 1902 5929 2851 6001; baseline -0.008 -13"><span class='ocrx_word' id='word_1_871' title='bbox 1902 5935 2051 5988; x_wconf 79' lang='lat' dir='ltr'><strong>fundi</strong></span> <span class='ocrx_word' id='word_1_872' title='bbox 2083 5929 2396 6001; x_wconf 73' lang='lat' dir='ltr'><strong>frequenter</strong></span> <span class='ocrx_word' id='word_1_873' title='bbox 2424 5929 2851 5986; x_wconf 84' lang='lat' dir='ltr'><strong>observavimus.</strong></span> 
     </span>
    </p>
   </div>
   <div class='ocr_carea' id='block_1_124' title="bbox 3068 6020 3104 6080">
    <p class='ocr_par' dir='ltr' id='par_1_124' title="bbox 3068 6020 3104 6080">
     <span class='ocr_line' id='line_1_125' title="bbox 3068 6020 3104 6080; baseline 0 0"><span class='ocrx_word' id='word_1_874' title='bbox 3068 6020 3104 6080; x_wconf 69' lang='grc' dir='ltr'>1ο</span> 
     </span>
    </p>
   </div>
  </div>
